4020 6142
434 256 543 324 711

1734 250 2014 317 MENSIS
2060 249 2490 319 DECEMBER.

3690 250 3819 319 712

436 413 470 455 0
519 396 712 465 Pater,
747 395 849 471 qui
884 410 994 455 nos
1024 408 1140 455 non
1178 399 1612 473 persequentes
1664 388 1943 468 fugiebat,
1978 385 2073 447 sed

2164 389 2308 462 ἡμᾶς
2368 392 2427 446 0-3
2489 391 2778 455 διώκοντας
2840 391 3081 472 ἔφευγεν,
3144 391 3282 449 ἀλλὰ
3339 390 3547 449 διώκων
3606 391 3822 466 μᾶλλον

439 482 631 561 potius
681 482 900 545 latebat
930 500 1320 562 persequens.
1381 480 1479 543 Sic
1511 481 1745 542 divinus
1774 477 2085 540 Marcellus

435 570 547 633 fuit
574 571 906 633 Alexandro
933 571 1474 644 commendatus,et
1494 569 1655 631 illius
1681 566 1953 629 manibus
1983 584 2083 627 sa-

434 677 601 721 crum
635 660 905 722 induitur
956 659 1247 739 habitum,
1282 668 1552 739 tempore
1582 658 1823 739 quidem
1866 655 2083 719 Iacobo

438 749 1038 830 secundus,ntoribus
1067 759 1264 811 autem
1292 749 1470 826 longe
1494 745 2081 828 prior.Quamobrem

438 839 554 900 tale
587 839 729 920 quid
762 840 945 902 l‘ertur
994 839 1173 900 etiam
1207 838 1429 900 dixisse
1483 846 1832 918 praeceptor,
1869 852 2084 915 nempe

435 932 588 999 quod
619 933 839 989 etiamsi
869 933 1127 990 Andreas
1158 934 1314 1003 prior
1351 942 1577 988 secutus
1609 933 1681 988 sit
1722 931 2078 1001 magistrum,

432 1014 692 1078 Joannes
741 1024 937 1078 tamen
971 1036 1106 1078 cum
1146 1034 1388 1096 quoque
1421 1025 1510 1077 est
1564 1024 1872 1078 assecutus
1905 1034 1917 1076 :
1977 1030 2085 1093 per

433 1109 550 1165 hzec
579 1109 819 1168 alterum
852 1110 1085 1181 quidem
1117 1122 1331 1166 vocans
1360 1110 1659 1173 Jacobum.
1704 1124 1803 1179 per
1836 1108 2078 1165 alterum

432 1203 617 1250 autem
654 1194 979 1251 Marcellum
1012 1193 1429 1262 admirabilem,
1464 1209 1596 1250 tum
1614 1194 1813 1250 ambos
1845 1189 2078 1262 quidem

431 1277 615 1339 sciret
644 1295 776 1339 esse
806 1276 1025 1338 fra=res
1058 1288 1304 1355 propter
1329 1276 1634 1356 virtutem,
1658 1285 1715 1337 et
1747 1275 1958 1337 eodem
1985 1282 2077 1335 te-

431 1386 577 1431 nore
598 1369 775 1431 simul
809 1386 1054 1430 currere
1083 1389 1096 1429 :
1132 1369 1472 1431 Marcellum
1499 1378 1689 1430 autem
1725 1367 2080 1429 assimilaret

427 1459 667 1539 Joanni,
703 1469 765 1519 ut
815 1458 915 1537 qui
949 1465 1109 1518 esset
1158 1458 1287 1537 ipso
1335 1477 1576 1538 quoque
1625 1460 1805 1534 virgo,
1841 1463 1901 1517 et
1945 1472 2079 1516 cum

431 1548 699 1611 doctrina
732 1564 1008 1625 magnam
1063 1546 1313 1608 haberet
1344 1546 1851 1625 ronjunctionem.
1889 1544 2082 1624 Atque

428 1638 588 1699 inter
608 1636 757 1699 alios
782 1636 1020 1717 quidem
1066 1635 1287 1715 primas
1308 1646 1501 1716 partes
1526 1636 1779 1697 obtinuit
1797 1632 2077 1709 Jacobus,

2167 477 2465 539 ἐλάνθανεν.
2504 484 2667 541 Οὗτος
2725 483 2753 534 ὀ
2811 484 2955 547 θεῖος
3012 480 3317 559 Μάρκελλος
3374 485 3447 555 τῷ
3480 480 3824 556 Ἀλεξάνδρῳ

2169 571 2392 636 συνέστη
2463 569 2557 626 καί
2617 583 2738 633 ταῖς
2798 570 2998 629 ἐκείνου
3052 574 3205 650 χερσὶ
3265 572 3323 626 τὸ
3374 573 3514 648 ἱερὸν
3574 568 3824 626 ἐνδύεται

2169 662 2383 737 σχῆμα,
2444 666 2519 733 τῷ
2551 660 2730 737 χρόνῳ
2760 660 2852 734 μὲν
2892 658 3146 718 Ἰακώϐου
3177 658 3439 739 δεύτερος,
3476 666 3549 734 τῷ
3592 657 3647 714 δὲ
3681 660 3825 735 τρό-

2167 768 2252 820 πῳ
2294 754 2482 823 μακρῷ
2512 748 2766 826 πρότερος
2800 769 2814 784 ·
2850 748 2930 825 ἐφ’
2962 750 3006 805 ὦ
3046 749 3133 804 καὶ
3165 750 3252 804 τὸν
3282 753 3600 827 καθηγητην
3632 750 3827 804 τοιοῦ-

2166 858 2257 892 τον
2308 858 2357 892 τι
2407 838 2524 913 περὶ
2583 839 2736 894 αὖτὸν
2809 835 3143 917 φθέγξασθαι,
3204 839 3277 902 ὡς
3347 839 3391 894 εὶ
3460 838 3550 893 καὶ
3608 837 3826 915 φθάσας

2166 922 2411 1002 Ἀνδρέας
2470 925 2744 993 ἠκολούθει
2800 934 2877 1000 τῷ
2934 924 3254 1001 διδασκάλῳ,
3307 925 3442 982 ἁλλὰ
3469 927 3557 982 καὶ
3618 926 3828 983 Ἰωάν-

2166 1036 2261 1079 νης
2307 1013 2730 1088 ἐπηκολούθησε,
2776 1016 2979 1079 τούτοις
3034 1014 3098 1082 δὴ
3156 1015 3358 1095 καλῶν,
3425 1022 3501 1087 τῷ
3558 1014 3659 1089 μὲν
3726 1016 3829 1070 τὸν

2164 1100 2440 1177 Ἰάκωϐον,
2510 1111 2585 1177 τῷ
2658 1102 2714 1160 δὲ
2798 1105 2890 1160 τὸν
2951 1106 3252 1179 θαυμαστὸν
3314 1101 3650 1177 Μάρκελλον,
3730 1104 3830 1159 καὶ

2161 1190 2322 1270 ἄμφω
2365 1194 2463 1261 μὲν
2508 1192 2655 1255 εἰδὼς
2710 1192 2794 1251 διὰ
2837 1197 2934 1259 τὴν
2980 1194 3172 1271 ἀρετὴν
3212 1191 3487 1271 ἀδελφοὺς,
3546 1195 3631 1248 καὶ
3679 1194 3827 1249 σύν-

2161 1303 2307 1337 τονον
2371 1283 2502 1354 ὁμοῦ
2559 1282 2845 1362 τρέχοντας
2883 1299 2896 1313 ⁶
2972 1281 3279 1361 Μάρκελλον
3345 1282 3398 1338 δὲ
3444 1283 3521 1357 τῷ
3578 1281 3829 1358 Ἰωάννῃ

2166 1372 2497 1444 παρομοιιῦν,
2562 1370 2654 1426 ἅτε
2714 1372 2807 1426 καί
2867 1371 3019 1429 αὐτὸν
3080 1372 3331 1450 παρθένον
3380 1370 3529 1445 ὄντα,
3590 1371 3677 1426 καὶ
3741 1374 3827 1425 οἷς

2164 1462 2317 1523 κείως
2368 1462 2486 1536 περὶ
2530 1460 2648 1520 τοὺς
2709 1458 2895 1538 λόγους
2951 1458 3170 1538 ἔχοντα.
3232 1461 3348 1517 Τῶν
3373 1460 3473 1534 μὲν
3506 1460 3596 1516 οὖν
3630 1458 3829 1515 ἄλλων

2167 1544 2417 1611 Ἰάκωϐος
2448 1550 2507 1604 τὸ
2539 1562 2805 1624 πρωτεῖον
2855 1549 3040 1628 εἶχεν,
3096 1552 3253 1605 αὒτοῦ
3284 1547 3337 1603 δὲ
3372 1547 3533 1604 πάλιν
3565 1551 3593 1605 ὁ
3652 1550 3827 1628 Μάρ-

2164 1636 2353 1702 κελλος
2406 1639 2715 1716 ὑπερεῖχεν.
2764 1636 2975 1716 ’Ἄμφω
3031 1637 3085 1693 δὲ
3143 1638 3337 1712 ὁμοίως
3382 1637 3579 1715 ἀγαθον
3624 1644 3830 1716 ζεῦγος

430 1727 622 1806 ipsum
653 1744 792 1789 vero
825 1742 1035 1786 rursus
1063 1727 1363 1805 superavit
1385 1727 1718 1787 Marcellus.
1757 1724 1938 1785 Erant
1966 1740 2073 1784 au-

2163 1725 2355 1801 ἤστην,
2392 1730 2477 1783 καὶ
2533 1726 2711 1799 ὥσπερ
2755 1726 2809 1782 ἐν
2869 1728 2944 1783 ἐνὶ
3003 1728 3088 1784 καὶ
3148 1734 3224 1801 τῷ
3276 1729 3417 1799 αὐτῷ
3448 1732 3549 1793 τῆς
3578 1726 3830 1805 ἀδελφό-

434 1825 550 1877 tem
598 1814 774 1878 ambo
830 1833 933 1895 par
977 1832 1146 1894 atque
1179 1814 1425 1890 bonum,
1461 1825 1518 1876 et
1549 1813 1984 1896 quodammodo
2014 1813 2076 1872 in

431 1924 548 1967 uno
578 1918 633 1966 et
680 1907 879 1966 eodem
906 1922 1149 1979 corpore
1180 1909 1551 1967 fraternitatis
1591 1918 1775 1966 locum
1818 1917 2077 1965 tenentes

431 1995 761 2056 oculorum.
797 1993 1087 2064 Quoniam
1117 2010 1259 2054 vero
1290 2011 1393 2054 eos
1423 1991 1507 2053 sic
1540 1999 1740 2054 mente
1773 1999 2073 2069 purgatos,

430 2102 549 2144 non
606 2081 922 2162 oportebat
952 2101 1071 2143 non
1123 2081 1299 2143 etiam
1360 2082 1620 2143 futurum
1652 2082 1872 2142 intueri
1927 2079 2078 2141 sicut

429 2189 713 2253 praesens,
743 2189 862 2232 non
895 2171 1065 2232 latuit
1095 2171 1436 2233 Marcellum
1473 2188 1632 2232 mors
1666 2170 2073 2250 praeceptoris,

433 2265 531 2322 sed
559 2278 691 2323 cum
723 2264 831 2322 hoc
860 2263 1089 2335 quidem
1125 2265 1504 2336 cognovisset,
1529 2276 1644 2319 non
1677 2264 1865 2321 minus
1887 2272 2075 2320 autem

433 2350 581 2414 illud
611 2368 851 2431 quoque
880 2350 1293 2430 praescivisset,
1329 2347 1488 2429 quod
1517 2348 1775 2410 futurum
1833 2354 1982 2428 erat,
2016 2356 2079 2409 ut

428 2442 489 2505 in
512 2459 649 2503 eum
670 2440 912 2503 caderet
933 2440 1277 2519 suffragium
1304 2450 1363 2499 et
1393 2457 1527 2501 cum
1550 2439 1680 2518 ipse
1710 2445 2071 2517 pasceretur,

421 2537 834 2595 accerseretur
860 2529 934 2591 ad
969 2529 1298 2610 pascendos
1330 2528 1505 2588 alios:
1543 2528 1652 2587 hoc
1681 2528 1887 2606 utique
1914 2527 2074 2587 veri-

429 2630 545 2695 tus,
572 2637 647 2682 ne
676 2618 806 2682 seni
826 2619 1066 2696 juvenis
1099 2618 1443 2696 imperaret:
1469 2623 1525 2675 et
1555 2614 1729 2674 simul
1764 2633 1900 2675 cum
1919 2622 2077 2678 esset

423 2710 650 2772 amicus
703 2706 1011 2768 modestiae
1041 2714 1096 2767 et
1138 2706 1437 2767 laetaretur
1479 2703 1872 2782 subjectione,
1911 2703 2072 2766 nullo

2160 1836 2318 1881 τητος
2379 1815 2587 1891 σώματι
2644 1816 2828 1895 χώραν
2862 1815 3151 1894 ἐπέχοντες
3209 1814 3520 1894 ὀφθαλμῶν.
3571 1813 3733 1872 Ἐπεὶ
3770 1815 3826 1871 δὲ

2159 1903 2294 1960 οὕτω
2352 1903 2744 1982 καθαραμένους
2789 1906 2879 1961 τὸν
2924 1907 3041 1961 νοῦν
3087 1909 3181 1963 οὐκ
3209 1901 3312 1960 ἔδει
3369 1904 3447 1978 μὴ
3508 1906 3593 1960 καὶ
3652 1905 3825 1982 Μάρ-

2158 1992 2350 2050 κελλον
2407 1996 2477 2056 ὡς
2535 1994 2701 2071 πάρὸν
2758 1995 2818 2049 τὸ
2861 1992 3059 2068 μέλλεν
3124 1991 3227 2060 ἤδη
3273 1995 3424 2070 cpe»,
3469 1991 3586 2048 οὒδὲ
3645 1994 3823 2072 Μάρ-

2161 2081 2350 2138 κελλον
2408 2084 2443 2149 ἡ
2500 2081 2724 2149 τελευτὴ
2783 2090 2874 2139 τοῦ
2942 2086 3247 2160 καθηγητοῦ
3303 2079 3608 2159 ἐλάνθανεν,
3668 2081 3827 2139 ἀλλὰ

2158 2176 2313 2228 τοῦτο
2356 2171 2454 2245 μὲν
2486 2172 2663 2249 γνοὺς,
2716 2170 2817 2231 οὔκ
2871 2168 3087 2228 ἔλαττον
3131 2170 3185 2226 δὲ
3246 2170 3467 2227 κάκεῖνο
3523 2192 3820 2249 προεγνω-

2159 2262 2290 2331 κὼς,
2352 2261 2413 2316 τὸ
2457 2259 2671 2335 μέλλειν
2722 2258 2807 2316 ἐπ’
2852 2259 3008 2317 eam
3061 2261 3272 2317 πίπτειν
3328 2260 3427 2326 τὴν
3479 2263 3684 2340 ψῆφον,
3717 2264 3820 2318 καὶ

2160 2352 2233 2414 εἷς
2291 2351 2350 2405 τὸ
2397 2350 2695 2425 ποιμαίνειν
2740 2347 2933 2405 ἄλλους
2989 2349 3095 2406 ἀπὸ
3158 2355 3243 2406 τοῦ
3274 2350 3645 2424 ποιμαίνεσθαι
3676 2372 3819 2428 προ·

2160 2438 2438 2495 καλεῖσθαι
2475 2457 2490 2472 '
2544 2445 2702 2495 τοῦτο
2752 2437 2814 2504 δή
2865 2436 3114 2503 δεδοικὼς
3172 2439 3249 2513 μὴ
3280 2439 3362 2495 κοὶ
3392 2438 3507 2501 νέος
3539 2439 3816 2519 γερόντων

2159 2524 2312 2606 ἄρξη,
2346 2527 2438 2583 καὶ
2465 2527 2575 2602 ἅμα
2635 2528 3084 2607 μετριοφροσύνης
3137 2526 3283 2607 φίλος
3313 2529 3411 2600 ὢν,
3444 2530 3532 2586 καὶ
3561 2529 3817 2608 ὑποταγῇ

2157 2617 2388 2695 χαίρων,
2441 2617 2537 2685 τῆς
2600 2617 2767 2691 μονῆς
2827 2615 3037 2682 οὐδενὸς
3089 2617 3233 2692 αὒτῴ
3260 2615 3558 2682 συνειδότος
3601 2617 3813 2696 ἀρετῶν

2156 2704 2377 2773 ηὔξανεν
2390 2754 2402 2767 ,

423 2797 662 2861 conscio
717 2794 944 2856 recedit
975 2815 1006 2854 e
1037 2795 1416 2869 monasterio,
1449 2794 1598 2875 apis,
1633 2801 1696 2855 ut
1739 2793 1926 2874 aiunt,
1959 2794 2034 2856 ad
2065 2795 2266 2858 hores.
2303 2796 2368 2857 In
2400 2792 2605 2856 orbem
2658 2794 2855 2875 itaque
2886 2794 3088 2857 obibat
3134 2802 3396 2874 sanctus,
3429 2802 3492 2858 et
3519 2797 3580 2859 in
3624 2797 3805 2860 colli-

422 2884 632 2967 gendis
663 2902 734 2946 ex
764 2902 1119 2964 unoquoque
1148 2882 1343 2957 bonis,
1377 2881 1634 2962 augebat
1660 2883 1773 2945 sibi
1806 2901 2003 2945 ceram
2036 2885 2346 2946 virtutum.

506 2973 604 3037 VI.
663 2972 906 3035 Interim
935 2991 1074 3035 vero
1131 2973 1270 3036 dum
1302 2973 1353 3034 is
1399 2972 1561 3036 viros
1592 2972 1796 3035 obibat
1844 2974 2132 3036 virtutisc

424 3064 744 3136 studiosos,
776 3080 808 3124 e
840 3062 956 3126 vita
1006 3064 1218 3141 migrat
1244 3070 1654 3126 sacrosanctus
1703 3061 2064 3125 Alexander.

426 3155 570 3217 Cum
597 3152 650 3214 is
678 3160 878 3215 autem
905 3152 1283 3226 excessisset,
1313 3152 1629 3216 Marcellus
1644 3152 1912 3232 protinus
1943 3157 2070 3212 erat

427 3246 488 3305 in
511 3260 616 3305 ore
636 3240 934 3321 omnium,
957 3249 1015 3303 et
1043 3240 1324 3321 quoniam
1357 3259 1476 3302 non
1505 3240 1734 3316 aderat,
1768 3239 2066 3320 duplicem

423 3331 707 3394 afferebat
725 3329 1053 3392 molestiam
1085 3352 1095 3388 :
1134 3329 1365 3409 etquod
1402 3329 1787 3410 illotempore
1810 3330 2065 3404 abesset,

425 3429 487 3484 et
515 3420 672 3502 quod
724 3418 1016 3483 moriente
1047 3419 1382 3482 Alexandro
1415 3438 1532 3481 non
1577 3427 1704 3482 erat
1730 3418 2066 3501 Marcellus,

423 3511 520 3573 cui
542 3522 677 3590 post.
706 3509 875 3575 illum
894 3509 1251 3572 credebatur
1268 3510 1640 3591 praefectura.
1666 3507 1902 3571 Electus
1928 3527 2069 3589 ergo

421 3600 534 3663 fuit.
562 3601 825 3663 Joannes
857 3607 918 3662 ut
963 3608 1267 3681 praeesset,
1305 3599 1389 3661 vir
1420 3607 1480 3662 et
1528 3598 1693 3662 canis
1724 3597 1979 3679 capillis,
2012 3606 2070 3661 et

429 3690 744 3772 prudentia
784 3711 800 3767 ;
832 3695 928 3752 cui
950 3690 1125 3753 etiam
1160 3689 1493 3753 celebratus
1525 3688 1626 3750 ille
1653 3687 1909 3751 Jacobus
1938 3707 2070 3769 pro-

421 3789 554 3861 pter
585 3787 813 3844 aetatem
844 3780 1040 3843 libens
1061 3779 1418 3843 cessit.Cum
1448 3780 1572 3842 hazc
1592 3786 1789 3840 autem
1808 3777 1898 3839 sic
1925 3796 2067 3859 pro-

422 3870 771 3953 cessissent,
797 3869 1139 3933 Marcellum
1172 3888 1549 3952 nequaquam
1581 3868 1767 3931 latere
1798 3875 2067 3949 potuere.

422 3958 543 4021 Sed
590 3967 901 4040 postquam
936 3960 1116 4022 ﬁnem
1159 3968 1540 4036 acceperunt,
1575 3965 1634 4020 et
1660 3957 1791 4038 ipse
1847 3965 1939 4019 est
1966 3976 2070 4020 re-

423 4065 648 4123 versus,
674 4057 733 4110 et
777 4050 989 4112 Joanni
1019 4051 1129 4112 fuit
1176 4050 1549 4129 conjunctus,
1581 4048 1825 4110 eil‘ectus
1852 4046 1909 4108 ei
1940 4065 2068 4108 ma-

424 4152 537 4197 nus
556 4136 819 4217 dextera,
856 4145 914 4198 et
935 4137 1159 4219 optime
1190 4137 1369 4199 simul
1398 4137 1595 4199 ferens
1627 4153 1776 4197 onus
1804 4134 2068 4196 admini-

2236 2973 2337 3048 ς’.
2388 2971 2476 3031 Ἐν
2507 2974 2552 3048 ᾦ
2611 2973 2665 3029 δὲ
2725 2975 2875 3037 οὗτος
2907 2976 3120 3054 περιῄει
3150 2975 3269 3042 τοὺς
3295 2975 3605 3056 φιλαρέτους
3644 2977 3734 3033 καί
3782 2980 3809 3033 ὁ

2153 3065 2288 3142 ἱερὸς
2350 3061 2686 3143 Ἀλέξανδρος
2746 3065 3021 3121 ἀπολείπει
3104 3065 3195 3121 τὸν
3262 3066 3398 3142 βίον.
3480 3066 3680 3123 Τούτου
3738 3065 3807 3133 δὴ

2152 3154 2512 3224 μεταστάντος
2542 3198 2563 3231 ,
2624 3153 2929 3232 Μάρκελλος
3019 3155 3162 3218 εὗθὺς
3250 3154 3304 3210 ἐν
3379 3169 3497 3219 τοῖς
3551 3155 3805 3213 ἁπάντων

2153 3243 2410 3318 στόμασιν
2469 3243 2558 3316 ἧν,
2621 3244 2709 3299 καὶ
2741 3242 2821 3299 ὅτι
2868 3243 2944 3315 μὴ
3004 3243 3178 3319 παρῆν
3222 3241 3401 3301 ἐλύπει
3431 3242 3622 3321 διπλῇ,
3656 3248 3803 3321 αὐτῷ

2152 3354 2211 3387 τε
2268 3338 2345 3406 τῷ
2402 3330 2520 3388 κατ’
2574 3332 2780 3391 ἐκεῖνον
2839 3334 2927 3390 τὸν
3003 3334 3187 3412 καιρὸν
3244 3331 3647 3407 ἀπολείπεσθαι,
3712 3336 3807 3392 καὶ

2153 3420 2233 3476 ὅτι
2305 3421 2405 3497 μὴ,
2466 3418 2808 3492 Ἀλεξάνδρου
2875 3424 3191 3503 θνήσαντος,
3254 3422 3563 3503 Μάρκελλος
3618 3424 3710 3498 ἦν,
3775 3425 3805 3480 ὁ

2152 3511 2271 3586 μετ’
2327 3510 2534 3567 ἐκεῖνον
2566 3512 2943 3589 πιστευόμενος
2974 3512 3070 3579 τὴν
3127 3512 3332 3592 ἀρχήν.
3394 3506 3650 3579 ’Ἰωάννης
3713 3512 3805 3569 οὗν

2152 3599 2340 3681 ἄρχειν
2398 3598 2579 3676 ἐκρίθη
2613 3600 2747 3681 ἀνὴρ
2801 3603 2890 3659 καὶ
2942 3603 3040 3668 τὴν
3096 3603 3259 3679 τρίχα
3316 3599 3501 3663 πολιὸς
3552 3603 3641 3659 καὶ
3700 3603 3807 3671 τὴν

2153 3691 2380 3766 σύνεσιν,
2443 3692 2488 3765 ᾧ
2545 3691 2632 3747 καὶ
2689 3693 2717 3748 ὁ
2775 3692 2941 3756 πολῦς
2993 3687 3249 3753 Ἰάκωϐος
3301 3688 3386 3747 διὰ
3435 3692 3533 3761 τὴν
3584 3690 3807 3760 ἡλικίαν

2152 3781 2288 3838 ἑκὼν
2343 3785 2442 3848 τῆς
2498 3780 2679 3860 ἀρχῆς
2730 3778 3062 3847 ὺπεξίστατο.
3108 3786 3283 3837 Ταῦτα
3353 3778 3408 3837 δὲ
3465 3781 3605 3838 οὕτω
3662 3803 3806 3861 προ-

2151 3868 2316 3928 ϐάντα
2345 3868 2655 3949 Μάρκελλον
2698 3872 2792 3928 οὔκ
2835 3870 2965 3949 εἶχε
3001 3869 3209 3933 λαθεῖν,
3266 3869 3419 3928 Ἀλλ’
3463 3869 3579 3927 ἐπεὶ
3633 3871 3802 3951 πέρας

2151 3957 2438 4038 ἐλάμϐανε,
2472 3959 2559 4014 καὶ
2607 3960 2762 4024 αὐτὸς
2817 3958 3062 4036 ἐπανῄει,
3116 3960 3203 4014 καὶ
3246 3965 3323 4034 τῷ
3382 3958 3607 4036 Ἰωάννῃ
3670 3983 3805 4017 συν-

2155 4048 2363 4126 έμισγε,
2424 4051 2556 4127 χεὶρ
2615 4050 2757 4120 αὐτῷ
2806 4045 2945 4112 δεξιὰ
3003 4048 3305 4126 γινόμενος,
3366 4049 3453 4105 καὶ
3511 4046 3802 4128 συνδιαφέ-

2153 4159 2254 4215 ρων
2298 4137 2487 4216 ἀριστα
2518 4138 2615 4204 τὴν
2646 4136 2822 4215 ἀρχήν
2859 4154 2875 4171 ·
2909 4139 2981 4199 ὡς
3013 4139 3109 4193 "co-3
3135 4137 3232 4212 μὲν
3290 4138 3648 4217 ὑπεροπτικὸν
3710 4141 3801 4196 οὗ·

422 4226 763 4289 strationis:
797 4246 932 4289 cum
966 4228 1065 4291 ille
1096 4227 1339 4305 quidem
1375 4234 1614 4307 propter
1658 4223 2067 4305 praefecturam

2159 4227 2237 4282 δὲν
2292 4226 2397 4282 ὰπὸ
2445 4229 2543 4294 τῆς
2604 4226 2781 4305 ἀρχῆς
2839 4222 3291 4307 ἐπιδεικνυμένου,
3352 4234 3445 4283 τοῦ
3502 4225 3558 4283 δὲ
3607 4230 3801 4308 φθόνου

424 4314 574 4377 nihil
598 4325 757 4380 esset
776 4315 965 4379 factus
989 4316 1341 4379 insolentior
1368 4337 1382 4374 :
1415 4314 1509 4376 hic
1533 4331 1669 4376 vero
1698 4321 1856 4375 esset
1887 4332 2069 4390 purus

2159 4317 2347 4378 παντὸς
2377 4316 2775 4392 καθαρεύοντος,
2836 4316 2921 4371 καὶ
2964 4316 3158 4383 ἀληθεῖ
3220 4317 3365 4389 πόθῳ
3421 4317 3553 4388 πρὸς
3584 4316 3797 4375 ἐκεῖνον

420 4403 497 4464 ab
528 4406 693 4466 omni
723 4405 946 4468 invidia
1002 4414 1059 4467 et
1089 4406 1142 4466 ei
1177 4422 1312 4465 vero
1342 4421 1546 4465 amore
1602 4402 1930 4482 colligatus.
1969 4404 2067 4467 Sic

2159 4403 2542 4479 ruv8saspa'iou.
2581 4402 2729 4463 Οὕτω
2777 4404 2873 4481 μὲν
2934 4404 3021 4461 οὖν
3052 4404 3380 4485 ἀμφοτέρους
3436 4408 3470 4475 ἡ
3533 4404 3794 4474 Ἀλεξάν-

422 4509 562 4569 ergo
592 4493 799 4555 ambos
828 4493 1086 4557 habebat
1114 4491 1440 4555 Alexandri
1472 4494 1922 4556 monasterium.

502 4580 778 4646 Vll.Post
795 4583 1036 4660 aliquod
1060 4592 1255 4644 autem
1281 4592 1514 4663 tempus
1536 4581 1891 4647 aPhilotheo
1924 4603 2062 4664 per-

420 4689 638 4734 suasua
656 4674 941 4748 Joannes,
959 4671 1185 4736 recedit
1207 4671 1453 4754 quidem
1472 4672 1545 4734 ab
1572 4672 1686 4734 hoc
1704 4672 1859 4735 loco.
1887 4671 2065 4736 Venit

420 4771 612 4823 autem
639 4764 712 4823 ad
739 4765 1044 4836 quemdam
1071 4766 1280 4831 locum,
1303 4779 1555 4837 exaequo
1580 4764 1824 4822 liberum
1847 4780 1877 4823 a
1901 4768 2066 4826 turba

421 4850 667 4926 civium,
690 4857 750 4913 et
777 4869 810 4912 a
839 4849 1188 4918 difﬁcultate
1208 4849 1570 4912 solitudinis.
1604 4848 1795 4912 Locus
1825 4868 1960 4913 vero
1981 4858 2070 4914 est

419 4939 808 5022 Bithynorum
841 4941 1083 5022 quidem
1117 4939 1400 5020 regionis,
1435 4939 1583 5003 situs
1634 4947 1723 5005 est
1751 4951 1949 5003 autem
2006 4942 2066 5002 in

372 5066 375 5069 -
421 5031 693 5095 faucibus
748 5031 952 5107 maris,
984 5031 1078 5094 cui
1135 5049 1205 5092 ex
1253 5030 1500 5093 adverso
1558 5030 1734 5091 situm
1779 5031 2065 5110 cernitur,

419 5121 573 5201 quod
634 5128 879 5184 vocatur
926 5119 1332 5184 Sosthenium.
1381 5118 1507 5181 Hoc
1550 5121 1675 5181 sive
1727 5129 2065 5201 propterea,

416 5212 582 5287 quod
612 5211 692 5272 sit
711 5221 1007 5274 remotum
1039 5230 1072 5273 a
1102 5210 1382 5291 strepitu,
1416 5209 1540 5271 sive
1571 5219 1810 5290 propter
1840 5210 2062 5290 aliquid

419 5298 602 5374 aliud,
640 5309 778 5363 tunc
828 5299 1069 5381 quidem
1103 5298 1521 5361 nominabatur
1568 5301 1883 5363 lreuzeum.
1916 5301 2062 5363 Cum

421 5390 673 5451 Joannes
694 5402 882 5452 autem
905 5407 1028 5453 rem
1054 5395 1236 5464 ipsam
1260 5406 1473 5450 nomen
1495 5391 1618 5451 loco
1636 5392 1905 5460 dedisset,
1925 5409 2063 5466 pro-

423 5483 550 5552 pter
564 5478 1072 5560 perpetuaquaead
1086 5476 1272 5539 Deum
1301 5478 1449 5538 ﬁunt
1465 5480 1714 5559 cantica,
1731 5477 1790 5539 in
1815 5479 2061 5543 hodier-

422 5580 563 5624 num
598 5583 780 5647 usque
797 5568 955 5631 diem
978 5566 1322 5632 nominatur
1344 5569 1767 5631 monasterium
1791 5569 2024 5650 Ἀκοιμή
2040 5605 2062 5622 ο

2148 4494 2269 4574 δρου
2298 4498 2424 4573 εἶχε
2454 4493 2614 4569 μονή.

2227 4584 2302 4641 Z'.
2339 4584 2485 4642 Μετὰ
2513 4582 2566 4639 δὲ
2596 4581 2794 4664 χρόνον
2825 4584 2940 4642 τινὰ
2980 4584 3082 4642 ὑπὸ
3135 4591 3227 4643 τοῦ
3256 4584 3510 4647 Φιλοθὲου
3555 4588 3796 4651 πεισθεὶς

2150 4674 2427 4750 Ἰωάννης,
2473 4672 2752 4753 ἀφίσταται
2795 4672 2943 4731 τοῦδε
3000 4682 3094 4732 τοῦ
3152 4677 3343 4738 τόπου.
3410 4673 3687 4757 ’Ἔρχεται
3743 4677 3796 4734 δὲ

2149 4763 2279 4841 πρὸς
2354 4786 2404 4819 τι
2458 4764 2657 4844 χωρίον
2714 4763 2928 4831 ἀπάσης
3015 4762 3428 4844 ἀπηλλαγμένον
3501 4765 3793 4846 ὀχλήσεως

2150 4874 2206 4908 τε
2264 4852 2512 4926 ἀστιιιῆς,
2558 4853 2643 4909 καὶ
2681 4850 2987 4933 δυσχερείας
3034 4855 3327 4932 εἰρηνικῆς.
3362 4856 3434 4913 Τὸ
3484 4852 3537 4909 δὲ
3593 4857 3795 4936 χωρίον

2150 4946 2249 5008 τῆς
2304 4942 2402 5015 μὲν
2459 4942 2685 5000 Βιθυνῶν
2730 4941 2840 4999 ἐστι
2884 4941 3066 5021 χώρας
3100 4962 3113 4976 ·
3150 4945 3270 4999 κατ’
3314 4943 3441 4999 αὐτὸ
3484 4941 3538 4999 δὲ
3592 4946 3657 5001 τὸ
3688 4944 3795 5021 μὲ-

2152 5052 2242 5088 σον
2295 5043 2472 5088 κεῖται
2530 5038 2623 5088 τοῦ
2679 5031 2775 5099 τῆς
2831 5030 3103 5099 θαλάσσης
3158 5032 3407 5111 αὐχένοςο
3469 5035 3795 5112 καταντικρὺ

2151 5123 2211 5177 τὸ
2243 5119 2564 5196 καλούμενον
2610 5123 2793 5199 ὁρᾶται
2834 5120 3153 5184 Σωσθένιον.
3216 5124 3380 5198 Τοῦτο
3430 5122 3543 5179 εἴτε
3591 5121 3676 5180 διὰ
3734 5125 3795 5181 τὸ

2148 5208 2376 5291 θορίϐων
2436 5210 2586 5274 ἐκτὸς
2641 5210 2811 5286 εἶναι,
2859 5209 2971 5266 εἴτε
3014 5209 3083 5266 δι’
3134 5208 3264 5267 ἄλλο
3313 5233 3387 5288 τι,
3420 5213 3540 5268 τότε
3566 5213 3795 5290 ὠνομά-

2145 5309 2263 5374 ζετο
2325 5302 2631 5379 Εἷρηναϊον.
2695 5298 2942 5357 Ἰωάννου
3005 5298 3057 5355 δὲ
3122 5301 3183 5357 τὸ
3237 5307 3457 5379 πρᾶγμα
3508 5302 3683 5379 ὄνομα
3720 5303 3799 5378 τῷ
3870 5360 3875 5364 ,

2144 5391 2293 5466 τόπῳ
2348 5388 2529 5455 δόντος
2607 5389 2669 5447 ἐκ
2723 5394 2823 5456 τῆς
2893 5384 3165 5456 διηνεκοῦς
3222 5391 3354 5468 πρὸς
3412 5392 3543 5447 Θεὸν
3616 5390 3792 5469 ᾣδῆς,

2141 5489 2248 5539 τῶν
2309 5480 2646 5559 Ἀκοιμήτων
2703 5478 2834 5559 ἄχρι
2887 5483 2983 5546 τῆς
3048 5477 3195 5557 δεῦρο
3265 5481 3327 5536 τὸ
3385 5484 3794 5562 φροντιστήριον

2145 5570 2484 5649 ὀνομάζεται.
2557 5571 2658 5629 Τὸν
2715 5570 2813 5649 γὰρ
2870 5568 3026 5629 αὐτὸν
3096 5566 3424 5651 Ἀλεξάνδρῳ
3482 5571 3648 5630 τύπον
3703 5572 3794 5631 καὶ
