4020 6142
244 284 364 350 713

1201 287 1390 354 VITA
1434 289 1493 354 S.
1541 285 1945 356 MARCELLI
1976 289 2670 356 ARCHIMANDRITzE.

3499 295 3621 361 714

245 422 504 488 Ἱωάωης
583 422 833 493 ζηλώσας
908 425 967 480 ἐκ
1025 424 1278 507 διαδοχῇς
1341 428 1447 482 τῶο
1502 426 1738 498 ᾁδόντωο
1807 430 1873 496 τὴ

1964 478 1966 485 .
1985 451 2114 504 των,
2135 429 2248 492 hoc
2265 438 2508 508 est,non
2524 429 2981 493 dormientium.
3015 430 3167 492 Nam
3187 448 3322 492 cum
3349 432 3620 496 eamdem

246 514 379 590 πρὸς
441 514 572 568 Θεὸν
632 512 924 589 ἀκοίμητον
981 514 1221 572 ἐποιεῖτο
1273 514 1595 595 δοξολογίαν,
1645 516 1876 575 Ἐνταῦθι

1980 517 2256 592 formam,
2292 539 2466 601 quam
2498 517 3131 591 Alexander,imitatus
3151 526 3314 582 esset
3337 523 3620 598 Joannes,

242 603 418 658 τοίνυν
488 604 628 674 ἱερὸν
697 607 903 666 ἐκεῖνος
975 603 1423 683 καθιδρυσόμενος
1502 609 1876 686 φροντιστήριοε

1982 625 2190 670 eorum
2221 610 2321 689 qui
2353 627 2460 689 per
2490 609 2650 673 vices
2679 606 3172 685 canebant,nullo
3201 627 3412 672 somno
3445 610 3627 673 inter-

242 693 357 768 (τὸν
429 692 529 770 γὰρ
581 695 742 750 τόπον
813 691 975 771 δῶρον
1041 693 1143 761 ἤδη
1214 696 1357 774 παρὰ
1410 703 1503 754 τοῦ
1571 696 1895 763 δηλωθέντπ

239 780 444 838 ἐκείνου
489 781 730 862 φιλοθὲου
789 783 970 854 ἀνδρὸς
1015 782 1190 840 λαϐὼν
1239 784 1549 866 ἒτύγχανεν)
1604 787 1695 843 οὔκ
1749 785 1889 841 ἔστιν

238 875 416 928 είπεϊν
488 871 638 936 ὅσαις
697 873 990 929 ὑπεποεῖτα
1057 875 1147 930 τὸν
1214 875 1522 954 Μάρκελλον
1593 879 1887 952 θεραπείαις

236 982 294 1017 τε
341 964 430 1018 καὶ
484 975 700 1038 τιμαῖς,
733 961 880 1025 εἰδὼς
934 963 1116 1020 ἑαυτὸν
1175 965 1270 1037 μὲν
1326 965 1507 1038 ἡλικίᾳ
1558 967 1886 1044 προήκοντα,

236 1050 453 1108 ἐκεῖνον
509 1050 564 1106 δὲ
609 1052 832 1122 ἀσκήσει
889 1075 946 1109 τε
987 1056 1074 1110 καὶ
1118 1052 1325 1127 παιδείᾳ
1369 1056 1456 1112 καὶ
1515 1055 1723 1122 ὀξύτητι
1781 1057 1886 1134 φύ-

231 1143 368 1207 σεὼς
427 1143 514 1198 καὶ
561 1155 678 1205 τοῖς
709 1140 926 1216 ἄλλοις,
960 1143 1154 1199 ἅπασιν
1198 1145 1416 1222 ἀγαθοῖς
1468 1142 1882 1220 ὑπερϐάλλοντα,

233 1233 379 1306 IIan
439 1234 527 1287 καὶ
597 1233 630 1298 ἡ
674 1237 778 1288 τῶν
837 1237 1026 1290 κοινῶν
1090 1232 1337 1289 ἀπάντων
1383 1235 1591 1313 φροντὶς
1639 1233 1889 1311 Μαρκέλ-

233 1318 312 1393 λῳ
371 1323 714 1382 πεπίστευτο.
778 1323 973 1378 Τοῦτον
1031 1323 1130 1399 γὰρ
1193 1325 1279 1379 καὶ
1336 1321 1585 1402 διάδοχον
1643 1324 1891 1380 Ἰωάννου

232 1411 264 1476 ἡ
327 1410 420 1465 τοῦ
480 1418 608 1468 Θεοῦ
665 1411 886 1488 πρόνοια
950 1410 1090 1488 ᾔδει,
1135 1413 1222 1467 καὶ
1281 1414 1474 1474 ἱκανῶς
1546 1415 1703 1468 αὑτὸν
1760 1435 1887 1469 παι-

229 1498 402 1554 δεύειν
461 1521 518 1554 τε
573 1506 672 1566 τῆς
718 1500 896 1578 ἀρχῆς
949 1499 1230 1568 ἠϐούλετο.
1277 1508 1438 1558 Τοῦτο
1479 1500 1532 1556 δὲ
1575 1505 1663 1558 καὶ
1707 1502 1886 1567 ἄλλοις

229 1591 332 1665 μὲν
406 1589 794 1665 ἐπεσημαίνετο
873 1591 1205 1670 τεκμηρίοιςο
1277 1596 1380 1670 οὐχ
1449 1595 1609 1658 ἦττον
1675 1591 1730 1647 δὲ
1802 1593 1890 1648 καὶ

226 1680 406 1753 τούτῳ
464 1677 624 1746 δῆλον
679 1679 912 1757 ἐγένετο,
945 1679 1026 1737 ὅτι
1084 1680 1205 1736 κατ’
1243 1682 1405 1748 αὑτὴν
1459 1682 1744 1762 ἀμφότεροι
1788 1681 1887 1750 τὴν

1978 705 2210 778 ruptam
2258 698 2510 761 faciebat
2537 698 3057 778 gloriﬁcationem.
3092 699 3236 762 Cum
3271 700 3390 763 huc
3423 707 3625 764 autem

1973 787 2083 852 ille
2101 805 2334 850 sacrum
2353 788 2751 852 transtulisset
2770 789 3198 851 monasterium
3216 789 3438 870 (locum
3462 791 3623 852 enim

1965 877 2090 956 jam
2111 877 2271 940 dono
2293 888 2606 960 acceperat
2625 879 2700 940 ab
2723 877 2958 960 illo,qui
2976 879 3140 960 prius
3169 879 3361 941 dictus
3379 887 3470 942 est
3488 880 3630 942 Phi-

1971 966 2510 1047 lotheus),dicinon
2524 969 2985 1049 potest,quantis
2999 969 3626 1034 oiﬁciisethonoribus

1972 1054 2085 1116 sibi
2110 1057 2566 1136 promerebatur
2589 1065 2646 1119 et
2662 1056 2722 1118 in
2744 1076 2910 1120 suam
2933 1057 3244 1138 redigebat
3267 1066 3621 1140 potestatem

1973 1143 2312 1209 Marcellum
2325 1147 2544 1222 ,sciens
2559 1165 2624 1209 se
2637 1147 2879 1228 quidem
2905 1165 3038 1210 esse
3060 1156 3232 1210 aetate
3249 1158 3620 1228 provectum;

1973 1233 2142 1296 illum
2173 1255 2311 1298 vero
2343 1246 2400 1298 et
2431 1237 2883 1313 exercitatione,
2912 1246 2970 1300 et
2999 1237 3366 1316 doctrina,et
3394 1239 3626 1318 ingenii

1974 1327 2270 1401 acumine,
2308 1335 2365 1387 et
2394 1325 2528 1388 aliis
2563 1326 2841 1388 omnibus
2889 1326 3060 1388 bonis
3093 1328 3268 1408 longe
3299 1329 3617 1391 excellere.

1976 1417 2362 1484 Quamobrem
2378 1422 2771 1478 communium
2788 1423 3048 1479 omnium
3062 1435 3198 1479 cura
3217 1421 3462 1480 Marcelli
3488 1421 3619 1480 ﬂdei
3662 1422 3664 1424 ’

1973 1513 2091 1560 erat
2116 1504 2504 1562 credita.Nam
2531 1505 2689 1564 hunc
2711 1519 2942 1577 quoque
2960 1505 3200 1564 Joannis
3220 1505 3475 1564 futurum
3498 1521 3624 1564 suc-

1971 1602 2260 1646 cessorem
2283 1589 2474 1647 divina
2504 1599 2748 1647 noverat
2770 1589 3217 1662 Providentia,et
3237 1591 3460 1649 volebat
3487 1607 3618 1650 eum

1975 1671 2221 1750 pulchre
2243 1673 2484 1735 erudire
2505 1674 2564 1734 in
2587 1673 2660 1734 iis
2685 1691 2823 1750 quae
2840 1675 3141 1755 pertinent
3165 1673 3238 1735 ad
3261 1673 3613 1753 regendum.

225 1771 461 1846 ἡμέραν,
527 1771 554 1825 ὁ
635 1769 734 1844 μὲν
807 1772 878 1834 εἰς
960 1772 1054 1826 τὸν
1123 1779 1215 1828 τοῦ
1280 1771 1628 1851 πρεσϐυτέρου
1686 1774 1876 1848 βαθμὸν

1971 1763 2096 1826 Hoc
2116 1783 2254 1827 vero
2275 1776 2332 1827 et
2357 1765 2486 1827 aliis
2512 1765 2754 1846 quidem
2778 1766 3016 1828 indiciis
3033 1765 3618 1846 signiﬁcabatur;bac

222 1861 407 1935 ἀνῄει,
438 1858 542 1916 ὁδὲ
575 1865 648 1923 είς
681 1862 771 1916 τὸν
801 1859 1066 1936 διακόνου,
1104 1863 1131 1917 ὁ
1163 1861 1496 1940 Μάρκελλος.

311 2127 379 2184 Η¹
395 2178 408 2190 ,
447 2132 520 2187 Οὐ
582 2128 740 2184 ταῦτα
771 2126 824 2182 δὲ
885 2129 1045 2204 μόνον
1076 2131 1136 2186 τὸ
1186 2129 1380 2204 μέλλον
1411 2127 1596 2205 ἐδίδου,
1629 2127 1767 2185 ἀλλὰ
1795 2130 1882 2184 καὶ

222 2221 359 2295 ἀνὴρ
409 2241 490 2282 τις
550 2219 782 2293 ποίμνης
842 2218 1066 2296 λογικῆς
1123 2222 1210 2278 καὶ
1280 2220 1433 2284 οὗτὸς
1493 2218 1879 2296 ὁὶξηγούμενος,

220 2313 282 2368 οῦ
341 2307 530 2381 πολλῴ
561 2308 752 2364 ἄποθεν
794 2307 1106 2388 ἀφεστώσης
1149 2315 1246 2377 τῆς
1302 2301 1545 2368 Ἰωάννου
1604 2315 1793 2388 μονῆς,
1841 2312 1886 2381 ᾧ

222 2399 397 2473 ὄνομα
464 2397 559 2472 μὲν
623 2397 965 2472 Μακεδόνιος,
1025 2400 1134 2475 βίος
1207 2399 1262 2455 δὲ
1335 2399 1728 2479 καθαρώτατος,
1800 2398 1885 2456 καὶ

227 2488 388 2566 ψυχὴ
443 2489 551 2544 θεία
621 2509 700 2552 τις
781 2489 867 2544 καὶ
923 2491 1254 2568 προφητική.
1329 2492 1493 2552 Οὗτος
1563 2487 1746 2556 ἐπειδὴ
1803 2491 1881 2564 μὴ

227 2577 480 2633 ἐλάνθανε
554 2576 890 2656 Μάρκελλον,
959 2577 1097 2634 ἀλλά
1174 2577 1423 2641 κάκεῖνος
1503 2581 1594 2634 τὸν
1680 2582 1882 2658 ὁρῶντα

225 2669 390 2747 ἑωρα,
442 2668 532 2724 καὶ
599 2669 880 2746 προφήτης
953 2668 1050 2747 ὤν,
1110 2669 1202 2724 τὸν
1255 2667 1440 2743 ὅμοιον
1512 2671 1606 2726 οὒκ
1673 2669 1878 2748 ἠγνόει,

221 2763 466 2836 συνεχῶς
511 2756 566 2812 δὲ
611 2761 697 2812 καὶ
747 2754 872 2834 παρ’
925 2757 1080 2813 αὐτὸν
1126 2759 1333 2835 ἒφοίτα,
1399 2749 1456 2814 Ὀ
1500 2756 1552 2814 δὲ
1604 2762 1662 2816 οῦ
1721 2760 1880 2834 μόνον

224 2847 382 2903 αὐτὸν
465 2849 872 2924 καθηγήσασθαι
945 2854 1036 2903 τοῦ
1096 2849 1341 2922 ποιμνίου
1399 2861 1682 2925 παρεϊπεν,
1757 2847 1876 2904 ἀλλ’

220 2947 354 3013 quoii
415 2937 591 2993 πάντα
639 2938 710 3001 ὡς
762 2935 847 2991 διὰ
875 2937 974 3004 τὴν
1023 2937 1215 3015 ἀρετὴν
1282 2934 1550 3012 περίδοξος
1602 2937 1770 3016 ἔσται,
1805 2939 1878 3002 ὡς

219 3035 398 3084 πᾶσαν
443 3034 636 3101 μικροῦ
666 3031 768 3104 γῆν
812 3028 899 3082 καὶ
943 3025 1209 3083 θάλασσαν
1239 3027 1273 3093 ἡ
1331 3027 1461 3105 περί
1504 3031 1662 3085 αὐτοῦ
1721 3029 1876 3108 φήμη

224 3115 522 3195 πληρώσει*
587 3118 658 3180 ὡς
721 3114 907 3173 πολλοὶ
965 3114 1226 3184 ’Ἔλληνές
1259 3138 1314 3172 τε
1365 3119 1452 3174 καὶ
1482 3114 1731 3196 βάρϐαροι
1777 3123 1876 3185 τῆς

227 3205 431 3262 ἐκείνου
520 3204 772 3283 γλώσσης
867 3206 1238 3284 ἀπηρτημένοι
1308 3207 1403 3274 τὴν
1491 3208 1708 3286 πάτριον
1778 3210 1874 3284 μὲν

229 3295 481 3350 ἀσέϐειαν
540 3295 910 3370 ὲξομόσονται,
971 3303 1047 3370 τῷ
1117 3294 1170 3351 δέ
1240 3299 1356 3369 Θεῷ
1415 3297 1878 3374 καθιδρυθήσονται

234 3383 317 3438 ὅτι
364 3381 557 3463 σφόδρα
611 3389 638 3440 ὁ
688 3387 819 3448 Θεὸς
877 3385 929 3440 ἐν
974 3389 1115 3460 αὐτῷ
1170 3407 1227 3442 τε
1279 3386 1372 3443 καί
1405 3385 1472 3442 δι’
1519 3388 1674 3444 αὐτοῦ
1726 3386 1879 3453 δοξασ

232 3475 506 3548 σθήσεται,
567 3475 654 3530 καὶ
722 3475 882 3530 τέκνα
943 3483 1073 3533 Θεοῦ
1145 3473 1210 3530 δι’
1270 3475 1467 3534 ἐκείνου
1537 3480 1876 3560 γενήσονται,

224 3567 312 3620 καί
402 3570 508 3620 τῶν
592 3570 865 3640 πατρικῶν
924 3563 1137 3643 κλήρων
1220 3564 1624 3636 ἀξιωθήσονται..
1703 3569 1875 3625 Ταῦτα

221 3653 438 3718 ἐκεῖνος
498 3653 597 3729 μὲν
629 3652 829 3731 ἔλεγεν·
878 3656 922 3710 εἰ
973 3652 1146 3712 δὲκαὶ
1200 3657 1270 3721 εἰς
1301 3656 1449 3720 τέλος
1508 3655 1656 3732 ἦλθε,
1691 3655 1872 3724 δηλώ-

220 3766 301 3803 σει
335 3746 396 3800 τὸ
433 3744 570 3820 μετὰ
599 3754 784 3803 ταῦτα.

299 3924 394 3986 Θ¹.
464 3915 528 3982 Ὀ
585 3922 894 4002 Μάρκελλος
955 3921 1008 3980 δὲ
1069 3925 1264 3981 τούτων
1322 3925 1553 4007 ἀκούων,
1599 3925 1736 3983 ἀλλὰ
1783 3927 1872 3984 καὶ

214 4023 393 4076 ποιῶν
455 4014 488 4071 ἃ
544 4013 902 4093 παρήκουσεν,
937 4011 1084 4070 οὐδὲν
1117 4013 1232 4071 οὐδέ
1274 4035 1362 4072 ποι
1396 4016 1534 4094 μέγα
1576 4019 1692 4095 περὶ
1739 4018 1865 4077 ἑαυ-

213 4111 308 4166 τοῦ
365 4105 455 4161 ἐπὶ
488 4111 607 4160 νοῦν
658 4102 842 4183 ἔσχεν,
872 4102 990 4161 οὔτε
1041 4102 1344 4185 ἐφθέγξατο,
1378 4105 1514 4162 ἀλλὰ
1553 4129 1705 4165 τουτο
1733 4107 1867 4182 μᾶλα

211 4197 310 4255 λον
373 4199 519 4268 αὖτῷ
561 4199 668 4250 τῶν
726 4192 901 4250 ἄλλων
962 4192 1220 4273 ἐξαίρετόν
1261 4216 1318 4251 τε
1375 4196 1462 4252 καὶ
1517 4197 1764 4278 πρῶτων,
1810 4203 1870 4257 τὸ

210 4290 436 4346 πάντων
498 4285 680 4341 ἑαυτὸν
712 4281 940 4359 νομιξειν
983 4285 1072 4340 καὶ
1125 4285 1396 4360 ὀνομάζειν
1442 4284 1692 4365 ἔσχατον.
1755 4303 1871 4356 Δη-

211 4378 307 4436 λοϊ
363 4375 424 4432 δὲ
458 4377 698 4431 κάκεῖνο’
760 4375 788 4429 ὁ
818 4373 916 4448 μὶν
945 4379 1013 4450 τῇ
1043 4373 1223 4448 ὁμιλίᾳ
1277 4382 1367 4430 τοῦ
1395 4379 1695 4450 θαυμσατοῦ
1743 4383 1868 4435 τού-

1964 1875 2032 1919 re
2057 1868 2253 1920 autem
2271 1860 2364 1921 vel
2387 1859 2641 1922 maxime
2655 1860 2838 1921 evasit
2851 1860 3235 1923 manifestum
3244 1859 3426 1941 ,quod
3440 1859 3615 1923 ambo

1963 1951 2163 2008 eodem
2190 1952 2553 2018 die,.loannes
2575 1953 2802 2024 quidem
2825 1953 3093 2012 ascendit
3109 1952 3180 2010 ad
3197 1953 3438 2025 gradum
3459 1965 3614 2024 pres-

1965 2038 2200 2117 byterii,
2250 2038 2566 2100 Marcellus
2614 2044 2813 2100 autem
2847 2037 2920 2100 ad
2953 2041 3201 2116 gradum
3231 2037 3614 2100 diaconatus.

2047 2127 2335 2192 Vlll.Non
2359 2129 2486 2190 haec
2505 2146 2644 2190 vero
2670 2129 2864 2190 solum
2887 2129 3153 2190 futurum
3179 2127 3615 2209 signiﬁcabant,

1967 2217 2073 2279 sed
2101 2218 2275 2278 etiam
2330 2217 2416 2278 vir
2470 2217 2733 2296 quidam,
2785 2217 2887 2298 qui
2938 2217 3068 2298 ipse
3097 2236 3335 2298 quoque
3367 2223 3619 2297 praeerat

1967 2308 2130 2387 gregi
2164 2307 2439 2388 participi
2486 2307 2760 2382 rationis,
2798 2308 2900 2388 qui
2930 2325 3051 2370 non
3101 2307 3280 2385 longe
3331 2307 3539 2369 aberat
3581 2324 3617 2367 a

1969 2397 2331 2459 monasterio
2363 2393 2634 2471 Joannis,
2671 2397 2766 2458 cui
2799 2415 3018 2459 nomen
3050 2403 3178 2458 erat
3199 2396 3612 2476 Macedonius,

1968 2488 2085 2547 vita
2106 2495 2302 2548 autem
2329 2485 2736 2566 purissima,et
2759 2485 2958 2549 divina
2979 2486 3249 2567 quaedam
3275 2493 3334 2546 et
3355 2485 3613 2566 prophe-

1967 2577 2082 2638 tica
2103 2577 2383 2638 anima.Is
2417 2575 2692 2656 quoniam
2717 2595 2836 2638 non
2864 2574 3088 2638 latebat
3109 2574 3480 2655 Marcellum,
3502 2573 3610 2636 sed

1967 2675 2024 2728 et
2055 2666 2160 2727 ille
2181 2665 2420 2727 videbat
2447 2665 2772 2744 videntem,
2808 2674 2868 2728 et
2915 2683 3053 2727 cum
3106 2670 3266 2728 esset
3295 2663 3605 2744 prapheta,

1966 2775 2086 2818 non
2122 2757 2426 2833 ignorabat
2449 2774 2582 2817 eum
2615 2759 2714 2837 qui
2748 2763 2875 2819 erat
2903 2755 3144 2832 similis,
3179 2761 3237 2817 et
3263 2753 3502 2816 assidue
3530 2751 3607 2814 ad

1965 2865 2102 2907 eum
2134 2843 2494 2908 veniebat.Is
2550 2847 2823 2926 praedixit
2849 2846 3139 2926 futurum,
3173 2851 3236 2905 ut
3263 2860 3385 2904 non
3413 2841 3606 2904 solum

1962 2935 2125 3013 gregi
2158 2943 2465 3014 praeesset,
2515 2933 2621 2996 sed
2673 2935 2848 2996 simul
2898 2933 3104 2996 omnia
3138 2953 3152 2996 :
3186 2932 3348 3010 quod
3378 2931 3607 2994 scilicet

1962 3024 2194 3084 futurus
2211 3031 2367 3086 esset
2395 3025 2588 3086 clarus
2609 3033 2853 3105 propter
2881 3023 3246 3098 virtutem,et
3275 3020 3433 3102 quod
3463 3020 3607 3082 uni-

1961 3131 2191 3175 versam
2221 3114 2343 3176 fere
2377 3123 2593 3176 terram
2627 3122 2684 3175 et
2741 3132 2903 3176 mare
2947 3113 3266 3193 impletura
3291 3117 3449 3172 esset
3476 3111 3606 3191 ejus

1963 3203 2150 3281 gloria
2185 3221 2198 3262 :
2237 3203 2394 3284 quod
2432 3203 2602 3265 multi
2637 3206 2826 3267 Graeci
2855 3201 3179 3265 etBarbari
3200 3200 3272 3264 ab
3301 3200 3456 3263 illius
3485 3199 3605 3260 lin-

1963 3310 2084 3373 gua
2111 3294 2441 3375 pendentes
2491 3293 2738 3374 patriam
2772 3292 3013 3374 quidem
3049 3289 3376 3372 abjuraturi
3406 3297 3610 3352 essent

1961 3383 2039 3444 im
2053 3383 2484 3464 pietatem,Deo
2508 3392 2706 3445 autem
2738 3391 2941 3446 essent
2972 3379 3366 3444 consecrandi
3395 3397 3408 3439 :
3443 3378 3602 3460 quod

1960 3471 2120 3534 Deus
2141 3474 2308 3535 valde
2329 3473 2385 3534 in
2409 3475 2539 3553 ipso
2562 3481 2620 3535 et
2641 3491 2747 3555 per
2769 3475 2961 3554 ipsum
2983 3479 3140 3533 esset
3155 3467 3600 3549 glorificandus,

1960 3570 2017 3623 et
2042 3563 2213 3624 multi
2243 3563 2349 3623 ﬁlii
2379 3561 2486 3624 Dei
2519 3581 2625 3643 per
2655 3563 2821 3623 illum
2879 3568 3078 3622 essent
3133 3557 3316 3620 futuri
3348 3564 3408 3617 et
3434 3556 3602 3634 digni

1958 3659 2159 3714 essent
2180 3652 2740 3732 censendipaterna
2771 3650 3144 3712 haereditate.
3169 3647 3306 3709 Haec
3334 3645 3436 3707 ille
3465 3645 3598 3724 qui-

1957 3741 2093 3802 dem
2129 3742 2364 3804 dicebal.
2396 3760 2409 3804 :
2438 3760 2512 3804 an
2538 3749 2734 3803 autem
2756 3741 3027 3804 effectum
3052 3738 3128 3798 sit
3157 3741 3598 3816 consecuta,os-

1957 3830 2148 3892 tendit
2179 3831 2260 3912 id,
2308 3831 2465 3911 quod
2499 3839 2586 3893 est
2618 3838 2821 3910 postea
2844 3835 3259 3892 consecutum.

2035 3920 2132 3984 IX.
2167 3920 2478 3984 Marcellus
2501 3937 2639 3983 vero
2673 3921 2798 3990 bmc
2827 3918 3104 3999 audiens,
3139 3916 3284 3997 quin
3313 3913 3491 3977 etiam
3522 3929 3594 3978 ea

1953 4029 2084 4092 quae
2115 4010 2298 4073 audiit
2330 4010 2576 4086 faciens,
2627 4009 2772 4072 nihil
2819 4027 3077 4091 unquam
3111 4007 3187 4070 de
3217 4024 3284 4068 se
3314 4022 3592 4084 magnum

1951 4110 2053 4166 aut
2086 4110 2286 4164 mente
2315 4100 2593 4181 concepit
2615 4109 2820 4162 autest
2843 4097 3211 4175 locutus,sed
3235 4097 3348 4158 hoc
3372 4095 3589 4176 potius,

1955 4190 2112 4273 quod
2144 4210 2280 4254 cum
2314 4191 2462 4253 alios
2513 4191 2857 4272 excelleret,
2912 4197 2971 4252 et
3016 4196 3175 4251 esset
3205 4186 3454 4270 primus,
3489 4202 3590 4245 se-

1951 4282 2149 4364 ipsum
2176 4282 2547 4345 existimaret
2569 4289 2628 4343 et
2650 4282 2987 4343 nominaret
3005 4277 3274 4340 omnium
3291 4275 3589 4364 ultimum.

1953 4362 2019 4434 Id
2045 4380 2241 4433 autem
2275 4391 2342 4432 ex
2395 4371 2496 4433 illo
2528 4389 2764 4451 quoque
2798 4369 3187 4449 signiﬁcatur.
3221 4364 3276 4427 Is
3306 4381 3441 4425 cum
3473 4362 3589 4424 ali-

208 4491 304 4527 του
367 4463 632 4540 ἡδόμενος
691 4462 960 4542 γέροντος,
1018 4463 1242 4520 ἐπιπολὺ
1286 4464 1561 4544 ὲνετρόφα,
1622 4470 1705 4524 καὶ
1769 4475 1868 4537 τῆς

1964 4463 2187 4545 quando
2210 4461 2610 4524 delectaretur
2630 4478 2909 4522 sermone
2926 4456 3088 4520 senis
3120 4453 3296 4545 hujus
3319 4451 3590 4545 admira-

209 4559 421 4615 ἐκείνου
494 4534 766 4630 γλώττης.
817 4553 1102 4632 ἐχόμενος,
1151 4554 1209 4609 οὗ
1279 4534 1673 4634 παρῆνιμονῇο
1747 4573 1864 4623 τοῖς

1964 4534 2113 4628 bilis,
2156 4552 2255 4613 diu
2301 4551 2469 4632 quasi
2516 4550 2872 4632 quibusdam
2902 4534 3211 4611 fruebatur
3238 4541 3593 4634 deliciis,_et

208 4659 494 4727 μοναχοῖς
529 4643 583 4699 δὲ
628 4644 719 4700 καί
771 4643 920 4700 ἀπὼν
967 4641 1176 4709 ἥδιστον
1213 4645 1426 4724 ὁπηρχε
1482 4643 1747 4728 διήγημα,
1779 4651 1868 4707 καὶ

209 4737 370 4816 λόγοι
433 4734 574 4799 τινὲς
609 4734 841 4812 ἐγίνοντο
902 4734 1033 4812 πρὸς
1066 4732 1319 4801 Ἰωαννην
1367 4736 1478 4813 περὶ
1509 4737 1690 4797 αὖτοῦ.
1751 4745 1866 4796 Τῶν

212 4828 485 4906 μοναχῶν
561 4827 650 4880 οὖν
725 4826 772 4880 οἱ
829 4822 928 4898 μὲν
993 4821 1386 4901 σπουδαιότεροι
1441 4823 1609 4881 τᾶλλα
1664 4849 1720 4884 τε
1773 4835 1867 4887 τοῦ

211 4917 407 4995 ἀνδρὸς
468 4915 823 4991 θαυμάζοντες
879 4913 1037 4980 ἦσαν’
1106 4916 1192 4970 καὶ
1235 4913 1398 4969 ταῦτα
1457 4913 1511 4969 δὲ
1570 4919 1867 4994 προσετίθε.

212 5030 339 5083 σαν,
415 5004 498 5061 ὅτι
557 5007 655 5071 τῆς
705 5005 886 5084 ἠρχῆς
941 5003 1147 5078 ἐξέοτη,
1193 5006 1282 5060 καὶ
1359 5005 1441 5060 τὸν
1497 5006 1676 5084 θρόνον
1731 5008 1868 5066 οὕτω

210 5097 409 5177 ῥᾳδίως
474 5094 730 5168 ἀπέλιπε,
793 5099 1012 5174 πρᾶγμα
1079 5094 1280 5172 ὁλιγοις
1339 5093 1527 5168 κομιδῆ
1583 5101 1868 5176 κατορθού-

212 5206 405 5265 μενον*
471 5187 519 5240 0't
593 5185 814 5262 ρᾀυμοι
875 5183 951 5259 δὲ,
1015 5184 1099 5240 καὶ
1169 5186 1230 5239 τὸ
1308 5184 1528 5264 μέγεθος
1588 5187 1868 5266 ἀγνοῦντες

209 5283 312 5346 τῆς
365 5275 685 5355 Μαρκέλλου
732 5279 941 5354 ψυχῆς,
974 5273 1102 5330 αὐτὸ
1130 5277 1284 5331 τοῦτο
1325 5275 1424 5341 τὴν
1459 5273 1610 5340 δόξαν
1653 5295 1863 5358 φυγεῖν,

212 5371 310 5439 τὴν
342 5365 646 5448 φιλοδοξίαν
689 5365 839 5444 ἔχειν
899 5363 1081 5442 ἔλεγον
1129 5362 1397 5442 ἀφορμήν,
1447 5362 1575 5422 οὐδὲ
1607 5366 1704 5444 γὰρ
1755 5366 1866 5432 ἐξὸν

213 5458 405 5541 ἄρχειν
471 5453 788 5535 Μαρκέλλῳ,
822 5453 977 5518 αὐτὸς
1023 5453 1208 5531 ἠγάπα
1267 5452 1471 5529 μᾶλλον
1533 5453 1618 5536 ὑφ’
1674 5456 1864 5536 ἐτέρων

214 5547 504 5631 ἄρχεσθαι,
551 5543 670 5602 ἀλλ’
702 5544 783 5600 ὅτι
815 5545 893 5620 μὴ
923 5543 1104 5623 ἠγνόει
1165 5545 1256 5600 τὸν
1293 5543 1538 5611 Ἰωαννην
1599 5569 1865 5624 προτιμη-

212 5641 494 5719 θήσεσθκι,
525 5636 616 5692 καὶ
676 5636 764 5692 τὸν
796 5634 939 5694 εἶναι
999 5634 1090 5690 τὸν
1125 5633 1225 5701 τὴν
1279 5633 1459 5714 ἀρχὴν
1490 5635 1686 5704 ταύτην
1745 5635 1864 5696 δια-

543 5746 809 5812 PATROL.
838 5747 951 5812 Gn.
989 5747 1193 5814 CXVI.

1951 4644 2023 4707 ab
2057 4644 2240 4722 illius,
2275 4642 2477 4720 lingua
2500 4642 2794 4722 pendens,
2830 4660 2948 4702 non
2980 4639 3183 4701 aderat
3205 4632 3586 4696 monasterio.

1951 4734 2126 4815 Apud
2158 4733 2646 4810 monachos,cum
2671 4730 2932 4806 abesset,
2967 4729 3256 4790 inciderat
3276 4722 3591 4806 jucundis~

1949 4825 2102 4886 sima
2133 4824 2208 4884 de
2265 4841 2336 4882 eo
2390 4820 2670 4890 narratio,
2707 4829 2766 4881 et
2815 4819 2891 4881 de
2943 4837 3014 4880 eo
3045 4815 3416 4878 habebantur
3462 4829 3591 4874 ser-

1953 4932 2162 4976 mones
2191 4912 2428 4992 quidam
2459 4909 2613 4990 apud
2643 4909 2958 4971 Joannem.
3009 4909 3202 4986 Atque
3257 4921 3325 4964 ex
3380 4919 3589 4992 mona-

1951 5005 2080 5066 chis
2112 4991 2352 5083 quidem
2386 4999 2428 5060 ii
2455 4999 2556 5079 qui
2587 5005 2756 5060 erant
2797 4996 3130 5078 probiores,
3162 5002 3220 5055 et
3249 4992 3365 5052 alia
3412 4991 3590 5083 huius

1951 5095 2063 5156 viri
2094 5080 2546 5153 admirabantur
2579 5109 2591 5146 :
2619 5093 2761 5168 quin
2809 5087 2986 5148 etiam
3003 5085 3118 5146 hoc
3135 5100 3371 5164 quoque
3397 5080 3586 5141 adde-

1951 5186 2118 5258 bant,
2151 5179 2308 5262 quod
2339 5198 2371 5241 a
2405 5177 2758 5259 praefectura
2795 5194 2862 5239 se
2891 5174 3344 5249 removisset,et
3372 5170 3582 5262 sedem

1952 5284 2074 5338 tam
2107 5261 2282 5333 facile
2315 5269 2678 5348 reliquisset,
2715 5285 2843 5330 rem
2869 5285 3001 5348 quae
3020 5265 3171 5327 solet
3195 5263 3326 5324 fieri
3353 5279 3387 5323 a
3419 5261 3588 5323 valde

1951 5364 2180 5447 paucis.
2213 5360 2480 5440 Improbi
2514 5366 2800 5437 autem,et
2821 5357 2925 5439 qui
2950 5353 3304 5447 ignorabant
3327 5350 3590 5447 biarcelli

1947 5443 2132 5518 animi
2165 5449 2664 5531 magnitudinem,
2697 5449 2811 5512 hoc
2863 5448 3088 5528 ipsum,
3143 5443 3299 5526 quod
3340 5443 3590 5522 fugisset

1949 5546 2221 5626 gloriam,
2259 5542 2541 5604 dicebant
2570 5542 2630 5601 in
2692 5558 2758 5601 se
2789 5537 3013 5602 habere
3044 5534 3361 5626 quamdam
3395 5542 3588 5626 mate-

1948 5624 2103 5702 riam
2127 5645 2188 5698 et
2209 5634 2584 5703 occasionem
2607 5630 2810 5711 gloriae
2834 5624 3408 5711 cupiditatis.Neque
3429 5624 3588 5689 enim

3234 5733 3311 5799 23
