4022 6146
410 313 527 382 715

1712 302 1873 368 ΜΕΝ
1883 299 1994 364 SIS
2035 297 2286 362 DECEM
2293 297 2464 360 BER.

3656 296 3784 365 716

410 468 548 516 cum
579 448 795 512 liceret
823 443 1436 523 Marcelloimperare,
1460 437 1662 500 maluit
1690 437 1820 519 ipse
1851 451 2086 515 parere.

2176 432 2441 514 εξόμενον,
2490 435 2576 492 καί
2647 433 2731 494 διὰ
2792 442 2954 493 ταῦτα
3021 436 3119 503 τὴν
3176 437 3344 517 φυγὴν
3413 435 3642 518 ἑλέσθαι,
3689 445 3786 494 τοῦ

411 541 570 616 aliis,
609 538 714 600 sed
743 535 904 613 quod
935 553 1054 596 non
1087 535 1388 614 ignoraret
1419 529 1777 606 futurum,ut
1803 524 2065 616 Joannes

414 631 471 691 ei
501 614 563 690 in
592 629 823 690 honore
882 623 1285 704 praeferretur,
1337 626 1398 680 et
1440 634 1578 680 eum
1613 633 1770 695 esse,
1812 614 1906 704 qui
1939 619 2065 674 erat

2147 524 2226 596 μὴ
2277 530 2506 602 φανῆναι
2557 524 2796 605 δεύτερον
2855 525 3075 600 ἐκείνου,
3111 528 3199 582 καὶ
3255 527 3332 602 μῆ
3363 524 3602 583 δύνασθαι
3659 528 3788 604 ῥᾷον

2146 613 2437 688 ὑπομεῖναι
2481 615 2580 681 τὴν
2611 617 2909 693 πρόκρισιν.

416 720 477 780 in
533 720 644 780 hac
676 699 1031 797 praefectura
1074 725 1482 797 successurus,
1515 704 1720 766 habuit
1773 722 1838 766 se
1869 703 2003 781 fuga
2056 699 2418 776 subducere,
2456 721 2630 782 quam
2679 702 2870 765 videri
2922 701 3009 766 illi
3040 703 3420 766 secundum:
3475 722 3583 767 nec
3613 705 3796 768 facile

415 796 717 869 sustinere
753 803 942 884 potuit
970 818 1106 863 eum
1131 796 1630 878 esse'prmlatum.

496 896 569 958 X.
597 896 736 956 Haec
753 881 876 954 etsi
907 897 1108 953 essent
1138 887 1442 950 confutatu
1475 884 1690 956 facilia,
1727 881 2064 944 accuratius

419 996 616 1050 tamen
648 982 886 1044 docebit
931 977 1322 1060 experientia.
1380 977 1636 1038 Joannes
1669 972 1829 1034 enim
1859 972 2067 1032 volens

418 1075 748 1151 declarare,
784 1070 856 1131 ad
888 1087 1065 1150 quam
1086 1064 1436 1147 profundam
1466 1063 1728 1124 venisset
1754 1060 2069 1151 Marcellus

415 1149 835 1234 humilitatem,
899 1149 958 1220 et
1014 1154 1377 1237 persuadere
1433 1151 1748 1216 monachis
1778 1168 1852 1211 ne
1897 1149 2068 1212 facile

422 1251 896 1316 condemnarent
929 1266 942 1310 :
976 1245 1202 1320 Rebus,
1235 1243 1454 1324 inquit,
1486 1243 1652 1323 ipsis,
1694 1259 1727 1302 ο
1761 1239 2066 1314 filii,com-

423 1339 778 1403 mittendum
797 1345 886 1399 est
895 1335 1216 1416 judicium;
1239 1350 1497 1413 cumque
1519 1331 1670 1393 nihil
1696 1329 1855 1393 aliud
1879 1328 2065 1390 dixis-

421 1439 538 1512 set,
572 1430 632 1491 in
658 1428 856 1489 animo
888 1423 1164 1490 versabat
1210 1421 1484 1485 redeunti
1531 1419 1814 1484 Marcello
1845 1419 2067 1480 vilissi-

422 1511 586 1582 mum
609 1517 887 1580 ordinem
919 1513 1488 1593 ministerii,nempe
1507 1511 1808 1572 asinorum
1843 1525 2068 1580 curam,

2230 888 2445 957 Καῦτα,
2519 881 2689 938 καίτοι
2793 883 2958 948 οὕτως
3039 884 3165 942 ὅντα
3245 883 3525 962 εὐέλεγκτα
3554 934 3570 966 ,
3642 884 3796 962 ὅμως

2148 969 2518 1050 ἀκριϐέστερον
2567 985 2728 1050 πεῖρα
2771 970 2982 1038 διδάξει.
3036 966 3092 1032 Ὀ
3150 975 3250 1053 γὰρ
3306 973 3556 1041 ’[ώαννης
3607 973 3798 1042 δηλῶ-

2150 1083 2238 1117 σαι
2290 1059 2610 1136 βουλόμενος
2664 1063 2736 1124 εἰς
2795 1061 2920 1118 ὅσον
2951 1063 3108 1139 βάθος
3167 1063 3382 1143 ἀφίκετο
3438 1086 3802 1144 ταπεινοφρο-

2152 1159 2314 1217 σύνης
2369 1153 2397 1206 6
2446 1147 2778 1228 Μάρκελλος,
2824 1151 2919 1207 καί
2969 1152 3090 1216 τοὺς
3148 1154 3418 1232 μοσιαχοὺς
3475 1167 3665 1210 πεῖσαι
3722 1154 3804 1228 μὴ

2150 1238 2336 1317 ῥᾳδίως
2399 1240 2845 1320 καταγινώσκειν,
2909 1239 3154 1318 Ἔργοις,
3217 1240 3318 1321 ἔφη
3377 1241 3422 1297 ὦ
3476 1243 3661 1318 τέκνα,
3700 1244 3806 1310 τὴν

2151 1329 2319 1393 κρίσιν
2360 1329 2723 1408 ἐπιτρεπτέον,
2801 1331 2887 1385 καὶ
2961 1331 3128 1405 μηδὲν
3201 1329 3364 1388 πλέον
3416 1332 3802 1409 φθεγξάμενος,

2154 1418 2366 1498 ἔστρεφε
2436 1419 2572 1475 κατὰ
2642 1426 2758 1476 νοῦν
2813 1421 3135 1488 ἐπανήκοντι
3197 1419 3488 1498 Μαρκέλλῳ
3544 1423 3643 1488 τὴν
3697 1425 3807 1490 τῆς

2153 1510 2437 1584 ὑπηρεσίας
2509 1507 2696 1582 τάξιν,
2756 1515 2849 1566 τοῦ
2922 1507 3044 1568 ὄνου
3111 1511 3207 1576 τὴν
3280 1509 3588 1586 ἐπιμέλειαν
3658 1511 3810 1587 αὒτῴ

423 1609 696 1671 credere.
731 1604 1050 1686 Postquam
1096 1620 1236 1682 ergo
1289 1600 1390 1663 ille
1441 1598 1644 1673 rediit,
1683 1605 1740 1660 et
1769 1598 1883 1660 hoc
1914 1595 2072 1677 quod

2176 1599 2470 1679 γχειρίσαι.
2536 1596 2682 1686 Ἐπεὶ
2740 1598 2828 1654 οὖν
2885 1598 3090 1662 ἐκεῖνος
3144 1601 3400 1680 ἐπανῆκε,
3432 1602 3518 1657 καὶ
3561 1603 3624 1656 τὸ
3681 1601 3810 1682 ἐφύ-

421 1703 724 1760 videbatur
753 1685 1002 1757 maxime
1033 1694 1572 1769 ignominiosum,in
1599 1701 1912 1764 conspectu
1940 1705 2072 1748 om-

2176 1686 2361 1762 ἷριστον
2415 1685 2553 1743 οὕτω
2609 1685 2790 1746 δοκοῦν
2836 1686 2924 1744 ἐπ’
2983 1689 3104 1764 ὄψει
3161 1690 3374 1746 πάντων
3433 1688 3719 1747 ἐπέταττεν
3782 1693 3810 1746 6

426 1786 594 1849 nium
623 1785 804 1865 jussit
834 1784 1163 1864 praefectus,
1200 1779 1518 1844 Marcellus
1551 1778 1651 1840 hic
1695 1776 2070 1839 manifestum

2176 1779 2486 1856 ιαθηγητὴς,
2542 1779 2569 1832 6
2613 1777 2920 1855 Μάρκελλος
2978 1777 3198 1835 ἐνταῦθα
3227 1787 3369 1859 σαφῆ
3425 1780 3523 1848 τὴν
3572 1781 3811 1856 βάσανον

425 1847 590 1937 dedit
611 1847 1026 1953 argumentum
1049 1847 1172 1933 suae
1195 1869 1501 1931 modestiae
1531 1874 1591 1929 et
1619 1865 1866 1928 demissi
1886 1865 2070 1946 spiri-

2176 1867 2249 1935 ςῆς
2309 1847 2766 1947 ’μετριοφροσύνης
2838 1866 3025 1926 ἐδίδου·
3086 1871 3144 1925 οὒ
3203 1847 3364 1944 μόνον
3440 1870 3540 1947 γὰρ
3572 1847 3811 1950 ’χαίρων

423 1973 541 2026 tus.
573 1962 702 2024 Non
734 1961 928 2023 solum
961 1960 1120 2023 enim
1148 1962 1382 2040 jussum
1444 1957 1640 2020 libens
1679 1954 1930 2036 accepit,
1966 1953 2071 2015 sed

2176 1955 2375 2036 ιδὲχετο
2406 1959 2465 2014 τὸ
2509 1957 2802 2036 ἐπίταγμα,
2849 1957 2989 2014 ἀλλὰ
3022 1980 3073 2015 τι
3135 1965 3321 2034 μεῖζον
3382 1960 3468 2016 καὶ
3520 1959 3816 2040 χαριέστε-

422 2053 567 2116 fecit
589 2054 765 2114 etiam
797 2049 1022 2131 aliquid
1045 2046 1575 2127 elegantius.Adeo
1611 2045 1778 2108 enim
1815 2043 2076 2106 libenter

2176 2069 2248 2104 »ον
2305 2045 2658 2107 ἐπεδείκνυτο.
2736 2047 2886 2106 Οὕτω
2965 2065 3088 2127 γαρ,
3152 2049 3347 2128 φησὶν,
3404 2049 3652 2124 ἀσμένως
3710 2057 3814 2117 τήν

427 2144 656 2207 dixitse
669 2141 874 2204 subire
898 2141 1012 2203 hoc
1037 2158 1190 2202 onus
1210 2137 1628 2212 ministerii,ut
1663 2135 1726 2197 id
1755 2134 1932 2198 etiam
1966 2151 2076 2212 po-

2176 2138 2487 2214 ίειτουργίαν
2529 2139 2827 2219 ὑπήρχετο,
2860 2138 2970 2214 ὅσῳ
3026 2141 3114 2195 καὶ
3170 2138 3226 2195 ἐν
3287 2140 3584 2218 εὐεργεσίας
3639 2141 3812 2208 αὐτὴν

425 2242 601 2296 neret
620 2232 683 2293 in
714 2233 843 2292 loco
878 2229 1179 2306 beneficii,
1207 2235 1266 2291 et
1287 2235 1525 2306 rogaret
1556 2232 1621 2288 ut
1652 2223 1807 2287 datis
1839 2221 2077 2303 scriptis

2176 2227 2318 2306 ιοίρᾳ
2354 2227 2604 2303 τίθεσθαι,
2665 2230 2753 2286 καὶ
2809 2229 3157 2306 γραμματείῳ
3224 2229 3284 2284 τὸ
3329 2227 3561 2309 ἀσφαλὲς
3626 2227 3816 2286 λαϐεῖν

427 2322 545 2384 sibi
579 2327 908 2394 caveretur,
937 2327 1003 2380 ut
1032 2335 1168 2396 nec,
1201 2317 1252 2380 si
1281 2316 1460 2379 vellet
1491 2314 1976 2397 quidem,posset
2003 2309 2076 2373 ab

2176 2315 2356 2386 ὶξιοῦν,
2404 2317 2541 2375 ὥστε
2600 2317 2738 2394 μηδὲ
2804 2317 3114 2395 βουλομένῳ
3163 2318 3293 2374 ποτὲ⁹
3337 2319 3504 2395 ταύτῃ
3562 2318 3817 2387 ἐκστῆναι

426 2431 498 2475 eo
519 2412 827 2475 recedere.
855 2408 926 2470 Et
957 2426 1074 2471 non
1101 2411 1187 2470 sic
1216 2407 1364 2470 dixit
1393 2405 1667 2488 quidem,
1725 2421 1844 2466 non
1876 2407 2074 2464 autem

2176 2403 2380 2463 Ξυνατὸν
2417 2411 2582 2469 εἶναι.
2644 2409 2739 2465 Καὶ
2776 2411 2869 2467 οὑκ
2926 2421 3047 2464 εἶπε
3105 2407 3203 2484 μὲν
3261 2408 3452 2487 οὕτως,
3484 2409 3579 2465 οὒκ
3622 2408 3814 2487 ἔπραξε

425 2500 797 2583 fecit.Neqne
819 2498 957 2573 fecit
974 2495 1355 2579 quidem,sed
1388 2513 1564 2575 parvo
1592 2490 1996 2583 temporeﬁed
2017 2488 2078 2549 in

2176 2493 2238 2551 Βέ⁰
2291 2493 2410 2552 οὑδὲ
2453 2495 2641 2576 ἔπραξε
2701 2497 2819 2573 μέν,
2853 2495 2941 2554 ἐπ’
2999 2497 3178 2574 ὀλίγον
3233 2495 3311 2579 δὲ,
3343 2497 3479 2554 ἀλλὰ
3527 2497 3668 2556 πολὺ
3719 2498 3815 2574 μὲν

428 2591 601 2653 factis
629 2579 777 2671 ipsis
821 2589 980 2649 visus
1009 2595 1104 2649 est
1154 2587 1328 2664 longe
1375 2583 1594 2671 acrior.
1627 2579 1856 2642 Tandiu
1881 2585 2076 2671 autem

2176 2584 2476 2662 θερμότερος
2547 2585 2633 2642 ἐπὶ
2701 2589 2805 2642 τῶν
2881 2584 3050 2664 ἔργων
3106 2587 3330 2666 ἑωρᾶτο.
3388 2586 3512 2644 Ἐπὶ
3579 2588 3814 2661 τοσούτῳ

429 2666 770 2761 perseverat
800 2677 862 2738 in
895 2677 1006 2738 hoc
1035 2673 1394 2746 ministerio,
1418 2670 1612 2761 donec
1637 2686 1848 2731 omnes
1869 2666 2080 2761 multis

2176 2670 2218 2761 δὲ
2269 2674 2357 2729 καὶ
2426 2675 2524 2742 τῆν
2580 2675 2872 2753 ὑπηρεσίαν
2936 2675 3265 2752 παρέτεινειν
3335 2675 3436 2740 ἕως
3493 2679 3580 2733 καὶ
3643 2675 3818 2735 πολλὰ

431 2755 711 2850 precibus
739 2765 1041 2844 supplices
1068 2763 1143 2826 ab
1175 2781 1246 2824 eo
1273 2758 1803 2850 contenderunt,ut
1829 2757 1916 2850 eis
1943 2755 2080 2838 qui-

2176 2759 2438 2830 Βεηθέντες
2492 2762 2661 2820 ἱκέται
2721 2764 2917 2828 πάντες
2963 2765 3122 2822 αὑτοῦ
3175 2765 3479 2844 γεγόνασιν,
3531 2765 3673 2822 ὥστε
3718 2769 3816 2824 αὑ-

434 2846 572 2919 dem
596 2859 973 2935 ignosceret;
1004 2852 1076 2914 ab
1099 2851 1214 2914 hoc
1241 2869 1381 2913 vero
1415 2849 1664 2914 servitio
1696 2846 2076 2935 discederet:

2176 2865 2287 2918 τοῖς
2345 2857 2444 2929 μὲν
2499 2857 2790 2934 ωγγὼναι,
2845 2859 2946 2921 τῆς
3004 2851 3059 2909 δὲ
3088 2855 3337 2924 τοιαύτης
3394 2856 3646 2924 ἐκστῆναι
3696 2855 3816 2912 δου-

432 2934 761 3009 ahsurdum
793 2944 953 3005 enim
987 2960 1144 3022 esse,
1180 2942 1356 3004 talem
1389 2939 1578 3002 virum
1613 2947 1728 3001 tam
1759 2936 1893 3000 vilia
1925 2934 2083 2998 subi-

2176 2941 2334 3005 λείας.
2377 2941 2631 3000 ’Ἄτοπον
2662 2944 2762 3022 γὰρ
2793 2940 2951 3020 ἄνδρα
3007 2941 3217 3024 τοιόνδε
3246 2947 3378 3023 πρὸς
3409 2945 3629 3021 ἀτίμως
3681 2944 3818 3001 οὕτω

430 3053 499 3099 re
538 3031 893 3114 ministeria,
928 3031 1030 3113 qui
1062 3031 1223 3111 gregi
1278 3029 1528 3092 rationis
1578 3026 1837 3108 compoti
1869 3026 2084 3105 dignus

2176 3029 2509 3092 καταϐαίνειν
2586 3032 2906 3112 ὑπηφεσίας,
2965 3033 3056 3089 τὸν
3121 3034 3208 3089 καὶ
3278 3056 3513 3111 ποιμνης
3594 3033 3818 3114 λογικῆς

432 3133 559 3186 erat
589 3140 869 3204 praeesse.

2176 3119 2356 3202 Ξὶρχειν
2387 3120 2552 3188 ἄξιον.

512 3209 752 3278 Χι.Νοιι
778 3214 1025 3276 multum
1057 3211 1343 3292 temporis
1363 3208 1792 3281 intercessit,et
1819 3205 2082 3269 Joannes

2250 3210 2362 3272 IA'.
2427 3211 2499 3268 0-3
2554 3211 2692 3270 πολὺ
2745 3213 2807 3268 τὸ
2869 3212 2922 3269 ἐν
2953 3211 3128 3295 μέσῳ,
3159 3215 3246 3271 καὶ
3297 3211 3548 3282 Ἰωάννης
3593 3216 3748 3278 αὑτὸς
3790 3217 3817 3270 ὁ

436 3307 688 3378 ipse,qui
720 3307 1070 3363 monasterio
1093 3263 1624 3376 praeeranmigravit
1653 3301 1723 3358 ad
1752 3299 2082 3384 Dominum,

2176 3302 2264 3368 τῆς
2319 3307 2488 3376 μονῆς
2561 3303 2832 3381 προεστὼς
2881 3263 3128 3380 ἒξειδήμζέ
3181 3306 3313 3384 πρὸς
3371 3263 3582 3383 Κύριδν,
3628 3263 3745 3362 καὶ,
3789 3305 3820 3360 ὅ

437 3391 756 3468 statimque
787 3391 955 3452 divus
977 3389 1296 3453 Marcellus
1322 3389 1570 3450 fratrum
1593 3386 1843 3466 suscipit
1871 3383 2084 3475 praefec

2176 3394 2308 3456 ista;
2369 3392 2556 3448 αὐτίκα
2606 3391 2915 3472 Μάρκελλος
2959 3415 3056 3461 την
3111 3383 3232 3450 τῶν
3275 3393 3517 3475 ἀδελφῶν
3570 3392 3823 3474 ἀναδέχε·

435 3491 690 3561 cturam,
724 3489 782 3542 et
812 3480 1234 3542 charismatum
1267 3477 1418 3540 radii
1450 3476 1656 3558 quales
1687 3472 1998 3564 et‘quanti
2022 3472 2083 3564 in

2176 3501 2256 3537 ται
2318 3483 2665 3560 προστασίαν,
2731 3483 2818 3539 καὶ
2890 3485 2941 3539 αἱ
2998 3482 3104 3539 τῶν
3165 3472 3516 3564 χαρισμάτων
3579 3472 3820 3558 ἇκττνές,

437 3588 508 3630 eo
543 3576 764 3642 essent,
797 3568 1075 3630 omnibus
1119 3584 1363 3630 evasere
1394 3565 1715 3628 manifesti.
1752 3561 1868 3626 Sed
1903 3561 2082 3653 quid-

2176 3574 2283 3628 οἶαι
2313 3572 2403 3628 καὶ
2463 3569 2582 3627 ὅσαι
2637 3576 2714 3645 τῷ
2761 3570 2904 3651 ἀνδρὶ
2960 3561 3205 3653 ἐνῆσαν,
3239 3561 3456 3652 φανεραὶ
3507 3579 3635 3630 πᾶσι
3688 3576 3825 3629 καθ-

437 3678 573 3720 nam
607 3659 736 3739 ejus
757 3659 1049 3740 quispiam
1070 3657 1327 3739 primum
1361 3655 1540 3718 fuerit
1569 3651 2082 3726 admiratus,insi-

2176 3662 2398 3720 ἵσταντο.
2461 3661 2633 3718 Ἀλλὰ
2673 3665 2723 3718 τί
2767 3685 2828 3718 αν
2878 3684 2958 3728 τις
3019 3667 3176 3722 αὑτοῦ
3233 3669 3442 3742 πρῶτον
3501 3663 3819 3739 θαυμάσειε,

439 3765 695 3829 gnemne
724 3748 857 3828 ejus
885 3749 946 3809 in
979 3764 1271 3829 pauperes
1305 3743 1800 3824 misericordiam,
1841 3760 1916 3804 an
1948 3759 2080 3824 quae

2176 3751 2223 3807 τὸ
2275 3748 2607 3828 ὑπερϐάλλον
2654 3751 2748 3819 τῆς
2795 3753 2914 3829 περὶ
2939 3753 3057 3817 τοὺς
3102 3752 3337 3820 πένητας
3389 3750 3816 3832 εὐσπλαγχνίας,

441 3848 683 3921 propter
703 3856 832 3900 eam
857 3837 1008 3900 facta
1026 3845 1185 3914 sunt,
1223 3836 1506 3898 miracula
1527 3838 1554 3894 ?
1581 3834 1682 3916 qui
1711 3833 1800 3896 sic
1831 3832 2072 3914 quidem

2176 3838 2196 3908 ii
2253 3842 2359 3897 τῶν
2389 3840 2474 3897 ἐπὶ
2514 3843 2710 3908 ταύτην
2741 3843 3071 3919 θαυμάτων;
3119 3843 3177 3908 ὃς
3222 3841 3361 3900 οὕτω
3393 3843 3492 3919 μὲν
3535 3842 3602 3899 τὰ
3655 3844 3830 3906 κοινᾶ

442 3927 781 3989 communia
801 3927 968 3999 (nihil
999 3925 1158 3988 enim
1207 3925 1459 3988 habebat
1488 3922 1818 4005 proprium)
1851 3940 2074 4014 consui-

2176 3930 2336 4014 (ἴδιον
2379 3929 2480 4008 γὰρ
2512 3929 2660 3989 οὐδὲν
2701 3929 2855 4012 εἷχε)
2903 3944 3021 3996 τοῖς
3065 3930 3336 4008 δεομένοις
3382 3932 3697 4007 ἀνήλισκεν,
3745 3934 3826 3997 ὡς

446 4016 742 4096 mebat,ut
767 4018 1065 4078 videretur
1093 4015 1267 4096 paulo
1302 4023 1433 4097 post
1453 4024 1512 4077 et
1532 4014 1753 4095 ipse,et
1785 4010 2086 4086 monachi,

2176 4010 2350 4078 δοκεῖν
2407 4019 2533 4076 ὃσον
2563 4017 2709 4078 οὔπω
2749 4010 2944 4097 τὰμὲν
2987 4019 3255 4098 δεομένων
3286 4023 3444 4082 αὐτόν
3485 4042 3543 4079 τε
3574 4022 3663 4079 καὶ
3707 4024 3830 4086 τοὺς

446 4104 758 4192 redigendi
779 4105 852 4166 ad
866 4104 1363 4182 egestatem.Tam
1389 4104 1624 4167 abunde
1636 4111 1832 4192 autem
1854 4101 2086 4192 assidue

2176 4108 2450 4189 μοναχοὺς
2500 4109 2915 4181 ὑποστήσεσθαιθ
2949 4109 3086 4169 οὕτω
3144 4109 3199 4167 δὲ
3231 4111 3486 4192 παρέχων
3535 4110 3833 4182 ἆπλήστων

448 4191 881 4274 suppeditabat,
911 4202 976 4256 ut
1017 4213 1135 4256 non
1183 4195 1588 4274 minus,quam
1615 4191 1771 4272 quod
1796 4188 1938 4253 fecit
1970 4190 2092 4252 Do-

449 4283 1130 4363 minus,conspiceretur
1145 4284 1320 4346 etiam
1343 4284 1402 4344 in
1431 4300 1602 4344 servo
1627 4277 2094 4354 ﬁeri.Quomodo

448 4373 608 4435 enim
628 4381 764 4434 tunc
787 4391 901 4435 non
933 4373 1135 4453 plures
1157 4390 1331 4453 quam
1357 4371 1623 4452 quinque
1657 4387 1862 4450 panes,
1895 4381 1951 4431 et
1977 4368 2095 4430 duo

445 4467 657 4536 pisces,
681 4464 946 4522 aluerunt
977 4464 1408 4522 multitudinem
1433 4463 1736 4519 hominum
1764 4462 1835 4519 ad
1867 4461 2094 4518 satieta—

448 4547 681 4649 temzita
703 4565 1122 4647 nunc-quoque
1148 4547 1352 4627 paucis
1374 4545 1925 4649 quotidiealebatur
1938 4544 2093 4649 inulc
2118 4595 2164 4649 Β

451 4636 642 4697 titudo
672 4637 1002 4713 egentium,
1033 4648 1092 4698 et
1120 4653 1188 4697 ea
1219 4654 1430 4698 rursus
1461 4635 1547 4698 eis
1581 4634 1826 4698 minime
1851 4635 2096 4699 deﬁcie-

449 4725 741 4787 bantSed
771 4725 899 4787 haec
929 4726 1168 4807 quidem
1190 4731 1268 4787 ita
1289 4743 1353 4786 se
1377 4726 2101 4798 habebanLQuemadmo-

452 4815 596 4876 dum
619 4822 818 4876 autem
837 4833 908 4876 ex
931 4814 1112 4877 rebus
1135 4815 1600 4897 diliicillimis,et
1628 4833 1878 4896 quarum
1903 4817 2102 4880 nullus

451 4903 810 4985 operabatur
824 4904 1077 4986 exitus,a
1091 4908 1326 4986 superis
1341 4905 1396 4968 ei
1412 4905 1545 4968 data
1563 4905 1636 4966 sit
1655 4904 2102 4988 solutio,elquae

453 4999 503 5055 ei
531 4998 677 5055 dicta
697 4999 1030 5064 suntﬁnem
1054 5000 1399 5070 acceperint,
1433 5013 1534 5070 par
1559 5005 1643 5056 est
1666 4997 1862 5070 paucis
1885 4999 2096 5057 dicere.

534 5091 664 5157 XII.
699 5095 924 5157 Auctus
946 5093 1184 5174 quidem
1218 5101 1344 5156 erat
1374 5093 1430 5156 ei
1454 5111 1598 5174 grex
1616 5092 1976 5174 quotidianis
1991 5112 2097 5156 ac-

452 5183 849 5254 cessionibus,
885 5192 944 5246 et
966 5183 1346 5246 multitudine
1375 5183 1642 5264 quotidie
1672 5182 1948 5246 dilatatus
1978 5182 2102 5244 effi-

457 5272 652 5334 ciebat
682 5273 998 5354 pecoribus
1027 5282 1249 5334 arctam
1277 5272 1732 5335 habitationem.
1769 5272 1930 5355 Opus
1961 5291 2101 5352 ergo

458 5372 584 5424 erat
609 5361 855 5441 pastori,
891 5361 1102 5442 majori
1131 5360 1376 5438 quidem
1437 5362 1614 5438 atrio,
1645 5362 1853 5442 majori
1900 5372 2100 5424 autem

460 5451 639 5511 domo
655 5450 1190 5530 orationis,majori
1210 5457 1270 5510 et
1289 5451 1666 5525 alimento,et
1687 5451 1917 5529 reliquo
1941 5468 2106 5513 sum-

461 5547 562 5618 ptu
589 5537 661 5598 iis
681 5539 784 5618 qui
805 5539 1038 5601 collecti
1056 5539 1311 5601 fuerant.
1347 5539 1452 5601 llle
1474 5546 1670 5601 autem
1698 5547 1838 5601 tunc
1861 5540 2100 5620 quidem

460 5628 556 5696 vel
578 5627 836 5694 maxime
852 5630 1055 5696 omnia
1077 5630 1431 5698 exhauserat
1446 5628 1508 5694 in
1527 5631 1943 5714 egentes.Erat
1961 5647 2101 5694 vero

2179 4198 2474 4266 ἂνελλιπὴς
2519 4197 2605 4273 ἧν,
2666 4200 2741 4262 ὡς
2803 4197 2948 4256 οὑδὲν
3007 4199 3230 4260 ἔλαττον
3300 4202 3362 4259 τί)
3408 4208 3500 4259 τοῦ
3559 4201 3831 4260 Δεσπότου

2177 4290 2276 4346 κᾶν
2316 4293 2394 4361 τῷ
2451 4285 2622 4360 δούλῳ
2665 4289 2942 4368 γινόμενον
3002 4293 3250 4368 καθορᾷν.
3308 4290 3518 4370 τὨσπερ
3574 4293 3664 4348 καὶ
3705 4292 3827 4348 τότε

2178 4381 2238 4437 οὑ
2295 4378 2509 4442 πλείους
2561 4383 2668 4434 τῶν
2724 4378 2882 4436 πέντε
2951 4379 3123 4459 ἄρτων
3167 4379 3253 4437 καὶ
3303 4386 3409 4436 τῶν
3479 4377 3571 4437 δύο
3629 4380 3826 4460 ἰχθύων

2180 4467 2385 4535 πλῆθος
2437 4468 2724 4546 ἀνθρώπων
2767 4471 2839 4534 εἰς
2881 4469 3038 4547 κόρον
3071 4468 3368 4550 ἐξέτρεφοι,
3399 4469 3540 4527 οὕτω
3592 4472 3678 4526 καὶ
3737 4477 3824 4526 νῦν

2182 4555 2233 4623 ἐξ
2276 4556 2458 4636 ὀλίγου
2505 4556 2689 4628 πλήθη
2725 4578 2779 4617 τε
2823 4557 3091 4634 δεομένων
3137 4559 3466 4624 καθεκάστην
3525 4558 3828 4639 ἐτρέφοντο,

2181 4649 2270 4704 καὶ
2312 4647 2444 4706 αὑτὰ
2500 4645 2660 4704 πάλιν
2705 4651 2862 4728 εἶχεν
2931 4647 3258 4712 ἆνελλιπῶς.
3313 4647 3484 4705 ⁹Λλλὰ
3532 4649 3693 4704 ταῦτο
3735 4647 3829 4725 μὲν

2182 4735 2374 4809 οὕτως,
2421 4735 2568 4800 ὅπως
2603 4734 2658 4792 δὲ
2718 4742 2806 4795 καὶ
2849 4742 2955 4795 τῶν
3025 4738 3329 4818 ἀμηχάνων
3374 4737 3516 4812 αὒτῷ
3554 4737 3754 4795 ἄνωθεν
3795 4738 3827 4804 ἦ

2182 4826 2330 4889 λῦσις
2389 4822 2610 4906 ἐδίδότο,
2661 4827 2748 4884 καὶ
2803 4828 2868 4886 τὰ
2926 4827 3057 4907 πρὸς
3114 4828 3270 4887 αὑτὸν
3311 4827 3534 4906 ῥηθέντα
3565 4829 3626 4884 τὸ
3679 4827 3831 4891 τέλος

2183 4914 2427 4995 ἐδέχετο,
2459 4913 2600 4980 ἀξιον
2621 4913 2705 4972 διὰ
2733 4916 2981 4997 βραχέων
3014 4916 3212 4980 εἰπεῖν,

2263 5094 2368 5157 ΙΒ’,
2413 5093 2616 5160 Ηῦξατο
2648 5095 2745 5172 μὲν
2795 5099 2939 5170 αὑτῷ
2971 5097 3032 5153 τὸ
3078 5097 3322 5173 ποίμνιον
3353 5110 3474 5161 ταῖς
3519 5097 3828 5179 καθημέραν

2181 5185 2531 5260 προσθήκαις,
2589 5187 2677 5242 καὶ
2731 5185 2810 5260 τῷ
2859 5185 3050 5257 πλήθει
3108 5185 3368 5266 ὁσημέραι
3425 5186 3823 5265 πλατυνόμενον

2183 5274 2372 5343 στενὴν
2426 5287 2541 5338 τοῖς
2573 5273 2865 5354 θρέμμασιν
2909 5277 3151 5334 έποιεῠτο
3209 5276 3448 5344 οἴκησιν.
3485 5275 3650 5335 ’Ἔδει
3707 5286 3830 5358 γοῦν

2185 5367 2262 5437 τῷ
2303 5363 2517 5440 ποιμένι
2571 5363 2804 5440 μείζονος
2864 5366 2963 5443 μὲν
3005 5365 3099 5423 τοῦ
3146 5367 3242 5435 τῆς
3289 5372 3600 5447 προσευχῆς
3646 5367 3825 5442 οἴκου,

2185 5452 2428 5519 πλείονος
2473 5452 2529 5511 δὲ
2573 5466 2692 5519 τοῖς
2743 5455 3172 5536 συνειλεγμένοις
3215 5461 3411 5535 τροφῆς
3469 5458 3558 5514 καὶ
3629 5457 3826 5524 λοιπῆς

2185 5540 2446 5613 δαπάνης,
2512 5536 2570 5604 Ὀ
2601 5543 2654 5600 δὲ
2712 5545 2832 5602 τότε
2875 5547 2964 5603 καί
3018 5546 3252 5622 μάλιστα
3283 5546 3456 5604 πάντᾶ
3485 5559 3604 5610 τοῖς
3637 5545 3829 5624 δεομέ-

2187 5657 2296 5701 νοις
2339 5633 2684 5704 εξηντληκὼς
2747 5636 2838 5703 ἦν.
2902 5632 3060 5695 ’Ἐδει
3109 5632 3165 5694 δὲ
3227 5638 3368 5714 αὐτῷ
3395 5635 3657 5698 πλειόνων
3713 5635 3827 5698 dvas
