4022 6146
251 286 374 354 717

1215 292 1402 362 VITA
1445 297 1505 360 S.
1553 294 1945 362 MARCELLI
1983 299 2677 368 ARGHIMANDRITAE.

3509 321 3629 390 718

252 427 549 511 λωματων,
608 430 695 484 καὶ
770 429 1001 504 μάλιστα
1061 432 1190 511 πρὸς
1251 436 1500 491 τοσοῦτον
1553 433 1754 503 πλῆθος
1804 434 1902 490 ἆν-

1992 431 2044 523 ei
2075 451 2226 514 opus
2257 433 2528 514 pluribus
2551 438 2906 523 sumptibus,
2931 450 2988 506 et
3017 448 3276 512 maxime
3307 452 3380 514 ad
3406 460 3628 518 tantam

249 515 416 595 δρῶν,
465 518 700 592 ’Ἔμελλε
761 517 816 575 δὲ
876 519 975 600 ἄρα
1027 528 1104 596 τῷ
1176 528 1291 597 Θεῷ
1347 530 1533 604 ταῦτα,
1584 525 1670 580 καὶ
1727 523 1904 626 ὥσπερ

284 606 310 626 υ
364 611 387 626 ,η
535 609 549 626 ,
659 608 672 626 .
726 612 749 626 λ
822 614 830 623 .
1003 612 1017 626 .
1180 617 1206 626 -
1459 615 1504 626 -.
1831 621 1871 626 __

249 606 446 664 εἴωθεν
507 609 581 672 εἰς
651 608 898 688 ἀφθονίαν
969 612 1030 666 τὸ
1103 617 1324 690 πρᾶγμα
1386 615 1722 680 καθίστησιν,
1805 606 1904 669 Ἠν

246 698 359 775 γάρ
433 719 510 763 τις
589 699 872 776 Φαρέτριος
943 696 1152 778 ἄριστος
1225 699 1276 765 ἐξ
1348 702 1571 780 ἀρίστων
1642 703 1729 760 καὶ
1797 703 1902 779 βα-

243 786 343 842 θεῖ
401 785 614 860 πλούνῳ
688 794 891 865 κομῶν,
969 788 1132 853 Οὗτος
1188 791 1276 846 οὗν
1328 789 1509 868 δριμύν
1560 814 1678 848 τινα
1733 791 1902 871 ἔρωτα

242 880 354 943 τῆς
409 876 543 934 κατὰ
595 879 725 933 Θεὸν
781 876 1044 948 ὠδινήσας
1103 878 1436 959 φιλοσοφίας,
1489 883 1575 938 καὶ
1643 883 1732 938 τὸν
1795 903 1898 938 πο-

241 962 349 1022 λὺν
405 965 610 1023 ἐκεῖνον
667 967 919 1043 πλοῦτον,
980 970 1071 1025 καί
1131 971 1250 1034 τοὺς
1337 968 1532 1035 παῖδας
1604 969 1680 1028 ἔτι
1753 971 1898 1034 νέους

241 1053 408 1119 ὄντας
493 1054 609 1131 μεθ’
685 1057 871 1114 ἑαυτοῦ
947 1057 1396 1137 συμπαραλαϐὼν,
1463 1058 1679 1141 ἔρχεται
1766 1062 1896 1140 πρὸς

243 1145 584 1222 Μάρκελλον,
632 1147 718 1203 καὶ
776 1148 948 1203 πάντα
1007 1151 1140 1223 ὁμοῦ
1200 1150 1394 1206 καὶτὰ
1466 1152 1749 1230 χρήματα,
1809 1152 1895 1206 καὶ

243 1234 316 1290 τὰ
375 1234 530 1290 τέκνα
585 1236 672 1292 καὶ
727 1237 910 1293 ἑαυτὸν
962 1238 1202 1313 καθιεροῖ
1258 1245 1333 1312 τῷ
1379 1243 1514 1312 eup-
1564 1239 1747 1296 ἕαυτὸν
1799 1240 1894 1314 μὲν

245 1326 346 1378 καὶ
399 1323 518 1387 τοὺς
576 1324 717 1387 υἱοὺς
777 1325 877 1392 τὴν
944 1325 1085 1403 ἱερὰν
1147 1324 1359 1389 ὲνδύσας
1405 1335 1511 1383 τῶν
1561 1329 1898 1404 μοναζόντων

246 1409 474 1484 στολὴν,
507 1412 642 1489 ῥέειν
701 1414 754 1469 δὲ
815 1413 1008 1491 τρέψας
1061 1417 1148 1472 τὸν
1186 1415 1411 1473 πλοῦτον
1445 1419 1516 1482 εἷς
1561 1418 1624 1473 τὰ
1658 1419 1733 1492 τῷ
1790 1441 1897 1493 μο-

246 1503 522 1578 ναστηρίῳ
577 1502 844 1582 χρήσιμα.
903 1505 999 1561 Καὶ
1055 1511 1238 1581 πρῶτα
1311 1507 1408 1580 μὲν
1461 1509 1551 1563 τὸν
1612 1509 1747 1586 ἱερὸν
1804 1513 1902 1574 τῆς

247 1593 564 1670 προσευχῆς
622 1592 778 1648 οἶκον
830 1594 1096 1671 εὐρύτερον
1142 1617 1198 1649 τε
1255 1595 1438 1660 αὒτὸϊς
1491 1598 1573 1653 καὶ
1632 1598 1902 1674 μετεωρόο

243 1700 431 1758 τερον,
477 1681 564 1736 καὶ
593 1682 666 1746 ὡς
727 1691 809 1739 νῦν
848 1680 989 1762 ἔχει,
1026 1684 1468 1764 κατεσγευάσατο,
1504 1682 1584 1762 ἐφ’
1635 1688 1678 1758 ᾧ
1721 1685 1901 1756 πλήθη

243 1791 312 1825 τε
371 1767 544 1826 πολλὰ
571 1769 943 1850 σκλλέγεσθαι,
1000 1773 1089 1827 καὶ
1133 1770 1256 1852 δίχα
1312 1775 1667 1853 στενοχωρίας
1701 1777 1764 1831 τὸ
1812 1785 1902 1834 τοῦ

245 1867 388 1915 Θεοῦ
447 1858 593 1938 ἔργον
651 1858 848 1916 ἁνύεινο
912 1859 1094 1917 ἔπειτα
1123 1863 1188 1917 τὰ
1239 1860 1397 1919 λοιπὰ
1448 1864 1642 1939 πάντα,
1669 1865 1764 1927 τὰς
1795 1871 1901 1921 τῶν

242 1946 493 2028 ἀδελφῶν
565 1950 754 2023 οἰκίας,
815 1951 938 2014 τοὺς
997 1949 1282 2029 ἀνδρῶνας.
1347 1951 1463 2008 ὅσοι
1517 1975 1575 2008 τε
1630 1954 1717 2010 καὶ
1776 1957 1897 2019 τοὺς

241 2036 451 2112 ξένους,
512 2036 626 2095 ὅσοι
678 2039 798 2102 τοὺς
876 2047 1156 2103 νοσοῦντας
1229 2038 1500 2120 ἐδέχοντο·
1581 2043 1668 2098 καὶ
1713 2042 1894 2107 ἁπλῶς

241 2127 350 2203 μὲν
419 2134 524 2183 τῶν
588 2127 755 2185 οἴκων
811 2129 1183 2196 πεπονηκότας
1253 2130 1604 2211 ἀνενεώσατο,
1653 2134 1774 2198 toi);
1841 2131 1892 2187 δὲ

242 2217 343 2274 καὶ
400 2219 551 2278 αὐτὸς
585 2215 874 2296 φιλοτίμως
926 2217 1194 2297 ἀνήγειρε,
1243 2221 1330 2275 καὶ
1365 2225 1468 2275 τῶν
1525 2219 1702 2277 ἄλλων
1761 2221 1901 2278 πάν-

243 2328 358 2361 των
408 2304 505 2360 ὅσα
534 2327 594 2382 γε
636 2305 935 2379 τηλικούτῳ
985 2308 1082 2383 βίῳ
1148 2306 1249 2363 ἔδει
1295 2309 1540 2388 ἀφθονίαν
1573 2309 1898 2390 παρέσχετο,

338 2393 446 2453 ll".
481 2396 622 2474 Εἶχε
656 2397 750 2470 μὲν
783 2394 919 2452 οὕτω
950 2403 1134 2454 ταῦτα·
1171 2395 1403 2455 ἐπεδίδου
1433 2396 1486 2454 δὲ
1523 2401 1609 2456 καὶ
1639 2401 1715 2474 τῷ
1751 2407 1900 2479 Μαρα-

253 2482 438 2556 κέλλῳ
479 2483 593 2540 καθ’
653 2485 882 2553 ἑκάστην
942 2488 975 2555 ἦ
1015 2489 1239 2563 ποίμνῆ,
1287 2489 1374 2544 καὶ
1431 2487 1672 2555 ηὔξανεν.
1737 2488 1903 2547 Εἶλκε

260 2573 368 2651 γὰρ
419 2573 584 2631 πάντα
641 2575 673 2642 ἡ
743 2576 944 2632 ἑκείνου
1006 2578 1211 2654 σειρήνν
1272 2576 1431 2655 λόγος
1501 2578 1625 2645 ἡδὺς
1696 2601 1900 2654 συνημ-

257 2662 451 2738 μένους
507 2665 604 2739 βίῳ
647 2665 1025 2744 καθαρωτάτῳ.
1079 2667 1182 2722 Καῖ
1217 2667 1397 2740 μέντοι
1453 2668 1540 2723 καὶ
1573 2665 1704 2732 ἅλας
1760 2672 1903 2724 θετον

253 2755 320 2808 τὸ
377 2750 466 2808 ὑπ’
534 2753 690 2812 κῦτὸν
766 2755 1010 2830 ποίμνιον
1068 2756 1385 2834 γεγενῆσθαι
1445 2759 1754 2836 πιστεύσας,
1817 2761 1903 2814 καὶ

253 2842 377 2905 τοῖς
429 2840 614 2906 ἄλλοις
674 2843 1003 2917 μεταδιδόναι
1051 2849 1145 2911 τῆς
1177 2844 1316 2908 θείας
1368 2844 1547 2921 ἅλμης
1579 2848 1665 2902 καὶ
1709 2845 1900 2913 ἡδονῆς

255 2932 444 2995 αὐτοὺς
488 2929 720 3007 ἔπεμψε.
783 2934 877 2989 Καὶ
931 2931 989 2988 ὅν
1033 2954 1157 3013 φασι
1221 2933 1412 3011 τρόπον
1474 2933 1532 2990 ἐκ
1587 2939 1687 3002 τῆς
1732 2936 1902 3012 μεγά-

252 3019 355 3084 λης
429 3017 594 3091 Ἐδὲμ
652 3022 771 3084 τοὺς
831 3021 1091 3100 τέσσαρας
1175 3022 1546 3096 ἐκπορεύεσθαι
1606 3025 1898 3100 ποταμοὺς,

1988 521 2246 584 virorum
2283 525 2752 590 multitudinem.
2808 521 3073 597 Fuerunt
3101 545 3297 602 autem
3351 542 3480 604 haec
3510 543 3631 606 Deo

1988 628 2166 690 curae,
2213 619 2271 673 et
2326 631 2480 691 rem,
2531 623 2594 677 ut
2651 619 2821 696 solet,
2880 624 3134 688 traducit
3183 628 3628 695 abundantiam.

1986 699 2127 760 Erat
2158 701 2312 761 enim
2338 703 2579 779 quidem
2613 708 3244 795 Pharetrius,optimus
3262 739 3336 782 ex
3366 722 3630 802 optimis,

1987 795 2044 848 et
2076 788 2248 868 longe
2285 790 2633 859 ditissimus.
2668 796 2722 858 Is
2752 818 2887 862 cum
2920 788 3118 866 acrem
3151 788 3472 889 quemda-m
3497 830 3633 874 con-

1985 877 2241 980 cepisset
2291 897 2553 944 amorem
2588 888 2751 980 ej_us_,_
2768 909 2904 980 quae
2953 900 3044 954 est
3075 913 3145 958 ex
3167 877 3324 974 .Deo,
3363 900 3634 980 philoso-

1983 965 2159 1064 phiae,
2191 984 2391 1064 secum
2423 975 2684 1055 acceptis
2714 965 2831 1040 illis
2889 981 3012 1044 suis
3044 965 3384 1064 ingentibus
3414 990 3634 1052 divitiis

1983 1062 2040 1147 et
2072 1054 2206 1147 ﬁliis
2241 1059 2435 1122 adhuc
2461 1054 2706 1147 teneris,
2741 1070 2896 1131 venit
2921 1071 2992 1131 ad
3023 1054 3388 1140 Marcellum:
3420 1086 3479 1140 et
3509 1097 3635 1140 om-

1981 1144 2076 1204 nia
2108 1144 2308 1222 simul,
2335 1167 2549 1230 nempe
2571 1161 2628 1214 et
2660 1144 2964 1235 pecunias,
2987 1171 3046 1222 et
3074 1162 3249 1242 ﬁlios,
3277 1173 3336 1227 et
3363 1167 3630 1247 seipsum

1981 1233 2101 1294 Deo
2133 1246 2442 1300 consecrat
2471 1260 2484 1302 :
2523 1233 2786 1322 seipsum
2810 1233 3051 1328 quidem
3075 1260 3133 1313 et
3156 1233 3310 1316 ﬁlios
3335 1233 3626 1318 sacrave—

1978 1329 2069 1383 ste
2091 1324 2345 1386 induens
2389 1333 2734 1412 monastica,
2773 1324 2918 1416 opes
2947 1349 3145 1403 autem
3180 1354 3532 1406 convertens
3553 1345 3630 1407 ad

1981 1428 2151 1472 usum
2179 1420 2551 1482 monasterii.
2584 1420 2656 1482 Et
2699 1424 2956 1504 primum
2989 1431 3233 1510 quidem
3259 1451 3486 1495 sacram
3512 1435 3626 1496 do-

1989 1517 2149 1561 mum
2183 1505 2466 1569 orationis
2497 1509 2584 1571 eis
2617 1522 2674 1573 et
2704 1505 3090 1595 latiorem,_et
3121 1523 3534 1605 excelsiorem,
3571 1531 3631 1586 et

1986 1590 2067 1680 ita
2097 1599 2158 1652 ut
2184 1613 2342 1658 nunc
2370 1616 2435 1660 se
2465 1600 2664 1680 habet,
2699 1590 3026 1672 construxit
3059 1631 3072 1670 :
3131 1621 3194 1673 ut
3226 1619 3284 1674 et
3313 1590 3628 1678 multitudo

1986 1679 2385 1763 colligeretur,
2423 1697 2481 1751 et
2529 1690 2590 1751 in
2626 1694 2817 1756 nullas
2853 1699 3094 1762 redacta
3125 1704 3446 1781 angustias,
3481 1721 3630 1784 opus

1987 1770 2080 1829 Dei
2107 1787 2419 1848 perageret.
2449 1781 2668 1843 Deinde
2688 1789 2906 1861 reliqua
2933 1770 3389 1860 omnia,fratrum
3409 1770 3627 1863 domos,

1985 1859 2309 1937 andrones,
2342 1871 2457 1926 tam
2492 1868 2592 1947 qui
2626 1859 2997 1954 peregrinos,
3033 1896 3211 1958 quam
3245 1879 3347 1962 qui
3378 1889 3630 1960 aegrotos

1983 1949 2359 2028 excipiebant
2385 1973 2398 2016 :
2423 1963 2480 2017 et
2501 1959 2572 2019 ad
2611 1949 3180 2046 summam,dvomos,
3213 1949 3357 2033 alias
3392 1949 3632 2052 quidem

1981 2055 2112 2116 quae
2136 2039 2483 2108 laborabant.
2515 2055 2571 2108 et
2601 2051 2832 2114 ruinam
2867 2039 3267 2134 minabantur,
3293 2039 3628 2140 renovavit;

1976 2127 2121 2186 alias
2179 2137 2374 2193 autem
2409 2138 2725 2215 magniﬁce
2771 2143 3086 2225 excitavit;
3121 2155 3178 2209 et
3205 2148 3458 2213 aliorum
3504 2170 3629 2213 om-

1988 2215 2174 2321 nium,
2209 2238 2339 2299 quae
2373 2223 2717 2302 liujusmodi
2745 2232 2874 2294 vitae
2902 2215 3208 2299 communi
3258 2257 3407 2320 opus
3436 2249 3625 2321 erant,

1986 2305 2238 2383 praebuit
2266 2309 2712 2380 abundantiam.

2066 2393 2219 2499 ΧΨ.
2251 2396 2388 2499 Haec
2418 2404 2657 2499 quidem
2688 2407 2768 2499 ita
2813 2427 2877 2471 se
2905 2410 3241 2480 habebant:
3275 2437 3488 2499 magno
3517 2440 3629 2485 au-

1986 2491 2108 2584 tem
2127 2483 2399 2586 Marcello
2420 2510 2565 2569 grex
2591 2495 2647 2555 in
2672 2495 2798 2558 dies
2828 2502 3228 2580 cresccbat,et
3243 2483 3628 2586 augmentum

1986 2572 2332 2653 accipiebat.
2373 2581 2604 2680 .Omnes
2650 2587 2806 2680 enim
2855 2572 3186 2657 attrahebat
3234 2572 3393 2659 illius
3437 2572 3625 2680 Siren,

1987 2679 2204 2744 nempe
2227 2667 2422 2730 suavis
2445 2673 2980 2754 oratio,conjuncta
3002 2700 3135 2743 cum
3153 2685 3266 2748 vita
3289 2667 3625 2768 purissima:

1987 2753 2167 2814 Porro
2203 2765 2398 2818 autem
2429 2776 2563 2821 cum
2595 2753 3130 2834 etiamicredidisset
3159 2753 3338 2839 solem
3370 2782 3629 2842 divinum

1987 2858 2118 2901 esse
2144 2842 2365 2906 factum
2399 2852 2668 2931 eum,qui
2701 2854 2756 2915 ei
2787 2857 3052 2938 parebat,
3081 2881 3340 2944 gregem,
3366 2886 3469 2929 eos
3499 2868 3628 2932 mit-

1988 2930 2165 3036 tebat,
2212 2941 2275 2993 ut
2332 2935 2479 2998 alios
2525 2958 2758 3036 quoque
2787 2930 3002 3010 vdivino
3037 2930 3630 3036 's‘alevimplerentet

1985 3020 2300 3124 voluptate.
2357 3029 2425 3087 Et
2455 3031 2755 3124 quomodo
2794 3052 2868 3124 ex
2919 3055 3130 3120 magna
3155 3020 3327 3106 Eden
3374 3020 3632 3124 quatuor

255 3107 394 3166 οὕτω
435 3108 499 3178 δὴ
545 3112 633 3166 καὶ
685 3111 745 3167 ἐκ
799 3113 895 3177 τῆς
954 3110 1266 3191 Μαρκέλλου
1325 3117 1527 3182 σκηνῆς
1571 3111 1762 3189 ἤρξατο
1818 3111 1904 3168 διὰ

1992 3108 2192 3171 dicunt
2247 3131 2492 3178 manare
2525 3119 2756 3202 ﬂuvios,
2789 3123 2870 3185 ita
2919 3107 3094 3190 etiam
3148 3149 3218 3194 ex
3248 3107 3506 3199 Marc‘elli
3537 3145 3629 3200 ta-

257 3199 432 3265 πάσης
491 3176 701 3279 σχεδὸν
759 3204 857 3268 τῆς
921 3176 1234 3278 οἰκουμένης
1293 3206 1614 3292 προχεῖσθαι
1658 3203 1902 3292 ,καθαρόν

2431 3176 2434 3177 ,
2471 3176 2483 3178 ε
2527 3176 2730 3182 --πή-ν-
2789 3176 2870 3185 --ν-
2919 3176 3094 3190 νσιυιιιι
3149 3176 3218 3194 va
3248 3176 3506 3199 ιιιαινῠιιι
3539 3176 3629 3200 ια’·

1992 3197 2308 3264 bernaculo
2341 3211 2517 3286 coepit
2548 3227 2655 3288 per
2685 3176 3026 3279 universum
3058 3218 3183 3284 fere
3214 3222 3420 3287 orbem
3461 3236 3632 3292 terrm

258 3289 346 3343 καὶ
422 3287 631 3354 ἥδιστον
689 3291 780 3346 καὶ
839 3292 1100 3368 σωνήριον
1179 3297 1342 3371 νᾶμα,
1417 3293 1450 3359 ἡ
1522 3290 1898 3371 ἀκριϐεστάτη,

261 3377 424 3454 φημὶ,
481 3382 577 3444 τῆς
643 3378 844 3436 ἐκείνου
899 3378 1170 3445 πολιτείας
1216 3383 1468 3456 μίμησις,
1533 3380 1650 3439 Ἔτι
1723 3380 1776 3438 δὲ
1821 3385 1902 3447 οἷς

261 3465 350 3520 καὶ
406 3469 499 3532 τῆς
559 3465 854 3542 ἀκοιμήτου
911 3475 1020 3525 τῶν
1077 3468 1187 3526 ἅνω
1259 3468 1532 3546 δυνάμεων
1576 3469 1902 3549 λειτουργίας

259 3556 288 3610 ὁ
354 3553 538 3629 ζῆλος,
599 3556 836 3613 ἐντεῦθεν
895 3558 992 3625 τὴν
1039 3557 1218 3639 ἀρχὴν
1286 3556 1464 3615 λαϐὼν
1532 3561 1620 3615 καὶ
1667 3559 1752 3616 ἐπὶ
1806 3560 1906 3627 τὴν

257 3643 476 3720 πρώτην
507 3647 597 3701 όκε
642 3648 726 3701 καὶ
785 3646 1218 3722 βασιλικωτάτην
1271 3647 1508 3712 πόλεων,
1543 3647 1770 3705 Ἔπειτα
1821 3650 1907 3704 καὶ

262 3735 334 3797 εἷς
410 3734 617 3812 ἑτέρους
679 3733 932 3793 διέϐαινεν
987 3735 1021 3803 ἥ
1077 3739 1303 3812 μίμησις
1364 3738 1580 3801 τόπους.
1658 3739 1754 3796 Καὶ
1796 3736 1908 3793 εἴτε

259 3846 339 3888 τις
383 3824 515 3888 νεὼς
561 3823 744 3882 ἀνίστα
818 3825 854 3893 ἢ
913 3825 1308 3905 φροντιστήρια,
1377 3825 1489 3883 εἴτε
1555 3849 1605 3882 τι
1651 3828 1734 3882 καὶ
1779 3826 1909 3883 ἄλλο

260 3915 369 3972 τῶν
426 3915 580 3993 ἱερῶν
639 3912 887 3994 ἔπραττε,
931 3916 1072 3994 παρὰ
1134 3915 1440 3995 Μαρκέλλου
1489 3918 1572 3972 καὶ
1624 3916 1747 3982 τὸὺς
1785 3916 1908 3974 ἐπι-

259 4002 504 4081 μελητας
567 4004 654 4061 καὶ
699 4004 819 4069 τοὺς
857 4006 1132 4084 ’ἡγεμόνας
1175 4003 1492 4081 ἐλάμϐανεν.
1539 4004 1714 4069 Οὕτως
1759 4006 1910 4063 ἐκεῖ·

260 4117 352 4158 νος
413 4094 731 4174 ἁπανταχοῦ
779 4095 876 4151 καῖ
936 4097 1346 4174 φροντιστηρίων
1391 4097 1476 4152 καὶ
1531 4099 1681 4174 ἱερῶν
1739 4098 1911 4162 κοινὸς

260 4185 504 4252 οἰκιστὴς
563 4181 652 4240 δεὰ
695 4190 801 4240 τῶν
859 4187 1046 4242 ἑαυτοῦ
1088 4188 1362 4261 μαθητῶν,
1425 4187 1511 4243 καὶ
1565 4187 1734 4251 κοινὸς
1787 4187 1910 4243 ἐπι-

258 4272 506 4351 μελητὴς
550 4273 773 4352 ἐγίνετο.
839 4273 1143 4332 Ἐπείθοντο
1200 4275 1300 4354 γὰρ
1343 4276 1388 4332 οἱ
1422 4283 1584 4332 ταῦτα
1615 4278 1739 4355 παρ’
1769 4276 1910 4332 ἐκεί-

257 4387 353 4421 νου
398 4369 675 4433 ζητοῦντες
723 4367 783 4423 οὗ
825 4363 987 4440 μόνον
1044 4363 1141 4432 τῆς
1195 4365 1397 4421 ἐκείνου
1453 4364 1690 4430 παιδείας
1744 4387 1911 4442 μετα-

257 4451 474 4533 λαϐεῖν,
507 4452 644 4510 ἀλλὰ
674 4456 760 4511 καὶ
820 4476 939 4511 τινα
970 4455 1131 4534 χάριν
1191 4457 1276 4511 καὶ
1324 4455 1588 4534 ἀγιασμὸν
1650 4454 1717 4510 δι’
1770 4457 1908 4513 ἐκεί-

1986 3290 2265 3382 profundi
2323 3313 2534 3374 purum
2595 3307 2654 3361 et
2701 3302 3203 3381 jucundissimum
3256 3323 3314 3376 et
3371 3290 3632 3382 salutare

1986 3381 2298 3464 ﬂuentum,
2335 3385 2456 3460 illa,
2478 3387 2744 3469 inquam,
2765 3397 3210 3464 accuratissima
3236 3404 3529 3488 vitae,quae
3556 3410 3631 3470 ab

1986 3489 2052 3531 eo
2097 3476 2390 3548 agebatur.
2427 3481 2685 3540 imitatio.
2720 3485 2992 3548 Praeterea
3027 3503 3216 3552 antem
3247 3476 3630 3568 superbarum

1991 3567 2328 3631 potestatum
2359 3567 2682 3635 ministerii,
2706 3572 2860 3642 quod
2889 3575 3046 3633 nullo
3079 3593 3280 3638 somno
3319 3567 3631 3641 interrum-

1993 3645 2173 3725 pitur,
2203 3647 2386 3729 zelus,
2420 3669 2552 3711 cum
2586 3654 2721 3718 hinc
2751 3659 3028 3738 coepisset
3075 3663 3333 3743 initium,
3369 3671 3527 3730 venit
3554 3668 3630 3732 ad

1994 3741 2244 3842 primam
2264 3741 2568 3842 eturhium
2593 3747 2886 3842 reginam.
2916 3753 3141 3817 Deinde
3163 3756 3236 3818 ad
3263 3741 3376 3820 alia
3393 3779 3631 3842 quoque

1994 3826 2124 3888 loca
2155 3830 2383 3890 transiit
2412 3831 2681 3896 imitatio.
2719 3839 2790 3899 Et
2812 3840 2933 3902 sive
2952 3845 3083 3923 quis
3104 3848 3325 3928 templa
3351 3826 3628 3914 exstrue-

1995 3918 2114 3998 bat,
2141 3927 2242 3980 aut
2273 3926 2652 4011 monasteria,
2678 3925 2799 3988 sive
2828 3918 3052 4011 aliquid
3083 3918 3246 3998 aliud
3277 3956 3511 4001 sacrum
3536 3942 3629 4004 fa-

1995 4007 2253 4100 ciebat,a
2276 4010 2550 4073 Marcello
2579 4019 2750 4076 etiam
2775 4007 3429 4100 accipiebatcuratores
3451 4040 3507 4092 et
3523 4032 3632 4094 du-

1996 4117 2117 4162 ces.
2145 4098 2244 4160 Sic
2275 4101 2768 4166 monasteriorum
2815 4118 2876 4170 et
2906 4098 3285 4200 templorum,
3317 4139 3444 4199 quae
3468 4131 3638 4185 erant

1993 4189 2237 4268 ubique,
2266 4207 2372 4269 per
2401 4209 2541 4253 suos
2591 4193 2916 4276 discipulos
2943 4189 3283 4268 communis
3299 4189 3637 4274 exstructor

1995 4278 2125 4354 fuit,
2151 4287 2209 4340 et
2231 4284 2567 4344 communis
2590 4295 2846 4351 curator.
2872 4291 3226 4356 Persuasum
3253 4297 3411 4358 enim
3445 4298 3634 4362 habe-

1995 4366 2159 4438 bant,
2196 4369 2296 4463 qui
2349 4369 2473 4463 haec
2521 4371 2594 4463 ab
2626 4372 2730 4435 illo
2780 4379 3149 4463 quaerebant,
3179 4402 3298 4446 non
3327 4386 3518 4449 solum
3569 4407 3636 4452 se

1994 4456 2122 4519 fore
2171 4455 2333 4518 illius
2365 4458 2648 4524 doctrinte
2679 4455 3018 4559 participes,
3053 4455 3160 4532 sed
3211 4473 3384 4537 etiam
3419 4495 3637 4559 quam-

255 4566 350 4600 νου
425 4524 521 4599 καί
591 4546 728 4624 πρὸς
801 4546 986 4610 αὐτοὺς
1070 4545 1392 4619 ἐλεύσεσθαι,
1457 4545 1635 4626 ὥσπερ
1693 4549 1739 4602 οἱ
1808 4553 1904 4604 τῶν

2000 4547 2135 4608 dam
2165 4549 2410 4626 gratiam
2444 4558 2504 4611 et
2551 4524 3079 4620 sandtiﬁcati‘ondm
3115 4560 3188 4623 ab
3227 4563 3328 4626 illo
3355 4524 3532 4627 etiam
3563 4567 3638 4630 ad

256 4635 415 4712 ἱερῶν
492 4631 692 4692 ὑδάτων
777 4631 1298 4710 μεναλαμϐάνοντες.
1361 4627 1418 4692 Ὀ
1486 4633 1541 4690 δὲ
1601 4637 1686 4692 καὶ
1755 4646 1916 4698 ταῦτα

263 4721 536 4798 πράττων,
570 4719 711 4791 λύπῃ
756 4723 844 4777 καὶ
885 4723 1052 4798 ἡδονῇ
1096 4723 1195 4789 τὴν
1239 4723 1421 4802 ψυχὴν
1465 4722 1753 4801 ἐμερίζετο.
1809 4726 1916 4782 Οἷα

261 4811 362 4886 μέν
399 4811 500 4889 γὰρ
560 4810 812 4889 φιλόπαις
865 4815 1042 4890 πατὴρ
1096 4814 1204 4868 τῶν
1260 4813 1458 4870 τέκνων
1517 4814 1916 4893 ἀφαιρουμένων

263 4899 410 4972 αὒτῷ
439 4898 692 4979 λυπηρῶς
750 4900 934 4980 εἶχεν,
969 4904 1059 4957 οἷα
1091 4899 1145 4957 δὲ
1176 4900 1390 4958 πολλῶν
1447 4904 1626 4982 σωτὴρ
1657 4906 1798 4969 αὖθις
1829 4907 1917 4961 καὶ

263 4990 447 5046 κοινὸν
506 4987 694 5068 ὄφελος
769 4987 836 5044 δι’
895 4991 1107 5048 ἐκείνων
1165 4993 1475 5071 γενόμενος,
1527 4995 1731 5073 χαίρων
1801 4993 1916 5058 ἐξέ-

265 5099 476 5155 πεμπε.
534 5080 698 5137 ταῦτά
757 5100 814 5136 τε
855 5081 946 5136 καί
1003 5080 1083 5136 ὅτι
1144 5085 1190 5139 οἱ
1230 5083 1326 5158 μέν
1370 5081 1567 5139 ἐκείνου
1611 5084 1745 5140 κατὰ
1789 5085 1916 5141 Θεὸν

265 5166 462 5234 παῖδες
524 5167 702 5226 ἄλλων
745 5169 990 5250 πατέρες,
1027 5171 1092 5225 τὰ
1149 5169 1202 5228 δὲ
1261 5169 1387 5250 παρ’
1447 5174 1590 5247 αὐτῷ
1645 5171 1918 5253 θρέμματα

265 5257 522 5334 ποιμένες
554 5257 730 5316 ἄλλων
775 5259 1082 5340 γεγόνασιν.

350 5441 467 5504 ΙΔ’.
516 5443 589 5501 Οὔ
618 5444 726 5518 μὴν
769 5442 933 5508 οὕτως
962 5443 1146 5510 ἁπλῶς
1204 5447 1324 5511 τοῦς
1353 5446 1609 5526 φοιτητάς
1659 5445 1914 5527 ἔπεμπεν,

269 5530 413 5588 ἀλλὰ
457 5533 711 5612 πρότερον
761 5533 988 5599 πολλοῖς
1056 5535 1243 5600 αὐτοῖς
1288 5534 1766 5617 διασφαλισάμενος
1817 5535 1915 5592 λό-

271 5644 412 5702 γοις,
460 5623 698 5703 μάρτυρά
749 5645 807 5682 τε
861 5627 953 5683 τὸν
1009 5627 1139 5684 Θεὸν
1197 5625 1281 5684 ἐπ’
1327 5630 1507 5706 αὐτοῖς
1539 5625 1766 5691 καλέσας
1799 5649 1914 5704 μη-

1999 4655 2100 4699 eos
2150 4655 2282 4699 esse
2314 4649 2638 4719 venturam,
2668 4647 2968 4723 quomodo
3017 4652 3116 4732 qui
3146 4663 3284 4714 sunt
3335 4673 3638 4718 sacrarum

1997 4743 2279 4806 aquarum
2309 4729 2650 4810 participes.
2680 4731 2746 4792 Ei
2780 4753 2939 4817 vero,
2963 4729 3097 4801 cum
3131 4742 3256 4804 haec
3277 4755 3500 4824 ageret,
3527 4747 3639 4808 do-

1997 4816 2125 4878 lore
2147 4825 2204 4877 et
2225 4817 2526 4917 voluptate
2547 4821 2987 4917 distrahebatur
3004 4829 3259 4895 animus.
3283 4816 3341 4898 Ν
3341 4854 3433 4898 am
3458 4816 3522 4898 ut
3546 4857 3644 4917 pa-

2002 4912 2092 4967 ter
2111 4923 2316 4966 amans
2339 4907 2620 4990 ﬁliorum,
2645 4929 2777 4972 cum
2811 4915 2859 4975 si
2881 4917 3254 4982 auferrentur
3275 4923 3405 5000 ﬁlii,
3434 4907 3643 4989 dolore

1999 4994 2384 5057 afﬁciebatur.
2407 4994 2494 5090 _Ut
2523 5017 2621 5078 qui
2647 5008 2843 5062 autem
2903 5016 3168 5068 servator
3202 4994 3546 5090 multorum,
3581 5023 3642 5077 et

2002 5102 2111 5164 per
2139 5083 2271 5145 illos
2304 5084 2501 5146 multis
2558 5097 2714 5149 esset
2767 5091 2951 5168 utilis,
3014 5095 3184 5159 laetus
3239 5119 3341 5162 eos
3399 5083 3641 5167 emitte-

2004 5172 2154 5235 bat:
2207 5175 2574 5266 tumeliam,
2607 5178 2766 5258 quod
2814 5181 2976 5246 illius
3025 5186 3265 5266 quidem
3318 5193 3643 5256 secandum

2002 5261 2190 5324 Deum
2246 5263 2376 5340 ﬁlii,
2409 5265 2660 5327 aliorum
2695 5277 2890 5349 patres
2925 5293 2937 5335 :
2994 5261 3200 5340 eorum
3231 5289 3426 5345 autem
3476 5301 3644 5364 oves,

1998 5353 2240 5416 fuerunt
2266 5362 2529 5434 pastores
2558 5356 2835 5436 aliorum,

2080 5441 2230 5506 XIV.
2264 5442 2472 5523 Neque
2504 5454 2701 5510 tamen
2733 5458 2963 5517 temere
3003 5472 3070 5518 ac
3099 5456 3310 5520 leviter
3337 5461 3650 5527 emittebat

2000 5533 2354 5615 discipulos,
2382 5535 2487 5598 sed
2519 5557 2654 5600 cum
2684 5559 2788 5604 eos
2811 5543 2974 5624 prius
3009 5547 3208 5610 multis
3238 5552 3652 5618 conﬁrmasset

1999 5625 2402 5709 sermonibus,
2440 5635 2499 5689 et
2547 5627 2736 5694 Deum
2790 5641 3002 5698 testem
3052 5637 3114 5701 in
3145 5657 3247 5705 eos
3297 5646 3650 5752 invocasset.
