4022 6146
472 317 592 387 719

1770 309 2051 382 MENSIS
2099 307 2530 380 DECEMBER.

3701 310 3802 382 720

476 455 634 537 quod
680 473 875 537 neque
905 472 1103 518 mores
1153 453 1572 536 dissolverent,
1605 471 1800 535 neque
1847 451 2109 514 habitum

2199 451 2282 509 δεν
2339 453 2376 523 ἢ
2420 453 2511 510 τοῦ
2566 451 2712 518 ἔθους
2742 451 3063 533 παραλῦσαι,
3097 451 3132 521 ἦ
3160 451 3251 510 τοῦ
3287 453 3566 532 σχήματος
3597 453 3802 536 διαφθεῖ-

474 551 794 620 mutarent,
816 563 927 607 nec
949 546 1024 608 de
1053 551 1325 608 accurata
1355 563 1426 607 ac
1458 544 1719 626 perfecta
1743 543 1976 606 vivendi
2008 561 2108 604 ra-

471 635 637 698 tione
684 634 905 716 aliquid
956 635 1346 711 remitterent,
1378 635 1484 696 sed
1535 632 1708 696 etilli
1757 651 1973 708 mores,
2011 635 2111 712 qui

471 731 642 786 erant
668 723 740 785 ab
770 723 962 799 initio,
993 732 1268 804 tanquam
1303 723 1496 802 legem
1548 731 1832 803 perpetuo
1861 739 2109 784 conser-

469 820 698 888 varent,
728 821 786 874 et
815 813 1068 874 maxime
1097 812 1408 875 concinnas
1439 818 1498 875 et
1529 830 1636 893 per
1658 810 1861 874 omnia
1885 811 2112 893 optime

473 905 816 984 compositae
846 902 1077 965 vivendi
1107 901 1338 982 formas,
1369 903 1502 966 aliis
1534 920 1728 964 causae
1757 907 1984 965 essent.
2017 899 2110 963 Illi

472 997 692 1065 autem,
719 1008 849 1071 quae
869 989 940 1053 ab
964 991 1063 1053 illo
1077 1001 1434 1070 acceperant
1457 1011 1705 1054 munera
1730 1000 1786 1053 et
1811 990 2108 1067 mandata,

470 1088 587 1142 tam
619 1080 868 1160 pulchre
899 1090 1351 1157 conservarunt,
1377 1091 1442 1145 ut
1474 1081 1633 1163 quod
1663 1087 1791 1162 ipse
1822 1079 1962 1159 illis,
1996 1079 2109 1141 hoc

468 1167 584 1249 ipsi
625 1169 776 1243 aliis,
811 1176 870 1231 et
894 1188 1001 1250 per
1029 1189 1268 1232 omnem
1299 1172 1423 1232 fere
1459 1179 1674 1233 terram
1709 1179 1769 1232 et
1799 1189 1964 1232 mare
1983 1169 2110 1231 haec

467 1257 624 1321 bona
654 1259 938 1321 sementis
967 1259 1040 1321 ab
1073 1260 1160 1322 eis
1191 1260 1671 1323 distribueretur.
1696 1258 1814 1323 Sed
1846 1259 1920 1321 de
1947 1259 2111 1321 illius

466 1347 705 1428 quidem
729 1349 957 1411 vivendi
974 1349 1227 1426 ratione,
1249 1357 1311 1413 et
1341 1340 1631 1431 praeterea
1654 1350 1729 1412 de
1743 1349 1872 1430 ejus
1894 1349 2112 1428 insigni

464 1437 652 1517 gloria
683 1445 926 1518 propter
954 1438 1254 1520 virtutem,
1283 1448 1343 1502 et
1370 1439 1529 1520 quod
1555 1439 1821 1501 omnium
1858 1439 2113 1501 maxime

465 1544 597 1589 eam
649 1527 880 1607 fugiens
940 1529 1114 1608 longe
1148 1528 1334 1609 magis
1383 1547 1505 1591 suae
1535 1527 1710 1591 fama).
1766 1527 2113 1591 celebritate

463 1615 733 1697 implevit
763 1635 1003 1679 omnem
1037 1625 1281 1693 terram,
1319 1626 1380 1681 et
1424 1627 1711 1699 praeterea
1744 1617 1819 1680 de
1851 1617 1978 1697 ejus
2010 1635 2112 1679 so—

465 1705 666 1786 lertia,
701 1705 776 1767 de
798 1707 1184 1780 humanitate,
1207 1707 1281 1769 de
1306 1727 1509 1769 eorum
1541 1713 1642 1785 qui
1675 1706 1898 1787 ubique
1919 1715 2109 1783 erant,

2193 565 2304 622 ραι,
2366 543 2402 612 ἣ
2459 547 2559 610 σῆς
2620 540 2863 616 ἀκριϐὸῦς
2920 549 3013 600 τοῦ
3080 543 3194 618 βίου
3250 545 3552 622 καθυφεῖναι
3600 541 3799 619 διαίτης,

2193 631 2315 688 ἀλλ’
2371 634 2602 697 ἒκείνους
2663 654 2719 690 τε
2766 634 2858 689 τὸν
2903 631 2954 697 ἐς
3006 632 3178 712 ἀρχῆς
3220 631 3410 709 τρόπον
3441 631 3610 708 ὥσπερ
3665 633 3804 708 νόμον

2193 719 2277 778 διὰ
2317 721 2500 788 τέλους
2529 721 2832 802 φυλάττειν,
2865 723 2952 779 καὶ
2981 735 3096 786 τοῖς
3138 719 3326 786 ἄλλοις
3358 724 3470 783 τοῖς
3501 723 3804 797 ἐμμελεστᾶ-

2193 834 2304 876 τοις
2373 813 2571 880 ταύτης
2657 811 2946 883 πολιτείας,
3034 811 3121 867 καὶ
3205 810 3426 866 ἀπασῶν
3492 812 3807 889 ἡρμοσμένης

2194 903 2386 966 αἰτίους
2443 901 2696 980 γίνεσθαι,
2772 903 2830 959 Οἱ
2874 899 2926 957 δὲ
2988 900 3154 964 οὕτως
3199 899 3254 956 εὖ
3313 900 3406 964 τὰς
3449 899 3568 978 παρ’
3636 900 3808 958 ἐκείνου

2193 991 2380 1070 ἀρετὰς
2440 991 2528 1047 καὶ
2567 991 2658 1054 τὰς
2714 989 2932 1052 ἐντολὰς
2977 989 3206 1064 ἔσωσαν,
3239 988 3376 1045 ὥστε
3425 990 3453 1044 ὃ
3505 988 3620 1066 παρ’
3674 989 3808 1046 αὐτὸν

2194 1080 2444 1160 ἐκείνους,
2499 1086 2654 1137 τοῦτο
2709 1092 2828 1144 τοῖς
2889 1077 3071 1144 ἄλλοις
3130 1078 3315 1141 αὐτούς
3373 1082 3706 1154 καταστῆναι,
3737 1079 3810 1134 καὶ

2193 1167 2276 1225 διὰ
2319 1170 2496 1236 πάσης
2556 1175 2750 1248 μικροῦ
2786 1173 2885 1246 γῆς
2929 1166 3024 1224 καΐ
3065 1165 3334 1233 Θαλάσσης
3377 1167 3466 1222 τὸν
3507 1167 3686 1244 ἀγαθὸν
3713 1177 3810 1226 τοῦ·

2193 1281 2282 1317 τοι
2341 1259 2536 1339 σπόρον
2595 1258 2685 1314 ὑπ’
2758 1259 2928 1314 αύτῶν
3001 1255 3409 1331 διανεμηθῆναι.
3485 1253 3646 1312 Ἀλλὰ
3706 1258 3810 1334 περὶ

2195 1348 2293 1422 μὲν
2342 1349 2439 1416 τῆς
2471 1347 2670 1405 ἐκείνου
2727 1351 2867 1418 ζωῆς
2898 1347 2986 1403 καὶ
3043 1343 3341 1424 διαγωγῆς,
3372 1343 3449 1401 ἔτι
3480 1365 3536 1401 τε
3564 1349 3656 1412 τῆς
3709 1345 3810 1402 κατ’

2195 1438 2387 1516 ἄρετῆν
2443 1435 2622 1517 δόξης,
2655 1437 2744 1494 καὶ
2799 1443 2890 1493 τοῦ
2941 1437 3154 1492 πάντων
3209 1433 3439 1508 μάλιστα
3498 1435 3684 1501 ταύτην
3729 1457 3809 1513 φυ-

2195 1527 2356 1605 γόντα
2401 1524 2587 1601 πολλῷ
2648 1523 2809 1583 πλέον
2866 1530 2963 1592 τῆς
3023 1521 3146 1601 περί
3205 1523 3362 1579 αὐτοῦ
3416 1523 3597 1603 φήμης
3661 1527 3807 1578 πᾶσαν

2195 1615 2468 1687 ἐμπλῆσαι
2527 1615 2628 1682 τὴν
2685 1619 2804 1693 γῆν,
2855 1615 2984 1692 πρὸς
3041 1613 3246 1678 τούτοις
3304 1609 3587 1690 ἀκριϐείας,
3644 1609 3809 1691 φιλαν-

2196 1707 2448 1786 θρωπίας,
2483 1702 2791 1780 ἐπιμελείας
2847 1709 2952 1760 τῶν
3009 1702 3351 1784 ἁπανταχου,
3384 1702 3581 1758 τούτων
3625 1701 3807 1757 πάντων

465 1813 606 1858 cura
638 1803 694 1857 et
736 1795 1143 1859 sollicitudine
1177 1818 1190 1860 :
1241 1797 1316 1859 de
1346 1798 1459 1874 his,
1494 1797 1760 1878 inquam,
1807 1794 2109 1872 omnibus,

2199 1796 2293 1853 οἷα
2343 1795 2481 1876 ἴχνη
2529 1796 2647 1851 τινὰ
2705 1817 2867 1870 μονον
2897 1791 2990 1850 καῖ
3022 1792 3276 1871 ἐμφάσεις
3319 1795 3346 1849 ὁ
3377 1790 3536 1870 λόγος
3565 1790 3804 1870 ἐγνώρισε.

461 1886 643 1949 veluti
672 1885 944 1962 quaedam
975 1885 1166 1948 solum
1203 1887 1424 1948 indicia
1454 1894 1515 1950 et
1541 1885 1789 1965 vestigia
1820 1884 2109 1965 signiﬁca-

2199 1884 2447 1944 Βούλεται
2479 1883 2532 1940 δὲ
2581 1885 2670 1942 καί
2698 1906 2817 1941 τινα
2866 1888 2971 1940 τῶν
3027 1883 3187 1939 αὖτοῦ
3241 1883 3522 1958 θαυμάτων
3551 1882 3620 1945 εἷς
3671 1879 3806 1956 μέσον

458 1977 542 2038 vit
565 1975 776 2038 oratio.
811 1974 946 2039 Vult
975 1984 1170 2038 autem
1205 1995 1394 2056 pauca
1439 1995 1678 2058 quoque
1706 1994 1774 2038 ex
1811 1976 1942 2056 ejus
1993 1975 2109 2037 mi-

2199 1986 2553 2054 παραγαγεῖν,
2627 1971 2872 2051 διήγησίν
2929 1993 2986 2028 τε
3015 2046 3018 2047 ν
3045 1970 3179 2048 μετὰ
3261 1974 3358 2040 τῆς
3423 1967 3668 2051 ὠφελείας
3729 1972 3806 2028 οὒκ

460 2064 681 2128 raculis
729 2066 789 2126 in
844 2064 1104 2128 medium
1164 2064 1488 2136 adducere.
1545 2073 1604 2128 et
1660 2084 1780 2127 non
1825 2064 2109 2145 injucun-

2199 2062 2398 2143 ἂτερπῆ
2427 2076 2549 2128 ταῖς
2580 2060 2846 2141 φιλοθέοις
2877 2062 3068 2125 ἂκοαῢς
3113 2063 3461 2141 χαρίσασθαι.

464 2155 601 2218 dam
659 2173 794 2217 cum
845 2155 1098 2218 utilitate
1149 2157 1551 2219 narrationem
1583 2155 1782 2235 largiri
1831 2153 1944 2234 piis
2001 2172 2111 2216 au-
3183 2154 3200 2159 ’

463 2245 648 2308 ribus.

543 2333 665 2398 XV.
719 2333 968 2407 Quidam
1027 2343 1145 2399 tres
1190 2335 1480 2418 episcopi,
1512 2336 1614 2418 qui
1669 2337 1904 2400 fuerant
1955 2337 2112 2419 apud

464 2425 666 2488 hostes
697 2425 938 2506 captivi,
983 2434 1042 2489 et
1073 2417 1248 2488 modo
1281 2425 1516 2488 liberati
1538 2417 1716 2488 erant
1753 2417 2108 2507 calamitate,

2199 2421 2401 2498 λεμίοις
2453 2419 2762 2499 ληφθέντες,
2829 2420 2950 2476 εἶτα
3009 2424 3107 2486 τῆς
3159 2427 3436 2500 συμφορᾶς
3492 2417 3600 2493 ἄρτι
3651 2417 3807 2475 λυθέν-

463 2515 759 2579 accedunt
780 2515 854 2577 ad
885 2517 1254 2589 Marcellum,
1288 2525 1346 2578 et
1375 2525 1586 2593 rogant
1615 2523 1683 2578 ut
1726 2515 1918 2590 daret,
1953 2515 2109 2596 quod

2199 2532 2309 2587 τες,
2368 2511 2499 2587 πρὸς
2577 2507 2885 2589 Μάρκελλον
2969 2510 3376 2589 παραγίνονται,
3431 2508 3526 2567 καί
3594 2515 3689 2566 τῶν
3749 2507 3806 2568 εἷς

466 2609 553 2668 eis
583 2605 656 2668 ad
698 2605 1090 2667 reﬁciendum
1125 2611 1258 2667 erat
1299 2603 1726 2666 necessarium.
1761 2603 1868 2667 llle
1913 2593 2109 2666 autem

2199 2601 2382 2680 χρείαν
2437 2620 2496 2655 τε
2551 2600 2640 2656 καὶ
2682 2599 2972 2666 ἀνάκτησιν
3028 2611 3218 2680 τυχεῖν
3262 2597 3496 2661 δέονται.
3555 2601 3615 2656 Ὃ
3655 2595 3703 2653 δὲ
3737 2593 3807 2652 καὶ

468 2713 605 2758 cum
637 2703 692 2755 et
725 2712 934 2755 eorum
967 2696 1169 2755 curam
1206 2694 1508 2771 gessisset,
1547 2701 1604 2754 et
1625 2711 1754 2755 eam
1787 2711 1962 2774 quam
1983 2712 2109 2774 spe-

2199 2690 2442 2768 προνοίας
2499 2690 2586 2747 καὶ
2643 2686 3031 2765 παρακλήσεως
3098 2688 3286 2754 αὐτοὺς
3363 2687 3592 2754 ἀξιώσας
3654 2685 3806 2761 καίπερ

462 2786 695 2858 rabant,
730 2782 994 2844 dedisset
1027 2783 1114 2844 eis
1169 2781 1662 2858 consolationem,
1695 2772 1929 2864 ipsique
1956 2772 2109 2865 quo-

2199 2777 2392 2836 ἰκετνοί
2419 2799 2548 2835 ποτε
2599 2776 2853 2846 ἤλπισαν·
2915 2774 3100 2846 ἐπειδὴ
3159 2778 3360 2859 χρόνος
3389 2777 3621 2858 παρῆλθε
3671 2772 3804 2837 πολὺς

467 2873 625 2936 niam
658 2871 907 2934 multum
944 2871 1232 2952 temporis
1279 2872 1666 2952 praeterierat,
1703 2873 2109 2954 unusquisque

2199 2873 2293 2936 τῆς
2345 2869 2516 2927 αὒτῶν
2571 2866 2792 2932 ἕκαστος
2850 2867 3042 2948 οἰκίας,
3073 2867 3170 2925 καὶ
3207 2867 3505 2936 ἐκκλησίας
3548 2865 3805 2944 ἐμέμνηντο

468 2963 682 3024 domus
725 2978 846 3022 suae
878 2966 936 3022 et
963 2959 1247 3022 Ecclesiae
1304 2960 1724 3032 meminerant,
1759 2960 1845 3022 eis
1876 2952 2109 3022 abunde

2199 2955 2313 3014 δ’δὲ
2369 2958 2555 3021 αὐτοῖς
2610 2957 2699 3012 καὶ
2755 2954 2936 3034 ἐφόδια
3007 2955 3582 3034 προσεπιδαψιλεύεται
3635 2952 3801 3010 δοῦναι’

465 3049 805 3131 suppeditat
831 3048 1126 3110 viaticum.
1160 3049 1455 3111 Viaticum
1478 3067 1616 3112 vero
1641 3057 1766 3112 erat
1789 3067 2021 3112 aurum:
2057 3057 2109 3112 et

2199 3047 2270 3105 Τὰ
2313 3044 2366 3102 δὲ
2410 3043 2598 3127 ἒφὸδια
2654 3047 2851 3126 χρυσός
2911 3045 3001 3114 ῆν.
3061 3047 3159 3102 καὶ
3213 3045 3419 3103 κελεύει
3479 3046 3568 3104 τὸν
3615 3043 3692 3099 επὶ
3725 3043 3803 3106 τῆς

462 3130 923 3235 jubeteum,qui
947 3137 1236 3235 impensis
1260 3149 1512 3235 praeerat
1532 3147 1677 3218 (erat
1700 3147 1898 3235 autem
1922 3139 1974 3202 ei
1997 3157 2109 3235 no_-

2199 3133 2429 3204 δαπάνης
2487 3135 2812 3215 τεταγμένον
2864 3133 3182 3215 (Ἰουλιανὸς
3225 3137 3373 3211 αὐτῷ
3415 3133 3604 3214 ὄνομα)
3637 3130 3804 3235 χρυσίῳ

468 3218 609 3289 men
633 3227 926 3304 Julianus)
950 3218 1090 3290 auro
1111 3227 1359 3290 donatos
1389 3227 1702 3308 episcOpos
1725 3228 2022 3290 emittere.
2054 3227 2109 3290 Is

2199 3226 2312 3288 τοὺς
2371 3224 2696 3289 ἐπισκόπους
2767 3221 3176 3300 δεξιωσάμενον,
3249 3223 3612 3301 ἀποπέμπειν,
3669 3218 3802 3281 οὗτος

456 3331 597 3378 vero
619 3333 688 3376 ex
712 3319 928 3388 decem,
956 3334 1099 3391 quos
1123 3328 1261 3376 tunc
1292 3306 1552 3386 habebat,
1575 3306 1900 3386 stateribus,
1922 3321 2109 3379 solum

2199 3314 2253 3370 ὲκ
2281 3320 2385 3372 τῶν
2429 3311 2556 3372 δέκα
2609 3314 2684 3370 ὧν
2713 3315 2842 3395 εἶχε
2894 3314 3014 3370 τότε
3045 3316 3322 3395 στατῇρων
3374 3313 3664 3393 ἰσαρίθμους
3707 3306 3802 3370 τοῖς

457 3412 546 3466 tot
573 3404 761 3484 affert,
796 3411 937 3484 quot
967 3413 1135 3466 erant
1192 3405 1294 3465 viri
1327 3423 1602 3468 numero.
1640 3404 1882 3484 Magnus
1913 3413 2108 3469 autem

2199 3401 2410 3483 ἀνδράσι
2471 3402 2632 3479 μόνον
2693 3392 2895 3480 κομίζει
2941 3415 3110 3482 τρεῖς.
3172 3392 3233 3461 Ὀ
3297 3399 3355 3458 δὲ
3410 3392 3517 3479 μὴν
3572 3399 3802 3477 (ἐλάνθανε

457 3492 556 3554 ille
587 3492 733 3554 nihil
766 3493 925 3554 enim
963 3511 1097 3554 eum
1122 3513 1190 3555 ex
1226 3493 1302 3554 iis
1333 3513 1470 3575 quae
1511 3503 1704 3568 erant,
1740 3494 1981 3573 latebat)
2003 3497 2109 3576 ju-

2199 3493 2294 3572 γὰρ
2350 3495 2558 3550 ἒκετνον
2589 3498 2695 3550 τῶν
2743 3493 2910 3550 ὄντων
2953 3489 3124 3572 οὐδὲν)
3183 3513 3318 3570 προσ
3333 3493 3502 3549 τάττει
3558 3487 3710 3566 μηδὲν
3735 3507 3804 3576 pt-

456 3581 583 3662 bet,
620 3592 678 3644 ut
705 3582 855 3645 citra
884 3583 1063 3644 ullam
1099 3571 1448 3664 parcitatem
1483 3582 1583 3646 det
1611 3583 1835 3648 omnia.
1864 3571 1980 3648 Sed
2005 3571 2109 3646 ille

2199 3571 2662 3662 κρολογησάμενος
2734 3582 2908 3641 πάντα
2989 3571 3422 3662 προσεπιδοῦναι.
3483 3578 3642 3638 ”Αλλ’
3708 3571 3803 3664 ούδέ

457 3688 535 3733 ne
583 3673 670 3733 sic
702 3671 943 3753 quidem
995 3691 1060 3733 se
1092 3662 1236 3752 pure
1287 3673 1491 3752 gessit,
1527 3671 1632 3734 sed
1663 3690 1794 3734 cum
1845 3671 2109 3738 dedisset

2199 3671 2360 3738 οὕτως
2443 3671 2651 3737 ἐκεῖνος
2718 3669 2908 3752 ἔπραξε
2971 3675 3239 3750 καθαρῶς,
3299 3669 3442 3729 ἀλλὰ
3511 3669 3623 3733 τοὺς
3677 3662 3804 3753 ὶννέα

456 3778 703 3842 novem,
729 3752 914 3823 unum
949 3761 1279 3838 detinebat,
1315 3761 1521 3824 volens
1555 3761 1757 3843 utique
1787 3761 1950 3841 fungi
1982 3763 2109 3824 offi-

2199 3761 2307 3826 δοὺς
2364 3762 2455 3818 τὸν
2485 3761 2577 3819 ἕνα
2633 3759 3064 3842 παρακατέσχεν,
3099 3763 3442 3838 οἷκονομικὸς
3487 3759 3624 3817 εἶναι
3675 3752 3802 3822 δῆθεν

458 3849 550 3912 cio
570 3850 710 3912 boni
732 3852 1125 3926 mconomi,ut
1145 3852 1217 3913 iis
1239 3852 1336 3932 qui
1347 3859 1434 3933 ,ut
1456 3851 1746 3928 solebant,
1764 3849 2106 3937 veniebant,

2199 3849 2532 3929 Βουλόμενος,
2595 3850 2688 3910 ἵνα
2741 3849 2839 3908 καῖ
2893 3850 3016 3915 τοῖς
3082 3850 3135 3917 ἒξ
3188 3849 3332 3914 ἔθους
3394 3844 3802 3930 προσερχορένοις

458 3938 823 4019 pauperibus
844 3939 1066 4020 aliquid
1091 3940 1337 4003 haberet
1367 3940 1525 4019 quod
1558 3940 1751 4003 daret.
1784 3940 1936 4013 Quid
1967 3936 2107 4023 ergo

2199 3940 2378 4009 πένησι
2437 3946 2582 4020 παρῇ
2656 3962 2707 3997 τι
2764 3937 2982 4001 διδόναι,
3047 3940 3108 3997 Τί
3163 3937 3253 3996 οὗν
3293 3939 3518 4019 γίνεται,
3571 3936 3653 3994 καὶ

456 4027 761 4102 accidit,et
780 4029 1077 4108 quomodo
1103 4038 1424 4110 utrumque
1444 4028 1693 4091 docetur
1709 4020 2109 4108 Julianus,ne-

2199 4029 2474 4096 Ἰουλιανὸς
2557 4030 2720 4110 ἄμφω
2788 4027 3112 4109 παιδεύεται,
3163 4030 3302 4105 μήτε
3379 4028 3655 4110 φροντίζειν
3705 4020 3804 4097 περὶ

457 4133 575 4196 que
605 4115 680 4177 de
710 4115 900 4178 futuro
927 4135 1059 4180 esse
1085 4119 1432 4199 sollicitum,
1459 4136 1570 4180 nec
1592 4118 1950 4194 existimare,
1974 4139 2104 4184 ma-

2199 4127 2278 4178 τοῦ
2345 4118 2658 4200 μέλλοντος,
2719 4118 2857 4195 μήτε
2915 4119 3023 4194 μὴν
3065 4116 3271 4175 οἴεσθαι
3329 4119 3560 4199 πράττον
3613 4137 3662 4172 τι
3713 4115 3800 4200 τῷν

456 4222 637 4283 gnum
662 4206 1006 4269 Marcellum
1039 4207 1258 4288 aliquid
1293 4208 1478 4270 latere
1506 4225 1710 4270 eorum
1739 4227 1870 4288 quae
1901 4210 2048 4275 ﬁunt
2073 4211 2105 4276 ἶ

2199 4209 2433 4268 ὶπάντων
2475 4210 2567 4267 τὸν
2616 4199 2786 4289 μέγαν
2829 4207 3033 4283 λαθεϊν,
3071 4207 3344 4289 ’Ἔρχεται
3391 4230 3470 4272 τις
3502 4205 3637 4286 παρὰ
3681 4199 3802 4289 Μάρ-

453 4296 618 4355 Ventt
644 4298 714 4355 ad
739 4299 1066 4357 Marcellum
1089 4285 1256 4356 homo
1286 4300 1516 4372 quidam
1545 4285 1786 4358 motusa
1814 4304 2100 4377 superius,

2199 4298 2374 4357 ιελλον
2428 4298 2603 4380 ἅγιος,
2637 4285 2833 4357 ἄνωθεν
2891 4297 2988 4374 μὲν
3048 4285 3316 4380 κινηθεὶς,
3348 4300 3436 4356 καὶ
3466 4295 3699 4376 δωρεῖται
3745 4285 3799 4354 δὴ

454 4389 514 4441 et
543 4380 722 4443 donat
751 4400 883 4444 eum
919 4382 1240 4462 nonaginta
1294 4382 1550 4446 talentis.
1582 4381 1691 4444 Ille
1720 4393 1914 4444 autem
1966 4405 2100 4449 cum

2199 4378 2490 4456 ταλάντοις
2524 4389 2681 4448 αὐτὸν
2729 4387 3068 4457 ἐνενήκοντα.
3103 4378 3162 4446 ’0
3218 4385 3273 4444 δὲ
3302 4378 3469 4468 ⁷πρὸς
3502 4387 3590 4444 τὸν
3628 4383 3798 4439 οἰκονοο

455 4473 552 4544 qui
575 4484 906 4559 susceperat
934 4475 1417 4547 dispensationem
1450 4489 1717 4547 arguens,
1745 4484 1929 4550 utpar
1957 4489 2098 4549 erat,

2199 4479 2313 4536 ιεῖν
2369 4480 2444 4542 ὡς
2489 4477 2604 4536 δέον
2661 4477 3018 4559 ὑπειληφότα,
3051 4477 3296 4559 ἑλέγχων
3345 4477 3502 4534 αὖτὸν
3545 4475 3601 4532 ού
3647 4468 3797 4559 καλῶς

453 4567 518 4619 ut
546 4558 648 4639 qui
680 4578 798 4620 non
828 4569 992 4622 recte
1023 4546 1179 4622 esset
1208 4578 1349 4621 usus
1381 4546 1870 4642 dispensatione:
1919 4546 2094 4644 Ecce,

2199 4573 2250 4646 τῇ
2306 4569 2577 4645 οἰκονομίᾳ
2630 4546 3397 4650 χρησάμένονί’¹Ιδε’,”φησὶν,
3431 4568 3476 4621 ὦ
3533 4555 3792 4650 μικρολόγε

450 4647 666 4738 inquit,
697 4667 730 4738 o
774 4665 974 4729 parce,
1008 4647 1140 4729 quis
1187 4648 1274 4712 sic
1305 4649 1494 4712 exitus
1545 4658 1660 4713 tuae
1691 4653 2094 4732 parcimoniaa.

2199 4645 2264 4734 ὤ,
2313 4665 2413 4716 ποῦ
2468 4657 2566 4738 ἄρα
2608 4645 2671 4714 τδ
2714 4655 2969 4738 φειδωλόν
3013 4677 3105 4714 σου
3177 4645 3330 4714 τοῦτο
3379 4652 3650 4732 κατέληξε,
3691 4645 3795 4704 δέκα

451 4734 713 4799 Effecisti
735 4738 915 4818 enim,
953 4745 1016 4829 ut
1035 4738 1170 4800 totis
1193 4738 1402 4801 decem
1435 4739 1671 4802 talentis
1698 4741 1871 4804 nobis
1901 4743 2099 4806 minor

2199 4749 2279 4829 γὰρ
2337 4734 2620 4814 ταλάντοις
2665 4734 2813 4813 ὅλοις
2868 4749 3005 4824 ἡμῖν
3059 4746 3161 4814 τὴν
3207 4743 3407 4826 δωρεὰν
3463 4742 3660 4801 ἐλάττω

453 4837 816 4908 esset,quam
846 4835 969 4889 erat
992 4827 1186 4890 futura
1207 4829 1621 4892 donatio.Cum
1650 4830 1807 4892 enim
1831 4850 2098 4896 essemus

2199 4824 2432 4906 τοίηκαςο
2495 4836 2575 4895 ὅτι
2637 4836 2966 4894 δεκαπλάσια
3009 4839 3084 4894 ὧν
3143 4824 3326 4912 ἔδομεν
3379 4831 3644 4914 εἰληφέναι
3684 4824 3793 4914 μέλ·

453 4921 742 5006 accepturi
773 4921 1078 4992 decuplum
1108 4935 1307 4979 eorum
1336 4937 1464 4994 quae
1492 4922 1776 4993 dedimus,
1800 4935 2095 4998 propterea

2199 4931 2389 5006 Lov-tsc,
2425 4928 2500 5004 τῷ
2556 4929 2616 4984 τὸ
2645 4925 2701 4983 ἓν
2744 4925 2918 4984 δοῦναι
2965 4926 3042 5002 μὴ
3100 4925 3426 5003 βουληθῆναι
3473 4913 3562 4980 τοῦ
3586 4920 3648 4976 τὰ
3687 4913 3792 5006 δέκα

451 5005 606 5097 quod
641 5025 823 5068 unum
858 5007 998 5068 dare
1038 5007 1300 5082 noluisti,
1330 5009 1403 5069 iis
1440 5027 1570 5089 quae
1602 5017 1889 5084 praeterea
1919 5030 2096 5074 acce-

2199 5002 2381 5074 ,οιίὸἐῖν⁷
2425 5002 2990 5097 προσαπεστερήμεθα.
3038 5002 3208 5072 Ἀλλᾶ
3261 5021 3414 5072 τοῦτο
3462 5014 3557 5090 μὲν
3585 5009 3694 5066 ἴσον
3739 5002 3793 5097 οὔ

449 5094 910 5187 pturi‘eramus,
938 5097 1144 5187 decem
1181 5097 1394 5187 privati
1420 5087 1648 5164 sumus.
1679 5098 1798 5162 Sed
1827 5099 1940 5162 boc
1968 5100 2098 5182 qui-

2199 5108 2342 5164 ιόνον
2371 5112 2463 5163 τοῦ
2518 5112 2771 5187 προορᾷν,
2802 5105 2944 5162 ἀλλὰ
2985 5105 3072 5162 καὶ
3101 5111 3193 5162 τοῦ
3250 5102 3416 5182 μηδὲν
3473 5103 3544 5162 εἰς
3572 5099 3663 5166 τὴν
3708 5087 3790 5187 aii:

448 5182 582 5276 dem
612 5184 860 5248 fortasse
887 5185 1065 5247 fuerit
1096 5185 1336 5248 evidens
1366 5196 1806 5270 argumentum,
1841 5209 1960 5251 non
1987 5180 2093 5252 so-

2199 5218 2289 5253 nov
2366 5203 2625 5275 μεριμνᾷν
2694 5197 2983 5276 τεκμήριον
3044 5194 3245 5254 ἐκείνου
3319 5193 3504 5274 σαφὲς,
3562 5185 3653 5247 καῖ
3713 5180 3792 5238 τοῦ

445 5270 570 5333 lum
595 5275 750 5368 quod
775 5275 1146 5368 praevideret,
1170 5275 1274 5336 sed
1303 5277 1478 5338 etiam
1501 5278 1658 5368 quod
1684 5298 1804 5341 non
1829 5287 2098 5361 oporteat

2199 5270 2387 5356 πολλὴν
2416 5270 2565 5368 ἕλξειν
2595 5288 2711 5367 περὶ
2743 5270 3172 5362 τοὺςδεομένους
3203 5270 3568 5367 χρηστότητα.

446 5379 579 5449 esse
601 5364 920 5425 sollicitum
948 5365 1022 5426 de
1040 5363 1258 5440 futuro,
1289 5373 1346 5426 et
1369 5367 1524 5447 quod
1550 5386 1759 5448 magna
1781 5380 1941 5433 esset
1962 5370 2093 5449 ejus

443 5448 506 5507 in
552 5467 772 5526 egenos
803 5451 1164 5531 benignitas.

524 5536 676 5600 XVI.
711 5527 1002 5611 Quoniam
1036 5547 1234 5629 autem
1265 5538 1342 5602 de
1374 5544 1724 5625 prophetico
1756 5548 1887 5629 ejus
1934 5547 2090 5612 dono

2250 5543 2390 5621 ἶς’.
2436 5545 2588 5606 Ἐπεί
2644 5544 2705 5604 δὲ
2749 5545 2925 5628 βραχύ
2952 5565 3002 5601 τι
3031 5546 3148 5624 περὶ
3176 5551 3268 5604 τοῦ
3299 5527 3784 5629 προφητικοῆχαῑῨ

431 5643 650 5714 parum
695 5631 854 5708 quod
884 5623 1388 5711 signiﬁcavimus,
1407 5623 1646 5717 tempus
1677 5645 1772 5702 est
1787 5623 1868 5701 'ut
1912 5636 2090 5701 biba-

2199 5655 2378 5712 qtaroc
2439 5640 2597 5699 αὐτοῦ
2655 5623 3056 5713 δεδηλώκαμεν,
3102 5623 3228 5716 ίῶρα
3287 5632 3351 5692 δὴ
3428 5638 3516 5690 τοῦ
3569 5628 3650 5687 καὶ
3698 5623 3783 5687 τῆς

2278 2329 2389 2393 IE’.
2428 2331 2741 2388 Ἐπίσκοποί
2791 2351 2930 2394 τινες
2985 2341 3134 2409 τρεῖς
3189 2329 3531 2411 αἰχμάλωτοι
3578 2341 3685 2394 τοῖς
3730 2349 3807 2385 πο·
