4020 6142
253 270 364 337 721
1212 274 1399 339 VITA
1442 276 1502 338 S.
1549 271 1883 340 MARCELI

1975 273 2664 341 ARGHIMANDRITE.
3511 285 3631 352 722

250 429 359 464 των
400 407 645 484 ἰαμάτων
689 408 828 486 ἡμῖν
872 407 1041 465 πίνειν
1095 413 1304 488 πηγῆς.
1363 412 1478 468 Τῶν
1518 409 1778 492 μοναχῶν
1821 432 1883 466 τυ

1989 424 2117 468 mus
2137 406 2312 469 etiam
2339 405 2414 469 de
2447 407 2610 470 fonte
2631 409 3288 485 curationum.Quidam
3311 433 3384 478 ex
3414 435 3626 483 mona-

248 495 485 571 τοῦνομα
537 497 634 574 μὲν
667 496 960 578 Ἐλπίδιος,
988 496 1196 564 ἐλπίδος
1239 496 1292 555 δὲ
1324 499 1502 567 πάσης
1531 501 1670 572 νόσῳ
1727 499 1883 576 κρείτ-

1990 495 2143 577 cbis,
2177 499 2417 558 nomine
2448 499 2686 578 quidem
2711 499 3012 580 Elpidiua,
3044 503 3252 566 morbo
3277 512 3473 569 autem
3501 519 3627 573 erat

247 609 362 643 τονι
409 588 709 668 συσχεθείςο
777 589 838 644 τὸ
871 588 968 664 μὶν
1019 588 1119 666 γὰρ
1175 585 1302 646 ὅλον
1352 593 1508 647 αὐτοῦ
1538 590 1713 665 στόμα
1753 587 1883 646 ἕλκοι

1990 584 2352 664 implicatus,
2388 587 2490 663 qui
2514 606 2752 649 omnem
2788 607 2954 670 spem
2988 596 3329 672 superabat;
3361 613 3496 658 nam
3531 606 3622 660 to-

248 675 501 756 χαλεπὸν
535 675 819 756 διεγένετο⁶
867 677 1010 734 ἅπαν
1059 675 1111 732 δὲ
1161 679 1262 736 ὑπὸ
1312 678 1410 746 τὴν
1440 677 1687 758 γλῶσσαν
1742 676 1883 756 ὑπέρ·

1990 680 2117 738 tum
2151 675 2390 756 quidem
2423 694 2488 736 os
2519 677 2649 756 ejus
2678 695 2852 756 grave
2873 678 3041 742 ulcus
3064 680 3425 762 depascebat
3451 709 3466 760 ;
3502 693 3625 750 tota

248 787 417 844 ογκον
471 767 603 847 εἶχε
631 768 731 835 τὴν
774 768 1064 844 σάρκωσινο
1127 769 1156 824 ὃ
1187 769 1273 825 καὶ
1309 766 1576 847 ἄφθογγον
1622 769 1763 844 αὖτῷ
1816 790 1883 824 κα

1992 782 2126 826 vero
2146 783 2208 826 ea
2240 782 2528 840 pars,qua3
2551 768 2764 841 linguae
2795 771 3013 842 subest,
3041 774 3280 834 habebat
3312 780 3624 852 ingentem,

245 857 402 912 κενὸν
447 857 508 913 τὸ
553 857 775 936 δργανον
837 854 1082 929 διετέλει,
1113 857 1201 913 καὶ
1255 857 1322 925 ἧν
1369 857 1558 915 τούτου
1584 870 1706 921 ταῖς
1763 857 1883 938 ἀφο-

1985 852 2087 934 qui
2120 859 2485 942 eﬁxrcreverat,
2519 854 2716 915 carnis
2768 863 3060 918 tumorem
3097 878 3110 918 :
3170 859 3326 940 quod
3380 863 3620 942 quidem

245 947 434 1018 ρήτοις
493 946 718 1010 ἐκείναις
751 943 964 1010 ὀδύναις
1007 947 1314 1027 προσθήκη,
1347 948 1408 1004 τὸ
1461 944 1599 1024 μηδὲ
1629 948 1722 1012 τὰς
1779 946 1883 1004 ὀδύ-

1986 942 2039 1004 ei
2060 939 2350 1004 reddebat
2382 949 2610 1030 mutum
2645 950 2703 1004 et
2730 943 2908 1005 inane
2933 939 3485 1030 instrumentum,et
3506 954 3621 1017 hoc

243 1056 338 1100 νας
383 1036 545 1095 αὐτοῦ
611 1034 952 1114 ὶξαγγέλλειν
1009 1033 1275 1100 δύνασθαι,
1322 1035 1527 1118 ’Ἀμφω
1597 1035 1653 1094 δὲ
1708 1035 1896 1118 ταῦτα,

240 1127 305 1182 τὸ
385 1124 542 1190 ἕλκος
599 1147 658 1182 τε
733 1126 820 1182 καὶ
876 1123 1060 1205 ὄγκος,
1117 1124 1486 1201 προσλαϐόντα
1543 1127 1632 1184 καὶ
1684 1129 1746 1183 τὸ
1794 1131 1893 1194 τῆς

242 1215 510 1295 αἰσχύνης
573 1213 798 1294 ὄνειδος,
832 1216 1205 1275 εὐκταιότατον
1261 1217 1428 1274 ιιποίει
1484 1223 1561 1291 τῷ
1621 1214 1763 1296 ἀνδρὶ
1805 1218 1895 1274 τὸν

240 1304 495 1364 θάνατον.
543 1307 709 1369 Οὗτος
767 1303 858 1362 οὖν
920 1304 1155 1384 περιόντι
1204 1306 1282 1380 τῷ
1323 1305 1458 1384 ἁγίῳ
1506 1305 1660 1380 ποτὶ,
1697 1305 1892 1384 ἐγκάρ-

245 1391 358 1450 διον
422 1391 672 1460 στενάξας
721 1395 808 1450 καὶ
857 1392 1012 1468 μόλις
1048 1393 1425 1474 φθεγξάμενος,
1452 1403 1700 1453 τοσοῦτον
1731 1394 1896 1476 ἔφησε

243 1483 436 1558 μόνον’
499 1482 712 1559 Οἵμοιί
773 1482 853 1540 ὅτι
884 1491 1104 1563 περιορᾷ
1150 1506 1217 1560 με
1247 1491 1336 1542 νῦν
1390 1485 1418 1541 δ
1464 1482 1798 1550 διδάσκαλος.
1837 1477 1895 1543 Ὀ

243 1571 299 1628 δὲ
359 1580 614 1630 τοσοῦτον
671 1572 880 1652 ἀπέσχε
949 1575 1044 1630 τοῦ
1100 1572 1378 1653 περιιδεῖν,
1425 1573 1562 1632 ὥστε
1602 1577 1897 1652 παραυτίκα

241 1664 332 1720 καὶ
384 1664 459 1728 εἰς
516 1664 691 1742 εὐχὴν
749 1662 1049 1738 κινηθῆναι,
1090 1664 1175 1720 καὶ
1231 1661 1620 1743 φιλανθρωπίας
1679 1661 1896 1743 δὸίκρυον

1981 1030 2308 1122 accedebat
2323 1029 2804 1122 intolerabilibus
2829 1033 2988 1096 illius
3003 1029 3493 1122 doloribus,quod
3509 1061 3620 1106 nec

1977 1119 2142 1201 ipsos
2174 1121 2416 1201 quidem
2449 1120 2687 1182 dolores
2723 1130 2922 1202 posset
2947 1119 3481 1194 enuntiare.Ambo
3514 1151 3620 1194 au-

1978 1220 2096 1273 tem
2125 1210 2275 1284 haec,
2305 1211 2495 1284 ulcus,
2532 1209 2798 1290 inquam,
2840 1219 2898 1273 et
2926 1222 3131 1276 tumor
3160 1235 3294 1278 cum
3333 1220 3617 1298 probrum

1977 1300 2157 1362 etiam
2191 1306 2249 1360 et
2277 1298 2537 1361 dedecus
2561 1299 2954 1379 accepissent,
2988 1303 3322 1368 efﬁciebant
3353 1315 3415 1370 ut
3454 1328 3618 1374 mors

1979 1396 2138 1452 esset
2161 1389 2216 1450 ei
2240 1387 2633 1468 optanda.Hic
2656 1407 2795 1468 ergo
2811 1409 2944 1452 cum
2961 1393 3278 1458 accedente
3293 1397 3614 1478 aliquando

1979 1485 2209 1555 sancto,
2246 1485 2361 1539 toto
2395 1485 2634 1558 pectore
2657 1479 3136 1562 ingemuisset,et
3159 1486 3251 1545 vix
3278 1497 3435 1549 esset
3455 1489 3612 1552 locu-

1979 1574 2094 1642 tus,
2117 1574 2357 1658 tantum
2392 1567 2585 1658 dixit:
2621 1569 2732 1630 Hei
2792 1569 2978 1631 mihi!
3033 1590 3130 1634 me
3165 1592 3325 1636 nunc
3356 1576 3612 1658 despicit

1979 1655 2277 1737 magister.
2337 1655 2441 1747 ille
2493 1663 2695 1719 autem
2755 1664 2979 1720 tantum
3012 1659 3216 1725 aberat
3247 1673 3309 1726 ut
3333 1655 3612 1747 despice-

241 1759 352 1809 τῶν
412 1750 672 1828 ὀμμάτων
731 1765 1097 1830 κατενεγκεῖν.
1153 1756 1286 1812 Εἶτα
1339 1763 1434 1813 τοῦ
1475 1752 1634 1832 ὄγκου
1695 1774 1752 1810 τε
1808 1753 1883 1810 καῖ

1977 1755 2091 1827 ret,
2124 1756 2187 1808 ut
2217 1746 2409 1808 statim
2443 1756 2773 1808 commotus
2803 1748 2880 1808 sit
2909 1748 2979 1810 ad
3014 1769 3222 1830 preces
3252 1762 3310 1816 et
3352 1746 3614 1819 clemen-

240 1848 335 1899 τοῖ’)
383 1841 571 1904 ἕλκους
631 1841 931 1921 ἁψάμενος,
989 1841 1051 1898 τὸ
1115 1841 1213 1918 μὲν
1268 1842 1432 1920 ὑγιὲς,
1468 1843 1560 1899 τὸν
1602 1839 1658 1898 δὲ
1712 1841 1888 1920 ἀφανῆ

237 1945 412 1989 ποιεῖ’
472 1931 560 1986 καὶ
616 1931 678 1988 τὸ
739 1930 912 2006 στόμα
961 1938 1038 2003 τῷ
1093 1929 1236 2011 ἀνδρί
1292 1931 1515 2010 καθαρὸν
1579 1928 1886 2010 ἀποδίδωσι,

245 2018 417 2076 τᾶλλα
473 2018 530 2075 δὲ
572 2017 857 2086 ἀκωλύτως
905 2019 1245 2101 φθέγγεσθαι,
1277 2021 1364 2078 καὶ
1420 2020 1701 2090 εύνοηστον
1746 2019 1890 2096 αὖτῷ

238 2109 388 2166 εἶναι
419 2109 552 2190 πρὸς
595 2107 939 2190 εὖχαριστιαν
968 2106 1210 2190 ὄργανον.

320 2375 424 2437 ιζ’.
474 2362 688 2456 ’Ἑτερός
729 2399 810 2441 τις
868 2376 974 2434 τῶν
1031 2383 1277 2454 μονακῶν
1332 2377 1563 2454 τοῦνομα
1606 2377 1890 2460 Στὲρανος,

239 2467 344 2533 τὴν
403 2468 499 2542 μὲν
569 2467 705 2524 κατᾶ
736 2468 887 2547 φύσιν
943 2468 1144 2546 τροφὴν
1189 2466 1565 2545 προσιέμενος,
1599 2468 1659 2526 τὸ
1705 2465 1760 2524 δὲ
1809 2465 1894 2524 διὰ

237 2558 342 2623 τῆς
400 2561 624 2635 φυσικῆς
657 2557 813 2633 αὖτον
843 2554 1021 2622 ἐξόδου
1077 2569 1388 2638 προχωρεῖν
1417 2567 1571 2616 τοῦτο
1630 2555 1890 2633 μηδαμῶς

234 2644 412 2726 ἔχων,
465 2643 520 2700 ἐν
567 2644 832 2725 ἐσχάταις
889 2643 1096 2708 ὁδῦναις
1148 2647 1237 2715 ἦν,
1301 2644 1515 2726 Ἰατρῶν
1572 2647 1662 2703 οὖν
1717 2645 1889 2726 τέχνη

233 2734 415 2800 πολλὰ
467 2735 584 2813 περὶ
641 2735 766 2792 αὐτὸ
823 2735 1382 2813 πραγματευσαμὲνη,
1415 2737 1509 2798 τὰς
1555 2735 1652 2812 μὲν
1708 2733 1890 2800 ὀδύνας

1975 1835 2075 1899 tiae
2124 1836 2412 1916 lacrymas
2481 1853 2549 1896 ex
2615 1836 2804 1898 oculis
2859 1836 3153 1904 emiserit.
3210 1842 3438 1906 Deinde
3472 1863 3610 1908 cum

1973 1933 2266 1988 tumorem
2319 1932 2379 1987 et
2423 1925 2595 1987 ulcus
2652 1927 2970 2006 tetigisset,
3004 1928 3115 1991 hoc
3146 1931 3386 2012 quidem
3418 1943 3608 2011 sanat,

1970 2015 2138 2077 illum
2165 2031 2303 2077 vero
2336 2014 2474 2076 facit
2500 2033 2895 2078 evanescere:
2932 2025 2990 2080 et
3035 2037 3102 2081 os
3132 2021 3188 2083 ei
3217 2041 3432 2102 purum
3463 2024 3612 2086 red-

1971 2108 2056 2166 dit
2085 2115 2138 2166 et
2166 2108 2466 2176 mundum,
2489 2118 2541 2167 et
2575 2119 2770 2179 aptum
2805 2119 2865 2168 ut
2885 2110 3100 2184 alioqui
3124 2113 3450 2187 loqueretur
3479 2118 3612 2176 abs-

1974 2212 2088 2276 que
2119 2193 2236 2255 ullo
2269 2191 2786 2272 impedimento,et
2812 2202 2969 2258 esset
2997 2195 3052 2258 ei
3082 2197 3228 2262 utile
3256 2201 3613 2266 instrumen-

1973 2290 2098 2344 tum
2128 2281 2199 2344 ad
2223 2281 2482 2360 agendas
2510 2282 2752 2361 gratias.

2055 2368 2237 2460 XVII.
2270 2370 2522 2443 Quidam
2551 2371 2701 2434 alius
2732 2375 3334 2450 monachus,nomine
3367 2377 3618 2460 Stepha-

1976 2479 2109 2536 nus,
2143 2459 2243 2541 qui
2276 2460 2606 2523 secundum
2659 2469 2930 2525 naturam
2974 2465 3218 2546 quidem
3266 2459 3620 2532 admittebat

1973 2554 2333 2619 alimentum,
2367 2561 2429 2611 ut
2458 2553 2514 2610 id
2545 2559 2735 2612 autem
2767 2569 2868 2626 per
2889 2555 3207 2614 naturalem
3241 2560 3452 2618 exitum
3481 2576 3618 2633 pro-

1974 2639 2358 2716 cederet,boc
2380 2638 2628 2701 minime
2645 2638 3217 2722 habebat,extremis
3237 2644 3616 2709 cruciabatur

1973 2730 2302 2793 doloribus.
2339 2729 2482 2792 Cum
2519 2745 2613 2790 ars
2645 2736 2842 2791 autem
2898 2730 3179 2794 medendi
3225 2751 3292 2795 ea
3322 2733 3382 2794 in
3416 2753 3481 2795 re
3511 2736 3615 2800 diu

230 2825 303 2895 τῇ.
362 2827 469 2880 τῶν
499 2823 816 2901 ,φαρμάκων
868 2821 993 2890 ηὗξε
1046 2825 1250 2902 πικρίᾳο
1301 2825 1368 2880 τὰ
1415 2822 1468 2880 δὲ
1524 2826 1654 2902 πρὸς
1699 2824 1883 2887 αὐτοὺς

1971 2827 2128 2884 esset
2149 2828 2404 2892 versata,
2441 2819 2682 2881 dolores
2717 2818 2960 2901 quidem
3013 2821 3266 2900 augebat
3294 2822 3612 2887 vulnerum

231 2911 521 2989 ἐλατήρια,
553 2910 754 2981 σπουδὴ
783 2913 982 2988 ματαία
1013 2912 1109 2969 καί
1139 2914 1174 2982 ἡ
1204 2911 1310 2988 ἐμὴ
1339 2911 1494 2992 τριϐὴ
1547 2911 1882 2992 διελέγχετο.

1971 2909 2293 2972 acerbitate
2330 2928 2345 2969 :
2379 2927 2509 2989 quae
2539 2927 2677 2970 vero
2731 2919 2867 2971 sunt
2911 2911 3066 2990 apud
3129 2930 3231 2973 eos
3260 2912 3502 2974 elateria
3557 2922 3618 2977 et

236 2994 329 3066 Ὦς
391 3004 482 3059 οὗν
534 3001 751 3082 ἄμαχον
801 3003 861 3058 τὸ
907 2999 1074 3058 δεινὸν
1134 3003 1358 3081 ἑωρᾶτο,
1391 3004 1487 3060 καί
1538 3005 1565 3060 ὁ
1616 3000 1883 3080 ἅνθρωπος

1971 3000 2373 3082 purgationes,
2395 2997 2682 3078 probabat
2712 3017 2848 3060 esse
2876 2999 3079 3062 inania
3133 3001 3522 3079 studiumque
3559 3012 3617 3065 et

233 3098 324 3147 τοῦ
372 3089 720 3171 διαῤῥαγῆναι
778 3093 837 3149 οὐ
895 3091 1102 3164 μακρὰν
1157 3090 1330 3171 ἀπῆν,
1371 3089 1768 3170 ἀπαγγέλλουσι
1812 3095 1883 3166 τῷ

1972 3106 2212 3169 operam
2231 3087 2448 3148 frustra
2469 3087 2527 3148 in
2553 3087 2639 3148 eis
2657 3089 2953 3150 consumi.
2981 3092 3126 3153 Cum
3158 3109 3298 3171 ergo
3325 3094 3620 3156 videretur

235 3178 560 3260 Μαρκέλλῳ.
625 3170 682 3237 ’0
740 3177 796 3234 δὲ
826 3177 1020 3245 ηὔξατο
1079 3178 1177 3254 μὲν
1207 3170 1443 3258 καθάπερ
1487 3181 1677 3237 εἰώθει·
1726 3180 1883 3236 ἐλθὼν

1975 3177 2194 3239 malum
2229 3175 2713 3257 inexpugnabile,
2771 3187 2832 3238 et
2886 3196 3006 3238 non
3066 3170 3314 3242 multum
3357 3182 3612 3257 abesset,

234 3269 292 3325 δὲ
353 3270 486 3346 πρὸς
549 3268 638 3324 τὸν
697 3268 989 3344 κάμνοντα,
1045 3269 1172 3326 εἶτα
1233 3269 1582 3350 ἐπαφώμενος
1639 3275 1706 3347 τῇ
1747 3269 1883 3349 χειρῖ

1973 3267 2120 3345 quin
2143 3267 2192 3327 is
2214 3264 2774 3345 disrumperetur,id
2809 3267 3153 3330 renuntiant
3187 3269 3486 3334 Marcello.
3513 3271 3620 3336 Ille

238 3359 344 3424 τὴν
399 3356 642 3436 γαστέρα,
704 3364 858 3414 τοῦτο
918 3355 973 3413 δὲ
1033 3359 1095 3416 τὰ
1153 3362 1270 3438 περὶ
1328 3360 1417 3415 τὸν
1478 3360 1642 3416 νῶτον
1699 3359 1883 3414 ὡσανεῖ

1973 3359 2172 3418 autem
2205 3362 2477 3435 precatus
2509 3354 2749 3435 quidem
2812 3363 2926 3437 est,
2989 3357 3145 3420 sicut
3201 3369 3614 3426 consueverat.

244 3446 498 3524 προωθῶν
540 3447 624 3502 καὶ
681 3447 766 3502 επὶ
796 3447 861 3502 τὰ
905 3447 1050 3503 κάτω
1099 3448 1195 3515 τὴν
1250 3447 1382 3514 ὕλην
1415 3447 1669 3521 ἐλαύνων,
1715 3447 1883 3522 ἐκείνῃ

1973 3445 2118 3505 Cum
2146 3461 2285 3506 vero
2309 3443 2570 3505 venisset
2589 3441 2662 3504 ab
2688 3441 3081 3521 laborantem,
3117 3448 3449 3529 partimque
3481 3449 3617 3529 qui-

236 3535 338 3608 μὲν
398 3534 495 3601 τὴν
526 3535 660 3591 κατὰ
718 3535 870 3613 φύσιν
926 3533 1174 3615 πρόοδον,
1207 3543 1284 3611 τῷ
1314 3535 1366 3592 δὲ
1426 3533 1575 3614 ἀνδρί
1629 3536 1883 3601 τοσαύτης

1974 3535 2110 3595 dem
2130 3540 2394 3594 ventrem
2421 3549 2599 3593 manu
2622 3534 3112 3613 tangens,partim
3133 3542 3327 3596 autem
3349 3536 3617 3616 dorsum,

230 3622 618 3701 ἀπαλλαγῆναι
652 3626 736 3681 καὶ
767 3623 983 3688 ἀλύπως
1014 3630 1108 3701 ζῇν
1139 3625 1447 3705 ἐχαρίσατο.

1974 3629 2251 3702 tanquam
2287 3620 2652 3701 propellens,
2677 3629 2736 3682 et
2764 3621 2836 3682 ad
2871 3621 3187 3684 inferiores
3209 3631 3406 3705 partes
3436 3642 3617 3702 agens

231 3712 572 3786 materiam,
609 3711 696 3773 illi
728 3711 966 3792 quidem
1000 3714 1297 3774 concessit
1353 3729 1758 3792 progressum,
1793 3711 1892 3793 qui
1925 3717 2014 3772 est
2067 3709 2402 3771 secundum
2440 3716 2737 3787 naturam,
2775 3709 2895 3772 viro
2927 3718 3150 3792 autem,
3187 3721 3246 3774 ut
3293 3730 3365 3776 ea
3393 3713 3615 3776 libera-

225 3809 423 3881 retur,
461 3808 519 3862 et
545 3801 720 3862 vitam
756 3809 955 3880 ageret
985 3801 1117 3863 sine
1149 3802 1447 3863 molestia.

309 3889 425 3954 ΗΓ.
483 3893 580 3949 Καὶ
611 3893 639 3947 ὁ
698 3893 796 3970 πρὸ
827 3892 1018 3970 μικροῦ
1045 3891 1100 3947 δὲ
1155 3893 1329 3970 ῥηθεὶς
1361 3890 1676 3964 Ἰουλιανὸς,
1713 3891 1741 3947 ὁ
1796 3891 1884 3947 καὶ

225 3982 304 4053 μὴ
363 3979 542 4054 καλῷς
576 3983 876 4056 οἰκονομεῖν
921 3981 1229 4061 ἐλεγχθεὶς,
1264 3981 1445 4060 ὥσπερ
1500 3990 1592 4040 τοῦ
1645 3978 1881 4060 διορατι-

226 4076 324 4127 κοῦ
376 4070 716 4149 χαρίσματος
749 4071 1025 4150 πρότερον,
1059 4071 1196 4128 οὕτω
1243 4069 1309 4139 δὴ
1358 4071 1586 4128 καὶτῶν
1641 4069 1884 4145 ἰαμάτων

230 4158 551 4238 Μαρκέλλου
608 4161 678 4222 εἰς
737 4163 929 4237 πεῖραν
987 4158 1226 4239 ἔρχεται.
1289 4160 1443 4218 Νόσώ
1499 4160 1596 4235 μὲν
1644 4160 1743 4244 γᾲρ
1799 4159 1886 4214 καὶ

229 4251 383 4312 οὗτος
445 4247 635 4328 ἔκαμε²
697 4249 835 4324 νόσῳ
890 4251 977 4305 καὶ
1034 4251 1279 4328 ἰατρικῆς
1337 4251 1425 4306 καὶ
1483 4250 1660 4316 πάσης
1718 4247 1886 4328 εὖχῆς

229 4340 306 4400 ὡς
367 4337 580 4401 ἐκεῖνος
634 4336 802 4395 ἐδόκει
856 4340 1137 4419 κρείττονι,
1167 4341 1254 4397 καὶ
1300 4338 1678 4402 ἆνενδοιάστως
1723 4337 1884 4394 ἄπει-

225 4425 407 4500 λούσῳ
448 4428 540 4483 τὸν
586 4428 809 4485 θάνατον
866 4429 1365 4504 Μεταπεμψάμενος
1411 4427 1499 4502 δὴ,
1534 4425 1677 4493 ἀξιοῖ
1706 4448 1884 4504 παρα-

2044 3884 2245 3950 XVIII.
2272 3889 2460 3949 Porro
2486 3895 2682 3950 autem
2705 3888 2754 3949 is
2774 3893 3011 3970 quoque
3033 3890 3134 3970 qui
3154 3889 3326 3970 paulo
3348 3900 3484 3956 ante
3511 3893 3609 3955 di-

1966 3985 2094 4040 ctus
2115 3975 2517 4051 estJulianus,
2553 3978 2656 4053 qui
2681 3977 2987 4039 convictus
3010 3978 3121 4041 fuit
3142 3997 3258 4040 non
3290 3989 3456 4044 recte
3485 3982 3610 4045 dis-

1967 4083 2241 4148 pensare,
2304 4065 2457 4128 sicut
2499 4065 2663 4146 prius
2717 4066 2937 4128 donum
2993 4069 3479 4148 perspicacitatis,
3532 4073 3612 4136 ita

1969 4155 2152 4218 etiam
2184 4153 2456 4217 Marcelli
2486 4154 2862 4216 curationum
2917 4155 3138 4218 donum
3173 4157 3280 4220 fuit
3307 4168 3607 4240 expertus.

1967 4246 2119 4310 Nam
2143 4244 2456 4332 isquoque
2481 4243 2686 4306 morbo
2713 4244 3039 4320 laborabat,
3067 4246 3166 4326 qui
3199 4253 3256 4308 et
3285 4248 3604 4332 medicina,

1970 4343 2027 4397 et
2048 4331 2208 4396 omni
2237 4333 2579 4413 precatione
2614 4341 2766 4414 erat,
2794 4341 2856 4396 ut
2879 4334 2979 4396 ille
3012 4335 3271 4414 putabat,
3307 4331 3604 4417 superior,

1969 4433 2028 4488 et
2055 4424 2201 4486 citra
2231 4421 2407 4483 ullam
2442 4422 2872 4486 dubitationem
2904 4432 3155 4485 mortem
3189 4424 3597 4492 minitabatur.

221 4514 467 4594 γενέσθαι
523 4517 615 4572 τὸν
645 4515 978 4596 Μάρκελλον,
1013 4519 1116 4598 οὐχ
1145 4517 1280 4574 ὥστε
1339 4518 1436 4586 τὴν
1465 4515 1744 4595 θεραπείαν
1777 4513 1882 4571 λα-

1971 4512 2334 4578 Accersitum
2359 4523 2553 4598 autem
2578 4521 2742 4593 rogat
2770 4512 2988 4576 adesse
3015 4513 3507 4590 Marcellum,non
3536 4528 3604 4580 ut

223 4603 376 4678 δεῖν,
410 4603 531 4684 ἆγλ⁸
583 4605 718 4662 ὥστε
751 4607 892 4681 αὖτῷ
927 4604 1235 4663 τελευτῶντι
1266 4603 1471 4685 ἐφόδιον
1501 4607 1669 4684 εὐχὴν
1707 4608 1868 4685 χαρί-

224 4697 446 4752 σασθαε.
507 4697 566 4753 '0
600 4692 678 4766 δὲ,
711 4695 1164 4774 παραγενόμενος,
1199 4701 1408 4774 πρῶτον
1445 4694 1543 4769 μὲν
1573 4695 1744 4752 αὐτῶν
1772 4694 1868 4761 τὴν

222 4783 414 4862 ψυχὴν
451 4785 615 4856 ἷᾶτπιι,
652 4785 738 4852 Μὴ
782 4782 868 4850 δὴ.
908 4785 1105 4864 φήσας,
1141 4785 1186 4840 ὦ
1221 4784 1403 4841 τέκνον
1431 4782 1568 4839 οὕτω
1609 4785 1870 4846 ταπεινῶς

221 4875 314 4929 καὶ
344 4873 678 4949 ἀνθρωπίνως
730 4873 906 4952 φρόνει
957 4875 1073 4952 περὶ
1105 4881 1259 4953 Θεοὸ,
1305 4871 1442 4948 μηδὲ
1493 4885 1610 4938 τοῖς
1668 4872 1868 4947 ἡμετέ-

222 4985 339 5041 ρυις
397 4961 722 5040 παραμέτρει
755 4964 840 5018 καὶ
898 4963 964 5018 τὰ
994 4963 1216 5025 ἐκείιου.
1245 4952 1249 4953 7
1279 4952 1462 5038 Ἠμῶν
1519 4961 1616 5034 μὲν
1645 4961 1741 5041 γὰρ
1789 4983 1870 5022 τις

221 5059 302 5126 τῷ
360 5051 459 5125 μὲν
514 5049 649 5115 ἴσως
685 5049 904 5130 ἴσχυσε,
939 5054 1066 5130 πρὸς
1115 5050 1168 5106 δὲ
1197 5053 1257 5108 τὸ
1287 5053 1374 5109 καὶ
1403 5051 1707 5129 ἀπείρηκεν·
1759 5052 1786 5106 ὁ
1818 5049 1872 5104 δὲ

223 5142 359 5204 Θεὸς
411 5141 622 5196 πάντων
679 5141 866 5208 ἐπίσης
915 5147 1118 5219 μικρῶν
1163 5163 1221 5196 τε
1282 5142 1367 5199 καὶ
1398 5140 1654 5214 μειζόνων
1708 5140 1870 5219 ἰσχυ-

224 5231 441 5309 ρότερος
511 5229 792 5290 δείκνυται.
855 5229 1060 5308 "Oa-nep
1116 5229 1278 5308 ὀλίγῳ
1334 5230 1585 5309 πρότερον
1641 5229 1726 5286 ἐπὶ
1783 5237 1873 5286 τοῦ

223 5327 428 5400 χρυσοῦ
482 5321 647 5394 ἡμεῖς
705 5319 801 5396 μὲν
834 5321 896 5376 τὸ
947 5321 1307 5399 μικρόψυχον,
1343 5321 1370 5376 ὃ
1413 5317 1467 5374 δὲ
1513 5319 1641 5380 Θεὸς
1675 5317 1870 5376 ἐδείκνυ

220 5411 284 5466 τὸ
363 5407 764 5487 μεγαλόδωρον’
827 5409 964 5466 οὕτω
1019 5411 1106 5466 καὶ
1172 5409 1256 5466 ἐπὶ
1312 5413 1410 5476 τῆς
1468 5409 1622 5465 νόσου
1691 5408 1869 5484 νόμιζε

220 5502 533 5576 θεοπρεπῶς
587 5497 791 5556 ἐκεῖνον
827 5497 1000 5554 πάντα
1040 5500 1127 5554 καὶ
1159 5495 1609 5575 μεγαλοδυνάμως
1664 5510 1861 5554 ποιεῖν·

1953 4611 2234 4681 acciperet
2257 4609 2613 4666 curationem
2637 4609 2795 4676 (nam
2819 4606 2927 4663 hoc
2946 4621 3016 4663 ne
3037 4606 3299 4677 sperabat
3322 4607 3599 4680 quidem),

1953 4695 2059 4758 sed
2092 4703 2155 4756 ut
2186 4694 2238 4754 ei
2273 4691 2591 4754 decedenti
2625 4709 2837 4770 preces
2861 4691 3224 4753 concederet
3250 4693 3462 4757 viatici.
3487 4693 3595 4757 Ille

1957 4803 2096 4846 vero
2132 4801 2266 4845 cum
2296 4779 2669 4854 accessisset,
2691 4780 2950 4858 primum
2978 4780 3216 4860 quidem
3244 4781 3373 4860 ejus
3397 4783 3594 4844 mede-

1955 4881 2054 4938 tur
2081 4877 2294 4934 animat
2328 4890 2342 4930 :
2402 4868 2511 4949 Ne,
2566 4867 2786 4945 inquit,
2837 4885 2870 4927 o
2907 4867 3014 4939 ﬁli,
3049 4876 3165 4928 tam
3206 4869 3508 4930 humiliter
3534 4879 3591 4932 et

1955 4963 2183 5042 abjecte
2207 4967 2265 5021 et
2287 4967 2400 5020 tam
2429 4959 2686 5018 humano
2716 4973 2881 5016 more
2904 4955 2977 5016 de
3001 4956 3124 5016 Deo
3143 4957 3588 5037 sentias,neque

1954 5052 2134 5114 rebus
2156 5049 2371 5110 nostris
2395 5045 2655 5107 metiaris
2677 5062 2775 5106 res
2798 5042 3132 5105 illius.Nam
3158 5053 3424 5106 nostrum
3449 5047 3585 5126 qui-

1955 5140 2089 5203 dem
2114 5136 2470 5218 aliquis,hoc
2491 5132 2729 5214 quidem
2755 5131 3001 5193 fortasse
3021 5139 3233 5213 potest,
3265 5133 3412 5194 illud
3443 5153 3582 5196 vero

1955 5228 2239 5292 minime:
2271 5229 2429 5288 Deus
2452 5231 2653 5286 autem
2678 5221 2952 5284 omnibus
2969 5229 3026 5282 et
3052 5222 3276 5300 magnis
3305 5231 3365 5285 et
3387 5225 3584 5302 parvis

1953 5338 2024 5379 ex
2053 5335 2217 5397 atquo
2251 5323 2340 5377 est
2370 5309 3000 5395 potentior.Quomodo
3028 5329 3168 5390 ergo
3200 5329 3307 5372 nos
3336 5313 3580 5392 quidem

1952 5406 2124 5488 paulo
2155 5411 2290 5467 ante
2324 5401 2603 5485 pusillum
2637 5408 2694 5462 et
2747 5398 3053 5462 sordidum
3100 5399 3388 5476 animum,
3423 5400 3580 5464 Deus

1949 5513 2087 5559 vero
2118 5512 2284 5557 suam
2316 5490 2573 5555 ostendit
2628 5489 3088 5552 muniﬁcentiam
3124 5506 3139 5551 :
3198 5489 3279 5550 ita
3309 5490 3484 5552 etiam
3514 5496 3577 5553 in

224 5591 278 5656 ὃς
323 5588 422 5650 καί
452 5593 552 5658 τῆς
584 5587 832 5653 ἀπιστίας
876 5586 1198 5666 συγγνώμην
1243 5587 1376 5664 ἡμῖν
1420 5592 1865 5668 παρασχόμενος,

1971 5585 2156 5650 norbo
2188 5583 2483 5662 existima,
2511 5579 2678 5643 illum
2705 5580 3011 5662 praeclare,
3043 5585 3107 5642 ut
3154 5578 3339 5643 Deum
3373 5580 3566 5661 decet,
