4020 6142
391 301 512 370 723

1698 305 1987 370 MENSIS
2027 301 2458 369 DECEMBER.

3639 297 3750 363 ’724

395 441 596 506 omnia
622 447 682 504 et
704 459 912 520 magna
944 443 1155 504 virtute
1188 443 1386 506 facere
1414 467 1425 502 :
1483 443 1627 523 quin
1659 442 1836 505 etiam
1873 440 2046 503 nobis

2135 440 2226 506 τὴν
2257 439 2432 516 ὑγείαν
2491 437 2792 518 χαρίσεται,
2827 435 3004 500 Οῧτως
3061 436 3296 500 εἰπόντος
3325 442 3394 504 τῆ
3437 441 3533 503 τῆς
3575 440 3757 515 ψυχῆς

396 533 531 595 data
551 531 721 592 venia
772 531 1229 614 incredulitatis,
1262 533 1552 611 largietur
1583 533 1854 594 salutem.
1895 531 2038 593 Cum

397 624 485 686 sic
516 620 781 700 dixisset,
819 620 1032 682 anima:
1082 623 1450 685 curationem
1504 621 1773 702 corporis
1803 637 2042 701 quoque

398 711 618 773 sanitas
643 718 733 771 est
765 712 1265 786 consecuta,adeo
1287 719 1350 773 ut
1373 719 1577 793 postea
1607 729 1740 774 cum
1774 729 1891 771 non
1919 719 2039 770 tam

2127 529 2376 607 θεραπείᾳ
2445 528 2714 596 ἦκολούθει
2775 527 2862 584 καὶ
2917 528 2952 594 ἡ
3007 533 3098 583 τοῦ
3169 525 3440 602 σώματος’
3497 526 3634 582 ὥστε
3701 527 3758 581 τὸ

2126 619 2260 694 μετὰ
2306 624 2469 675 ταῦτα
2501 618 2578 692 μὴ
2610 616 2776 679 οὕτως
2827 615 3031 691 ἁπλῶς,
3065 612 3201 672 ἀλλὰ
3231 617 3314 672 καὶ
3362 617 3435 680 ὡς
3471 621 3584 690 Θεῷ
3614 613 3760 694 φίλον

2124 709 2378 780 ζήσαντα,
2443 705 2582 783 ἱερέα
2641 705 2906 784 γενέσθαι,
2965 710 3060 780 τῇς
3117 725 3172 760 τε
3244 703 3553 782 Μαρκέλλου
3613 701 3762 760 διδα-

398 808 625 863 temere
657 799 917 880 vixisset,
951 801 1055 862 sed
1088 811 1148 862 ut
1193 820 1330 864 eum
1376 791 1582 876 decet,
1616 801 1739 878 qui
1792 807 1882 862 est
1931 797 2035 860 Dei

2135 795 2342 860 τκαλίας
2393 797 2606 863 καὶτῆς
2647 796 2937 874 ἱερωσύνης
2969 791 3136 859 ἄξιον.
3174 792 3322 850 Ἀλλ’
3372 794 3491 850 οἷον
3520 795 3581 850 τὸ
3630 795 3764 867 μετᾶ

398 894 648 964 amicus,
681 889 860 950 fuerit
893 889 1197 972 sacerdos,
1231 891 1448 969 dignus
1477 889 1734 953 Marcelli
1767 889 2038 950 doctrina

2135 891 2306 966 ταῦτα,
2341 887 2414 948 ὡς
2465 883 2582 941 λίαν
2637 885 2734 962 μὲν
2778 882 2999 963 φοϐερὸν
3063 896 3181 946 τοῖς
3239 883 3499 963 ἀπίστοις,
3538 883 3656 939 λίαν
3714 883 3765 939 δὲ

397 986 456 1040 et
479 977 956 1040 sacerdotio.Sed
990 980 1164 1059 quale
1196 987 1284 1042 est
1315 981 1449 1059 hoc,
1507 978 1668 1056 quod
1722 977 2036 1059 sequitur?

2126 987 2239 1039 τοῖς
2285 987 2497 1038 πιστοῖς
2528 975 2925 1049 θαυμαζόμενον
2959 975 2975 1035 ι

397 1069 584 1144 Quam
637 1074 726 1129 est
757 1067 1087 1131 incredulis
1136 1069 1375 1150 quidem
1409 1069 1576 1132 valde
1628 1067 1918 1149 terribile,
1951 1063 2106 1146 apud
2165 1063 2374 1127 ﬁdeles
2420 1071 2616 1125 autem
2671 1064 2730 1124 in
2762 1080 2972 1144 magna
3024 1061 3277 1125 habetur
3321 1061 3765 1125 admiratione!

477 1247 634 1312 XIX.
688 1245 794 1309 Vir
838 1247 1100 1326 quidam,
1137 1248 1240 1329 qui
1289 1246 1594 1310 laborabat
1629 1247 1832 1310 morbo
1866 1253 2043 1308 sectae

397 1341 916 1410 Samaritanorum,
941 1341 1231 1399 laborabat
1261 1342 1521 1412 corporis
1544 1341 1746 1398 morbo
1776 1339 2042 1396 immedi-

398 1426 599 1491 cabili.
633 1428 697 1488 ln
735 1427 866 1505 ejus
891 1425 1049 1486 enim
1085 1445 1336 1506 corpore
1368 1434 1604 1488 enatum
1639 1433 1763 1486 erat
1804 1425 2038 1486 vulnus.

395 1516 711 1593 Unguenta
734 1523 926 1576 autem
954 1523 1011 1576 et
1031 1515 1554 1594 medicamenta,et
1575 1532 1946 1594 quacunque
1969 1512 2040 1573 ab

399 1612 524 1667 arte
549 1603 1526 1680 adbibebantur,convincebantur
1555 1604 1699 1664 nihil
1733 1622 1928 1684 posse.
1955 1601 2040 1664 Ad

400 1703 727 1757 extremam
761 1691 958 1769 itaque
982 1712 1148 1773 spem
1175 1694 1405 1774 aspexit
1433 1693 1793 1766 Marcellum,
1824 1701 1882 1752 et
1909 1709 2041 1752 cum

400 1784 474 1846 ad
506 1801 644 1845 eum
674 1780 1154 1862 venisset,statim
1193 1803 1325 1844 cum
1360 1803 1431 1844 eo
1454 1783 1572 1862 egit
1603 1781 1904 1862 precibus.
1940 1781 2043 1844 llle

2204 1243 2319 1305 16’.
2397 1241 2561 1321 Ἀνήρ
2605 1267 2685 1307 τις
2744 1242 2809 1300 τὰ
2865 1249 3214 1322 Σαμαρειτῶν
3282 1248 3474 1322 νοσῶν,
3506 1243 3570 1297 τὸ
3617 1247 3772 1317 σῶμα

2125 1333 2346 1398 ἀνιάτως
2391 1332 2582 1389 ἰνόσει·
2617 1332 2821 1410 τραῦμα
2869 1334 2967 1411 γὰρ
3007 1334 3147 1408 αὗτῷ
3178 1330 3379 1407 μᾶλλον
3429 1331 3465 1400 ἢ
3499 1336 3662 1407 σῶμα
3713 1334 3770 1388 τὸ

2125 1421 2276 1484 ἕλκος
2335 1420 2554 1481 ἐδείκνυ.
2615 1421 2925 1499 Χαρίσματα
2981 1420 3036 1478 δέ
3091 1424 3184 1478 καί
3245 1421 3495 1500 φάρμακα
3545 1423 3645 1477 καί
3711 1421 3775 1476 τὰ

2125 1511 2232 1566 ἀπὸ
2283 1516 2383 1578 τῆς
2413 1511 2613 1591 τὲχνης
2665 1511 2856 1584 πάντα,
2893 1513 2954 1567 τὸ
2999 1509 3165 1587 μηδὲν
3194 1511 3396 1590 ἰσχύειν
3451 1509 3773 1589 ἐλέγχοντο.

2130 1602 2215 1663 Εἰς
2276 1600 2516 1680 ἐσχάτην
2550 1603 2635 1657 οὖν
2692 1598 2875 1656 ἐλπίδα
2925 1601 3014 1656 τόν
3075 1598 3381 1679 Μάρκελλον
3434 1599 3660 1675 ἔϐλεψε,
3697 1601 3779 1656 καὶ

2127 1691 2257 1765 πρὸς
2309 1691 2460 1748 «ora.
2518 1690 2864 1770 ἀφικόμενος,
2899 1691 3066 1770 εὐθὺς,
3099 1693 3172 1754 ὡς
3222 1689 3374 1769 εἶχε,
3407 1690 3502 1752 τὰς
3562 1687 3777 1758 δεήσεις

2129 1783 2417 1857 προσῆγεν.
2478 1773 2536 1838 Ὀ
2596 1779 2650 1836 δὲ
2707 1781 2784 1844 τίς
2842 1801 2899 1835 τε
2963 1779 3054 1847 εἴη
3112 1779 3314 1858 ἠρώτα,
3362 1781 3449 1835 καὶ
3503 1778 3653 1853 ὅθεν,
3699 1780 3779 1834 καὶ

399 1880 688 1946 autem,et
716 1847 986 1952 quisnam
1020 1881 1195 1948 esset,
1225 1847 1536 1950 rogavit,ét
1566 1847 1745 1953 unde,
1781 1882 1838 1934 et
1881 1890 2044 1953 quae-

2135 1870 2318 1924 ΰποϊον
2379 1871 2518 1943 αὒτῷ
2575 1870 2636 1924 τὸ
2683 1867 2861 1931 σέϐας,
2929 1869 3102 1925 Πάντα
3152 1867 3207 1924 δὲ
3257 1872 3352 1928 οὐκ
3397 1867 3457 1923 ἂν
3515 1876 3712 1942 ταῦτα,
3741 1869 3780 1922 εἰ

404 1980 540 2023 nam
568 1961 621 2021 ei
637 1960 1314 2039 essetreligio.0mnino
1337 1981 1474 2024 vero
1500 1963 1622 2024 haec
1643 1981 1760 2024 non
1786 1963 2043 2039 fecisset,

405 2051 524 2112 nisi
549 2049 620 2111 ad
649 2050 778 2129 ejus
803 2051 1125 2130 aspexisset
1150 2051 1710 2127 animam.Cum,ille
1730 2060 1926 2113 autem
1950 2051 2044 2112 di-

403 2139 686 2214 xisset,se
715 2137 955 2220 quidem
989 2158 1119 2201 esse
1150 2142 1586 2204 Samaritanum
1615 2162 1628 2216 ;
1668 2141 2049 2220 polliceretur

407 2245 552 2290 vero
583 2226 741 2308 quod
771 2228 817 2288 si
853 2227 1058 2290 morbo
1091 2229 1536 2308 liberaretur,et
1568 2233 1835 2311 protinus
1878 2247 2044 2291 suam

407 2325 662 2380 mutaret
686 2317 1121 2399 opinicnem,et
1139 2320 1210 2382 ad
1237 2321 1704 2384 Christianorum
1730 2320 1923 2382 libens
1941 2337 2044 2380 ac-

412 2407 652 2470 cederet
712 2408 1096 2486 sententiam,
1133 2418 1409 2490 precatur
1465 2428 1671 2481 senex,
1727 2419 1784 2470 et
1841 2426 2048 2490 preces

408 2498 798 2579 consequitur
853 2499 1097 2563 sanitas.
1130 2501 1276 2561 Cum
1339 2519 1478 2577 ergo
1541 2498 1734 2560 statim
1765 2497 2049 2559 edidisset

409 2587 894 2662 confessionem,
959 2597 1019 2648 et
1102 2594 1250 2649 viam
1315 2597 1537 2651 rectam
1597 2593 1758 2648 esset
1813 2585 2047 2664 ingres—

410 2696 538 2753 sus,
573 2675 840 2738 nondum
881 2685 1134 2755 quatuor
1183 2676 1393 2738 diebus
1453 2674 1790 2755 praateritis,
1852 2675 2048 2735 statim

409 2767 483 2828 ad
519 2766 775 2845 priorem
812 2765 1129 2826 revertitur
1162 2765 1368 2826 falsam
1411 2765 1785 2844 religionem.
1850 2762 2049 2844 Canis,

408 2855 598 2934 aiunt,
629 2853 702 2914 ad
737 2852 1041 2917 vomitum.
1075 2854 1381 2926 Quomodo
1429 2864 1626 2917 autem
1680 2854 1819 2916 fidei
1871 2855 2052 2915 recti-

413 2944 621 3008 tudine
653 2947 879 3003 curatio
922 2945 1208 3024 corporis,
1266 2944 1348 3007 ita
1407 2945 1614 3008 vitiosa
1665 2943 1780 3006 fide
1815 2943 2058 3005 morbus

413 3041 505 3097 est
532 3049 839 3106 accensus.
870 3030 1009 3094 Haec
1040 3052 1176 3096 vero
1206 3053 1574 3115 nequaquam
1606 3033 1869 3096 latebant
1900 3033 2054 3094 Mar-

413 3122 766 3200 cellum,sed
792 3141 926 3184 cum
954 3141 1166 3184 rursus
1184 3124 1254 3185 ad
1276 3125 1467 3204 ipsum
1493 3125 1770 3186 rediisset
1791 3122 2055 3186 Samari-

2130 1959 2207 2033 μή
2238 1959 2288 2014 τί
2317 1979 2372 2013 τε
2408 1959 2481 2022 εἷς
2537 1959 2635 2025 τὴν
2669 1957 2866 2014 ἐκείνου
2900 1956 3086 2014 ἆπετδε
3131 1959 3341 2036 ψυχήν.
3375 1965 3474 2015 Τοῦ
3502 1955 3556 2012 δὲ
3593 1965 3780 2031 Σαμα-

2129 2049 2304 2127 ρείτης
2365 2049 2462 2125 μὲν
2519 2048 2663 2104 εἶναι
2717 2049 2982 2124 εἰπόντος,
3029 2047 3488 2127 ἓπαγγειλαμὲνου
3554 2046 3613 2103 δὲ
3687 2050 3779 2120 ὡς,

2129 2140 2172 2193 εἰ
2243 2138 2335 2194 τοῦ
2391 2137 2587 2201 πάθους
2666 2137 3029 2218 ἀπαλλαγείη,
3075 2139 3162 2194 καὶ
3221 2141 3321 2204 τὴν
3378 2136 3530 2202 δόξαν
3591 2137 3778 2196 αὐτίκα

2131 2224 2446 2304 μεταϐαλεῖ,
2506 2228 2592 2282 καὶ
2667 2228 2733 2282 τὰ
2791 2233 3118 2305 Χριστιανῶν
3192 2226 3404 2300 ἕληται,
3466 2226 3699 2306 εὔχεται
3755 2227 3778 2281 ὁ

2131 2314 2450 2395 πρεσϐύτης,
2515 2316 2600 2372 καὶ
2656 2315 2755 2382 τὴν
2819 2316 2988 2396 εὐχὴν
3157 2314 3301 2380 ἴασις
3381 2314 3778 2390 κατελάμϐανε.

2131 2409 2473 2485 Παραχρῆμα
2525 2404 2613 2461 οὗν
2669 2407 2766 2473 τὴν
2800 2405 3087 2484 ὁμολογίαν
3138 2403 3425 2485 σχεδιάσας
3478 2407 3569 2462 καὶ
3637 2428 3782 2462 στοι-

2131 2518 2314 2575 χησας
2375 2500 2440 2570 τῇ
2476 2493 2718 2569 ἀληθείᾳ,
2778 2497 2994 2573 ἡμερῶν
3047 2495 3190 2552 οὔπω
3244 2495 3514 2573 τεσσάρων
3574 2494 3781 2572 παρελ-

2132 2587 2358 2658 θουσῶν,
2419 2585 2548 2660 πρὸς
2618 2584 2714 2650 τὴν
2772 2584 3030 2663 προτέραν
3101 2583 3244 2648 αὖθις
3303 2583 3585 2664 ἀνατρέχει
3653 2589 3781 2663 θρη-

2135 2672 2338 2731 σκείαν.
2399 2673 2459 2728 '0
2517 2671 2680 2747 κύων,
2741 2673 2896 2747 φασί,
2943 2675 3022 2730 τὸι
3076 2672 3286 2748 ἔμετον.
3354 2664 3554 2752 Ὠσπερ
3617 2673 3677 2729 δὲ
3722 2681 3782 2751 τῇ

2137 2765 2233 2829 τῆς
2293 2761 2520 2825 πίστεως
2581 2762 2730 2838 ὒγειᾳ
2785 2765 2870 2818 καὶ
2931 2765 2964 2829 ἡ
3021 2763 3268 2841 θεραπεία
3339 2770 3428 2819 τοῦ
3506 2767 3779 2838 σώματος,

2139 2851 2276 2908 οὕτω
2332 2853 2415 2908 καὶ
2473 2857 2538 2927 τῇ
2594 2850 2732 2925 νόσῳ
2787 2853 2821 2918 ἡ
2881 2850 3030 2916 νόσος
3097 2851 3317 2917 ἥπτετο,
3378 2850 3671 2909 Ἐλάνθανέ
3732 2852 3779 2907 δὲ

2138 2941 2302 2998 ταῦτα
2353 2939 2591 3015 οὐδαμῶς
2651 2938 2985 3018 Μάρκελλον,
3046 2939 3165 2996 ἀλλ’
3225 2939 3406 3008 ἐπειδὴ
3480 2940 3650 2997 πάλιν
3705 2941 3782 2997 ἐπ’

2140 3033 2296 3088 αὐτὸν
2340 3031 2604 3096 ἐπανῆκεν
2674 3033 2702 3086 ὁ
2762 3028 3120 3108 Σᾶμαρείτης,
3181 3029 3416 3102 ὀνειδίζει
3487 3032 3589 3105 μὲν
3652 3035 3785 3104 αὒτῷ

2141 3130 2233 3192 τῆς
2313 3118 2640 3200 μεταϐολῆς,
2702 3119 2954 3196 συγγνοὺς
3024 3117 3214 3178 δὲκαὶ
3282 3123 3422 3185 αὖθις
3477 3121 3541 3176 τὸ
3625 3122 3786 3182 πάθος

415 3221 611 3286 tanus,
645 3213 699 3273 ei
733 3213 974 3292 quidem
1008 3211 1325 3293 exprobrat
1376 3215 1758 3273 mutationem
1799 3229 1809 3269 :
1847 3217 2047 3272 rursus

2138 3214 2302 3271 ἱᾶται.
2366 3211 2457 3274 Ὠς
2520 3208 2574 3264 δὲ
2634 3209 2720 3264 καὶ
2761 3206 2836 3272 δὶς
2870 3209 2956 3264 καὶ
3003 3211 3133 3286 τρὶς,
3169 3207 3270 3276 ἤδη
3301 3207 3472 3265 δὲκαὶ
3526 3209 3784 3271 πολλάκις

413 3310 608 3366 autem
635 3302 972 3382 ignescens,
1007 3301 1213 3364 morbo
1248 3302 1540 3364 medetur.
1587 3305 1732 3364 Cum
1768 3318 1906 3361 vero
1930 3301 2054 3379 jam

416 3392 509 3454 bis
541 3399 596 3453 et
631 3398 720 3453 ter
747 3391 1265 3472 szepius,corporis
1288 3391 1524 3471 quidem
1555 3391 1796 3450 morbus
1827 3408 2050 3450 cessas

415 3489 811 3562 set,reversus
841 3488 1040 3543 autem
1075 3490 1230 3542 esset
1262 3479 1503 3541 morbus
1535 3480 1770 3556 animm,
1808 3487 1866 3541 et
1889 3479 2055 3539 illum

410 3589 622 3635 rursus
647 3581 1008 3651 revocasset,
1040 3570 1308 3633 Christus
1333 3579 1441 3651 est,
1479 3568 1691 3649 inquit,
1728 3568 1828 3648 qui
1862 3577 1916 3629 te
1950 3587 2056 3629 cu-

409 3671 651 3736 rat,non
679 3679 810 3740 ego.
849 3662 972 3724 Tua
987 3679 1128 3722 vero
1150 3659 1225 3723 de
1244 3660 1524 3740 opinione
1551 3669 1718 3739 pacta
1740 3666 2052 3732 conventa,

406 3771 527 3814 non
562 3769 822 3829 mecum,
856 3751 960 3812 sed
1011 3769 1145 3812 cum
1207 3749 1308 3811 illo
1342 3749 1470 3811 fieri
1525 3749 1818 3823 existima,
1875 3766 2052 3828 quem

405 3861 586 3905 nemo
617 3841 803 3904 latere
833 3848 1048 3921 potest,
1114 3859 1309 3922 neque
1372 3839 1670 3920 decipere.
1709 3837 1880 3902 Omni
1911 3853 2054 3915 ergo

406 3930 895 4010 depositafraude
934 3939 996 3994 et
1027 3936 1376 4011 impostura,
1415 3948 1622 4010 puram
1654 3927 1737 3989 illi
1766 3928 2053 3990 confitere

407 4018 784 4099 religionem,
808 4028 866 4080 et
897 4027 1064 4082 certo
1095 4021 1247 4081 scias
1275 4019 1426 4090 fore,
1455 4028 1518 4081 ut
1553 4037 1697 4097 pure
1725 4017 1920 4079 carnis
1952 4034 2048 4077 se-

407 4116 620 4190 quatur
647 4107 902 4170 curatio.
935 4108 1080 4170 Cum
1113 4118 1307 4170 autem
1350 4109 1452 4170 ille
1505 4107 1706 4168 infelix
1757 4116 1814 4168 et
1847 4123 2053 4166 amens

407 4198 674 4272 dixisset,
713 4214 776 4258 se
826 4197 1113 4278 quidquid
1170 4197 1487 4260 accidisset
1545 4214 1844 4276 utinquam
1881 4213 2052 4274 posse

407 4287 656 4370 patriam
691 4285 1035 4366 relinquere
1063 4285 1442 4363 religionem,
1481 4287 1605 4364 ipse
1637 4282 1874 4364 quidem
1909 4281 2055 4342 abiit

404 4377 554 4439 nihil
579 4377 813 4438 locutus
843 4394 855 4439 :
884 4375 988 4438 ille
1008 4393 1146 4437 vero
1175 4373 1383 4436 infelix
1415 4391 1548 4433 eum
1577 4391 1780 4450 parum
1815 4390 2050 4451 proces-

2139 3301 2199 3357 τὸ
2257 3300 2354 3374 μὲν
2413 3299 2718 3371 σωματικὸν
2767 3295 2988 3353 ἐπαύετο
3047 3297 3281 3372 νόσημα,
3336 3299 3395 3354 τὸ
3455 3295 3510 3354 δέ
3558 3301 3786 3378 ψυχικὸν

2141 3388 2266 3444 αὒτὸ
2322 3409 2377 3444 τε
2437 3387 2802 3466 ἐπανήρχετο,
2847 3386 3065 3444 κακεῖνο
3124 3386 3281 3444 πάλιν
3339 3386 3685 3461 ἀνεκαλεῖτο,
3735 3389 3788 3446 ’0

2140 3478 2388 3554 Χριστὸς,
2451 3475 2572 3554 ἔφη,
2616 3477 2644 3532 ὀ
2695 3476 2752 3532 σέ
2809 3477 3130 3552 θεραπεύων,
3186 3475 3305 3532 ἀλλ’
3371 3478 3464 3533 οὐκ
3513 3477 3646 3554 ἐγώ·
3711 3478 3795 3534 καὶ

2138 3568 2232 3629 τὰς
2283 3566 2380 3630 σὰς
2417 3567 2526 3645 περὶ
2569 3571 2674 3630 τῶς
2718 3564 2872 3633 δόξης
2923 3567 3178 3635 συνθήκας
3211 3567 3270 3623 οὗ
3327 3567 3456 3644 πρὸς
3496 3567 3619 3641 ἒμὲ,
3658 3566 3798 3624 ἄλλα

2138 3659 2270 3733 πρὸς
2328 3655 2534 3713 ἐκεῖνον
2595 3657 2774 3729 νόμιζε
2828 3656 3081 3734 γίνεσθαι,
3132 3656 3188 3711 ὃν
3257 3654 3372 3713 οὔτε
3435 3655 3621 3713 λαθεῖν
3685 3656 3790 3713 οὔτ’

2138 3747 2407 3813 ἀπατῆσαί
2461 3767 2562 3800 τινι
2607 3742 2846 3805 δυνατόν.
2893 3751 3072 3800 Πᾶσαν
3121 3753 3246 3822 γοῦν
3301 3745 3512 3811 ἀπάτην
3541 3746 3633 3802 καὶ
3694 3768 3794 3825 φε-

2137 3837 2395 3911 νακισμὸν
2427 3833 2772 3908 ἀποϊέμενος,
2823 3835 3046 3913 καθαρὸν
3099 3834 3223 3890 αὒτό
3281 3835 3341 3890 τὸ
3384 3832 3541 3899 σέϐας
3594 3833 3790 3910 διομο-

2137 3925 2309 4004 λόγει,
2342 3927 2430 3980 καὶ
2462 3931 2518 3979 εὖ
2563 3924 2698 3993 ἴσθι,
2732 3927 2969 4002 καθαρῶς
3027 3922 3211 4003 ἔχεται
3245 3925 3330 3981 καὶ
3382 3926 3414 3992 ἡ
3449 3929 3541 3990 τῆς
3594 3928 3796 4002 σαρκὸς

2135 4013 2304 4078 ἴασις,
2361 4014 2460 4078 Ὠς
2494 4012 2549 4069 δέ
2593 4014 2737 4069 καὶό
2799 4013 2976 4076 ἄθλιος
3007 4015 3215 4076 ἐκεῖνος
3259 4015 3349 4070 καὶ
3392 4013 3546 4077 ἄνους
3605 4013 3792 4080 ἒξεϊπε

2137 4105 2213 4179 μὴ
2246 4103 2310 4158 ἄν
2347 4124 2474 4160 ποτε
2507 4100 2638 4178 μηδ’
2695 4101 2755 4158 ἂν
2816 4100 2869 4157 εἴ
2926 4125 2973 4158 τι
3031 4104 3119 4158 καὶ
3170 4103 3389 4180 γίνοιτο,
3425 4103 3524 4170 τὴν
3571 4104 3795 4179 πάτριον

2135 4194 2417 4269 θρησκείαν
2476 4189 2820 4264 καταλιπεῖν,
2883 4191 2910 4247 ὀ
2958 4189 3054 4263 μέν
3113 4191 3274 4268 ἀπῄει
3343 4190 3508 4268 μηδὲν
3558 4191 3794 4272 ιρθεγξά-

2137 4303 2313 4360 μενος·
2377 4279 2490 4338 ὀδέ
2547 4279 2815 4359 δυστυχὴς
2865 4281 3075 4345 ἐκεῖνος
3133 4283 3320 4360 μικρὸν
3374 4289 3465 4340 τοῦ
3517 4303 3795 4358 μοναστη-

2138 4374 2247 4452 ρίου
2307 4368 2534 4449 προϐὰς,
2591 4369 2686 4424 καί
2754 4368 3056 4447 βιαιότερον
3112 4376 3180 4446 τῇ
3251 4371 3388 4445 νόσῳ
3441 4373 3791 4451 κατασχεθεές

407 4467 585 4528 sisset
601 4485 634 4529 a
657 4465 1113 4544 monasterio,et
1135 4461 1452 4522 violentius
1481 4460 1726 4520 morbus
1745 4479 1876 4522 cum
1899 4470 2047 4524 essel

2140 4463 2376 4534 θνήσκει,
2433 4460 2523 4515 τὸν
2581 4456 2797 4514 διπλοῦν
2857 4457 3057 4533 οἵμοιί
3121 4460 3312 4538 σαρκός
3363 4481 3419 4515 τε
3461 4462 3548 4517 καὶ
3605 4465 3790 4540 ψυχῆς

2144 4550 2199 4564 ,,
2449 4547 2553 4564 _.-
2663 4547 2675 4562 ς
2793 4545 2802 4560 ν
2948 4547 2962 4564 ν
3054 4548 3066 4564 ι
3224 4546 3276 4564 μ,
3397 4548 3408 4564 ι
3563 4548 3576 4564 .
3634 4555 3659 4564 -

406 4572 740 4636 aggressus,
771 4553 1022 4632 duplici,
1086 4552 1234 4631 proh
1285 4549 1498 4610 dolor!
1561 4559 1750 4611 morte
1785 4552 2047 4626 moritur,

2141 4550 2389 4611 θάνατον,
2449 4547 2620 4606 Ταῦτα
2651 4547 2678 4602 ὀ
2738 4545 2906 4623 μέγας
2939 4547 3167 4612 ἀκούσας
3219 4546 3413 4626 δάκρυά
3442 4569 3498 4604 τε
3554 4548 3783 4628 ἀφῆκεν,

404 4661 622 4722 nempe
656 4647 853 4704 carnis
885 4649 944 4703 et
975 4639 1353 4702 anima).Ha3c
1380 4659 1514 4700 cum
1547 4658 1792 4718 magnus
1817 4640 1918 4701 ille
1952 4659 2047 4701 au-

2144 4639 2286 4704 ἄξιον
2347 4638 2491 4694 εἶναι
2559 4636 2772 4700 πένθους
2847 4637 2907 4692 τὸ
2978 4638 3195 4714 γεγονὸς
3263 4639 3640 4718 λογισάμενος,
3701 4641 3790 4695 καὶ

405 4733 739 4807 divissat,et
763 4730 1048 4812 lacrymas
1067 4731 1428 4804 emisit,rem
1465 4747 1598 4790 esse
1630 4729 1793 4791 luctu
1819 4729 2047 4808 dignam

2143 4730 2392 4785 τοσοῦτον
2443 4726 2568 4782 εἶπε
2619 4725 2804 4800 μόνον·
2875 4725 3034 4783 σΟὖκ
3089 4727 3421 4806 ἐκπειράσεις
3459 4728 3646 4805 Κύριον
3695 4730 3787 4784 τὸν

405 4821 816 4902 arbitratus,et
848 4821 963 4883 hoc
988 4820 1179 4881 solum
1208 4819 1356 4880 dixit
1391 4838 1402 4878 :
1442 4841 1463 4876 (ι
1493 4820 1627 4882 Non
1664 4817 1920 4882 tentabis
1950 4821 2047 4881 Do'

2147 4819 2275 4875 Θεόν
2338 4831 2453 4873 oou'
2496 4837 2518 4873 ι)
2586 4814 2818 4892 καθάπερ
2874 4811 2940 4870 δι’
2992 4813 3192 4872 ἐκείνου
3243 4818 3370 4896 πρὸς
3428 4814 3629 4880 πάντας
3687 4817 3785 4884 τὴν

404 4912 633 4975 minum
667 4912 854 4974 Deum
889 4921 1056 4973 tuum
1092 4912 1138 4990 ί,
1205 4934 1225 4965 ι
1289 4919 1562 4990 tanquam
1618 4917 1858 4990 propter
1890 4909 2047 4970 illum

2143 4905 2507 4986 παραγγελίαν
2539 4904 2877 4978 ποιοόμενος,

403 5002 552 5065 dans
584 5009 945 5084 praeceptum
979 4998 1286 5062 omnibus.

483 5079 606 5155 XX'.
633 5079 812 5153 Nobis
834 5100 1030 5153 autem
1053 5088 1454 5152 convertenda
1477 5097 1562 5151 est
1593 5089 1715 5149 haec
1749 5085 1937 5148 oratio
1971 5085 2044 5146 ad

2316 5083 2328 5103 ς
2515 5081 2562 5102 Μ
2649 5083 2663 5100 ι
2787 5082 2798 5103 ι
2994 5079 3008 5100 9
3075 5083 3086 5099 ο
3139 5083 3149 5102 ο
3456 5084 3466 5096 υ
3757 5091 3777 5098 -

2216 5096 2275 5144 Κ.
2334 5091 2476 5159 Ημτν
2511 5099 2561 5138 οε
2615 5103 2706 5138 τον
2737 5080 2989 5162 λογον
3070 5105 3246 5162 ετεραν
3279 5105 3529 5163 τρεπτεον
3593 5105 3781 5140 πιστου

403 5181 575 5243 aliam
609 5179 802 5241 fidelis
832 5179 1097 5240 hominis
1132 5179 1528 5247 curationem,
1562 5196 1695 5258 qum
1721 5185 1780 5236 ut
1810 5173 1920 5237 fuit
1951 5194 2041 5236 ce-

2135 5175 2427 5253 ispznsim,
2479 5175 2550 5234 ὡς
2615 5170 2981 5244 παροΞ-›τάτην
3035 5171 3171 5229 οὕτω
3228 5171 3291 5241 δὴ
3337 5179 3423 5229 καὶ
3482 5174 3778 5251 χαριεστὰ-

401 5271 665 5343 lerrima,
701 5269 782 5332 ita
811 5271 988 5330 etiam
1012 5267 1476 5348 jucundissima.
1515 5267 1766 5339 Quidam
1801 5264 2042 5326 nomine

2135 5288 2222 5332 την
2281 5263 2648 5343 ὑπάρχουσαν.
2710 5259 2896 5336 Κύριός
2941 5282 3020 5324 τις
3073 5261 3210 5319 οὕτω
3259 5261 3608 5337 καλούμενος,
3645 5264 3780 5339 πρὸ·

401 5362 608 5437 Cyrus,
661 5358 823 5438 prius
875 5367 1072 5419 autem
1126 5373 1376 5436 corpore
1407 5357 1705 5430 robustus,
1735 5363 1792 5416 et
1823 5353 1894 5415 ad
1928 5373 2039 5432 pu-

2135 5376 2270 5433 τερος
2330 5353 2424 5428 μέν
2454 5351 2569 5407 λίαν
2625 5351 2685 5406 τὸ
2722 5351 2876 5426 σῶμα
2917 5351 3168 5430 καρτερὸς
3229 5355 3316 5408 καί
3347 5351 3628 5410 πυκτεύειν
3678 5352 3780 5431 οὔχ

403 5446 646 5524 gilatum
667 5437 839 5509 valde
861 5447 1288 5527 bonus,postea
1309 5454 1506 5508 autem
1531 5448 1687 5508 inter
1711 5443 2034 5505 monachos

2135 5443 2311 5512 ίριιστα
2354 5441 2571 5521 ἀγαθὰς,
2603 5440 2820 5518 ὕστερον
2872 5437 2926 5495 δέ
2960 5439 3042 5496 καὶ
3094 5440 3145 5497 ἐν
3198 5452 3472 5522 μοναχοτς
3522 5440 3616 5507 τὴν
3652 5442 3774 5520 ὀρε-

483 5622 503 5663 ¹
534 5618 708 5683 Deut.
745 5621 955 5702 ν1,16.
