4020 6142
203 288 323 356 725

1169 295 1358 360 VITA
1399 297 1462 362 S.
1507 297 1896 361 MARCELLI
1938 297 2629 364 ARCHIMANDRITIE.

3460 297 3580 369 726

204 429 308 497 τὴν
364 431 673 506 θαυμαστός
712 449 726 466 ⁸
775 431 922 498 οὗτος
979 437 1068 490 οὔθ
1125 429 1243 510 ἄρτι
1315 431 1382 488 τὰ
1439 436 1544 488 τῶν
1603 439 1860 513 μοναχῶν

1959 451 2185 513 quoque
2208 430 2576 495 admirabilis
2602 451 2616 492 :
2642 430 2741 494 hic
2764 448 2902 512 ergo
2919 447 3053 494 cum
3081 431 3253 513 paulo
3283 442 3422 497 ante
3447 438 3578 498 sub-

205 517 473 596 ὑπελθὼν,
536 521 626 578 καὶ
688 519 851 586 ἄλλος
924 519 1047 579 Ἰὼϐ
1101 520 1244 578 ἕλκει
1301 528 1520 598 πονηρῷ
1577 523 1722 600 παρὰ
1763 529 1858 579 τοῦ

201 612 445 687 πονηροῦ
499 609 778 686 βάλλεται.
844 617 954 668 Πᾶν
1020 613 1120 688 γὰρ
1192 612 1351 668 αὐτοῦ
1409 612 1471 666 τὸ
1531 611 1858 688 μετάφρενον

206 698 479 774 τραύματι
520 699 666 756 παίει
713 699 1105 780 χαλεπωτάτῳ.
1157 701 1228 759 Τὸ
1268 699 1324 756 δέ
1380 697 1575 756 ἄνωθεν
1604 699 1709 756 ἆπὸ
1767 705 1858 757 τοῦ

205 785 494 866 τραχήλου
546 785 857 865 ἀρξάμενον,
919 788 1014 856 τήν
1072 809 1130 846 τε
1209 789 1378 866 σάρκα
1438 785 1858 859 διαϐοσκόμενον

206 875 346 942 ὅλην
390 874 770 958 διελυμήνατο,
819 879 904 935 οιαὶ
957 878 1024 936 τὰ
1065 875 1154 935 ὑπ’
1199 878 1365 945 αὐτὴν
1424 877 1559 934 ὀστᾶ
1616 879 1859 954 καθαρῶς

214 965 574 1042 ἓξεγύμνωσε.
634 977 880 1044 Δριμεϊαι
953 965 1008 1024 δέ
1072 964 1244 1024 ὃδύναι
1285 968 1402 1034 ⁴καἱ
1481 965 1696 1045 ἇῤῥητοι
1769 967 1860 1024 τὸν

209 1053 495 1132 ἄνθρωπον
532 1052 859 1130 ὀιαδύνασαι,
893 1054 1009 1112 οὔτε
1038 1057 1188 1135 ὀρθὸς
1239 1056 1481 1135 ἑστάναι,
1513 1054 1631 1112 οὕτε
1686 1077 1860 1112 κατα-

214 1143 517 1224 κλιθῆναι,
589 1143 707 1202 οὕτε
760 1145 869 1220 μὴν
939 1147 1256 1212 καθεσθῆναι
1327 1143 1622 1222 ἀλγηδόνος
1681 1144 1862 1224 χωρὶς

212 1232 528 1310 ἐπέτρεπον.
589 1242 753 1298 Οὗτος
809 1241 897 1291 οὖν
939 1235 1076 1291 κατὰ
1127 1235 1216 1290 καὶ
1257 1235 1466 1312 ἰατροὺς
1521 1235 1610 1290 καὶ
1659 1232 1861 1311 τέχνας

214 1320 580 1402 παραδραμὼν
609 1371 626 1398 ,
674 1322 760 1380 ἐπὶ
805 1322 1110 1400 Μάρκελλον
1166 1323 1349 1398 μόνον,
1413 1325 1502 1380 καὶ
1544 1320 1610 1380 δι’
1662 1323 1862 1380 ἐκείνου

220 1413 358 1489 πρὸς
431 1413 562 1468 Θεὸν
649 1413 1016 1492 καταφεύγει,
1093 1411 1339 1469 κάκεῖθεν
1407 1413 1506 1480 τὴν
1583 1413 1863 1491 θεραπείαν

221 1502 392 1563 αἰτεῖ.
425 1501 486 1560 Ὀ
519 1499 576 1557 δὲ
620 1513 812 1581 χεῖρας
843 1523 902 1559 τε
931 1501 1015 1558 καί
1077 1500 1269 1581 φρένας
1312 1501 1460 1565 εὒθὺς
1519 1503 1592 1565 εἰς
1647 1501 1866 1578 οὐρανὸν

221 1589 378 1666 ἄρας,
415 1590 502 1648 καὶ
541 1591 722 1668 ὥσπερ
775 1590 964 1647 εἴωθεν
1008 1588 1381 1664 ἐπευξάμενος,
1430 1594 1552 1646 εἶτα
1607 1596 1675 1666 τῇ
1725 1591 1868 1670 χειρὶ

214 1686 315 1735 τοῦ
374 1678 675 1756 τραύματος
734 1678 1068 1759 ἐπαφῶντος,
1131 1675 1193 1734 Ὠ
1251 1679 1524 1755 βέλτιστε,
1565 1679 1732 1756 λέγει,
1767 1679 1863 1736 ἀν-

1939 527 2097 584 iisset
2129 527 2554 591 monachatum,
2581 534 2856 598 tanquam
2885 526 3030 583 alius
3059 526 3182 593 Job,
3208 528 3359 585 malo
3388 528 3581 588 ulcere

1943 613 2268 691 percutitur
2295 628 2330 672 a
2375 609 2652 686 maligno.
2686 608 2898 670 Totum
2958 609 3118 670 enim
3177 611 3309 688 ejus
3338 611 3580 674 dorsum

1944 699 2105 778 gravi
2135 698 2270 761 ferit
2301 697 2635 760 vulnereJd
2669 703 2866 760 autem
2902 698 3161 780 desuper
3189 718 3222 761 a
3243 700 3395 761 collo
3426 701 3579 763 inci-

1948 789 2143 869 piens,
2183 796 2240 848 et
2277 805 2515 849 carnem
2549 794 2731 848 totam
2765 785 3100 869 depascens
3130 789 3494 871 deperdidit,
3527 797 3587 852 et

1944 895 2076 958 quae
2102 878 2214 939 sub
2247 895 2316 938 ea
2338 883 2534 945 erant.
2571 893 2705 938 ossa
2727 894 2875 957 pure
2903 877 3168 942 nudavit.
3205 879 3388 942 Acres
3415 897 3582 954 vero,

1943 975 2004 1030 et
2032 967 2132 1047 qui
2159 965 2355 1028 verbis
2387 964 2638 1047 exprimi
2667 967 3245 1042 nequeunt,dolores
3276 968 3582 1031 hominem

1946 1061 2346 1136 penetrantes,
2385 1072 2578 1134 neque
2608 1061 2840 1116 rectum
2867 1061 3166 1136 stare,nec
3197 1057 3578 1138 accumbere,

1944 1144 2052 1207 sed
2085 1161 2280 1222 neque
2301 1143 2514 1205 sedere
2533 1142 2805 1205 sinebant
2828 1143 2956 1206 sine
2979 1145 3387 1210 cruciatu.Hic
3419 1164 3581 1226 ergo,

1945 1232 2222 1296 omnibus
2254 1241 2312 1295 et
2343 1231 2592 1293 medicis
2617 1240 2674 1293 et
2694 1231 2925 1294 artibus
2947 1233 3282 1312 praeteritis,
3317 1235 3392 1296 ad
3422 1235 3581 1298 Mar-

1946 1322 2162 1386 cellum
2201 1320 2485 1402 solum,et
2503 1339 2609 1400 per
2627 1320 2798 1382 illum
2821 1321 2892 1382 ad
2913 1321 3101 1384 Deum
3134 1323 3483 1401 confugit,et
3509 1323 3583 1385 ab

1948 1430 2022 1475 eo
2055 1410 2200 1491 petit
2227 1410 2619 1472 curationem.
2655 1409 2761 1472 Ille
2816 1417 3014 1472 autem
3070 1431 3202 1473 cum
3256 1431 3466 1475 manus
3527 1420 3585 1474 et

1950 1508 2213 1563 mentem
2245 1501 2438 1561 statim
2474 1499 2534 1560 in
2569 1499 2751 1560 altum
2781 1499 3146 1575 sustulisset,
3199 1509 3258 1564 et
3289 1510 3351 1564 ut
3379 1503 3586 1564 solitus

1950 1597 2100 1665 erat,
2135 1597 2388 1669 orasset,
2422 1588 2641 1651 deinde
2677 1607 2852 1651 manu
2884 1589 3052 1650 ulcus
3086 1598 3340 1654 tractans
3375 1608 3389 1653 :
3423 1589 3470 1654 Ο
3501 1591 3588 1650 vir

1949 1678 2417 1760 optime,inquit,
2430 1688 2487 1741 te
2509 1677 2752 1758 quidem
2778 1678 2850 1739 ab
2874 1679 2972 1740 his
3001 1698 3119 1741 non
3153 1687 3384 1761 oportet
3413 1697 3585 1760 supe.

219 1767 388 1846 δρῶν,
443 1769 503 1824 σὲ
559 1769 658 1844 μὲν
703 1769 762 1826 οδ
790 1766 907 1826 δέον
963 1771 1072 1825 τῶν
1127 1769 1383 1826 τοιούτων
1437 1771 1716 1837 ἡττᾶσθαι·
1751 1765 1867 1825 οὐδὲ.

1959 1769 2092 1833 rari.
2125 1771 2333 1850 Neque
2355 1769 2515 1831 enim
2545 1786 2678 1829 eum
2705 1772 2804 1850 qui
2838 1777 3055 1850 pugnat
3083 1787 3217 1831 cum
3251 1769 3324 1832 iis
3351 1775 3452 1850 qui
3470 1788 3589 1830 non

221 1859 327 1936 γὰρ
379 1859 442 1914 τὸ
497 1859 630 1936 πρὸς
680 1857 934 1936 ἆοράτους
995 1858 1315 1936 μαχόμενον
1373 1857 1694 1937 ἐπιπροφῆν
1757 1857 1869 1936 χρὴ

222 1954 324 2024 τῇς
373 1947 572 2024 σαρκός
603 1950 882 2004 ποιεῖσθαι
919 1963 933 1977 ⁶
968 1945 1112 2007 πλὴν
1141 1945 1278 2004 ἀλλά
1313 1947 1483 2026 θάῤῥει
1516 1967 1533 1984 ο
1565 1950 1657 2004 τὸν
1684 1945 1866 2021 ’Ὕψι-

220 2057 356 2093 στον
421 2038 520 2114 γάρ
579 2058 662 2092 σοι
733 2037 936 2112 θεμένῳ
1013 2038 1323 2116 καταφυγὴν
1401 2039 1436 2105 ἡ
1496 2037 1686 2113 μάστιξ
1735 2038 1868 2104 αὕτη

221 2125 472 2204 φεύξεται
517 2127 610 2181 τοῦ
673 2125 1029 2202 σκηνώματός
1095 2148 1215 2187 σου.
1266 2126 1494 2204 Εἵρητο,
1555 2127 1642 2184 καὶ
1698 2127 1870 2188 πάντα

226 2217 379 2280 εὐθὺς
444 2216 669 2294 ἑωρᾶτο,
724 2217 859 2289 ὁμοῦ
912 2214 980 2272 τά
1035 2218 1192 2295 ὀστᾶ,
1242 2217 1294 2273 αἱ
1342 2217 1554 2295 σάρκες,
1603 2218 1665 2274 τὸ
1707 2215 1871 2296 δέρμα

225 2305 510 2382 περιταθὲν
589 2303 683 2362 καὶ
741 2307 792 2361 αἱ
866 2303 1042 2362 ὀδύναι
1112 2305 1487 2381 παυσάμεναι,
1550 2307 1624 2370 ὡς
1684 2313 1872 2384 μικροῦ

229 2396 585 2473 πληρωθῆναι
631 2395 718 2451 καὶ
776 2395 898 2451 τότε
939 2395 1001 2451 τό
1056 2395 1196 2473 ἱερὸν
1239 2401 1333 2451 τοῦ
1374 2393 1634 2466 Ἰεζεκιὴλ
1691 2395 1870 2474 λόγιον

232 2486 320 2558 τὸ,
387 2506 414 2538 ι
462 2481 644 2557 Εἶδον,
704 2486 792 2540 καὶ
833 2481 942 2541 ἶ.δοῦ
986 2484 1071 2541 ἐπ’
1132 2485 1264 2543 αὐτὰ
1321 2491 1475 2562 νεῦρα
1536 2489 1625 2542 καὶ
1682 2486 1871 2563 σάρκες

233 2571 470 2651 ἐφύοντο,
501 2572 589 2628 καὶ
615 2569 886 2629 ἀνέϐαινεν
916 2573 1001 2630 ἐπ’
1030 2573 1161 2630 αὑτὰ
1192 2571 1357 2650 δέρμα
1399 2573 1599 2633 ἐπάνω.
1640 2595 1664 2632 ι

314 2751 456 2813 KA’.
494 2750 628 2809 ’Ὅτι
657 2748 712 2806 δὲ
755 2752 814 2806 o6
845 2753 1028 2830 παρὼν
1054 2753 1219 2828 μόνον
1249 2753 1275 2808 6
1332 2753 1479 2817 θεῖος
1523 2760 1674 2818 οὗτος
1711 2752 1869 2831 ἀνὴρ,

231 2841 368 2898 ἀλλὰ
400 2841 487 2898 καὶ
519 2841 670 2897 ἀπὼν
701 2840 895 2913 ὁμοίως
952 2841 1388 2921 ὲθαυματούργει,
1423 2844 1483 2898 τὸ
1525 2842 1616 2898 ἐπὶ
1666 2842 1874 2904 τούτοις

231 2930 487 2998 δηλώσει.
538 2928 712 3002 Ἀνδρί
761 2952 860 2985 τινι
911 2931 1140 3008 Εὑγενίῳ
1190 2931 1290 3006 μὲν
1347 2929 1600 3006 τοῦνομα,
1649 2928 1874 3004 διακόνῳ

233 3020 286 3077 δὲ
313 3021 542 3097 τὸὶέρὸν
586 3019 815 3095 ἀξίωμα,
861 3019 1036 3084 ἐπίτεξ
1079 3020 1145 3088 ἦν
1187 3021 1222 3087 ἡ
1255 3021 1410 3096 γυνή,
1448 3017 1596 3078 Ἐπεὶ
1645 3017 1700 3074 δὲ
1751 3041 1875 3075 και-

1953 1866 2090 1921 sunt
2117 1857 2536 1939 aspectabiles,
2575 1865 2818 1937 oportet
2845 1877 3056 1938 gerere
3107 1877 3308 1921 curam
3365 1857 3587 1920 carnis.

1953 1946 2070 2012 Sed
2097 1946 2506 2010 conﬁde.Nam
2532 1949 2580 2008 si
2608 1946 2712 2008 tibi
2734 1947 3106 2012 Altissimum
3131 1949 3405 2029 posueris
3425 1947 3592 2008 refu-

1953 2036 2334 2116 gium,fugiet
2365 2037 2491 2098 haec
2523 2036 2693 2116 plaga
2716 2055 2750 2098 a
2782 2045 2881 2099 tuo
2913 2036 3320 2100 tabernaculo.
3355 2036 3589 2098 Dictum

1952 2127 2163 2202 fuerat,
2197 2134 2256 2189 et
2288 2125 2487 2187 omnia
2523 2125 2701 2188 simul
2735 2125 3007 2206 protinus
3050 2125 3589 2206 videbantur,ossa,

1957 2214 2398 2296 carnes,pellis,
2427 2214 2526 2275 illa
2551 2214 2796 2290 quidem
2830 2216 3108 2292 tecta,ha3
3138 2233 3276 2277 vero
3306 2215 3588 2296 repletae;

1956 2305 2125 2388 pellis
2143 2312 2342 2366 autem
2367 2312 2631 2365 extensa:
2657 2303 3015 2384 doloresque
3037 2303 3590 2383 cessaverant,adeo

1954 2394 2109 2457 utin
2138 2413 2212 2456 eo
2274 2393 2704 2474 propemodum
2765 2393 3077 2473 impletum
3122 2391 3303 2454 interit
3352 2409 3590 2454 sacrum

1955 2483 2299 2564 praedictum
2333 2481 2664 2545 Ezechielis
2699 2502 2714 2542 :
2748 2503 2772 2538 (ι
2798 2480 3111 2562 Aspexi,et
3139 2498 3280 2542 ecce
3309 2498 3488 2560 super
3523 2497 3594 2541 ea

1955 2572 2120 2634 nervi
2148 2579 2206 2633 et
2235 2590 2444 2634 carnes
2470 2571 2888 2646 nascebantur,
2953 2577 3015 2632 et
3071 2569 3244 2650 pellis
3302 2585 3485 2649 super
3523 2585 3592 2630 ea

1952 2661 2313 2724 ascendebat
2340 2661 2390 2724 ‘2.
2430 2686 2453 2720 υ

2023 2754 2160 2812 XXI.
2193 2754 2356 2822 Quod
2386 2762 2573 2812 autem
2604 2766 2720 2811 non
2742 2751 2929 2810 solum
2951 2765 3203 2824 praesens
3228 2749 3322 2807 hic
3342 2748 3434 2807 vir
3456 2748 3595 2805 divi-

1957 2838 2207 2913 nus,sed
2240 2840 2418 2900 etiam
2441 2839 2660 2901 absens
2688 2837 2970 2900 similiter
2997 2834 3250 2899 faciebat
3281 2834 3587 2914 miracula,

1958 2928 2280 2991 declarabit
2304 2928 2361 2990 id
2388 2928 2543 3008 quod
2567 2929 2857 3008 sequitur.
2876 2924 3120 2989 ﬂuidam
3152 2924 3298 2998 viro,
3325 2923 3591 3001 Eugenio

1959 3016 2201 3098 quidem
2233 3017 2498 3091 nomine,
2531 3016 2779 3078 diacono
2803 3022 3000 3076 autem
3030 3031 3199 3076 sacra
3217 3012 3592 3088 auctoritate,

237 3112 320 3188 ρὸς
364 3133 458 3166 του
517 3110 676 3166 τόκου
718 3117 917 3184 παρῆν,
964 3111 1187 3186 πυρετὸς
1244 3109 1408 3176 αδτὴν
1465 3122 1690 3188 συνεῖχε
1737 3130 1869 3187 σφο-

1960 3123 2104 3166 uxor
2130 3108 2500 3180 parturiebat.
2533 3107 2673 3164 Cum
2710 3121 2838 3199 vero
2867 3106 3088 3164 adesset
3115 3115 3338 3175 tempus
3379 3113 3596 3199 partus,

998 3198 1017 3220 ι

238 3197 382 3276 δρός.
419 3201 477 3255 Αἱ
507 3198 605 3274 μέν
639 3201 728 3254 οὖν
773 3197 959 3264 ὠδῖνες
990 3197 1181 3270 ὀξεῖαι,
1229 3199 1257 3254 ὀ
1288 3195 1341 3253 δὲ
1390 3200 1613 3275 πυρετὸς
1657 3197 1871 3278 λάϐρος.

240 3289 418 3354 ’Υπῆν
449 3295 534 3343 οὖν
575 3288 668 3351 τάς
704 3310 772 3355 τη
805 3289 965 3362 μαίας
1015 3293 1102 3360 καὶ
1133 3289 1252 3353 τοὺς
1301 3289 1511 3364 ἰατροὺς
1555 3288 1874 3364 ἀπρακτεῖν,

247 3378 335 3433 καὶ
380 3377 471 3450 μία
525 3375 706 3433 λοιπὸν
765 3376 916 3441 ἐλπὶς
963 3379 989 3432 6
1038 3375 1348 3454 Μάρκελλος
1403 3378 1494 3443 ἦν,
1555 3368 1612 3435 Ὀ
1671 3377 1768 3452 μὲν
1811 3374 1875 3442 δὴ

249 3469 605 3545 προσηύχετο,
643 3469 670 3522 6
700 3464 755 3522 δέ
785 3473 891 3522 τῶν
923 3463 1101 3522 ποδῶν
1144 3464 1365 3539 ἥπτετο,
1414 3467 1500 3521 καὶ
1531 3464 1675 3542 λέγει
1705 3465 1877 3521 πάντα

243 3558 397 3634 ὁμοῦ,
457 3558 546 3611 τὸν
605 3556 848 3634 τοκετον,
906 3557 995 3611 τὸν
1053 3554 1316 3634 φλογμὸν,
1365 3557 1426 3610 τὸ
1476 3554 1560 3610 ἐπὶ
1591 3553 1740 3630 ξυροῦ
1782 3555 1880 3620 τὴν

241 3659 470 3723 γυναῖκα
519 3645 786 3706 ἵστασθαι,
847 3645 906 3702 Τί
962 3652 1051 3700 οὑν
1100 3645 1158 3700 τὸ
1190 3644 1309 3711 ἑξῆς
1349 3642 1592 3722 ;’¹Αρτον
1647 3645 1879 3720 εὸλογή-

239 3757 335 3797 σας
381 3737 410 3791 6
466 3734 635 3811 μέγας
694 3735 836 3808 αὗτῷ
909 3731 1109 3806 δίδωσι,
1171 3732 1266 3788 καὶ
1311 3739 1387 3806 τῷ
1444 3733 1623 3801 στήθει
1681 3732 1882 3788 κελεύει

238 3830 410 3882 θεῖναι
469 3829 567 3890 τῆς
615 3824 886 3901 γυναικός.
947 3825 1043 3882 Καὶ
1101 3823 1158 3885 ὅς
1209 3823 1375 3878 ἐποίει
1423 3822 1484 3877 τὸ
1515 3821 1875 3899 προσταχθὲν,

239 3917 327 3972 καὶ
373 3920 714 3993 παραχρῆμα
756 3919 853 3980 τῆς
913 3916 1140 3992 γαστρὸς
1201 3911 1444 3991 ἐκτρέχει
1497 3912 1555 3966 τὸ
1599 3910 1814 3988 βρέφος,
1853 3912 1881 3965 6

239 4005 462 4082 πυρετὸς
510 4001 566 4058 δέ
609 4010 700 4058 τοῦ
744 4004 1016 4076 σώματος.
1074 4004 1170 4060 Καὶ
1222 4000 1354 4067 αὕτη
1415 3999 1594 4077 ὥσπερ
1625 3999 1685 4055 ἐκ
1728 4001 1884 4075 βυθοῦ

1957 3195 2282 3256 vehemens
2309 3211 2437 3253 eam
2469 3191 2680 3253 invasit
2712 3190 3118 3270 febris.Atque
3151 3199 3322 3251 erant
3353 3189 3593 3269 quidem

1958 3301 2127 3346 acres
2156 3281 2606 3354 dolores,febris
2629 3289 2824 3342 autem
2850 3279 3130 3354 violenta;
3155 3277 3361 3340 otiosis
3393 3279 3598 3356 itaque

1960 3391 2094 3434 esse
2125 3371 2549 3434 obstetricibus
2586 3369 2806 3432 licebat
2841 3376 2900 3429 et
2931 3368 3198 3442 medicis,
3226 3375 3288 3430 et
3317 3385 3435 3429 una
3464 3384 3602 3446 spes

1959 3461 2244 3540 deinceps
2277 3469 2400 3521 erat
2425 3458 2762 3520 Marcellus.
2795 3457 2865 3518 Et
2913 3465 3157 3519 sanctus
3185 3456 3424 3537 quidem
3461 3473 3595 3517 ora-

1964 3550 2083 3628 bat;
2120 3548 2422 3628 Eugenius
2453 3556 2648 3609 autem
2682 3549 2814 3626 ejus
2844 3545 3028 3627 pedes
3051 3546 3388 3626 prensabat,
3413 3545 3513 3623 qui
3547 3542 3602 3603 ei

1963 3638 2163 3700 omnia
2190 3638 2369 3699 simul
2402 3637 2834 3716 dicit,partum,
2861 3635 3604 3712 inﬂammationem,super

1965 3727 2289 3800 novaculae,
2325 3733 2389 3786 ut
2419 3726 2603 3806 aiunt,
2653 3726 2838 3787 aciem
2895 3731 3052 3785 stare
3083 3723 3419 3784 mulierem.
3450 3719 3603 3792 Quid

1963 3815 2210 3880 deinde?
2233 3814 2377 3878 Cum
2396 3832 2606 3894 panem
2629 3813 3035 3876 benedixisset
3066 3829 3311 3889 magnus
3333 3810 3432 3872 ille
3450 3809 3604 3871 Mar-

1965 3909 2165 3974 cellus,
2198 3909 2246 3965 ei
2273 3907 2464 3971 donat,
2497 3914 2552 3962 et
2583 3921 2709 3963 eum
2729 3906 2890 3978 jubet
2911 3907 3043 3976 poni
3067 3920 3237 3976 supra
3261 3914 3458 3974 pectus
3486 3915 3604 3957 mu-

1966 3982 2246 4048 liertlele
2267 4004 2401 4046 vero
2425 3990 2553 4046 fecit
2574 3988 2728 4060 quod
2742 3989 2792 4046 ei
2820 3990 3161 4058 imperatum
3184 3988 3446 4054 fuerat,et
3466 4003 3605 4060 pro-

241 4115 387 4156 τινος
432 4095 520 4149 καὶ
564 4091 687 4165 ᾅδου
748 4092 1128 4170 ἀνενεγκοῦσα.
1203 4097 1310 4148 Ποῦ
1371 4089 1535 4160 ἐστιν,
1600 4087 1803 4165 ἔλεγεν,
1859 4089 1869 4141 ί

1970 4081 2130 4142 tinus
2153 4081 2351 4141 infans
2372 4078 2676 4158 egreditur
2697 4097 2766 4139 ex
2789 4085 3047 4151 utero,et
3069 4077 3250 4139 febris
3272 4097 3305 4139 e
3328 4097 3602 4160 corpore,

241 4203 522 4247 παραστας
559 4183 676 4256 ἐμοὶ
721 4167 963 4260 μοναχος
1008 4183 1034 4236 6
1064 4181 1345 4255 ἰασάμενος
1370 4201 1387 4250 ;
1437 4180 1540 4234 ποῦ
1569 4179 1596 4233 6
1624 4178 1720 4244 τὴν
1751 4176 1869 4251 εμὴ·

1969 4170 2076 4232 Illa
2101 4179 2300 4232 autem
2335 4177 2612 4260 tanquam
2641 4185 2710 4229 ex
2731 4167 2912 4260 _fossa
2933 4167 3130 4260 aliqua
3153 4175 3262 4260 aut
3290 4186 3366 4260 er
3402 4169 3606 4260 inferis

241 4271 472 4334 ἐλκόσας
517 4271 568 4335 ἐξ
626 4269 750 4342 ᾅδου
809 4270 1045 4349 ψυχῆν;
1131 4268 1492 4347 Ἐρωτωμένη
1551 4264 1607 4322 δὲ
1673 4267 1760 4321 καὶ
1809 4267 1869 4322 τίς

1971 4267 2129 4322 esset
2149 4275 2427 4320 reversa:
2461 4255 2573 4319 Ubi
2607 4255 3056 4349 est,i_n_quit,qu_i
3089 4255 3237 4349 milii
3265 4256 3456 4317 adfuit
3487 4276 3609 4317 mo-

242 4369 397 4422 οὗτος
442 4362 533 4416 καὶ
575 4360 694 4423 οἶος
743 4361 878 4435 αὒτῇ
920 4360 1214 4437 παρίστατο
1286 4357 1378 4424 τὴν
1447 4357 1683 4434 μορφὴν,
1743 4356 1869 4411 εὑθὺη

1972 4351 2288 4418 nachus,et
2320 4365 2412 4407 me
2442 4345 2667 4437 curavit
2688 4344 2729 4437 ⁶1⁸
2747 4344 2860 4437 Ubi
2887 4353 2999 4437 est,
3032 4344 3246 4424 inquit,
3281 4350 3380 4437 qui
3415 4364 3606 4407 meam

244 4450 456 4507 ἅπαντα
499 4447 715 4527 διεξῄει,
774 4450 835 4504 τὸ
881 4453 1094 4527 σχῆμα,
1144 4447 1239 4514 τὴν
1287 4445 1471 4524 τρίχα,
1509 4446 1604 4513 τὴν
1663 4443 1862 4511 στολήν

1971 4439 2229 4500 animam
2263 4435 2511 4498 extraxit
2537 4435 2609 4495 ab
2640 4433 2892 4495 inferis?
2946 4434 3092 4494 Cum
3125 4441 3321 4494 autem
3349 4433 3610 4495 interro-

243 4551 346 4606 τήν
405 4538 616 4617 μορφὴν
669 4539 755 4593 καὶ
812 4544 886 4610 τῷ
943 4536 1090 4614 λόγῳ
1143 4535 1315 4592 πάντα
1375 4535 1698 4613 ὑπέγραφεν,
1751 4533 1869 4590 ὥστε

1971 4536 2231 4608 geretur,
2266 4525 2542 4602 quisnam
2577 4531 2636 4585 et
2683 4523 2841 4603 quali
2893 4523 3082 4582 forma
3115 4521 3164 4582 is
3197 4532 3376 4601 esset,
3410 4523 3608 4584 statim

245 4631 336 4686 καὶ
389 4630 512 4691 τοὺς
571 4629 631 4684 οὗ
693 4626 889 4706 σφόδρα
947 4627 1191 4689 συνετοὺς
1255 4622 1550 4698 συμϐαλεῖν
1609 4622 1692 4680 ὅτι
1737 4629 1869 4680 οὗτοι

1974 4618 2172 4680 omnia
2201 4615 2428 4682 retulit.
2457 4614 2724 4691 ﬁguram,
2756 4611 3026 4691 capillos,
3059 4617 3301 4684 vestem,
3337 4611 3610 4687 formam,

248 4720 459 4779 ἐκεῖνος
518 4717 580 4784 ἦν
655 4718 683 4772 6
740 4699 1053 4790 ’θαυμαστὸς
1121 4713 1454 4785 Μάρκελλος.
1506 4713 1734 4778 Κάκείνη
1793 4712 1869 4786 μὲι

1977 4717 2034 4768 et
2064 4707 2263 4768 omnia
2293 4701 2649 4790 descripsit:
2683 4700 2858 4779 adeo,
2895 4713 2961 4762 ut
2989 4701 3078 4762 vel
3108 4699 3280 4780 ii,qui
3311 4708 3480 4762 erant
3511 4700 3618 4760 ad~

246 4814 502 4864 τοσοῦτον
546 4804 858 4884 Μαρκέλλου
901 4803 994 4860 καί
1040 4803 1266 4868 ἀπόντος
1317 4802 1590 4877 ἀπώνατο,
1643 4801 1780 4857 ὥστε
1825 4799 1869 4856 δι

1980 4795 2220 4858 modum
2254 4792 2572 4872 sapientes,
2607 4788 3011 4867 intelligerent
3051 4789 3214 4850 illum
3250 4790 3445 4867 ipsum
3481 4806 3615 4848 esse

1977 4883 2318 4946 Marcellum
2368 4875 2807 4940 admirabilem.
2841 4881 3036 4957 Atque
3095 4876 3200 4938 illa
3243 4876 3484 4956 quidem
3545 4894 3615 4936 ex

1981 4971 2257 5038 Marcello
2294 4972 2377 5031 vel
2435 4967 2683 5028 absente
2731 4972 2956 5026 tantum
2987 4965 3245 5026 fructum
3277 4973 3366 5026 est
3396 4980 3615 5024 conse-

1981 5071 2138 5137 cuta,
2172 5071 2235 5123 ut
2265 5076 2371 5139 per
2401 5057 2592 5136 ipsum
2626 5062 2683 5114 et
2711 5052 2921 5113 vixerit
2952 5061 3008 5114 et
3041 5051 3371 5132 pepererit.

2059 5147 2400 5222 XXII.Quid
2431 5162 2568 5205 vero
2596 5140 3032 5220 Eudoxius,qui
3063 5143 3191 5219 ipse
3222 5157 3458 5219 quoque
3489 5157 3611 5200 non

257 5262 411 5318 οὖτος
455 5253 491 5320 ἢ
551 5258 788 5328 σμικρῶν
860 5252 946 5306 καὶ
1004 5249 1136 5306 οἴων
1195 5247 1598 5326 παραθεωράσαι
1653 5265 1869 5323 τετυχη·

1981 5245 2283 5321 parvus,et
2306 5254 2422 5298 non
2447 5250 2621 5314 parva
2645 5240 2736 5292 est
2759 5238 3276 5328 consequtusmec‘
3287 5228 3612 5328 ejusmodi,

259 5316 406 5423 χώς.
443 5316 598 5398 ’Ᾰλλ;
637 5316 772 5419 ἀνὴρ
812 5339 908 5416 μὲν
952 5338 1157 5401 ἐκεῖνος
1202 5316 1465 5408 ἀσκητὴς,
1513 5335 1636 5391 ὅλον
1665 5331 1719 5389 δὲ

1977 5316 2044 5392 ιιι
2071 5331 2186 5392 sint
2214 5326 2423 5389 leviter
2457 5318 2917 5423 consideranda?
2951 5318 3066 5382 Sed
3101 5318 3210 5418 fuit
3241 5317 3340 5377 ille
3373 5316 3615 5396 quidem

262 5445 377 5489 εϊτο
409 5431 468 5486 τὸ
521 5437 679 5505 σῶμα
734 5432 819 5486 καὶ
874 5430 968 5494 τὰς
1026 5429 1278 5501 ἁρμονίας
1321 5424 1558 5499 ἐλέλυτο,
1610 5421 1866 5502 εὔλαϊςδ

1977 5421 2087 5500 vir,
2115 5419 2215 5501 qui
2246 5435 2309 5478 se
2340 5410 2653 5476 exercebat
2689 5427 2702 5472 :
2764 5409 2868 5471 sed
2915 5419 3039 5470 erat
3087 5407 3144 5471 ei
3175 5414 3363 5468 totum
3397 5423 3618 5486 corpus

252 4899 408 4954 αὒτὸν
437 4902 524 4954 καὶ
553 4902 646 4972 ζῇν
678 4897 767 4952 καὶ
799 4907 1000 4955 τεκεῖν.

343 5163 471 5225 ΚΒ’.
531 5164 590 5220 Τί
631 5161 686 5217 δὲ
720 5161 785 5229 δὴ
845 5163 932 5217 γαὶ
998 5158 1291 5236 Εὖδόξιοςς
1351 5156 1465 5215 οὕδέ
1517 5159 1616 5236 γὰρ
1674 5156 1894 5233 σμικρὸς

342 5607 376 5661 2
400 5606 617 5675 Ezech.
650 5621 865 5682 xxxvu,
898 5603 958 5674 8.
