4020 6142
432 290 551 358 7‘27

1742 290 2018 356 MENSIS
2071 291 2501 358 DECEMBER.

3698 293 3818 361 728

438 424 797 506 relaxatum,
817 430 876 487 et
905 424 1116 488 solutae
1144 429 1543 488 erantomnes
1561 425 1692 505 ejus
1722 443 2036 508 compages

2172 436 2265 488 τοῦ
2305 429 2541 507 μεγάλου
2587 433 2674 487 καὶ
2706 430 2949 509 δάκρυσιν
2992 428 3027 498 ἦ
3071 452 3129 488 τε
3156 429 3303 497 λύσις
3351 433 3496 505 αὒτῷ
3539 438 3652 489 τῶν
3709 453 3816 507 με-

442 514 723 596 precibus
752 522 951 576 autem
1004 522 1066 577 et
1120 513 1395 594 lacrymis
1432 515 1629 593 magni
1676 514 1961 591 Marcelli,
2023 525 2081 580 et

436 604 686 668 astricta
701 604 810 666 fuit
840 602 1247 666 membrorum
1268 602 1573 674 solutio.et
1594 603 1754 685 quod
1787 614 1877 667 est
1906 605 2080 686 longe

440 695 659 775 majus,
696 693 797 774 qui
830 693 1009 774 paulo
1040 699 1177 754 ante
1200 690 1440 772 jacebat
1468 692 1527 753 in
1558 692 1963 775 lecto,missus
1991 704 2082 759 est

440 791 504 846 ut
536 782 787 846 serviret
815 781 969 844 aliis.
1003 780 1172 854 Quod
1207 798 1346 843 vero
1403 782 1599 861 angeli
1630 801 1872 865 quoque
1901 785 2080 851 simul

437 879 606 936 erant
634 889 770 934 cum
805 870 1110 946 Marcello,
1124 879 1181 933 et
1205 871 1457 933 maxime
1481 889 1614 932 cum
1637 871 1708 933 ad
1742 890 1954 954 preces
1981 894 2080 938 ac-

438 962 1105 1040 cederet,declarahunt
1136 981 1270 1045 quae
1300 982 1435 1026 mox
1465 966 2075 1045 sequuntur.Quidam

435 1053 703 1132 Sergius,
738 1053 841 1134 qui
870 1054 998 1134 ipse
1027 1071 1267 1134 quoque
1288 1062 1536 1134 praeerat
1564 1056 1731 1135 gregi
1762 1058 2075 1137 capacira-

432 1143 635 1218 tionis,
671 1149 729 1205 et
760 1141 835 1206 ad
894 1143 1120 1206 ﬂumen
1171 1142 1475 1205 habitabat
1509 1144 1897 1225 Euphratem,
1932 1146 2075 1209 illuc

435 1250 677 1314 quoque
693 1233 1135 1295 famaveniente
1165 1231 1240 1293 de
1265 1231 1841 1305 Marcello,el‘ticitur
1859 1236 2077 1298 ardens

434 1332 666 1387 amator
684 1323 851 1386 illius
872 1321 1277 1385 virtutis.Gum
1300 1329 1498 1384 autem
1525 1321 1678 1384 fama
1702 1323 1865 1385 illius
1894 1326 2080 1405 magis

435 1413 833 1489 cresceret,ad
868 1413 997 1492 ejus
1022 1430 1261 1493 quoque
1294 1419 1678 1492 conspectum
1703 1414 1906 1475 venire
1928 1415 2081 1476 desi-

2163 518 2267 576 λῶν
2302 519 2602 600 ἐσφίγγετο,
2636 521 2723 577 καὶ
2752 523 2811 577 τὸ
2843 528 3055 601 μεῖζον,
3088 520 3270 586 ἄλλοις
3297 522 3585 601 ὑπηρετεῖν
3649 525 3681 579 ὁ
3712 524 3818 601 πρὸ

2162 616 2350 688 μικροῦ
2407 609 2664 687 κλινήρης
2733 610 3028 687 ἐπέμπετο.
3106 609 3239 668 ’Ὅτι
3309 610 3366 667 δὲ
3438 612 3526 670 καὶ
3583 612 3818 690 ἄγγελοι

2162 696 2460 772 Μαρκέλλῳ
2502 702 2758 770 συνῆσαν,
2792 700 2885 754 καὶ
2936 696 3165 775 μάλιστα
3206 699 3478 779 προσιόντι
3530 707 3597 778 τῇ
3632 723 3820 779 προσο

2162 794 2328 867 ευχῆ,
2385 789 2452 844 τὰ
2501 788 2639 845 κατὰ
2685 786 2851 855 πόδας
2920 786 3178 857 δηλώσει.
3249 790 3468 869 Σέργιός
3526 813 3614 855 τις
3680 792 3822 869 ἀνὴρ

2160 880 2389 951 ποίμνης
2418 877 2506 934 καὶ
2534 879 2689 944 αὐτὸς
2746 877 2970 957 λογικῆς
3030 878 3383 957 ἐξηγούμενος
3425 881 3522 938 καί
3560 888 3644 955 τῷ
3711 903 3822 938 πο-

2159 970 2314 1042 ταμῷ
2342 967 2643 1044 προσοικῶν
2693 969 2964 1048 Εὖφράτη,
2998 974 3096 1036 τῆς
3144 971 3333 1048 φήμης
3375 971 3538 1028 κάκεῖ
3595 971 3822 1051 φοιτώο

2158 1076 2259 1122 σης
2309 1057 2409 1122 τῆς
2466 1057 2585 1134 περὶ
2643 1056 2976 1134 Μάρκελλον,
3045 1059 3242 1136 γίνεται
3303 1060 3403 1126 τῆς
3477 1068 3571 1119 τοῦ
3618 1060 3822 1139 ἀνδρὸς

2158 1146 2349 1224 ἀρετῆς
2393 1143 2619 1213 διακαὴς
2676 1145 2924 1224 ἐραστής.
2990 1140 3081 1210 ⁸ης
3141 1148 3196 1205 δὲ
3248 1149 3335 1207 ἐπὶ
3396 1158 3583 1225 μεῖζον
3651 1152 3821 1231 ᾔρετο

2155 1254 2224 1291 τα
2277 1239 2376 1304 τῆς
2419 1237 2630 1315 φήμης,
2662 1235 2912 1308 ἐπιθυμεῖ
2956 1239 3043 1293 καὶ
3074 1239 3149 1301 είς
3181 1236 3305 1314 ὄψιν
3335 1239 3537 1301 ἐλθεῖν.
3573 1231 3677 1304 Ὠς
3730 1243 3822 1297 οὗν

2160 1323 2260 1390 ἧκε
2316 1325 2405 1381 καὶ
2450 1325 2547 1391 τὴν
2590 1325 2786 1402 πεῖραν
2828 1328 2973 1401 εὗρεν
3015 1327 3145 1405 ὑπέρ
3198 1327 3297 1393 τὴν
3338 1330 3549 1406 φήμην,
3628 1331 3820 1386 στάντι

2164 1414 2238 1477 εἷς
2286 1413 2600 1493 προσευχὴν
2654 1420 2733 1487 τῷ
2801 1415 3098 1493 Μαρκέλλῳ
3140 1418 3229 1474 καὶ
3268 1417 3424 1481 αὐτὸς
3474 1421 3816 1500 συνηύχετο,

435 1503 844 1584 derat.Itaque
876 1510 1190 1584 postquam
1222 1502 1401 1574 venit,
1425 1507 1485 1564 et
1515 1519 1642 1563 rem
1669 1502 1861 1583 ipsam
1891 1522 2070 1583 expe-

2162 1500 2311 1559 Ἐπεὶ
2354 1505 2443 1558 οὖν
2501 1506 2709 1568 ἐκεῖνος
2737 1503 2907 1560 κλίνοι
2938 1506 3038 1573 τὴν
3070 1505 3306 1585 κεφαλὴν
3361 1508 3450 1563 καὶ
3502 1507 3726 1584 κάμψοι
3756 1512 3818 1565 τὸ

432 1593 652 1657 tientia
679 1592 907 1655 invenit
958 1609 1093 1655 esse
1122 1592 1277 1653 fama
1325 1591 1960 1682 majorem,‘precatus
1990 1601 2070 1656 est

2160 1594 2310 1682 γόνυ,
2344 1595 2371 1648 ὁ
2403 1592 2721 1682 μὲννέκειτο,
2758 1596 2785 1650 ὁ
2832 1592 2886 1650 δὲ
2935 1597 3031 1673 ὁρᾷ
3086 1597 3264 1652 εκεϊνο
3318 1595 3383 1663 δὴ
3434 1599 3497 1653 τὸ
3556 1600 3817 1679 φρικτὸν,

430 1689 562 1764 ipse
589 1700 827 1764 quoque
857 1700 994 1744 cum
1027 1680 1332 1755 Marcello,
1363 1689 1563 1744 stante
1606 1680 1682 1743 ad
1720 1681 2070 1759 orationem,

2160 1680 2250 1737 δύο
2305 1680 2452 1747 τινάς
2510 1681 2729 1746 λευκοὺς
2785 1684 2886 1750 τὴν
2945 1684 3169 1760 στολὴν,
3242 1687 3655 1765 ἀστραπτοντας
3714 1691 3815 1755 τὴν

433 1776 583 1838 Cum
615 1791 758 1852 ergo
789 1771 890 1833 ille
919 1770 1236 1832 inclinaret
1276 1778 1476 1850 caput,
1510 1778 1569 1833 et
1598 1788 1753 1850 genu
1786 1772 2070 1853 ﬂecteret,

2160 1772 2392 1852 μορφὴν,
2440 1771 2697 1850 ἀγγέλους
2768 1771 2998 1849 δηλαδή,
3065 1774 3386 1855 ἑκατέρωθε)
3446 1780 3608 1835 αὖτοῦ
3672 1800 3815 1857 παρ-

432 1862 537 1926 ille
565 1861 809 1944 quidem
829 1858 1069 1941 jacebat
1102 1878 1118 1920 :
1153 1859 1252 1921 hic
1286 1876 1424 1921 vero
1448 1860 1608 1923 videt
1636 1859 1780 1922 illud
1809 1860 2074 1923 admira-

430 1952 576 2028 bile,
608 1953 757 2014 duos
785 1948 1076 2032 quosdam
1144 1959 1309 2011 veste
1366 1949 1676 2027 candidos,
1710 1950 1900 2013 forma
1934 1968 2074 2013 vero

433 2048 841 2112 coruscantes,
877 2038 1120 2123 angelos
1150 2038 1404 2120 scilicet,
1443 2039 1726 2121 utrinque
1757 2047 2075 2115 stantes,et

434 2150 572 2196 eum
594 2132 780 2195 humo
804 2129 1014 2193 tollere
1039 2138 1098 2191 et
1116 2128 1452 2192 sublevare.
1488 2134 1684 2212 Atque
1714 2130 1911 2192 statim
1934 2131 2072 2211 qui-

434 2223 576 2285 dem
597 2220 796 2283 vultus
817 2221 948 2301 ejus
987 2217 1120 2280 luce
1142 2226 1420 2299 tanquam
1445 2218 1676 2299 fulgure
1698 2227 1788 2281 est
1809 2220 2074 2283 illustra-

433 2318 551 2374 tus:
581 2310 974 2374 admiratione
995 2315 1190 2370 autem
1208 2309 1517 2389 perculsus
1542 2310 1651 2371 fuit
1662 2309 1793 2389 ejus
1813 2310 2070 2387 animus,

432 2419 663 2483 voxque
685 2408 773 2463 est
800 2401 855 2463 ei
876 2399 1094 2478 ablata,
1120 2407 1178 2463 et
1210 2398 1487 2462 madebat
1509 2399 1819 2480 sudore,et
1850 2417 2072 2482 prope-

433 2493 678 2555 modum
702 2490 999 2554 deductus
1021 2498 1113 2554 est
1132 2489 1204 2552 ad
1227 2497 1477 2551 mortem
1510 2505 1522 2548 :
1548 2490 1696 2551 adeo
1725 2500 1790 2550 ut
1820 2489 1925 2568 qui
1955 2489 2071 2551 ad-

432 2581 782 2659 erant,nihil
809 2599 879 2645 ex
901 2581 977 2643 iis
1002 2598 1136 2662 quae
1163 2579 1263 2642 ille
1282 2577 1537 2653 videbat,
1562 2577 1853 2653 videntes,
1889 2579 2071 2640 mira-

425 2680 640 2736 rentur
669 2678 730 2734 et
760 2669 1134 2744 dubitarent,
1172 2676 1229 2730 et
1249 2668 1438 2728 virum
1462 2666 1902 2744 interrogarent
1933 2686 2067 2730 cum

2157 1870 2391 1926 εστῶτας
2453 1862 2672 1942 ἕγείρειν
2736 1885 2794 1921 τε
2853 1873 2945 1922 τοῦ
3002 1864 3223 1945 ἐδάφους
3281 1869 3372 1923 καί
3431 1868 3812 1949 ἀνακουφίζειν

2156 1954 2250 2009 τὸν
2311 1952 2511 2028 μέγαν.
2564 1954 2760 2011 Αὐτίκα
2815 1961 2938 2032 γοῦν
2993 1955 3326 2032 ἦστράπτετο
3374 1960 3453 2031 τῷ
3512 1960 3653 2035 φωτὶ
3715 1960 3814 2025 τὴν

2157 2041 2304 2117 ὄψιν,
2367 2040 2718 2113 ἐξεπλήττετο
2775 2043 2830 2100 δὲ
2886 2048 2965 2119 τῷ
3018 2045 3244 2119 θαύματι
3285 2046 3387 2113 τὴν
3446 2048 3664 2127 ψυχήν,
3715 2053 3813 2115 τὴν

2156 2132 2340 2211 φωνήν
2367 2151 2426 2188 τε
2455 2130 2719 2212 ἀφῃρεῖτο
2770 2135 2860 2193 καὶ
2891 2137 3072 2190 θανετν
3114 2134 3296 2212 ὀλίγον
3325 2135 3447 2192 ὅσον
3491 2138 3756 2215 ἠπείγετο
3790 2158 3805 2173 ο

2157 2224 2233 2286 ὡς
2274 2220 2397 2284 τοὺς
2443 2223 2791 2299 παρεστῶτας
2837 2221 2982 2281 οὐδὲν
3023 2227 3097 2282 ὦν
3141 2223 3347 2288 ἐκεῖνος
3380 2224 3485 2282 ἴδοι
3528 2229 3808 2303 θεασαμέ-

2154 2332 2277 2374 νους
2347 2312 2634 2388 θαυμάζειν
2685 2334 2745 2369 τε
2800 2314 2890 2371 καὶ
2943 2312 3215 2393 διαπορεῖν
3244 2362 3259 2393 ,
3332 2316 3421 2372 καὶ
3495 2318 3589 2371 τὸν
3648 2316 3809 2397 ἄνδρα

2155 2400 2424 2479 ἐπερωτᾷν
2505 2400 2623 2477 μετ’
2710 2400 3045 2479 ἐκπλήξεως,
3129 2403 3455 2468 ἀκούσαντας
3529 2403 3587 2462 δὲ
3663 2405 3808 2463 οὐδέν

2155 2491 2316 2558 ἧττον
2356 2490 2640 2565 θαυμάζειν
2684 2490 2999 2570 Μάρκελλον
3034 2494 3131 2568 μὲν
3160 2494 3260 2560 τῆς
3297 2495 3429 2558 πρὸς
3482 2497 3619 2551 Θεὸν
3666 2496 3805 2574 παῤ-

2153 2580 2363 2658 ῥησίας,
2410 2580 2502 2635 τὸν
2544 2578 2599 2635 δὲ
2664 2582 2796 2659 πρὸς
2860 2582 3165 2662 ἀνθρώπους
3221 2588 3320 2651 τῆς
3379 2583 3585 2664 ἀφέτου
3645 2586 3804 2666 φιλο-

2153 2669 2427 2747 στοργίας.

426 2773 696 2842 stupore.
752 2758 897 2822 Cum
947 2765 1144 2820 autem
1194 2755 1582 2831 audivissent,
1617 2774 1735 2818 non
1787 2758 1986 2819 minus
2033 2756 2278 2836 quidem
2330 2756 2614 2821 admirati
2667 2767 2806 2822 sunt
2854 2761 3197 2825 Marcellum
3247 2771 3490 2845 propter
3518 2782 3694 2827 suam
3746 2767 3803 2827 in

426 2854 619 2915 Deum
650 2847 951 2921 ﬁduciam,
988 2845 1177 2909 Deum
1208 2864 1373 2922 vero,
1408 2854 1656 2928 propter
1684 2846 2057 2910 ineffabilem
2088 2846 2436 2911 charitatem
2467 2850 2527 2911 in
2560 2849 2857 2916 homines.

504 2936 711 3001 XXIII.
742 2937 833 3000 Ex
863 2936 955 2998 his
985 2944 1044 2998 et
1073 2935 1369 2998 similibus
1427 2944 1627 2999 tantus
1658 2935 1768 2999 fuit
1797 2937 2063 3000 omnium

431 3045 600 3090 amor
629 3027 688 3089 in
716 3026 1065 3089 Marcellum
1097 3043 1230 3087 cum
1264 3025 1753 3102 admiratione,ut
1773 3029 1958 3089 instar
1980 3028 2069 3091 rei

2155 3029 2283 3106 πρὸς
2340 3028 2652 3108 Μάρκελλον
2722 3033 2936 3092 πάντων
2991 3036 3127 3109 μετὰ
3194 3019 3459 3106 θαύματος
3506 3035 3645 3114 ἔρως
3707 3044 3771 3108 ἦν

431 3115 685 3195 alicujus
714 3114 926 3177 divinae
945 3132 1052 3195 per
1074 3116 1206 3195 ejus
1238 3134 1457 3177 nomen
1484 3115 1906 3195 jusjurandum
1932 3136 2070 3179 con-

431 3205 719 3286 ciperent,
756 3222 875 3266 non
907 3204 1102 3265 solum
1163 3204 1288 3283 alii,
1343 3204 1448 3265 sed
1480 3205 1653 3265 etiam
1689 3204 1865 3285 primi
1897 3224 1965 3267 ex
1999 3206 2070 3267 iis

432 3294 614 3373 quise
640 3291 1019 3355 exercebant:
1057 3300 1114 3355 et
1138 3293 1226 3354 vel
1248 3293 1414 3354 illum
1438 3293 1628 3354 solum
1676 3294 1901 3367 videre,
1938 3313 2068 3357 ma-

429 3401 608 3461 gnum
637 3399 777 3445 esse
796 3381 1261 3455 ducerent,etde
1278 3401 1395 3463 quo
1417 3391 1573 3443 esset
1596 3383 1810 3444 acriter
1830 3391 2071 3445 conten-

429 3472 715 3546 dendum,
743 3472 889 3535 Cum
917 3470 991 3533 ab
1021 3471 1233 3535 Elisaeo
1265 3470 1604 3552 aliquando,
1632 3472 1733 3552 qui
1761 3480 2060 3534 monaste-

422 3561 704 3644 rio,quod
730 3568 855 3623 erat
879 3561 939 3623 in
961 3560 1207 3636 Edessa,
1245 3567 1517 3641 przeerat,
1559 3568 1617 3621 et
1674 3560 1903 3622 virtutis
1936 3580 2066 3624 ma-

422 3669 597 3733 gnam
624 3649 881 3713 ducebat
898 3649 1300 3726 rationem,ex
1314 3648 1575 3712 Marcelli
1590 3649 2064 3730 discipulisl‘uis-

425 3746 516 3804 set
565 3739 806 3822 quidam
839 3740 1095 3821 hospitio
1126 3747 1404 3820 acceptus
1431 3741 1585 3820 (erat
1614 3747 1811 3802 autem
1869 3739 1924 3801 ei
1953 3758 2067 3802 no-

426 3848 565 3893 men
593 3828 853 3910 Petrus),
886 3830 985 3892 hic
1015 3846 1155 3909 ergo
1186 3837 1499 3911 postquam
1525 3828 1816 3891 deductus
1853 3829 1961 3890 fuit
1993 3828 2067 3891 ad

425 3937 788 4000 sermonem,
846 3926 905 3981 et
957 3921 1206 3982 multum
1264 3926 1528 3982 versatus
1561 3925 1651 3980 est
1683 3920 1740 3981 in
1770 3918 2066 3981 laudando

424 4009 707 4086 magistro
729 4026 836 4069 suo
867 4008 1023 4089 apud
1052 4008 1362 4071 Elisaeum:
1401 4008 1918 4089 Supervacaneum
1952 4015 2062 4085 est,

423 4097 618 4177 inquit
670 4094 942 4172 Elisaeus,
973 4115 1007 4158 ο
1064 4097 1268 4179 frater,
1325 4099 1397 4162 de
1448 4098 1736 4160 Marcello
1768 4096 1923 4177 apud
1958 4115 2068 4159 nos

426 4186 762 4269 producere
787 4186 1145 4249 orationem.
1180 4185 1327 4250 Nam
1352 4205 1460 4267 ego
1483 4188 1694 4249 horum
1714 4185 1818 4247 tibi
1840 4204 1942 4249 ero
1974 4194 2068 4248 te-

428 4277 537 4341 stis
567 4275 816 4340 idoneus
845 4283 1022 4340 etiam
1053 4276 1209 4358 apud
1235 4276 1384 4338 alios
1420 4298 1432 4337 :
1468 4276 1569 4357 qui
1613 4276 1688 4337 de
1715 4294 1784 4336 eo
1817 4275 2069 4337 multum

2234 2938 2363 2999 Kl".
2425 2940 2521 2998 Ἐκ
2581 2942 2778 2999 τούτων
2835 2941 2898 3012 δή
2944 2946 3031 3002 καὶ
3075 2950 3180 3002 τῶν
3226 2947 3423 3021 ὁμοίων
3467 2957 3731 3013 τοσοῦτος
3775 2950 3800 3005 ὃ

2196 3088 2204 3106 ι
2270 3088 2280 3092 -
2431 3088 2440 3108 ι
2750 3088 2793 3092 νν
2991 3088 3124 3109 ινΠῄ
3204 3088 3458 3106 νέαι-την
3510 3088 3643 3114 'r"‘-
3714 3088 3768 3108 ϊ

2151 3116 2288 3175 ὥστε
2331 3121 2417 3176 καὶ
2489 3120 2599 3177 ἀντ’
2661 3121 2825 3180 ἄλλου
2885 3125 3031 3187 τινὸς
3080 3124 3216 3182 θείου
3264 3125 3419 3203 ὅρκον
3480 3129 3540 3183 τὸ
3600 3088 3803 3186 ὲκείνού

2152 3208 2376 3264 τίθεσθαι
2421 3208 2589 3284 ὄνομα
2633 3212 2692 3267 οὗ
2751 3213 2916 3287 μόνον
2969 3214 3088 3276 τοὺς
3143 3212 3354 3291 ἄλλους,
3388 3214 3525 3272 ἀλλὰ
3555 3219 3647 3273 καί
3705 3219 3799 3274 αὖ·

2151 3297 2271 3359 τοὺς
2303 3299 2422 3363 τοὺς
2456 3304 2558 3354 τῶν
2610 3302 2861 3368 ἀσκητῶν
2915 3304 3178 3381 πρώτους,
3222 3304 3319 3361 καὶ
3362 3305 3423 3360 τὸ
3480 3305 3691 3364 ἐκεῖνον
3749 3306 3800 3363 δέ

2151 3382 2281 3442 ἰδεῖν
2315 3385 2453 3463 μέγα
2499 3409 2549 3443 τι
2593 3392 2865 3446 ποιεῖσθάι
2913 3392 3001 3448 καὶ
3046 3392 3447 3471 περιμάχητον.
3511 3394 3803 3469 Ἐ)ισσαίῳ

2152 3472 2242 3529 οὖν
2271 3494 2403 3530 ποτε
2450 3482 2527 3548 τῷ
2585 3475 2640 3532 ἐν
2684 3477 2908 3557 Ἐδέσσῃ
2953 3479 3096 3559 ἀνδρὶ
3156 3486 3326 3556 μονῆς
3372 3490 3666 3561 προεστῶτι
3717 3487 3805 3541 καὶ

2150 3561 2341 3652 ἀρετῆς
2404 3562 2571 3621 πολὺν
2630 3568 2934 3644 ποιουμένῳ
2996 3569 3154 3649 λόγον
3214 3573 3322 3626 τῶν
3366 3570 3426 3629 ἐκ
3485 3573 3807 3652 Μαρκέλῖου

2151 3672 2228 3708 τις
2294 3651 2589 3719 ξενισθείς-⁸
2655 3656 2850 3737 Πέτρος
2913 3660 3045 3737 ἀνὴρ
3100 3659 3348 3718 ἐκαλεῖτο
3382 3677 3396 3692 ⁶
3463 3651 3613 3726 οὗτος
3678 3665 3794 3738 οὖν,

2152 3739 2336 3831 ἐπειδὴ
2368 3744 2496 3831 πρὸς
2529 3744 2717 3824 λόγους
2768 3747 2973 3827 ἐξήχθη
3021 3750 3108 3806 καὶ
3149 3748 3314 3814 πολὺς
3344 3750 3409 3819 ἦν
3438 3754 3567 3831 πρὸς
3601 3752 3792 3810 Ἐλισ-

2150 3830 2309 3887 σαῖον
2342 3831 2429 3888 τὸν
2472 3830 2782 3892 διδάσκαλον
2836 3838 3091 3913 ἐπαινῶν,
3145 3843 3372 3920 Περιττή
3433 3830 3545 3913 σοι,
3609 3841 3800 3923 ἔλεγεν

2150 3918 2378 4009 ἐκεῖνος,
2420 3925 2466 3978 ὦ
2508 3922 2723 4004 ἀδελφέ,
2754 3927 2790 3990 ἡ
2836 3926 3148 4006 Μαρκέλλου
3192 3918 3351 4009 χάριν
3409 3932 3477 3994 εἷς
3514 3934 3657 4007 ἡμᾶς
3694 3918 3799 3992 τξῦν

2149 4007 2324 4100 λόγων
2365 4009 2545 4088 τριϐή,
2603 4013 2749 4091 Ἐγὼ
2805 4016 2905 4095 γάρ
2961 4039 3045 4075 σοι
3091 4007 3298 4094 μᾶλλον
3359 4021 3558 4100 μάρτυς
3610 4024 3798 4090 ἱκανὸς

2152 4097 2341 4174 ἔσομαι
2396 4102 2510 4180 περὶ
2571 4103 2768 4161 τούτων
2829 4107 2917 4160 καὶ
2987 4110 3116 4185 πρὸς
3164 4108 3373 4187 ἑτέρους
3411 4097 3446 4185 ,1
3485 4112 3543 4176 ὃς
3616 4112 3798 4170 πολλὰ

2153 4189 2270 4276 περὶ
2332 4196 2424 4245 τοῦ
2481 4189 2665 4269 ἀνδρὸς
2723 4192 2877 4251 ἕνεκα
2930 4197 3079 4254 τοῦδε
3143 4206 3273 4257 Θεοῦ
3329 4199 3556 4276 δεηθεὶς,
3615 4202 3677 4259 τό
3738 4226 3797 4261 τε

2152 4274 2288 4370 ὕψος
2327 4278 2428 4370 τῆς
2458 4279 2653 4357 ἀρετῆς
2686 4280 2855 4360 ἔγνων
2885 4287 2972 4341 καὶ
3000 4287 3094 4351 τὰς
3153 4293 3251 4354 τῆς
3296 4294 3481 4370 ψυχῆς
3527 4274 3791 4366 κινήσεις,

424 4366 612 4429 Deum
646 4372 1013 4459 precatus,et
1044 4368 1177 4459 ejus
1234 4366 1465 4459 virtutis
1498 4365 1632 4425 novi
1662 4364 2067 4459 altitudinem,

2155 4368 2284 4443 πρὸς
2322 4365 2493 4425 δὲκαὶ
2556 4371 2719 4438 αὐτὴν
2775 4373 2867 4429 τοῦ
2913 4376 3159 4450 σώματος
3218 4380 3317 4445 τὴν
3371 4364 3603 4459 μορφήν.
3639 4364 3794 4439 Οὕτω

429 4461 488 4517 et
515 4455 697 4515 animi
740 4454 1216 4534 motiones,quin
1239 4454 1424 4515 etiam
1447 4454 1635 4533 ipsam
1658 4452 1910 4516 formam
1938 4455 2069 4535 ejus

430 4542 722 4623 corporis.
776 4541 919 4605 Cum
975 4544 1102 4605 haec
1160 4541 1424 4603 audisset
1485 4544 1691 4604 Petrus
1722 4551 1781 4605 et
1826 4550 2069 4606 miratus

430 4627 661 4710 fuisset,
689 4645 966 4692 reversus
1022 4637 1132 4707 est,
1195 4637 1255 4691 et
1312 4638 1514 4692 sancto
1562 4630 1763 4692 omnia
1790 4633 2065 4707 narravit,

429 4735 556 4781 rem
580 4717 819 4800 quidem
851 4718 1076 4781 faciens
1128 4720 1523 4801 importunam
1558 4728 1616 4782 et
1645 4720 1951 4783 molestam
1984 4723 2066 4799 ei,

434 4808 535 4889 qui
565 4826 599 4869 a
621 4806 807 4888 gloria
846 4809 1137 4889 captanda
1166 4809 1316 4872 adeo
1349 4818 1478 4873 erat
1506 4810 1735 4872 alienus
1770 4829 1782 4873 :
1816 4812 2073 4873 narravit

431 4905 650 4960 tamen.
683 4895 1018 4961 Narrationi
1053 4905 1249 4961 autem
1305 4899 1594 4963 intererat
1623 4901 1796 4962 etiam
1828 4900 2069 4981 quidam

428 4986 823 5069 pontifex,sed
838 4989 1008 5070 inops
1032 4996 1090 5051 et
1115 5007 1340 5069 egenus
1352 5009 1549 5052 rerum
1569 4991 2065 5054 necessariarum.

426 5078 626 5158 Atque
655 5095 902 5157 magnus
930 5078 1172 5158 quidem
1202 5080 1545 5157 Marcellus,
1580 5079 1681 5161 qui
1710 5079 1918 5141 laudes
1949 5098 2069 5143 non

429 5165 627 5228 minus
656 5184 812 5246 aegre
864 5166 1091 5230 ferebat
1137 5188 1310 5251 quam
1366 5170 1605 5251 probra,
1642 5168 1794 5230 sistit
1823 5170 2065 5251 quidem

426 5272 666 5318 cursum
698 5257 826 5336 ejus
874 5258 1156 5320 orationis
1190 5277 1205 5319 :
1242 5261 1391 5340 petit
1420 5268 1643 5341 autem,
1704 5278 1840 5321 cum
1886 5259 2068 5322 sciret

429 5362 567 5406 eum
599 5344 844 5427 habere,
869 5352 932 5406 ut
953 5346 1055 5408 det
1084 5346 1140 5408 ei
1173 5357 1376 5410 mutuo
1412 5349 1559 5410 duos
1582 5360 1890 5420 aureos,ut
1924 5369 2066 5427 pau-

430 5449 499 5493 ce
528 5433 846 5512 elargiatur
873 5434 1137 5514 pauperi.
1198 5434 1303 5497 Ille
1334 5455 1471 5498 vero
1517 5456 1652 5500 cum
1684 5446 1842 5499 esset
1892 5438 2063 5501 valde

427 5537 662 5601 parcus,
686 5540 789 5584 eos
818 5522 961 5585 dare
989 5526 1306 5586 recusavit.
1349 5526 1448 5606 At,
1482 5544 1600 5587 non
1649 5525 1823 5604 longo
1849 5526 2064 5589 abhinc

424 5616 719 5691 tempore,
749 5609 940 5693 inquit
970 5632 1237 5695 magnus,
1294 5632 1403 5677 nec
1464 5616 1656 5696 ipsum
1712 5614 1817 5677 tibi
1847 5633 2062 5695 corpus

2154 4455 2608 4547 [:IE'TPOCﬁXQVSO'GC
2652 4462 2739 4517 καὶ
2790 4461 3075 4542 ἐκπλαγεὶς
3120 4466 3367 4544 ἐπανῄει,
3536 4472 3669 4547 πρὸς
3700 4474 3794 4527 τὸν

2153 4544 2303 4623 ἅγιον
2346 4545 2555 4604 ἅπαντα
2598 4547 2864 4627 διηγεῖτο,
2909 4557 3154 4631 φορτικὸν
3205 4557 3301 4630 μὲν
3350 4561 3516 4615 ποιῶν
3546 4561 3624 4634 τῷ
3656 4560 3790 4618 οὕτω

2153 4635 2285 4711 πρὸς
2329 4632 2481 4727 δόξαν
2525 4638 2778 4727 ἀπεχθῶς
2824 4641 3032 4722 ἔχοντι,
3092 4644 3338 4725 διηγεῖτο
3392 4647 3437 4703 δ’
3496 4632 3787 4727 οὖν-ὅμως,

2156 4728 2334 4818 ραρῆν
2378 4723 2529 4818 8E1?)
2581 4726 2829 4806 διηγήσει
2872 4733 2961 4788 καί
3006 4756 3086 4797 τις
3147 4723 3253 4793 τῶν
3315 4739 3609 4818 ἀρχιερέων
3650 4723 3789 4816 μὲν,

2153 4810 2349 4903 ἄπορος
2394 4812 2449 4870 δὲ
2505 4818 2593 4875 καὶ
2645 4819 2750 4875 τῶν
2796 4821 3097 4900 ἀναγκαίων
3154 4810 3497 4896 ἐπιδεήξίἺό
3548 4810 3791 4903 μέν-οὗν

2152 4902 2320 4994 μέγας
2347 4903 2443 4994 οἷα
2474 4903 2540 4975 δὴ
2564 4907 2751 4985 ψόγοις
2782 4924 2903 4976 τοῖς
2959 4912 3194 4978 ἐπαίνοις
3254 4902 3558 4994 ἀχθόμενος
3600 4919 3788 4986 ’ίστησι

2152 4990 2248 5065 μέν
2308 4992 2449 5065 αὒτῷ
2506 5000 2609 5052 τῶν
2660 4996 2834 5077 λόγων
2892 5001 2989 5066 τὴν
3043 5003 3214 5079 ῥύμην
3252 5053 3267 5084 ,
3331 5007 3472 5062 αἰτεῖ
3526 5004 3582 5062 δέ
3638 5009 3786 5072 εἰδὼς

2153 5079 2349 5159 ἔχοντα
2407 5080 2494 5139 δύο
2552 5091 2767 5163 χρυσῶν
2824 5092 2968 5162 αὐτῷ
3015 5088 3217 5147 δάνειον
3253 5079 3471 5167 ἲσῦναι,
3502 5095 3596 5151 ’ἕνα
3627 5098 3789 5170 μικρὰ

2148 5177 2272 5263 γοῦν
2330 5173 2621 5250 χαρίσηται
2660 5180 2769 5263 ,τῷ
2826 5176 3033 5257 ἀπόρῳ.
3095 5178 3153 5239 Ὀ
3219 5180 3272 5238 δέ
3346 5181 3463 5239 λίαν
3531 5183 3787 5263 φειδωλὸς

2148 5257 2296 5338 ἔχων
2325 5263 2457 5338 πρὸς
2511 5264 2607 5331 τὴν
2652 5262 2794 5321 δόσιν
2839 5267 3135 5329 ἁνένευσεν.
3184 5270 3335 5329 Ἀλλ’
3397 5274 3490 5329 οὒκ
3520 5257 3593 5339 είς
3625 5274 3781 5355 πολὺ,

2149 5351 2191 5437 ὁ,
2222 5349 2391 5428 μέγας
2451 5349 2575 5431 ἔφη,
2632 5352 2750 5410 οὔτε
2808 5355 2936 5412 αὐτό
2970 5379 3052 5413 σοι
3108 5361 3168 5415 τὸ
3228 5366 3384 5436 σῶμα
3430 5349 3780 5437 παραμενεϊί

2148 5436 2283 5494 ἀλλὰ
2322 5446 2475 5497 τοῦτο
2504 5440 2602 5516 μέν
2660 5445 2688 5499 ὁ
2716 5443 2905 5523 τάφος,
2938 5447 3029 5503 τὰν
3062 5446 3117 5503 δὲ
3149 5452 3354 5529 χρύσὸν
3398 5452 3458 5507 τὸ
3488 5436 3667 5507 κοινῦν
3694 5463 3785 5511 τοῦ

2146 5532 2547 5621 φροντιστηρίου
2599 5530 2824 5597 δέξεται.
2886 5534 3044 5593 Οὔπω
3087 5535 3176 5594 δύο
3231 5538 3503 5618 παρῆλθον
3561 5542 3779 5621 ἡμέραι,

2144 5620 2233 5674 καὶ
2275 5619 2302 5674 ὁ
2348 5619 2445 5694 μέν
2489 5622 2578 5679 τὸν
2624 5621 2736 5697 βίον
2794 5624 3145 5705 κατέστρεψε,
3188 5627 3254 5684 τὰ
3306 5628 3566 5709 χρήματα
3610 5619 3683 5687 δέ
3721 5634 3780 5689 τὸ
