4020 6142
244 299 373 366 729

1208 296 1393 360 VITA
1436 295 1496 358 S.
1544 292 1932 360 MARCELLI
1976 291 2668 360 ARCHIMANDRIT/E.

3505 301 3624 370 730

245 436 440 492 κοινὸν
488 431 774 509 ἐλάμϐανε.
820 429 1000 490 Πολλὰ
1057 428 1153 506 μὲν
1205 429 1294 486 οὖν
1326 430 1460 494 ἴσως
1493 429 1757 486 είκάσειάν
1802 427 1901 488 ἄν·

2001 429 2344 504 remanebit,
2377 431 2482 492 sed
2509 430 2570 493 id
2601 430 2838 512 quidem
2867 431 3452 512 sepulcrum,aurum
3473 437 3626 499 acci-

244 529 496 605 θρωποι,
554 521 730 581 πολλὰ
785 521 839 579 δὲ
885 523 971 578 καὶ
1015 519 1293 600 σφαλεῖεν,
1355 523 1398 576 εἰ
1450 542 1510 598 γε
1555 521 1672 597 περὶ
1715 519 1900 576 τούτου

241 622 446 685 ζητεῖν
504 613 843 690 πειράσονται
911 613 1008 667 τίνι
1082 611 1176 684 μὲν
1239 609 1382 688 ἴσος,
1430 610 1570 673 τίνος
1628 608 1681 665 δὲ
1726 609 1901 677 ἥττων

1986 518 2106 598 piet
2137 537 2454 582 commune
2486 519 3139 584 monasterii.Nondum
3173 521 3292 584 duo
3323 523 3450 586 dies
3481 543 3628 606 prae-

1989 608 2362 689 terierant,et
2392 609 2492 670 ille
2523 609 2762 690 quidem
2797 609 2974 672 vitam
3002 609 3472 690 ﬁniit,pecunias
3492 632 3630 678 vero

240 705 331 761 καὶ
389 705 536 767 τίνος
581 704 774 778 μείζων
821 703 846 757 6
880 699 1050 764 ὅσιος.
1083 699 1145 757 Ὀ
1177 697 1230 754 δὲ
1263 702 1394 764 Θεὸς
1425 698 1541 756 οὐδὲ
1573 699 1729 756 τοῦτο
1772 698 1902 767 ἅδη-

2001 697 2213 778 iccepit
2244 717 2582 760 commune.
2640 702 2835 776 Atque
2890 699 3076 762 multa
3105 700 3348 781 quidem
3382 701 3633 766 fortasse

237 793 335 851 λον
370 791 761 868 καταλέλοιπε,
793 791 882 848 καὶ
933 788 1104 869 ὅπως,
1159 791 1187 844 6
1217 787 1374 868 λόγος
1404 787 1507 857 ἤδη
1538 803 1658 852 τοῖς
1689 788 1898 847 θέλουσι

2001 786 2731 866 :onjecerinthomines,in
2753 789 2959 850 multis
2977 797 3174 852 autem
3201 791 3378 853 etiam
3397 792 3634 855 aberra-

237 899 498 963 γνωριεῖ.

1981 877 2198 946 verint,
2237 876 2288 938 si
2319 877 2434 939 hoc
2483 885 2723 941 tentent
2776 897 3065 960 querere,
3102 879 3337 943 cuinam
3389 882 3630 964 quidem

236 972 520 1052 aequalis,
560 988 815 1048 quonam
850 976 1047 1032 autem
1081 968 1351 1042 inferior,
1385 975 1442 1030 et
1477 986 1734 1046 quonam
1769 963 2045 1049 superior
2094 967 2269 1028 fuerit
2300 975 2563 1029 sanctus.
2595 968 2754 1031 Deus
2785 984 2926 1030 vero
2955 987 3033 1031 ne
3063 969 3175 1032 hoc
3205 963 3447 1052 quidem
3477 971 3626 1036 reli-

237 1063 372 1143 quit
403 1062 756 1130 obscurum,
793 1059 1103 1133 Quomodo
1137 1065 1366 1138 autem,
1398 1060 1467 1119 iis
1497 1059 1599 1139 qui
1629 1059 1850 1137 volunt,
1881 1061 2005 1140 jam
2040 1056 2398 1134 signiﬁcabit
2427 1057 2636 1120 oratio.

321 1143 470 1214 KA'.
532 1150 692 1213 Πόλις
751 1150 902 1206 ἐστὶν
961 1149 1244 1224 ἐπώνυμος
1296 1150 1577 1225 Πομπηίου
1630 1149 1771 1226 παρὰ
1815 1151 1906 1205 τὸν

246 1238 504 1306 Εὔξεινον
536 1239 820 1315 οἰκουμένη
854 1241 1077 1298 Πόντον.
1111 1239 1203 1296 Ἐν
1261 1238 1393 1314 αὐτῇ
1452 1239 1585 1315 ἀνήρ
1641 1259 1722 1302 τις
1771 1259 1905 1315 προ-

239 1332 492 1400 ειστήκει
553 1330 980 1410 φροντιστηρίου,
1037 1329 1269 1402 τοῦνομα
1341 1326 1647 1402 Γαυδίολος,
1695 1326 1908 1406 πλήρης

241 1418 296 1476 δὲ
343 1421 662 1495 Πνεύματος
704 1421 842 1476 θείου
883 1420 974 1475 καὶ
1036 1418 1390 1498 χαρισμάτων
1422 1415 1691 1491 ἔμπλεως.
1726 1419 1908 1478 Τούτῳ

241 1511 384 1567 κατέ
416 1532 541 1566 τινα
591 1507 878 1583 συμϐαλὼν
937 1509 1126 1588 χρείαν
1173 1511 1200 1564 6
1242 1511 1387 1570 θεῖος
1445 1506 1742 1571 Θαλάσσιος
1797 1507 1907 1584 (εἷς

251 1598 308 1654 δὲ
365 1600 463 1656 καὶ
522 1601 675 1662 οὗτος
720 1604 824 1655 τῶν
885 1606 978 1655 τοῦ
1023 1596 1257 1674 μεγάλου
1287 1595 1607 1676 φοιτητῶν),
1639 1596 1788 1661 οὗτος
1818 1595 1907 1652 οὖν

249 1687 378 1746 ἰδών
410 1709 549 1745 ποτε
575 1689 666 1744 τόν
728 1685 1010 1744 Γαυδίολον
1070 1685 1284 1752 ἐνδίκως
1337 1687 1456 1762 μὲν,
1494 1684 1908 1766 δυσχεραίνοντα

253 1777 299 1834 δ’
361 1781 456 1835 οὖν
517 1777 665 1853 ὅμως
725 1778 857 1848 πρός
907 1800 1056 1841 τινας
1113 1781 1210 1844 τῆς
1268 1777 1460 1842 οἰκείας
1512 1776 1770 1851 ποίμνης,
1821 1776 1909 1832 καὶ

255 1867 373 1924 ἐπεὶ
432 1867 694 1945 πρότερον
738 1867 1228 1944 ἀποσκιρτήσαντες
1285 1867 1448 1940 ἦσαν,
1520 1865 1680 1922 πάλιν
1733 1887 1907 1944 προσ-

2071 1143 2386 1210 XXIV.Est
2416 1147 2682 1228 quaedam
2705 1147 3068 1229 civitas,quai
3103 1168 3318 1213 nomen
3351 1153 3630 1232 accepita

1987 1235 2314 1315 Pompeio;
2366 1236 2645 1298 incolitur
2673 1246 2870 1300 autem
2909 1239 2983 1299 ad
3020 1242 3269 1302 Pontum
3301 1240 3628 1306 Euxinum.

1991 1327 2055 1388 In
2091 1343 2160 1385 ea
2191 1325 2280 1385 vir
2308 1325 2548 1407 quidem
2586 1327 2814 1407 praefuit
2844 1330 3482 1405 monasterio,nomine
3505 1331 3633 1412 qui-

1992 1415 2126 1476 dem
2159 1413 2500 1490 Gaudiolus,
2563 1416 2775 1496 plenus
2834 1426 3030 1479 autem
3090 1418 3292 1481 divino
3322 1419 3543 1502 Spiritu
3576 1427 3632 1482 et

1991 1503 2260 1585 repletus
2289 1504 2667 1584 gratiis.Cum
2697 1525 2765 1568 eo
2793 1516 3036 1588 propter
3057 1509 3294 1588 aliquod
3327 1508 3628 1588 negotium

1991 1613 2347 1675 congressus
2367 1596 2706 1660 Thalassius
2737 1600 2894 1676 (erat
2925 1617 3064 1661 vero
3095 1601 3188 1662 hic
3219 1620 3458 1683 quoque
3479 1619 3632 1663 unus

1993 1703 2062 1746 ex
2097 1686 2291 1766 magni
2321 1685 2583 1749 Marcelli
2617 1689 2986 1770 discipulis),
3049 1691 3145 1752 hic
3177 1707 3316 1770 ergo
3347 1709 3481 1752 cum
3513 1689 3626 1753 ali-

1991 1775 2227 1855 quando
2259 1775 2502 1838 vidisset
2523 1777 3060 1859 Gaudiolum,juste
3093 1780 3630 1861 quidem,irascen-

1992 1871 2111 1927 tem
2143 1873 2342 1927 tamen
2375 1867 2435 1927 in
2464 1866 2696 1948 aliquos
2720 1871 2808 1930 sui
2845 1869 3129 1950 gregis,et
3159 1888 3294 1932 cum
3329 1871 3494 1951 prius
3521 1887 3626 1932 re-

253 1956 596 2036 ερχομένους
650 1958 841 2019 αὐτοὺς
874 1957 951 2031 μὴ
1002 1955 1319 2035 δεχόμενον,
1367 1956 1536 2031 ᾔτησε
1580 1957 1674 2010 τοῦ
1702 1952 1908 2034 δεχθῆ-

2001 1953 2305 2028 siliissent,
2340 1965 2707 2018 revertentes
2738 1958 2896 2037 ipsos
2917 1977 3034 2020 non
3055 1959 3494 2034 admittentem,
3517 1977 3628 2040 pe-

253 2070 338 2104 ναι
388 2049 485 2104 καὶ
527 2049 589 2104 τὸ
642 2046 978 2125 παράδειγμα
1036 2047 1241 2102 ἐκεῖθεν
1305 2044 1470 2102 ἐδίδου
1513 2045 1610 2125 τῂν
1663 2043 1908 2123 Μαρκέλ-

254 2136 350 2197 λου
395 2121 794 2214 πραότητι-Ὀ
849 2121 914 2192 δέ
961 2137 1090 2216 πρὸς
1119 2157 1273 2192 τουτο
1305 2135 1450 2199 εὒθύς
1483 2149 1496 2164 ⁶
1532 2121 1594 2188 Ὠ
1625 2121 1905 2208 θαυμάσιε,

256 2227 315 2284 οὗ
343 2227 544 2284 ταυτὸν
573 2224 852 2288 Γαυδίολός
913 2247 970 2282 τε
1021 2225 1117 2282 καί
1167 2223 1509 2303 Μάρκελλος,
1541 2221 1662 2278 ἀλλ’
1694 2222 1818 2278 ὅσον
1848 2225 1909 2279 τὸ

255 2315 424 2392 μέσον
471 2315 705 2372 ἐντεῦθεν
747 2314 898 2391 εἴσῃ.
962 2314 1154 2371 Μωσέα
1204 2315 1304 2394 γὰρ
1347 2315 1452 2376 θεὶς
1510 2311 1754 2368 ἀντιτίθει
1813 2311 1908 2368 καί

260 2404 603 2484 Μάρκελλον.
635 2405 730 2469 Ὦς
762 2407 789 2460 6
824 2405 954 2466 Θεὸς
984 2405 1103 2479 ἐμοὶ
1161 2403 1277 2459 λίαν
1339 2401 1527 2467 ἔδειξεν
1557 2401 1910 2480 ἐναργέστατα

267 2495 450 2572 ὅτιπερ
492 2494 592 2550 ὅσα
621 2501 698 2569 τῷ
743 2492 1029 2570 νομοθέτῃ,
1081 2500 1311 2551 τοσαῦτα
1359 2491 1414 2549 δὲ
1469 2493 1556 2548 καὶ
1617 2490 1913 2571 Μαρκέλλῳ

270 2585 472 2642 ἐνέπνει
483 2633 498 2648 .

348 2765 458 2825 ΚΕ¹
474 2813 488 2827 .
524 2755 716 2839 Ἡμεῖς
749 2762 804 2820 δέ
834 2767 928 2819 καὶ
989 2761 1158 2818 τᾶἱλλα
1189 2764 1524 2837 προσθῶμεν,
1561 2761 1668 2840 οὔχ
1696 2760 1790 2815 ἵνα
1815 2751 1911 2815 ’τὸν

266 2855 426 2932 ἄνδρα
472 2854 534 2910 ἐκ
572 2855 773 2912 τούτων
821 2852 994 2916 καλῶς
1026 2850 1264 2930 ἴδοιμεν,
1309 2849 1432 2906 ἀλλ’
1460 2850 1553 2906 ’ίνα
1585 2851 1662 2925 μὴ
1691 2849 1756 2904 τὰ
1783 2848 1914 2904 κάλ-

264 2945 423 3003 λιστα
483 2951 590 3001 τῶν
649 2942 1001 3021 διηγημάτων
1073 2944 1453 3016 ζημιωθῶμεν,
1543 2940 1692 3001 Τινὲς
1770 2941 1910 3011 αὐτῷ

266 3058 395 3094 ποτε
468 3036 576 3092 τῶν
637 3039 906 3114 φοιτητῶν
965 3029 1250 3094 σταλέντες
1325 3031 1466 3106 παρὰ
1525 3031 1616 3085 τὸν
1676 3026 1914 3093 Εὔξεινον

267 3128 406 3189 αὖθις
467 3123 729 3184 ἀναπλεῖν
799 3124 1062 3201 ἔγνωσαν.
1133 3119 1284 3178 Ἐπεὶ
1357 3126 1446 3176 οῦν
1532 3117 1786 3181 λύσαντες
1848 3117 1914 3175 τὰ

270 3215 498 3291 ἀπόγεια
553 3215 740 3278 νυκτὸς
796 3211 930 3278 ὅλης
976 3213 1068 3267 τὸν
1120 3209 1286 3288 πόρον
1315 3209 1534 3284 ἔτεμνον
1567 3213 1645 3280 τῷ
1689 3207 1913 3282 καμάτῳ

1995 2044 2089 2105 tiit
2120 2052 2179 2105 ut
2210 2045 2668 2109 admitterentur
2703 2067 2718 2108 :
2753 2057 2810 2109 et
2863 2049 3197 2130 exemplum
3251 2048 3440 2122 dedit,
3475 2049 3631 2127 quod

1994 2141 2119 2195 erat
2153 2133 2849 2214 propiuquum,Marcelli
2877 2137 3415 2201 mansuetudinem.
3439 2137 3494 2200 Is
3521 2157 3632 2200 au-
3666 2147 3672 2151 ’

1993 2230 2110 2284 tem
2144 2223 2196 2284 ei
2227 2223 2424 2285 statim
2461 2225 2607 2288 dixit
2641 2247 2656 2286 :
2693 2227 2740 2289 Ο
2773 2227 2864 2287 vir
2893 2226 3330 2308 praeclare,non
3356 2235 3445 2289 est
3473 2229 3630 2290 idem

1991 2311 2342 2393 Gaudiolus,
2376 2316 2530 2394 quod
2563 2316 3027 2390 Marcellus,sed
3057 2325 3340 2398 quantum
3374 2317 3630 2398 intersit,

1993 2401 2135 2463 hinc
2164 2401 2344 2463 scies.
2379 2404 2526 2464 Nam
2587 2423 2724 2466 cum
2780 2407 3005 2467 Mosem
3043 2407 3337 2485 posueris,
3370 2406 3422 2466 ei
3452 2405 3628 2466 etiam

1994 2510 2229 2571 oppone
2261 2491 2624 2555 Marcellum.
2661 2497 2820 2557 Deus
2852 2495 3010 2558 enim
3045 2495 3192 2556 mihi
3222 2493 3486 2556 ostendit
3514 2495 3636 2556 evi-

1997 2579 2372 2657 dentissime,
2406 2584 2564 2663 quod
2588 2603 2958 2665 quaecunque
2992 2583 3419 2664 legislatori,ea
3447 2583 3628 2646 etiam

1995 2670 2306 2749 inspiravit
2343 2673 2638 2737 Marcello.

2075 2759 2247 2822 XXV.
2285 2763 2406 2824 Nos
2435 2781 2574 2825 vero
2605 2765 2719 2826 alia
2751 2782 2991 2846 quoque
3016 2762 3386 2843 adjiciamus,
3419 2783 3537 2825 non
3567 2771 3634 2825 nt

1996 2849 2184 2910 virum
2219 2867 2288 2911 ex
2320 2851 2410 2913 his
2443 2863 2606 2916 recte
2637 2853 3075 2927 videamus,sed
3110 2871 3185 2915 ne
3215 2853 3633 2934 pulcherrimis

1998 2939 2305 3019 privemur
2334 2943 2792 3006 narrationibus.
2828 2943 3078 3016 Quidam
3133 2942 3412 3022 discipuli
3459 2941 3531 3003 ab
3563 2961 3633 3004 eo

1997 3030 2312 3108 aliquando
2347 3031 2510 3092 missi
2542 3033 2610 3093 ad
2645 3031 2967 3107 Euxinum,
2994 3043 3156 3095 retro
3208 3032 3481 3111 navigare
3512 3039 3634 3094 sta-

1999 3125 2258 3180 tuerunt.
2295 3120 2440 3183 Cum
2474 3132 2698 3198 autem,
2733 3123 2832 3186 ubi
2883 3133 3043 3186 terra
3091 3123 3428 3198 solvissent,
3463 3130 3636 3184 nocte

1998 3215 2115 3270 tota
2170 3210 2384 3272 fretum
2438 3221 2761 3288 secassent,
2828 3211 3044 3274 defessi
3076 3213 3418 3293 priusquam
3475 3229 3683 3291 mare.

275 3281 660 3377 πεπονηκότες,
721 3302 884 3379 πρινη
940 3281 1253 3358 διαπλεῦσαι
1330 3281 1424 3365 τῆξ
1483 3281 1768 3364 θαλάσσης
1814 3299 1912 3362 τὴν

2001 3299 2487 3381 transmisissent,
2522 3281 2830 3381 appellunt
2862 3303 2920 3363 in
2953 3281 3277 3382 quemdam
3303 3301 3498 3362 locum
3521 3301 3636 3364 val-

286 3391 547 3465 εἰσϐολὴν,
602 3393 792 3471 χωρίῳ
846 3392 946 3447 τινὶ
1001 3391 1413 3467 προσομίζονται
1452 3409 1465 3421 ·
1531 3389 1590 3444 τὸ
1648 3385 1702 3443 δέ
1745 3388 1916 3466 τραχύ

281 3503 336 3538 τε
365 3483 430 3550 ἧν
456 3484 539 3538 καὶ
583 3482 699 3538 λίαν
756 3480 1008 3558 ἀλίμενον
1045 3494 1058 3510 ⁸
1122 3480 1218 3535 καί
1260 3485 1352 3535 τοῦ
1398 3477 1596 3552 ἀνέμου
1626 3475 1916 3556 σφοδρότε-

276 3593 363 3646 ρον
406 3571 816 3635 ἐπιπνεύσαντος
873 3568 1160 3649 ἆμῆχανον
1220 3568 1286 3635 ’ἦν
1335 3570 1594 3633 σωθῆναι.
1655 3567 1786 3628 Τοὺς
1818 3564 1915 3640 μέν

275 3669 360 3718 οῦν
408 3660 570 3724 ὕπνος
614 3658 880 3736 ἐλάμϐανε
919 3678 931 3691 ·
1013 3662 1040 3715 6
1103 3657 1157 3713 δέ
1215 3659 1291 3714 ἐνὶ
1359 3657 1560 3712 τούτων
1615 3653 1915 3711 καθεύδοντι

277 3751 630 3830 ἐπιφαίνεται.
703 3749 940 3806 Πείθεται
1013 3751 1080 3825 τῇ
1159 3747 1280 3823 ὄψει
1366 3756 1514 3806 οῦτος
1551 3761 1564 3774 ⁸

274 3842 446 3915 τούτῴ
501 3842 588 3896 καὶ
645 3842 693 3894 οἱ
753 3839 951 3900 λοιποί.
1027 3838 1216 3893 Λύουσι
1274 3836 1372 3902 την
1429 3843 1575 3907 ναῦν,
1634 3833 1919 3910 ἀνάγονται

273 3938 363 3987 τοῦ
412 3932 638 4010 χωρίου,
701 3927 1000 3984 εἷσπλὲουσι
1060 3929 1120 3983 τὸ
1178 3926 1353 4000 στόμα
1396 3931 1488 3981 τοῦ
1550 3925 1772 3996 Πόντου,
1835 3923 1921 3978 καὶ

274 4020 360 4077 ὅτε
421 4020 514 4077 τοῦ
572 4018 837 4100 ἀσφαλοῦς
891 4017 1025 4073 εἴσω
1085 4016 1360 4096 γεγόνασι,
1409 4017 1602 4093 γνόφος
1659 4015 1750 4068 τὸν
1793 4011 1920 4088 ἀέρα

272 4107 651 4187 διαλαμϐάνει,
707 4106 899 4166 θύελλά
951 4128 1010 4162 τε
1083 4110 1173 4164 τὸν
1258 4107 1454 4162 πόντον
1511 4103 1772 4180 ἐκμαίνει,
1834 4103 1922 4158 καὶ

271 4200 415 4257 οὕτω
470 4200 536 4254 τὰ
579 4198 790 4272 κύματα
831 4197 1044 4274 βράττει
1114 4198 1149 4263 ἡ
1206 4194 1452 4251 θάλασσά
1506 4216 1562 4250 τε
1624 4191 1919 4269 συνταράτ-

271 4310 446 4360 τεται,
482 4288 665 4343 καὶτὰ
695 4286 864 4344 πλοῖα
921 4287 1205 4362 βυθίζεται,
1254 4287 1326 4348 ὡς
1387 4287 1637 4362 οἱμωγῶν
1689 4285 1785 4360 μέν
1829 4286 1920 4341 τὸν

273 4378 426 4456 ἀέρα,
473 4377 737 4454 ναυαγίων
777 4375 834 4432 δέ
885 4377 984 4442 τὴν
1027 4374 1293 4432 θάλασσαν
1356 4373 1724 4450 πληρωθῆναι,
1764 4373 1920 4430 ’Ἄλ-

273 4467 397 4525 λοτε
432 4466 584 4522 ἄλλοι
628 4469 726 4534 τὴν
769 4469 896 4545 πρὸς
944 4465 1075 4522 ’Ἕω
1116 4464 1278 4522 πάλιν
1309 4463 1642 4540 ἐστέλλοντο,
1677 4466 1763 4521 καὶ
1819 4470 1919 4531 τῆς

268 4557 440 4637 εὒχῆς
477 4555 787 4636 Μαρκέλλου
815 4557 1074 4635 τυχόντες
1123 4557 1242 4611 τότε
1289 4554 1387 4629 μέν
1441 4553 1734 4628 ἀπέπλεον,
1768 4552 1921 4619 δόξαν

1651 3745 1917 3800 πείθονται

1997 3388 2072 3449 de
2099 3407 2399 3468 asperum,
2436 3400 2491 3451 et
2550 3391 2610 3452 in
2668 3411 2784 3472 quo
2818 3391 3063 3454 navibus
3094 3391 3292 3454 nullus
3321 3401 3445 3452 erat
3492 3409 3635 3471 por-

2001 3486 2233 3558 tus,nec
2265 3480 2381 3540 tida
2413 3481 2585 3542 statio
2625 3500 2638 3544 :
2701 3501 2956 3563 cumque
2985 3490 3196 3543 ventus
3225 3481 3509 3562 spirasset
3539 3500 3633 3541 ve-

1998 3569 2357 3640 hementius,
2390 3570 2517 3632 ﬁeri
2550 3591 2668 3633 non
2702 3581 2938 3652 poterat
2965 3580 3027 3633 ut
3081 3572 3225 3633 salvi
3270 3579 3489 3632 essent.
3521 3572 3634 3632 At-

1997 3678 2113 3739 que
2147 3659 2280 3720 illos
2311 3658 2549 3740 quidem
2611 3680 2854 3723 somnus
2911 3661 3233 3742 opprimit;
3292 3659 3394 3719 ille
3438 3667 3634 3720 autem

1999 3760 2245 3827 apparet
2270 3750 2372 3809 uni
2429 3768 2635 3811 eorum
2690 3751 3030 3813 dormienti.
3090 3753 3270 3812 Paret
3321 3749 3372 3809 is
3399 3747 3630 3820 visioni,

2002 3845 2210 3916 parent
2259 3839 2436 3898 etiam
2486 3839 2744 3920 reliqui:
2795 3841 3026 3902 solvunt
3057 3856 3336 3910 navem,a
3370 3837 3500 3898 loco
3531 3837 3632 3897 illo

1999 3929 2294 3996 recedunt,
2327 3933 2382 3986 in
2416 3932 2625 3990 ostium
2651 3933 2815 3990 Ponti
2848 3934 3119 4003 navigant
3155 3946 3168 3987 :
3201 3940 3253 3986 et
3281 3943 3410 3987 cum
3437 3930 3491 3986 in
3517 3937 3636 3986 tuto

2003 4021 2222 4087 essent,
2257 4013 2445 4093 caligo
2500 4023 2748 4096 occupat
2775 4023 3066 4095 aerem,et
3095 4013 3359 4095 procella
3392 4019 3637 4093 pontum

1999 4106 2198 4166 furore
2229 4103 2424 4184 agitat,
2461 4113 2521 4167 et
2576 4106 2650 4166 ita
2698 4105 3008 4184 insurgunt
3063 4106 3304 4178 ﬂuctus,
3363 4111 3422 4164 et
3475 4119 3638 4164 mare

2001 4192 2407 4270 conturbatur,
2444 4203 2500 4255 et
2528 4213 2704 4257 naves
2735 4195 3096 4273 obruuntur,
3151 4201 3212 4254 ut
3241 4210 3346 4254 aer
3397 4191 3638 4272 quidem

2002 4285 2250 4352 ﬂetibus,
2284 4301 2440 4344 mare
2463 4296 2649 4344 autem
2673 4297 2824 4345 esset
2844 4286 3141 4359 impletum
3166 4285 3499 4353 naufragiis.
3532 4283 3643 4340 Alii

2003 4370 2146 4430 alias
2169 4369 2557 4434 mittebantur
2585 4374 2655 4434 ad
2691 4374 3010 4448 orientem,
3047 4380 3106 4433 et
3154 4367 3426 4432 Marcelli
3454 4367 3644 4447 adjuti

2005 4459 2305 4539 precibus,
2341 4473 2482 4523 tunc
2515 4463 2754 4542 quidem
2801 4463 3146 4540 navigarunt
3174 4481 3189 4534 ;
3221 4477 3354 4520 cum
3390 4475 3528 4518 vero
3559 4455 3642 4516 vi-

2005 4567 2134 4609 sum
2167 4549 2256 4610 eis
2287 4559 2441 4612 esset
2471 4559 2708 4626 reverti,
2766 4553 2826 4613 in
2884 4560 3100 4612 terram
3160 4547 3543 4628 appulerunt.
3573 4544 3644 4606 Et

273 4634 920 4725 δέἀὒτοϊς-ὑποστρέφειν
977 4651 1076 4712 τῆς
1135 4645 1336 4724 χέρσου
1387 4645 1632 4723 εἴχοντο.
1672 4645 1769 4701 Καὶ
1797 4645 1914 4707 τοὺς

2001 4637 2150 4700 alios
2172 4638 2410 4718 quidem
2437 4659 2613 4702 sanos
2629 4641 2856 4722 accepit
2881 4642 3090 4703 civitas
3119 4638 3368 4719 Ancyra.
3400 4634 3642 4726 Paulum

279 4737 378 4810 μὲν
438 4733 630 4798 ἄλλους
688 4723 917 4812 Ἀγκύρα
959 4723 1145 4796 πόλις
1178 4735 1352 4810 ὑγιεῖς
1402 4731 1642 4812 ἐδέχετο,
1714 4731 1914 4788 Παῦλον

2004 4735 2201 4788 autem
2236 4748 2415 4789 unum
2448 4748 2516 4791 ex
2549 4731 2638 4790 bis
2667 4732 2862 4807 gravis
2903 4732 3148 4790 morbus
3178 4726 3413 4788 invasit.
3449 4723 3646 4789 Comi-

282 4826 335 4881 δέ
393 4824 596 4882 τούτων
645 4823 735 4879 ἕνα
769 4823 920 4886 νόσος
967 4822 1138 4893 ἐπίεζε
1169 4822 1413 4902 χαλεπή.
1450 4833 1580 4886 Τοῖς
1626 4820 1680 4877 δὲ
1713 4821 1918 4878 συνοδί-

283 4936 400 4977 ταις
461 4916 522 4970 τὸ
587 4915 684 4985 μὲν
739 4914 830 4969 τὸν
884 4912 1139 4968 νοσοῦντα
1191 4911 1370 4968 λιπεῖν
1402 4912 1611 4970 ἀνόσιον
1656 4915 1747 4984 ἦν,
1779 4908 1921 4967 τὸδὲ

283 5001 400 5078 μεθ’
445 5005 646 5058 ἑαυτῶν
689 5001 837 5080 ἄγειν
883 5000 1158 5080 ἀδύνατον,
1216 5002 1276 5058 τὸ
1335 4999 1391 5057 δέ
1449 5000 1720 5064 κάκείνους
1767 4998 1925 5056 πάλιν

283 5091 722 5168 συμπαραμένειν
802 5088 1000 5166 κομιδῆ
1062 5088 1342 5168 δυσχερές.
1411 5083 1469 5147 Ὀ
1542 5089 1597 5145 δέ
1663 5090 1802 5166 μέγα
1866 5111 1924 5145 τε

281 5181 510 5258 οἰμώξας
552 5183 640 5237 καὶ
696 5179 1048 5259 σχετλιάσας,
1127 5185 1234 5238 Ποῦ
1291 5201 1406 5254 σου,
1465 5178 1590 5256 ἔφη,
1651 5180 1697 5235 ὦ
1755 5184 1925 5257 Πατερ

281 5269 560 5341 Μάρκελλε
588 5273 622 5338 ἡ
655 5269 799 5348 αὒχή
836 5291 850 5340 ;
889 5269 959 5324 Σὺ
987 5269 1084 5343 μὲν
1109 5268 1209 5346 γὰρ
1239 5268 1335 5335 ἐμέ
1387 5276 1462 5341 τῷ
1495 5275 1610 5341 Θεῷ
1642 5269 1920 5345 παρθένου,

281 5362 390 5439 ἐγὼ
436 5359 491 5415 δέ
547 5359 651 5427 ἤδη
708 5357 1034 5433 ἀπόλλυμαι.
1101 5360 1198 5414 Καὶ
1251 5359 1310 5413 οὒ
1365 5359 1518 5414 τοῦτό
1579 5380 1670 5432 μοι
1729 5355 1919 5431 δεινὸν,

282 5449 401 5507 ἀλλ’
429 5449 514 5506 ὅτι
560 5454 658 5515 τῆς
690 5453 789 5514 σῆς
821 5448 1056 5522 μοίμνης
1090 5447 1242 5510 ἐκτὸς
1275 5447 1362 5502 καὶ
1423 5445 1601 5524 πόῤῥω
1630 5451 1734 5502 τῶν
1780 5445 1922 5520 ἐμῶν

283 5537 543 5618 ἀδελφῶν.
579 5544 754 5594 Ταῦτα
795 5539 822 5592 6
867 5535 965 5610 μὲν
1010 5535 1165 5592 εἶπεν
1211 5534 1263 5589 ἐν
1322 5533 1554 5614 ’Λγκύρᾳ
1603 5535 1696 5590 σὺν
1725 5533 1921 5611 δάκρυ·-

287 5651 392 5691 σιν.
427 5622 485 5686 Ὀ
518 5625 570 5683 δὲ
603 5626 676 5684 ὣν
724 5625 779 5682 ἐν
821 5627 888 5702 τῇ
945 5624 1083 5702 μονῇ
1126 5623 1344 5705 ἢκουσε,
1380 5626 1468 5682 καὶ
1497 5625 1683 5683 αὐτίκα
1715 5623 1917 5690 Παῦλος

2007 4815 2164 4878 libus
2195 4825 2390 4878 autem
2423 4819 2588 4880 illum
2617 4819 2860 4900 quidem
2896 4825 3278 4897 azgrotantem
3303 4815 3645 4894 relinquere

2007 4915 2135 4969 erat
2167 4906 2415 4986 impium
2443 4928 2458 4984 ;
2493 4921 2554 4970 ut
2601 4927 2734 4969 eum
2761 4925 2898 4969 vero
2932 4925 3132 4968 secum
3165 4906 3480 4976 ducerent,
3517 4902 3643 4963 ﬁeri

2007 5013 2123 5056 non
2161 5005 2423 5075 poterat;
2476 5007 2539 5058 ut
2569 4998 2653 5058 illi
2686 5005 2880 5058 autem
2915 5013 3119 5056 rursus
3169 5013 3303 5055 cum
3337 5011 3408 5054 eo
3440 5009 3643 5052 rema-

2006 5095 2240 5158 nerent,
2270 5095 2392 5147 erat
2422 5086 2589 5149 valde
2621 5087 2878 5148 dillicile.
2915 5084 3022 5146 Ille
3050 5083 3217 5144 valde
3248 5079 3555 5158 suspirans
3587 5085 3645 5140 et

2007 5175 2237 5253 ejulans
2270 5197 2283 5236 :
2320 5176 2427 5239 Ubi
2463 5187 2621 5258 sunt,
2653 5176 2868 5257 inquit,
2904 5193 2938 5236 ο
2975 5173 3148 5234 Pater
3181 5169 3493 5258 Marcelle,
3531 5177 3645 5258 tua:

2009 5265 2264 5345 preces?
2318 5269 2466 5328 Nam
2521 5275 2578 5328 tu
2607 5256 2865 5346 quidem
2901 5282 2995 5324 me
3026 5261 3148 5325 Deo
3181 5256 3641 5332 commendasti,

2006 5371 2113 5428 ego
2145 5368 2338 5416 autem
2366 5357 2488 5435 jam
2551 5345 2752 5438 pereo.
2814 5356 3020 5433 Neque
3080 5352 3191 5414 hoc
3220 5348 3460 5431 quidem
3497 5345 3645 5438 mihi

2003 5461 2199 5524 grave,
2232 5444 2335 5506 sed
2369 5446 2522 5526 quod
2553 5436 2740 5507 vextra
2788 5451 2952 5506 tuum
2983 5458 3247 5522 gregem,
3283 5446 3340 5500 et
3374 5436 3578 5518 procul
3611 5453 3645 5497 a

2005 5532 2154 5594 meis
2175 5533 2620 5598 fratribus.Ha3c
2651 5535 2750 5596 ille
2776 5531 3018 5616 quidem
3055 5530 3202 5616 dicit.
3232 5529 3480 5608 Ancyra:
3501 5543 3635 5616 cum

2004 5621 2299 5706 lacrymis;
2324 5623 2426 5688 ille
2457 5643 2594 5690 vero
2618 5643 2752 5689 cum
2773 5611 2931 5689 esset
2961 5622 3021 5686 in
3047 5611 3427 5702 ménasterio,
3461 5614 3635 5688 audi-
