4020 6142
396 267 509 354 ’731

1697 278 1862 343 ΜΕΝ
1868 278 1978 340 SIS
2036 277 2467 346 DECEMBER.

3643 290 3767 358 732

394 411 499 487 vit,
532 419 592 476 et
617 412 846 506 statim
883 413 1098 476 Paulus
1151 413 1392 506 quidem
1426 414 1752 506 convaluit.
1790 414 2031 494 Magnus

2118 425 2214 499 μὲν
2271 425 2394 504 ῥᾷον
2436 426 2664 504 ἒγίνετο.
2700 423 2760 483 Ὀ
2794 421 2960 502 μέγας
3008 421 3062 479 δὲ
3121 425 3211 482 τὸν
3268 425 3578 506 ὅπογραφέα
3625 437 3768 486 Και-

389 510 587 565 autem
617 501 924 566 Marcellus
955 503 1242 567 accersito
1291 503 1566 585 Caesario,
1607 506 1788 585 jussit
1816 506 2027 567 horam

388 593 648 671 signari:
676 591 861 667 Unus,
897 593 1124 674 dicens,
1160 613 1228 657 ex
1261 594 1670 675 fratribus,qui
1703 603 1792 656 est
1823 596 2028 676 procul

389 680 634 762 anobis,
670 691 728 744 et
771 691 862 744 est
908 683 1065 762 gravi
1103 682 1307 745 morbo
1339 703 1682 766 oppressus,
1719 685 1933 746 asserit
1960 704 2026 746 se

389 769 538 832 nihil
556 771 863 849 accepisse
887 773 1156 835 utilitatis
1173 790 1242 834 ex
1266 790 1396 834 mea
1413 773 1486 833 ad
1521 771 1836 836 Dominum
1868 792 2028 834 com-

391 860 794 923 mendatione.
829 859 945 924 Sed
981 880 1163 942 prope
1193 871 1282 924 est
1304 861 1590 924 Dominus
1615 862 2032 944 omnibus,qui

386 949 664 1012 invocant
694 969 828 1012 eum
862 951 920 1012 in
973 951 1240 1032 veritate,
1297 959 1357 1014 et
1410 970 1620 1014 eorum
1680 953 1783 1033 qui
1833 953 2029 1034 ipsum

387 1040 619 1115 timent,
651 1040 824 1104 faciet
851 1041 1239 1117 voluntatem,
1267 1049 1326 1104 et
1355 1059 1562 1104 eorum
1600 1061 1810 1122 preces
1841 1061 2028 1105 exau-

389 1130 536 1204 diet,
568 1137 628 1192 et
657 1131 744 1192 eis
777 1130 940 1192 dabit
970 1131 1243 1193 salutem.
1278 1130 1416 1194 Haec
1446 1133 1494 1193 is
1525 1131 1766 1212 quidem
1795 1133 2027 1195 descri-

390 1218 544 1299 psit;
577 1218 677 1281 ille
705 1239 845 1282 vero
893 1220 1208 1296 convaluit,
1239 1229 1295 1284 et
1326 1239 1604 1284 reversus
1636 1232 1744 1285 est.
1780 1220 2030 1285 Ostensa

389 1315 479 1370 est
506 1317 700 1370 autem
728 1309 1043 1391 scriptura,
1084 1319 1142 1372 et
1182 1310 1390 1372 eadem
1426 1311 1570 1372 hora
1600 1310 1906 1374 inventum
1939 1321 2028 1375 est

387 1398 633 1463 Paulum
667 1403 1039 1466 convaluisse
1067 1403 1332 1483 Ancyrae,
1368 1413 1426 1464 et
1483 1402 1798 1465 Czesarium
1832 1407 2025 1484 scrip-

392 1489 542 1552 sisse
573 1491 634 1552 in
669 1494 1054 1556 monasterio.

467 1579 841 1646 XXV[.Deus
862 1582 1176 1664 aliquando
1195 1591 1412 1645 terram
1438 1583 1680 1646 vexabat
1710 1584 1887 1662 fame,
1913 1604 2022 1645 ea-

389 1690 508 1750 que
530 1672 830 1753 fame,qua
859 1674 1060 1735 nescio
1092 1691 1168 1734 an
1201 1672 1321 1734 ulla
1355 1693 1609 1754 unquam
1644 1674 1822 1735 fuerit
1853 1675 2025 1736 dete-

2115 517 2294 592 σάριον
2379 514 2885 590 μετακαλεσάμενος
2944 517 3378 589 ἒπισημήνσσθαι
3437 518 3538 585 τὴν
3619 518 3767 593 ὥραν

2114 607 2375 679 ἐκέλευεν,
2413 607 2534 685 Εἷς,
2570 604 2763 684 λέγων,
2819 611 2926 661 τῶν
2983 603 3226 685 ἀδελφῶν
3279 608 3436 681 ἡμῶν
3496 605 3772 682 πόῤῥωθεν

2115 697 2227 773 ἀρτι
2288 695 2452 753 τελῶν
2505 698 2594 751 καὶ
2645 695 2785 768 νόσῳ
2860 695 3042 771 βαρείᾳ
3103 696 3441 776 κατάσχετος
3495 697 3770 775 γεγονὼς,

2115 785 2262 847 οὒδὲν
2305 787 2365 843 ὲκ
2407 791 2506 852 τῆς
2556 787 2711 860 ἡμῶν
2769 783 3029 863 ὠφελείας
3091 787 3223 862 πρὸς
3295 787 3478 865 Κύριον
3527 786 3776 864 παραθέ-

2115 899 2250 939 σεως
2299 873 2609 932 διατείνεται
2645 891 2658 904 ⁸
2744 872 2862 930 ἀλλ’
2945 874 3105 952 ἐγγὺς
3193 875 3382 953 Κύριος
3439 882 3578 933 πᾶσι
3652 888 3777 939 τοῖς

2115 964 2550 1040 ἐπικαλουμένοις
2610 963 2772 1020 αὐτὸν
2830 963 2884 1019 ἐν
2939 962 3186 1036 ἀληθείᾳ,
3246 966 3333 1021 καὶ
3387 965 3604 1040 θέλημα
3663 968 3776 1021 τῶν

2115 1053 2455 1135 φοϐουμένων
2511 1053 2668 1109 αὖτὸν
2727 1055 2966 1132 ποιήσει,
3025 1054 3112 1109 καὶ
3173 1055 3273 1120 τῆς
3316 1052 3550 1123 δεήσεως
3595 1056 3780 1111 αὐτῶν

2113 1145 2478 1200 εἶσακούσεται
2566 1143 2653 1198 καὶ
2737 1142 2900 1198 σώσει
3003 1143 3211 1207 αὐτούς.
3296 1151 3470 1202 Ταῦτα
3558 1146 3586 1200 6
3673 1145 3775 1219 μὲν

2111 1233 2470 1311 ἀπεγράφετο,
2507 1234 2533 1288 6
2566 1229 2620 1287 δέ
2653 1231 2871 1310 ἕῤῥωτο,
2920 1232 3006 1287 καὶ
3051 1232 3340 1298 ἐπανῆκεν,
3375 1233 3442 1289 Ἢ
3499 1231 3556 1288 δέ
3585 1233 3774 1310 γραορὴ

2111 1320 2392 1393 ἐδείκνυτο,
2457 1323 2544 1378 καὶ
2598 1319 2717 1377 κατ’
2767 1322 2930 1389 αὑτὴν
2977 1321 3162 1398 εὑρέθη
3222 1323 3320 1389 τὴν
3377 1322 3521 1401 ὥραν
3555 1321 3776 1385 Παῦλος

2109 1412 2324 1487 ὑγιάνας
2365 1410 2418 1466 ἐν
2469 1410 2722 1488 Ἀγκύρα,
2781 1411 2876 1467 καί
2955 1410 3244 1488 Καισάριος
3304 1412 3514 1489 γράψας
3575 1412 3633 1468 ἐν

2114 1507 2280 1576 μονῇ.

2194 1591 2340 1663 [ις’.
2398 1589 2624 1648 Ἐκάκου
2669 1593 2800 1648 ποτὲ
2852 1593 2946 1660 την
2990 1597 3091 1669 γῆν
3125 1594 3152 1647 6
3187 1594 3314 1651 Θεὸς
3377 1591 3546 1671 λιμῷ,
3615 1591 3768 1664 λιμῷ

2109 1684 2204 1738 οὒκ
2232 1679 2354 1736 οἶδα
2400 1678 2453 1736 εἴ
2485 1703 2612 1736 ποτε
2649 1683 2834 1737 τούτου
2868 1682 3089 1760 χείρονι,
3138 1681 3197 1738 Ὀ
3230 1680 3284 1737 δέ
3315 1704 3374 1758 γε
3429 1685 3526 1748 τῆς
3583 1688 3765 1756 μονῆς

386 1761 532 1824 rior.
567 1762 908 1825 Monasterii
932 1771 1124 1824 autem
1156 1764 1356 1824 horrei
1389 1764 1698 1843 praefectus
1730 1764 2023 1837 Malchus,

2118 1777 2432 1848 ταμειοῠχος
2462 1781 2552 1828 τοῦ
2596 1773 2739 1826 σίτου
2770 1770 2994 1850 Μάλχος
3039 1784 3157 1832 τοῖς
3216 1771 3528 1847 ἀρτοποιοῐς
3564 1792 3621 1828 τε
3665 1770 3769 1826 αὒ-

389 1851 489 1932 qui
521 1853 884 1914 frumentum
917 1852 1329 1934 suppeditabat
1360 1853 2025 1933 pistoribus,postquam

385 1941 729 2003 universum
782 1943 908 2006 fere
958 1950 1376 2024 consumptum
1424 1943 1614 2005 fuerat
1668 1942 2026 2022 (sufficiebat

390 2031 550 2092 enim
575 2050 650 2093 ne
679 2031 753 2094 ad
785 2041 934 2095 totos
963 2032 1205 2114 quidem
1259 2032 1467 2095 decem
1501 2033 1650 2104 dies,
1686 2040 1741 2094 et
1781 2049 2028 2094 necesse

389 2129 515 2182 erat
535 2121 690 2183 fame
713 2123 907 2200 perire
929 2123 1290 2202 monachos),
1321 2121 1549 2184 accedit
1579 2121 1650 2183 ad
1676 2122 2025 2203 praeclarum

385 2209 756 2289 Marcellum,
791 2219 850 2273 et
881 2212 936 2274 ei
967 2211 1267 2273 renuntiat
1309 2211 1674 2274 frumentum
1714 2229 1848 2274 esse
1881 2230 2030 2272 con-

387 2301 770 2380 sumptum.A
789 2320 904 2382 quo
927 2301 1168 2376 audivit,
1197 2309 1261 2363 ut
1293 2299 1512 2364 laceret
1537 2321 1668 2382 qum
1699 2320 2025 2363 consueve-

388 2397 498 2470 rat,
541 2391 735 2452 ethoc
757 2391 811 2453 ei
832 2391 1008 2452 nullae
1027 2410 1159 2454 esse
1193 2409 1373 2454 curae.
1410 2391 1515 2453 Ille
1547 2391 1864 2453 arbitratus
1891 2409 2028 2452 eum

385 2497 629 2559 sperare
649 2481 921 2542 alicunde
941 2481 1286 2543 solvendam
1321 2499 1452 2542 esse
1486 2480 1776 2558 impiam,
1805 2479 2030 2559 absque

386 2569 507 2632 ulla
535 2569 941 2634 sollicitudine
970 2569 1366 2650 suppeditavit
1413 2570 1568 2630 sicut
1613 2577 2027 2630 consueverat.

389 2659 664 2740 Quinque
680 2659 966 2738 deinceps
987 2659 1115 2720 dies
1139 2658 1552 2738 praeterierunt
1579 2674 1591 2715 :
1625 2666 1685 2718 et
1712 2675 1845 2717 cum
1880 2657 2028 2719 nihil

389 2747 909 2812 evenisseteorum
942 2766 1073 2828 qua:
1107 2748 1404 2826 sperabat,
1437 2764 1647 2807 rursus
1679 2745 1846 2822 dicit,
1881 2755 1940 2807 et
1973 2746 2028 2807 ei

393 2855 629 2900 causam
649 2846 884 2900 revocat
915 2837 974 2898 in
1009 2836 1379 2898 memoriam.
1409 2835 1586 2898 Audit
1618 2853 1756 2898 vero
1788 2835 2027 2901 eadem.

387 2925 701 3008 Postquam
725 2935 920 2988 autem
944 2925 1016 2988 ad
1039 2925 1184 2988 alios
1203 2944 1441 3006 quoque
1460 2925 1609 2987 duos
1633 2928 2024 3005 consumpsit,

388 3023 447 3078 et
477 3034 594 3077 non
631 3015 875 3077 multum
907 3015 1118 3079 abesse
1146 3015 1470 3085 videretur,
1505 3015 1647 3095 quin
1680 3022 1837 3077 esset
1889 3015 2028 3076 uni-

389 3121 626 3167 versum
658 3115 1098 3185 consumptum,
1132 3105 1231 3167 ille
1285 3104 1526 3184 quidem
1559 3121 1766 3164 rursus
1795 3103 2028 3164 accedit

391 3193 802 3256 conturbatus.
839 3193 1153 3255 Marcellus
1186 3211 1322 3254 vero
1375 3196 1571 3256 statim
1621 3190 1921 3253 accedens
1953 3191 2027 3251 ad

391 3283 694 3355 horreum,
732 3281 1065 3360 parturiens
1122 3282 1180 3342 id
1232 3281 1429 3344 statim
1465 3280 1693 3361 implet,
1730 3288 1792 3342 et
1824 3280 2033 3360 incipit

393 3388 601 3452 parere
628 3370 894 3452 :etquod
914 3369 1396 3441 estadmirabile,
1425 3379 1485 3430 et
1513 3387 1754 3431 omnem
1790 3376 2033 3448 superat

389 3460 971 3541 rationem,quandiu
986 3459 1182 3521 dictus
1205 3459 1444 3539 quidem
1467 3457 1726 3520 Malchus
1753 3457 2033 3518 metieba-

392 3560 485 3614 tur
513 3551 876 3613 frumentum
909 3549 1218 3613 videbatur
1246 3549 1586 3627 diminui,et
1623 3547 1832 3608 minari
1868 3547 2030 3608 futu-

391 3660 518 3704 ram
552 3661 683 3703 mox
722 3649 1066 3720 egestatem.
1103 3641 1256 3702 Cum
1281 3648 1477 3700 autem
1513 3636 1799 3718 postridie
1831 3638 2027 3714 ingre-

393 3731 657 3812 deretur,
686 3731 894 3792 eadem
922 3729 1264 3809 magnitudo
1290 3740 1418 3791 erat
1449 3741 1508 3790 et
1539 3728 1698 3790 idem
1734 3727 2029 3808 cumulus,

391 3829 448 3882 et
477 3821 798 3902 apparebat
851 3817 1120 3899 perinde,
1170 3838 1239 3880 ac
1270 3818 1318 3880 si
1348 3837 1421 3879 ne
1459 3834 1664 3897 parum
1701 3816 1842 3897 quid
1874 3826 2032 3879 esset

391 3910 648 3972 ablatum
677 3910 1064 3990 pridie.Quod
1087 3926 1229 3970 vero
1255 3909 1379 3970 haec
1403 3915 1731 3968 nonessent
1753 3906 2028 3984 deceptio

393 4000 724 4072 oculorum,
750 4001 928 4061 fidem
958 4000 1099 4062 facit
1148 4008 1402 4076 tempus.
1437 3997 1671 4058 Tandiu
1703 3995 1862 4058 enim
1895 3996 2027 4057 fru-

406 4091 588 4150 menti
610 4089 720 4150 fuit
739 4091 850 4150 hoc
869 4088 1218 4150 admirabile
1236 4095 1614 4166 augmentum
1649 4095 1706 4146 et
1737 4087 2028 4165 acceptio,
2047 4149 2064 4163 ,

406 4178 672 4254 quandiu
699 4178 911 4240 mansit
930 4177 1120 4256 gravis
1139 4177 1238 4238 illa
1257 4185 1314 4237 et
1336 4175 1562 4236 infinita
1588 4172 1922 4236 fames.Sed
1946 4175 2038 4235 his

405 4269 646 4348 quidem
679 4267 1031 4342 ostenditur,
1057 4273 1324 4328 sanctum
1363 4273 1417 4325 et
1452 4263 1730 4324 nutriisse
1765 4262 1942 4336 vivos,
1984 4272 2041 4324 et

2048 3153 2087 3201 C

2110 1865 2214 1914 τῶν
2298 1865 2708 1936 καταγορηγῶν,
2802 1859 2914 1916 ἐπεὶ
3000 1858 3273 1922 ἁνέλῶτος
3353 1857 3551 1938 σχεδὸν
3613 1858 3768 1921 ἅπας

2111 1948 2352 2024 (ἐπήρκει
2384 1951 2483 2026 γὰρ
2527 1949 2586 2005 οὗ
2625 1949 2751 2005 δέκα
2809 1949 2938 2013 ὅλας
2993 1948 3222 2024 ἡμέρας,
3279 1950 3364 2005 καὶ
3424 1949 3489 2016 ἧν
3550 1949 3770 2025 ἀνάγκη

2113 2045 2257 2095 πᾶσα
2288 2041 2574 2112 Λιμώττειν
2605 2039 2726 2102 τοὺς
2757 2038 3091 2118 μοναχοὺς),
3145 2037 3368 2114 τροσῇει
3398 2060 3456 2094 τε
3498 2043 3580 2110 τῷ
3641 2059 3773 2115 γεν-

2115 2128 2244 2202 ναίῳ
2304 2129 2390 2184 καὶ
2443 2129 2503 2184 τὸ
2561 2127 2867 2194 ἀνηλῶσθαι
2929 2129 3071 2200 αύτῷ
3126 2129 3218 2183 τὸν
3276 2141 3431 2184 σῖτον
3485 2126 3771 2205 ἀγγέλλει,

2116 2218 2329 2275 ’Ἢκοδε
2376 2216 2430 2273 δὲ
2462 2217 2715 2293 πράττειν
2745 2218 2808 2272 τὰ
2840 2217 3060 2272 εἰωθότα
3096 2215 3189 2272 καὶ
3223 2214 3394 2289 μηδέν
3449 2220 3593 2289 αἰ»τῷ
3641 2217 3770 2292 περὶ

2113 2307 2298 2364 τούτου
2352 2305 2591 2380 μέλλειν,
2654 2307 2716 2363 Ὀ
2765 2303 2818 2361 δέ
2880 2306 3104 2376 νομίσας
3166 2305 3383 2362 ἄλλοθεν
3413 2305 3557 2379 αὐτῷ
3605 2308 3771 2362 πόθεν

2115 2396 2343 2466 ἐλπίζειν
2389 2396 2486 2461 τὴν
2547 2395 2770 2470 ἀπορίαν
2839 2393 3178 2466 λυθήσεσθαι,
3254 2394 3525 2474 ἄφροντις,
3580 2395 3769 2470 ὥσπερ

2117 2485 2325 2556 εἴωθεν,
2376 2484 2653 2562 ἐχορήγει,
2693 2482 2850 2539 Πέντε
2895 2483 3018 2548 ἑξῆς
3066 2482 3332 2560 παρῆλθον
3386 2484 3604 2561 ἡμέραι,
3669 2484 3770 2539 καὶ

2115 2573 2283 2648 μηδὲν
2333 2577 2406 2628 ὧν
2472 2572 2694 2639 ἤλπισε-ο
2749 2572 3064 2640 ἀπαντῆσαν
3098 2620 3114 2647 ,
3175 2575 3359 2650 φράζει
3419 2573 3611 2651 πάλιν,
3681 2575 3770 2628 καὶ

2113 2665 2229 2737 περὶ
2287 2668 2384 2728 τῆς
2443 2663 2606 2726 αἰτίας
2662 2661 3080 2735 ἀναμιμνήσκει,
3147 2661 3356 2718 Ἀκούει
3416 2660 3470 2718 δὲ,
3501 2663 3562 2719 τὰ
3599 2664 3760 2724 αὐτά,

2110 2745 2204 2816 εΩς
2236 2751 2290 2808 δὲ
2347 2753 2436 2808 καὶ
2465 2750 2551 2807 ἐπὶ
2608 2748 2774 2813 ἄλλας
2832 2750 3034 2828 ἡμέρας
3088 2750 3176 2807 δύο
3207 2750 3499 2816 ἐξεδαπάνα
3542 2753 3640 2809 καῖ
3702 2756 3764 2808 τὸ

2114 2838 2280 2916 μῃδέν
2340 2839 2416 2896 ἔτι
2475 2839 2741 2919 ληφθῆναι
2803 2841 2863 2896 οὗ
2919 2839 3098 2918 πόῤῥω
3131 2862 3232 2897 που
3292 2845 3434 2897 εἶναι
3465 2842 3695 2918 ἑωρᾶτο,
3734 2845 3762 2897 6

2115 2931 2212 3004 μὲν
2271 2928 2436 2990 πάλιν
2487 2928 2877 3006 τεταραγμένος
2925 2931 3228 3004 πρόσεισιν’
3277 2933 3304 2986 6
3354 2928 3409 2985 δὲ
3442 2930 3664 2992 ἐπιστὰς
3695 2937 3765 3007 τῇ

2116 3019 2396 3097 σιτοθήκῃ,
2449 3016 2648 3074 ὠδίνων
2704 3017 2870 3084 αὐτὴν
2929 3017 3119 3082 εὸθέως
3176 3017 3380 3095 πληροῖ
3439 3020 3531 3074 οιαὶ
3605 3020 3768 3076 τόκου

2114 3108 2316 3187 ἤρχετο
2353 3129 2364 3142 ·
2399 3109 2483 3162 καὶ
2516 3110 2575 3163 τὸ
2619 3105 2674 3162 δὲ
2704 3109 3005 3178 θαυμαστὸν
3052 3109 3138 3163 οιαὶ
3167 3107 3328 3186 λόγου
3361 3110 3562 3171 παντὸς
3613 3110 3769 3183 ὑψη-

2113 3197 2352 3274 λότερον,
2386 3195 2486 3258 ἕως
2518 3196 2616 3271 μέν
2647 3199 2674 3252 6
2733 3194 2990 3262 δηλωθεὶς
3042 3195 3261 3275 Μάλχος
3307 3198 3542 3276 ἐμέτρει,
3592 3197 3767 3254 ἐλατ-

2115 3283 2365 3358 τούμενόν
2421 3305 2476 3340 τε
2533 3286 2624 3341 τὸν
2687 3297 2837 3340 σῖτον
2907 3285 3044 3364 ἑώρα
3096 3288 3183 3342 καὶ
3238 3285 3559 3344 ἀπειλοῦντα
3623 3287 3762 3343 ὅσον

2114 3373 2262 3430 οῧπω
2304 3374 2404 3440 τὴν
2459 3371 2681 3447 ἔνδειαν,
2742 3377 2857 3430 επεὶ
2915 3372 2970 3430 δὲ
3022 3375 3120 3442 τῆς
3168 3377 3442 3454 ὑστεραίας
3495 3377 3674 3455 εἰσίοι,
3741 3377 3770 3432 6

2116 3463 2272 3526 αὒτὸς
2303 3463 2368 3530 ἧν
2397 3461 2556 3540 ὄγκος
2590 3484 2644 3518 τε
2674 3465 2758 3519 καὶ
2794 3465 2961 3531 σωρὸς
3009 3465 3097 3520 καὶ
3148 3465 3327 3542 ὥσπερ
3379 3463 3495 3521 οὒδὲ
3557 3467 3769 3540 μακρὸν

2117 3553 2244 3632 χθξς
2277 3550 2640 3631 ὑφαιρεθέντος
2701 3549 2987 3614 ἐδείκνυτο.
3035 3562 3210 3612 Ταῦτα
3273 3557 3347 3620 ὡς
3405 3559 3502 3613 οὐκ
3554 3555 3768 3635 ὀφθαλ-

2117 3649 2232 3717 μῶν
2287 3642 2353 3709 ἧν
2400 3641 2573 3704 ἄλλως
2607 3642 2812 3720 ἀπάτη,
2860 3644 3047 3706 πίστις
3091 3643 3118 3697 ὃ
3162 3644 3384 3722 χρόνος,
3438 3645 3614 3724 Μέχρι
3664 3646 3770 3722 γὰρ

2115 3733 2366 3789 τοσούτου
2408 3738 2485 3806 τῷ
2527 3733 2655 3804 σίτῳ
2713 3731 2742 3798 ἦ
2804 3731 3030 3810 ἅῤῥητος
3089 3732 3223 3800 αὕτη
3273 3733 3500 3798 ἐπίδοσίς
3562 3756 3617 3790 τε
3676 3738 3770 3792 καὶ

2119 3820 2330 3886 αὔξησις
2385 3821 2581 3899 μέχρις
2615 3830 2674 3879 οὕ
2733 3823 2820 3878 καὶ
2853 3824 2879 3876 6
2912 3820 3129 3899 ἀπειρος
3183 3825 3388 3888 ἐκεῖνος
3449 3826 3535 3880 καὶ
3583 3824 3766 3904 χαλε-

2113 3913 2211 3974 πὸς
2261 3910 2456 3988 ἐπεῖχε
2495 3909 2676 3984 λιμός.
2737 3909 2904 3971 Ἀλλὰ
2965 3919 3130 3968 ταῦτα
3187 3912 3286 3985 μὲν
3337 3914 3447 3970 ἔστι
3506 3911 3764 3970 δεικνύειν

2112 4006 2312 4071 ζῶντας
2345 4001 2432 4054 τὸν
2491 4000 2642 4077 ἅγιον
2703 3999 2998 4079 διατρέφειν
3055 4003 3140 4058 καὶ
3193 4002 3587 4068 κινδυνεύοντας
3639 4003 3761 4060 δια-

2115 4090 2303 4160 σώζειν
2340 4103 2353 4118 ⁸
2389 4101 2544 4150 noto;
2577 4087 2632 4144 δὲ
2684 4092 2769 4147 καὶ
2819 4093 3033 4167 νεκροὺς
3087 4089 3306 4169 ἐγείρειν
3357 4094 3442 4148 καὶ
3503 4091 3760 4164 δαίμονας

2119 4177 2433 4235 ἀπελαύνειν
2476 4178 2504 4233 ὀ
2565 4177 2729 4256 μέγας
2782 4186 2934 4243 οὗτος
2968 4179 3287 4261 ἐτύγχανεν,
3340 4183 3526 4240 αὐτίκα
3570 4180 3636 4250 δὴ
3683 4185 3768 4239 καὶ

2122 4267 2436 4343 ῥηθήσεται.

407 4376 791 4422 conservasse
837 4376 938 4419 eos
971 4359 1069 4437 qui
1121 4363 1290 4416 erant
1318 4354 1377 4414 in
1430 4351 1724 4431 periculo.
1776 4351 2290 4422 Quemadmodum
2321 4363 2516 4418 autem
2562 4374 2630 4418 se
2670 4357 2922 4436 gesserit
2967 4364 3211 4421 sanctus
3241 4358 3572 4422 excitandis
3621 4379 3777 4424 mor-

405 4451 518 4510 tuis
548 4459 606 4510 et
635 4448 908 4525 fugandis
936 4444 1331 4514 daemonibus,
1368 4441 1562 4501 statim
1598 4441 1852 4503 dicetur.

480 4533 1070 4614 XXVII.Egrotabat
1094 4531 1429 4612 quidem,et
1459 4532 1519 4590 in
1544 4529 1694 4591 lecto
1725 4529 2031 4592 decumbe

2209 4535 2330 4596 KZ'.
2378 4540 2560 4594 Νοσῶν
2589 4557 2672 4601 τις
2703 4536 2768 4604 ἧν
2799 4539 2885 4595 καὶ
2942 4537 3265 4605 κλινοπετὴς
3310 4541 3478 4613 ὄνομα
3536 4540 3768 4615 Παῦλος,

401 4627 525 4701 bat,
560 4625 800 4687 nomine
836 4619 1285 4692 l’aulus,habitu
1317 4619 1666 4681 monachus.
1694 4617 1748 4680 Is
1777 4638 1910 4680 cum
1943 4638 2040 4681 ex-

400 4724 655 4778 tremum
672 4715 793 4794 jam
819 4713 1065 4774 duceret
1093 4709 1390 4790 spiritum,
1428 4709 1602 4770 mittit
1634 4708 1706 4770 ad
1739 4717 2038 4785 sanctum,

401 4814 460 4869 et
489 4813 655 4884 rogat
683 4812 746 4865 ut
777 4801 993 4865 veniat.
1021 4800 1336 4877 Postquam
1361 4806 1585 4878 autem,
1621 4798 1708 4861 via
1741 4798 2034 4879 confecta,

399 4895 499 4978 qui
534 4901 744 4957 missus
771 4893 980 4966 fuerat,
1024 4889 1180 4952 venit
1239 4889 1310 4951 ad
1363 4893 1808 4978 monasterium,
1846 4897 1903 4949 et
1934 4889 2041 4978 fuit

399 4977 598 5049 coram
625 5001 834 5064 magno
857 4979 1448 5060 Marcello,quoniam
1482 4977 1583 5041 ille
1605 4986 1740 5039 tunc
1764 4978 1836 5039 de
1862 4977 2043 5040 rebus

401 5075 728 5138 disserebat
761 5071 1058 5152 gravibus,
1081 5079 1134 5132 et
1168 5069 1243 5130 de
1265 5067 1453 5129 sacris
1484 5067 1765 5129 tractabat
1797 5066 2041 5146 dogma-

400 5165 582 5238 tibus,
617 5161 987 5226 contendens
1038 5179 1172 5221 cum
1203 5158 1470 5220 antistite
1501 5156 1923 5235 Chalcedonis,
1979 5167 2040 5218 et

401 5255 501 5337 qui
519 5257 732 5315 missus
754 5252 964 5323 fuerat,
1002 5258 1090 5311 est
1118 5265 1416 5321 reversus,
1456 5254 1513 5307 et
1560 5247 1658 5326 qui
1692 5246 2037 5323 aegrotabat,

403 5353 530 5406 erat
560 5350 852 5404 mortuus.
887 5341 1034 5402 Cum
1067 5355 1208 5414 ergo
1237 5337 1356 5416 jam
1392 5344 1627 5415 peracta
1659 5344 1879 5409 essent,
1913 5353 2045 5415 quae

404 5435 551 5494 tiunt
583 5436 920 5504 mortuo,et
952 5435 1185 5508 paratus
1215 5435 1373 5487 esset
1400 5425 1472 5486 ad
1506 5423 1874 5486 etIercndum
1906 5426 2044 5504 (hoc

405 5527 603 5582 autem
637 5538 754 5580 non
771 5518 888 5580 alia
909 5516 984 5578 de
999 5533 1175 5578 causa
1201 5513 1499 5595 provisum
1522 5514 1710 5574 fuerat
1731 5532 1764 5574 a
1782 5513 2038 5594 superis,

408 5625 583 5693 quam
603 5615 666 5670 ut
694 5607 982 5686 majorem
1014 5623 1238 5681 casum,
1271 5614 1328 5667 et
1360 5603 1548 5682 majus
1580 5602 1956 5679 miraculum,
1985 5612 2042 5666 et

2124 4622 2185 4678 τὸ
2209 4629 2404 4702 σχῆμα
2437 4626 2702 4704 μοναχός.
2741 4629 2903 4690 Οὗτος
2937 4624 3039 4694 ἤδη
3072 4630 3191 4704 περὶ
3233 4629 3326 4691 τὰς
3379 4629 3618 4708 ἐσχάτας
3651 4630 3779 4686 ἀνα·

2126 4713 2288 4778 πνοὰς
2318 4712 2414 4793 ὢν,
2449 4713 2668 4789 πέμψας
2702 4716 2931 4772 αἰτεῖται
2963 4717 3090 4793 πρὸς
3142 4716 3300 4774 αὖτὸν
3349 4717 3628 4799 ἀφικέσθαι
3684 4722 3773 4776 τὸν

2125 4800 2296 4877 ἅγιον.
2342 4802 2438 4865 Ὠς
2497 4801 2551 4859 δὲ
2609 4805 2707 4871 τὴν
2751 4803 2870 4861 ὁδὸν
2923 4806 2950 4861 ὀ
2981 4807 3236 4884 πεμφθεὶς
3265 4807 3460 4872 ἀνύσας
3493 4808 3770 4886 κατελάμ-

2124 4889 2248 4946 ϐανε
2276 4891 2372 4958 τὴν
2404 4892 2574 4966 μονὴν
2604 4895 2690 4949 καὶ
2721 4895 2793 4959 εἰς
2825 4891 2948 4968 ὄψιν
2995 4894 3122 4962 ἦλθε
3183 4897 3260 4970 τῷ
3315 4896 3558 4974 μεγάλῳ,
3619 4899 3769 4954 ἐπεί-

2123 5001 2222 5057 περ
2265 4981 2469 5044 ἒιιεῐνος
2531 4983 2591 5037 τὸ
2648 4990 2936 5048 τηνικαῦτα
2987 4983 3284 5041 σπουδαίων
3343 4984 3535 5065 εἴχετο
3585 4985 3768 5043 διαλέ-

2124 5067 2256 5135 ξεων
2284 5070 2378 5126 καί
2439 5083 2557 5134 τοῖς
2617 5074 2778 5148 ἱεροῖς
2833 5071 3062 5130 ἐνέκειτο
3122 5071 3377 5152 δόγμασι,
3409 5083 3485 5149 τῷ
3530 5076 3765 5156 προέδρῳ

2127 5157 2467 5225 Χαλκηδόνος
2526 5157 2979 5236 διαμιλλώμενος,
3068 5164 3095 5218 ὃ
3161 5185 3218 5219 τε
3290 5168 3543 5244 πεμφθεὶς
3627 5171 3768 5231 αὖθις

2126 5247 2372 5324 ἔπανῂει,
2405 5249 2493 5305 καὶ
2524 5251 2550 5304 6
2583 5256 2752 5306 νοσῶν
2783 5249 2884 5317 ἤδη
2917 5254 3184 5319 τεθνηκὼς
3215 5253 3303 5320 ἦν,
3343 5253 3491 5312 Ἐπεὶ
3553 5263 3644 5313 οὖν
3676 5256 3767 5312 καῖ

2126 5338 2191 5394 τὰ
2222 5337 2308 5393 ἐπὶ
2336 5343 2503 5416 νεκρῷ
2532 5337 2704 5395 πάντα
2749 5339 3076 5420 τετέλεσται,
3126 5344 3213 5398 καὶ
3264 5342 3476 5416 ἕτοιμος
3525 5344 3592 5411 ἧν
3639 5346 3769 5422 πρὸς

2127 5427 2222 5494 τὴν
2281 5428 2507 5505 ἒκφοράν
2565 5429 2745 5505 (τοῦτο
2806 5427 2861 5484 δὲ
2948 5433 3042 5489 οὒκ
3110 5430 3289 5493 ἄλλως
3348 5433 3770 5507 προῳκονόμητο

2126 5515 2320 5572 ἄνωθεν
2352 5515 2470 5572 ἀλλ’
2504 5516 2595 5573 ἵνα
2624 5516 2683 5573 τὸ
2712 5527 2895 5592 μεῖζον
2928 5519 3092 5582 πάθος
3126 5520 3212 5576 καὶ
3253 5521 3314 5576 τὸ
3365 5524 3540 5593 θαῦμα
3585 5529 3769 5596 μεῖζον

2127 5607 2214 5663 καὶ
2257 5604 2568 5685 Μαρκέλλου
2629 5607 2728 5676 τὴν
2795 5608 2990 5688 ἀρετὴν
3034 5609 3249 5686 μείζονα
3299 5608 3492 5691 δείξῃ),
3542 5614 3612 5678 ὡς
3658 5611 3756 5679 ἤδη
