4020 6142
254 293 401 364 733
1239 297 1427 362 VITA
1471 296 1533 360 S.
1582 293 1969 359 MARCELLI
2013 292 2704 362 ARGHIMANDRITzE.
3539 301 3657 369 734

251 435 451 512 πέρας
509 433 804 513 ἐλάμϐανεν
861 437 896 504 ἡ
941 432 1191 508 διάλεξις,
1253 431 1432 490 ἄπεισι
1504 431 1649 512 παρὰ
1704 431 1796 489 τὸν
1835 452 1928 489 νο·

2017 431 2280 493 Marcelli
2311 432 2587 493 virtutem
2616 433 2904 513 majorem
2936 430 3432 516 ostenderetl,ubi
3464 436 3650 499 factus

251 548 483 583 σουντα
517 543 531 557 ⁸
569 527 656 583 καὶ
685 527 868 603 νεκρὸν
914 522 1036 582 ἰδὼν
1082 523 1288 580 ἐκεῖνον
1338 523 1424 579 καὶ
1457 523 1590 602 πρὸς
1632 523 1728 589 τὴν
1773 521 1928 600 ἐκφο-

2017 519 2129 582 fuit
2158 520 2490 583 disserendi
2517 523 2843 603 linis,venit
2870 522 2944 585 ad
2975 527 3259 600 aegrotum
3287 544 3302 585 :
3336 532 3552 587 etcum
3577 526 3655 586 il-

248 616 365 695 ρὰν
422 615 664 692 ἕτοιμον,
729 613 888 671 ἔπαθε
940 613 1038 689 μὲν
1079 614 1180 680 τὴν
1229 613 1442 692 ψυχὴν,
1485 613 1573 668 καὶ
1602 609 1797 688 δάκρυα
1827 615 1932 666 τῶν

2017 608 2139 671 lum
2170 609 2418 673 vidisset
2448 620 2836 686 mortuum,et
2848 613 2972 691 jam
3000 621 3270 692 paratum
3301 613 3374 675 ad
3410 615 3658 677 efferen-

247 711 523 785 παρειῶν
554 704 834 784 κατέχεεν,
869 703 928 760 ού
959 702 1056 779 μὲν
1085 702 1252 782 δφῆκε
1283 707 1378 768 τῆς
1424 702 1554 779 πρὸς
1605 701 1734 757 Θεὸν
1793 698 1934 776 παῤ-

2017 697 2181 774 dum,
2220 709 2413 762 motus
2448 700 2689 780 quidem
2723 709 2812 762 est
2843 701 3065 776 animo,
3099 710 3158 764 et
3205 722 3275 764 ex
3323 705 3456 784 ejus
3486 702 3656 783 genis

245 796 493 875 ῥησίας,
529 793 666 851 ἀλλὰ
707 793 803 850 καί
851 805 1044 873 χεῖρας
1094 791 1206 867 ἅμα
1249 793 1334 848 καὶ
1365 791 1582 866 ὄμματα
1630 790 1716 846 καὶ
1747 789 1932 868 ψυχήν

2018 786 2279 850 ﬂuebant
2309 789 2619 870 lacryinze:
2668 808 2863 872 neque
2886 792 3115 855 remisit
3146 800 3347 856 tamen
3373 811 3544 856 suam
3582 792 3656 854 ad

247 889 414 964 πρὸς
478 886 637 942 αὐτὸν
694 883 968 946 ἀνατείνας
1023 878 1106 961 ἐφ’
1161 883 1341 938 ἱκανὸν
1386 881 1524 937 οὕτω
1572 877 1926 958 προσηύξατο.

2017 877 2205 940 Deum
2235 879 2648 955 fiduciam,sed
2679 899 2812 942 cum
2845 900 3053 944 manus
3080 883 3255 946 simul
3279 891 3336 945 et
3365 883 3569 946 oculos
3599 891 3658 946 et

253 975 427 1033 Εἶτα
463 974 562 1031 οὒκ
600 975 674 1036 εἷς
709 973 842 1029 ἑπτὰ
871 973 969 1048 μὲν
1023 971 1251 1050 ἐμφυσᾷ,
1300 973 1372 1036 ὡς
1430 969 1593 1026 πάλαι
1627 973 1654 1025 6
1685 967 1930 1040 ζηλωτὴς

2017 969 2274 1030 animum
2299 969 2372 1030 ad
2405 987 2541 1031 eum
2574 971 3034 1044 sustulisset,est
3062 971 3404 1054 aliquandiu
3439 991 3651 1055 preca-

250 1064 501 1144 Ἠλίας,
536 1063 718 1144 χειρὸς
763 1060 818 1117 δὲ
875 1061 1037 1135 μόνον
1097 1060 1360 1126 ἐπιτίθησι
1412 1066 1487 1134 τῷ
1530 1065 1721 1139 νεκρῷ,
1756 1059 1842 1116 καὶ
1887 1060 1932 1115 οἱ

2019 1058 2372 1123 tus.Deinde
2402 1078 2520 1121 non
2552 1060 2772 1140 septies
2791 1061 3032 1142 quidem
3062 1063 3653 1144 inSpirat,sicutolim

256 1153 548 1233 παρόντες
597 1150 774 1214 ἄλλως
805 1152 962 1211 αὐτὸν
1006 1151 1094 1206 καὶ
1136 1150 1240 1230 οὐχ
1293 1151 1366 1213 ὡς
1413 1158 1596 1225 νεκροῦ
1623 1156 1716 1204 τοῦ
1743 1147 1932 1224 κειμέ-

259 1266 365 1301 νου
421 1246 772 1322 πειρασθῆναι
830 1241 1142 1315 νομίσαντες
1212 1238 1458 1318 λέγουσιν
1517 1237 1599 1295 ὅτι
1659 1235 1930 1304 τέθνηκεν.

260 1333 455 1408 ’Ἅμα
487 1331 544 1388 δέ
584 1330 740 1390 τοῦτο
785 1334 942 1387 εἶπον
985 1328 1204 1406 ἐκεῖνοι,
1251 1329 1338 1385 καὶ
1398 1329 1581 1407 νεκρὸς
1639 1327 1786 1391 εὐθὺς
1845 1325 1934 1391 ἐξ·

261 1424 543 1482 ανίστατο
598 1420 686 1478 καὶ
745 1422 1103 1498 φθεγγόμενος
1145 1421 1232 1476 καὶ
1273 1419 1380 1475 τῶν
1431 1421 1632 1475 ἐκεῖθεν
1663 1416 1933 1492 ἐμέμνητο

261 1514 574 1588 θεαμάτων
601 1513 772 1567 εἰπεῖν
815 1530 872 1565 τε
917 1510 1004 1566 καὶ
1064 1510 1284 1566 ἀκοῦσαι
1315 1505 1720 1586 φοϐερωτάτων.
1754 1505 1933 1568 Οὕτως

263 1606 527 1676 ἐκεῖνος,
563 1600 657 1656 ἵνα
684 1622 735 1655 τι
789 1599 883 1656 παὶ
926 1597 1210 1676 τολμήσω,
1259 1598 1345 1654 καὶ
1389 1596 1542 1665 ἡλίου
1597 1596 1775 1674 φαδεὶς
1821 1616 1931 1650 πα-

262 1694 588 1776 ραπλήσιος
617 1697 714 1753 οὐκ
759 1690 990 1760 ἠθέλησε
1017 1692 1078 1749 τὸ
1122 1692 1196 1753 εἰς
1242 1689 1398 1746 αύτὸν
1441 1691 1575 1758 ἧκον
1623 1687 1782 1756 δῆλον
1812 1701 1931 1752 τοῖς

262 1785 518 1847 πολλοῖς
575 1783 638 1839 τὸ
695 1786 869 1856 θαῦμα
924 1780 1163 1858 γενέσθαι
1199 1794 1212 1808 ⁶

263 1876 575 1932 ἇναστσντι
634 1872 721 1929 καὶ
777 1883 895 1934 τοῖς
939 1869 1284 1944 θεασαμένοις
1340 1867 1522 1946 ὤσπερ
1579 1871 1606 1924 6
1647 1870 1778 1940 ἐμὸς
1810 1867 1928 1934 Ἰη-

267 1972 410 2029 σοῦς
472 1964 570 2030 τὴν
644 1960 855 2028 σιωπὴν
917 1958 1297 2038 παραγγέλλει,
1359 1958 1621 2025 τοσαύτην
1680 1957 1932 2036 εἰσφέρων

268 2051 528 2122 σπουδὴν
575 2058 670 2109 τοῦ
713 2052 814 2119 τὴν
869 2049 1012 2122 παρά
1081 2048 1370 2125 ἀνθρώπων
1433 2045 1584 2112 δόξαν
1656 2045 1932 2126 διαφυγεῖν

268 2144 420 2211 ὅσης
481 2141 582 2220 ἄρα
622 2141 719 2208 τῆς
767 2139 910 2216 παρᾶ
953 2145 1085 2196 Θεοῦ
1135 2138 1423 2218 τυγχάνειν
1468 2138 1624 2202 αὐτὸς
1682 2134 1926 2208 ἔμελλεν’

271 2235 404 2293 ὅθεν
467 2230 587 2288 οὐδὲ
641 2229 824 2288 λαθεῖν
865 2229 1038 2308 ἀφῆκε
1091 2229 1153 2284 τὸ
1195 2228 1413 2306 γεγονὸς
1453 2229 1479 2283 6
1510 2225 1632 2303 δόξῃ
1672 2222 1947 2298 περιϐἀλ-.

277 2324 403 2381 λων
450 2322 531 2378 ἀεὶ
562 2320 682 2383 τοὺς
740 2319 896 2375 αὐτὸν
954 2315 1180 2388 δοξάζειν
1236 2314 1655 2394 κροῃρημένους,
1716 2318 1776 2373 Οἱ
1832 2316 1932 2392 γὰρ

282 2411 599 2493 ὀφθαλμοῖς
646 2411 809 2466 ταῦτα
854 2405 1274 2486 παραλαϐόντες,
1321 2405 1474 2484 ὀλίγα
1501 2412 1608 2462 τῶν
1637 2404 1930 2482 ἐπιταγμάο

277 2526 395 2560 των
453 2499 822 2581 φροντίσαντες
848 2544 864 2570 ,
953 2497 1065 2555 ἐπεὶ
1139 2493 1256 2554 οὐδὲ
1324 2496 1570 2576 κρύπτειν
1640 2494 1930 2565 ⁹ἦϐούλοντο

278 2593 372 2650 καὶ
431 2602 550 2655 τοῖς
603 2587 786 2652 ἄλλοις
833 2587 1028 2665 ἂγαθοῦ
1082 2586 1317 2643 τοιούτου
1373 2589 1582 2666 φθονεῖν
1623 2584 1855 2649 πολλαῖς
1900 2586 1933 2641 ἃ

274 2679 432 2740 εἶδον
481 2678 940 2756 ,παραπέμπουσιν
996 2678 1214 2749 ἀκοαῖς,
1261 2672 1387 2750 μηδ’
1436 2677 1562 2732 αύτὸ
1606 2685 1761 2734 τοῦτο
1799 2677 1931 2753 κρύ-

275 2777 510 2847 ψαντες,
546 2768 626 2826 ὅτι
659 2768 745 2825 καὶ
773 2767 914 2844 μέγα
945 2763 1079 2822 οὕτω
1136 2763 1359 2827 τελέσας
1416 2763 1749 2842 παρήγγειλε
1797 2787 1931 2821 σιω-

272 2884 408 2935 πᾳν.

364 3039 513 3100 ΚΗ¹.
563 3035 710 3105 Πλὴν
759 3034 895 3092 ἀλλὰ
945 3036 1006 3092 τὸ
1067 3035 1164 3111 μὲν
1220 3035 1433 3112 νεκροὺς
1492 3032 1713 3112 ἐγείρειν
1765 3031 1930 3097 οὕτως

283 3143 411 3211 εῖχε
440 3126 630 3207 ῥᾳδίως
819 3135 917 3182 Δεῖ
945 3123 1000 3180 δὲ
1046 3124 1140 3180 καὶ
1173 3125 1267 3192 τὴν
1316 3125 1452 3181 κατὰ
1483 3121 1746 3198 δαιμόνων
1778 3122 1992 3214 άύτοῦα

288 3218 512 3293 δύναμιν
552 3213 800 3284 ἐπίδηλον
859 3214 1017 3273 αύτοῦ
1071 3217 1342 3286 καθιστᾷν,
1405 3211 1734 3292 Προσέφερον
1791 3215 1932 3287 αὐτῷ

293 3330 354 3364 τε
397 3306 755 3382 δαιμονῶντας
818 3307 950 3378 ὁμοῦ
1020 3301 1313 3381 τέσσαρας,
1369 3300 1642 3381 χαλεποῖς
1717 3298 1931 3375 δαίμοσι

303 3399 391 3454 καὶ
443 3395 821 3474 πονηροτάτοις
894 3392 1354 3469 κατειλημμένους
1396 3413 1408 3426 ·
1466 3390 1562 3448 καὶ
1625 3392 1652 3446 6
1697 3391 1794 3466 μὲν
1836 3391 1930 3458 τῆς

301 3491 624 3565 προσευχῆς,
658 3487 705 3541 οἱ
747 3483 802 3540 δὲ
847 3489 942 3550 τῆς
987 3484 1176 3558 μανίας
1209 3484 1355 3547 εὐθὺς
1412 3481 1674 3560 ἤρχοντο.
1721 3482 1792 3539 Τὸ
1836 3481 1933 3555 μὲν

292 3580 380 3635 οὖν
434 3576 642 3654 πρῶτον
694 3573 988 3653 βλάσφημα
1046 3593 1100 3628 τε
1151 3574 1224 3634 εἷς
1275 3572 1430 3628 αὐτὸν
1479 3571 1797 3651 ἐφθέγγοντο
1849 3570 1936 3626 καὶ

288 3668 411 3731 τοὺς
473 3663 662 3744 ἄνδρας
719 3667 954 3743 ἰσχυρῶς
1021 3660 1361 3741 ἐξετόίραττον
1399 3679 1412 3696 ·
1470 3659 1652 3717 ἔπειτα
1709 3658 1793 3716 διὰ
1835 3664 1934 3726 τῆς

283 3757 456 3838 εὐχῆς
484 3753 840 3832 ἀκμαιότερον
887 3752 1192 3831 ἴσχυούσης
1244 3750 1483 3828 ἀοράτως
1537 3750 1734 3806 ἐκεῖνοι
1766 3747 1932 3828 δεχό-

283 3867 436 3922 μενοι
497 3845 592 3908 τὰς
641 3842 857 3922 πληγὰς
917 3840 1294 3916 δημοσιεύουσι
1327 3841 1422 3903 τὰς
1464 3838 1648 3904 ὀδύνας
1682 3839 1773 3894 καὶ
1805 3839 1934 3914 βοᾷν

281 3934 598 4014 ἔρχονται·
651 3929 910 3990 Κέλευσον
967 3933 1099 4005 ἡμῖν
1159 3927 1410 4003 ἐξελθεῖν,
1468 3925 1650 3994 ἐπειδή
1712 3929 1794 3983 καὶ
1837 3929 1936 3994 τὴν

279 4022 403 4082 καθ’
463 4022 621 4098 ἡμῶν
674 4019 910 4086 ἐξουσίαν
954 4019 1110 4083 αὐτὸς
1155 4016 1411 4095 εἴληφαςο
1465 4016 1580 4073 λίαν
1639 4015 1934 4080 ἐπιϐούλως

284 4113 447 4170 τοῦτο
473 4113 562 4168 καὶ
610 4108 954 4189 κακοτέχνως
988 4109 1187 4164 ἐκεῖνοι
1221 4125 1238 4143 ο
1287 4104 1519 4173 δηλώσει
1563 4105 1664 4184 γὰρ
1693 4108 1759 4162 τὰ
1791 4105 1934 4173 ἑξῆς.

287 4203 475 4267 Συνεὶς
534 4202 623 4255 οὖν
666 4200 766 4266 τὴν
826 4197 1113 4264 ἐπιϐουλὴν
1171 4199 1198 4252 ὁ
1242 4198 1407 4270 μέγας
1463 4194 1574 4251 οὔτ’
1631 4195 1934 4272 ἐπεστράφη

287 4293 426 4368 πρὸς
458 4291 521 4347 τὸ
551 4291 730 4369 ῥηθὲν,
778 4286 895 4344 οὔτε
927 4287 1035 4362 μὴν
1067 4285 1411 4362 ἐπετίμησεν,
1465 4283 1583 4342 ἀλλ’
1638 4287 1709 4348 εἷς
1771 4284 1934 4363 οὖρα-

291 4385 384 4440 νὸν
414 4383 577 4459 νόμον
607 4381 820 4459 βλέπων
851 4381 947 4448 τῆς
981 4379 1150 4445 εύχῆς
1183 4376 1371 4457 εἴχετο
1404 4378 1498 4433 γαί
1529 4377 1678 4434 ούδὲν
1708 4375 1838 4434 ἄλλο
1869 4380 1929 4450 ἧ,

285 4476 475 4529 Σῶσον
533 4473 594 4528 τὸ
651 4473 743 4528 σὸν
800 4468 1049 4544 πλάσμα,
1112 4469 1326 4544 Χριστέ,
1399 4466 1625 4524 ἐπιπολὺ
1682 4465 1932 4542 δεόμενος

286 4561 466 4641 ἔλεγε.
515 4563 612 4620 Καὶ
668 4564 714 4618 οἱ
760 4562 856 4634 μὲν
902 4522 1049 4622 αύθιξ
1109 4522 1452 4626 κελευσθῆναι
1526 4557 1696 4625 ἠξίουν
1732 4573 1744 4586 ·
1795 4559 1822 4613 6
1879 4522 2000 4612 δὲῡ

283 4653 381 4711 οὒκ
436 4653 697 4726 ἐπείθετο,
745 4648 880 4705 ἀλλὰ
922 4645 1041 4704 κατ’
1105 4650 1277 4705 αὒτῶν
1333 4648 1434 4714 τὴν
1459 4649 1601 4704 θείαν
1630 4644 1808 4703 ἐκάλει
1840 4644 1932 4702 δύο

279 4762 465 4818 ναμιν,
514 4740 609 4797 χαί
663 4739 829 4800 οὕτως
872 4736 1195 4811 ἠλαύνοντο,
1227 4738 1310 4794 καὶ
1349 4739 1395 4793 οἱ
1425 4735 1604 4813 ἄνδρες
1662 4735 1716 4792 ἐν
1758 4743 1932 4810 ταυτῷ

277 4837 378 4899 τῆς
435 4831 699 4908 μάστιγος
750 4827 1186 4896 ἀπηλλάττοντο.
1237 4827 1388 4884 Ἐπεὶ
1421 4823 1474 4881 6‘s
1517 4828 1603 4882 καὶ
1634 4825 1730 4892 τὴν
1765 4826 1930 4882 αἰτίαν

277 4923 503 5000 ἠρώτων
548 4922 596 4976 οἱ
637 4917 758 4976 τότε
802 4919 1090 4996 παρόντες,
1127 4919 1177 4973 τί
1219 4915 1283 4986 δή
1317 4937 1447 4972 ποτε
1476 4912 1643 4990 μηδὲν
1675 4929 1789 4980 τοῖς
1819 4913 1930 4971 δαί-

279 5033 442 5088 μοσιν
514 5008 740 5083 ἑτοίμως
828 5009 1141 5086 ὑποχωρεῖν
1223 5003 1577 5082 ὁμολογοῦσιν
1650 5003 1702 5068 ἐξ
1754 5004 1929 5084 ἀρχῆς

280 5099 593 5178 ἐπέταττεν,
627 5098 860 5177 ἐκεῖνος,
907 5094 1042 5153 ’Ὅτι
1085 5117 1178 5171 με,
1224 5096 1377 5174 φησὶ,
1434 5095 1533 5161 τὴν
1591 5091 1710 5148 κατ’
1755 5096 1927 5150 αὐτῶν

280 5190 516 5257 ἐξουσίαν
578 5186 852 5265 εἰληφέναι
913 5185 1161 5264 λέγοντες
1221 5183 1370 5240 ούδὲν
1429 5181 1562 5239 ἄλλο
1612 5181 1821 5240 ἐποίουν
1891 5184 1925 5252 ἧ

279 5277 581 5343 κενοδοξίας
635 5277 857 5355 βρόχοις
929 5297 994 5349 με
1041 5271 1328 5333 συλλαϐεῖν
1387 5271 1662 5335 ἔσπευδον.
1715 5271 1819 5330 Καὶ
1865 5274 1930 5328 τὰ

279 5371 381 5446 μὲν
413 5373 519 5424 τῶν
550 5366 818 5444 τεσσάρων
850 5366 1065 5422 ἐκείνων
1110 5362 1312 5441 ἀνδρῶν
1368 5363 1559 5426 οὕτως,
1620 5361 1751 5419 Μετ’
1811 5361 1927 5418 ὀλί-

281 5481 378 5540 γον
427 5456 484 5514 δὲ
531 5458 619 5514 καὶ
673 5456 910 5534 Λάζαρός
954 5476 1034 5520 τις
1107 5454 1240 5532 ἆνηρ
1299 5449 1568 5528 δαιμονίου
1626 5453 1715 5509 καί
1769 5453 1926 5516 αὐτὸς

363 5645 422 5728 (1
465 5640 663 5709 Verba
692 5642 831 5702 Πλέν
867 5640 1008 5701 me:
1039 5686 1054 5704 .
1097 5691 1110 5708 .

2016 1149 2236 1210 zelator
2264 1148 2441 1224 Elias,
2484 1151 2589 1213 sed
2615 1150 2808 1212 solum
2841 1170 3080 1214 manum
3113 1153 3363 1233 imponit
3397 1161 3650 1216 mortuo.

2019 1239 2132 1312 Qui
2160 1243 2357 1302 autem
2417 1237 2686 1316 aderant,
2721 1240 2836 1302 alia
2891 1260 3028 1303 eum
3079 1241 3231 1304 velle
3259 1251 3556 1324 putantes,
3593 1251 3652 1305 et

2018 1345 2139 1388 non
2171 1335 2232 1389 ut
2266 1337 2566 1390 mortuum
2615 1337 2868 1403 tentare,
2918 1330 3125 1393 dicunt
3159 1349 3172 1393 :
3221 1332 3325 1394 Est
3356 1339 3648 1394 mortuus.

2019 1417 2206 1481 Simul
2231 1425 2406 1498 atque
2438 1437 2575 1481 vero
2607 1418 2690 1480 illi
2714 1419 2823 1480 hoc
2854 1419 3150 1495 dixerunt,
3176 1422 3440 1484 surrexit
3483 1440 3649 1482 mor-

2018 1515 2150 1569 tuus
2182 1527 2195 1568 :
2232 1507 2555 1588 vidensque
2579 1515 2850 1570 ostensus
2873 1518 2960 1570 est
2992 1517 3052 1570 et
3080 1509 3421 1590 loquens,et
3443 1529 3650 1573 eorum

2015 1615 2146 1678 quae
2174 1597 2298 1659 illic
2333 1607 2525 1676 erant,
2561 1597 2829 1660 meminit
2871 1599 3366 1680 spectaculorum.
3396 1599 3494 1662 Sic
3525 1600 3648 1676 ille,

2014 1688 2139 1768 qui,
2175 1686 2226 1748 si
2256 1686 2596 1749 audendum
2627 1687 2704 1751 sit
2733 1687 3054 1764 dicere,vel
3087 1689 3212 1752 sole
3235 1689 3450 1752 clarior
3476 1708 3654 1770 appa-

1268 1777 1403 1835 ἀλλὰ
1450 1782 1539 1835 καὶ
1582 1779 1725 1852 αύτῷ
1757 1800 1812 1834 τε
1851 1784 1928 1851 τῷ

2017 1784 2234 1851 ruerat,
2270 1777 2531 1858 nolebat,
2557 1777 2711 1859 quod
2745 1779 2814 1841 ad
2849 1795 2913 1840 se
2941 1778 3459 1852 attinebat,multis
3481 1798 3652 1860 aper-

2015 1875 2138 1928 tum
2164 1866 2292 1928 ﬁeri
2315 1868 2706 1931 miraculum:
2745 1868 2849 1930 sed
2893 1876 2954 1932 et
2982 1869 3036 1932 ei
3069 1869 3172 1950 qui
3201 1880 3560 1944 surrexerat,
3596 1876 3654 1932 et

2013 1956 2086 2018 iis
2117 1957 2221 2034 qui
2249 1964 2626 2038 aspexerant,
2661 1958 2814 2020 sicut
2843 1976 3011 2020 meus
3041 1961 3236 2034 Jesus,
3264 1959 3532 2041 praecipit
3562 1959 3645 2020 si-

2015 2048 2258 2106 lentium
2284 2065 2298 2106 :
2323 2058 2544 2107 tantum
2567 2049 2812 2108 aﬂ‘erens
2841 2052 3094 2109 studium
3119 2051 3409 2123 fugiendae
3430 2052 3649 2124 gloriae,

2016 2149 2146 2212 quae
2176 2140 2267 2193 est
2297 2132 2370 2194 ab
2415 2133 2780 2217 hnninibus,
2815 2145 3094 2216 quantam
3149 2135 3278 2217 ipse
3310 2143 3436 2199 erat
3465 2153 3498 2198 a
3529 2134 3652 2199 Deo

2016 2228 2466 2284 consecuturus.
2501 2221 2789 2295 Quocirca
2819 2243 2931 2286 nec
2959 2225 3228 2304 permisit
3257 2234 3319 2287 ut
3349 2225 3564 2289 lateret
3592 2227 3650 2288 id

2016 2309 2174 2390 quod
2205 2309 2424 2373 factum
2457 2312 2669 2386 fuerat,
2701 2312 2754 2374 is
2782 2312 2882 2393 qui
2913 2314 3098 2391 gloria
3128 2332 3370 2395 semper
3401 2316 3654 2379 circum-

2017 2398 2114 2460 dat
2170 2416 2273 2460 eos
2329 2399 2430 2480 qui
2483 2400 2676 2480 ipsum
2726 2401 3061 2480 gloriﬁcare
3105 2403 3442 2467 voluerunt.
3496 2407 3651 2468 Nam

2017 2487 2120 2565 qui
2151 2506 2221 2550 ea
2251 2489 2440 2551 oculis
2474 2500 2851 2570 aspexerant,
2885 2493 3013 2572 ejus
3061 2510 3224 2570 Jussa
3279 2511 3486 2572 parum
3541 2512 3652 2555 cu-

2014 2586 2236 2654 rantes,
2271 2597 2404 2642 cum
2451 2599 2562 2644 nec
2620 2582 2839 2644 vellent
2868 2582 3088 2657 celare,
3121 2601 3234 2644 nec
3263 2582 3394 2644 aliis
3424 2590 3653 2645 tantum

2015 2669 2238 2731 bonum
2271 2669 2638 2751 invidere,ea
2659 2690 2788 2752 quae
2806 2671 3075 2733 viderant
3096 2672 3165 2734 ad
3203 2672 3525 2734 multorum
3554 2693 3656 2735 au-

2013 2776 2111 2821 res
2135 2760 2541 2822 transmittunt
2566 2778 2578 2822 :
2599 2779 2712 2823 nec
2737 2762 2850 2824 hoc
2870 2762 3064 2842 ipsum
3089 2762 3329 2843 quidem
3365 2762 3653 2838 celantes,

2015 2849 2177 2927 quod
2199 2868 2334 2912 cum
2366 2867 2493 2912 rem
2517 2858 2632 2912 tam
2666 2869 2936 2932 magnam
2970 2851 3230 2926 fecisset,
3264 2869 3367 2913 eos
3397 2852 3655 2932 iusserat

2014 2939 2216 3000 silere.

2092 3025 2352 3092 XXVIII.
2385 3028 2629 3110 Oportet
2683 3039 2881 3093 autem
2931 3033 3060 3112 ejus
3111 3050 3351 3113 quoque
3381 3033 3655 3094 virtutem

2016 3117 2332 3180 ostendere
2362 3119 2643 3182 adversus
2673 3120 2996 3183 daemones.
3042 3121 3384 3183 Attulerunt
3414 3121 3484 3184 ad
3521 3141 3656 3183 eum

2015 3206 2334 3287 aliquando
2357 3215 2610 3288 quatuor
2629 3210 2804 3271 simul
2820 3211 3401 3292 daemoniacos,quos
3415 3211 3655 3274 saevissi-

2018 3298 2095 3359 mi
2119 3304 2177 3358 et
2202 3298 2447 3378 pessimi
2469 3301 3144 3364 invaserantdmmones.
3180 3301 3252 3364 Et
3281 3303 3381 3364 ille
3411 3303 3652 3382 quidem

2017 3386 2270 3466 precari,
2306 3386 2393 3448 illi
2418 3399 2619 3450 autem
2649 3390 2850 3450 statim
2888 3399 3196 3470 coeperunt
3219 3391 3503 3454 insanire.
3540 3397 3652 3456 At-

2015 3494 2129 3555 que
2164 3481 2420 3555 primum
2452 3476 2696 3558 quidem
2754 3479 2816 3540 in
2875 3499 3009 3542 eum
3061 3481 3458 3560 loquebantur
3486 3481 3652 3544 blas-

2021 3565 2259 3644 phema,
2316 3579 2373 3627 et
2433 3566 2706 3630 homines
2757 3569 3138 3632 vehementer
3195 3571 3651 3635 conturbabant.

2020 3653 2249 3716 Deinde
2262 3675 2394 3716 cum
2413 3675 2619 3736 preces
2635 3660 2818 3738 magis
2840 3660 3101 3738 vigerent
3125 3666 3182 3720 et
3201 3660 3652 3737 invalescerent,

2020 3743 2104 3805 illi
2129 3743 2240 3806 etsi
2265 3763 2382 3804 non
2407 3745 2750 3808 viderentur
2773 3748 2971 3827 plagas
3005 3748 3392 3828 accipientes,
3420 3749 3658 3811 dolores

2018 3832 2086 3894 in
2106 3832 2407 3912 publicum
2435 3835 2827 3915 proferunt,et
2850 3837 3109 3898 clamare
3140 3838 3433 3919 incipiunt
3460 3857 3473 3901 :
3506 3838 3661 3901 Jube

2021 3940 2128 3984 nos
2160 3923 2346 3995 exire,
2379 3926 2655 4004 quoniam
2688 3926 2749 3986 in
2783 3944 2892 3988 nos
2939 3927 3223 4006 accepisti
3255 3936 3601 4008 potestatem
3640 3951 3652 3992 :

2019 4010 2304 4073 insidiose
2330 4013 2567 4093 quidem
2592 4015 2677 4076 illi
2703 4016 2815 4077 hoc
2839 4025 2896 4077 et
2919 4015 3192 4096 maligne:
3221 4018 3441 4079 etenim
3465 4026 3658 4079 osten-

2019 4099 2162 4161 dent
2194 4100 2484 4182 haec,quae
2505 4103 2790 4184 deinceps
2815 4105 3321 4182 sequuntur.C.um
3348 4108 3543 4188 itaque
3577 4108 3663 4170 in-

2020 4189 2344 4253 tellexisset
2367 4192 2613 4254 insidias
2639 4211 2895 4274 magnus
2913 4194 3253 4262 Marcellus.
3290 4216 3484 4277 neque
3514 4217 3660 4258 cou-

2017 4297 2227 4342 versus
2257 4289 2348 4342 est
2375 4281 2446 4344 ad
2480 4283 2540 4343 id
2569 4283 2729 4362 quod
2777 4284 3003 4346 dictum
3057 4286 3272 4365 fuerat,
3321 4305 3514 4366 neque
3551 4305 3658 4349 eos

2018 4370 2366 4450 increpavit,
2400 4371 2505 4432 sed
2529 4373 2602 4433 ad
2627 4373 2838 4434 caelum
2865 4374 3054 4434 solum
3079 4377 3341 4449 intuens,
3378 4395 3658 4455 perseve-

2016 4459 2184 4520 rabat
2206 4459 2267 4520 in
2297 4461 2588 4539 oratione,
2614 4463 2832 4525 etnihil
2857 4463 3016 4526 aliud
3041 4483 3239 4545 quam,
3274 4467 3458 4527 Serva
3493 4475 3657 4528 tuum

2018 4550 2390 4626 ﬁgmentum,
2426 4569 2459 4611 o
2489 4549 2748 4633 Christe,
2783 4553 2884 4614 diu
2942 4571 3156 4632 rogans
3183 4553 3446 4618 dicebat.
3472 4552 3543 4616 Et
3575 4556 3664 4618 illi

2017 4637 2258 4718 quidem
2292 4657 2503 4701 rursus
2550 4642 2838 4718 rogabant
2893 4651 2958 4704 ut
2997 4643 3277 4723 juberet;
3312 4643 3411 4705 ille
3458 4652 3654 4707 autem

2015 4745 2134 4788 non
2170 4726 2644 4807 obtemperabat,
2677 4732 2784 4792 sed
2846 4731 2906 4792 in
2957 4751 3058 4794 eos
3091 4732 3347 4794 divinam
3385 4733 3658 4795 virtutem

2012 4815 2327 4878 invocabat
2360 4834 2374 4878 :
2411 4818 2615 4899 sicque
2647 4820 2879 4899 expulsi
2911 4830 3140 4895 sunt,et
3171 4821 3277 4882 viri
3300 4821 3476 4883 simul
3501 4823 3656 4886 libe-

2012 4906 2125 4967 rati
2150 4915 2336 4968 sunta
2367 4907 2708 4987 plaga.Cum
2733 4918 2930 4972 autem
2964 4929 3202 4973 causam
3226 4922 3522 4990 rogarent,
3558 4916 3659 4992 qui

2013 5004 2152 5058 tunc
2181 4995 2452 5078 aderant,
2487 5015 2592 5060 cur
2626 4997 2999 5061 daemonibus
3061 5019 3125 5062 se
3159 5019 3433 5062 cessuros
3462 5003 3656 5064 conﬁ-

2011 5084 2281 5148 tentibus
2313 5085 2386 5147 ab
2421 5086 2587 5148 initio
2645 5088 2790 5149 nihil
2825 5092 3128 5170 praecepit,
3163 5089 3264 5152 ille
3293 5090 3604 5169 respondit
3643 5114 3656 5158 :

2009 5176 2302 5248 Quoniam
2328 5177 2598 5239 dicentes
2624 5198 2715 5240 me
2740 5179 2798 5238 in
2823 5197 2924 5240 eos
2940 5181 3244 5260 accepisse
3274 5189 3623 5260 potestatem
3641 5231 3656 5262 ,

2012 5284 2129 5326 non
2147 5263 2306 5326 aliud
2336 5265 2607 5344 agebant,
2635 5287 2808 5348 quam
2831 5269 2985 5349 quod
3011 5287 3170 5331 vanae
3204 5269 3404 5349 glorise
3423 5270 3652 5352 laqueis

2010 5373 2106 5416 me
2130 5363 2490 5416 conarentur
2523 5357 2851 5437 implicare.
2874 5357 2944 5419 Et
2967 5359 3197 5420 illorum
3225 5358 3464 5440 quidem
3499 5379 3655 5442 qua-

2011 5451 2147 5506 tuor
2169 5442 2431 5506 virorum
2463 5464 2560 5507 res
2592 5447 2675 5510 ita
2707 5466 2772 5510 se
2803 5447 3351 5512 habuerunLPaulo
3377 5458 3505 5530 post
3524 5469 3637 5513 au-

1153 5687 1166 5705 .
1207 5687 1222 5704 .
1291 5638 1461 5720 ῥᾳδίος
1497 5657 1620 5706 non
1648 5638 1883 5721 legebat
1909 5638 2214 5715 interpres
2242 5631 2398 5714 apud
2430 5631 2670 5700 Surum.
