4020 6142
401 271 517 339 735

1699 278 1978 344 MENSIS
2020 278 2450 346 DECEMBER.

3658 282 3783 351 736

401 419 518 475 tem
551 413 801 474 Lazarus
827 429 1067 492 quoque
1124 411 1389 493 quidam,
1439 413 1539 494 qui
1599 413 2025 495 corripiebatm

2121 418 2284 490 μανίᾳ
2339 418 2576 500 κάτοχος
2631 420 2705 477 ὥν
2763 421 2850 477 καὶ
2921 421 3017 489 τὴν
3077 424 3318 500 γλῶτταν
3373 419 3608 478 ἐπιπολὺ
3687 426 3783 477 106

401 502 603 564 furore
630 500 1020 575 daemoniaco,
1053 510 1113 564 et
1163 502 1426 580 linguam
1474 501 1573 564 diu
1609 522 1712 564 ore
1747 513 2037 565 exsertam

402 601 460 654 et
491 591 852 671 pendentem
886 589 1160 666 habebat,
1215 591 1369 653 sicut
1425 611 1625 665 canes,
1660 601 1718 654 et
1764 611 2034 674 spumam

402 680 620 742 deinde
647 680 1279 760 exspuebat,eamdem
1297 700 1534 762 quoque
1555 691 1910 745 consecutus
1927 683 2037 746 fuit

401 770 791 834 curationem.
817 770 961 832 Nam
994 788 1130 832 cum
1158 771 1414 850 primum
1438 789 1572 833 eum
1595 781 1837 834 sanctus
1861 771 2035 834 beni-

400 860 532 936 gnis
558 859 702 922 vidit
724 860 1000 931 oculis,et
1023 869 1298 941 precatus
1325 869 1411 922 est
1436 860 1492 923 ei
1520 879 1644 923 suae
1667 862 1850 942 plagae
1871 880 2039 924 cura-

401 949 647 1029 tionem,
681 950 876 1012 statim
925 959 1286 1030 conspectus
1315 958 1405 1010 est
1431 969 1633 1019 sanus.
1661 962 1721 1011 et
1753 951 2036 1013 liberatus

400 1048 488 1102 est
516 1058 547 1100 a
578 1039 868 1112 dzemoue,
901 1041 1004 1120 qui
1037 1057 1170 1101 eum
1207 1039 1556 1118 occupabat.
1594 1040 1663 1102 Et
1693 1041 1836 1121 quid
1885 1060 2034 1120 opus

399 1138 490 1192 est
519 1129 676 1192 illius
701 1137 910 1191 cuncta
950 1128 1198 1191 dicere?
1233 1129 1488 1190 Facilius
1519 1130 1678 1191 enim
1711 1139 1800 1192 est
1826 1132 2030 1194 stellas

398 1237 739 1299 numerare,
771 1227 870 1280 aut
926 1218 1107 1280 maris
1162 1220 1373 1281 ﬂuctus
1427 1219 1644 1295 metiri,
1679 1229 1780 1282 aut
1811 1221 2030 1300 aliquid

397 1309 554 1371 aliud
588 1309 852 1388 aggredi,
885 1308 1040 1390 quod
1089 1309 1214 1369 ﬁeri
1246 1327 1364 1369 non
1417 1317 1627 1387 potest,
1664 1329 1841 1386 quam
1877 1311 2033 1372 illius

394 1416 492 1460 res
520 1417 730 1460 omnes
763 1400 1051 1460 invenire.
1079 1399 1614 1460 Verumenimvero
1649 1418 1834 1479 pauca
1864 1419 2033 1478 quae-

397 1488 531 1550 dam
565 1489 640 1551 de
671 1489 825 1550 illius
882 1488 1057 1549 etiam
1113 1486 1380 1549 moribus
1410 1488 1760 1550 adducenda
1791 1499 1928 1551 sunt
1977 1492 2034 1551 in

395 1578 754 1653 medium,ut
783 1579 1062 1651 sciamus,
1097 1579 1256 1653 quod
1289 1596 1321 1640 a
1353 1597 1467 1657 quo
1493 1577 1617 1639 haec
1649 1580 2032 1662 gerebantur,

2122 507 2387 580 στόματος
2439 508 2528 565 ίσα
2592 510 2680 566 καὶ
2737 522 2854 573 τοῖς
2912 511 3058 568 κυσὶ)
3115 514 3389 586 ὶκκρεμῶν
3445 512 3542 569 καί
3608 511 3783 590 ἀφρὸν

2121 595 2304 653 ἔπειτα
2361 599 2712 680 παραπτύων,
2787 599 2884 668 τῆς
2948 602 3113 669 αὑτῆς
3156 601 3439 663 xni0610c
3498 599 3786 658 ἀπέλαυσε

2118 688 2421 756 θεραπείας.
2483 685 2644 762 ’Ἅμα
2703 689 2802 768 γὰρ
2847 687 3143 768 ὀφθαλμοῖς
3206 691 3360 748 αὑτὸν
3405 689 3515 746 εἶδε
3575 689 3788 767 φιλαν-

2117 776 2345 852 θρώποις
2403 779 2430 833 ὁ
2489 777 2666 857 ἅγιος,
2714 780 2800 836 καὶ
2851 777 2997 836 ἴασιν
3040 777 3306 847 ἐπηύξατο
3362 784 3462 846 τῆς
3521 779 3784 856 πληγῆς,

2117 864 2270 941 ὑγιὴς
2329 866 2474 931 εὑθὺς
2535 868 2758 943 ἑωρᾶτο,
2831 870 2919 926 καὶ
2979 878 3071 928 τοῦ
3129 869 3444 948 συνέχοντος
3517 867 3786 943 δαίμονος

2117 952 2514 1020 ἀπηλλάττετο.
2583 959 2678 1016 Καὶ
2723 958 2774 1015 τί
2829 956 2915 1016 δεῖ
2971 957 3150 1036 λέγειν
3209 960 3276 1016 τὰ
3321 958 3518 1016 ἐκείνου
3564 959 3783 1020 πάντας

2115 1043 2238 1120 ῥᾷον
2283 1046 2381 1124 γὰρ
2413 1045 2634 1122 ἀστέρας
2684 1047 2924 1126 ἀριθμεῖν
2961 1049 2996 1116 ἢ
3057 1049 3266 1122 κύματα
3320 1048 3597 1116 θαλάσσης
3665 1069 3783 1123 με-

2115 1145 2263 1209 τρεῖν
2323 1134 2543 1210 ἢάλλῳ
2587 1138 2687 1192 τινὶ
2747 1143 2854 1194 τῶν
2911 1137 3180 1194 ἀδυνάτων
3237 1136 3536 1217 ἐπιχειρεῖν
3617 1137 3655 1204 ἢ
3710 1138 3781 1193 τὰ

2117 1220 2316 1279 ἐκείνου
2366 1225 2536 1283 πάντα
2572 1231 2846 1304 πειρᾶσθαι
2905 1225 2989 1284 διὰ
3020 1227 3205 1287 τέλους
3237 1226 3401 1303 ἐρεῖν,
3439 1227 3591 1294 Πλὴν
3626 1226 3779 1282 ἀλλὰ

2117 1313 2208 1368 καὶ
2260 1316 2424 1390 μικροί
2479 1337 2595 1371 τινα
2651 1315 2811 1373 πάλιν
2869 1319 2956 1372 καὶ
3015 1323 3120 1372 τῶν
3175 1315 3376 1373 ἐκείνου
3418 1317 3639 1394 τρόπων
3702 1317 3778 1380 εἷς

2119 1401 2281 1474 μέσον
2341 1403 2541 1476 θετέον,
2587 1403 2663 1458 ἵν’
2723 1403 2922 1481 ἴδωμεν
2981 1405 3062 1462 ὅτι
3120 1407 3165 1480 ᾧ
3223 1413 3390 1462 ταῦτα
3447 1405 3774 1482 ἐπράττετο,

2119 1490 2343 1547 κάκεῖνα
2402 1493 2612 1558 πάντως
2657 1495 2938 1575 ὠφείλετο,
2997 1497 3085 1551 καὶ
3141 1495 3252 1569 ἅμα
3306 1495 3511 1567 προϊὼν
3547 1496 3620 1556 εἷς
3657 1500 3776 1570 μῆ-

2119 1603 2209 1643 κος
2244 1583 2270 1636 ὁ
2299 1581 2461 1658 λόγος
2494 1590 2568 1657 τῷ
2602 1585 2826 1656 ποικίλῳ
2857 1584 3191 1665 διαφεύγοιτο
3225 1585 3537 1663 προσκορές,

395 1666 495 1729 illa
519 1685 760 1748 quoque
792 1668 844 1729 ei
876 1667 1120 1728 omnino
1153 1665 1530 1731 debebantur
1568 1689 1580 1732 :
1637 1679 1694 1731 et
1724 1670 1902 1732 simul
1936 1688 2067 1750 qua)
2117 1669 2178 1731 in
2206 1669 2446 1749 longum
2483 1673 2829 1754 producitur
2872 1675 3088 1754 oratio,
3120 1673 3399 1734 varietate
3427 1672 3644 1736 vitabit
3673 1691 3775 1734 sa—

394 1757 680 1821 tietatem.

474 1845 678 1910 XXIX.
717 1847 823 1908 llic
855 1865 1105 1926 magnus
1161 1846 1476 1909 Marcellus
1523 1867 1654 1910 cum
1713 1850 1842 1912 aliis
1869 1849 2039 1912 bonis
2065 1862 2100 1910 Β

396 1954 526 2016 qua;
546 1935 1175 2017 habebat,sanctorum
1199 1956 1435 2018 quoque
1460 1938 1850 2019 reliquiarum
1873 1947 2036 2002 tene-

396 2025 567 2088 batur
598 2045 812 2108 magno
843 2028 1257 2090 etvebementi
1303 2046 1531 2101 amore,
1566 2047 1667 2091 eas
1692 2031 2034 2092 existimans

397 2134 530 2179 esse
549 2115 704 2179 dona
725 2117 1013 2198 cmlestia,
1043 2125 1099 2180 et
1115 2136 1322 2180 revera
1347 2117 1583 2197 plurimi
1618 2119 1893 2181 facienda
1928 2141 1940 2183 :
1977 2129 2036 2182 et

394 2206 494 2285 qui
523 2205 749 2284 aliquid
809 2207 924 2268 tale
980 2207 1052 2268 ad
1088 2227 1222 2269 eum
1255 2207 1588 2283 deferebat,
1623 2209 2034 2290 appellabatur

389 2305 656 2357 servator
706 2305 765 2358 et
814 2295 1181 2371 benefactor,
1217 2307 1276 2360 et
1325 2297 1635 2360 videbatur
1663 2317 1794 2361 esse
1820 2299 2038 2362 missus

390 2402 460 2446 ex
486 2386 628 2466 ipsis
655 2386 844 2448 caelis.
880 2390 1039 2450 Deus
1070 2387 1270 2468 itaque
1299 2387 1402 2464 qui
1435 2389 1493 2450 in
1527 2389 1638 2450 hoc
1672 2399 1948 2470 prompto
1978 2398 2036 2450 et

392 2474 571 2537 alacri
613 2476 798 2537 animi
851 2477 1049 2538 studio
1112 2479 1166 2538 ei
1200 2496 1375 2556 opem
1408 2477 1656 2552 ferebat,
1691 2479 1911 2540 multos
1964 2497 2034 2540 ex

393 2564 595 2626 multis
620 2565 766 2629 locis
781 2565 1243 2646 adducebat,qui
1263 2567 1421 2628 hunc
1439 2567 1570 2644 ejus
1592 2585 1855 2626 amorem
1881 2585 2026 2628 con-

389 2653 745 2734 solarentur,
779 2663 837 2716 et
867 2655 1020 2716 dona
1048 2673 1179 2735 qua:
1209 2662 1377 2716 erant
1437 2655 1690 2715 maxime
1741 2656 2021 2735 optanda,

387 2743 718 2805 offerebant
749 2745 800 2805 ei
833 2751 1114 2820 tanquam
1147 2742 1337 2804 amico
1377 2762 1391 2804 :
1445 2743 1654 2823 partim
1688 2744 1924 2825 quidem
1955 2764 2024 2807 ex

387 2831 828 2911 Persis,partim
853 2839 1046 2893 autem
1074 2850 1141 2893 ex
1163 2829 1418 2911 Illyrico,
1447 2833 1656 2913 partim
1692 2852 1760 2896 ex
1789 2834 1861 2897 iis
1892 2853 2022 2916 quaa

387 2928 556 2982 erant
582 2919 801 3000 ubique
833 2921 1318 2998 regionibulele
1349 2941 1483 2984 vero
1519 2924 2020 3004 quemadmodum

385 3027 519 3070 cum
585 3028 795 3088 magna
851 3029 957 3072 sua
1015 3011 1435 3084 delectatione,
1491 3013 1573 3074 ita
1621 3032 1754 3075 cum
1787 3032 2023 3078 summo

354 3129 358 3134 -
385 3097 615 3160 honore
646 3107 704 3160 et
734 3101 1066 3163 reverentia
1089 3120 1158 3162 ea
1183 3101 1518 3183 excipiebat
1543 3124 1554 3161 :
1584 3103 1759 3166 simul
1781 3103 2022 3184 quidem

2206 1849 2337 1913 K6,.
2373 1853 2536 1917 Οὗτος
2570 1855 2596 1909 ὁ
2624 1854 2792 1930 μέγας
2827 1853 3141 1932 Μάρκελλος
3181 1855 3317 1928 μετὰ
3351 1854 3450 1910 τῶν
3483 1853 3672 1914 ἄλλων
3703 1855 3779 1912 ὦν

2118 1945 2243 2020 εἶχε
2273 1942 2455 1998 καλῶν
2485 1944 2572 2000 καὶ
2605 1946 2717 2021 περὶ
2749 1945 2814 2000 τὰ
2845 1951 2950 2000 τῶν
2981 1945 3146 2019 ἁγίων
3169 1944 3396 2018 λείψανα
3416 1943 3590 2000 πολὺν
3610 1944 3775 2002 ὤδινε

2115 2033 2206 2088 τὸν
2239 2031 2408 2108 ἔρωτα
2465 2035 2548 2089 καὶ
2594 2035 2811 2112 θερμὸν,
2858 2033 2998 2112 δῶρα
3052 2037 3213 2090 ταῦτα
3277 2034 3502 2106 νομίζων
3551 2034 3773 2108 οὑράνια

2116 2122 2204 2178 καὶ
2263 2122 2507 2201 ἀτεχνῶς
2540 2121 2657 2188 ἄξια
2701 2131 2794 2180 106
2842 2125 3064 2196 παντὸς,
3120 2124 3208 2178 καὶ
3267 2122 3294 2178 ὅ
3357 2123 3418 2200 γέ
3449 2145 3498 2178 τι
3526 2126 3772 2182 τοιοῦτον

2118 2211 2260 2273 αὑτῷ
2291 2211 2523 2284 κομίζων
2555 2213 2733 2289 σωτὴρ
2765 2211 3013 2269 ἐκαλεῖτο
3063 2212 3154 2268 καὶ
3208 2213 3512 2292 εὐεργέτης,
3575 2214 3672 2269 καὶ
3718 2211 3768 2280 ἐξ

2117 2301 2288 2356 αὑτῶν
2344 2299 2512 2356 ἐδόκει
2571 2306 2878 2380 πεμφθῆναι
2931 2309 3034 2358 τῶν
3066 2301 3324 2378 οὑρανῶν.
3360 2301 3644 2379 Τοιγάρτοι
3679 2303 3768 2359 καὶ

2117 2390 2246 2454 Θεὸς
2305 2392 2446 2463 αὖτῷ
2501 2396 2598 2456 τῆς
2655 2391 2944 2469 προθυμίας
2999 2391 3465 2470 συνεφαπτόμενος
3523 2391 3766 2456 πολλοὺς

2115 2477 2457 2555 πολλαχόθεν
2487 2479 2586 2556 ἧγε
2635 2481 2725 2534 τὸν
2769 2479 2937 2556 ἔρωτα
2995 2479 3493 2558 παραμυθουμένους
3521 2483 3610 2536 καὶ
3642 2496 3764 2546 τοῖς

2113 2567 2506 2630 ποθεινοτάτοις
2565 2569 2720 2624 αὑτὸν
2789 2571 2862 2632 ὡς
2923 2569 3073 2648 φίλον
3130 2567 3314 2647 δώροις
3373 2567 3762 2643 δεξιουμένους,

2111 2665 2263 2714 τοῦτο
2297 2658 2393 2729 μὲν
2423 2655 2485 2711 ἐκ
2520 2662 2756 2730 Περσῶν,
2807 2665 2961 2714 τοῦτο
3010 2657 3063 2714 δὲ
3096 2657 3148 2722 ἐξ
3180 2655 3480 2739 Ἰλλυριῶν³
3515 2666 3672 2716 τοῦτο
3706 2657 3760 2716 δέ

2109 2746 2196 2802 καὶ
2227 2745 2286 2800 ἐκ
2317 2750 2420 2800 τῶν
2477 2745 2815 2826 ἁπανταχοῦ.
2876 2747 2936 2806 Ὀ
2982 2745 3037 2804 δέ
3067 2749 3140 2810 ὼς
3172 2746 3234 2802 ἂν
3267 2746 3442 2810 εἴποις
3492 2748 3582 2804 καὶ
3641 2751 3762 2824 μεθ’

2107 2836 2238 2906 ὅσης
2298 2839 2428 2895 αὑτὰ
2471 2843 2569 2905 τῆς
2625 2835 2842 2916 ὴδονῆς,
2903 2835 3018 2912 μεθ’
3077 2835 3206 2904 ὅσης
3261 2835 3314 2892 δὲ
3347 2838 3445 2903 τῆς
3479 2843 3641 2905 τιμῆς
3675 2840 3762 2896 xxi

2102 2933 2201 2994 τῆς
2253 2927 2422 2990 αἰδοῦς
2453 2924 2770 3006 ὑπεδεχετο,
2807 2929 2940 3001 ὁμοῦ
2981 2925 3075 3000 μέν
3131 2925 3364 2983 ἐντεῦθεν
3410 2927 3470 2981 τὸ
3501 2928 3634 3004 πρὸς
3666 2929 3755 2983 τὸν

2104 3019 2280 3075 κοινὸν
2339 3015 2615 3083 Δεσπότην
2676 3016 2894 3096 φίλτρον
2952 3013 3314 3089 ἐπιδεικνύων,
3365 3017 3499 3091 ὁμοῦ
3558 3013 3614 3073 δέ
3667 3018 3760 3072 xxi

2103 3108 2282 3178 ζηλῶν
2313 3109 2497 3172 αὑτοὺς
2528 3113 2622 3164 τοῦ
2663 3106 2890 3162 θανάτου
2940 3107 3028 3161 καὶ
3085 3109 3182 3172 τῆς
3213 3105 3402 3180 ὁμοίας
3456 3103 3510 3160 εἴ
3538 3127 3600 3183 γε
3653 3103 3753 3161 δυ-

384 3187 525 3248 hinc
547 3189 868 3250 ostendens
897 3208 1067 3252 suum
1099 3209 1362 3252 amorem
1397 3193 1454 3251 in
1486 3211 1862 3253 communem
1900 3195 2022 3255 Do-

2111 3198 2261 3252 νατὸν
2308 3196 2575 3270 ἐπιθυμῶν
2632 3194 2984 3257 τελειώσεως.
3037 3202 3230 3253 Τοῦτον
3283 3194 3440 3252 αὑτοῦ
3470 3196 3560 3251 τὸν
3595 3195 3756 3251 πόθον

384 3283 633 3352 minuta,
664 3295 982 3355 eorumque
1014 3292 1256 3342 mortem
1289 3284 1530 3342 laudans
1560 3293 1614 3343 et
1638 3287 1854 3343 beatam
1883 3301 2024 3357 prae-

384 3365 614 3442 dicans,
649 3374 708 3429 et
737 3368 1016 3443 similem,
1054 3367 1101 3431 si
1135 3369 1263 3431 ﬁeri
1301 3371 1864 3451 potuisset,cupiens
1885 3391 2022 3434 con-

385 3457 1066 3530 summationem.Quale
1085 3467 1282 3522 autem
1309 3467 1466 3521 esset
1497 3461 1627 3540 ejus
1657 3460 2020 3524 desiderium

385 3546 584 3609 sciens
613 3547 860 3619 Deus,et
891 3548 1094 3611 volens
1122 3551 1176 3611 ei
1205 3549 1548 3628 gratiﬁcari,
1579 3551 1631 3613 ei
1673 3569 1828 3631 swpe
1863 3552 2024 3632 prius

386 3637 728 3718 ostendit,et
760 3641 925 3719 prius
955 3638 1324 3718 signiﬁcavit,
1351 3640 1459 3700 hoc
1486 3649 1585 3700 aut
1618 3640 1716 3702 illo
1746 3640 1841 3702 die
1874 3659 2021 3702 ven-

384 3735 575 3788 turum
610 3728 1000 3810 aliquem,qui
1035 3730 1088 3790 ei
1121 3728 1193 3790 sit
1222 3730 1504 3792 allaturus
1537 3748 1606 3791 ea
1629 3731 2021 3810 quaedeside-

381 3824 491 3877 rat.
526 3816 632 3879 Ille
661 3837 798 3881 vero
835 3827 892 3880 et
923 3819 1051 3899 ipse
1081 3839 1145 3880 se
1177 3819 1564 3899 praeparabat,
1597 3829 1655 3881 et
1683 3821 1928 3882 curabat
1959 3828 2022 3884 ut

381 3917 540 3967 esset
565 3915 718 3968 totus
733 3909 862 3987 ejus
883 3927 1022 3987 grex
1053 3916 1309 3989 paratus,
1345 3919 1406 3970 et
1439 3911 1517 3971 ita
1548 3910 1884 3972 vehementi
1917 3929 2018 3971 ar-

380 3993 666 4075 dentique
699 4006 855 4058 motu
889 3999 1110 4077 cordis,
1145 4008 1202 4060 et
1232 3999 1485 4079 supinis,
1513 4007 1577 4059 ut
1605 3999 1794 4078 aiunt,
1824 4000 2018 4061 mani-

380 4081 491 4144 bus
531 4084 820 4163 pretiosas
851 4087 1215 4168 suscipiebat
1243 4089 1555 4167 reliquias.
1591 4087 2016 4150 Verumenim-

381 4191 518 4235 vero
547 4192 622 4235 ne
654 4174 764 4238 hoc
789 4175 1025 4256 quidem
1052 4196 1284 4258 aequum
1305 4187 1396 4239 est
1420 4177 1892 4258 praetermittere.
1925 4178 2018 4240 Ad

377 4281 511 4324 eum
545 4263 703 4325 venit
731 4265 1045 4346 aliquando
1069 4267 1389 4347 quispiam,
1423 4274 1482 4328 et
1513 4266 1794 4346 quasdam
1831 4268 1885 4328 ei
1917 4285 2014 4328 sa-

377 4370 510 4414 cras
540 4354 781 4415 tradidit
818 4355 1128 4436 reliquias,
1182 4356 1390 4416 dicens
1450 4373 1550 4416 eas
1581 4373 1714 4416 esse
1746 4357 2018 4436 martyris

377 4439 771 4504 Ursicini.llle
795 4453 990 4506 autem
1015 4444 1326 4522 magniﬁce
1349 4443 1593 4524 quidem
1628 4463 1726 4506 eas
1755 4447 2012 4526 excepit,

378 4538 436 4592 et
457 4540 805 4593 consuetum
827 4533 913 4594 eis
933 4534 1146 4594 festum
1172 4531 1525 4597 celebravit.
1551 4535 1698 4595 Cum
1733 4552 1865 4596 vero
1897 4545 2016 4598 sta-

377 4627 466 4680 ret
487 4619 558 4680 atl
586 4638 791 4697 preces
809 4631 1152 4696 nocturnas,
1194 4621 1326 4682 talis
1347 4640 1481 4684 eum
1506 4622 1687 4686 subiit
1709 4624 2010 4703 cogitatio,

376 4726 452 4770 ne
483 4708 586 4784 qui
619 4710 730 4771 hoc
761 4710 983 4772 donum
1017 4710 1072 4773 ei
1099 4711 1480 4789 attulerat,de
1509 4732 1579 4776 eo
1613 4723 1771 4776 esset
1801 4716 2015 4776 menti-

373 4810 486 4867 tus,
511 4812 565 4858 et
589 4816 705 4859 non
737 4813 927 4861 essent
957 4803 1080 4860 relit
1109 4805 1223 4860 uiae
1254 4807 1522 4878 martyris
1553 4805 2017 4864 Ursicini.Simul

372 4899 551 4969 atque
575 4889 699 4950 haec
717 4887 1256 4969 cogitavit,quidam
1290 4908 1355 4951 ex
1397 4890 1468 4952 iis
1501 4891 1601 4971 qui
1636 4910 1752 4953 una
1787 4910 1920 4953 cum
1944 4910 2013 4954 eo

370 4977 768 5055 fungebantur
789 4978 1005 5050 ofﬁcio,
1031 4987 1304 5060 tanquam
1333 4998 1366 5040 a
1395 4979 1517 5042 Deo
1549 4980 1771 5042 aﬁlatus
1801 4999 2016 5043 accur-

374 5085 552 5131 rens:
591 5070 679 5131 Ne
711 5075 955 5139 temere,
987 5068 1202 5150 inquit,
1239 5089 1269 5129 ο
1305 5071 1495 5143 Pater,
1532 5068 1793 5133 dubites.
1825 5070 2014 5149 Magni

379 5158 537 5218 enim
572 5155 828 5221 Ursicini
861 5158 951 5220 lim
997 5166 1134 5220 sunt
1178 5176 1331 5220 verte
1359 5158 1653 5237 reliquiae.
1686 5157 1768 5219 Ita
1817 5158 2013 5220 divina

374 5246 629 5325 providit
655 5247 860 5327 gratia,
898 5255 959 5307 ut
989 5257 1301 5309 curaretur
1336 5246 1494 5328 quod
1519 5247 1570 5307 is
1600 5246 1800 5308 animo
1829 5247 2012 5309 dubi-

375 5333 550 5411 tabat,
574 5354 647 5397 ne
667 5335 1040 5398 dubitatione
1066 5336 1199 5416 ejus
1220 5337 1397 5398 ardor
1416 5336 1780 5416 frigesceret.
1819 5342 2013 5418 Atque

373 5422 500 5484 haec
529 5431 656 5486 erat
685 5424 926 5504 quidem
959 5425 1088 5504 ejus
1119 5424 1424 5503 diligentia
1466 5425 1523 5486 in
1558 5425 1832 5506 parandis
1865 5425 2012 5488 reli-

374 5530 551 5592 quus.

454 5601 882 5674 XXX.Divitias
904 5613 1098 5669 autem
1125 5613 1180 5669 et
1203 5605 1486 5690 pecunias
1511 5608 1588 5669 ita
1610 5606 2009 5690 despiciebat,

2108 3283 2254 3346 εἰδὼς
2283 3285 2401 3345 οἶος
2435 3286 2499 3352 ἦν
2529 3288 2555 3342 ὁ
2604 3286 2734 3348 Θεὸς
2791 3287 2875 3341 καὶ
2905 3285 3212 3364 χαρίζεσθαι
3253 3285 3578 3360 βουλόμενος
3612 3285 3748 3340 πολ-

2107 3374 2258 3439 λάκις
2327 3378 2470 3448 αὑτῷ
2525 3376 2610 3432 καὶ
2677 3375 2952 3452 προδείκνυ
3025 3376 3114 3432 xxi
3188 3376 3610 3452 προεσήμαινεν,
3670 3376 3752 3432 ὅτι

2105 3461 2264 3530 τῆσδε
2322 3465 2419 3529 τῆς
2477 3463 2680 3541 ἡμέρας
2725 3465 2812 3520 καὶ
2868 3462 3102 3544 ἀφίξεταί
3163 3485 3240 3529 τις
3293 3464 3526 3538 κομίζων
3605 3465 3749 3538 αὑτῷ

2105 3553 2169 3608 τὰ
2232 3554 2554 3627 ποθούμενα,
2611 3544 2668 3611 Ὀ
2723 3551 2777 3608 δέ
2824 3554 2978 3617 αὑτός
3038 3575 3095 3609 τε
3175 3554 3602 3633 παρασκευάζετο
3660 3557 3749 3611 καὶ

2105 3642 2244 3698 ἅπαν
2293 3643 2354 3698 τὸ
2385 3642 2475 3698 ὑπ’
2518 3642 2662 3716 αὑτῷ
2690 3643 2943 3716 ποίμνιον
2983 3642 3244 3716 θεώμενος
3293 3644 3573 3720 εὐπρεπὲς,
3610 3644 3748 3700 οὕτω

2103 3736 2280 3810 θερμῷ
2311 3733 2562 3806 κινήματι
2621 3733 2718 3801 τῆς
2775 3730 2989 3810 καρδίας
3021 3734 3108 3787 καὶ
3165 3733 3401 3810 ὑπτίαις,
3449 3734 3475 3788 ὃ
3509 3731 3744 3810 λέγεται,

2104 3834 2228 3886 ταῖς
2260 3823 2413 3900 χερσὶ
2441 3822 2508 3878 τὰ
2531 3823 2680 3896 τίμια
2710 3820 3028 3900 ὑποδέχετο.
3091 3821 3240 3888 Πλὴν
3281 3819 3404 3876 ἀλλ’
3452 3819 3564 3881 οὑδέ
3594 3829 3748 3890 τοῦτο

2105 3909 2430 3989 παραλιπεῖν
2475 3909 2638 3976 ἄξιον.
2701 3905 2830 3968 Ἦκέ
2899 3932 2980 3974 τις
3036 3913 3162 3989 πρὸς
3237 3911 3392 3968 αὑτόν
3447 3932 3599 3986 ποτε,
3664 3915 3748 3968 καὶ

2102 4003 2266 4077 ἱεροῖς
2324 4023 2430 4057 τισι
2488 4011 2672 4060 τοῦτον
2731 4000 2995 4066 ἐδεξιοῦτο
3070 4000 3345 4078 λειψάνοις
3381 4018 3395 4032 ⁶
3449 4001 3612 4059 ταῧτα
3668 4000 3745 4072 δέ,

2103 4089 2296 4167 λέγων,
2359 4097 2452 4147 τοῦ
2508 4091 2644 4148 θείου
2702 4090 2962 4171 μάρτυρος
3024 4089 3114 4158 εἵη
3187 4092 3512 4170 Οὑρσικίνου.
3581 4081 3640 4149 εΟ
3692 4089 3746 4147 δέ

2102 4178 2317 4252 ἐδέψετο
2374 4181 2474 4255 μὲν
2524 4179 2973 4259 μεγαλοπρεπῶς,
3007 4183 3094 4237 καὶ
3142 4182 3239 4247 τὴν
3273 4183 3515 4237 εἰωθυῖαν
3561 4181 3745 4243 αὑτοῖς

2102 4269 2362 4346 ἑώρταζεν
2417 4271 2624 4349 ἑορτήν,
2704 4272 2831 4348 Περὶ
2887 4267 2941 4325 δὲ
3002 4271 3096 4332 τὰς
3175 4272 3477 4346 νυκτερινὰς
3533 4270 3745 4326 ἑστῶτα

2101 4359 2264 4437 εὐχὰς
2307 4365 2545 4422 τοιοῦτος
2603 4360 2758 4416 αὑτὸν
2801 4359 3087 4438 ὑπέκρουσε
3141 4357 3429 4438 λογισμὸς,
3489 4361 3570 4433 μὴ
3628 4360 3744 4415 ὁτὸ

2099 4446 2265 4524 δῶρον
2323 4456 2478 4505 τοῦτο
2533 4450 2905 4528 προσενεγκὼν
2963 4450 3124 4506 αὑτοῦ
3203 4449 3594 4523 κατεψτύσατο,
3658 4449 3744 4504 καὶ

2099 4538 2157 4592 οὑ
2199 4544 2290 4593 τοῦ
2335 4537 2592 4616 μάρτυρος
2641 4538 2733 4605 εἴη
2793 4540 3099 4617 Οὑρσικίνου
3152 4539 3218 4594 τὰ
3272 4537 3522 4613 λείψανα.
3579 4537 3742 4612 ’Ἅμα

2039 4600 2082 4653 D
2099 4633 2262 4684 1x61x
2324 4600 2678 4705 διελογίσατο,
2740 4629 2827 4684 καί
2867 4600 2962 4692 ⁸τις
3036 4629 3175 4700 αὑτῷ
3230 4631 3335 4682 τῶν
3393 4626 3740 4702 συλλείτουρ-

2098 4716 2330 4794 γούντων
2369 4717 2548 4796 ὥσπερ
2605 4717 2782 4781 ἔνθους
2865 4718 3144 4795 γινόμενος
3223 4714 3600 4795 προσδραμὼν,
3657 4716 3742 4783 Μὴ

2101 4805 2298 4880 μάτην,
2352 4804 2479 4884 ἔφη,
2562 4806 2756 4884 Πάτερ,
2848 4803 3152 4884 ἀμςρίϐαλλε
3185 4821 3200 4836 ⁸
3259 4804 3563 4882 Οὑρσικίνου
3645 4805 3742 4883 γὰρ

2099 4895 2153 4949 ἀλ
2170 4898 2313 4961 ηθὼς
2368 4897 2515 4952 ταυτί
2572 4897 2637 4951 τὰ
2683 4895 2930 4972 λείψανα.
2985 4895 3162 4959 Οὕτως
3192 4897 3227 4958 ἡ
3259 4896 3421 4975 χάρις
3466 4897 3743 4969 οἰκονομεῖ

2095 4987 2476 5060 θεραπευθῆναι
2533 4986 2674 5058 αὑτῷ
2756 4986 2820 5041 τὰ
2901 4984 3039 5042 κατὰ
3125 4991 3243 5041 νοῦν
3302 4982 3738 5058 ἐπιδοιαζόμενον

2093 5071 2186 5129 ’ίνα
2221 5073 2296 5146 μὴ
2337 5075 2399 5130 τὸ
2431 5078 2554 5152 περῖ
2607 5075 2672 5130 τὰ
2719 5073 2858 5130 καλά
2918 5073 3110 5152 θερμὸν
3153 5075 3312 5130 αὑτοῦ
3353 5074 3440 5128 καὶ
3489 5072 3742 5150 διάπυρον

2096 5160 2414 5242 ἀμφιϐολίας
2445 5163 2659 5241 τρόποις
2693 5165 3024 5243 ψυχρότερον
3082 5169 3347 5240 καταστῇ.
3401 5160 3571 5220 Ἀλλᾶ
3616 5163 3740 5239 περί

2097 5251 2195 5325 μὲν
2243 5255 2338 5319 τὴν
2381 5258 2488 5309 τῶν
2557 5253 2708 5309 θείων
2781 5252 3050 5329 λειψάνων
3101 5257 3290 5319 κτῆσιν
3350 5250 3517 5317 οὕτως
3580 5252 3742 5332 εἶχεν

2097 5341 2392 5418 ἐπιμελῶς,

2178 5609 2259 5672 Δ’.
2308 5608 2544 5672 Πλούτου
2589 5609 2643 5674 δὲ
2675 5617 2923 5673 τοσοῦτον
2967 5608 3062 5668 καῖ
3121 5607 3420 5691 χρημάτων
3463 5608 3735 5691 ὑπερεώρα
