4020 6142
216 295 347 367 737

1200 295 1388 368 VITA
1431 300 1491 364 S.
1539 289 1929 364 MARCELLI
1973 291 2663 362 ARCHIMANDRIT/E.

3505 289 3624 362 738

215 443 294 504 ὡς
357 441 460 498 καὶ
520 436 796 519 προλαϐὼν
843 440 870 495 6
929 435 1085 513 λόγος
1125 439 1210 493 καὶ
1257 444 1345 494 νῦν
1393 434 1447 492 δὲ
1478 435 1552 494 ἔτι
1586 436 1888 515 σαφέστατα

1988 435 2033 491 1t
2064 437 2122 492 et
2152 446 2281 509 quae
2303 425 2629 508 praecessit,
2661 433 2718 487 et
2752 441 3071 519 quzenunc
3104 423 3621 519 sequ_itur,-aper_-

219 543 489 610 γνωριεῖ.
555 528 862 607 Μαρκέλλου
921 529 1020 606 γὰρ
1077 527 1135 582 ἐκ
1194 528 1487 605 προσιμίων
1559 527 1732 582 πάντα
1799 525 1890 580 τὸν

218 621 342 696 βίον
412 619 798 698 ἀπολιπόντος,
863 619 950 674 καὶ
1003 617 1167 684 αὒτῆς
1220 615 1274 671 δὲ
1328 621 1426 682 τῆς
1477 617 1639 680 οἰκίας
1678 615 1892 670 ἀπανα-

222 709 493 782 στάντος,
555 711 582 765 6
639 706 864 786 ἆδελγὸς
924 708 1064 779 αὒτῷ
1120 704 1256 761 κατὰ
1311 705 1479 783 σάρκα
1546 705 1638 760 τὸν
1695 702 1894 758 ἐκείνου

216 797 436 876 κλῆρον
487 795 803 876 παραλαϐὼν
856 796 952 852 καὶ
1011 797 1220 851 πάντων
1269 797 1402 870 ὁμοῦ
1457 798 1562 850 τῶν
1633 793 1894 870 πατρῴων

218 887 508 951 καταστὰς
552 887 755 966 κύριος,
827 885 952 942 εἶτα
1023 886 1112 941 καὶ
1182 883 1266 940 διὰ
1337 884 1514 950 πάσης
1585 882 1890 944 ἀπολαύσας

221 977 408 1035 αὒτῶν
441 981 543 1043 τῆς
605 976 771 1049 ζωῆς,
806 973 990 1043 ἐπειδὴ
1027 975 1266 1050 θνήσκει,
1299 971 1490 1049 ἔμελλε
1544 978 1637 1029 τοῦ
1665 971 1893 1028 πλούτου

224 1067 440 1130 παντὸς
504 1064 839 1143 κληρονόμον
913 1063 1332 1139 καταλιμπάνείν
1398 1064 1489 1118 τὸν
1560 1060 1890 1139 Μάρκελλον,

225 1158 288 1213 '0
346 1153 409 1210 δὲ
475 1155 535 1212 οὗ
593 1155 754 1230 μόνον
803 1152 916 1211 ἴδια
975 1157 1068 1212 οὒκ
1125 1153 1271 1211 ’έθετο
1339 1153 1405 1209 τὰ
1451 1150 1887 1231 καταλειφθέντα,

1975 520 2090 581 tius
2121 519 2496 580 declaratura
2526 523 2614 578 est
2636 516 2850 577 oratio.
2881 515 3028 576 Nam
3057 531 3189 574 cum
3213 514 3526 576 Marcellus
3548 515 3621 579 ab

1975 608 2146 670 initio
2180 625 2389 669 omnes
2420 605 2766 687 reliquisset
2799 604 3136 678 facultates,
3173 609 3350 684 atque
3381 603 3530 665 adeo
3551 605 3625 667 ab

1975 699 2104 779 ipsa
2136 697 2316 758 etiam
2350 696 2529 757 domo
2560 695 2956 768 discessisset,
2989 701 3046 753 et
3070 691 3176 769 qui
3203 701 3331 754 erat
3360 693 3416 754 ei
3446 693 3628 756 frater

1979 786 2308 848 secundum
2342 803 2608 858 carnem,
2643 783 2976 864 accepisset
3004 782 3163 843 illius
3193 783 3622 864 haereditatem,

1976 885 2036 939 et
2057 885 2439 958 paternorum
2467 873 2734 936 omnium
2761 872 3057 934 bonorum
3083 872 3332 933 effectus
3355 879 3512 934 esset
3527 872 3629 934 do-

1977 967 2199 1040 minus,
2233 973 2292 1027 et
2318 971 2436 1026 tota
2467 983 2571 1026 sua
2605 963 2718 1024 vita
2749 963 2836 1024 eis
2861 969 3022 1024 esset
3049 979 3213 1036 usus,
3239 962 3290 1022 is
3311 980 3445 1022 cum
3471 971 3629 1024 esset

1979 1055 2330 1129 moriturus,
2354 1054 2640 1134 relinquit
2662 1052 3010 1114 Marcellum
3036 1049 3337 1113 haeredem
3358 1052 3628 1113 omnium

1977 1163 2218 1207 suarum
2241 1145 2608 1207 divitiarum.
2634 1142 2741 1204 Ille
2769 1149 2966 1204 autem
2996 1159 3086 1216 ea,
3122 1159 3254 1221 qua),
3283 1140 3396 1202 sibi
3416 1142 3630 1205 relicta

227 1243 363 1302 an”
429 1243 550 1304 οὐδὲ
609 1245 740 1322 πρὸς
794 1244 860 1301 τὰ
915 1243 1067 1300 κοινὰ
1119 1243 1216 1312 τῆς
1267 1248 1439 1318 μονῆς
1482 1242 1680 1321 ἔκρινεν
1715 1243 1897 1302 αύτοτς

1988 1235 2236 1312 fuerant,
2279 1253 2398 1296 non
2431 1233 2624 1297 solum
2650 1251 2756 1296 sua
2778 1251 2895 1294 non
2921 1249 3054 1294 esse
3072 1231 3256 1307 duxit,
3290 1231 3394 1293 sed
3421 1250 3532 1293 nec
3556 1231 3630 1293 iis

231 1333 580 1414 χρήσασθαι.
641 1332 828 1390 ’Ἔνθεν
897 1355 977 1390 τοι
1033 1334 1120 1389 καὶ
1175 1333 1338 1411 ἀγρὸν
1409 1332 1713 1401 ὠνήσασθαι
1782 1342 1901 1395 τοῖς

229 1436 523 1502 μοναχοϊς
553 1421 894 1497 αἰτουμένους
924 1420 1106 1482 οὖδένα
1153 1421 1358 1498 μᾶλλον
1417 1421 1622 1484 ἐκεῖνος
1672 1419 1774 1500 ἔφη
1806 1423 1900 1488 τῆς

231 1515 306 1578 εἰς
362 1514 601 1590 Χριστὸν
672 1509 880 1576 ἔπλίδος
950 1511 1111 1590 ἀγρὸν
1181 1508 1369 1567 εἰδέναι
1439 1508 1897 1589 πολυφορώτερον.

232 1603 294 1662 Τί
323 1603 420 1660 οὖν
454 1601 596 1681 ἔγνω
625 1603 741 1680 περῖ
790 1603 885 1658 τοῦ
916 1602 1165 1680 πατρῴου
1221 1599 1471 1674 πλούτου,
1522 1601 1609 1654 καὶ
1665 1605 1780 1664 πῶς
1835 1600 1900 1657 τὰ

233 1691 360 1748 κατ’
421 1691 636 1749 ἐκεῖνον
693 1693 1015 1767 οἷκονομεϊ;
1085 1690 1315 1770 Ἐτέροις
1389 1689 1559 1770 φέρων
1630 1688 1899 1746 ἀναλίσκει

233 1781 672 1861 φροντιστηρίοις
731 1778 921 1844 ἐνδεῶς
977 1779 1162 1857 ’έχουσι
1214 1781 1302 1837 καὶ
1347 1778 1752 1859 ἀπορουμένοις,
1802 1777 1900 1834 ὅσα

1982 1326 2268 1387 utendum
2325 1323 2441 1385 sibi
2491 1323 2728 1386 censuit
2774 1322 2847 1384 ad
2882 1339 3194 1384 commune
3252 1322 3620 1383 monasterii.

1981 1415 2133 1478 Hinc
2151 1433 2285 1478 cum
2313 1413 2592 1476 monachi
2616 1420 2996 1493 peterent,ut
3017 1430 3222 1492 agrum
3253 1421 3502 1493 emeret,
3528 1411 3630 1473 ille

1981 1505 2070 1568 eis
2100 1505 2248 1567 dixit
2278 1523 2343 1567 se
2367 1504 2598 1566 nullum
2624 1521 2802 1565 nosse
2832 1518 3039 1583 agrum
3062 1501 3402 1563 uberiorem
3437 1510 3497 1563 et
3517 1501 3632 1563 fer-

1985 1595 2260 1668 tiliorem,
2295 1613 2468 1675 quam
2503 1612 2669 1675 spem
2706 1593 2766 1653 in
2803 1592 3128 1655 Christum.
3165 1593 3249 1654 De
3283 1591 3453 1653 bonis
3487 1609 3625 1670 ergo

1985 1685 2248 1766 paternis
2279 1685 2422 1766 quid
2456 1683 2677 1763 statuit,
2707 1691 2764 1744 et
2795 1683 2869 1745 de
2900 1683 2971 1744 iis
2995 1701 3128 1762 quae
3150 1682 3226 1744 ad
3250 1681 3416 1743 illum
3444 1688 3631 1761 perti-

1984 1774 2228 1852 nebant,
2262 1793 2517 1855 quonam
2548 1773 2723 1834 modo
2752 1773 3065 1853 providet?
3089 1773 3174 1834 Ea
3197 1771 3519 1848 consumit,
3548 1770 3634 1832 of-

234 1860 292 1928 τε
347 1869 407 1926 ἰν
474 1868 688 1947 ἆνδράσί
740 1871 828 1927 καὶ
881 1867 1111 1948 γυναιξὶν
1166 1867 1253 1936 ἧν.
1295 1869 1391 1927 Καὶ
1441 1870 1606 1945 ταύτῃ
1640 1869 1735 1945 μὲν
1768 1867 1904 1924 ἐλαίη

1995 1863 2194 1926 ferens
2221 1864 2353 1926 aliis
2387 1862 2787 1933 monasteriis,
2824 1879 2954 1942 quas
3007 1860 3358 1923 laborabant
3408 1861 3630 1941 inopia,

235 1983 350 2026 νοις
383 1959 595 2018 διαλύει
627 1961 724 2029 τὴν
755 1959 1000 2040 ἆποριαν.

319 2138 462 2204 AA'.
498 2140 575 2198 Τὰ
601 2137 657 2195 δὲ
687 2139 804 2218 περὶ
833 2139 932 2206 τὴν
962 2137 1204 2216 μεγάλην
1259 2138 1545 2214 θεομηνίαν
1606 2137 1660 2194 ἓν
1711 2137 1746 2213 ᾗ
1795 2135 1901 2194 πό-

236 2227 322 2285 λιν
381 2227 549 2302 δλην,
608 2227 707 2295 τὴν
759 2229 1155 2286 Κωνσταντίνου
1209 2225 1373 2306 λέγω,
1421 2226 1664 2307 διέσωσε,
1696 2228 1773 2289 τίς
1807 2227 1903 2301 μὲν

241 2317 554 2398 ἀνάσχοιτο
609 2322 788 2394 σιωπῇ
845 2316 1181 2396 παρελθετν;
1241 2317 1320 2380 τίς
1377 2313 1433 2372 δὲ
1479 2315 1644 2381 οὕτως
1676 2315 1903 2395 ὀκνηρὸς

250 2404 308 2470 ὃς
352 2407 448 2463 οὒκ
494 2405 716 2464 ἆκοῦσαι
774 2407 1187 2483 προθυμηθείη;
1247 2405 1468 2470 Λέοντος
1529 2413 1620 2463 τοῦ
1669 2405 1906 2483 μεγάλου

257 2497 323 2554 τὰ
389 2496 489 2564 τῆς
555 2495 827 2572 βασιλείας
896 2497 1141 2576 σκῆπτρα
1228 2493 1499 2561 διέποντος
1589 2496 1902 2575 ἐμπρησμὸς

257 2585 455 2663 γίνεται
513 2586 649 2642 κατᾶ
705 2583 860 2656 τήνδε
915 2587 1014 2654 τὴν
1059 2585 1236 2659 πόλιν,
1290 2589 1377 2643 καὶ
1422 2585 1740 2663 ἐμπρησμὸς
1799 2591 1906 2641 τῶν

256 2673 476 2732 πώποτε
506 2674 990 2751 μνημονευομένων
1022 2677 1049 2731 6
1081 2674 1333 2754 μέγιστός
1386 2696 1442 2731 τε
1499 2676 1593 2732 καί
1643 2673 1906 2754 χαλεπώ-

254 2787 442 2830 τατος.
477 2763 622 2832 Ἤδη
653 2761 706 2820 δὲ
737 2764 915 2843 ἀρχὴν
973 2763 1206 2843 ἐχούσης
1257 2765 1352 2832 τῆς
1413 2771 1686 2844 συμφορᾶς
1738 2765 1906 2820 ἀκου-

260 2856 390 2922 στὴς
449 2857 479 2911 6
535 2853 705 2930 μέγας
741 2855 904 2919 αὐτῆς
961 2853 1160 2932 γίνεται
1219 2854 1306 2910 καὶ
1364 2855 1437 2917 εἷς
1483 2855 1728 2927 οὐρανοὺς
1762 2852 1907 2916 εὒθὺς

259 2943 564 3021 ἀναϐλέψας
592 2945 680 3001 καὶ
708 2941 967 3020 δακρυσας
1020 2943 1157 3000 πολὺ
1214 2943 1410 3023 μερίζει
1467 2943 1566 3012 τὴν
1626 2943 1903 3021 τιμωρίαν,

260 3032 466 3108 μᾶλλον
496 3032 641 3089 δὲτὸ
670 3030 929 3089 πλεῖστον
987 3033 1150 3099 αὐτῆς
1209 3033 1461 3112 κουφίζει.
1522 3033 1593 3090 Τὸ
1652 3031 1750 3106 μὲν
1809 3033 1908 3110 γὰρ

257 3125 350 3180 τοῦ
403 3124 569 3202 πυρὸς
621 3123 689 3179 τὰ
744 3120 945 3178 ἐκείνου
989 3119 1258 3179 σϐέννουσι
1317 3121 1535 3202 δάκρυα,
1604 3121 1664 3177 τὸ
1708 3118 1763 3176 δὲ
1836 3122 1908 3183 εἰς

1985 1960 2100 2014 tam
2125 1953 2393 2014 vinorum
2419 1971 2597 2033 quam
2623 1951 2962 2014 mulierum.
2996 1949 3068 2012 Et
3098 1951 3222 2013 haec
3253 1949 3494 2032 quidem
3518 1950 3636 2012 illis

1985 2042 2258 2104 adimunt
2287 2049 2635 2121 egestatem.

2067 2132 2268 2196 XXXI.
2290 2131 2432 2204 Quae
2454 2149 2588 2193 vero
2604 2131 2743 2194 fecit
2762 2131 2823 2193 in
2845 2150 3058 2212 magna
3081 2130 3186 2194 Dei
3205 2130 3313 2210 ira,
3333 2131 3529 2211 inqua
3552 2138 3632 2192 to-

1987 2230 2131 2298 tam,
2157 2221 2482 2294 civitatem,
2512 2220 3084 2302 Constantinopolim
3109 2222 3373 2300 inquam,
3395 2237 3634 2283 conser-

1987 2310 2160 2391 vavit,
2199 2316 2332 2394 quis
2380 2311 2729 2372 sustinuerit
2787 2310 3029 2391 quidem
3088 2309 3326 2370 silentio
3382 2318 3629 2389 praeter-

1990 2401 2277 2463 mittere?
2303 2398 2447 2473 Quis
2479 2409 2567 2462 est
2593 2408 2796 2463 autem
2829 2399 2979 2462 adeo
3004 2399 3205 2461 tardus
3236 2407 3297 2460 et
3319 2399 3637 2481 hebes,qui

1989 2509 2107 2552 non
2135 2490 2334 2569 cupiat
2363 2489 2572 2552 audire
2597 2489 2626 2549 ‘?
2649 2490 2858 2568 Magno
2883 2489 2985 2551 illo
3011 2488 3212 2552 Leone
3238 2487 3472 2568 imperii
3497 2506 3634 2551 sce-
3712 2561 3720 2569 ι

1989 2586 2118 2660 ptra
2146 2578 2618 2653 administrante,
2651 2580 2711 2640 in
2744 2579 2852 2640 hac
2901 2578 3137 2640 civitate
3187 2577 3378 2639 oritur
3421 2577 3632 2639 incen-

1989 2668 2153 2730 dium
2190 2667 2290 2748 (2),
2326 2674 2390 2730 et
2414 2667 2763 2730 incendium
2802 2686 3034 2744 eorum,
3069 2667 3144 2729 de
3175 2665 3392 2748 quibus
3419 2665 3542 2728 ulla
3571 2667 3638 2729 fit

1990 2757 2243 2831 mentio,
2275 2757 2592 2819 maximum
2615 2757 3098 2820 etsaevissimum.
3124 2754 3269 2817 Cum
3293 2763 3492 2817 autem
3511 2760 3636 2836 jam

1991 2846 2312 2926 incepisset
2342 2845 2749 2927 calamitas,de
2777 2865 2846 2908 ea
2881 2845 3242 2912 auditionem
3273 2844 3640 2924 accipitma-

1989 2953 2140 3014 gnus
2165 2936 2512 3000 Marcellus:
2539 2945 2597 2998 et
2619 2955 2752 3002 cum
2779 2937 2975 2999 statim
3002 2935 3220 2997 ccelnm
3245 2933 3635 3014 suspexisset,

1994 3034 2052 3087 et
2085 3025 2332 3086 multum
2365 3025 2766 3107 lacrymasset,
2802 3025 3012 3088 dividit
3057 3023 3462 3106 supplicium:
3517 3025 3636 3086 imo

1991 3133 2129 3176 vero
2165 3115 2479 3176 maximam
2513 3117 2642 3194 ejus
2675 3123 2900 3196 partem
2947 3115 3178 3178 allevat.
3213 3113 3360 3176 Nam
3412 3122 3637 3194 partem

259 3211 498 3268 παιδείαν
555 3209 846 3290 ὑπελείφθη
907 3223 1026 3274 τοῖς
1080 3211 1401 3283 Βυζαντίοις·
1461 3210 1595 3279 ὅλην
1626 3211 1724 3290 γὰρ
1754 3210 1904 3267 ὑπείο

1991 3204 2239 3281 quidem
2274 3203 2430 3283 ignis
2462 3206 2594 3284 ejus
2649 3206 3032 3285 exstinguunt
3074 3204 3353 3286 lacrymae
3387 3223 3404 3282 ;
3449 3203 3640 3268 altera

261 3297 442 3368 ληπτο
470 3299 845 3376 διανεμηθῆναι
895 3301 995 3368 τὴν
1050 3299 1230 3365 πόλιν,
1270 3291 1326 3359 Ὀ
1357 3299 1411 3358 δὲ
1443 3303 1502 3357 τὸ
1536 3301 1634 3376 μὲν
1680 3301 1906 3382 στήσας,

271 3390 332 3444 :6
387 3388 439 3444 δὲ
493 3390 766 3470 προγνοὺς,
839 3395 984 3452 Φεῠί
1039 3388 1140 3469 ἔφη
1195 3388 1499 3466 περιωδὸνῳ
1548 3395 1720 3467 φωνῇ·
1753 3389 1908 3468 ἤλγει

269 3479 366 3557 γὰρ
401 3479 478 3556 μή
537 3484 596 3536 τὸ
647 3485 752 3536 πᾶν
783 3477 974 3535 ἔπαυεν
1010 3479 1085 3543 ὡς
1117 3477 1255 3536 πολὺ
1287 3482 1348 3536 :6
1378 3479 1580 3548 πλῆθος
1609 3485 1714 3537 τῶν
1764 3481 1908 3554 ἡμε-

262 3568 424 3648 τέρων
477 3569 771 3649 ἁμαρτιῶν,
831 3570 918 3625 καὶ
974 3568 1124 3627 δοκεῖ
1170 3574 1248 3643 τῷ
1304 3577 1418 3645 Θεῷ
1478 3570 1581 3626 ἀπο
1641 3568 1908 3635 θαλάττης

261 3658 479 3736 ἑρπῦσαι
509 3661 571 3715 :6
600 3669 720 3738 πῦρ,
759 3661 848 3716 καὶ
895 3659 1076 3739 ὥσπερ
1135 3660 1287 3735 βέλος
1323 3661 1381 3716 τὸ
1444 3658 1542 3734 μὲν
1599 3659 1760 3734 μέσον
1788 3656 1908 3714 δια-

258 3762 469 3826 τεμεῖν,
532 3754 639 3807 τῶν
695 3750 756 3806 ἐκ
810 3748 1036 3829 πλαγίου
1090 3746 1146 3806 δὲ
1187 3749 1481 3829 φείσασθαι,
1542 3749 1570 3805 ὃ
1611 3747 1674 3816 δή
1707 3749 1792 3803 καὶ
1821 3747 1908 3823 γέ-

260 3861 408 3920 γονε,
465 3840 556 3896 καὶ
613 3841 674 3896 τὸ
723 3841 824 3918 πῦρ
879 3839 939 3896 ἐκ
997 3846 1089 3896 τοῦ
1135 3838 1461 3912 καλουμένου
1508 3836 1739 3914 Νεωρίου
1768 3834 1908 3916 (sic)

258 3930 356 3998 την
385 3929 571 4010 ἀρχὴν
602 3927 832 4011 εἰληφὼς
864 3927 1014 3998 δίκην
1045 3928 1218 4000 ζώνης
1265 3928 1365 3996 τὴν
1420 3927 1576 3984 πόλιν
1635 3925 1766 3994 ὅλην
1822 3925 1906 3982 δι-

259 4019 477 4100 έζωσεν,
552 4019 623 4082 είς
691 4017 745 4074 δὲ
817 4019 914 4087 τὴν
983 4018 1197 4098 ἀντικρὺ
1267 4015 1568 4074 κατέπαυσε
1641 4013 1908 4077 θάλασσαι

257 4109 438 4182 ὥσπερ
509 4106 904 4188 παραδεικνύων
965 4107 1045 4165 ὅτι
1070 4108 1198 4165 αὒτὸ
1255 4107 1354 4183 μὲν
1383 4107 1499 4164 καθ’
1545 4105 1678 4174 ὅλης
1709 4105 1906 4186 ἐχώρει

257 4204 352 4267 τῆς
383 4196 621 4274 πόλεως,
678 4199 751 4264 είς
808 4196 863 4255 δὲ
923 4196 1175 4256 τοσοῦτον
1236 4195 1321 4255 διὰ
1380 4195 1692 4275 Μάρκελλον
1747 4217 1905 4276 περι-

255 4287 384 4358 έστη
394 4331 414 4349 .

1991 3313 2131 3356 vero
2166 3313 2299 3374 pars
2345 3295 2552 3357 relicta
2613 3304 2704 3358 est
2746 3295 3085 3377 Byzantinis
3114 3296 3186 3357 ad
3215 3294 3636 3376 disciplinam:

1993 3387 2388 3447 existimatum
2416 3386 2573 3447 enim
2600 3387 2787 3447 fuerat
2815 3387 2964 3460 fore,
2991 3393 3058 3447 ut
3082 3393 3260 3447 totam
3288 3385 3642 3465 depasceret

1993 3474 2307 3538 civitatem.
2340 3473 2447 3535 Ille
2467 3493 2607 3537 vero
2632 3495 2767 3537 cum
2796 3484 3021 3555 partem
3047 3474 3284 3555 quidem
3316 3473 3641 3554 repressis-

1993 3571 2103 3638 set,
2123 3573 2346 3644 partem
2362 3571 2560 3626 autem
2589 3565 3006 3644 praescivisset,
3031 3564 3141 3626 Hei
3166 3562 3310 3624 mihi
3333 3563 3346 3622 ε
3373 3562 3637 3624 dicittri-

1992 3654 2066 3714 sti
2099 3673 2262 3717 voce.
2295 3653 2548 3717 Dolebat
2579 3655 2764 3731 enim,
2818 3656 2975 3735 quod
3030 3671 3150 3715 non
3185 3659 3370 3714 totum
3402 3669 3640 3714 cessare

1992 3743 2250 3818 fecisset,
2306 3743 2459 3805 sicut
2516 3761 2785 3823 magnam
2847 3750 3190 3805 nostrorum
3259 3748 3638 3822 peccatorum

1992 3831 2439 3895 multitudinem
2468 3853 2481 3896 :
2516 3841 2574 3895 et
2603 3833 2761 3914 quod
2791 3834 2980 3894 visum
3009 3839 3166 3895 esset
3214 3829 3361 3907 Deo,
3395 3848 3639 3910 serpere

1989 3921 2188 4000 ignem
2222 3941 2253 3983 a
2284 3922 2431 3984 mari
2461 3941 2651 4004 usque
2684 3923 2760 3985 ad
2796 3941 2978 4000 mare,
3013 3931 3072 3985 et
3117 3929 3395 4003 tanquam
3429 3921 3636 3996 telum,

1993 4011 2257 4074 medium
2277 4013 2521 4090 quidem
2547 4013 2872 4090 dissecare,
2897 4012 2970 4074 ab
2993 4011 3066 4074 iis
3093 4019 3322 4087 autem,
3348 4029 3483 4093 qua:
3502 4017 3645 4073 sunt

1990 4117 2066 4164 ex
2097 4109 2456 4183 transverso,
2495 4102 2798 4165 abstinere
2826 4124 2842 4184 ;
2875 4102 3032 4182 quod
3064 4102 3238 4164 etiam
3269 4101 3487 4163 factum
3520 4110 3637 4166 est.

1988 4189 2058 4253 Et
2087 4192 2249 4272 ignis
2277 4210 2412 4257 cum
2447 4193 2778 4274 accepisset
2805 4193 3039 4254 initium
3094 4191 3167 4254 ab
3221 4209 3315 4266 eo,
3351 4190 3510 4272 quod
3545 4190 3641 4251 di-

1987 4281 2142 4344 citur
2172 4281 2554 4358 Neocorium,
2585 4283 2772 4345 instar
2798 4282 3020 4362 cinguli
3049 4288 3228 4342 totam
3275 4280 3461 4342 cinxit
3484 4279 3635 4341 civi-

255 4385 436 4441 tatem
475 4397 492 4456 ;
541 4377 952 4441 cessavitvero
998 4376 1072 4440 ad
1113 4394 1302 4460 mare,
1334 4376 1497 4459 quod
1552 4383 1641 4439 est
1669 4393 1740 4438 ex
1793 4374 2070 4449 adverso,
2111 4372 2293 4435 veluti
2336 4373 2686 4452 ostendens,
2722 4373 2877 4456 quod
2908 4375 2956 4434 is
3003 4370 3246 4452 quidem
3284 4370 3641 4451 pervasisset

256 4468 578 4544 civitatem,
611 4467 683 4530 ad
712 4468 825 4531 hoc
855 4475 1052 4530 autem
1083 4465 1363 4530 redactus
1393 4473 1552 4529 esset
1583 4484 1691 4548 per
1716 4463 2090 4528 Marcellum.

336 4558 468 4621 AB'.
507 4559 608 4616 Δύο
637 4557 715 4614 ἔτι
747 4558 782 4626 ἢ
811 4564 968 4636 τριῶν
997 4557 1194 4614 ἐκείνου
1247 4557 1587 4637 μνησθέντες,
1645 4558 1710 4613 τὰ
1742 4556 1904 4614 λοιπὰ

2071 4550 2295 4617 XXXII.
2335 4554 2483 4616 Ctim
2515 4553 2766 4614 duorum
2799 4553 2995 4615 adhuc
3015 4558 3116 4616 aut
3145 4551 3324 4613 trium
3352 4551 3640 4614 memine-

257 4649 527 4725 γλώσσαις
586 4647 778 4728 ἑτέρων
836 4649 910 4711 ὡς
969 4645 1186 4704 δυνατὸν
1255 4647 1517 4712 κάκείνοις
1599 4645 1775 4724 λέγειν
1843 4646 1908 4702 τὰ

259 4739 376 4817 περὶ
434 4737 594 4796 αὐτοῦ
647 4735 1067 4812 καταλείψομεν,
1131 4737 1228 4795 Καὶ
1283 4741 1492 4815 πρῶτον
1550 4739 1665 4801 οἷος
1720 4736 1787 4803 ἦν
1847 4737 1908 4791 τὸ

259 4828 510 4904 φρόνημα
537 4827 670 4905 πρὸς
697 4826 795 4902 μὲν
853 4825 974 4888 τοὺς
1029 4823 1274 4889 δυνατοὺς
1331 4824 1713 4898 ἀταπείνωτος,
1773 4826 1904 4905 πρὸς

260 4912 313 4970 δὲ
342 4916 468 4980 τοὺς
517 4920 757 4995 μετρίους
817 4915 906 4971 καὶ
955 4912 1070 4971 λίαν
1128 4913 1555 4990 ἐπικλινόμενος,
1616 4914 1903 4993 σύμμαχός

259 5023 314 5060 τε
342 5018 462 5070 τοῖς
493 5003 857 5071 ἀδικουμένοις
911 5003 1004 5060 καί
1060 5005 1256 5081 βοηθὸς
1312 5001 1553 5083 ἄμαχος.
1614 5001 1904 5081 Ἀρδαϐου-

258 5095 368 5171 ρίου
398 5095 486 5152 καὶ
518 5091 791 5173 ’Άσπαρος
849 5089 994 5150 οὒδὲν
1053 5090 1138 5149 δεῖ
1188 5091 1364 5171 λέγειν
1393 5093 1492 5160 τὴν
1550 5090 1671 5148 κατ’
1702 5091 1906 5148 ἐκεῖνον

258 5184 346 5240 τὸν
407 5184 602 5265 χρόνον
657 5184 838 5264 ἰσχὺν,
900 5179 1016 5239 οὐδὲ
1068 5181 1169 5250 τὴν
1225 5183 1376 5262 ἴσην,
1437 5180 1642 5258 μᾶλλον
1701 5179 1756 5237 δὲ
1821 5183 1908 5240 καὶ

258 5271 425 5330 πλείω
484 5279 582 5342 τῆς
632 5273 818 5354 ἰσχύος
876 5271 1156 5346 ὠμότητα.
1217 5272 1381 5338 Οὗτος
1453 5271 1538 5330 οὗν
1585 5273 1614 5328 6
1678 5273 1899 5352 ἰσχυρὸς

1989 4645 2198 4724 rimus,
2231 4644 2458 4722 reliqua
2490 4642 2708 4722 linguis
2757 4642 3028 4720 aliorum,
3083 4650 3256 4724 prout
3304 4640 3626 4723 potuerint,

1991 4734 2245 4796 dicenda
2275 4734 2708 4813 relinquemus.
2741 4730 2813 4794 Et
2836 4732 3116 4813 primum,
3151 4749 3327 4813 quam
3364 4731 3633 4810 ingentes

1991 4830 2188 4886 essent
2216 4823 2268 4884 ei
2301 4822 2568 4903 spiritus,
2589 4820 2691 4902 qui
2721 4822 2781 4881 in
2815 4827 3088 4900 potentes
3109 4821 3352 4902 quidem
3378 4819 3631 4900 deprimi

1991 4931 2109 4974 non
2141 4919 2434 4992 poterant,
2471 4917 2531 4972 in
2561 4927 2665 4971 eos
2695 4927 2834 4971 vero
2865 4909 2966 4990 qui
3025 4919 3195 4972 erant
3255 4909 3504 4970 modesti
3561 4925 3631 4971 ac

1989 5001 2300 5074 moderati,
2337 5001 2510 5062 facile
2540 4998 3001 5063 inclinabantur.
3034 5001 3109 5060 lis
3137 5007 3361 5078 autem,
3415 4997 3630 5078 quibus

1989 5091 2168 5154 fiebat
2196 5092 2440 5173 injuria,
2475 5099 2601 5154 erat
2630 5089 3166 5169 adjutorinvictus.
3194 5088 3278 5150 De
3309 5086 3630 5155 Ardaburii

1987 5188 2046 5243 et
2079 5181 2344 5262 Asparis,
2379 5197 2508 5262 quae
2535 5187 2662 5241 erat
2699 5179 2804 5240 illo
2844 5187 3136 5260 tempore,
3173 5175 3458 5258 potentia,
3481 5175 3631 5237 nihil

1985 5277 2077 5334 est
2105 5270 2424 5336 dicendum
2452 5292 2466 5330 :
2498 5287 2696 5351 neque
2715 5269 2792 5332 de
2817 5267 3166 5330 crudelitate
3186 5265 3399 5347 aequali
3423 5274 3632 5346 poten-

256 5360 392 5419 οὕτω
447 5364 534 5420 καὶ
590 5364 737 5438 ὠμὸς
797 5359 1162 5443 Ἀρδαϐούριος
1233 5360 1550 5443 χαλεπαίνει
1619 5367 1727 5418 τῶν
1796 5362 1898 5418 ὑπὸ

1988 5361 2099 5437 tiae,
2138 5370 2315 5443 atque
2347 5359 2494 5422 adeo
2531 5358 2768 5440 majori.
2801 5358 2910 5420 Hic
2940 5375 3104 5437 ergo,
3144 5358 3245 5437 qui
3298 5364 3428 5418 erat
3473 5355 3630 5419 adeo

257 5465 423 5533 χεῖρα
480 5449 701 5532 Ἰωάννῃ
757 5451 1008 5529 τοῦνομα.
1074 5442 1132 5510 Ὀ
1188 5442 1272 5508 δὲγ
1300 5451 1500 5518 πάντας
1550 5451 1673 5517 τοὺς
1704 5449 1896 5516 ἄλλους

1988 5459 2191 5533 potens
2211 5442 2270 5514 et
2290 5450 2572 5527 crudelis,
2604 5449 2980 5513 Ardaburius
2998 5445 3367 5511 irascebatur
3394 5445 3630 5509 cuidam

344 5615 419 5698 (2)
444 5615 616 5682 Anno
642 5612 890 5680 465.130
912 5610 1330 5678 hocincendio
1349 5610 1681 5678 Marcellin.
1709 5611 1779 5676 in
1800 5612 2027 5686 Chron.
2061 5621 2122 5679 et
2141 5612 2290 5679 Acta
2313 5612 2580 5679 Danielis
2608 5609 2855 5693 Stylitae,
2879 5609 2946 5674 11
2983 5606 3329 5690 Decembr.,
3361 5627 3493 5694 cap.
3527 5609 3628 5676 27.
