4020 6142
241 307 356 374 741

1204 311 1391 376 VITA
1434 310 1494 374 S.
1540 305 1929 374 MARCELLI
1971 306 2661 376 ARCHIMANDRIT/E.

3495 305 3620 372 742

246 443 444 502 λέοντα
486 448 822 522 κατῃκίζετο,
870 448 897 502 ὁ
934 444 986 502 δὲ
1020 445 1154 502 λέων
1211 444 1364 524 ἤλγει
1405 444 1502 520 μὲν
1545 447 1637 501 γαί
1669 451 1736 517 τῇ
1783 443 1908 500 ἀλει,

1994 464 2102 506 :um
2130 453 2287 507 esset
2310 445 2531 524 ingenti
2559 439 3181 521 magnitudine,cauda
3209 439 3451 504 leonem
3483 461 3612 504 ver-

249 535 376 606 καίᾳ
405 538 537 613 πρὸς
569 535 769 609 ἄμυναν
820 534 1120 614 διηγείρετο
1176 539 1287 612 καὶ,
1335 538 1426 592 τὸν
1481 536 1737 614 δράκοντα
1797 535 1885 590 κύ·-

248 621 367 696 κλῳ
411 626 658 702 περιιὼν,
693 631 1014 704 σκιαμαχῶν
1045 626 1110 694 ἧν
1141 627 1226 681 καὶ
1272 623 1436 701 μηδὲν
1476 623 1886 699 λυμαινόμενος,

249 712 352 778 ἕως
381 714 540 776 αύτός
596 715 693 788 μέν
740 727 863 776 ταῖς
918 714 1160 792 πληγαῖς
1205 715 1452 788 ἐκκαμὼν
1497 711 1722 790 ἀδρανής
1766 712 1888 776 ὅλος

251 803 340 858 ἐπὶ
400 807 504 878 γῆς
559 802 730 859 ἔκειτο
769 822 786 838 ⁸
847 805 972 860 εἶτα
1022 805 1157 878 μετὰ
1187 805 1360 884 βραχὺ
1390 803 1549 860 πάλιν
1593 803 1891 869 ἀνακτησά-

1972 533 2217 597 herabat
2237 543 2292 596 et
2317 533 2668 611 torquebat;
2696 531 2785 592 leo
2819 549 2956 592 vero
2984 527 3223 590 dolebat
3255 531 3519 610 quidem,
3555 540 3613 594 et

1972 623 2042 684 ad
2065 643 2130 686 se
2152 621 2799 685 caudadefendendum
2821 617 3611 695 excitabatur,etdraconem

1973 711 2184 774 obiens
2210 713 2472 774 inaniter
2503 708 2972 791 depugnabat,et
2993 726 3127 770 eum
3155 709 3302 770 nihil
3337 709 3609 786 lmdebat,

1973 820 2284 882 quousque
2308 802 2436 882 ipse
2458 799 2699 880 quidem
2725 798 2996 859 defessus
3027 797 3234 877 plagis,
3257 797 3424 859 humi
3457 806 3615 861 totus

253 911 417 966 μενος
476 892 562 947 καὶ
619 892 797 971 ὥσπερ
843 893 902 949 ἕκ
954 915 1095 959 τινος
1120 893 1283 950 ὕπνου
1325 892 1606 958 διαναστὰς
1637 893 1773 950 κατὰ
1802 899 1891 948 τοῦ

1999 891 2205 952 acebat
2231 891 2482 958 amictus
2513 896 2571 950 et
2600 886 3204 950 imbecillus.Deinde
3235 905 3370 951 cum
3389 906 3452 950 se
3472 907 3612 950 rur-

255 979 539 1059 δράκοντος
574 981 708 1040 πάνυ
738 980 991 1060 ῥαγδαῖον
1021 985 1109 1039 καὶ
1153 985 1376 1058 μανικὸν
1415 982 1582 1050 ἥλατο
1633 985 1720 1039 καὶ
1771 980 1889 1038 δια-

252 1070 489 1149 φυλάξας
520 1069 644 1127 ὅλον
676 1077 744 1147 τῇ
786 1073 969 1150 γαστρὶ
1013 1070 1220 1132 δίδωσι.
1282 1072 1449 1130 Τοῦτο
1509 1072 1819 1150 Μάρκελλρς
1865 1073 1892 1127 ὁ

252 1163 402 1224 θεῖος
445 1158 568 1216 ἰδὼν
610 1163 698 1217 καὶ
741 1159 1094 1240 ἀκριϐέστατα
1124 1160 1408 1238 συμϐαλὼν
1468 1164 1586 1238 μετ’
1643 1164 1704 1218 οὗ
1758 1161 1894 1220 πολὺ

255 1251 503 1327 παγγενῆ
589 1250 797 1330 προέφη
878 1250 1133 1330 ’Ἂσπαρά
1217 1274 1274 1309 τε
1353 1254 1440 1308 καὶ
1528 1249 1896 1330 Ἀρδαϐούριον

256 1338 645 1418 πανωλεθρίους
703 1344 782 1409 τῷ
844 1338 1057 1398 ϐασιλεῖ
1109 1341 1448 1412 δοθήσεσθπι,
1511 1341 1676 1399 Ἀλλά
1733 1350 1896 1399 ταῦτα

166 1480 180 1499 ,
257 1428 358 1504 μέν
401 1428 641 1506 ὕστερον
679 1429 711 1484 ἃ
753 1428 808 1484 δέ
852 1429 1044 1506 μεταξὺ
1075 1432 1274 1488 τούτων
1304 1430 1612 1510 ἐπράττετο,

341 1695 477 1758 ΔΔ’.
540 1696 760 1753 Πολλῶν
815 1699 914 1762 ἀρα
982 1697 1397 1774 συμϐεϐηκότων
1457 1701 1640 1763 αὖτοῖς
1685 1720 1742 1755 τε
1809 1700 1898 1755 καὶ

1976 997 2079 1042 sus
2102 980 2402 1060 paululum
2423 985 2846 1058 recreasset,et
2869 976 3048 1038 veluti
3071 995 3103 1038 a
3121 977 3375 1058 quodam
3401 997 3613 1041 somno

1977 1072 2583 1146 surrexisset,magno
2609 1078 2668 1130 et
2693 1067 3036 1129 vehementi
3060 1067 3137 1128 im
3149 1075 3287 1147 pelu
3306 1068 3364 1129 in
3403 1068 3614 1132 draco-

1978 1177 2114 1220 nem
2143 1158 2640 1238 insiliit,eumque
2672 1175 2922 1238 pronum
2956 1156 3016 1217 in
3039 1167 3304 1218 ventrem
3345 1167 3614 1237 prostra-

1980 1246 2083 1306 vit.
2109 1246 2233 1308 Hoc
2257 1265 2389 1307 cum
2414 1245 2649 1308 divinus
2669 1244 2916 1306 vidisset
2945 1244 3278 1322 Marcellus,
3315 1253 3373 1306 et
3401 1264 3616 1308 accur-

1980 1335 2276 1398 ratissime
2309 1334 2689 1415 conjecisset,
2729 1334 2996 1414 praedixit
3028 1333 3181 1396 haud
3242 1334 3320 1395 ita
3352 1333 3453 1397 diu
3486 1342 3619 1416 post

1980 1428 2271 1506 Asparem
2297 1432 2358 1487 et
2389 1423 2784 1487 Ardaburium
2811 1441 2943 1484 esse
2981 1441 3113 1484 cum
3139 1431 3256 1484 toto
3277 1441 3496 1502 genere
3517 1425 3616 1485 in-

1983 1520 2263 1577 terituros
2283 1514 2357 1577 ab
2382 1515 2771 1595 imperatore.
2809 1511 2926 1575 Sed
2951 1514 3078 1574 haec
3108 1511 3351 1590 quidem
3387 1521 3614 1594 postea.

1980 1608 2120 1680 Quae
2151 1613 2345 1666 autem
2379 1603 2622 1666 interim
2656 1603 2806 1664 facta
2851 1609 3012 1676 sunt,
3046 1609 3185 1663 sunt
3226 1602 3566 1683 hujusmodi
3599 1624 3614 1664 :

2060 1693 2468 1758 XXXIV.Cum
2495 1693 2677 1755 multa
2693 1692 3049 1755 accidissent
3069 1692 3224 1755 inter
3245 1710 3378 1754 eum
3413 1701 3471 1754 et
3499 1693 3616 1754 im-

259 1785 481 1863 βασιλεῖ
536 1791 642 1843 τὼν
724 1787 919 1867 ἔχθρας
984 1788 1220 1869 ἐχόντων
1297 1790 1427 1868 πρὸς
1487 1787 1752 1859 ἀλλήλους
1811 1789 1897 1844 καὶ

1994 1797 2458 1861 peratorem,quaa
2488 1790 2636 1846 inter
2669 1802 2729 1844 se
2760 1787 3004 1844 invicem
3037 1785 3368 1844 inimicitias
3396 1787 3622 1846 alebant

256 1876 516 1950 ὑποψίας,
548 1873 827 1952 δυσμένεια
857 1876 955 1953 μέν
1016 1877 1068 1942 ἐξ
1124 1877 1436 1956 ἀμφοτέρων
1490 1879 1746 1954 ἐτίκτετο,
1813 1879 1898 1934 καὶ

257 1967 333 2021 εἰς
367 1963 498 2042 ἔργα
541 1963 759 2043 χαλεπὰ
790 1967 1152 2046 προήρχοντο.
1219 1966 1368 2024 Ἐπεὶ
1411 1966 1465 2023 δέ
1520 1966 1751 2034 κίνδυνος
1805 1967 1901 2042 μέν

256 2053 538 2131 ἐπήρτητο
567 2055 653 2110 καὶ
683 2054 808 2130 παρ’
855 2055 1113 2126 ἀλλήλων
1171 2056 1362 2131 δεινὸς,
1427 2059 1459 2124 ἡ
1519 2059 1638 2123 νίκη
1697 2054 1750 2112 83'
1795 2053 1900 2113 οὔδ’

258 2143 502 2222 ὁποτέρῳ
559 2145 761 2201 τούτων
810 2146 1038 2225 εὐχερὴς
1079 2147 1168 2220 ἦν,
1214 2149 1301 2204 επὶ
1344 2148 1524 2211 κοινὰς
1555 2145 1716 2225 ἄμφω
1759 2168 1900 2222 συμ-

256 2231 444 2296 ϐάσεις
475 2232 753 2307 τρέπονται
789 2233 870 2314 ἐφ’
901 2239 946 2309 ᾧ
1001 2237 1091 2292 τὸν
1147 2235 1423 2305 ’Ἀσπαρος
1476 2235 1572 2312 μέν
1601 2236 1734 2316 υἱὸν,
1769 2235 1901 2315 Ἀρ-

259 2320 536 2402 δαϐουρίου
590 2320 644 2379 δέ
698 2322 950 2402 ἀδελφὸν,
1016 2325 1117 2392 τὴν
1175 2325 1430 2402 θυγατέρα
1500 2333 1592 2382 τοῦ
1637 2325 1902 2402 βασιλέως

262 2413 396 2487 πρὸς
440 2414 616 2489 γάμον
671 2412 935 2491 ἀγόμενον
979 2413 1360 2494 ἀναδειχθῆναι
1423 2415 1679 2494 Καίσαρα.
1742 2422 1904 2474 Τοῦτο

265 2499 322 2556 δέ
378 2503 405 2556 ὁ
459 2499 640 2557 λαϐὼν
697 2501 876 2582 ἕτερός
921 2503 1090 2580 ἐστιν,
1123 2506 1195 2567 ὡς
1227 2504 1289 2560 ἂν
1322 2506 1468 2561 sinon
1511 2528 1608 2578 τις,
1643 2503 1904 2562 ὑποϐασιο

264 2589 390 2652 λεύς
418 2607 433 2622 ⁶
468 2590 718 2670 ἀλουργίς
749 2613 803 2648 τε
851 2594 950 2671 γὰρ
1001 2595 1142 2668 αδτῷ
1197 2594 1533 2674 κατάχρλσος
1589 2597 1679 2651 καί
1733 2593 1905 2650 τᾶλλα

261 2680 362 2748 τῆς
406 2679 684 2756 βασιλείας
740 2682 1058 2758 παράσημα,
1106 2681 1186 2739 ὅτι
1233 2685 1310 2759 μὴ
1367 2684 1538 2757 μόνης
1568 2689 1666 2751 τῆς
1699 2689 1903 2764 χρυσῆς

257 2767 526 2849 στεφάνης
585 2771 644 2825 05
691 2771 860 2827 πάντα
916 2771 1145 2850 ἐχούσης
1192 2773 1258 2828 τὰ
1308 2773 1404 2840 τῆς
1436 2772 1706 2849 βασιλείας
1764 2776 1902 2847 σύμ-

260 2856 422 2917 ϐολα.
484 2858 756 2936 ’Ἐμελλεν
809 2869 898 2917 οὖν
956 2868 1108 2924 οὗτος
1155 2863 1356 2929 ταύτην
1402 2864 1501 2930 τὴν
1553 2862 1696 2928 ἀξίαν
1726 2860 1906 2918 λαϐὼν

258 2953 417 3019 ζῶντι
480 2948 580 3023 μέν
623 2949 842 3025 βασιλεῖ
897 2951 1070 3008 πάντα
1125 2956 1280 3027 κοινῇ
1307 2951 1686 3030 συμπράττειν,
1719 2951 1905 3007 τελευ-

259 3039 529 3108 τήσαντος
590 3036 644 3094 83'
723 3045 932 3118 πρῶτος
1004 3039 1159 3104 αὐτὸς
1216 3041 1304 3097 καί
1364 3041 1524 3117 μόνος
1576 3041 1674 3109 τὴν
1733 3041 1909 3121 ἀρχὴν

267 3125 585 3205 λαμϐάνειν,
620 3129 707 3185 καὶ
761 3129 942 3208 ὥσπερ
998 3130 1348 3211 ὀφειλόμενον
1398 3132 1539 3202 αὑτῷ
1569 3131 1632 3186 τὰ
1667 3131 1910 3208 σκῆπτρα
1929 3182 1971 3232 C

271 3216 544 3299 δέχεσθαι.
605 3217 892 3297 Ἐτάραττε
937 3219 990 3275 δὲ
1037 3220 1136 3287 τὴν
1179 3217 1506 3287 Ἐκκλησίαν
1548 3223 1608 3277 τὸ
1665 3229 1908 3301 πραγμα,

276 3309 366 3362 καί
405 3311 466 3365 οὗ
522 3309 720 3387 μικρῶς
778 3307 1030 3388 ἐθορύϐει,
1092 3313 1135 3366 εἰ
1185 3311 1346 3370 πάλιν
1400 3309 1670 3389 Ἀρειανὸς
1727 3310 1912 3386 μέλλει

283 3394 404 3451 κατ’
462 3397 613 3464 αὑτῆς
674 3397 949 3469 εἶσπηδᾷν.
986 3393 1084 3456 Ἦν
1141 3399 1242 3478 γαρ
1293 3398 1356 3466 δη
1412 3402 1500 3456 καὶ
1553 3400 1769 3479 ’Ἀσπαρ
1827 3404 1915 3457 καὶ

285 3483 473 3549 παῖδες
503 3488 660 3544 αὐτοῦ
687 3490 774 3544 καὶ
818 3487 941 3550 ὅλος
972 3489 1126 3554 οἶκος
1156 3490 1254 3558 τὴν
1313 3490 1516 3569 Ἀρείου
1573 3491 1764 3566 μανίαν
1793 3489 1911 3546 δια-

279 3575 542 3656 φερόντως
593 3575 1012 3658 ἀποδεχόμενοι.
1071 3577 1221 3636 Οὕτω
1265 3577 1496 3659 θορύϐων
1549 3581 1696 3644 ὄντες
1731 3582 1914 3656 μεστοὶ

275 3669 407 3745 πρὸς
475 3667 754 3731 συστάσεις
811 3669 1052 3747 ἐχώρουν
1106 3669 1334 3745 κοινὰς,
1388 3671 1474 3725 καί
1532 3671 1630 3727 ὕπὸ
1681 3671 1913 3746 ἡγεμόσι

276 3755 539 3829 Γενναδίῳ
567 3757 656 3814 καί
713 3757 1011 3834 Μαρκέλλῳ
1065 3759 1387 3834 ταττὸμανοι
1433 3761 1525 3815 τὸν
1565 3757 1914 3838 ’ἱππόδρομον

272 3845 662 3925 κατειλήφασιν
748 3845 914 3924 εἷρξαι
999 3846 1223 3923 βασιλέα
1298 3851 1397 3915 τῆς
1456 3847 1656 3905 ἀτόπου
1715 3849 1914 3916 ταύτης

267 3937 470 4014 ὁρμῆς,
506 3937 936 4014 προθυμούμενον
981 3936 1076 4011 μέν
1111 3939 1293 4010 αὺτὸν,
1327 3935 1506 4000 ἄλλως
1563 3935 1617 3992 δέ
1661 3937 1914 4013 ἡττώμεο

268 4046 360 4080 νον
389 4024 502 4080 τῶν
560 4023 834 4104 Ἀσπαρός
889 4046 948 4081 τε
1008 4025 1096 4084 καί
1154 4022 1520 4106 Ἀρδαϐουρίου
1569 4033 1788 4104 καιρῶν.
1827 4018 1916 4092 Ὠς

271 4121 364 4172 οὖν
423 4112 589 4178 οὕτως
645 4116 680 4182 ἡ
738 4124 829 4174 τοῦ
902 4116 1130 4192 Χριστοῦ
1205 4116 1424 4195 στρατιὰ
1491 4116 1914 4197 παρεσκεύαστο,

269 4202 534 4259 δείκνυσιν
578 4205 760 4268 αὑτοῖς
815 4206 843 4260 ὃ
887 4206 1017 4270 Θεὸς
1059 4203 1149 4260 καί
1191 4206 1282 4262 τὸν
1332 4209 1655 4284 στρατηγὸν,
1709 4208 1796 4264 καί
1839 4207 1918 4262 ὅτι

273 4299 534 4350 τοσοῦτον
576 4293 641 4362 ἧν
698 4293 997 4373 Μαρκέλλῳ
1025 4298 1084 4353 τὸ
1139 4295 1381 4376 διαφέρον
1409 4297 1539 4374 πρὸς
1568 4297 1690 4360 τοὺς
1723 4296 1919 4362 ἄλλους

1984 1883 2043 1935 et
2105 1873 2505 1953 suspiciones,
2543 1891 2613 1935 ex
2668 1873 2937 1948 utrisque
2995 1870 3236 1951 quidem
3296 1883 3500 1934 natum
3533 1880 3624 1935 est

1983 1961 2184 2024 odium
2210 1983 2225 2045 ;
2280 1980 2414 2023 cum
2464 1967 2663 2024 autem
2709 1966 2992 2040 utrinque
3016 1977 3292 2039 magnum
3315 1979 3350 2022 a
3373 1980 3438 2022 se
3469 1960 3623 2022 invi-

1985 2070 2114 2113 cem
2144 2052 2488 2113 immineret
2507 2049 3068 2131 periculum,neutri
3093 2067 3231 2112 vero
3259 2068 3468 2112 eorum
3489 2049 3627 2114 faci-

1987 2141 2060 2202 lis
2092 2150 2249 2203 esset
2277 2141 2548 2218 victoria,
2582 2148 3014 2202 convertuntur
3043 2139 3113 2199 ad
3148 2141 3495 2204 communia
3526 2140 3627 2202 in-

1987 2231 2182 2293 eunda
2209 2231 2430 2292 fmdera
2465 2251 2478 2290 :
2518 2248 2758 2310 nempe,
2791 2237 2855 2291 ut
2892 2230 3141 2309 Asparis
3171 2229 3411 2309 quidem
3444 2229 3624 2307 ﬁlius,

1984 2320 2168 2381 frater
2197 2327 2391 2382 autem
2427 2318 2771 2392 Ardaburii,
2801 2336 2934 2379 cum
2969 2317 3234 2379 duxisset
3266 2336 3512 2382 uxorem
3547 2320 3625 2382 ﬁ-

1989 2410 2124 2472 liam
2149 2409 2551 2490 imperatoris,
2577 2405 2772 2470 Czesar
2792 2414 3116 2469 crearetur.
3148 2406 3274 2469 Hoc
3297 2415 3493 2470 autem
3526 2409 3628 2490 qui

1985 2499 2238 2580 accepit,
2276 2507 2364 2560 est
2386 2499 2558 2580 alius,
2597 2505 2662 2558 ut
2681 2495 2896 2558 dixerit
2918 2495 3629 2577 quispiam,subimpera-

1989 2598 2114 2650 tor:
2144 2595 2232 2649 est
2249 2589 2408 2650 enim
2436 2587 2492 2649 ei
2510 2597 2567 2648 et
2586 2595 2794 2649 aurata
2833 2603 3118 2667 purpura,
3145 2594 3206 2648 et
3232 2585 3347 2647 alia
3378 2586 3633 2666 insignia

1988 2677 2248 2758 imperii,
2287 2678 2397 2739 nisi
2433 2677 2651 2752 solum,
2681 2676 2837 2756 quod
2862 2693 3040 2736 aurea
3065 2693 3285 2737 corona
3300 2694 3420 2737 nou
3453 2675 3632 2738 habet

1990 2769 2189 2830 omnia
2228 2767 2396 2846 signa
2419 2765 2676 2847 imperii.
2712 2763 2768 2826 Is
2805 2765 3003 2845 itaque
3023 2772 3267 2845 accepta
3297 2764 3407 2826 hac
3430 2765 3630 2844 digni-

1993 2863 2136 2931 tate,
2170 2875 2302 2918 cum
2333 2857 2564 2917 vivente
2593 2854 2832 2935 quidem
2883 2853 3246 2934 imperatore
3276 2864 3397 2917 erat
3431 2853 3633 2916 omnia

1990 2945 2254 3007 facturus
2276 2944 2676 3007 communiter
2699 2962 2712 3004 :
2741 2961 2812 3005 eo
2835 2950 3032 3004 autem
3059 2950 3315 3024 mortuo,
3351 2943 3480 3025 ipse
3502 2945 3631 3023 pri-

1994 3052 2126 3095 mus
2148 3043 2203 3095 et
2219 3035 2382 3097 solus
2403 3041 2758 3114 accepturus
2776 3031 3185 3113 imperium,et
3207 3041 3485 3114 tanquam
3519 3033 3632 3095 de-

1995 3123 2116 3185 bita
2136 3123 2249 3185 sibi
2274 3131 2509 3205 sceptra
2529 3141 2658 3185 sum
2668 3120 2988 3203 pturus.Ea
3009 3140 3106 3184 res
3121 3140 3261 3184 vero
3283 3141 3402 3185 non
3427 3140 3635 3204 parum

1995 3215 2389 3278 conturbabat
2426 3213 2778 3290 Ecclesiam,
2819 3212 2871 3274 si
2928 3230 3134 3273 rursus
3184 3213 3261 3274 sit
3317 3213 3634 3294 imperium

1996 3306 2254 3369 Arianus
2284 3305 2823 3383 invasurus.Aspar
2841 3301 3027 3382 enim,
3054 3310 3112 3364 et
3143 3303 3275 3381 ejus
3297 3302 3494 3380 ﬁlii,et
3520 3311 3638 3365 tota

1997 3395 2231 3472 domus,
2267 3394 2394 3458 Arii
2423 3392 2714 3456 insaniam
2749 3392 3085 3454 mirandum
3146 3398 3204 3452 in
3237 3392 3478 3455 modum
3512 3410 3638 3453 am-

2001 3484 2392 3566 plectebatur.
2455 3485 2602 3546 Cum
2653 3485 2850 3561 itaque
2908 3490 3112 3542 essent
3160 3481 3322 3561 pleni
3355 3482 3633 3559 tumultu,

1998 3575 2400 3636 communiter
2427 3583 2857 3647 convenerunt,
2894 3585 2954 3631 et
3001 3568 3254 3631 ducibus
3301 3570 3544 3632 Geladio
3578 3579 3637 3632 et

1996 3665 2276 3726 Marcello
2301 3671 2593 3725 venerunt
2617 3662 2676 3721 in
2694 3659 3265 3741 Hippodromum,ut
3283 3659 3354 3720 ab
3378 3661 3638 3721 inhone-

1998 3762 2089 3815 sto
2121 3761 2180 3814 et
2209 3751 2454 3829 indigno
2485 3751 2597 3813 hoc
2621 3757 2814 3830 cmpto
2847 3757 3127 3811 arcerent
3159 3749 3584 3829 imperatorem
3611 3767 3626 3809 :

1999 3844 2101 3925 qui
2130 3843 2258 3924 ipse
2302 3840 2542 3922 quidem
2569 3840 2641 3902 ad
2675 3840 2788 3901 hoc
2837 3857 3072 3920 quoque
3121 3847 3246 3900 erat
3275 3847 3550 3920 prompto
3583 3845 3642 3901 et

1997 3933 2174 3995 alacri
2205 3932 2426 4005 animo,
2455 3929 2562 3992 sed
2606 3927 2855 3991 cedebat
2883 3928 3140 4009 tempori
3172 3928 3413 4009 Asparis
3443 3937 3502 3991 et
3527 3929 3640 3991 Ar-

1999 4021 2257 4085 daburii.
2289 4021 2434 4082 Cum
2467 4036 2609 4097 ergo
2640 4018 2724 4080 sic
2757 4027 2999 4099 paratus
3020 4025 3178 4080 esset
3207 4019 3424 4081 Christi
3457 4037 3637 4080 exer-

2000 4111 2270 4188 citus,eis
2299 4127 2536 4192 quoque
2561 4108 2719 4170 Deus
2757 4107 3020 4170 ostendit
3040 4107 3254 4170 ducem
3285 4129 3298 4172 :
3326 4116 3384 4170 et
3415 4116 3641 4170 tantum

2005 4203 2296 4264 interesse
2326 4202 2483 4262 inter
2515 4197 2860 4260 Marcellum
2893 4207 2950 4260 et
3008 4197 3157 4260 alios
3210 4195 3553 4260 sacerdotes
3583 4209 3644 4260 et

2005 4292 2340 4374 pontiﬁces,
2373 4295 2659 4370 quantum
2692 4290 2848 4350 inter
2877 4287 3175 4350 exercitus
3200 4287 3413 4348 ducem
3446 4297 3506 4349 et
3534 4288 3644 4348 im-

273 4381 454 4461 ἱερέας
513 4403 568 4438 τε
626 4385 716 4439 καί
757 4383 1032 4464 ἀρχιερεῖς
1093 4385 1218 4444 ὅσον
1283 4392 1584 4464 στρατηγοῦ
1627 4387 1714 4442 καί
1771 4387 1908 4463 βασιι

2008 4391 2344 4464 peratorem
2386 4397 2398 4439 :
2431 4388 2609 4459 atque
2639 4378 2870 4455 adeo,si
2899 4377 3068 4458 velis,
3098 4376 3257 4438 inter
3303 4376 3552 4439 militem
3587 4384 3646 4438 et

277 4472 422 4535 λέως
454 4473 516 4530 τὸ
565 4473 752 4554 μέσον,
801 4476 844 4530 εἷ
901 4476 1080 4550 βούλει
1133 4473 1208 4557 δέ,
1269 4478 1357 4533 καί
1413 4477 1736 4552 στρατιώτου
1793 4478 1908 4557 πρὸς

2008 4473 2224 4534 ducem
2254 4489 2269 4546 ;
2295 4472 2407 4532 hoc
2430 4470 2537 4530 fuit
2559 4469 2803 4531 evidens
2841 4467 3074 4548 signum
3103 4486 3120 4528 :
3152 4465 3298 4528 Nam
3329 4465 3648 4557 interam-

278 4563 587 4640 στρατηγὸν
637 4548 851 4642 ἐναργές
902 4548 1066 4622 τοῦτο
1138 4548 1429 4642 σύμϐολον,
1483 4548 1582 4630 ⁷Ὠς
1634 4568 1733 4645 γὰρ
1791 4548 1908 4623 ἐπο-

2012 4560 2334 4623 bulandum
2368 4558 2647 4620 videbant
2675 4557 2718 4619 ii
2771 4559 2873 4638 qui
2920 4557 3082 4636 digni
3111 4564 3282 4618 erant
3312 4574 3382 4617 ea
3415 4555 3645 4633 videre,

278 4652 524 4730 ρεύοντο,
559 4653 736 4732 ἑώρων
793 4653 936 4717 ὅσοις
981 4653 1046 4722 δὴ
1090 4657 1179 4712 καί
1218 4657 1284 4714 τὰ
1337 4663 1554 4714 τοιαῦτα
1597 4658 1722 4735 ὁρᾷν
1785 4656 1908 4722 ἅξιο·

2001 4651 2284 4731 juvenem
2336 4648 2576 4729 quidem
2636 4655 2856 4709 statura
2909 4646 3256 4722 maximum,
3291 4645 3480 4708 forma
3506 4663 3649 4709 vero

281 4741 560 4798 νεανίσκον
616 4745 732 4800 τινὰ
811 4745 1021 4823 μεγέθει
1101 4745 1198 4821 μέν
1271 4746 1551 4824 μέγιστον,
1610 4747 1800 4803 καλλει
1871 4745 1926 4802 δέ

281 4831 699 4910 εὔπρεπεστάτῳ
752 4835 1005 4910 κομῶντα
1049 4836 1137 4892 καί
1179 4834 1475 4909 ἐξωσμένον
1524 4836 1667 4914 ζώνῃ
1726 4843 1922 4917 χρυσῇ,

283 4922 476 4976 λευκὸν
535 4921 632 4997 μέν
678 4921 818 4980 οὕτω
865 4925 958 4993 τὴν
1015 4927 1135 4984 θέαν
1188 4928 1261 4991 ὡς
1320 4927 1411 4984 καί
1472 4926 1649 5006 χιόνος
1708 4928 1929 5006 κρείττω

281 5008 488 5085 δοκεῖν,
550 5011 801 5092 φλογώδη
879 5012 932 5070 δέ
1003 5013 1168 5082 οὕτως
1241 5017 1314 5078 ὡς
1369 5016 1768 5091 ἀπαστράπτειν
1840 5019 1929 5073 καί

282 5101 424 5178 φῶς.
457 5100 667 5158 Χλαῖνα
712 5099 766 5157 δέ
818 5103 961 5178 αὕτῷ
1016 5105 1105 5160 καί
1158 5105 1354 5185 χιτὼν,
1399 5107 1487 5161 καί
1543 5111 1710 5162 ταῦτα
1741 5106 1927 5185 χιόνος

283 5188 413 5245 ὅντα
444 5189 752 5271 λευκότερα.
790 5198 980 5251 Τοῦτον
1039 5199 1126 5252 οὖν
1176 5194 1356 5274 ἑώρων
1419 5193 1472 5260 ἐξ
1515 5196 1798 5272 εὐωνύμων
1852 5202 1929 5270 τῷ

286 5278 516 5356 μεγάλῳ
567 5284 1032 5362 συμπορευὸμενον
1101 5284 1336 5364 καθάπερ
1413 5284 1533 5342 τινὰ
1589 5286 1929 5353 ὑπασπιστὴν

289 5369 460 5425 καλὸν
492 5369 605 5446 ἅμα
652 5373 739 5428 καί
779 5370 1022 5454 φοϐερὸν,
1057 5375 1145 5431 καί
1173 5374 1270 5443 τὴν
1302 5387 1465 5455 χεῖρα
1495 5375 1618 5432 οἷον
1659 5375 1930 5456 ὑπέχοντα

296 5461 388 5516 τὸν
443 5458 743 5540 πρεσϐύτην
772 5462 1010 5543 ἀνέχειν,
1057 5467 1146 5522 καί
1174 5465 1264 5523 σὺν
1298 5464 1397 5542 ὅσῃ
1453 5471 1522 5544 τῇ
1578 5465 1716 5525 αἰδοῖ
1771 5471 1930 5548 θερα-

373 5663 462 5748 (3)
494 5665 646 5732 Vide
675 5667 999 5735 Baronium
1030 5669 1104 5736 ad
1133 5688 1231 5738 an.
1253 5671 1395 5740 4'19.

2012 4741 2506 4823 pulcherrimum,
2542 4747 2601 4799 et
2644 4755 2792 4798 zona
2850 4737 3106 4798 cinctum
3169 4753 3370 4814 aurea,
3407 4746 3652 4820 aspectu

2013 4831 2257 4912 quidem
2292 4836 2407 4890 tam
2441 4826 2790 4906 candidum,
2825 4835 2886 4887 ut
2917 4827 3113 4887 nivem
3138 4828 3445 4889 videretur
3465 4845 3648 4908 supe-

2011 4937 2165 4982 rare:
2194 4929 2312 4980 tam
2336 4917 2598 4980 lucidum
2622 4923 2920 4991 autem,ut
2943 4917 3074 4978 luce
3087 4917 3656 4981 coruscaret.Lanea

2016 5029 2150 5072 vero
2176 5011 2231 5072 ei
2249 5017 2378 5070 erat
2401 5015 2460 5070 et
2477 5006 2892 5084 tunica,eaque
2910 5007 3044 5069 nive
3060 5005 3547 5068 candidior.Eum
3565 5024 3656 5068 er-

2011 5121 2084 5182 go
2113 5098 2394 5160 videbant
2416 5115 2449 5158 a
2471 5095 2734 5158 sinistris
2757 5094 2934 5155 simul
2964 5113 3098 5156 cum
3128 5113 3342 5175 magno
3373 5094 3651 5157 Marcello

2011 5184 2627 5264 ambulantem,veluti
2649 5184 2966 5267 quemdam
2983 5184 3656 5266 satellitem,pulchrum

2011 5281 2188 5344 simul
2204 5289 2262 5342 et
2285 5277 2706 5352 terribilem,et
2730 5293 2969 5337 manum
2993 5274 3175 5337 veluti
3195 5283 3654 5356 supponeutem,

2015 5370 2370 5434 sustinuisse
2400 5385 2636 5448 senem,
2660 5375 2872 5442 etcum
2899 5365 3154 5428 maxima
3173 5365 3509 5428 reverentia
3537 5385 3659 5429 non

2018 5463 2317 5528 destitisse
2349 5465 2404 5530 ei
2437 5461 2899 5527 inservire.Cum
2933 5471 3128 5526 autem
3170 5459 3423 5542 ingressi
3456 5455 3658 5525 esseni
