4022 6146
418 267 537 372 743

1724 264 2007 332 MENSIS
2054 265 2484 331 DEGEMBER.

3686 264 3794 331 744

422 406 486 467 in
519 421 657 468 eum
690 401 914 478 locum,
945 399 1008 467 in
1038 422 1155 486 quo
1185 403 1417 468 solebat
1470 402 1686 466 sedere
1715 402 2061 484 imperator,

2154 404 2373 461 πεύοντα
2425 403 2502 479 μὴ
2561 403 2901 483 ἀφίστασθαι.
2937 401 3092 461 Ἐπεὶ
3148 399 3202 458 δὲ
3259 402 3356 458 καὶ
3388 398 3530 458 εἴσω
3573 401 3800 478 γένοιντο

425 502 552 557 erat
573 492 816 576 quidem
864 492 955 555 sic
1001 512 1236 576 quoque
1296 493 1609 557 Marcellus
1639 492 1839 555 omnia
1866 492 1940 555 iis
1970 490 2072 574 qui

424 593 594 649 erant
616 581 901 646 Ecclesiae
925 603 941 661 ;
970 585 1116 662 quin
1144 585 1320 647 etiam
1347 583 1481 663 ipse
1501 601 1743 664 quoque
1766 582 1956 645 libere
1978 584 2073 645 lo~

422 673 714 755 quebatur
736 673 808 736 ad
834 671 1255 753 imperatorem
1270 678 1350 745 ,et
1370 671 1489 734 illis
1507 671 1769 735 addebat
1781 673 2068 749 animum,

423 773 483 826 et
503 761 942 845 quodammodo
965 758 1069 824 eos
1091 760 1516 825 adhortabatur
1541 762 1613 823 ad
1638 770 1941 825 certamen
1966 780 2070 843 pro

424 853 661 917 Christo
693 851 1367 933 suscipiendum.Atque
1397 852 1486 914 illi
1516 851 1756 932 quidem
1785 871 1922 914 cum
1947 871 2070 915 om-

424 942 522 1005 nia
543 940 877 1005 ell‘ecissent
901 949 1145 1022 propter
1175 960 1307 1023 quae
1340 951 1793 1022 venerant,quaa
1820 942 2067 1023 quidem

425 1039 615 1113 erant,
650 1040 713 1093 ut
734 1031 979 1112 Asparis
1006 1031 1162 1094 illius
1181 1040 1281 1094 aut
1303 1040 1525 1095 rectam
1555 1032 2068 1114 disceretopinio-

422 1140 585 1196 nem,
619 1129 719 1182 aut
749 1139 859 1183 nec
893 1121 1241 1201 dignitatem
1300 1124 1551 1186 Caesaris
1583 1124 1883 1203 acciperet
1916 1123 2067 1203 (haec

423 1210 581 1274 enim
607 1211 695 1273 eis
728 1210 1028 1291 pollicitus
1059 1219 1152 1275 est
1206 1213 1575 1293 imperator),
1610 1214 1878 1275 laetantes
1901 1219 2067 1276 exie-

424 1300 698 1364 runt.Ille
713 1308 909 1363 autem
926 1319 1134 1364 rursus
1159 1301 1533 1378 adolescens,
1569 1312 1628 1365 et
1655 1302 2071 1380 altissimus,et

427 1390 1140 1473 splendidissimus,visus
1158 1391 1402 1471 quidem
1436 1399 1526 1453 est
1552 1391 1746 1454 adhuc
1776 1391 1988 1455 adesse
2010 1398 2067 1454 et

430 1482 652 1544 versari
697 1498 831 1542 cum
861 1479 1171 1543 Marcello.
1207 1479 1351 1543 Cum
1379 1498 1520 1542 vero
1553 1498 1687 1542 eum
1719 1480 2067 1544 deduxisset

430 1588 617 1652 usque
636 1570 709 1631 ad
760 1577 979 1649 portas,
1012 1568 1086 1631 de
1118 1577 1333 1632 caetero
1368 1570 1609 1632 evanuit
1634 1590 1704 1632 ex
1733 1570 1947 1634 oculis.
1980 1571 2068 1634 De

426 1678 546 1742 quo
586 1658 785 1721 nullus
814 1659 1108 1721 dubitavit
1137 1678 1209 1721 ex
1243 1662 1314 1722 iis
1343 1660 1444 1739 qui
1495 1661 1765 1735 aderant,
1799 1660 1906 1722 sed
1938 1662 2064 1742 evi-

426 1736 576 1811 dens
598 1749 704 1809 luit
725 1749 1001 1810 omuibus
1022 1766 1157 1813 eum
1182 1736 1375 1811 fuisse
1390 1748 1497 1811 Dei
1520 1752 1884 1827 ministrum,
1913 1736 2068 1813 virili
2088 1737 2127 1789 Β

423 1838 631 1902 habitu
662 1837 1067 1919 indutum,qui
1100 1839 1316 1901 missus
1346 1839 1556 1921 fuerat,
1584 1847 1647 1900 ut
1676 1847 1837 1903 esset
1865 1848 2066 1903 custos

428 1939 490 1991 et
517 1928 756 1991 satelles
783 1926 1199 1991 Marcelli.Sed
1222 1927 1294 1991 ab
1321 1947 1393 1992 eo
1427 1929 1669 2008 quidem
1695 1930 1802 1993 fuit
1828 1929 2067 1993 habitus

423 2018 484 2079 in
516 2025 674 2080 tanto
706 2018 956 2080 honore.
993 2019 1164 2082 Haud
1194 2019 1276 2082 ita
1308 2019 1494 2082 multo
1531 2030 1663 2101 post
1701 2028 2066 2102 acceperunt

422 2107 603 2170 tinem
636 2125 866 2188 ea,quaa
891 2107 942 2169 is
972 2108 1266 2189 praedixit.
1292 2110 1666 2173 Ardaburius
1695 2111 1854 2173 enim
1887 2111 2066 2173 simul

423 2215 559 2260 cum
594 2205 756 2280 patre
784 2204 843 2259 et
870 2197 1073 2274 fratre,
1102 2207 1162 2262 et
1192 2198 1326 2261 aliis
1356 2218 1476 2262 non
1525 2206 1729 2280 paucis
1755 2218 1827 2264 ex
1860 2200 1934 2263 iis
1963 2200 2067 2282 qui

425 2286 876 2368 erantejusdem
894 2287 1376 2369 sententiae,cum
1389 2289 1678 2352 ebibisset
1690 2290 1953 2353 ultimam
1968 2293 2066 2353 fee-

423 2395 553 2441 cem
586 2376 692 2440 iraa
714 2375 973 2455 Domini,
1007 2386 1213 2460 raptus
1253 2387 1343 2442 est
1401 2379 1475 2443 ab
1506 2379 1874 2462 hominibus,
1908 2380 2067 2444 leoni

421 2467 624 2547 draco,
657 2467 1004 2549 imperatori
1029 2470 1190 2546 juste
1213 2467 1468 2532 traditus
1496 2468 1737 2550 impius.

500 2555 731 2622 XXXV.
765 2556 960 2622 Unum
992 2558 1189 2621 adhuc
1233 2566 1416 2621 restat
1460 2562 1893 2623 convenienter
1921 2578 2070 2624 mea;

421 2648 807 2730 promissioni
841 2668 856 2709 :
891 2647 1053 2726 quod
1083 2647 1187 2711 ubi
1218 2648 1523 2728 adjecero,
1553 2649 1735 2710 ﬁnem
1761 2649 2066 2730 imponam

423 2737 700 2801 orationi.
736 2738 1026 2800 Lucianus
1055 2737 1302 2818 quidam
1353 2740 1693 2801 Constantis
1745 2739 1925 2816 illius,
1956 2740 2067 2802 viri

423 2826 527 2910 qui
550 2827 801 2890 multum
859 2834 1090 2908 poterat
1140 2826 1419 2902 consilio,
1455 2827 1758 2911 despectis
1789 2829 2068 2894 humanis

423 2915 723 2989 omnibus,
756 2915 1182 2980 monasterium
1235 2917 1563 2998 ingressus,
1598 2917 1763 2981 brevi
1794 2926 2067 3001 tempore

424 3023 534 3087 per
563 3004 911 3068 Marcellum
946 3006 1166 3071 multos
1186 3024 1398 3071 eorum
1414 3007 1517 3089 qui
1533 3018 1978 3074 consenuerant
2000 3010 2064 3073 in

2155 492 2275 550 ’ἐνθα
2332 491 2396 560 δὴ
2450 494 2540 550 καὶ
2597 495 2624 549 6
2668 492 2917 569 βασιλεὺς
2955 491 3126 549 εἰώθει
3187 490 3527 564 καθίζεσθαι,
3587 490 3654 557 ἧν
3711 492 3798 566 μὲν

2153 581 2240 639 καὶ
2293 581 2432 640 οὕτω
2488 581 2801 657 Μάρκελλος
2863 593 2983 646 τοῖς
3028 587 3127 649 τῆς
3172 579 3516 648 Ἐκκλησίας
3548 580 3614 637 τὰ
3643 581 3802 638 πάντα

2154 672 2460 750 γινόμενος.
2514 672 2661 741 Πλὴν
2694 671 2831 729 ἀλλὰ
2862 673 2950 729 καὶ
2992 673 3150 736 αὐτὸς
3195 672 3333 751 πρὸς
3380 672 3480 727 τὸν
3526 680 3806 748 κρατοῦντα

2154 760 2331 819 πολλὰ
2387 762 2876 840 παρρησιαζόμενος
2936 761 3207 827 κάκείνους
3298 760 3674 836 ἐπιθαρσύνων
3726 761 3806 817 καὶ

2154 852 2275 908 οἷον
2331 853 2463 929 πρὸς
2506 853 2598 909 τὸν
2654 852 2785 927 ὑπὲρ
2840 858 3066 929 Χριστοῦ
3121 851 3307 921 ἀγῶνα
3366 848 3803 928 ἐγκελευόμενος,

2153 963 2200 999 οι
2257 941 2355 1017 μὲν
2414 940 2479 1009 δὴ
2522 938 2987 1019 καταπραξάμενοι
3032 942 3206 998 πάντα
3257 938 3303 996 δ’
3354 938 3390 995 ἃ
3454 939 3553 996 κα¹ἰ
3600 938 3802 1020 ἧκασιν,

2150 1030 2304 1087 ἅτινα
2356 1033 2424 1099 ἧν
2481 1032 2574 1087 τὸν
2603 1030 2883 1109 ’Ἂσπαρος
2915 1032 3024 1088 υἱὸν
3073 1031 3109 1099 ἢ
3158 1032 3255 1098 τὴν
3300 1030 3473 1105 ὀρθὴν
3505 1033 3803 1106 μεταθεῖναι

2148 1119 2323 1195 δόξαν,
2383 1121 2419 1187 ἦ
2476 1117 2613 1195 μηδὲ
2658 1120 2757 1188 τὴν
2828 1118 2975 1185 ἀξίαν
3026 1118 3214 1178 λαϐεῖν
3277 1120 3565 1197 Καίσαρος
3623 1118 3802 1198 (ταῦτα

2146 1211 2246 1288 γὰρ
2280 1213 2307 1267 6
2339 1216 2544 1289 κρατῶν
2599 1214 2781 1274 αὐτοῖς
2826 1209 3239 1289 ἐπηγγείλατο),
3304 1207 3544 1284 ἐξῄεσαν
3582 1209 3799 1287 χαίρον-

2146 1322 2260 1367 τες.
2310 1300 2571 1363 Κάκεῖνος
2601 1298 2764 1360 πάλιν
2795 1300 2823 1355 6
2855 1300 3062 1365 νεανίας
3105 1303 3133 1356 6
3162 1296 3518 1374 ὑψηλότατος
3572 1299 3661 1354 καὶ
3716 1302 3799 1357 εὖ·

2149 1388 2513 1469 πρεπέστατος
2568 1389 2654 1445 καὶ
2713 1387 3092 1466 λαμπρότατος
3149 1389 3384 1460 θεαθεὶς,
3450 1388 3639 1465 παρὼν
3709 1387 3798 1463 μὲν

2148 1479 2242 1537 καΐ
2303 1479 2380 1536 ἔτι
2438 1480 2525 1535 καὶ
2600 1485 2678 1554 τῷ
2737 1478 3036 1557 Μαρκέλλῳ
3103 1479 3274 1536 συνὼν
3338 1479 3558 1557 ἑωρᾶτο
3613 1477 3699 1533 καί
3748 1499 3794 1533 τι

2149 1568 2493 1649 προσομιλῶν
2528 1584 2542 1598 ’
2591 1566 2719 1648 ἄχρι
2751 1566 2806 1624 δὲ
2838 1574 2942 1625 τῶν
2987 1568 3168 1625 πυλῶν
3210 1569 3377 1628 αὐτὸν
3439 1566 3796 1647 παραπέμψας

2148 1661 2210 1717 τὸ
2238 1658 2424 1716 λοιπὸν
2467 1658 2687 1722 ἀθέατος
2727 1659 2815 1737 ἧν,
2863 1656 3030 1715 οὑδενὶ
3058 1665 3165 1716 τῶν
3196 1659 3490 1735 παρόντων
3524 1653 3795 1737 ἀμφισϐη-

2148 1750 2405 1828 τήσιμος,
2439 1746 2577 1804 ἀλλὰ
2619 1754 2749 1804 πᾶσι
2806 1746 2968 1814 δῆλος
3026 1748 3306 1828 γινόμενος
3353 1745 3441 1803 ὅτι
3505 1754 3639 1805 Θεοῦ
3691 1744 3794 1801 λει-

2150 1839 2371 1918 τουργὸς
2402 1836 2501 1911 ὢν,
2536 1837 2733 1916 σχῇμά
2761 1858 2819 1894 τε
2850 1835 3037 1916 ἀνδρὸς
3096 1835 3363 1910 ὑπελθὼν,
3404 1833 3579 1915 φύλαξ
3637 1833 3795 1910 ἐπέμ-

2150 1931 2255 2007 φθη
2338 1928 2424 1985 καὶ
2471 1925 2754 2007 δορυφόρος
2846 1925 3163 2005 Μαρκέλλῳ.
3239 1923 3419 1984 Ἀλλὰ
3481 1930 3638 1982 τοῦτο
3710 1923 3794 1998 μέν

2148 2019 2299 2081 οὗτος
2329 2015 2691 2097 διαφερόντως
2735 2017 3017 2092 τετίμητο.
3050 2014 3179 2073 Μετ’
3216 2018 3275 2074 οὗ
3318 2012 3467 2072 πολὺ
3522 2011 3579 2070 δέ
3639 2013 3719 2070 καὶ
3767 2010 3795 2067 ἃ

2147 2119 2376 2185 προεῖπε
2432 2107 2494 2163 τὸ
2552 2103 2705 2171 τέλος
2759 2103 3000 2185 ἐδέχετο.
3062 2102 3453 2185 Ἀρδαϐούριος
3510 2103 3610 2182 γὰρ
3652 2101 3795 2172 πατρί

2148 2217 2206 2253 τε
2238 2197 2352 2272 ἅμα
2392 2196 2482 2253 καὶ
2514 2193 2726 2274 ἀδελφῷ
2759 2197 2848 2253 καὶ
2877 2194 3058 2260 ἄλλοις
3091 2198 3186 2255 οὒκ
3241 2193 3454 2273 ὀλίγοις
3503 2199 3612 2250 τῶν
3665 2192 3790 2260 ὀμο-

2149 2284 2309 2352 δόξων
2364 2285 2580 2363 τρυγίαν
2655 2290 2755 2352 τῆς
2832 2285 2995 2364 ὀργῆς
3079 2285 3419 2349 ἐκπεπωκὼς
3499 2280 3552 2347 ἐξ
3600 2280 3788 2359 ἀνθρώ-

2148 2398 2265 2432 πων
2322 2373 2657 2455 ἆνάρπαστο,
2691 2380 2761 2451 τῇ
2788 2372 2967 2432 λέοντι
3024 2375 3053 2430 ὁ
3109 2372 3343 2455 δράκων,
3392 2378 3464 2450 τῇ
3508 2370 3718 2451 βασιλεῖ
3766 2371 3788 2425 6

2148 2462 2405 2534 δυσσεϐὴς
2436 2463 2652 2528 δικαίως
2683 2461 3021 2544 παραδοθείς,

2231 2545 2358 2613 ΛΕ’.
2407 2554 2506 2612 ’Ἐν
2561 2552 2635 2610 ἔτι
2692 2552 2934 2611 λείπεται
2990 2554 3130 2611 κατὰ
3157 2554 3256 2622 τὰ)
3302 2553 3634 2635 ὑπόσχεσιν,
3677 2549 3787 2625 ὅπερ

2149 2644 2268 2722 ἄρτι
2327 2646 2573 2723 προσθεὶς
2627 2641 2778 2706 τέλος
2837 2642 3078 2714 ἐπιθήσω
3133 2645 3211 2720 τῷ
3273 2642 3453 2723 λόγω.
3515 2638 3787 2702 Λουκιανός

2149 2756 2233 2797 τις
2279 2733 2629 2797 Κώνσταντος
2657 2734 2768 2797 υἱὸς
2811 2730 3000 2812 ἀνδρὸς
3043 2734 3183 2812 μέγα
3227 2732 3283 2789 έν
3326 2739 3400 2810 τῇ
3444 2730 3614 2810 βουλῇ
3641 2729 3784 2797 δυνη-

2150 2823 2330 2889 θέντος
2366 2871 2383 2905 ,
2444 2822 2594 2887 οὗτος
2651 2828 2759 2879 τῶν
2831 2823 3172 2902 ἀνθρωπίνων
3248 2824 3476 2882 πάντων
3548 2817 3783 2899 ὑπεριδὼν

2148 2915 2239 2973 καὶ
2297 2914 2363 2971 τὰ
2420 2919 2526 2971 τῶν
2584 2915 2844 2993 μοναχῶν
2876 2911 3139 2994 ὑπελθὼν,
3187 2911 3243 2968 ἐν
3272 2912 3463 2992 χρόνῳ
3490 2913 3688 2991 βραχεῖ
3712 2906 3782 2963 διὰ

2148 3002 2466 3083 Μαρκέλλου
2507 3002 2746 3065 πολλοὺς
2790 3003 2877 3060 καὶ
2924 3009 3031 3060 τῶν
3087 3003 3142 3060 έν
3201 3002 3438 3075 ἀσκήσει
3492 2998 3779 3082 γεγηρακό-

429 3094 1061 3177 exercitatione,longe
1085 3116 1120 3161 a
1147 3105 1312 3178 tergo
1341 3098 1590 3180 reliquit
1619 3117 1631 3158 :
1658 3118 1836 3181 quem
1861 3099 2067 3163 dicunt

2154 3116 2251 3169 των
2308 3094 2479 3152 ὀπίσω
2534 3093 2792 3175 τέθεικεν,
2837 3090 2895 3150 ὄν
2926 3115 3084 3175 φασιν
3141 3094 3244 3150 ὑπὸ
3288 3092 3528 3170 μηδενὸς
3584 3092 3781 3167 ὀφθῆναι

425 3205 460 3251 a
481 3184 646 3248 nullo
668 3203 926 3267 unquam
952 3205 1086 3250 esse
1101 3188 1294 3250 visum
1321 3207 1432 3253 nec
1450 3188 1833 3266 irascentem,
1868 3208 2065 3272 neque

426 3275 611 3339 multa
636 3275 1005 3357 loquentem,
1039 3277 1142 3340 sed
1178 3296 1376 3359 neque
1421 3278 1526 3341 ulli
1562 3278 1926 3359 praebentem
1963 3281 2066 3343 irae

423 3366 1153 3449 occasionem.ls,quando
1183 3367 1377 3431 bonus
1410 3376 1581 3451 pater
1609 3369 1924 3433 Marcellus
1955 3389 2064 3434 ex-

422 3454 1010 3537 nedebat,astans,et
1032 3457 1346 3539 plusquam
1380 3458 1482 3521 alii
1509 3458 1863 3540 lacrymans,
1887 3477 2067 3539 roga-

424 3543 706 3628 bat,hanc
728 3544 839 3608 sibi
868 3546 992 3609 dari
1011 3549 1261 3628 gratiam
1290 3570 1307 3624 ;
1333 3566 1404 3612 ea
1420 3556 1614 3612 autem
1637 3557 1785 3627 erat,
1820 3568 1897 3613 ne
1927 3568 2062 3613 eum

423 3635 760 3718 despiceret
780 3637 879 3701 hic
905 3637 1334 3721 solum,neque
1365 3640 1590 3704 sineret
1620 3658 1757 3703 eum
1788 3658 1921 3703 esse
1952 3640 2066 3723 ipsi

421 3725 597 3808 longo
630 3734 901 3809 tempore
931 3728 1340 3813 superstitem,
1372 3748 1570 3813 neque
1600 3729 1763 3794 enim
1795 3748 1860 3792 se
1889 3749 2067 3812 posse

422 3815 680 3897 amplius
707 3824 872 3881 recte
900 3817 1120 3894 vivere,
1153 3812 1307 3882 sicut
1347 3812 1549 3899 neque
1568 3837 1778 3883 navem
1799 3826 1923 3882 tuto
1956 3839 2067 3883 na-

424 3904 644 3985 vigare,
677 3924 807 3988 quae
835 3906 1040 3972 amisit
1069 3907 1556 3988 gubernatorem.
1597 3909 1667 3973 Et
1691 3908 1795 3973 ille
1824 3910 2069 3991 quidem

425 3993 555 4057 haec
589 4011 603 4058 :
640 3997 954 4061 Marcellus
985 4016 1124 4062 vero
1156 4017 1290 4062 cum
1328 3999 1472 4062 vidit
1510 4017 1648 4063 eum
1680 4017 1891 4080 magna
1920 4000 2069 4064 atie-

426 4092 580 4145 ctum
612 4087 832 4148 tristitia
867 4110 881 4146 :
914 4089 1073 4159 Esto,
1104 4093 1314 4167 inquit,
1341 4093 1494 4153 bono
1525 4094 1754 4153 animo:
1780 4107 1915 4152 nam
1934 4108 2067 4152 eum

427 4187 536 4251 ego
567 4189 904 4255 excessero,
931 4182 991 4237 tu
1023 4194 1264 4259 quoque
1295 4179 1709 4260 consequeris,
1742 4190 1806 4241 et
1832 4177 2073 4240 insistes

425 4261 689 4343 vestigiis
719 4262 872 4343 ejus,
905 4283 1087 4347 quem
1132 4266 1465 4331 desideras.
1496 4270 1645 4330 Cum
1677 4268 1767 4330 sic
1794 4266 2067 4344 dixisset,

425 4357 601 4430 paulo
632 4365 760 4427 post
786 4356 964 4417 ﬁnem
998 4360 1218 4432 accepit
1246 4360 1400 4433 quod
1438 4359 1657 4419 dictum
1697 4361 1899 4419 fuerat.
1927 4361 2067 4419 Nam

426 4458 563 4537 cum
592 4441 696 4504 ille
725 4441 1038 4537 decessum
1068 4462 1224 4524 aegre
1251 4444 1459 4537 terret,
1489 4453 1550 4507 et
1595 4445 2071 4537 totusdeinceps
2095 4485 2138 4537 ο

429 4531 692 4612 quinque
720 4529 849 4594 dies
878 4544 939 4594 et
971 4542 1182 4595 noctes
1211 4532 1285 4596 ad
1316 4533 1536 4596 fossam
1587 4536 1783 4616 magni
1808 4535 2071 4601 Marcelli

426 4619 770 4700 mansisset,
797 4629 929 4701 post
961 4621 1125 4684 illum
1159 4623 1338 4703 mori,
1373 4624 1578 4699 vitam,
1611 4626 1743 4690 sine
1765 4645 1837 4691 eo
1870 4634 2072 4690 autem

427 4709 1103 4792 superstitem,mortem
1125 4713 1403 4777 acerbam
1427 4715 1799 4792 existimans,
1833 4718 1905 4781 ad
1935 4736 2071 4781 eum

428 4801 490 4864 in
507 4801 734 4864 somnis
750 4801 917 4865 venit
945 4820 1195 4883 magnus
1236 4801 1575 4885 Marcellus,
1608 4823 1966 4870 conversum
1996 4808 2071 4871 ad

427 4895 869 4970 sepulcrum,et:
891 4895 1023 4965 Cur,
1055 4899 1260 4969 inquit,
1298 4906 1350 4957 te
1369 4898 1607 4959 aﬂlictas
1628 4910 1686 4960 et
1712 4901 1973 4974 quereris
2003 4902 2073 4961 de

426 4981 713 5051 tarditate,
745 4988 799 5040 et
815 4995 930 5040 non
953 4981 1141 5042 credis
1162 4986 1190 5039 Ὺ
1212 4982 1336 5057 Ego
1358 4984 1539 5044 Deum
1562 5001 1668 5058 pro
1693 4992 1748 5046 te
1782 4996 2068 5059 precatus,

430 5066 603 5131 ell‘eci
621 5066 685 5132 id
702 5065 862 5149 quod
886 5067 990 5131 tibi
1011 5069 1279 5151 expedit,
1312 5078 1373 5133 et
1401 5072 1597 5135 statim
1616 5070 1692 5134 ad
1721 5090 1820 5135 me
1843 5073 2070 5138 venies.

427 5160 564 5227 Fuit
587 5162 691 5243 ita;
713 5170 771 5226 et
793 5163 969 5227 tertio
1009 5173 1143 5246 post
1164 5165 1265 5229 die
1284 5183 1321 5230 e
1352 5170 1470 5229 vita
1490 5166 1728 5231 excedit
1755 5166 2074 5251 Lucianus,

431 5267 561 5312 eum
575 5255 730 5333 solos
752 5264 879 5314 octo
898 5256 1022 5314 dies
1040 5257 1462 5330 iuissetmagno
1486 5257 1751 5317 Marcello
1766 5270 2077 5333 superstes.

511 5332 770 5403 XXXVI.
804 5338 992 5413 Quam
1022 5339 1211 5404 multa
1241 5340 1670 5424 Marcelli,quae
1698 5332 2077 5425 suntibujus-

431 5427 616 5502 modi,
652 5427 769 5490 alia
788 5427 1034 5510 quidem
1059 5430 1432 5510 majora,alia
1454 5444 1654 5496 autem
1679 5451 1801 5497 non
1831 5435 2076 5499 omnino

428 5515 716 5579 inferiora
732 5517 764 5577 ‘l
784 5528 928 5598 quot
947 5518 1167 5599 linguae
1190 5520 1539 5584 suffecerint
1567 5523 1640 5586 ad
1675 5525 2070 5604 narrandum,

431 5612 490 5671 et
519 5613 662 5689 quot
691 5604 833 5669 libri
853 5607 924 5671 ad
945 5625 1016 5671 ea
1037 5625 1172 5688 quae
1192 5610 2024 5697 scriberentur,suscipienda
2046 5623 2074 5681 ‘2

2148 3181 2415 3261 μηδέποτε
2458 3183 2589 3261 μήτ’
2647 3183 2989 3264 ὀργιζόμενον
3048 3182 3187 3259 μήτε
3243 3183 3430 3241 πολλὰ
3497 3179 3775 3262 φθεγγόμε-

2146 3296 2261 3347 νον,
2332 3273 2475 3331 ἀλλὰ
2516 3274 2627 3348 μὴν
2658 3272 2796 3350 μηδέ
2827 3272 2980 3349 ἄλλῳ
3019 3274 3268 3355 ἀφορμὴν
3320 3275 3491 3354 ὀργῆς
3552 3266 3771 3348 παρεχό-

2147 3385 2330 3439 μενον.
2393 3362 2555 3427 Οὖτος
2620 3370 2734 3440 οὖν,
2795 3364 2952 3433 ἡνίκα
3007 3366 3035 3421 6
3102 3364 3347 3444 χρηστὸς
3411 3362 3560 3438 αὔτῷ
3615 3356 3775 3434 Πατὴρ

2148 3451 2387 3529 ὲξεδιξμει
2458 3450 2788 3533 Μάρκελλος,
2868 3454 3143 3530 παραστὰς
3217 3452 3383 3512 πλέον
3458 3458 3563 3510 τῶν
3621 3446 3774 3505 ἄλλων

2148 3540 2525 3623 δεδακρυμένος
2580 3542 2724 3612 ἠξίου
2781 3545 2868 3602 καὶ
2924 3545 3119 3612 ταύτην
3204 3546 3349 3619 αὐτῷ
3407 3545 3506 3612 τὴν
3563 3538 3779 3619 ἐσχάτην

2148 3632 2365 3701 δοθῆναι
2405 3633 2565 3714 χάριν
2593 3650 2608 3666 °
2669 3637 2702 3702 ἡ
2746 3633 2800 3690 δέ
2826 3633 2894 3703 ἦν
2924 3634 3002 3711 μὴ
3046 3632 3304 3714 περιιδεῖν
3368 3633 3529 3691 αὐτὸν
3585 3628 3780 3687 ἐνταῦθα

2151 3724 2313 3799 μόνον
2368 3722 2506 3801 μηδέ
2575 3722 2901 3782 καταλιπεῖν
2973 3722 3138 3782 πολὺν
3214 3721 3500 3782 ἐπιϐιῶναι
3551 3718 3734 3801 χρόνον
3764 3730 3777 3748 '

2153 3810 2291 3892 μηδέ
2334 3813 2437 3894 γὰρ
2479 3813 2722 3871 δύνασθαι
2778 3820 2874 3891 ζῇν
2922 3813 2998 3873 ἔτι
3057 3812 3262 3891 καλῶς,
3298 3814 3484 3892 ὥσπερ
3515 3808 3626 3870 οὑδέ
3674 3810 3780 3894 ναῦν

2153 3893 2414 3982 ἀσφαλῶς
2445 3903 2611 3962 πλεῖν
2652 3906 2746 3963 τὸν
2798 3902 3129 3983 κυϐερνήτην
3180 3902 3581 3965 ἀποϐαλοῦσαν.
3640 3893 3776 3957 Καὶδ

2156 3992 2253 4071 μέν
2283 3996 2469 4074 ταῦτα,
2503 3994 2531 4051 6
2561 3993 2617 4051 δέ
2644 3997 2718 4059 ὡς
2761 3993 2881 4053 λίαν
2936 3995 3091 4052 αὑτὸν
3150 3994 3290 4075 ἑώρα
3332 3994 3621 4073 περιαλγῆ,
3654 3985 3780 4062 Θάρ’

2156 4104 2263 4160 σει,
2299 4082 2400 4165 ἔφη
2436 4100 2451 4117 ⁸
2487 4084 2618 4161 ἐμοῦ
2672 4085 2775 4165 γὰρ
2831 4083 3155 4150 ἀπελθόντος
3188 4087 3276 4144 καὶ
3309 4086 3469 4150 αὑτὸς
3499 4075 3779 4165 ἀκολουθῶν

2154 4171 2251 4251 ἔσῃ
2300 4175 2388 4231 καί
2429 4176 2569 4233 κατὰ
2620 4164 2785 4240 πόδας
2846 4174 3002 4255 ἀφίξῃ
3058 4182 3153 4232 τοῦ
3208 4174 3561 4253 ποθουμένου.
3598 4164 3778 4266 Ὀῧξῗς

2153 4264 2394 4328 εἰπόντος
2451 4264 2611 4344 πέρας
2654 4266 2792 4341 μετᾶ
2850 4268 3041 4343 μικρὸν
3091 4263 3313 4346 ἐδέχετο
3372 4268 3436 4323 τὸ
3490 4259 3661 4343 ῥηθέν.
3698 4259 3777 4346 ’Χς

2152 4354 2251 4432 γὰρ
2314 4343 2528 4419 ἐκεῖνος
2579 4354 2697 4411 λίαν
2760 4354 2965 4433 βαρέως
3021 4356 3122 4424 τὴν
3184 4343 3450 4424 τελευτὴν
3509 4350 3654 4430 ἔφερε
3703 4343 3777 4400 καὶ

2153 4442 2294 4500 ὒλων
2354 4443 2473 4511 ἑξῆς
2505 4445 2722 4522 ἡμερῶν
2754 4446 2840 4501 καί
2897 4448 3097 4505 νυκτῶν
3157 4444 3316 4503 πέντε
3371 4443 3513 4524 παρὰ
3565 4440 3653 4496 τὸν
3696 4440 3775 4490 τοῦ

2155 4533 2396 4612 μεγάλου
2451 4535 2613 4615 τάφον
2675 4532 2928 4611 διέμεινε,
2979 4537 3041 4593 τὸ
3069 4535 3157 4593 ἐπ’
3199 4535 3384 4611 ἐκείνῳ
3437 4538 3616 4592 θανεῖν
3668 4528 3771 4600 ζῇν,

2154 4624 2215 4681 τὸ
2267 4622 2323 4681 δέ
2374 4614 2542 4704 χωρίς
2572 4626 2729 4683 αδτοῢ
2778 4638 3042 4705 περιεῖναι
3082 4628 3270 4707 πικρὸν
3299 4627 3593 4705 ἡγούμενος
3624 4614 3768 4673 θάνα-

2154 4738 2269 4789 τον,
2329 4715 2602 4796 ἐφίσταται
2640 4717 2686 4774 ’ὀ
2744 4718 2914 4797 μέγας
2972 4720 3114 4793 αὑτῷ
3166 4720 3297 4798 πρὸς
3367 4717 3524 4775 ὕπνον
3581 4708 3663 4768 ἐπί
3707 4707 3771 4798 τῷ

2156 4806 2305 4886 τάφῳ
2334 4791 2615 4887 τραπέντι,
2669 4791 2781 4871 καί.
2816 4791 2997 4883 ’.Ινατί,
3046 4791 3219 4889 conci,
3265 4807 3640 4890 δυσχεραίνεις,
3694 4791 3767 4893 καί

2155 4896 2344 4977 μέμφῃ
2371 4895 2679 4977 βραδυτῆτι,
2710 4901 2801 4956 καὶ
2857 4899 3109 4965 ἀπιστεῖς
3143 4917 3160 4975 ;
3212 4896 3355 4980 Ἐγώ
3411 4918 3503 4955 σου
3543 4896 3630 4949 τοῦ
3657 4893 3769 4980 θεολξ

2154 4967 2382 5055 δεῖιθέἒς.
2407 4967 2471 5044 ἰτὸ
2521 4967 2744 5070 πρᾶγμα
2823 4989 2878 5046 ἐν
2960 4997 3038 5066 τῷ
3100 4967 3372 5047 λυσιτελεῖ
3424 4986 3660 5070 τέθεικα,
3696 4967 3767 5070 κξῖ

2157 5074 2296 5144 ἥξεις
2353 5074 2477 5135 ὅσον
2509 5058 2602 5135 οδλι
2643 5058 2763 5147 ’ἤδη
2820 5081 2951 5160 πρὸς
3002 5058 3094 5157 με.
3122 5116 3127 5119 ~
3153 5078 3345 5159 Γέγονε
3375 5082 3556 5146 ταῦτα,
3587 5066 3667 5169 ita?
3705 5058 3766 5169 εξ(

2157 5167 2341 5245 τρίτην
2394 5168 2423 5224 6
2469 5171 2759 5234 Λουκιανὸς
2821 5155 3101 5228 ἀπολείπει
3160 5155 3251 5226 τὸν
3300 5168 3438 5247 βίον,
3490 5163 3610 5224 ὄλας
3638 5155 3761 5211 ὀκτὼ

2160 5259 2326 5335 μόνας
2357 5256 2617 5330 ἐπιζήσας
2646 5265 2724 5335 τῷ
2753 5260 2978 5340 μεγάλῳ
3003 5258 3233 5338 ἡμέρας.

2244 5347 2396 5422 Λς”.
2431 5348 2578 5406 Πόσα
2632 5331 2854 5407 uindicat
2912 5331 3252 5430 Μαρκέλλου,
3312 5348 3378 5406 τὰ
3431 5341 3522 5435 μέν
3549 5331 3759 5435 κρείξξωι

2157 5437 2224 5497 τὰ
2286 5420 2342 5494 δέ
2398 5439 2611 5505 πάντως
2664 5441 2767 5521 οὑχ
2796 5439 2945 5508 ἥττω
2978 5420 3198 5518 ,Πόσαι
3228 5420 3292 5496 iis
3336 5420 3586 5521 ἀρκέσωσι
3611 5420 3760 5520 γλιῖζφ

2158 5550 2271 5609 σαι,
2333 5529 2500 5586 πόσαι
2533 5527 2589 5586 δέ
2619 5518 2832 5610 χεῖρές,
2861 5531 3024 5588 πόσαι
3053 5528 3109 5586 δέ
3160 5526 3333 5607 βίϐλοι
3388 5526 3512 5604 πρὸς
3541 5518 3629 5584 τὴν

2158 5618 2506 5700 γραφομένων
2577 5618 2875 5704 ὑποδοχὴν,
2932 5620 3034 5680 ὅσα
3076 5622 3178 5680 καὶ
3236 5619 3367 5702 ὑπέρ
3394 5615 3625 5695 ἑξήκοντα
3672 5611 3753 5663 την
