4022 6146
191 289 308 359 745

1151 288 1333 360 VITA
1376 296 1436 358 S.
1490 286 1880 359 MARCELLI
1921 286 2615 360 ARCHIMANDRITA‘J.

3443 284 3567 363 746

189 433 417 503 ἄσκησιν
458 435 771 514 παρατείνας
827 435 921 502 ἔτη
952 434 1007 490 ἐν
1062 445 1285 513 συνεχεῖ
1325 436 1536 512 ἒνήργει
1578 434 1642 490 τὰ
1698 434 1866 491 θεώ-ὲ

1952 431 2023 501 ξιιί
2045 450 2177 492 cum
2203 430 2689 493 exercitationem
2711 429 2864 494 ultra
2888 431 3198 512 sexaginta
3220 451 3408 495 annos
3436 452 3575 514 pro-

192 544 387 602 ματα;
447 527 599 590 Τίνος
648 526 746 597 μὲν
786 527 991 590 ἐκεῖνος
1051 526 1146 582 οὒκ
1204 525 1257 579 ἐν
1329 524 1497 601 ἀγῶσι
1568 524 1845 602 καρτερὸς,

191 613 333 678 τίνος
392 612 447 669 δὲ
506 617 564 672 ού
620 616 751 693 πρὸς
795 613 1005 691 ἀγῶνας
1052 611 1457 691 ὠφελιμώτερος
1501 633 1515 683 ;
1555 616 1652 670 Καὶ
1708 614 1848 677 τίνος

188 704 286 759 οὔκ
357 703 423 770 ἦν
494 717 614 767 τοῖς
671 701 1058 781 σφαλλομένοις
1122 702 1533 781 ἐπιεικέστερος,
1598 703 1681 757 καὶ
1729 703 1846 779 περὶ

188 791 289 857 τὴν
360 793 638 870 θεραπείαν
706 789 1154 869 ἐπιμε).ἐστερος;
1216 793 1304 856 Τίς
1366 789 1505 849 οὕτω
1566 791 1686 856 τοῖς
1747 790 1845 866 μὲν

189 877 555 952 ἀδικουμένοις
607 877 920 957 ἑκδικητὴς,
948 892 1067 942 τοῖς
1128 876 1364 936 ἂδικοῦσι
1394 878 1448 935 δέ
1508 878 1583 954 μή
1620 901 1845 958 συγχω-

190 980 303 1045 ρεῖν
342 968 584 1026 ἀδικεῖεν
613 967 776 1036 ὅλως,
802 966 939 1023 ἀλλᾶ
980 970 1076 1023 καὶ
1111 968 1475 1045 ἀντιπράττων
1505 968 1697 1042 καὶμὴ
1727 980 1847 1030 τοῖς

189 1057 408 1113 ἐκείνων
475 1057 704 1115 ευδοκῶν
779 1055 1128 1130 θελήμασινς
1210 1059 1373 1119 Οὗτος
1415 1057 1472 1113 ἐν
1544 1058 1702 1114 παντὶ
1771 1062 1848 1130 τῷ

192 1147 293 1224 βίῷ
353 1146 452 1212 τὴν
482 1147 580 1221 μὲν
638 1145 770 1213 ὅλην
829 1146 989 1201 νύκτα
1050 1144 1242 1224 σχεδὸν
1277 1147 1362 1202 καὶ
1410 1146 1507 1214 τῆς
1537 1146 1739 1225 ἡμέρας
1790 1147 1850 1202 τὸ

1932 521 2194 594 duxerit,
2230 519 2517 582 miracula
2564 519 2803 583 assidue
2847 520 3123 584 faciebat.
3157 521 3284 595 Quo
3315 541 3434 584 non
3466 523 3575 585 l'uit

1931 610 2170 691 quidem
2196 608 2297 671 ille
2322 609 2383 670 in
2407 608 2833 671 certaminibus
2865 611 3072 673 fortior
3092 611 3123 672 ?
3154 612 3281 685 Quo
3313 630 3431 674 non
3463 630 3573 674 au-

1931 708 2047 760 tem
2084 699 2155 760 ad
2187 700 2512 760 certamina
2554 698 2758 760 utilior
2790 698 2816 759 ?
2846 706 2904 761 et
2932 719 3049 781 quo
3080 719 3198 763 non
3232 701 3340 763 fuit
3382 702 3443 765 in
3473 719 3577 764 eos

1929 795 2030 870 qui
2057 788 2427 864 labebantur,
2458 786 2679 869 mitior,
2705 788 2836 851 etin
2863 790 3193 869 praestando
3220 790 3409 853 oﬂicio
3434 791 3575 854 dili-
3648 794 3663 806 '

1930 881 2183 954 gentior?
2204 879 2343 948 Quis
2364 882 2448 937 sic
2470 880 2722 939 defendit
2753 881 2976 953 eos,qui
3002 881 3399 941 efﬁciebantur
3422 882 3578 955 inju-

1930 964 2046 1029 ria?
2068 967 2140 1027 iis
2160 976 2385 1046 autem,
2411 965 2514 1047 qui
2536 965 2818 1046 injuriam
2856 965 3170 1042 faciebant,
3195 968 3439 1029 omnino
3457 987 3576 1030 non

1933 1055 2311 1136 permittens,
2341 1054 2444 1116 sed
2478 1057 2788 1130 resistens,
2824 1062 2884 1117 et
2914 1072 3119 1117 eorum
3152 1056 3431 1118 voluntati
3467 1057 3578 1118 mi.

1936 1146 2096 1206 nime
2126 1145 2459 1206 assentiens
2488 1142 2514 1206 ?
2544 1142 2643 1206 Sic
2675 1144 2735 1204 in
2769 1151 2890 1205 tota
2921 1145 3059 1218 vita,
3097 1153 3276 1207 totam
3331 1147 3575 1224 quidem

193 1236 453 1292 πλεῖστον
485 1235 651 1310 ᾠδαῖς
715 1257 772 1293 τε
814 1238 902 1292 καὶ
958 1238 1152 1314 εὐχαῖς
1210 1237 1296 1291 καὶ
1338 1249 1460 1298 ταῖς
1520 1234 1707 1300 ἄλλαις
1759 1241 1852 1292 τοῦ

1952 1244 2197 1315 ioctem,
2218 1234 2333 1295 diei
2356 1251 2493 1295 vero
2520 1232 2865 1314 plurimum,
2892 1232 3069 1294 dabat
3095 1236 3341 1297 canticis
3366 1242 3421 1295 et
3445 1253 3577 1316 pre-

198 1333 332 1383 Θεοῦ
393 1325 738 1404 λειτουργίαις
780 1322 968 1398 ἐδίδου,
1018 1326 1076 1381 τὸ
1125 1323 1179 1380 δὲ
1227 1323 1413 1382 λοιπὸν
1470 1327 1606 1403 τρισὶ
1652 1326 1850 1386 τούτοις

1952 1323 2102 1385 :ibus
2131 1333 2190 1385 et
2219 1322 2349 1384 aliis
2382 1321 2486 1384 Dei
2519 1321 2887 1397 ministeriis,
2923 1323 3217 1403 reliquum
3251 1332 3448 1386 autem
3485 1323 3581 1385 his

198 1415 431 1494 ἐμέριζε,
495 1416 590 1473 Καὶ
649 1421 856 1492 πρῶτον
919 1413 1014 1489 μὲν
1076 1414 1217 1487 αύτῷ
1271 1414 1570 1493 προσῄεσαν
1615 1417 1660 1471 οἱ
1734 1428 1850 1476 τοῖς

1952 1412 2127 1472 .ribus
2161 1411 2568 1491 dispertiebat.
2605 1409 2672 1471 Et
2709 1410 2886 1491 primi
2918 1411 3156 1491 quidem
3189 1412 3260 1473 ad
3306 1430 3441 1473 eum
3474 1431 3577 1475 ac-

199 1506 498 1582 λογισμοῖς
558 1502 955 1583 διοχλούμενοι,
1010 1507 1095 1566 οἷς
1139 1501 1306 1570 δήπου
1346 1506 1433 1559 καὶ
1491 1507 1549 1559 τὸ
1608 1502 1857 1581 ἁρμόδιον

1952 1500 2252 1575 cedebant,
2290 1501 2389 1582 qui
2421 1499 2782 1562 vexabantur
2840 1500 3333 1578 cogitationibus:
3369 1501 3583 1582 quibus

199 1595 435 1650 έκᾶστοῦ
501 1598 735 1671 προσῆγε
794 1594 1093 1672 φάρμακον,
1127 1593 1192 1651 τὰ
1242 1594 1338 1663 μὲν
1396 1596 1535 1666 αὒτῷ
1576 1599 1671 1661 τῆς
1717 1596 1857 1655 θείας

1952 1589 2116 1651 labat
2172 1591 2492 1672 unicuique
2545 1591 3044 1651 medicamentum
3089 1589 3475 1672 conveniens,
3526 1591 3583 1653 ei

200 1687 446 1763 Γραφῆς,
479 1682 544 1738 τὰ
604 1680 657 1738 δὲ
705 1683 794 1739 καὶ
848 1684 942 1750 τῆς
988 1681 1046 1737 ἐκ
1095 1684 1278 1758 πείρας
1320 1685 1666 1764 χορηγούσης
1730 1707 1857 1740 συν-

1952 1682 2150 1762 partim
2185 1680 2422 1761 quidem
2458 1679 2653 1742 divina
2686 1678 2990 1760 Scriptura
3040 1698 3108 1741 ea
3138 1680 3577 1761 suppeditante,

198 1775 389 1834 ἑσεως,
456 1770 582 1827 Μετ’
644 1771 870 1834 ἐκείνους
919 1779 1024 1829 τῶν
1068 1771 1422 1847 ἀδικουμένων
1475 1774 1539 1841 ἦν
1685 1797 1852 1852 προσ-

1952 1770 2151 1847 partim
2184 1778 2380 1830 autem
2417 1769 2731 1850 prudentia
2763 1778 2820 1830 et
2860 1768 3246 1850 experientia.
3280 1768 3417 1831 Post
3448 1768 3583 1829 illos

198 1862 427 1926 έλευσις.
511 1860 845 1921 Ἐπιστείλας
919 1860 972 1917 δὲ
1030 1864 1114 1919 καὶ
1181 1863 1309 1936 ὑπὲρ
1373 1863 1543 1918 αὒτῶν
1606 1863 1849 1942 ἄρχουσι,

1952 1859 2329 1934 accedebant,
2356 1860 2455 1940 qui
2477 1866 2645 1921 erant
2666 1858 2856 1921 alfccti
2877 1857 3113 1938 injuria.
3138 1860 3283 1919 Cum
3303 1876 3440 1919 vero
3475 1874 3582 1938 pro

196 1951 529 2023 δικάζουσιν,
596 1955 779 2013 αύτοτς
845 1951 1064 2015 ἐκεί-,εις
1122 1950 1411 2025 ἀδικούσιν,
1462 1954 1503 2007 εἰ
1572 1952 1724 2032 χρεία
1790 1953 1856 2020 ἧν

1952 1948 2042 2013 eis
2066 1948 2290 2010 litteras
2317 1948 2656 2029 scripsisset
2680 1948 2749 2010 ad
2779 1946 3427 2030 prtesides,judices,ad
3452 1946 3586 2007 illos

195 2043 395 2115 καὶτῷ
453 2038 667 2116 βασιλεῖ
724 2040 949 2115 κάκείνῳ
980 2042 1078 2119 γὰρ
1134 2040 1401 2118 αἱδέσιμὸς
1460 2042 1554 2122 ἧν,
1586 2044 1673 2098 καὶ
1730 2064 1853 2099 πει-

194 2130 407 2206 θομένῳ
460 2130 662 2210 εχρῆτο
720 2133 852 2207 πρὸς
911 2131 1039 2208 ὅπερ
1097 2128 1158 2185 ἂν
1218 2133 1245 2187 ὁ
1318 2131 1489 2208 μέγας
1548 2129 1854 2212 ἧϐούλετο)·

199 2221 327 2277 εἶτα
378 2222 466 2275 καὶ
511 2223 641 2303 πρὸς
694 2221 815 2279 τοὺς
877 2228 1157 2286 νοσοῦντας
1217 2220 1466 2298 ἐτρέπετο
1510 2223 1597 2277 καὶ
1656 2222 1859 2285 πάντας

200 2310 627 2388 περιερχόμενος
683 2308 752 2365 τά
776 2331 832 2365 τε
887 2312 1017 2379 πρὸς
1066 2310 1163 2377 τὴν
1214 2309 1504 2386 ἀναγκαίαν
1533 2310 1716 2390 χρείαν
1768 2310 1861 2369 καῖ

198 2399 269 2455 τὰ
334 2401 461 2477 πρὸς
517 2399 791 2476 θεραπείαν
852 2401 1022 2475 ἒπῆγε
1076 2403 1153 2472 τῷ
1195 2398 1425 2474 σώματι.
1486 2400 1665 2462 Οὕτως
1719 2398 1861 2458 οὐδὲν

208 2487 356 2551 ὅλως
412 2491 487 2560 τῷ
545 2486 836 2566 Μαρκέλλῳ
894 2488 1036 2548 ἀπῖν
1096 2487 1124 2543 ὃ
1181 2500 1298 2548 τοῖς
1360 2489 1703 2564 ὑμνουμένοις
1759 2496 1862 2546 τῶν

214 2574 385 2632 πάλαι
444 2579 637 2653 παρῆν,
684 2573 931 2644 Ἀλλ’ἧθ
986 2577 1126 2647 αὒτῷ
1185 2576 1473 2655 προφητῶν
1525 2589 1621 2653 μὲν
1682 2580 1716 2646 ἡ
1775 2585 1865 2636 τού

215 2666 390 2722 πάντα
434 2671 630 2743 προρᾷν
688 2665 870 2745 χάρις,
931 2667 1276 2746 πατριαρχών
1335 2664 1388 2720 δὲ
1447 2667 1482 2735 ἡ
1546 2674 1638 2723 τοῦ
1692 2668 1865 2725 πάντα

209 2753 424 2833 θαρῤελν
468 2756 669 2831 πίστις,
704 2753 934 2818 Μωσέως
981 2755 1077 2828 μὲν
1106 2756 1140 2822 ἡ
1199 2753 1462 2831 πραότης,
1497 2754 1677 2822 ’[ησού
1725 2755 1858 2835 (sic)

1940 2038 2232 2120 ipsos,qui
2256 2037 2547 2100 faciebant
2568 2037 2879 2118 injuriam,
2903 2044 2961 2099 et
2978 2038 3025 2099 si
3046 2056 3195 2118 opus
3220 2043 3367 2111 erat,
3405 2037 3581 2098 etiam

1941 2127 2010 2188 ad
2041 2126 2233 2207 ipsum
2260 2127 2682 2207 imperatorem
2708 2128 2872 2206 (nam
2898 2127 2981 2188 illi
3007 2144 3243 2209 quoque
3275 2132 3400 2189 erat
3422 2143 3589 2188 reve-

1942 2218 2189 2297 rendus,
2217 2226 2276 2278 et
2302 2216 2751 2297 obtemperabat
2773 2216 2844 2278 ad
2870 2216 2952 2291 id,
2980 2218 3133 2297 quod
3168 2235 3415 2296 magnus
3439 2216 3589 2278 vole-

1945 2305 2044 2366 bat
2060 2304 2422 2386 Marcellus),
2457 2304 2839 2366 convertebat
2865 2304 3082 2367 deinde
3107 2306 3179 2367 ad
3209 2311 3586 2387 aegrotantes,
3625 2383 3634 2389 ε

1944 2403 2003 2456 et
2030 2413 2240 2457 omnes
2272 2393 2503 2470 obiens,
2540 2394 2626 2456 eis
2655 2392 2975 2457 exhibebat
3004 2412 3135 2475 quae
3161 2393 3248 2456 eis
3277 2401 3447 2457 erant
3476 2411 3588 2457 ne-

1945 2484 2202 2546 cessaria
2226 2485 2297 2545 ad
2321 2484 2755 2561 alimentum,ct
2775 2483 2846 2544 ad
2870 2484 3196 2546 curandum
3222 2501 3457 2564 corpus.
3492 2482 3593 2546 Sic

1948 2572 2093 2634 nihil
2125 2574 2370 2635 omnino
2398 2573 2604 2636 aberat
2632 2573 2934 2649 Marcello,
2965 2572 3121 2654 quod
3153 2572 3353 2635 aderat
3384 2571 3459 2633 iis
3489 2572 3592 2654 qui

1948 2664 2087 2725 olim
2112 2661 2652 2726 laudabantur.Sed
2671 2671 2797 2723 erat
2819 2662 2872 2723 ei
2897 2662 3317 2743 prophetarum
3346 2660 3588 2743 quidem

1949 2752 2134 2831 gratia
2165 2751 2365 2812 omnia
2396 2750 3263 2833 praevidendizpatriarcharum
3293 2758 3488 2812 autem
3516 2750 3586 2812 ﬁ-

210 2843 263 2900 δὲ
322 2846 352 2900 ὁ
409 2842 571 2915 ζῆλος
617 2844 704 2899 καὶ
751 2844 785 2911 ἡ
846 2840 1020 2900 δικαία
1072 2844 1206 2899 κατὰ
1251 2850 1354 2900 τῶν
1399 2844 1684 2921 ἀνθρώπων
1742 2843 1861 2901 ἀδι-

1952 2842 2075 2921 des,
2110 2860 2239 2921 qua:
2270 2840 2591 2921 efficiebat,
2619 2849 2683 2901 ut
2717 2839 2924 2902 ﬁdenti
2947 2850 3104 2901 esset
3131 2839 3330 2904 animo
3361 2840 3423 2901 iu
3454 2857 3591 2901 om-

209 2955 445 2990 κουντων
476 2933 636 3013 ὀργὴ,
679 2935 786 2989 τῶν
817 2931 871 2988 δὲ
916 2935 1168 3008 μαθητῶν
1217 2932 1412 3013 Πέτρου
1458 2935 1553 3007 μὲν
1580 2936 1614 3002 ἡ
1665 2934 1862 3013 θερμό-

1952 2922 2166 2993 nibus:
2206 2930 2414 3011 Moysis
2446 2931 2684 3011 quidem
2732 2929 3149 3006 mansuetudo,
3182 2931 3365 2990 Josue
3395 2936 3593 2991 autem

399 3022 417 3046 θ
510 3022 523 3043 Ι
750 3022 766 3041 ς
825 3022 836 3039 θ
1058 3024 1069 3043 Ι
1311 3028 1338 3038 ιιι·
1578 3025 1592 3043 ἢ
1838 3024 1852 3043 \

213 3046 342 3103 της,
427 3031 652 3078 Ιωαννου
720 3020 774 3077 δε
824 3045 859 3089 η
916 3020 1166 3100 θεολογος
1235 3021 1450 3100 γλωσσα
1508 3045 1593 3080 και
1652 3025 1686 3093 ἡ
1731 3045 1865 3098 μετα

1952 3021 2134 3101 zelus,
2167 3032 2225 3082 et
2250 3020 2407 3099 justa
2438 3022 2526 3081 ira
2556 3019 2841 3081 adversus
2874 3037 2997 3101 eos,
3028 3019 3129 3101 qui
3164 3018 3387 3082 faciunt
3435 3018 3591 3099 inju-

270 3079 342 3103 ..,
848 3079 859 3089 .
1088 3079 1098 3100 ,
1153 3079 1165 3087 .
1248 3079 1259 3100 ,
1586 3079 1592 3080 γ
1674 3079 1686 3093 .
1731 3079 1743 3098 .
1817 3079 1823 3080 γ

209 3111 493 3190 παρθενίας
540 3111 647 3168 τῶν
696 3110 952 3189 ῥημάτων
996 3112 1212 3189 βροντὴ,
1248 3113 1333 3168 καὶ
1387 3111 1592 3169 Παύλου
1635 3115 1668 3180 ἡ
1723 3112 1864 3170 ἀκά-

1952 3111 2094 3172 riam
2121 3079 2146 3171 ἐ
2200 3079 2630 3187 discipulorum
2678 3126 2841 3184 vero,
2881 3079 3064 3172 Pet'ril
3088 3108 3326 3190 quidem
3363 3079 3543 3170 ardcir
3574 3124 3589 3171 :

209 3205 402 3265 θεκτος
462 3202 586 3280 περὶ
628 3201 688 3257 τὸ
746 3199 941 3280 δόγμα,
994 3198 1223 3275 σπουδὴ,
1266 3199 1361 3257 καί
1417 3204 1451 3269 ἦ
1504 3199 1586 3258 διὰ
1636 3207 1734 3270 τῆς
1777 3202 1864 3259 καὶ

1952 3199 2190 3263 Joannis
2219 3206 2412 3260 autem
2446 3197 2645 3277 lingua
2676 3196 3093 3277 theologica,et
3126 3197 3282 3279 quod
3314 3215 3449 3259 cum
3471 3195 3593 3257 vir-

209 3290 489 3356 οαλάτττ,ς
520 3286 776 3369 διαδρομὴ
834 3299 927 3348 τοῦ
973 3291 1336 3368 κηρύγματος.
1394 3291 1613 3347 Πάντων
1643 3288 1698 3347 δὲ
1755 3291 1864 3366 ἅμα

1952 3289 2188 3366 ginitate
2221 3301 2307 3350 est
2340 3285 2657 3349 verborum
2683 3286 2904 3348 tonitru
2940 3306 2955 3365 ;
2994 3296 3049 3348 et
3071 3286 3239 3350 Pauli
3270 3287 3595 3349 vehemens

211 3380 254 3446 ἦ
308 3382 421 3436 τῶν
461 3378 733 3455 θαυμάτων
793 3382 945 3457 πηγὴ
975 3381 1154 3436 καὶτὸ
1212 3380 1419 3443 τούτοις
1451 3380 1527 3437 Etsi
1573 3381 1684 3458 ῥεῖν
1728 3382 1865 3441 κατὰ

1952 3378 2008 3441 in
2041 3379 2316 3458 dogmate
2347 3374 2630 3449 studium,
2657 3385 2713 3438 et
2744 3395 2851 3458 per
2869 3385 3083 3439 terram
3108 3383 3168 3439 et
3200 3394 3363 3438 mare
3387 3375 3598 3457 praedi-

215 3469 341 3531 τοὺς
376 3467 618 3533 ἀεννάους
644 3469 753 3526 τῶν
789 3474 1067 3544 ποταμῶν.

1952 3467 2197 3529 cationis
2254 3464 2686 3527 disseminatio.
2741 3464 3021 3528 Omnium
3074 3483 3211 3529 vero
3256 3463 3435 3526 simul
3465 3463 3597 3524 fons

214 3555 666 3632 miraculorum,
699 3566 756 3620 et
786 3557 941 3639 quod
972 3576 1040 3619 ea
1061 3574 1300 3638 semper
1329 3558 1606 3636 ﬂuerent,
1640 3578 1759 3621 non
1785 3576 1959 3621 secus
1990 3575 2057 3619 ac
2092 3573 2389 3635 perennes
2420 3555 2608 3615 ﬂuvii.

296 3646 428 3708 AZ’.
488 3649 712 3729 Τούτου,
766 3650 809 3705 εί
865 3651 953 3706 καὶ
996 3652 1131 3724 μόνα
1184 3650 1250 3705 τὰ
1302 3649 1444 3729 περὶ,
1470 3653 1569 3716 τὴν
1620 3650 1866 3718 τελευτὴν

2035 3644 2263 3708 XXVII.
2330 3643 2519 3724 Hujus
2571 3645 2657 3705 vel
2714 3644 2906 3705 solum
2972 3643 3177 3704 dicere
3222 3642 3571 3723 decessum,

217 3739 311 3815 ἧν,
349 3740 526 3805 πόσης
571 3737 632 3794 ἂν
662 3738 830 3817 εὐχῆς
885 3739 1035 3817 ἔργον
1067 3737 1208 3804 ἄξιον
1268 3740 1382 3815 ἦν;
1424 3723 1604 3801 “Ocni:
1649 3739 1746 3814 μὲν
1776 3739 1866 3802 τὰς

1953 3754 2127 3817 quam
2162 3734 2338 3796 fuerit
2369 3733 2717 3812 optandum!
2747 3732 2929 3806 Quam
2968 3733 3284 3794 multorum
3318 3731 3597 3794 reconci-

218 3828 421 3909 ’ἔχθρας
467 3825 767 3897 διήλλαξεν,
803 3826 946 3890 ὅσοις
997 3824 1050 3883 δὲ
1084 3828 1175 3889 τὰς
1235 3824 1662 3907 ἀμφισϐητήσεις
1696 3824 1866 3883 διέλυσ-

1953 3825 2113 3886 liavit
2132 3823 2474 3885 inimicitias
2497 3821 2527 3881 ε)
2554 3822 2737 3894 Quam
2760 3822 3076 3883 multorum
3097 3823 3597 3902 composuitcou-

223 3939 338 3998 σεν,
388 3915 489 3974 ὅσα
542 3915 597 3972 δὲ
655 3916 827 3973 καίτοι
870 3917 935 3973 τὰ
979 3916 1185 3997 ἔσχατα
1226 3916 1398 3972 πνέων
1450 3916 1533 3972 ἐπὶ
1566 3922 1688 3990 μιᾶς
1728 3915 1866 3992 ὴμέ-

1957 3911 2313 3975 troversias!
2352 3911 2539 3985 Quam
2572 3912 2752 3972 multa
2774 3911 2927 3973 bona
2959 3930 3075 3972 uno
3098 3911 3195 3972 die
3225 3910 3367 3972 fecit
3394 3911 3455 3971 in
3486 3926 3599 3973 ex-

225 4031 318 4088 ρας
375 4007 439 4063 τὰ
488 4006 659 4085 ἀγαθὰ
701 4002 1010 4082 διεπράξατο
1045 4026 1061 4077 ;
1124 4005 1250 4063 ’Ὁτε
1280 4005 1368 4062 οὖν
1412 4007 1497 4062 καὶ
1527 4010 1631 4062 τῶν
1685 4007 1866 4082 σαρκί-

1959 4012 2147 4065 tremo
2174 4000 2419 4082 spiritu?
2441 4001 2685 4073 Quando
2718 4010 2877 4063 certe
2900 4000 3165 4064 eirarnis
3188 3999 3597 4062 dissolveban—

227 4119 333 4155 νων
415 4093 625 4171 δεσμῶν
696 4093 1053 4170 διαλυομένων
1143 4101 1218 4168 τῷ
1302 4093 1611 4171 ποθουμένῴ
1686 4093 1877 4172 ’έμελλε

231 4185 597 4267 προσεγγίζειν
657 4184 745 4241 καὶ
799 4194 892 4243 τοῦ
948 4185 1157 4265 πρώτου
1221 4182 1445 4249 κάλλους
1516 4184 1726 4264 πρώτας
1792 4192 1880 4247 καὶ

228 4278 324 4340 τὰς
386 4274 685 4349 ἐλλάμψεις
735 4271 1005 4354 δέχεσθαι,
1047 4277 1292 4353 παρῆσαν
1353 4276 1495 4350 αὐτῷ
1545 4276 1729 4356 συχνοὶ
1785 4273 1882 4350 μὲν

229 4367 316 4422 καὶ
369 4370 479 4421 τῶν
510 4361 686 4419 ἄλλων
737 4367 1041 4439 μοναστῶν,
1074 4360 1262 4420 πολλοὶ
1309 4361 1473 4419 δὲκαὶ
1518 4370 1623 4419 τῶν
1651 4362 1880 4440 ἱερωμέ-

229 4478 355 4535 νων,
392 4455 485 4511 οὐκ
526 4453 694 4533 ὀλίγοι
729 4451 781 4509 δὲ
812 4455 900 4510 καὶ
943 4453 1048 4509 τῶι
1098 4451 1305 4525 πλούτῳ
1334 4453 1429 4508 καί
1472 4450 1594 4529 δόξῃ
1623 4458 1692 4529 τῇ
1745 4452 1881 4509 κατὰ

226 4545 432 4620 κόσμον
481 4546 804 4623 περιφανῶν,
852 4546 937 4605 οἷς
989 4539 1273 4597 καὶπολλὰ
1317 4542 1436 4618 περί
1464 4563 1518 4597 τε
1555 4542 1737 4621 ψυχῆς
1791 4543 1878 4598 καὶ

1963 4103 2058 4154 tur
2082 4093 2409 4169 vincula,et
2432 4092 2482 4153 ei
2508 4109 2686 4168 quem
2721 4089 3255 4166 desiderabat,erat
3274 4092 3600 4172 appropin-

1965 4182 2335 4264 qdaturus,et
2355 4182 2558 4262 primte
2572 4180 3032 4262 pulchritudinis
3054 4181 3274 4264 primas
3298 4186 3602 4259 susceptu-

1964 4292 2066 4335 rus
2098 4272 2600 4348 illuminationes;
2634 4270 2879 4332 aderant
2901 4278 3096 4333 autem
3134 4269 3304 4331 multi
3322 4288 3390 4331 ex
3414 4269 3485 4329 iis
3502 4267 3605 4348 qui

1964 4382 2029 4426 se
2082 4363 2140 4424 in
2203 4362 2420 4443 pietate
2466 4359 2847 4435 exercebant,
2883 4368 2943 4422 et
2986 4359 3151 4421 multi
3200 4357 3494 4434 monachi,
3547 4363 3606 4417 et

1963 4452 2133 4514 multi
2163 4471 2229 4513 ex
2260 4450 2333 4511 iis
2364 4448 2465 4530 qui
2496 4458 2659 4511 erant
2692 4449 3023 4511 consecrati
3059 4466 3072 4512 :
3111 4468 3231 4510 non
3264 4448 3436 4529 pauci
3466 4463 3605 4508 vero

1962 4561 2032 4605 ex
2062 4544 2129 4604 iis
2152 4542 2252 4622 qui
2282 4539 2599 4602 mundanis
2619 4537 2831 4620 opibus
2846 4548 2903 4600 et
2925 4538 3108 4619 gloria
3128 4547 3296 4600 erant
3316 4536 3599 4613 insignes.

230 4634 483 4710 σώματος
541 4631 636 4688 καί
688 4632 782 4699 τῆς
840 4631 1042 4688 ἐκεῖθεν
1085 4631 1227 4701 ζωῆς
1284 4631 1646 4711 φιλοσοφήσας
1678 4652 1735 4687 τε
1791 4633 1866 4687 κα⁴

1961 4635 2105 4697 Cum
2154 4631 2367 4711 quibus
2401 4638 2715 4710 postquam
2753 4630 2998 4690 multum
3042 4634 3135 4690 est
3164 4627 3609 4710 philosophatus

230 4720 603 4796 διαλεξάμενος
674 4722 761 4778 καὶ
830 4726 959 4778 πᾶσι
1018 4720 1152 4776 κατὰ
1210 4721 1270 4776 τὸ
1351 4724 1619 4799 προσῆκον
1677 4719 1883 4793 ἑκάστῳ

234 4813 321 4868 val
368 4812 463 4879 τῆς
491 4810 701 4877 ἡλικίας
759 4810 1077 4890 παραινέσας
1136 4811 1349 4876 καὶτῆς
1410 4808 1578 4885 ἀξίας,
1615 4808 1740 4866 εἶτα
1796 4808 1884 4866 καὶ

235 4899 585 4977 ἐπευξάμενος
663 4902 750 4958 καὶ
804 4899 1113 4956 τελευταῖον
1180 4900 1341 4956 εἰπὼν
1416 4899 1652 4955 ὑπνῶσαι
1710 4900 1884 4979 βραχὺ

234 4990 514 5069 βούλεσθαι
586 4992 673 5048 καὶ
742 4990 1091 5072 ὑποχωρῆσαι
1164 4990 1378 5055 τούτους
1454 4991 1880 5069 παρασκευάσας,

236 5078 379 5138 οὕτω
428 5080 526 5147 τὴν
554 5082 694 5160 ἱερὰν
725 5079 932 5147 ἐκεινην
985 5079 1155 5159 ἀφῆκε
1211 5080 1419 5160 ψυχὴν,
1453 5100 1516 5156 pc
1549 5080 1609 5135 τὸ
1660 5079 1884 5156 καθαρὸν

234 5175 397 5244 σῶμα
450 5171 537 5226 καὶ
595 5171 766 5246 τίμιον
824 5171 1008 5249 χερσὶν
1066 5170 1235 5234 ὁσίαις
1295 5166 1608 5249 περισταλὲν
1668 5170 1695 5224 ὁ
1745 5168 1884 5245 ἱερὸς

235 5259 448 5323 ἐκεῖνος
503 5259 625 5324 ναὸς
680 5255 1022 5335 ὐποδέψεται,
1057 5261 1114 5316 ὃν
1158 5259 1313 5322 αὐτὸς
1366 5257 1426 5314 ἐκ
1481 5258 1685 5335 βάθρων
1741 5255 1884 5333 ἱδρύ-

233 5370 389 5430 σατο,
447 5350 538 5406 καὶ
595 5352 729 5429 ἱερὸν
805 5347 971 5413 οὕτως
1030 5347 1431 5429 φροντιστήριον
1500 5348 1879 5427 συνεστήσατο,

231 5439 306 5503 εἰς
365 5437 520 5504 δόξαν
580 5439 807 5520 Πατρὸς,
880 5440 1003 5496 Υἱοῢ
1059 5440 1144 5496 καὶ
1188 5438 1338 5518 ἁγίου
1406 5437 1731 5515 Πνεύματος,
1791 5441 1880 5493 νῦν

231 5532 320 5589 καὶ
344 5530 420 5594 εἰς
453 5529 574 5595 τοὺς
605 5531 798 5595 αἰῶνας
826 5529 931 5587 τῶν
961 5529 1188 5591 αἰώνων,
1222 5528 1420 5606 Ἀμὴν,

564 5728 827 5797 PATROL.
872 5729 989 5798 Gs.
1031 5727 1241 5795 CXVI.

1968 4729 2024 4782 et
2056 4722 2285 4782 locutus
2315 4719 2390 4781 de
2421 4723 2616 4780 anima
2669 4726 2724 4778 et
2756 4736 3028 4798 corpore,
3062 4726 3121 4779 et
3148 4720 3224 4779 de
3256 4736 3326 4779 ea
3357 4735 3490 4794 qua:
3522 4721 3611 4777 est

1967 4809 2091 4870 illic
2123 4809 2299 4888 victa,
2332 4815 2390 4868 et
2417 4825 2907 4887 unumquemque
2937 4814 3026 4868 est
3055 4807 3610 4886 adhortatus,prout

1969 4897 2361 4960 conveniebat
2409 4895 2877 4975 uniuscujusque
2921 4900 3075 4955 aetati
3119 4903 3178 4957 et
3231 4894 3521 4974 dignitati,
3551 4901 3613 4953 et

1969 4987 2189 5049 deinde
2236 4994 2326 5048 est
2357 4985 2533 5047 etiam
2582 4993 2873 5064 precatus,
2909 4996 2967 5045 et
3025 4992 3324 5065 postremo
3356 4982 3503 5043 dixit
3544 4999 3611 5043 se

1967 5077 2116 5139 velle
2139 5094 2344 5159 parum
2371 5074 2715 5155 dormitare,
2752 5081 2810 5134 et
2838 5091 2941 5134 eos
2962 5073 3141 5153 jussit
3172 5070 3479 5145 secedere,
3507 5088 3608 5131 sa—

1967 5184 2127 5230 cram
2177 5166 2339 5229 illam
2373 5163 2463 5226 sic
2513 5163 2708 5226 emisit
2740 5162 3041 5224 animam:
3096 5162 3267 5241 cujus
3317 5160 3608 5223 mundum

1968 5274 2183 5338 corpus
2215 5265 2272 5319 et
2291 5253 2720 5333 venerandum,
2748 5252 2968 5313 sanctis
3002 5251 3275 5312 manibus
3305 5256 3609 5332 compost-

1968 5354 2359 5426 tum,sacrum
2385 5342 2527 5404 illud
2558 5341 2844 5423 templum
2872 5341 3139 5422 suscipit,
3163 5340 3324 5418 quod
3354 5340 3481 5421 ipse
3501 5359 3611 5402 ex-

1964 5435 2163 5498 citavit
2206 5455 2239 5497 a
2287 5431 2711 5508 fundamentis,
2752 5440 2810 5492 et
2855 5448 2991 5492 vere
3034 5446 3267 5492 sacrum
3306 5428 3617 5492 constituit

1966 5521 2410 5604 monasterium,
2444 5521 2515 5583 ad
2560 5520 2810 5601 gloriam
2842 5519 3054 5602 Patris,
3086 5518 3244 5602 Filii,
3269 5527 3330 5582 et
3359 5517 3613 5604 Spiritus

1963 5617 2173 5694 sancti,
2206 5631 2367 5677 nunc
2391 5620 2450 5677 et
2479 5611 2540 5675 in
2575 5612 2791 5675 saecula
2820 5611 3197 5676 saeculorum.
3228 5612 3448 5677 Amen.

3138 5721 3215 5788 24
