4020 6142
165 337 287 407 753

1512 300 1702 412 VITA
1744 348 1807 413 s.
1862 350 2224 417 MELANE.

3430 358 3547 424 754

1313 623 1567 711 ΒΙΟΣ
1641 626 1829 711 ΚΑΙ
1899 626 2437 713 ΠΟΛΙΤΕΙΑ

1679 836 1813 887 ΤΗΣ
1858 838 2058 889 ΟΣΙΑΣ

725 954 1572 1142 ΜΕΛΑΝΗΣ
1696 1016 2038 1143 ΤΗΣ
2164 1018 3000 1150 ΡΩΜΑΙΑΣ.

1211 1392 1475 1479 VITA
1543 1392 1680 1477 ET
1751 1390 2535 1481 CONVERSATIO

514 1618 1257 1758 SANCTZE

1437 1619 2202 1755 MELANZE
2396 1620 3230 1763 ΒΟΜᾹΝίἘ.

744 1892 939 1965 (Latine
957 1891 1087 1964 apud
1111 1890 1318 1948 Surium
1347 1890 1408 1947 ad
1438 1889 1571 1947 diem
1600 1888 1660 1947 3i
1700 1890 1823 1948 Dec.
1856 1913 1871 1961 ;
1902 1890 2073 1948 Graece
2095 1909 2156 1948 ex
2185 1893 2295 1950 cod.
2335 1910 2431 1951 ms.
2475 1892 2633 1966 1553,
2664 1896 2826 1954 seculi
2854 1900 2993 1965 xw.)

264 2188 352 2250 Μ.
398 2196 492 2246 Ἠν
548 2188 647 2266 ἄρα
704 2190 802 2244 καὶ
861 2196 1014 2247 τοῦτο
1069 2193 1167 2255 τῆς
1216 2188 1472 2266 μεγίστης
1530 2188 1637 2244 τῶν
1667 2186 1833 2244 πάλαι

2000 2187 2046 2248 1.
2070 2185 2201 2249 Fuit
2225 2204 2364 2266 ergo
2382 2188 2496 2249 hoc
2512 2207 2751 2270 quoque
2776 2208 2980 2253 earum
3001 2212 3139 2271 quae
3155 2194 3296 2257 olim
3319 2195 3561 2257 fuerunt

182 2283 266 2336 καὶ
298 2277 766 2358 περιφανεστάτης
821 2275 876 2332 ἒν
930 2276 1119 2333 πόλεσι
1169 2278 1384 2353 Ῥώμης
1437 2276 1514 2352 μὴ
1546 2278 1708 2353 μόνον
1758 2283 1834 2350 τῷ

188 2368 366 2425 κάλλει
412 2372 622 2441 κοιμᾷν
653 2364 792 2440 μηδὲ
840 2370 908 2433 τῆ
940 2366 1077 2423 θέσει
1133 2373 1305 2445 νικᾷν,
1364 2364 1499 2440 μῆδέ
1561 2368 1834 2444 τροπαίοις

192 2460 416 2524 καὶτοῖς
444 2456 633 2519 ἄλλοις
666 2462 794 2512 πᾶσι
839 2456 1207 2535 σεμνύνεσθαι,
1264 2455 1403 2513 ἀλλὰ
1460 2455 1646 2529 πολλῷ
1701 2455 1836 2529 μαλ-

192 2545 285 2604 λον
336 2560 446 2609 τοϊς
498 2567 565 2624 γε
595 2544 662 2611 δὴ
715 2545 846 2623 ὑπὲρ
900 2552 1125 2618 Χριστοῦ
1177 2544 1577 2623 ἆνδρισαμὲνιος
1631 2544 1834 2623 ἐγκαλ-

192 2635 524 2702 λωπίζεσθαι,
591 2633 718 2690 ὅσον
776 2634 831 2692 ἐν
879 2632 1092 2708 ἀνδράσι
1152 2636 1237 2692 καὶ
1293 2633 1420 2692 ὅσον
1482 2635 1537 2691 ἐν
1610 2634 1831 2714 γυναιξὶ,

189 2725 279 2781 καί
334 2726 548 2786 ταύταις
605 2721 810 2799 μᾶλλον
871 2722 980 2795 ὅσῳ
1034 2725 1123 2781 καὶ
1180 2723 1300 2781 κατ’
1360 2725 1547 2802 ἀνδρας
1601 2727 1835 2803 ἰσχυρῶς

191 2815 538 2892 ἠγωνίσαντο,
600 2813 695 2869 καί
755 2825 871 2876 τοῖς
930 2812 1112 2878 ἄλλοις
1169 2812 1503 2892 παράδειγμα
1528 2814 1661 2889 ’βίου
1703 2815 1834 2891 πρὸς

191 2904 373 2982 ἀρετὴν
403 2904 598 2961 ἑαυτὰς
656 2903 1095 2971 κατεστήσαντοο
1156 2905 1229 2958 ὧν
1288 2904 1381 2977 μία
1432 2906 1511 2965 τίς
1565 2903 1675 2959 ἐστι
1734 2902 1827 2958 καί

192 2994 225 3059 η
270 2992 498 3071 μακαρία
531 2990 773 3062 Μελένη,
806 2990 872 3059 ἢν
929 2993 957 3047 ὁ
1014 2990 1172 3068 λόγος
1231 2993 1475 3049 ὑπόθεσιν
1532 2992 1647 3068 ἂρτι
1692 3013 1829 3066 προ-

195 3085 444 3153 εστήσατο
482 3081 669 3138 καὶτὰ
719 3080 924 3146 ὲκείνης
979 3078 1154 3159 λέγειν
1202 3080 1297 3137 ἀπ’
1330 3080 1506 3161 ἀρχῆς
1558 3080 1824 3159 ὥρμηται.

198 3171 414 3247 Ἠνεγκε
450 3172 550 3246 μὲν
616 3169 716 3247 γὰρ
766 3170 931 3236 αύτὴν
988 3171 1022 3239 ἡ
1081 3167 1218 3227 οὕτω
1272 3169 1530 3237 καλλίστη
1579 3171 1676 3227 καὶ
1702 3172 1828 3226 δνο-

201 3261 371 3334 μαστὴ
427 3251 635 3334 Ῥώμη,
700 3257 851 3336 γένος
909 3256 963 3314 δὲ
1017 3259 1212 3326 ταύτης
1267 3261 1356 3316 καὶ
1403 3266 1555 3316 τοῦτο
1604 3280 1832 3337 περιφα-

202 3348 440 3405 νέστατον
498 3356 697 3426 Πρῶτοι
741 3350 841 3425 γὰρ
884 3347 1183 3427 ἐτύγχανον
1214 3352 1261 3406 οἱ
1292 3363 1474 3428 γονεῖς
1525 3352 1687 3416 αύτῆς
1737 3346 1833 3416 τῆς

211 3428 472 3511 Ῥωμαίων
498 3436 716 3514 βουλῆς.
768 3437 906 3518 Ἐφ’)
952 3436 1006 3492 δὲ
1051 3436 1103 3504 ἐξ
1151 3438 1359 3516 ἀγαθῶν
1425 3440 1617 3518 ἀγαθὴ
1683 3440 1833 3495 εὗσε-

209 3524 322 3591 ϐεἷς
350 3527 443 3600 μὲν
477 3529 578 3606 γὰρ
604 3528 845 3584 κάκεῖνοι
878 3527 963 3583 καὶ
997 3526 1191 3604 ἀρετῆς
1223 3527 1454 3606 ἐρασταί.

276 3616 348 3679 θ’,
432 3615 577 3683 ’Ήδη
637 3615 690 3672 δὲ
747 3615 890 3693 ὥραν
949 3614 1175 3693 ἄγουσαν
1241 3618 1415 3695 γάμου
1492 3618 1832 3695 σωφροσύνης

195 3705 428 3781 ἐπιθυμία
486 3706 654 3773 αὖτὴν
711 3712 807 3773 τῆς
877 3705 992 3762 καθ’
1064 3705 1277 3772 ἡλικίαν
1345 3710 1511 3782 ὁρμῆς
1598 3707 1830 3785 ἐκράτει,

196 3800 277 3851 καὶ
328 3798 445 3861 τοὺς
511 3796 767 3860 τεκόντας
827 3794 974 3861 ἠξιου
1008 3795 1217 3869 μήποτε
1275 3796 1440 3863 αὑτὴν
1494 3798 1564 3858 εἷς
1616 3794 1833 3869 ὁμιλίαν

195 3883 365 3961 ἀνδρὸς
422 3888 676 3965 ἀγαγεῖν,
740 3884 860 3941 ἄλλ’
916 3883 1096 3963 ὥσπερ
1150 3895 1210 3940 το
1267 3889 1429 3956 εἶναι,
1483 3884 1648 3948 οὕτως
1700 3884 1833 3951 αὖτῆ

197 3974 280 4031 διαὶ
309 3977 368 4032 τὸ
398 3974 659 4053 παρθένον
716 3988 897 4048 μεῖναι
952 3974 1287 4053 χαρίσασθαι.
1350 3976 1408 4033 Οἱ
1464 3973 1519 4030 δέ
1565 3975 1650 4030 ἐπὶ
1697 3972 1835 4050 μόνῃ

193 4067 344 4140 ταύτῃ
397 4069 489 4122 τὸν
553 4064 666 4140 βίον
729 4062 1042 4125 σαλεύοντες
1099 4065 1188 4120 καὶ
1235 4071 1325 4121 τοῦ
1381 4064 1560 4142 γένους
1591 4062 1836 4141 διάδοχον

198 4151 244 4217 ἐξ
297 4154 466 4221 αύτῆς
523 4154 677 4233 ἔχειν
734 4152 1033 4223 ἐλπίζοντες
1084 4152 1199 4216 ἔτος
1244 4151 1347 4220 ἤδη
1397 4151 1833 4231 τεσσαρεσκαιδέ-

196 4264 342 4299 κατον
399 4241 634 4322 ἄγουσαν
689 4244 785 4299 καί
843 4241 1078 4298 ἄκουσαν
1147 4241 1291 4320 ἀνδρὶ
1357 4241 1669 4304 ἐκδιδοῦσιν,
1742 4234 1841 4297 Ἦν

196 4328 361 4389 δὲκαὲ
392 4336 420 4390 ὁ
452 4333 676 4411 νυμφίος
708 4331 809 4408 ἄρα
868 4333 928 4388 τό
981 4353 1039 4388 τε
1098 4331 1249 4409 γένος
1305 4336 1393 4389 καὶ
1450 4334 1571 4412 τὴν,
1628 4332 1842 4401 ἡλικίαν

196 4423 277 4476 καὶ
302 4420 465 4479 τᾶλλα
528 4422 702 4478 πάντα
766 4427 830 4496 τῇ
889 4419 1107 4496 Μελάνη
1183 4420 1540 4500 παράμιλλος,
1612 4423 1841 4498 γενονὼς

198 4508 286 4581 μὲν
340 4510 393 4577 ἐξ
454 4511 696 4589 ὺιιτςὶτων³
760 4508 874 4585 ἄρτι
931 4510 986 4565 δὲ
1038 4513 1131 4566 τὸν
1191 4509 1384 4591 ἔφηϐον
1430 4510 1833 4588 παραλλάττων·

200 4596 523 4665 Ἀπειτιανός
555 4605 636 4671 τῷ
668 4601 873 4678 νυμφίῳ
926 4600 991 4655 τὸ
1048 4599 1241 4677 ὄνομα,
1290 4599 1411 4661 ἒτσς
1465 4599 1683 4678 ἔγγιστά
1736 4622 1839 4660 που

199 4684 331 4765 ἄγων
383 4687 862 4747 ἑπτακαιδέκατον.
917 4687 1065 4745 Οὕτω
1123 4690 1226 4745 τῶν
1282 4689 1471 4765 γάμων
1524 4693 1711 4753 «acor:
1744 4709 1837 4744 τε·-

199 4772 471 4834 λεσθὲντων
519 4781 555 4847 ἡ
620 4779 896 4853 θαυμαστῆ
951 4776 1166 4844 Μελάνη
1226 4777 1324 4833 ναὶ
1372 4778 1508 4851 μετὰ
1558 4779 1675 4841 τοὺς
1732 4778 1837 4855 γά-

1915 2274 2216 2338 civitatum
2252 2276 2523 2341 maximae
2555 2286 2613 2341 et
2644 2279 3003 2344 clarissima
3042 2283 3272 2358 Romae,
3306 2302 3424 2346 non
3457 2301 3559 2346 so-

1915 2366 2038 2429 lum
2072 2365 2278 2428 eﬂ‘erii
2314 2366 2780 2446 pulchritudine,
2812 2388 3005 2450 neque
3025 2372 3142 2433 situ
3159 2373 3420 2445 vincere,
3446 2392 3558 2434 ne~

1915 2474 2033 2536 que
2078 2456 2311 2536 tropaeis
2346 2465 2403 2517 et
2438 2456 2571 2518 aliis
2599 2457 2877 2521 omnibus
2911 2460 3174 2542 gloriari,
3214 2461 3321 2523 sed
3373 2462 3556 2523 multo

1918 2546 2105 2625 magis
2132 2546 2246 2608 sibi
2277 2547 2553 2628 placere,
2570 2554 2632 2610 et
2658 2566 2725 2609 se
2756 2550 3136 2628 magniﬁcare
3163 2558 3407 2632 prapter
3428 2568 3557 2626 eos,

1917 2635 2019 2716 qui
2043 2654 2150 2715 pro
2182 2636 2415 2699 Christo
2445 2655 2512 2699 se
2569 2637 2797 2700 fortiter
2844 2646 3179 2717 gesserunt,
3234 2648 3352 2703 tam
3401 2639 3559 2701 viros

1917 2743 2092 2805 quam
2129 2725 2437 2802 mulieres,
2470 2734 2531 2788 et
2559 2727 2666 2789 has
2697 2727 2904 2806 magis,
2938 2729 3095 2810 quod
3127 2748 3247 2791 non
3278 2746 3454 2792 secus
3485 2747 3556 2789 ac

1919 2815 2025 2876 viri
2055 2814 2288 2878 fortiter
2319 2815 2724 2897 decertarunt,
2757 2826 2812 2878 et
2846 2835 2912 2879 se
2942 2826 3073 2879 vitae
3111 2818 3449 2899 exemplum
3483 2818 3559 2879 ad

1910 2904 2187 2966 virtutem
2219 2904 2351 2965 aliis
2380 2905 2837 2969 constituerunt.
2891 2906 2971 2969 Ex
3019 2908 3238 2985 quibus
3286 2926 3406 2970 una
3452 2907 3562 2970 fuit

1912 2993 2083 3055 beata
2117 2994 2360 3065 Melana,
2395 3014 2571 3075 quam
2603 2996 2717 3058 sibi
2761 3014 2920 3059 nunc
2949 3006 3369 3077 argumentum
3414 3016 3560 3079 pro-

1914 3083 2110 3163 posuit
2141 3084 2354 3156 oratio,
2389 3093 2447 3144 et
2490 3102 2761 3164 aggressa
2794 3094 2885 3148 est
2912 3104 3010 3149 res
3061 3086 3217 3149 illius
3248 3088 3450 3149 dicere
3478 3087 3553 3149 ab

1915 3172 2106 3234 initio.
2133 3173 2278 3235 Eam
2310 3172 2471 3234 enim
2502 3174 2640 3235 tulit
2667 3174 3066 3239 celeberrima
3123 3183 3180 3238 et
3232 3175 3561 3239 clarissima

1917 3265 2129 3327 Roma.
2160 3264 2291 3327 Fuit
2313 3274 2507 3327 autem
2528 3266 2660 3346 ejus
2675 3286 2919 3348 quoque
2935 3286 3121 3346 genus
3136 3266 3528 3330 clarissimum
3541 3316 3555 3331 .

1918 3356 2104 3417 Erant
2133 3354 2291 3415 enim
2326 3356 2456 3434 ejus
2490 3364 2767 3435 parentes
2792 3357 2967 3437 primi
2994 3365 3233 3419 senatus
3256 3358 3565 3421 Romano-

1916 3462 2073 3505 rum.
2111 3442 2252 3505 Orta
2282 3456 2374 3506 est
2404 3454 2599 3505 autem
2633 3445 2790 3507 bona
2849 3464 2916 3507 ex
2948 3445 3144 3509 bonis.
3196 3444 3342 3508 Nam
3395 3453 3565 3510 erant

1864 3549 1899 3599 Β
1921 3532 2007 3595 illi
2033 3551 2269 3617 quoque
2302 3533 2385 3612 pii
2418 3542 2477 3593 et
2503 3533 2784 3595 virtutum
2819 3543 3142 3598 amatores.

2000 3624 2067 3684 ll.
2102 3621 2247 3682 Cum
2271 3639 2409 3701 ergo
2426 3624 2548 3701 jam
2576 3631 2733 3685 esset
2757 3624 3004 3704 nubilis,
3031 3624 3398 3687 desiderium
3421 3642 3566 3687 cono

1918 3711 2181 3772 tinentiae
2206 3710 2341 3771 vicit
2374 3713 2529 3791 ejus,
2566 3732 2703 3793 quae
2736 3732 2805 3775 ex
2853 3721 3025 3776 aetate
3066 3723 3215 3784 erat,
3246 3714 3560 3794 appetitio-

1917 3819 2076 3871 nem,
2111 3808 2169 3860 et
2192 3804 2415 3878 rogavit
2442 3810 2746 3880 parentes,
2778 3820 2856 3862 ne
2887 3821 3148 3883 unquam
3183 3820 3311 3864 eam
3339 3803 3564 3883 jungeo

1917 3899 2050 3951 rent
2080 3888 2481 3960 matrimonio,
2518 3890 2622 3950 sed
2670 3890 2825 3952 sicut
2856 3891 2931 3964 ei,
2967 3900 3030 3953 ut
3061 3901 3238 3967 esset,
3273 3893 3354 3954 ita
3385 3892 3564 3954 etiam

1918 3978 2162 4056 utvirgo
2178 3985 2468 4058 maneret,
2488 3981 3015 4042 concederent.llli
3044 3989 3240 4042 autem
3274 4001 3407 4043 cum
3433 3999 3566 4059 pro-

1923 4076 2052 4149 pter
2088 4068 2238 4128 hanc
2268 4067 2455 4127 solam
2491 4068 2670 4146 hujus
2702 4068 2841 4129 vita;
2869 4070 3237 4147 agitarentur
3262 4070 3559 4151 ﬂuctibus,

1921 4157 1974 4218 ei
2010 4162 2283 4236 parantes
2313 4156 2567 4230 divitias,
2604 4166 2997 4238 etsperautes
3039 4177 3105 4219 se
3152 4177 3564 4221 successorem

1923 4246 2164 4324 generis
2183 4263 2250 4305 ex
2276 4263 2345 4307 ea
2368 4244 2695 4321 habituros,
2722 4259 3000 4329 quartum
3020 4248 3319 4311 decimum
3342 4267 3564 4311 annum

1916 4338 2039 4412 jam
2070 4343 2343 4413 agentem
2375 4334 2466 4394 νειΙ
2496 4335 2735 4398 invitam
2762 4337 3055 4399 collocant
3076 4339 3132 4398 in
3159 4337 3564 4402 matrimonio.

1921 4424 2062 4486 Erat
2090 4441 2227 4484 vero
2258 4425 2392 4503 ejus
2420 4442 2701 4507 sponsus,
2728 4434 2786 4487 et
2802 4444 3047 4505 genere,
3075 4434 3134 4488 et
3163 4435 3407 4489 tetateet
3435 4428 3567 4489 aliis

1923 4513 2202 4575 omnibus
2231 4531 2365 4573 cum
2393 4514 2619 4575 Melana
2641 4515 3080 4581 conferendus:
3127 4525 3298 4577 natus
3321 4515 3564 4597 quidem

1921 4621 1992 4664 ex
2047 4602 2415 4676 consulibus,
2476 4611 2536 4663 et
2588 4604 2766 4666 modo
2815 4605 3115 4668 excedens
3172 4624 3243 4668 ex
3292 4606 3564 4687 ephebis.

1920 4690 2136 4771 Sponsi
2153 4700 2348 4752 autem
2373 4710 2589 4753 nomen
2610 4703 2733 4754 erat
2752 4695 3125 4775 Apenianus,
3141 4713 3324 4775 agens
3346 4714 3567 4758 annum

1920 4780 2158 4842 circiter
2179 4780 2476 4842 decimum
2500 4788 2841 4861 septimum.
2861 4783 2967 4845 His
2984 4795 3179 4847 autem
3201 4786 3288 4848 sic
3301 4785 3566 4848 celebra-

201 4886 319 4937 μους
374 4867 557 4928 δεινῶς
621 4865 696 4923 ἔτι
759 4866 961 4940 μᾶλλον
1018 4865 1121 4945 ἤρα
1179 4866 1274 4932 τῆς
1325 4868 1696 4946 σωφροσύνης,
1746 4867 1833 4922 καὶ

1921 4869 2017 4930 tiis
2049 4869 2293 4949 nuptiis,
2326 4869 2699 4931 admirabilis
2722 4871 2949 4934 Melana
2971 4874 3148 4936 etiam
3177 4883 3306 4955 post
3326 4874 3562 4955 nuptias

200 4954 424 5034 σροδρὼς
484 4957 649 5024 αὒτὴν
707 4958 735 5012 ὁ
798 4956 896 5023 τῆς
955 4956 1166 5033 ἁγνείας
1225 4955 1361 5034 ἔρως
1410 4954 1692 5034 πυρπολῶν
1747 4954 1840 5012 οὒκ

200 5041 344 5120 ἀνίει,
403 5045 581 5114 πολλὴ
612 5043 665 5101 δὲ
704 5045 772 5113 ἧν
819 5046 913 5103 καὶ
965 5047 1058 5101 τὸν
1112 5043 1273 5122 ἄνδρα
1302 5053 1467 5103 ταῦτα
1513 5052 1840 5123 παραινοῦσα

201 5146 308 5198 τοῖς
362 5134 570 5213 λόγοιςο
631 5139 730 5190 καὶ
762 5134 946 5202 ἐπειδῆ
997 5133 1073 5209 μὴ
1126 5133 1320 5213 ἤρκουν
1351 5137 1396 5190 οἱ
1442 5132 1593 5212 λόγοι
1626 5135 1712 5191 καὶ
1741 5132 1841 5189 δοί-

203 5242 323 5296 κρυα
391 5224 809 5301 συνεπρᾶττοντο
873 5225 947 5287 εἰς
1005 5223 1193 5293 πειθὼ,
1279 5230 1494 5280 τοιαῦτα
1571 5221 1836 5301 λέγουσιν’

209 5311 258 5365 Εἰ
303 5312 422 5386 μὲν,
482 5318 527 5370 ὦ
581 5311 797 5393 φίλτατε
850 5312 997 5384 ἄνερ,
1033 5314 1097 5368 τὰ
1140 5312 1272 5370 αὖτὰ
1324 5312 1410 5368 καὶ
1449 5313 1528 5367 σοὶ
1582 5310 1837 5389 σινδοκεϊ,

204 5402 282 5454 καὶ
335 5400 497 5482 ἄμφω
524 5404 662 5458 κατὰ
710 5403 799 5458 τὸν
855 5408 952 5469 τῆς
1004 5403 1346 5481 σωφροσύνης
1401 5401 1561 5476 νόμον
1614 5403 1835 5471 οἰκήσο-

209 5510 319 5561 μεν,
353 5493 604 5571 μακάριοι
677 5497 784 5547 τῶν
841 5492 1030 5568 γάμων
1083 5490 1272 5571 ἡμεῖς,
1324 5494 1486 5570 οἰμφω
1542 5512 1600 5546 τε
1648 5491 1743 5547 καί
1775 5489 1840 5548 δὶ⁹

211 5576 447 5647 ἀλλήλων
479 5581 766 5654 σωζύμενοι
828 5580 915 5639 καὶ
974 5602 1234 5659 προφασιν
1291 5579 1546 5649 ἀλλήλοις
1577 5585 1672 5647 τῆς
1703 5579 1841 5636 καλ-

212 5663 385 5738 λίστης
416 5667 536 5727 ὁδοῦ
593 5669 888 5752 γινόμενοι·
955 5671 1000 5727 εὶ
1058 5666 1112 5726 δὲ
1141 5668 1201 5725 σὲ
1230 5670 1291 5727 τὸ
1326 5668 1444 5728 νέον
1481 5668 1578 5739 τῆς
1634 5669 1844 5739 ἡλικίας

1923 4959 2118 5020 adhuc
2150 4957 2561 5020 vehementius
2588 4959 2823 5021 amabat
2845 4964 3294 5044 continentiam,
3321 4973 3378 5025 et
3398 4979 3569 5025 amor

1924 5047 2209 5109 castitats
2267 5066 2385 5108 non
2434 5047 2865 5110 intermittebat
2922 5069 3053 5111 eam
3104 5051 3300 5113 acrius
3343 5069 3565 5113 urere:

1927 5135 2130 5197 multis
2159 5153 2298 5197 vero
2327 5135 2528 5198 verbis
2559 5136 2839 5197 maritum
2870 5155 3041 5199 suum
3086 5139 3157 5200 ad
3204 5138 3317 5200 hoc
3350 5138 3571 5202 exhor-

1923 5224 2179 5299 tabatur,
2216 5235 2435 5287 etcum
2472 5229 2654 5287 verba
2686 5245 2803 5287 non
2848 5227 3212 5302 sufﬁcerent,
3245 5228 3299 5289 ei
3334 5245 3572 5309 quoque

1924 5314 1997 5376 ad
2033 5315 2480 5395 persuasionem
2505 5334 2678 5396 opem
2702 5316 2974 5378 ferebant
2998 5319 3294 5398 lacrymae,
3323 5318 3446 5380 hare
3475 5316 3573 5379 di-

1923 5404 2085 5466 centi
2106 5425 2118 5464 :
2143 5404 2202 5466 Si
2227 5405 2496 5486 quidem,
2514 5425 2549 5466 ο
2577 5407 2787 5468 marite
2810 5406 3186 5481 charissima,
3211 5407 3418 5469 eadem
3467 5406 3571 5470 tibi

1925 5512 2167 5574 quoque
2199 5493 2560 5569 videntur,et
2588 5492 2763 5555 ambo
2779 5494 3176 5558 habitabimus
3202 5496 3572 5559 convenien-

1925 5590 2014 5644 tcr
2071 5581 2188 5661 legi
2245 5582 2651 5660 continentiae,
2714 5583 2869 5647 beati
2913 5603 3021 5648 nos
3072 5586 3297 5647 erimus
3329 5593 3574 5667 propter

1928 5672 2183 5755 nuptias,
2219 5680 2277 5734 ct
2304 5670 2477 5735 ambo
2511 5690 2617 5755 per
2647 5692 2752 5737 nos
2781 5673 3035 5741 invicem
3065 5675 3207 5740 salvi
3231 5675 3476 5752 erimus,
3512 5682 3572 5739 et
