  <div class='ocr_page' id='page_1' title='image "/cluster/home/n/w/nwhite01/storage/ocr_20150623/116/mdp.39015008903554/385.png"; bbox 0 0 4022 6146; ppageno 0'>
   <div class='ocr_carea' id='block_1_1' title="bbox 438 347 557 413">
    <p class='ocr_par' dir='ltr' id='par_1_1' title="bbox 438 347 557 413">
     <span class='ocr_line' id='line_1_1' title="bbox 438 347 557 413; baseline 0 0"><span class='ocrx_word' id='word_1_1' title='bbox 438 347 557 413; x_wconf 81' lang='grc'><strong>755</strong></span> 
     </span>
    </p>
   </div>
   <div class='ocr_carea' id='block_1_2' title="bbox 1750 344 2498 414">
    <p class='ocr_par' dir='ltr' id='par_1_2' title="bbox 1750 344 2498 414">
     <span class='ocr_line' id='line_1_2' title="bbox 1750 344 2498 414; baseline 0.004 -3"><span class='ocrx_word' id='word_1_2' title='bbox 1750 344 2030 412; x_wconf 83' lang='lat' dir='ltr'><strong>MENSlS</strong></span> <span class='ocrx_word' id='word_1_3' title='bbox 2071 347 2498 414; x_wconf 84' lang='lat' dir='ltr'><strong>DEGEMBER.</strong></span> 
     </span>
    </p>
   </div>
   <div class='ocr_carea' id='block_1_3' title="bbox 3694 353 3815 421">
    <p class='ocr_par' dir='ltr' id='par_1_3' title="bbox 3694 353 3815 421">
     <span class='ocr_line' id='line_1_3' title="bbox 3694 353 3815 421; baseline 0.017 -2"><span class='ocrx_word' id='word_1_4' title='bbox 3694 353 3815 421; x_wconf 79' lang='lat'><strong>756</strong></span> 
     </span>
    </p>
   </div>
   <div class='ocr_carea' id='block_1_4' title="bbox 438 474 2074 563">
    <p class='ocr_par' dir='ltr' id='par_1_4' title="bbox 438 474 2074 559">
     <span class='ocr_line' id='line_1_4' title="bbox 438 474 2074 559; baseline -0.003 -14"><span class='ocrx_word' id='word_1_5' title='bbox 438 480 664 545; x_wconf 79' lang='lat' dir='ltr'><strong>erimus</strong></span> <span class='ocrx_word' id='word_1_6' title='bbox 693 476 846 542; x_wconf 80' lang='lat' dir='ltr'><strong>alter</strong></span> <span class='ocrx_word' id='word_1_7' title='bbox 871 474 1048 542; x_wconf 83' lang='lat' dir='ltr'><strong>alteri</strong></span> <span class='ocrx_word' id='word_1_8' title='bbox 1078 478 1187 543; x_wconf 84' lang='lat' dir='ltr'><strong>viae</strong></span> <span class='ocrx_word' id='word_1_9' title='bbox 1220 477 1637 559; x_wconf 65' lang='lat' dir='ltr'><strong>pulcherrima)</strong></span> <span class='ocrx_word' id='word_1_10' title='bbox 1685 479 1938 541; x_wconf 86' lang='lat' dir='ltr'><strong>occasio.</strong></span> <span class='ocrx_word' id='word_1_11' title='bbox 1972 479 2074 542; x_wconf 85' lang='lat' dir='ltr'><strong>Sin</strong></span> 
     </span>
    </p>
   </div>
   <div class='ocr_carea' id='block_1_5' title="bbox 2161 474 3818 563">
    <p class='ocr_par' dir='ltr' id='par_1_5' title="bbox 2164 481 3818 563">
     <span class='ocr_line' id='line_1_5' title="bbox 2164 481 3818 563; baseline 0.004 -25"><span class='ocrx_word' id='word_1_12' title='bbox 2164 481 2327 538; x_wconf 81' lang='grc' dir='ltr'>ταῦτα</span> <span class='ocrx_word' id='word_1_13' title='bbox 2389 483 2466 558; x_wconf 70' lang='grc' dir='ltr'>μὴ</span> <span class='ocrx_word' id='word_1_14' title='bbox 2526 481 2703 563; x_wconf 79' lang='grc' dir='ltr'>φέρειν</span> <span class='ocrx_word' id='word_1_15' title='bbox 2761 485 2845 561; x_wconf 80' lang='grc' dir='ltr'>Ιεᾷ,</span> <span class='ocrx_word' id='word_1_16' title='bbox 2906 484 2968 541; x_wconf 75' lang='grc' dir='ltr'>σὺ</span> <span class='ocrx_word' id='word_1_17' title='bbox 3023 489 3147 563; x_wconf 88' lang='grc' dir='ltr'>γοῦν</span> <span class='ocrx_word' id='word_1_18' title='bbox 3203 481 3322 543; x_wconf 81' lang='grc' dir='ltr'>ἀλλ’</span> <span class='ocrx_word' id='word_1_19' title='bbox 3372 483 3470 563; x_wconf 73' lang='grc' dir='ltr'>ἐμὲ</span> <span class='ocrx_word' id='word_1_20' title='bbox 3514 483 3693 561; x_wconf 73' lang='grc' dir='ltr'>ἔασον,</span> <span class='ocrx_word' id='word_1_21' title='bbox 3726 481 3818 544; x_wconf 70' lang='grc' dir='ltr'><strong>καὶ</strong></span> 
     </span>
    </p>
   </div>
   <div class='ocr_carea' id='block_1_6' title="bbox 436 568 2082 652">
    <p class='ocr_par' dir='ltr' id='par_1_6' title="bbox 436 568 2082 652">
     <span class='ocr_line' id='line_1_6' title="bbox 436 568 2082 652; baseline 0 -20"><span class='ocrx_word' id='word_1_22' title='bbox 436 580 635 634; x_wconf 89' lang='lat' dir='ltr'><strong>autem</strong></span> <span class='ocrx_word' id='word_1_23' title='bbox 660 571 945 652; x_wconf 77' lang='lat' dir='ltr'><strong>juventus</strong></span> <span class='ocrx_word' id='word_1_24' title='bbox 975 579 1034 631; x_wconf 87' lang='lat' dir='ltr'><strong>et</strong></span> <span class='ocrx_word' id='word_1_25' title='bbox 1064 578 1206 631; x_wconf 73' lang='lat' dir='ltr'><strong>tetas</strong></span> <span class='ocrx_word' id='word_1_26' title='bbox 1251 568 1604 650; x_wconf 82' lang='lat' dir='ltr'><strong>propensior</strong></span> <span class='ocrx_word' id='word_1_27' title='bbox 1651 569 1724 630; x_wconf 90' lang='lat' dir='ltr'><strong>ad</strong></span> <span class='ocrx_word' id='word_1_28' title='bbox 1748 569 2082 650; x_wconf 68' lang='lat' dir='ltr'><strong>voluptates</strong></span> 
     </span>
    </p>
   </div>
   <div class='ocr_carea' id='block_1_7' title="bbox 437 657 2082 741">
    <p class='ocr_par' dir='ltr' id='par_1_7' title="bbox 437 657 2082 741">
     <span class='ocr_line' id='line_1_7' title="bbox 437 657 2082 741; baseline -0.002 -19"><span class='ocrx_word' id='word_1_29' title='bbox 437 679 558 722; x_wconf 90' lang='lat' dir='ltr'><strong>non</strong></span> <span class='ocrx_word' id='word_1_30' title='bbox 592 659 882 741; x_wconf 77' lang='lat' dir='ltr'><strong>permittit</strong></span> <span class='ocrx_word' id='word_1_31' title='bbox 913 667 975 719; x_wconf 92' lang='lat' dir='ltr'><strong>ut</strong></span> <span class='ocrx_word' id='word_1_32' title='bbox 1007 658 1117 720; x_wconf 90' lang='lat' dir='ltr'><strong>hoc</strong></span> <span class='ocrx_word' id='word_1_33' title='bbox 1146 657 1322 736; x_wconf 89' lang='lat' dir='ltr'><strong>feras,</strong></span> <span class='ocrx_word' id='word_1_34' title='bbox 1357 666 1416 719; x_wconf 90' lang='lat' dir='ltr'><strong>at</strong></span> <span class='ocrx_word' id='word_1_35' title='bbox 1447 668 1509 720; x_wconf 90' lang='lat' dir='ltr'><strong>tu</strong></span> <span class='ocrx_word' id='word_1_36' title='bbox 1543 676 1636 719; x_wconf 92' lang='lat' dir='ltr'><strong>me</strong></span> <span class='ocrx_word' id='word_1_37' title='bbox 1666 657 1852 738; x_wconf 87' lang='lat' dir='ltr'><strong>sinas,</strong></span> <span class='ocrx_word' id='word_1_38' title='bbox 1900 666 1960 719; x_wconf 90' lang='lat' dir='ltr'><strong>et</strong></span> <span class='ocrx_word' id='word_1_39' title='bbox 2005 676 2082 719; x_wconf 90' lang='lat' dir='ltr'><strong>ne</strong></span> 
     </span>
    </p>
   </div>
   <div class='ocr_carea' id='block_1_8' title="bbox 436 746 2079 831">
    <p class='ocr_par' dir='ltr' id='par_1_8' title="bbox 436 746 2079 831">
     <span class='ocr_line' id='line_1_8' title="bbox 436 746 2079 831; baseline -0.002 -18"><span class='ocrx_word' id='word_1_40' title='bbox 436 759 699 831; x_wconf 74' lang='lat' dir='ltr'><strong>emptum</strong></span> <span class='ocrx_word' id='word_1_41' title='bbox 733 766 932 811; x_wconf 90' lang='lat' dir='ltr'><strong>meum</strong></span> <span class='ocrx_word' id='word_1_42' title='bbox 966 756 1027 809; x_wconf 89' lang='lat' dir='ltr'><strong>et</strong></span> <span class='ocrx_word' id='word_1_43' title='bbox 1056 748 1392 809; x_wconf 82' lang='lat' dir='ltr'><strong>institutum</strong></span> <span class='ocrx_word' id='word_1_44' title='bbox 1428 746 1747 827; x_wconf 78' lang='lat' dir='ltr'><strong>prohibeas</strong></span> <span class='ocrx_word' id='word_1_45' title='bbox 1775 769 1789 811; x_wconf 89' lang='lat'><strong>:</strong></span> <span class='ocrx_word' id='word_1_46' title='bbox 1827 749 1943 810; x_wconf 91' lang='lat' dir='ltr'><strong>mei</strong></span> <span class='ocrx_word' id='word_1_47' title='bbox 1969 767 2079 809; x_wconf 91' lang='lat' dir='ltr'><strong>au-</strong></span> 
     </span>
    </p>
   </div>
   <div class='ocr_carea' id='block_1_9' title="bbox 434 837 2080 919">
    <p class='ocr_par' dir='ltr' id='par_1_9' title="bbox 434 837 2080 919">
     <span class='ocr_line' id='line_1_9' title="bbox 434 837 2080 919; baseline -0.001 -18"><span class='ocrx_word' id='word_1_48' title='bbox 434 847 555 902; x_wconf 91' lang='lat' dir='ltr'><strong>tem</strong></span> <span class='ocrx_word' id='word_1_49' title='bbox 577 838 843 919; x_wconf 88' lang='lat' dir='ltr'><strong>corporis</strong></span> <span class='ocrx_word' id='word_1_50' title='bbox 864 846 922 900; x_wconf 90' lang='lat' dir='ltr'><strong>et</strong></span> <span class='ocrx_word' id='word_1_51' title='bbox 948 855 1094 900; x_wconf 75' lang='lat' dir='ltr'><strong>meae</strong></span> <span class='ocrx_word' id='word_1_52' title='bbox 1112 837 1403 900; x_wconf 78' lang='lat' dir='ltr'><strong>libertatis</strong></span> <span class='ocrx_word' id='word_1_53' title='bbox 1429 855 1660 899; x_wconf 88' lang='lat' dir='ltr'><strong>merces</strong></span> <span class='ocrx_word' id='word_1_54' title='bbox 1672 846 1847 899; x_wconf 89' lang='lat' dir='ltr'><strong>erunt</strong></span> <span class='ocrx_word' id='word_1_55' title='bbox 1868 855 2080 902; x_wconf 91' lang='lat' dir='ltr'><strong>omnes</strong></span> 
     </span>
    </p>
   </div>
   <div class='ocr_carea' id='block_1_10' title="bbox 436 926 2075 1009">
    <p class='ocr_par' dir='ltr' id='par_1_10' title="bbox 436 926 2075 1009">
     <span class='ocr_line' id='line_1_10' title="bbox 436 926 2075 1009; baseline -0.002 -17"><span class='ocrx_word' id='word_1_56' title='bbox 436 933 864 1009; x_wconf 86' lang='lat' dir='ltr'><strong>possessiones,</strong></span> <span class='ocrx_word' id='word_1_57' title='bbox 901 945 1110 988; x_wconf 89' lang='lat' dir='ltr'><strong>omnes</strong></span> <span class='ocrx_word' id='word_1_58' title='bbox 1139 926 1367 1001; x_wconf 81' lang='lat' dir='ltr'><strong>famuli,</strong></span> <span class='ocrx_word' id='word_1_59' title='bbox 1399 934 1456 989; x_wconf 87' lang='lat' dir='ltr'><strong>et</strong></span> <span class='ocrx_word' id='word_1_60' title='bbox 1486 935 1696 997; x_wconf 79' lang='lat' dir='ltr'><strong>vestes,</strong></span> <span class='ocrx_word' id='word_1_61' title='bbox 1738 933 1797 987; x_wconf 76' lang='lat' dir='ltr'><strong>et</strong></span> <span class='ocrx_word' id='word_1_62' title='bbox 1838 927 2075 1000; x_wconf 88' lang='lat' dir='ltr'><strong>domus,</strong></span> 
     </span>
    </p>
   </div>
   <div class='ocr_carea' id='block_1_11' title="bbox 436 1014 2082 1098">
    <p class='ocr_par' dir='ltr' id='par_1_11' title="bbox 436 1014 2082 1098">
     <span class='ocr_line' id='line_1_11' title="bbox 436 1014 2082 1098; baseline -0.002 -17"><span class='ocrx_word' id='word_1_63' title='bbox 436 1025 493 1081; x_wconf 85' lang='lat' dir='ltr'><strong>et</strong></span> <span class='ocrx_word' id='word_1_64' title='bbox 522 1035 892 1098; x_wconf 77' lang='lat' dir='ltr'><strong>qmecunque</strong></span> <span class='ocrx_word' id='word_1_65' title='bbox 923 1016 1037 1077; x_wconf 89' lang='lat' dir='ltr'><strong>atia</strong></span> <span class='ocrx_word' id='word_1_66' title='bbox 1067 1024 1204 1077; x_wconf 91' lang='lat' dir='ltr'><strong>sunt</strong></span> <span class='ocrx_word' id='word_1_67' title='bbox 1256 1016 1317 1077; x_wconf 93' lang='lat' dir='ltr'><strong>in</strong></span> <span class='ocrx_word' id='word_1_68' title='bbox 1354 1016 1501 1078; x_wconf 87' lang='lat' dir='ltr'><strong>meis</strong></span> <span class='ocrx_word' id='word_1_69' title='bbox 1534 1015 1936 1078; x_wconf 80' lang='lat' dir='ltr'><strong>facultatibus.</strong></span> <span class='ocrx_word' id='word_1_70' title='bbox 1978 1014 2082 1078; x_wconf 89' lang='lat' dir='ltr'><strong>His</strong></span> 
     </span>
    </p>
   </div>
   <div class='ocr_carea' id='block_1_12' title="bbox 437 1104 2078 1185">
    <p class='ocr_par' dir='ltr' id='par_1_12' title="bbox 437 1104 2078 1185">
     <span class='ocr_line' id='line_1_12' title="bbox 437 1104 2078 1185; baseline 0.001 -18"><span class='ocrx_word' id='word_1_71' title='bbox 437 1105 717 1168; x_wconf 90' lang='lat' dir='ltr'><strong>omnibus</strong></span> <span class='ocrx_word' id='word_1_72' title='bbox 751 1105 860 1167; x_wconf 85' lang='lat' dir='ltr'><strong>tibi</strong></span> <span class='ocrx_word' id='word_1_73' title='bbox 888 1104 1060 1180; x_wconf 90' lang='lat' dir='ltr'><strong>cedo,</strong></span> <span class='ocrx_word' id='word_1_74' title='bbox 1093 1104 1419 1166; x_wconf 89' lang='lat' dir='ltr'><strong>dummodo</strong></span> <span class='ocrx_word' id='word_1_75' title='bbox 1448 1104 1738 1185; x_wconf 90' lang='lat' dir='ltr'><strong>meipsam</strong></span> <span class='ocrx_word' id='word_1_76' title='bbox 1761 1106 2078 1171; x_wconf 85' lang='lat' dir='ltr'><strong>redimam.</strong></span> 
     </span>
    </p>
   </div>
   <div class='ocr_carea' id='block_1_13' title="bbox 432 1195 2079 1276">
    <p class='ocr_par' dir='ltr' id='par_1_13' title="bbox 432 1195 2079 1276">
     <span class='ocr_line' id='line_1_13' title="bbox 432 1195 2079 1276; baseline -0.001 -17"><span class='ocrx_word' id='word_1_77' title='bbox 432 1195 540 1259; x_wconf 90' lang='lat' dir='ltr'><strong>Ille</strong></span> <span class='ocrx_word' id='word_1_78' title='bbox 570 1214 708 1257; x_wconf 92' lang='lat' dir='ltr'><strong>vero</strong></span> <span class='ocrx_word' id='word_1_79' title='bbox 741 1213 932 1276; x_wconf 84' lang='lat' dir='ltr'><strong>neque</strong></span> <span class='ocrx_word' id='word_1_80' title='bbox 957 1195 1296 1258; x_wconf 89' lang='lat' dir='ltr'><strong>universum</strong></span> <span class='ocrx_word' id='word_1_81' title='bbox 1324 1196 1682 1271; x_wconf 87' lang='lat' dir='ltr'><strong>concedens,</strong></span> <span class='ocrx_word' id='word_1_82' title='bbox 1725 1213 1922 1276; x_wconf 86' lang='lat' dir='ltr'><strong>neque</strong></span> <span class='ocrx_word' id='word_1_83' title='bbox 1947 1197 2079 1275; x_wconf 87' lang='lat' dir='ltr'><strong>ejus</strong></span> 
     </span>
    </p>
   </div>
   <div class='ocr_carea' id='block_1_14' title="bbox 433 1283 2073 1364">
    <p class='ocr_par' dir='ltr' id='par_1_14' title="bbox 433 1283 2073 1364">
     <span class='ocr_line' id='line_1_14' title="bbox 433 1283 2073 1364; baseline -0.001 -16"><span class='ocrx_word' id='word_1_84' title='bbox 433 1294 610 1348; x_wconf 87' lang='lat' dir='ltr'><strong>totam</strong></span> <span class='ocrx_word' id='word_1_85' title='bbox 627 1303 905 1348; x_wconf 85' lang='lat' dir='ltr'><strong>aversans</strong></span> <span class='ocrx_word' id='word_1_86' title='bbox 919 1284 1310 1346; x_wconf 85' lang='lat' dir='ltr'><strong>voluntatem:</strong></span> <span class='ocrx_word' id='word_1_87' title='bbox 1353 1283 1521 1345; x_wconf 91' lang='lat' dir='ltr'><strong>Nunc</strong></span> <span class='ocrx_word' id='word_1_88' title='bbox 1555 1284 1820 1364; x_wconf 90' lang='lat' dir='ltr'><strong>quidem,</strong></span> <span class='ocrx_word' id='word_1_89' title='bbox 1849 1302 2073 1359; x_wconf 79' lang='lat' dir='ltr'><strong>ouxor,</strong></span> 
     </span>
    </p>
   </div>
   <div class='ocr_carea' id='block_1_15' title="bbox 430 1374 2075 1456">
    <p class='ocr_par' dir='ltr' id='par_1_15' title="bbox 430 1374 2075 1456">
     <span class='ocr_line' id='line_1_15' title="bbox 430 1374 2075 1456; baseline 0.001 -21"><span class='ocrx_word' id='word_1_90' title='bbox 430 1376 644 1456; x_wconf 89' lang='lat' dir='ltr'><strong>inquit.</strong></span> <span class='ocrx_word' id='word_1_91' title='bbox 700 1393 819 1437; x_wconf 89' lang='lat' dir='ltr'><strong>non</strong></span> <span class='ocrx_word' id='word_1_92' title='bbox 871 1382 1116 1455; x_wconf 88' lang='lat' dir='ltr'><strong>possunt</strong></span> <span class='ocrx_word' id='word_1_93' title='bbox 1164 1374 1290 1436; x_wconf 85' lang='lat' dir='ltr'><strong>haec</strong></span> <span class='ocrx_word' id='word_1_94' title='bbox 1333 1374 1497 1435; x_wconf 88' lang='lat' dir='ltr'><strong>fieri:</strong></span> <span class='ocrx_word' id='word_1_95' title='bbox 1534 1382 1842 1454; x_wconf 86' lang='lat' dir='ltr'><strong>postquam</strong></span> <span class='ocrx_word' id='word_1_96' title='bbox 1875 1384 2075 1436; x_wconf 86' lang='lat' dir='ltr'><strong>autem</strong></span> 
     </span>
    </p>
   </div>
   <div class='ocr_carea' id='block_1_16' title="bbox 431 1462 2073 1544">
    <p class='ocr_par' dir='ltr' id='par_1_16' title="bbox 431 1462 2073 1544">
     <span class='ocr_line' id='line_1_16' title="bbox 431 1462 2073 1544; baseline -0.001 -18"><span class='ocrx_word' id='word_1_97' title='bbox 431 1464 671 1544; x_wconf 77' lang='lat' dir='ltr'><strong>generis</strong></span> <span class='ocrx_word' id='word_1_98' title='bbox 722 1472 780 1524; x_wconf 92' lang='lat' dir='ltr'><strong>et</strong></span> <span class='ocrx_word' id='word_1_99' title='bbox 811 1462 1153 1525; x_wconf 85' lang='lat' dir='ltr'><strong>facultatum</strong></span> <span class='ocrx_word' id='word_1_100' title='bbox 1206 1462 1593 1524; x_wconf 89' lang='lat' dir='ltr'><strong>habuerimus</strong></span> <span class='ocrx_word' id='word_1_101' title='bbox 1642 1480 2073 1538; x_wconf 78' lang='lat' dir='ltr'><strong>successorem,</strong></span> 
     </span>
    </p>
   </div>
   <div class='ocr_carea' id='block_1_17' title="bbox 432 1550 2078 1636">
    <p class='ocr_par' dir='ltr' id='par_1_17' title="bbox 432 1550 2078 1636">
     <span class='ocr_line' id='line_1_17' title="bbox 432 1550 2078 1636; baseline 0.001 -22"><span class='ocrx_word' id='word_1_102' title='bbox 432 1573 543 1617; x_wconf 92' lang='lat' dir='ltr'><strong>nec</strong></span> <span class='ocrx_word' id='word_1_103' title='bbox 567 1572 679 1632; x_wconf 86' lang='lat' dir='ltr'><strong>ego</strong></span> <span class='ocrx_word' id='word_1_104' title='bbox 700 1552 855 1615; x_wconf 88' lang='lat' dir='ltr'><strong>bono</strong></span> <span class='ocrx_word' id='word_1_105' title='bbox 883 1561 980 1613; x_wconf 90' lang='lat' dir='ltr'><strong>tuo</strong></span> <span class='ocrx_word' id='word_1_106' title='bbox 1006 1552 1273 1614; x_wconf 90' lang='lat' dir='ltr'><strong>instituto</strong></span> <span class='ocrx_word' id='word_1_107' title='bbox 1287 1550 1491 1614; x_wconf 90' lang='lat' dir='ltr'><strong>deero.</strong></span> <span class='ocrx_word' id='word_1_108' title='bbox 1517 1552 1706 1615; x_wconf 84' lang='lat' dir='ltr'><strong>Grave</strong></span> <span class='ocrx_word' id='word_1_109' title='bbox 1725 1551 1880 1613; x_wconf 88' lang='lat' dir='ltr'><strong>enim</strong></span> <span class='ocrx_word' id='word_1_110' title='bbox 1898 1562 2078 1636; x_wconf 73' lang='lat' dir='ltr'><strong>esset,</strong></span> 
     </span>
    </p>
   </div>
   <div class='ocr_carea' id='block_1_18' title="bbox 430 1639 2079 1723">
    <p class='ocr_par' dir='ltr' id='par_1_18' title="bbox 430 1639 2079 1723">
     <span class='ocr_line' id='line_1_18' title="bbox 430 1639 2079 1723; baseline 0.001 -20"><span class='ocrx_word' id='word_1_111' title='bbox 430 1645 483 1703; x_wconf 90' lang='lat' dir='ltr'><strong>si</strong></span> <span class='ocrx_word' id='word_1_112' title='bbox 513 1649 572 1704; x_wconf 88' lang='lat' dir='ltr'><strong>in</strong></span> <span class='ocrx_word' id='word_1_113' title='bbox 604 1643 799 1704; x_wconf 89' lang='lat' dir='ltr'><strong>divino</strong></span> <span class='ocrx_word' id='word_1_114' title='bbox 824 1641 1129 1704; x_wconf 86' lang='lat' dir='ltr'><strong>desiderio</strong></span> <span class='ocrx_word' id='word_1_115' title='bbox 1152 1640 1242 1701; x_wconf 84' lang='lat' dir='ltr'><strong>vir</strong></span> <span class='ocrx_word' id='word_1_116' title='bbox 1266 1639 1501 1702; x_wconf 84' lang='lat' dir='ltr'><strong>feminae</strong></span> <span class='ocrx_word' id='word_1_117' title='bbox 1526 1640 1741 1703; x_wconf 84' lang='lat' dir='ltr'><strong>cedere</strong></span> <span class='ocrx_word' id='word_1_118' title='bbox 1764 1643 2079 1723; x_wconf 66' lang='lat' dir='ltr'><strong>consliice-</strong></span> 
     </span>
    </p>
   </div>
   <div class='ocr_carea' id='block_1_19' title="bbox 428 1729 2078 1812">
    <p class='ocr_par' dir='ltr' id='par_1_19' title="bbox 428 1729 2078 1812">
     <span class='ocr_line' id='line_1_19' title="bbox 428 1729 2078 1812; baseline -0.001 -17"><span class='ocrx_word' id='word_1_119' title='bbox 428 1751 548 1795; x_wconf 88' lang='lat' dir='ltr'><strong>rer.</strong></span> <span class='ocrx_word' id='word_1_120' title='bbox 584 1732 701 1797; x_wconf 90' lang='lat' dir='ltr'><strong>Sed</strong></span> <span class='ocrx_word' id='word_1_121' title='bbox 736 1741 874 1793; x_wconf 88' lang='lat' dir='ltr'><strong>tunc</strong></span> <span class='ocrx_word' id='word_1_122' title='bbox 904 1730 1079 1793; x_wconf 89' lang='lat' dir='ltr'><strong>ambo</strong></span> <span class='ocrx_word' id='word_1_123' title='bbox 1110 1731 1263 1792; x_wconf 88' lang='lat' dir='ltr'><strong>hanc</strong></span> <span class='ocrx_word' id='word_1_124' title='bbox 1295 1729 1445 1791; x_wconf 88' lang='lat' dir='ltr'><strong>viam</strong></span> <span class='ocrx_word' id='word_1_125' title='bbox 1478 1730 1785 1812; x_wconf 84' lang='lat' dir='ltr'><strong>eligentes,</strong></span> <span class='ocrx_word' id='word_1_126' title='bbox 1827 1751 1945 1793; x_wconf 92' lang='lat' dir='ltr'><strong>non</strong></span> <span class='ocrx_word' id='word_1_127' title='bbox 1977 1751 2078 1794; x_wconf 92' lang='lat' dir='ltr'><strong>se-</strong></span> 
     </span>
    </p>
   </div>
   <div class='ocr_carea' id='block_1_20' title="bbox 429 1819 2143 1901">
    <p class='ocr_par' dir='ltr' id='par_1_20' title="bbox 429 1819 2143 1901">
     <span class='ocr_line' id='line_1_20' title="bbox 429 1819 2143 1901; baseline 0.002 -19"><span class='ocrx_word' id='word_1_128' title='bbox 429 1840 536 1884; x_wconf 90' lang='lat' dir='ltr'><strong>cus</strong></span> <span class='ocrx_word' id='word_1_129' title='bbox 566 1840 634 1884; x_wconf 86' lang='lat' dir='ltr'><strong>ac</strong></span> <span class='ocrx_word' id='word_1_130' title='bbox 665 1822 724 1882; x_wconf 90' lang='lat' dir='ltr'><strong>in</strong></span> <span class='ocrx_word' id='word_1_131' title='bbox 757 1819 1160 1893; x_wconf 83' lang='lat' dir='ltr'><strong>matrimonio,</strong></span> <span class='ocrx_word' id='word_1_132' title='bbox 1207 1821 1288 1881; x_wconf 92' lang='lat' dir='ltr'><strong>ita</strong></span> <span class='ocrx_word' id='word_1_133' title='bbox 1331 1822 1389 1880; x_wconf 91' lang='lat' dir='ltr'><strong>in</strong></span> <span class='ocrx_word' id='word_1_134' title='bbox 1422 1823 1537 1882; x_wconf 90' lang='lat' dir='ltr'><strong>vita</strong></span> <span class='ocrx_word' id='word_1_135' title='bbox 1569 1838 1638 1881; x_wconf 83' lang='lat' dir='ltr'><strong>ex</strong></span> <span class='ocrx_word' id='word_1_136' title='bbox 1683 1820 1806 1883; x_wconf 90' lang='lat' dir='ltr'><strong>Deo</strong></span> <span class='ocrx_word' id='word_1_137' title='bbox 1854 1822 2081 1901; x_wconf 85' lang='lat' dir='ltr'><strong>agenda</strong></span> <span class='ocrx_word' id='word_1_138' title='bbox 2106 1845 2143 1894; x_wconf 76' lang='grc' dir='ltr'><strong>Β</strong></span> 
     </span>
    </p>
   </div>
   <div class='ocr_carea' id='block_1_21' title="bbox 432 1909 1276 1991">
    <p class='ocr_par' dir='ltr' id='par_1_21' title="bbox 432 1909 1276 1991">
     <span class='ocr_line' id='line_1_21' title="bbox 432 1909 1276 1991; baseline 0 -18"><span class='ocrx_word' id='word_1_139' title='bbox 432 1911 594 1973; x_wconf 88' lang='lat' dir='ltr'><strong>inter</strong></span> <span class='ocrx_word' id='word_1_140' title='bbox 626 1929 737 1974; x_wconf 92' lang='lat' dir='ltr'><strong>nos</strong></span> <span class='ocrx_word' id='word_1_141' title='bbox 769 1909 1276 1991; x_wconf 89' lang='lat' dir='ltr'><strong>conspirabimus.</strong></span> 
     </span>
    </p>
   </div>
   <div class='ocr_carea' id='block_1_22' title="bbox 508 1999 2075 2081">
    <p class='ocr_par' dir='ltr' id='par_1_22' title="bbox 508 1999 2075 2081">
     <span class='ocr_line' id='line_1_22' title="bbox 508 1999 2075 2081; baseline -0.002 -19"><span class='ocrx_word' id='word_1_142' title='bbox 508 1999 614 2063; x_wconf 87' lang='lat' dir='ltr'><strong>Ill.</strong></span> <span class='ocrx_word' id='word_1_143' title='bbox 641 2000 1011 2081; x_wconf 89' lang='lat' dir='ltr'><strong>Aquiescunt</strong></span> <span class='ocrx_word' id='word_1_144' title='bbox 1041 2000 1218 2060; x_wconf 91' lang='lat' dir='ltr'><strong>ambo</strong></span> <span class='ocrx_word' id='word_1_145' title='bbox 1259 1999 1341 2076; x_wconf 91' lang='lat' dir='ltr'><strong>ei,</strong></span> <span class='ocrx_word' id='word_1_146' title='bbox 1392 2000 1550 2080; x_wconf 83' lang='lat' dir='ltr'><strong>quod</strong></span> <span class='ocrx_word' id='word_1_147' title='bbox 1605 1999 1828 2062; x_wconf 88' lang='lat' dir='ltr'><strong>dictum</strong></span> <span class='ocrx_word' id='word_1_148' title='bbox 1861 2000 2075 2062; x_wconf 84' lang='lat' dir='ltr'><strong>fuerat.</strong></span> 
     </span>
    </p>
   </div>
   <div class='ocr_carea' id='block_1_23' title="bbox 429 2089 2075 2170">
    <p class='ocr_par' dir='ltr' id='par_1_23' title="bbox 429 2089 2075 2170">
     <span class='ocr_line' id='line_1_23' title="bbox 429 2089 2075 2170; baseline -0.001 -17"><span class='ocrx_word' id='word_1_149' title='bbox 429 2090 804 2154; x_wconf 88' lang='lat' dir='ltr'><strong>Procedente</strong></span> <span class='ocrx_word' id='word_1_150' title='bbox 832 2095 1033 2151; x_wconf 89' lang='lat' dir='ltr'><strong>autem</strong></span> <span class='ocrx_word' id='word_1_151' title='bbox 1085 2097 1377 2170; x_wconf 89' lang='lat' dir='ltr'><strong>tempore,</strong></span> <span class='ocrx_word' id='word_1_152' title='bbox 1416 2091 1679 2151; x_wconf 88' lang='lat' dir='ltr'><strong>nascitur</strong></span> <span class='ocrx_word' id='word_1_153' title='bbox 1718 2089 1806 2151; x_wconf 92' lang='lat' dir='ltr'><strong>eis</strong></span> <span class='ocrx_word' id='word_1_154' title='bbox 1857 2090 2075 2170; x_wconf 90' lang='lat' dir='ltr'><strong>puella.</strong></span> 
     </span>
    </p>
   </div>
   <div class='ocr_carea' id='block_1_24' title="bbox 424 2178 2077 2260">
    <p class='ocr_par' dir='ltr' id='par_1_24' title="bbox 424 2178 2077 2260">
     <span class='ocr_line' id='line_1_24' title="bbox 424 2178 2077 2260; baseline -0.002 -17"><span class='ocrx_word' id='word_1_155' title='bbox 424 2179 509 2244; x_wconf 87' lang='lat' dir='ltr'><strong>Ea</strong></span> <span class='ocrx_word' id='word_1_156' title='bbox 540 2197 673 2242; x_wconf 90' lang='lat' dir='ltr'><strong>cum</strong></span> <span class='ocrx_word' id='word_1_157' title='bbox 699 2179 954 2260; x_wconf 91' lang='lat' dir='ltr'><strong>primum</strong></span> <span class='ocrx_word' id='word_1_158' title='bbox 988 2178 1183 2240; x_wconf 89' lang='lat' dir='ltr'><strong>lucem</strong></span> <span class='ocrx_word' id='word_1_159' title='bbox 1216 2178 1465 2259; x_wconf 79' lang='lat' dir='ltr'><strong>aspexit,</strong></span> <span class='ocrx_word' id='word_1_160' title='bbox 1497 2178 1789 2241; x_wconf 83' lang='lat' dir='ltr'><strong>castitatis</strong></span> <span class='ocrx_word' id='word_1_161' title='bbox 1816 2178 1938 2241; x_wconf 91' lang='lat' dir='ltr'><strong>Soli</strong></span> <span class='ocrx_word' id='word_1_162' title='bbox 1966 2178 2077 2241; x_wconf 85' lang='lat' dir='ltr'><strong>fuit</strong></span> 
     </span>
    </p>
   </div>
   <div class='ocr_carea' id='block_1_25' title="bbox 425 2266 2073 2350">
    <p class='ocr_par' dir='ltr' id='par_1_25' title="bbox 425 2266 2073 2350">
     <span class='ocr_line' id='line_1_25' title="bbox 425 2266 2073 2350; baseline -0.001 -19"><span class='ocrx_word' id='word_1_163' title='bbox 425 2279 795 2350; x_wconf 82' lang='lat' dir='ltr'><strong>consecrata,</strong></span> <span class='ocrx_word' id='word_1_164' title='bbox 820 2268 1048 2330; x_wconf 78' lang='lat' dir='ltr'><strong>Melana</strong></span> <span class='ocrx_word' id='word_1_165' title='bbox 1062 2268 1355 2331; x_wconf 80' lang='lat' dir='ltr'><strong>offerente</strong></span> <span class='ocrx_word' id='word_1_166' title='bbox 1378 2268 1667 2350; x_wconf 86' lang='lat' dir='ltr'><strong>primitias</strong></span> <span class='ocrx_word' id='word_1_167' title='bbox 1685 2266 2073 2348; x_wconf 85' lang='lat' dir='ltr'><strong>Domino,qui</strong></span> 
     </span>
    </p>
   </div>
   <div class='ocr_carea' id='block_1_26' title="bbox 423 2357 2073 2439">
    <p class='ocr_par' dir='ltr' id='par_1_26' title="bbox 423 2357 2073 2439">
     <span class='ocr_line' id='line_1_26' title="bbox 423 2357 2073 2439; baseline -0.001 -18"><span class='ocrx_word' id='word_1_168' title='bbox 423 2360 615 2439; x_wconf 86' lang='lat' dir='ltr'><strong>ipsam</strong></span> <span class='ocrx_word' id='word_1_169' title='bbox 650 2358 899 2421; x_wconf 84' lang='lat' dir='ltr'><strong>dederat</strong></span> <span class='ocrx_word' id='word_1_170' title='bbox 928 2376 943 2419; x_wconf 89' lang='lat'><strong>:</strong></span> <span class='ocrx_word' id='word_1_171' title='bbox 978 2365 1042 2421; x_wconf 90' lang='lat' dir='ltr'><strong>ut</strong></span> <span class='ocrx_word' id='word_1_172' title='bbox 1069 2359 1158 2419; x_wconf 87' lang='lat' dir='ltr'><strong>sic</strong></span> <span class='ocrx_word' id='word_1_173' title='bbox 1193 2359 1278 2421; x_wconf 86' lang='lat' dir='ltr'><strong>vel</strong></span> <span class='ocrx_word' id='word_1_174' title='bbox 1318 2358 1811 2420; x_wconf 86' lang='lat' dir='ltr'><strong>consuetudinem</strong></span> <span class='ocrx_word' id='word_1_175' title='bbox 1847 2357 2073 2421; x_wconf 86' lang='lat' dir='ltr'><strong>habens</strong></span> 
     </span>
    </p>
   </div>
   <div class='ocr_carea' id='block_1_27' title="bbox 427 2446 2069 2527">
    <p class='ocr_par' dir='ltr' id='par_1_27' title="bbox 427 2446 2069 2527">
     <span class='ocr_line' id='line_1_27' title="bbox 427 2446 2069 2527; baseline -0.003 -17"><span class='ocrx_word' id='word_1_176' title='bbox 427 2447 790 2510; x_wconf 86' lang='lat' dir='ltr'><strong>matrimonii</strong></span> <span class='ocrx_word' id='word_1_177' title='bbox 829 2447 1137 2510; x_wconf 89' lang='lat' dir='ltr'><strong>videretur</strong></span> <span class='ocrx_word' id='word_1_178' title='bbox 1169 2447 1490 2527; x_wconf 90' lang='lat' dir='ltr'><strong>plurimum</strong></span> <span class='ocrx_word' id='word_1_179' title='bbox 1524 2447 1788 2508; x_wconf 88' lang='lat' dir='ltr'><strong>tribuere</strong></span> <span class='ocrx_word' id='word_1_180' title='bbox 1822 2446 2069 2526; x_wconf 79' lang='lat' dir='ltr'><strong>virgini-</strong></span> 
     </span>
    </p>
   </div>
   <div class='ocr_carea' id='block_1_28' title="bbox 419 2535 2074 2619">
    <p class='ocr_par' dir='ltr' id='par_1_28' title="bbox 419 2535 2074 2619">
     <span class='ocr_line' id='line_1_28' title="bbox 419 2535 2074 2619; baseline -0.001 -19"><span class='ocrx_word' id='word_1_181' title='bbox 419 2541 547 2601; x_wconf 86' lang='lat' dir='ltr'><strong>tati.</strong></span> <span class='ocrx_word' id='word_1_182' title='bbox 586 2539 885 2619; x_wconf 87' lang='lat' dir='ltr'><strong>Deinceps</strong></span> <span class='ocrx_word' id='word_1_183' title='bbox 916 2555 1053 2599; x_wconf 83' lang='lat' dir='ltr'><strong>vero</strong></span> <span class='ocrx_word' id='word_1_184' title='bbox 1074 2537 1330 2616; x_wconf 86' lang='lat' dir='ltr'><strong>seipsam</strong></span> <span class='ocrx_word' id='word_1_185' title='bbox 1355 2535 1734 2616; x_wconf 89' lang='lat' dir='ltr'><strong>contrabens,</strong></span> <span class='ocrx_word' id='word_1_186' title='bbox 1763 2536 2074 2598; x_wconf 83' lang='lat' dir='ltr'><strong>moderate</strong></span> 
     </span>
    </p>
   </div>
   <div class='ocr_carea' id='block_1_29' title="bbox 421 2623 2074 2708">
    <p class='ocr_par' dir='ltr' id='par_1_29' title="bbox 421 2623 2074 2708">
     <span class='ocr_line' id='line_1_29' title="bbox 421 2623 2074 2708; baseline -0.001 -21"><span class='ocrx_word' id='word_1_187' title='bbox 421 2634 481 2688; x_wconf 91' lang='lat' dir='ltr'><strong>et</strong></span> <span class='ocrx_word' id='word_1_188' title='bbox 533 2635 945 2708; x_wconf 86' lang='lat' dir='ltr'><strong>temperanter</strong></span> <span class='ocrx_word' id='word_1_189' title='bbox 999 2625 1251 2687; x_wconf 88' lang='lat' dir='ltr'><strong>vivebat.</strong></span> <span class='ocrx_word' id='word_1_190' title='bbox 1309 2624 1438 2686; x_wconf 91' lang='lat' dir='ltr'><strong>Non</strong></span> <span class='ocrx_word' id='word_1_191' title='bbox 1506 2630 1729 2685; x_wconf 89' lang='lat' dir='ltr'><strong>vestem</strong></span> <span class='ocrx_word' id='word_1_192' title='bbox 1805 2623 2074 2702; x_wconf 80' lang='lat' dir='ltr'><strong>gestabat</strong></span> 
     </span>
    </p>
   </div>
   <div class='ocr_carea' id='block_1_30' title="bbox 419 2712 2075 2796">
    <p class='ocr_par' dir='ltr' id='par_1_30' title="bbox 419 2712 2075 2796">
     <span class='ocr_line' id='line_1_30' title="bbox 419 2712 2075 2796; baseline -0.002 -18"><span class='ocrx_word' id='word_1_193' title='bbox 419 2715 824 2796; x_wconf 86' lang='lat' dir='ltr'><strong>splendidam,</strong></span> <span class='ocrx_word' id='word_1_194' title='bbox 856 2734 977 2775; x_wconf 89' lang='lat' dir='ltr'><strong>non</strong></span> <span class='ocrx_word' id='word_1_195' title='bbox 1008 2732 1225 2793; x_wconf 86' lang='lat' dir='ltr'><strong>corpus</strong></span> <span class='ocrx_word' id='word_1_196' title='bbox 1252 2732 1423 2775; x_wconf 90' lang='lat' dir='ltr'><strong>suum</strong></span> <span class='ocrx_word' id='word_1_197' title='bbox 1445 2712 1675 2775; x_wconf 86' lang='lat' dir='ltr'><strong>fovebat</strong></span> <span class='ocrx_word' id='word_1_198' title='bbox 1701 2712 1984 2775; x_wconf 84' lang='lat' dir='ltr'><strong>lavacris:</strong></span> <span class='ocrx_word' id='word_1_199' title='bbox 2016 2721 2075 2775; x_wconf 92' lang='lat' dir='ltr'><strong>et</strong></span> 
     </span>
    </p>
   </div>
   <div class='ocr_carea' id='block_1_31' title="bbox 417 2801 2067 2884">
    <p class='ocr_par' dir='ltr' id='par_1_31' title="bbox 417 2801 2067 2884">
     <span class='ocr_line' id='line_1_31' title="bbox 417 2801 2067 2884; baseline -0.001 -19"><span class='ocrx_word' id='word_1_200' title='bbox 417 2804 466 2865; x_wconf 90' lang='lat' dir='ltr'><strong>si</strong></span> <span class='ocrx_word' id='word_1_201' title='bbox 496 2804 734 2884; x_wconf 83' lang='lat' dir='ltr'><strong>quando</strong></span> <span class='ocrx_word' id='word_1_202' title='bbox 785 2821 819 2864; x_wconf 91' lang='lat' dir='ltr'><strong>a</strong></span> <span class='ocrx_word' id='word_1_203' title='bbox 881 2803 1088 2864; x_wconf 85' lang='lat' dir='ltr'><strong>marito</strong></span> <span class='ocrx_word' id='word_1_204' title='bbox 1139 2811 1300 2864; x_wconf 88' lang='lat' dir='ltr'><strong>auta</strong></span> <span class='ocrx_word' id='word_1_205' title='bbox 1332 2801 1676 2883; x_wconf 88' lang='lat' dir='ltr'><strong>parentibus</strong></span> <span class='ocrx_word' id='word_1_206' title='bbox 1727 2811 2067 2881; x_wconf 86' lang='lat' dir='ltr'><strong>cogeretur,</strong></span> 
     </span>
    </p>
   </div>
   <div class='ocr_carea' id='block_1_32' title="bbox 418 2893 2075 2975">
    <p class='ocr_par' dir='ltr' id='par_1_32' title="bbox 418 2893 2075 2975">
     <span class='ocr_line' id='line_1_32' title="bbox 418 2893 2075 2975; baseline -0.001 -20"><span class='ocrx_word' id='word_1_207' title='bbox 418 2894 543 2956; x_wconf 86' lang='lat' dir='ltr'><strong>ibat</strong></span> <span class='ocrx_word' id='word_1_208' title='bbox 572 2894 814 2975; x_wconf 88' lang='lat' dir='ltr'><strong>quidem</strong></span> <span class='ocrx_word' id='word_1_209' title='bbox 848 2893 920 2955; x_wconf 86' lang='lat' dir='ltr'><strong>ad</strong></span> <span class='ocrx_word' id='word_1_210' title='bbox 960 2893 1267 2974; x_wconf 84' lang='lat' dir='ltr'><strong>balneum,</strong></span> <span class='ocrx_word' id='word_1_211' title='bbox 1299 2912 1434 2955; x_wconf 87' lang='lat' dir='ltr'><strong>cum</strong></span> <span class='ocrx_word' id='word_1_212' title='bbox 1477 2902 1672 2955; x_wconf 88' lang='lat' dir='ltr'><strong>autem</strong></span> <span class='ocrx_word' id='word_1_213' title='bbox 1718 2895 1941 2955; x_wconf 83' lang='lat' dir='ltr'><strong>vultum</strong></span> <span class='ocrx_word' id='word_1_214' title='bbox 1971 2910 2075 2954; x_wconf 76' lang='lat' dir='ltr'><strong>so-</strong></span> 
     </span>
    </p>
   </div>
   <div class='ocr_carea' id='block_1_33' title="bbox 417 2981 2074 3063">
    <p class='ocr_par' dir='ltr' id='par_1_33' title="bbox 417 2981 2074 3063">
     <span class='ocr_line' id='line_1_33' title="bbox 417 2981 2074 3063; baseline -0.001 -18"><span class='ocrx_word' id='word_1_215' title='bbox 417 2984 540 3045; x_wconf 92' lang='lat' dir='ltr'><strong>lum</strong></span> <span class='ocrx_word' id='word_1_216' title='bbox 571 2983 817 3045; x_wconf 87' lang='lat' dir='ltr'><strong>lavacris</strong></span> <span class='ocrx_word' id='word_1_217' title='bbox 848 2982 1161 3055; x_wconf 89' lang='lat' dir='ltr'><strong>abluisset,</strong></span> <span class='ocrx_word' id='word_1_218' title='bbox 1193 2991 1256 3045; x_wconf 87' lang='lat' dir='ltr'><strong>ut</strong></span> <span class='ocrx_word' id='word_1_219' title='bbox 1286 3001 1496 3045; x_wconf 85' lang='lat' dir='ltr'><strong>eorum</strong></span> <span class='ocrx_word' id='word_1_220' title='bbox 1528 2982 1633 3063; x_wconf 85' lang='lat' dir='ltr'><strong>qui</strong></span> <span class='ocrx_word' id='word_1_221' title='bbox 1652 2981 1944 3062; x_wconf 73' lang='lat' dir='ltr'><strong>jubebant</strong></span> <span class='ocrx_word' id='word_1_222' title='bbox 1970 2999 2074 3044; x_wconf 87' lang='lat' dir='ltr'><strong>vo-</strong></span> 
     </span>
    </p>
   </div>
   <div class='ocr_carea' id='block_1_34' title="bbox 417 3071 2075 3154">
    <p class='ocr_par' dir='ltr' id='par_1_34' title="bbox 417 3071 2075 3154">
     <span class='ocr_line' id='line_1_34' title="bbox 417 3071 2075 3154; baseline 0.001 -22"><span class='ocrx_word' id='word_1_223' title='bbox 417 3071 628 3134; x_wconf 88' lang='lat' dir='ltr'><strong>luntati</strong></span> <span class='ocrx_word' id='word_1_224' title='bbox 657 3071 1047 3147; x_wconf 86' lang='lat' dir='ltr'><strong>satisfaceret,</strong></span> <span class='ocrx_word' id='word_1_225' title='bbox 1089 3076 1204 3134; x_wconf 88' lang='lat' dir='ltr'><strong>non</strong></span> <span class='ocrx_word' id='word_1_226' title='bbox 1249 3072 1483 3134; x_wconf 88' lang='lat' dir='ltr'><strong>sinebat</strong></span> <span class='ocrx_word' id='word_1_227' title='bbox 1514 3073 1809 3154; x_wconf 89' lang='lat' dir='ltr'><strong>reliquum</strong></span> <span class='ocrx_word' id='word_1_228' title='bbox 1856 3090 2075 3152; x_wconf 90' lang='lat' dir='ltr'><strong>corpus</strong></span> 
     </span>
    </p>
   </div>
   <div class='ocr_carea' id='block_1_35' title="bbox 2164 571 3821 654">
    <p class='ocr_par' dir='ltr' id='par_1_35' title="bbox 2164 571 3821 654">
     <span class='ocr_line' id='line_1_35' title="bbox 2164 571 3821 654; baseline 0.004 -26"><span class='ocrx_word' id='word_1_229' title='bbox 2164 572 2242 644; x_wconf 78' lang='grc' dir='ltr'><strong>μὴ</strong></span> <span class='ocrx_word' id='word_1_230' title='bbox 2300 571 2479 629; x_wconf 83' lang='grc' dir='ltr'>κώλυε</span> <span class='ocrx_word' id='word_1_231' title='bbox 2541 580 2633 631; x_wconf 85' lang='grc' dir='ltr'><strong>τοῦ</strong></span> <span class='ocrx_word' id='word_1_232' title='bbox 2680 573 3132 654; x_wconf 68' lang='grc' dir='ltr'>ἱπιχειρήματος.</span> <span class='ocrx_word' id='word_1_233' title='bbox 3195 577 3388 642; x_wconf 79' lang='grc' dir='ltr'><strong>Μισθὸς</strong></span> <span class='ocrx_word' id='word_1_234' title='bbox 3455 574 3511 632; x_wconf 80' lang='grc' dir='ltr'><strong>δὲ</strong></span> <span class='ocrx_word' id='word_1_235' title='bbox 3579 578 3661 633; x_wconf 86' lang='grc' dir='ltr'><strong>σοὶ</strong></span> <span class='ocrx_word' id='word_1_236' title='bbox 3723 583 3821 634; x_wconf 79' lang='grc' dir='ltr'><strong>τοῦ</strong></span> 
     </span>
    </p>
   </div>
   <div class='ocr_carea' id='block_1_36' title="bbox 2163 659 3823 745">
    <p class='ocr_par' dir='ltr' id='par_1_36' title="bbox 2163 659 3823 745">
     <span class='ocr_line' id='line_1_36' title="bbox 2163 659 3823 745; baseline 0.003 -29"><span class='ocrx_word' id='word_1_237' title='bbox 2163 659 2295 736; x_wconf 74' lang='grc' dir='ltr'>ἐμοῦ</span> <span class='ocrx_word' id='word_1_238' title='bbox 2324 662 2579 735; x_wconf 85' lang='grc' dir='ltr'>σώματος</span> <span class='ocrx_word' id='word_1_239' title='bbox 2636 665 2726 719; x_wconf 83' lang='grc' dir='ltr'><strong>καί</strong></span> <span class='ocrx_word' id='word_1_240' title='bbox 2778 669 2874 731; x_wconf 77' lang='grc' dir='ltr'>τῆς</span> <span class='ocrx_word' id='word_1_241' title='bbox 2932 663 3218 743; x_wconf 60' lang='grc' dir='ltr'>ἐλευθερίας</span> <span class='ocrx_word' id='word_1_242' title='bbox 3277 665 3451 725; x_wconf 70' lang='grc' dir='ltr'>πάντα</span> <span class='ocrx_word' id='word_1_243' title='bbox 3509 666 3608 741; x_wconf 80' lang='grc' dir='ltr'>μὲν</span> <span class='ocrx_word' id='word_1_244' title='bbox 3668 668 3823 745; x_wconf 75' lang='grc' dir='ltr'>χρή-</span> 
     </span>
    </p>
   </div>
   <div class='ocr_carea' id='block_1_37' title="bbox 2162 749 3822 832">
    <p class='ocr_par' dir='ltr' id='par_1_37' title="bbox 2162 749 3822 832">
     <span class='ocr_line' id='line_1_37' title="bbox 2162 749 3822 832; baseline 0.002 -25"><span class='ocrx_word' id='word_1_245' title='bbox 2162 771 2333 824; x_wconf 86' lang='grc' dir='ltr'>ματα,</span> <span class='ocrx_word' id='word_1_246' title='bbox 2363 752 2538 807; x_wconf 78' lang='grc' dir='ltr'>πάντα</span> <span class='ocrx_word' id='word_1_247' title='bbox 2570 749 2623 807; x_wconf 81' lang='grc' dir='ltr'>δὲ</span> <span class='ocrx_word' id='word_1_248' title='bbox 2653 753 2930 832; x_wconf 76' lang='grc' dir='ltr'>κτήματα,</span> <span class='ocrx_word' id='word_1_249' title='bbox 2962 754 3155 818; x_wconf 85' lang='grc' dir='ltr'>πάντες</span> <span class='ocrx_word' id='word_1_250' title='bbox 3187 753 3241 809; x_wconf 77' lang='grc' dir='ltr'><em>δὲ</em></span> <span class='ocrx_word' id='word_1_251' title='bbox 3291 754 3486 811; x_wconf 72' lang='grc' dir='ltr'>οἰκέται</span> <span class='ocrx_word' id='word_1_252' title='bbox 3523 756 3613 811; x_wconf 83' lang='grc' dir='ltr'>καὶ</span> <span class='ocrx_word' id='word_1_253' title='bbox 3656 754 3822 822; x_wconf 65' lang='grc' dir='ltr'>ἐσθής</span> 
     </span>
    </p>
   </div>
   <div class='ocr_carea' id='block_1_38' title="bbox 2163 838 3824 920">
    <p class='ocr_par' dir='ltr' id='par_1_38' title="bbox 2163 838 3824 920">
     <span class='ocr_line' id='line_1_38' title="bbox 2163 838 3824 920; baseline 0.004 -25"><span class='ocrx_word' id='word_1_254' title='bbox 2163 838 2251 896; x_wconf 78' lang='grc' dir='ltr'>καὶ</span> <span class='ocrx_word' id='word_1_255' title='bbox 2310 839 2456 898; x_wconf 79' lang='grc' dir='ltr'>οἶκοι</span> <span class='ocrx_word' id='word_1_256' title='bbox 2516 842 2604 897; x_wconf 78' lang='grc' dir='ltr'><strong>καὶ</strong></span> <span class='ocrx_word' id='word_1_257' title='bbox 2658 840 2828 899; x_wconf 76' lang='grc' dir='ltr'>τᾶλλα</span> <span class='ocrx_word' id='word_1_258' title='bbox 2886 841 2985 899; x_wconf 81' lang='grc' dir='ltr'><strong>ὅσα</strong></span> <span class='ocrx_word' id='word_1_259' title='bbox 3036 848 3134 911; x_wconf 76' lang='grc' dir='ltr'><strong>τῆς</strong></span> <span class='ocrx_word' id='word_1_260' title='bbox 3206 843 3474 920; x_wconf 71' lang='grc' dir='ltr'>ὺπάρξεώς</span> <span class='ocrx_word' id='word_1_261' title='bbox 3544 842 3657 901; x_wconf 81' lang='grc' dir='ltr'>ἐστι</span> <span class='ocrx_word' id='word_1_262' title='bbox 3714 850 3824 914; x_wconf 79' lang='grc' dir='ltr'>τῆς</span> 
     </span>
    </p>
   </div>
   <div class='ocr_carea' id='block_1_39' title="bbox 2162 926 3823 1013">
    <p class='ocr_par' dir='ltr' id='par_1_39' title="bbox 2162 926 3823 1013">
     <span class='ocr_line' id='line_1_39' title="bbox 2162 926 3823 1013; baseline 0.004 -29"><span class='ocrx_word' id='word_1_263' title='bbox 2162 926 2321 1004; x_wconf 83' lang='grc' dir='ltr'><strong>ἐμῆς.</strong></span> <span class='ocrx_word' id='word_1_264' title='bbox 2360 927 2571 987; x_wconf 78' lang='grc' dir='ltr'><strong>Τούτων</strong></span> <span class='ocrx_word' id='word_1_265' title='bbox 2600 931 2923 1013; x_wconf 44' lang='grc' dir='ltr'>σοι-πάντων</span> <span class='ocrx_word' id='word_1_266' title='bbox 2956 939 3290 1013; x_wconf 82' lang='grc' dir='ltr'>παραχωρῶ,</span> <span class='ocrx_word' id='word_1_267' title='bbox 3348 933 3507 1005; x_wconf 77' lang='grc' dir='ltr'>μόνον</span> <span class='ocrx_word' id='word_1_268' title='bbox 3539 934 3583 989; x_wconf 81' lang='grc' dir='ltr'><strong>εἰ</strong></span> <span class='ocrx_word' id='word_1_269' title='bbox 3640 933 3823 1007; x_wconf 73' lang='grc' dir='ltr'>ἐμαυ-</span> 
     </span>
    </p>
   </div>
   <div class='ocr_carea' id='block_1_40' title="bbox 2161 1010 3824 1097">
    <p class='ocr_par' dir='ltr' id='par_1_40' title="bbox 2161 1010 3824 1097">
     <span class='ocr_line' id='line_1_40' title="bbox 2161 1010 3824 1097; baseline 0.004 -24"><span class='ocrx_word' id='word_1_270' title='bbox 2161 1022 2264 1086; x_wconf 82' lang='grc' dir='ltr'>τὴν</span> <span class='ocrx_word' id='word_1_271' title='bbox 2319 1017 2620 1095; x_wconf 78' lang='grc' dir='ltr'>ὠνήσομαι.</span> <span class='ocrx_word' id='word_1_272' title='bbox 2687 1010 2747 1077; x_wconf 73' lang='grc' dir='ltr'>Ὀ</span> <span class='ocrx_word' id='word_1_273' title='bbox 2806 1018 2859 1077; x_wconf 73' lang='grc' dir='ltr'><strong>δὲ</strong></span> <span class='ocrx_word' id='word_1_274' title='bbox 2916 1022 3056 1095; x_wconf 80' lang='grc' dir='ltr'>μήτε</span> <span class='ocrx_word' id='word_1_275' title='bbox 3107 1010 3336 1078; x_wconf 47' lang='lat' dir='ltr'><strong>Enna»,</strong></span> <span class='ocrx_word' id='word_1_276' title='bbox 3366 1020 3538 1085; x_wconf 81' lang='grc' dir='ltr'>διδοὺς</span> <span class='ocrx_word' id='word_1_277' title='bbox 3581 1022 3724 1097; x_wconf 62' lang='grc' dir='ltr'>μήτε</span> <span class='ocrx_word' id='word_1_278' title='bbox 3756 1024 3824 1079; x_wconf 82' lang='grc' dir='ltr'><strong>τό</strong></span> 
     </span>
    </p>
   </div>
   <div class='ocr_carea' id='block_1_41' title="bbox 2164 1106 3826 1190">
    <p class='ocr_par' dir='ltr' id='par_1_41' title="bbox 2164 1106 3826 1190">
     <span class='ocr_line' id='line_1_41' title="bbox 2164 1106 3826 1190; baseline 0.004 -27"><span class='ocrx_word' id='word_1_279' title='bbox 2164 1106 2287 1163; x_wconf 73' lang='grc' dir='ltr'>ὅλον</span> <span class='ocrx_word' id='word_1_280' title='bbox 2316 1107 2418 1164; x_wconf 80' lang='grc' dir='ltr'>τοῦ·</span> <span class='ocrx_word' id='word_1_281' title='bbox 2455 1107 2793 1184; x_wconf 69' lang='grc' dir='ltr'><strong>βουλήματος</strong></span> <span class='ocrx_word' id='word_1_282' title='bbox 2849 1110 3185 1189; x_wconf 76' lang='grc' dir='ltr'><strong>ἀποτρέπων,</strong></span> <span class='ocrx_word' id='word_1_283' title='bbox 3220 1117 3325 1169; x_wconf 85' lang='grc' dir='ltr'>Νῦν</span> <span class='ocrx_word' id='word_1_284' title='bbox 3358 1111 3480 1190; x_wconf 78' lang='grc' dir='ltr'>μὲν,</span> <span class='ocrx_word' id='word_1_285' title='bbox 3530 1110 3741 1190; x_wconf 80' lang='grc' dir='ltr'>ἔλεγεν,</span> <span class='ocrx_word' id='word_1_286' title='bbox 3774 1116 3826 1169; x_wconf 80' lang='grc' dir='ltr'><strong>ὦ</strong></span> 
     </span>
    </p>
   </div>
   <div class='ocr_carea' id='block_1_42' title="bbox 2162 1196 3822 1282">
    <p class='ocr_par' dir='ltr' id='par_1_42' title="bbox 2162 1196 3822 1282">
     <span class='ocr_line' id='line_1_42' title="bbox 2162 1196 3822 1282; baseline 0.003 -29"><span class='ocrx_word' id='word_1_287' title='bbox 2162 1196 2332 1276; x_wconf 84' lang='grc' dir='ltr'>γύναι,</span> <span class='ocrx_word' id='word_1_288' title='bbox 2380 1205 2543 1255; x_wconf 82' lang='grc' dir='ltr'>ταῦτα</span> <span class='ocrx_word' id='word_1_289' title='bbox 2592 1198 2651 1255; x_wconf 80' lang='grc' dir='ltr'><strong>οῦ</strong></span> <span class='ocrx_word' id='word_1_290' title='bbox 2696 1197 2908 1256; x_wconf 75' lang='grc' dir='ltr'>δυνατάο</span> <span class='ocrx_word' id='word_1_291' title='bbox 2960 1199 3124 1256; x_wconf 57' lang='lat' dir='ltr'><strong>suate&quot;</strong></span> <span class='ocrx_word' id='word_1_292' title='bbox 3175 1200 3238 1256; x_wconf 80' lang='grc' dir='ltr'><strong>ἂν</strong></span> <span class='ocrx_word' id='word_1_293' title='bbox 3284 1198 3338 1257; x_wconf 81' lang='grc' dir='ltr'><strong>δὲ</strong></span> <span class='ocrx_word' id='word_1_294' title='bbox 3386 1204 3473 1257; x_wconf 74' lang='grc' dir='ltr'>καὶ</span> <span class='ocrx_word' id='word_1_295' title='bbox 3525 1196 3822 1282; x_wconf 61' lang='grc' dir='ltr'>διαδόχους</span> 
     </span>
    </p>
   </div>
   <div class='ocr_carea' id='block_1_43' title="bbox 2162 1287 3823 1367">
    <p class='ocr_par' dir='ltr' id='par_1_43' title="bbox 2162 1287 3823 1367">
     <span class='ocr_line' id='line_1_43' title="bbox 2162 1287 3823 1367; baseline 0.002 -24"><span class='ocrx_word' id='word_1_296' title='bbox 2162 1294 2254 1344; x_wconf 86' lang='grc' dir='ltr'><strong>τοῦ</strong></span> <span class='ocrx_word' id='word_1_297' title='bbox 2286 1287 2468 1365; x_wconf 74' lang='grc' dir='ltr'>γένους</span> <span class='ocrx_word' id='word_1_298' title='bbox 2504 1289 2714 1356; x_wconf 75' lang='grc' dir='ltr'>καὶτῆς</span> <span class='ocrx_word' id='word_1_299' title='bbox 2761 1290 2937 1353; x_wconf 72' lang='grc' dir='ltr'>οὖσίας</span> <span class='ocrx_word' id='word_1_300' title='bbox 2983 1291 3330 1363; x_wconf 79' lang='grc' dir='ltr'>κτησώμεθα,</span> <span class='ocrx_word' id='word_1_301' title='bbox 3389 1289 3502 1347; x_wconf 77' lang='grc' dir='ltr'>οὐδὲ</span> <span class='ocrx_word' id='word_1_302' title='bbox 3552 1292 3661 1367; x_wconf 60' lang='grc' dir='ltr'>ἐγώ</span> <span class='ocrx_word' id='word_1_303' title='bbox 3718 1313 3823 1347; x_wconf 79' lang='grc' dir='ltr'><strong>σου</strong></span> 
     </span>
    </p>
   </div>
   <div class='ocr_carea' id='block_1_44' title="bbox 2161 1376 3818 1458">
    <p class='ocr_par' dir='ltr' id='par_1_44' title="bbox 2161 1376 3818 1458">
     <span class='ocr_line' id='line_1_44' title="bbox 2161 1376 3818 1458; baseline 0.001 -25"><span class='ocrx_word' id='word_1_304' title='bbox 2161 1376 2258 1444; x_wconf 81' lang='grc' dir='ltr'><strong>τῆς</strong></span> <span class='ocrx_word' id='word_1_305' title='bbox 2289 1377 2490 1456; x_wconf 80' lang='grc' dir='ltr'><strong>ἀγαθῆς</strong></span> <span class='ocrx_word' id='word_1_306' title='bbox 2547 1377 2768 1455; x_wconf 79' lang='grc' dir='ltr'>γνώμης</span> <span class='ocrx_word' id='word_1_307' title='bbox 2831 1378 3318 1457; x_wconf 72' lang='grc' dir='ltr'>ἀπολαιγθήσομαιο</span> <span class='ocrx_word' id='word_1_308' title='bbox 3379 1379 3619 1458; x_wconf 74' lang='grc' dir='ltr'>χαλεπὸι</span> <span class='ocrx_word' id='word_1_309' title='bbox 3678 1382 3818 1458; x_wconf 73' lang='grc' dir='ltr'>γὰρ,</span> 
     </span>
    </p>
   </div>
   <div class='ocr_carea' id='block_1_45' title="bbox 2163 1467 3824 1547">
    <p class='ocr_par' dir='ltr' id='par_1_45' title="bbox 2163 1467 3824 1547">
     <span class='ocr_line' id='line_1_45' title="bbox 2163 1467 3824 1547; baseline 0.002 -25"><span class='ocrx_word' id='word_1_310' title='bbox 2163 1468 2207 1522; x_wconf 79' lang='grc' dir='ltr'><strong>εἰ</strong></span> <span class='ocrx_word' id='word_1_311' title='bbox 2250 1467 2383 1544; x_wconf 81' lang='grc' dir='ltr'>ἀνὴρ</span> <span class='ocrx_word' id='word_1_312' title='bbox 2439 1469 2682 1545; x_wconf 81' lang='grc' dir='ltr'>γυναικὸς</span> <span class='ocrx_word' id='word_1_313' title='bbox 2743 1467 2974 1525; x_wconf 75' lang='grc' dir='ltr'>ἐλάττων</span> <span class='ocrx_word' id='word_1_314' title='bbox 3028 1471 3126 1535; x_wconf 82' lang='grc' dir='ltr'><strong>τῆς</strong></span> <span class='ocrx_word' id='word_1_315' title='bbox 3185 1470 3302 1547; x_wconf 80' lang='grc' dir='ltr'>περὶ</span> <span class='ocrx_word' id='word_1_316' title='bbox 3362 1471 3490 1525; x_wconf 84' lang='grc' dir='ltr'><strong>Θεὸν</strong></span> <span class='ocrx_word' id='word_1_317' title='bbox 3536 1467 3824 1544; x_wconf 67' lang='grc' dir='ltr'>ἐπιθυμίας</span> 
     </span>
    </p>
   </div>
   <div class='ocr_carea' id='block_1_46' title="bbox 2165 1550 3823 1636">
    <p class='ocr_par' dir='ltr' id='par_1_46' title="bbox 2165 1550 3823 1636">
     <span class='ocr_line' id='line_1_46' title="bbox 2165 1550 3823 1636; baseline 0.001 -23"><span class='ocrx_word' id='word_1_318' title='bbox 2165 1556 2493 1635; x_wconf 66' lang='grc' dir='ltr'>ὸφθήσομαν</span> <span class='ocrx_word' id='word_1_319' title='bbox 2526 1555 2641 1612; x_wconf 82' lang='grc' dir='ltr'>ἀλλ’</span> <span class='ocrx_word' id='word_1_320' title='bbox 2674 1557 2836 1636; x_wconf 74' lang='grc' dir='ltr'>ἄμφω</span> <span class='ocrx_word' id='word_1_321' title='bbox 2867 1558 2986 1615; x_wconf 82' lang='grc' dir='ltr'>τότε</span> <span class='ocrx_word' id='word_1_322' title='bbox 3024 1558 3123 1625; x_wconf 70' lang='grc' dir='ltr'>τὴν</span> <span class='ocrx_word' id='word_1_323' title='bbox 3181 1556 3297 1613; x_wconf 79' lang='grc' dir='ltr'>ὁδὸν</span> <span class='ocrx_word' id='word_1_324' title='bbox 3356 1550 3552 1624; x_wconf 83' lang='grc' dir='ltr'>ταύτην</span> <span class='ocrx_word' id='word_1_325' title='bbox 3609 1557 3823 1633; x_wconf 79' lang='grc' dir='ltr'>ἑλόμε-</span> 
     </span>
    </p>
   </div>
   <div class='ocr_carea' id='block_1_47' title="bbox 2164 1644 3828 1725">
    <p class='ocr_par' dir='ltr' id='par_1_47' title="bbox 2164 1644 3828 1725">
     <span class='ocr_line' id='line_1_47' title="bbox 2164 1644 3828 1725; baseline 0.002 -24"><span class='ocrx_word' id='word_1_326' title='bbox 2164 1667 2268 1724; x_wconf 91' lang='grc' dir='ltr'>νοι,</span> <span class='ocrx_word' id='word_1_327' title='bbox 2328 1644 2526 1720; x_wconf 80' lang='grc' dir='ltr'>ὁμοίως</span> <span class='ocrx_word' id='word_1_328' title='bbox 2582 1645 2762 1723; x_wconf 82' lang='grc' dir='ltr'>ὥσπερ</span> <span class='ocrx_word' id='word_1_329' title='bbox 2821 1652 2895 1719; x_wconf 83' lang='grc' dir='ltr'>νῷ</span> <span class='ocrx_word' id='word_1_330' title='bbox 2954 1647 3136 1725; x_wconf 72' lang='grc' dir='ltr'>γάμῳ,</span> <span class='ocrx_word' id='word_1_331' title='bbox 3193 1646 3331 1703; x_wconf 68' lang='grc' dir='ltr'>οὕτω</span> <span class='ocrx_word' id='word_1_332' title='bbox 3390 1649 3487 1704; x_wconf 68' lang='grc' dir='ltr'>κᾶν</span> <span class='ocrx_word' id='word_1_333' title='bbox 3540 1652 3605 1724; x_wconf 77' lang='grc' dir='ltr'><strong>τῇ</strong></span> <span class='ocrx_word' id='word_1_334' title='bbox 3673 1647 3828 1704; x_wconf 69' lang='grc' dir='ltr'>κατα</span> 
     </span>
    </p>
   </div>
   <div class='ocr_carea' id='block_1_48' title="bbox 2166 1732 3283 1813">
    <p class='ocr_par' dir='ltr' id='par_1_48' title="bbox 2166 1732 3283 1813">
     <span class='ocr_line' id='line_1_48' title="bbox 2166 1732 3283 1813; baseline 0.003 -21"><span class='ocrx_word' id='word_1_335' title='bbox 2166 1735 2293 1792; x_wconf 79' lang='grc' dir='ltr'>Θεὸν</span> <span class='ocrx_word' id='word_1_336' title='bbox 2325 1732 2566 1813; x_wconf 75' lang='grc' dir='ltr'>διαγωγῇ</span> <span class='ocrx_word' id='word_1_337' title='bbox 2593 1734 2849 1804; x_wconf 78' lang='grc' dir='ltr'>ἀλλήλοις</span> <span class='ocrx_word' id='word_1_338' title='bbox 2888 1737 3283 1812; x_wconf 76' lang='grc' dir='ltr'>εἷσπνεύσομεν.</span> 
     </span>
    </p>
   </div>
   <div class='ocr_carea' id='block_1_49' title="bbox 2240 1992 3821 2076">
    <p class='ocr_par' dir='ltr' id='par_1_49' title="bbox 2240 1992 3821 2076">
     <span class='ocr_line' id='line_1_49' title="bbox 2240 1992 3821 2076; baseline 0.003 -27"><span class='ocrx_word' id='word_1_339' title='bbox 2240 1992 2328 2056; x_wconf 89' lang='grc' dir='ltr'><strong>Γ¹,</strong></span> <span class='ocrx_word' id='word_1_340' title='bbox 2363 1992 2677 2072; x_wconf 82' lang='grc' dir='ltr'>Στέργουσιν</span> <span class='ocrx_word' id='word_1_341' title='bbox 2704 1993 2992 2072; x_wconf 79' lang='grc' dir='ltr'>ἄμφότεροι</span> <span class='ocrx_word' id='word_1_342' title='bbox 3044 2001 3120 2056; x_wconf 83' lang='grc' dir='ltr'><strong>τῶ</strong></span> <span class='ocrx_word' id='word_1_343' title='bbox 3169 1994 3227 2052; x_wconf 90' lang='grc' dir='ltr'><strong>λε</strong></span> <span class='ocrx_word' id='word_1_344' title='bbox 3238 1996 3437 2076; x_wconf 54' lang='grc' dir='ltr'>Αθέντι·</span> <span class='ocrx_word' id='word_1_345' title='bbox 3470 1993 3563 2052; x_wconf 82' lang='grc' dir='ltr'><strong>τού</strong></span> <span class='ocrx_word' id='word_1_346' title='bbox 3609 1996 3821 2076; x_wconf 72' lang='grc' dir='ltr'>χρόνου</span> 
     </span>
    </p>
   </div>
   <div class='ocr_carea' id='block_1_50' title="bbox 2159 2081 3818 2163">
    <p class='ocr_par' dir='ltr' id='par_1_50' title="bbox 2159 2081 3818 2163">
     <span class='ocr_line' id='line_1_50' title="bbox 2159 2081 3818 2163; baseline 0.002 -24"><span class='ocrx_word' id='word_1_347' title='bbox 2159 2081 2213 2139; x_wconf 78' lang='grc' dir='ltr'><strong>δὲ</strong></span> <span class='ocrx_word' id='word_1_348' title='bbox 2270 2083 2575 2163; x_wconf 71' lang='grc' dir='ltr'><strong>προϊόντος,</strong></span> <span class='ocrx_word' id='word_1_349' title='bbox 2650 2082 2737 2141; x_wconf 76' lang='grc' dir='ltr'><strong>καὶ</strong></span> <span class='ocrx_word' id='word_1_350' title='bbox 2812 2082 3018 2141; x_wconf 78' lang='grc' dir='ltr'>παιδίον</span> <span class='ocrx_word' id='word_1_351' title='bbox 3086 2087 3269 2150; x_wconf 73' lang='grc' dir='ltr'>αὒτοῖς</span> <span class='ocrx_word' id='word_1_352' title='bbox 3338 2091 3572 2143; x_wconf 82' lang='grc' dir='ltr'>τίκτεται</span> <span class='ocrx_word' id='word_1_353' title='bbox 3640 2086 3818 2153; x_wconf 79' lang='grc' dir='ltr'>θῆλυ,</span> 
     </span>
    </p>
   </div>
   <div class='ocr_carea' id='block_1_51' title="bbox 2162 2171 3819 2255">
    <p class='ocr_par' dir='ltr' id='par_1_51' title="bbox 2162 2171 3819 2255">
     <span class='ocr_line' id='line_1_51' title="bbox 2162 2171 3819 2255; baseline 0.003 -27"><span class='ocrx_word' id='word_1_354' title='bbox 2162 2171 2323 2255; x_wconf 55' lang='grc' dir='ltr'>ξΓοῦτο</span> <span class='ocrx_word' id='word_1_355' title='bbox 2352 2173 2464 2248; x_wconf 76' lang='grc' dir='ltr'>ἅμα</span> <span class='ocrx_word' id='word_1_356' title='bbox 2496 2195 2550 2229; x_wconf 83' lang='grc' dir='ltr'><strong>τε</strong></span> <span class='ocrx_word' id='word_1_357' title='bbox 2579 2175 2642 2230; x_wconf 79' lang='grc' dir='ltr'>τὸ</span> <span class='ocrx_word' id='word_1_358' title='bbox 2670 2180 2782 2254; x_wconf 75' lang='grc' dir='ltr'><strong>φῶς</strong></span> <span class='ocrx_word' id='word_1_359' title='bbox 2833 2171 2967 2243; x_wconf 76' lang='grc' dir='ltr'>εἶδε,</span> <span class='ocrx_word' id='word_1_360' title='bbox 2998 2177 3085 2231; x_wconf 83' lang='grc' dir='ltr'><strong>καὶ</strong></span> <span class='ocrx_word' id='word_1_361' title='bbox 3129 2175 3243 2250; x_wconf 75' lang='grc' dir='ltr'><strong>ἅμα</strong></span> <span class='ocrx_word' id='word_1_362' title='bbox 3301 2181 3379 2249; x_wconf 81' lang='grc' dir='ltr'><strong>τῷ</strong></span> <span class='ocrx_word' id='word_1_363' title='bbox 3434 2176 3533 2245; x_wconf 73' lang='grc' dir='ltr'><strong>τῆς</strong></span> <span class='ocrx_word' id='word_1_364' title='bbox 3592 2177 3819 2255; x_wconf 72' lang='grc' dir='ltr'>ἁγνείας</span> 
     </span>
    </p>
   </div>
   <div class='ocr_carea' id='block_1_52' title="bbox 2160 2253 3819 2345">
    <p class='ocr_par' dir='ltr' id='par_1_52' title="bbox 2160 2253 3819 2345">
     <span class='ocr_line' id='line_1_52' title="bbox 2160 2253 3819 2345; baseline 0.002 -27"><span class='ocrx_word' id='word_1_365' title='bbox 2160 2253 2324 2336; x_wconf 78' lang='grc' dir='ltr'>Ἠλίῳ</span> <span class='ocrx_word' id='word_1_366' title='bbox 2378 2253 2697 2342; x_wconf 77' lang='grc' dir='ltr'>καθιερώθη,</span> <span class='ocrx_word' id='word_1_367' title='bbox 2757 2263 2854 2330; x_wconf 72' lang='grc' dir='ltr'><strong>τῆς</strong></span> <span class='ocrx_word' id='word_1_368' title='bbox 2913 2262 3160 2332; x_wconf 79' lang='grc' dir='ltr'>Μελάνης</span> <span class='ocrx_word' id='word_1_369' title='bbox 3207 2265 3465 2345; x_wconf 81' lang='grc' dir='ltr'>ἀπαρχὴν</span> <span class='ocrx_word' id='word_1_370' title='bbox 3514 2253 3680 2333; x_wconf 72' lang='grc' dir='ltr'>αῦτῆν</span> <span class='ocrx_word' id='word_1_371' title='bbox 3734 2272 3819 2339; x_wconf 84' lang='grc' dir='ltr'>τῷ</span> 
     </span>
    </p>
   </div>
   <div class='ocr_carea' id='block_1_53' title="bbox 2156 2349 3818 2433">
    <p class='ocr_par' dir='ltr' id='par_1_53' title="bbox 2156 2349 3818 2433">
     <span class='ocr_line' id='line_1_53' title="bbox 2156 2349 3818 2433; baseline 0.002 -26"><span class='ocrx_word' id='word_1_372' title='bbox 2156 2349 2296 2408; x_wconf 84' lang='grc' dir='ltr'>δόντι</span> <span class='ocrx_word' id='word_1_373' title='bbox 2355 2352 2525 2430; x_wconf 80' lang='grc' dir='ltr'>Κυρίῳ</span> <span class='ocrx_word' id='word_1_374' title='bbox 2600 2351 3068 2431; x_wconf 73' lang='grc' dir='ltr'>προσαγαγούσης,</span> <span class='ocrx_word' id='word_1_375' title='bbox 3137 2351 3213 2410; x_wconf 73' lang='grc' dir='ltr'>ἵν’</span> <span class='ocrx_word' id='word_1_376' title='bbox 3282 2353 3419 2410; x_wconf 60' lang='grc' dir='ltr'>οὕτω</span> <span class='ocrx_word' id='word_1_377' title='bbox 3488 2355 3575 2410; x_wconf 86' lang='grc' dir='ltr'><strong>καὶ</strong></span> <span class='ocrx_word' id='word_1_378' title='bbox 3649 2356 3818 2433; x_wconf 77' lang='grc' dir='ltr'>γείμῳ</span> 
     </span>
    </p>
   </div>
   <div class='ocr_carea' id='block_1_54' title="bbox 2155 2439 3809 2521">
    <p class='ocr_par' dir='ltr' id='par_1_54' title="bbox 2155 2439 3809 2521">
     <span class='ocr_line' id='line_1_54' title="bbox 2155 2439 3809 2521; baseline 0.003 -24"><span class='ocrx_word' id='word_1_379' title='bbox 2155 2439 2556 2513; x_wconf 77' lang='grc' dir='ltr'>προσομελοῦσα</span> <span class='ocrx_word' id='word_1_380' title='bbox 2584 2447 2653 2517; x_wconf 76' lang='grc' dir='ltr'><strong>τῇ</strong></span> <span class='ocrx_word' id='word_1_381' title='bbox 2681 2442 2936 2520; x_wconf 78' lang='grc' dir='ltr'>παργενίᾳ</span> <span class='ocrx_word' id='word_1_382' title='bbox 2967 2443 3154 2521; x_wconf 66' lang='grc' dir='ltr'>φανείη</span> <span class='ocrx_word' id='word_1_383' title='bbox 3212 2444 3271 2499; x_wconf 80' lang='grc' dir='ltr'><strong>τὸ</strong></span> <span class='ocrx_word' id='word_1_384' title='bbox 3322 2441 3485 2500; x_wconf 77' lang='grc' dir='ltr'>πλέον</span> <span class='ocrx_word' id='word_1_385' title='bbox 3541 2443 3809 2519; x_wconf 74' lang='grc' dir='ltr'>νέμουσα,</span> 
     </span>
    </p>
   </div>
   <div class='ocr_carea' id='block_1_55' title="bbox 2156 2528 3811 2612">
    <p class='ocr_par' dir='ltr' id='par_1_55' title="bbox 2156 2528 3811 2612">
     <span class='ocr_line' id='line_1_55' title="bbox 2156 2528 3811 2612; baseline 0.002 -24"><span class='ocrx_word' id='word_1_386' title='bbox 2156 2532 2243 2588; x_wconf 86' lang='grc' dir='ltr'><strong>καὶ</strong></span> <span class='ocrx_word' id='word_1_387' title='bbox 2273 2531 2334 2586; x_wconf 86' lang='grc' dir='ltr'><strong>τό</strong></span> <span class='ocrx_word' id='word_1_388' title='bbox 2367 2528 2485 2599; x_wconf 75' lang='grc' dir='ltr'><strong>ἐξῆς</strong></span> <span class='ocrx_word' id='word_1_389' title='bbox 2546 2530 2863 2588; x_wconf 67' lang='grc' dir='ltr'><strong>συστείλσισυ⁸</strong></span> <span class='ocrx_word' id='word_1_390' title='bbox 2919 2532 3113 2599; x_wconf 73' lang='grc' dir='ltr'>ἑαυτὴν</span> <span class='ocrx_word' id='word_1_391' title='bbox 3170 2538 3507 2612; x_wconf 71' lang='grc' dir='ltr'>σωφρονικῶς</span> <span class='ocrx_word' id='word_1_392' title='bbox 3560 2537 3624 2601; x_wconf 75' lang='grc' dir='ltr'>ἦν</span> <span class='ocrx_word' id='word_1_393' title='bbox 3683 2535 3811 2610; x_wconf 88' lang='grc' dir='ltr'>βιο-</span> 
     </span>
    </p>
   </div>
   <div class='ocr_carea' id='block_1_56' title="bbox 2155 2621 3806 2703">
    <p class='ocr_par' dir='ltr' id='par_1_56' title="bbox 2155 2621 3806 2703">
     <span class='ocr_line' id='line_1_56' title="bbox 2155 2621 3806 2703; baseline 0.002 -26"><span class='ocrx_word' id='word_1_394' title='bbox 2155 2625 2395 2679; x_wconf 84' lang='grc' dir='ltr'>τεύουσα.</span> <span class='ocrx_word' id='word_1_395' title='bbox 2470 2625 2585 2701; x_wconf 56' lang='grc' dir='ltr'><strong>Οὐχ</strong></span> <span class='ocrx_word' id='word_1_396' title='bbox 2655 2621 2898 2696; x_wconf 77' lang='grc' dir='ltr'>ἱσμάτιον</span> <span class='ocrx_word' id='word_1_397' title='bbox 2963 2622 3171 2690; x_wconf 79' lang='grc' dir='ltr'>ἐκείνην</span> <span class='ocrx_word' id='word_1_398' title='bbox 3242 2624 3458 2696; x_wconf 65' lang='grc' dir='ltr'>ἐκόσμει</span> <span class='ocrx_word' id='word_1_399' title='bbox 3530 2621 3806 2703; x_wconf 61' lang='grc' dir='ltr'>λαμπράν</span> 
     </span>
    </p>
   </div>
   <div class='ocr_carea' id='block_1_57' title="bbox 2155 2709 3812 2789">
    <p class='ocr_par' dir='ltr' id='par_1_57' title="bbox 2155 2709 3812 2789">
     <span class='ocr_line' id='line_1_57' title="bbox 2155 2709 3812 2789; baseline 0.002 -22"><span class='ocrx_word' id='word_1_400' title='bbox 2155 2714 2253 2770; x_wconf 79' lang='grc' dir='ltr'><strong>οὒκ</strong></span> <span class='ocrx_word' id='word_1_401' title='bbox 2281 2709 2563 2788; x_wconf 80' lang='grc' dir='ltr'>ἐτεράπευε</span> <span class='ocrx_word' id='word_1_402' title='bbox 2596 2711 2656 2766; x_wconf 84' lang='grc' dir='ltr'>τὸ</span> <span class='ocrx_word' id='word_1_403' title='bbox 2687 2717 2844 2786; x_wconf 84' lang='grc' dir='ltr'>σῶμα</span> <span class='ocrx_word' id='word_1_404' title='bbox 2875 2714 3115 2782; x_wconf 75' lang='grc' dir='ltr'>λουτρόν.</span> <span class='ocrx_word' id='word_1_405' title='bbox 3181 2710 3289 2770; x_wconf 78' lang='grc' dir='ltr'><strong>Κᾶν</strong></span> <span class='ocrx_word' id='word_1_406' title='bbox 3344 2712 3530 2770; x_wconf 79' lang='grc' dir='ltr'>εἴποτε</span> <span class='ocrx_word' id='word_1_407' title='bbox 3583 2712 3638 2769; x_wconf 74' lang='grc' dir='ltr'><strong>δὲ</strong></span> <span class='ocrx_word' id='word_1_408' title='bbox 3664 2716 3812 2789; x_wconf 73' lang='grc' dir='ltr'>παρὰ</span> 
     </span>
    </p>
   </div>
   <div class='ocr_carea' id='block_1_58' title="bbox 2155 2798 3813 2878">
    <p class='ocr_par' dir='ltr' id='par_1_58' title="bbox 2155 2798 3813 2878">
     <span class='ocr_line' id='line_1_58' title="bbox 2155 2798 3813 2878; baseline 0.001 -21"><span class='ocrx_word' id='word_1_409' title='bbox 2155 2807 2248 2857; x_wconf 84' lang='grc' dir='ltr'><strong>τοῦ</strong></span> <span class='ocrx_word' id='word_1_410' title='bbox 2280 2798 2464 2876; x_wconf 78' lang='grc' dir='ltr'>ἀνδρὸς</span> <span class='ocrx_word' id='word_1_411' title='bbox 2497 2799 2532 2867; x_wconf 75' lang='grc' dir='ltr'>ἧ</span> <span class='ocrx_word' id='word_1_412' title='bbox 2592 2806 2696 2857; x_wconf 82' lang='grc' dir='ltr'><strong>τῶν</strong></span> <span class='ocrx_word' id='word_1_413' title='bbox 2754 2801 3018 2858; x_wconf 75' lang='grc' dir='ltr'><strong>τεκόντων</strong></span> <span class='ocrx_word' id='word_1_414' title='bbox 3077 2799 3401 2876; x_wconf 76' lang='grc' dir='ltr'>ἐκϐιασθείη,</span> <span class='ocrx_word' id='word_1_415' title='bbox 3476 2802 3638 2878; x_wconf 72' lang='grc' dir='ltr'>ἆπῇει</span> <span class='ocrx_word' id='word_1_416' title='bbox 3703 2804 3813 2877; x_wconf 79' lang='grc' dir='ltr'>μὲν</span> 
     </span>
    </p>
   </div>
   <div class='ocr_carea' id='block_1_59' title="bbox 2158 2887 3806 2968">
    <p class='ocr_par' dir='ltr' id='par_1_59' title="bbox 2158 2887 3806 2968">
     <span class='ocr_line' id='line_1_59' title="bbox 2158 2887 3806 2968; baseline 0.002 -23"><span class='ocrx_word' id='word_1_417' title='bbox 2158 2891 2230 2952; x_wconf 79' lang='grc' dir='ltr'>εἷς</span> <span class='ocrx_word' id='word_1_418' title='bbox 2264 2889 2574 2968; x_wconf 63' lang='grc' dir='ltr'>βαλανεῖον,</span> <span class='ocrx_word' id='word_1_419' title='bbox 2609 2891 2675 2946; x_wconf 78' lang='grc' dir='ltr'><strong>τὰ</strong></span> <span class='ocrx_word' id='word_1_420' title='bbox 2731 2887 2786 2945; x_wconf 81' lang='grc' dir='ltr'><strong>δὲ</strong></span> <span class='ocrx_word' id='word_1_421' title='bbox 2836 2892 3095 2968; x_wconf 86' lang='grc' dir='ltr'>πρόσωπα</span> <span class='ocrx_word' id='word_1_422' title='bbox 3155 2891 3319 2967; x_wconf 86' lang='grc' dir='ltr'>μόνον</span> <span class='ocrx_word' id='word_1_423' title='bbox 3381 2904 3503 2957; x_wconf 87' lang='grc' dir='ltr'>τοῖς</span> <span class='ocrx_word' id='word_1_424' title='bbox 3561 2891 3806 2968; x_wconf 73' lang='grc' dir='ltr'>λουτροῖς</span> 
     </span>
    </p>
   </div>
   <div class='ocr_carea' id='block_1_60' title="bbox 2157 2978 3813 3061">
    <p class='ocr_par' dir='ltr' id='par_1_60' title="bbox 2157 2978 3813 3061">
     <span class='ocr_line' id='line_1_60' title="bbox 2157 2978 3813 3061; baseline 0.002 -26"><span class='ocrx_word' id='word_1_425' title='bbox 2157 2978 2540 3054; x_wconf 76' lang='grc' dir='ltr'>ἀπονιψαμένη</span> <span class='ocrx_word' id='word_1_426' title='bbox 2600 2978 2724 3035; x_wconf 81' lang='grc' dir='ltr'>ὅσον</span> <span class='ocrx_word' id='word_1_427' title='bbox 2778 2981 2838 3036; x_wconf 81' lang='grc' dir='ltr'>τὸ</span> <span class='ocrx_word' id='word_1_428' title='bbox 2901 2979 3111 3055; x_wconf 79' lang='grc' dir='ltr'>θέλημα</span> <span class='ocrx_word' id='word_1_429' title='bbox 3184 2982 3288 3038; x_wconf 77' lang='grc' dir='ltr'><strong>τῶν</strong></span> <span class='ocrx_word' id='word_1_430' title='bbox 3359 2982 3813 3061; x_wconf 76' lang='grc' dir='ltr'>προτρεψαμένων</span> 
     </span>
    </p>
   </div>
   <div class='ocr_carea' id='block_1_61' title="bbox 2158 3068 3813 3150">
    <p class='ocr_par' dir='ltr' id='par_1_61' title="bbox 2158 3068 3813 3150">
     <span class='ocr_line' id='line_1_61' title="bbox 2158 3068 3813 3150; baseline 0.002 -27"><span class='ocrx_word' id='word_1_431' title='bbox 2158 3068 2576 3149; x_wconf 72' lang='grc' dir='ltr'>ἀφοσιώσασθαι,</span> <span class='ocrx_word' id='word_1_432' title='bbox 2610 3070 2670 3126; x_wconf 80' lang='grc' dir='ltr'>τὸ</span> <span class='ocrx_word' id='word_1_433' title='bbox 2719 3068 2905 3126; x_wconf 68' lang='grc' dir='ltr'>λοιπὸν</span> <span class='ocrx_word' id='word_1_434' title='bbox 2950 3075 3107 3144; x_wconf 80' lang='grc' dir='ltr'>σῶμα</span> <span class='ocrx_word' id='word_1_435' title='bbox 3164 3070 3262 3137; x_wconf 68' lang='grc' dir='ltr'><strong>τῆς</strong></span> <span class='ocrx_word' id='word_1_436' title='bbox 3322 3070 3383 3127; x_wconf 79' lang='grc' dir='ltr'>ἐκ</span> <span class='ocrx_word' id='word_1_437' title='bbox 3438 3073 3544 3127; x_wconf 65' lang='grc' dir='ltr'>τῶν</span> <span class='ocrx_word' id='word_1_438' title='bbox 3601 3072 3813 3150; x_wconf 76' lang='grc' dir='ltr'>θερμῶν</span> 
     </span>
    </p>
   </div>
   <div class='ocr_carea' id='block_1_62' title="bbox 418 3156 2074 3254">
    <p class='ocr_par' dir='ltr' id='par_1_62' title="bbox 418 3160 2072 3254">
     <span class='ocr_line' id='line_1_62' title="bbox 418 3160 2072 3254; baseline -0.002 -29"><span class='ocrx_word' id='word_1_439' title='bbox 418 3161 627 3225; x_wconf 81' lang='lat' dir='ltr'><strong>calidis</strong></span> <span class='ocrx_word' id='word_1_440' title='bbox 662 3160 871 3254; x_wconf 76' lang='lat' dir='ltr'><strong>foueri.</strong></span> <span class='ocrx_word' id='word_1_441' title='bbox 908 3160 982 3224; x_wconf 91' lang='lat' dir='ltr'><strong>Ut</strong></span> <span class='ocrx_word' id='word_1_442' title='bbox 1020 3179 1152 3254; x_wconf 78' lang='lat' dir='ltr'><strong>vero</strong></span> <span class='ocrx_word' id='word_1_443' title='bbox 1207 3161 1491 3254; x_wconf 74' lang='lat' dir='ltr'><strong>deinceps</strong></span> <span class='ocrx_word' id='word_1_444' title='bbox 1548 3161 1780 3254; x_wconf 74' lang='lat' dir='ltr'><strong>lateret,</strong></span> <span class='ocrx_word' id='word_1_445' title='bbox 1836 3164 2072 3254; x_wconf 85' lang='lat' dir='ltr'><strong>emebat</strong></span> 
     </span>
    </p>
   </div>
   <div class='ocr_carea' id='block_1_63' title="bbox 2161 3156 3817 3254">
    <p class='ocr_par' dir='ltr' id='par_1_63' title="bbox 2161 3156 3817 3238">
     <span class='ocr_line' id='line_1_63' title="bbox 2161 3156 3817 3238; baseline 0.003 -25"><span class='ocrx_word' id='word_1_446' title='bbox 2161 3156 2445 3215; x_wconf 75' lang='grc' dir='ltr'>ἀπολαύειν</span> <span class='ocrx_word' id='word_1_447' title='bbox 2519 3162 2615 3217; x_wconf 78' lang='grc' dir='ltr'><strong>οὒκ</strong></span> <span class='ocrx_word' id='word_1_448' title='bbox 2684 3159 2934 3238; x_wconf 76' lang='grc' dir='ltr'>ἠνείχετο</span> <span class='ocrx_word' id='word_1_449' title='bbox 2998 3161 3303 3237; x_wconf 85' lang='grc' dir='ltr'>θεραπείας·</span> <span class='ocrx_word' id='word_1_450' title='bbox 3383 3162 3445 3217; x_wconf 84' lang='grc' dir='ltr'>τὸ</span> <span class='ocrx_word' id='word_1_451' title='bbox 3514 3158 3571 3216; x_wconf 71' lang='grc' dir='ltr'><strong>δὲ</strong></span> <span class='ocrx_word' id='word_1_452' title='bbox 3643 3168 3817 3218; x_wconf 71' lang='grc' dir='ltr'>ταῦτα</span> 
     </span>
    </p>
   </div>
   <div class='ocr_carea' id='block_1_64' title="bbox 416 3244 2074 3331">
    <p class='ocr_par' dir='ltr' id='par_1_64' title="bbox 416 3250 2067 3331">
     <span class='ocr_line' id='line_1_64' title="bbox 416 3250 2067 3331; baseline 0.001 -20"><span class='ocrx_word' id='word_1_453' title='bbox 416 3267 560 3311; x_wconf 89' lang='lat' dir='ltr'><strong>auro</strong></span> <span class='ocrx_word' id='word_1_454' title='bbox 586 3250 822 3312; x_wconf 89' lang='lat' dir='ltr'><strong>ancillis</strong></span> <span class='ocrx_word' id='word_1_455' title='bbox 856 3250 1178 3331; x_wconf 86' lang='lat' dir='ltr'><strong>persuasis.</strong></span> <span class='ocrx_word' id='word_1_456' title='bbox 1214 3250 1359 3312; x_wconf 84' lang='lat' dir='ltr'><strong>Cum</strong></span> <span class='ocrx_word' id='word_1_457' title='bbox 1414 3263 1610 3312; x_wconf 86' lang='lat' dir='ltr'><strong>autem</strong></span> <span class='ocrx_word' id='word_1_458' title='bbox 1660 3250 1843 3312; x_wconf 89' lang='lat' dir='ltr'><strong>multa</strong></span> <span class='ocrx_word' id='word_1_459' title='bbox 1887 3251 2067 3313; x_wconf 88' lang='lat' dir='ltr'><strong>etiam</strong></span> 
     </span>
    </p>
   </div>
   <div class='ocr_carea' id='block_1_65' title="bbox 2161 3244 3808 3331">
    <p class='ocr_par' dir='ltr' id='par_1_65' title="bbox 2161 3245 3808 3327">
     <span class='ocr_line' id='line_1_65' title="bbox 2161 3245 3808 3327; baseline 0.005 -26"><span class='ocrx_word' id='word_1_460' title='bbox 2161 3245 2333 3303; x_wconf 80' lang='grc' dir='ltr'>λαθεῖν</span> <span class='ocrx_word' id='word_1_461' title='bbox 2389 3248 2664 3327; x_wconf 72' lang='grc' dir='ltr'>χρήμασιν</span> <span class='ocrx_word' id='word_1_462' title='bbox 2724 3247 2918 3305; x_wconf 87' lang='grc' dir='ltr'>ὠνεῖτο</span> <span class='ocrx_word' id='word_1_463' title='bbox 2985 3249 3081 3312; x_wconf 77' lang='grc' dir='ltr'><strong>τὰς</strong></span> <span class='ocrx_word' id='word_1_464' title='bbox 3152 3250 3465 3326; x_wconf 76' lang='grc' dir='ltr'>θεραπαίνας</span> <span class='ocrx_word' id='word_1_465' title='bbox 3524 3250 3808 3310; x_wconf 78' lang='grc' dir='ltr'>πείθουσα.</span> 
     </span>
    </p>
   </div>
   <div class='ocr_carea' id='block_1_66' title="bbox 414 3334 2074 3419">
    <p class='ocr_par' dir='ltr' id='par_1_66' title="bbox 414 3339 2067 3419">
     <span class='ocr_line' id='line_1_66' title="bbox 414 3339 2067 3419; baseline 0.001 -19"><span class='ocrx_word' id='word_1_466' title='bbox 414 3339 680 3412; x_wconf 84' lang='lat' dir='ltr'><strong>fecisset,</strong></span> <span class='ocrx_word' id='word_1_467' title='bbox 733 3348 796 3400; x_wconf 93' lang='lat' dir='ltr'><strong>ut</strong></span> <span class='ocrx_word' id='word_1_468' title='bbox 851 3339 983 3401; x_wconf 90' lang='lat' dir='ltr'><strong>viro</strong></span> <span class='ocrx_word' id='word_1_469' title='bbox 1035 3339 1447 3419; x_wconf 88' lang='lat' dir='ltr'><strong>persuaderet,</strong></span> <span class='ocrx_word' id='word_1_470' title='bbox 1504 3349 1564 3401; x_wconf 89' lang='lat' dir='ltr'><strong>ut</strong></span> <span class='ocrx_word' id='word_1_471' title='bbox 1608 3348 1764 3401; x_wconf 88' lang='lat' dir='ltr'><strong>esset</strong></span> <span class='ocrx_word' id='word_1_472' title='bbox 1797 3340 2067 3419; x_wconf 83' lang='lat' dir='ltr'><strong>ejusdem</strong></span> 
     </span>
    </p>
   </div>
   <div class='ocr_carea' id='block_1_67' title="bbox 2161 3334 3814 3419">
    <p class='ocr_par' dir='ltr' id='par_1_67' title="bbox 2161 3334 3814 3418">
     <span class='ocr_line' id='line_1_67' title="bbox 2161 3334 3814 3418; baseline 0.002 -26"><span class='ocrx_word' id='word_1_473' title='bbox 2161 3334 2334 3392; x_wconf 79' lang='grc' dir='ltr'>Πολλὰ</span> <span class='ocrx_word' id='word_1_474' title='bbox 2385 3334 2441 3392; x_wconf 75' lang='grc' dir='ltr'><em>δὲ</em></span> <span class='ocrx_word' id='word_1_475' title='bbox 2498 3338 2585 3394; x_wconf 86' lang='grc' dir='ltr'><strong>καὶ</strong></span> <span class='ocrx_word' id='word_1_476' title='bbox 2641 3338 2771 3408; x_wconf 83' lang='grc' dir='ltr'>πρὸς</span> <span class='ocrx_word' id='word_1_477' title='bbox 2829 3339 2890 3394; x_wconf 81' lang='grc' dir='ltr'>τὸ</span> <span class='ocrx_word' id='word_1_478' title='bbox 2947 3354 3135 3395; x_wconf 84' lang='grc' dir='ltr'>πεῖσαι</span> <span class='ocrx_word' id='word_1_479' title='bbox 3195 3341 3288 3395; x_wconf 80' lang='grc' dir='ltr'>τὸν</span> <span class='ocrx_word' id='word_1_480' title='bbox 3336 3336 3498 3418; x_wconf 65' lang='grc' dir='ltr'>ἄνδρα</span> <span class='ocrx_word' id='word_1_481' title='bbox 3554 3345 3644 3396; x_wconf 86' lang='grc' dir='ltr'><strong>τοῦ</strong></span> <span class='ocrx_word' id='word_1_482' title='bbox 3685 3338 3814 3396; x_wconf 80' lang='grc' dir='ltr'>ἴσου</span> 
     </span>
    </p>
   </div>
   <div class='ocr_carea' id='block_1_68' title="bbox 415 3425 2074 3509">
    <p class='ocr_par' dir='ltr' id='par_1_68' title="bbox 415 3427 2068 3508">
     <span class='ocr_line' id='line_1_68' title="bbox 415 3427 2068 3508; baseline 0.001 -19"><span class='ocrx_word' id='word_1_483' title='bbox 415 3427 699 3502; x_wconf 88' lang='lat' dir='ltr'><strong>instituti,</strong></span> <span class='ocrx_word' id='word_1_484' title='bbox 734 3428 836 3490; x_wconf 91' lang='lat' dir='ltr'><strong>ubi</strong></span> <span class='ocrx_word' id='word_1_485' title='bbox 868 3447 987 3489; x_wconf 89' lang='lat' dir='ltr'><strong>non</strong></span> <span class='ocrx_word' id='word_1_486' title='bbox 1016 3428 1318 3490; x_wconf 89' lang='lat' dir='ltr'><strong>viditeum</strong></span> <span class='ocrx_word' id='word_1_487' title='bbox 1345 3427 1791 3508; x_wconf 86' lang='lat' dir='ltr'><strong>obtemperare,</strong></span> <span class='ocrx_word' id='word_1_488' title='bbox 1828 3428 1931 3489; x_wconf 92' lang='lat' dir='ltr'><strong>sed</strong></span> <span class='ocrx_word' id='word_1_489' title='bbox 1967 3448 2068 3491; x_wconf 89' lang='lat' dir='ltr'><strong>cu-</strong></span> 
     </span>
    </p>
   </div>
   <div class='ocr_carea' id='block_1_69' title="bbox 2161 3425 3809 3509">
    <p class='ocr_par' dir='ltr' id='par_1_69' title="bbox 2161 3425 3809 3509">
     <span class='ocr_line' id='line_1_69' title="bbox 2161 3425 3809 3509; baseline 0.001 -28"><span class='ocrx_word' id='word_1_490' title='bbox 2161 3425 2389 3503; x_wconf 78' lang='grc' dir='ltr'>γενέσθαι</span> <span class='ocrx_word' id='word_1_491' title='bbox 2420 3434 2623 3484; x_wconf 84' lang='grc' dir='ltr'>σκοποῦ</span> <span class='ocrx_word' id='word_1_492' title='bbox 2654 3425 2912 3503; x_wconf 80' lang='grc' dir='ltr'>δράσασα,</span> <span class='ocrx_word' id='word_1_493' title='bbox 2970 3427 3084 3485; x_wconf 81' lang='grc' dir='ltr'>ἐπεὶ</span> <span class='ocrx_word' id='word_1_494' title='bbox 3115 3428 3219 3508; x_wconf 81' lang='grc' dir='ltr'>οὐχ</span> <span class='ocrx_word' id='word_1_495' title='bbox 3273 3428 3412 3508; x_wconf 78' lang='grc' dir='ltr'>ἐώρα</span> <span class='ocrx_word' id='word_1_496' title='bbox 3461 3428 3809 3509; x_wconf 82' lang='grc' dir='ltr'>πεισόμενον,</span> 
     </span>
    </p>
   </div>
   <div class='ocr_carea' id='block_1_70' title="bbox 418 3515 2074 3598">
    <p class='ocr_par' dir='ltr' id='par_1_70' title="bbox 418 3516 2072 3598">
     <span class='ocr_line' id='line_1_70' title="bbox 418 3516 2072 3598; baseline 0.001 -18"><span class='ocrx_word' id='word_1_497' title='bbox 418 3535 563 3597; x_wconf 89' lang='lat' dir='ltr'><strong>pere</strong></span> <span class='ocrx_word' id='word_1_498' title='bbox 594 3518 771 3580; x_wconf 88' lang='lat' dir='ltr'><strong>etiam</strong></span> <span class='ocrx_word' id='word_1_499' title='bbox 808 3517 938 3579; x_wconf 79' lang='lat' dir='ltr'><strong>fieri</strong></span> <span class='ocrx_word' id='word_1_500' title='bbox 970 3526 1275 3598; x_wconf 90' lang='lat' dir='ltr'><strong>parentem</strong></span> <span class='ocrx_word' id='word_1_501' title='bbox 1307 3516 1559 3579; x_wconf 80' lang='lat' dir='ltr'><strong>aliorum</strong></span> <span class='ocrx_word' id='word_1_502' title='bbox 1590 3517 1944 3589; x_wconf 88' lang='lat' dir='ltr'><strong>liberorum,</strong></span> <span class='ocrx_word' id='word_1_503' title='bbox 1995 3517 2072 3581; x_wconf 89' lang='lat' dir='ltr'><strong>de</strong></span> 
     </span>
    </p>
   </div>
   <div class='ocr_carea' id='block_1_71' title="bbox 2161 3515 3808 3598">
    <p class='ocr_par' dir='ltr' id='par_1_71' title="bbox 2161 3515 3808 3596">
     <span class='ocr_line' id='line_1_71' title="bbox 2161 3515 3808 3596; baseline 0.004 -26"><span class='ocrx_word' id='word_1_504' title='bbox 2161 3515 2291 3570; x_wconf 69' lang='grc' dir='ltr'><strong>ἆλλά</strong></span> <span class='ocrx_word' id='word_1_505' title='bbox 2364 3517 2450 3572; x_wconf 80' lang='grc' dir='ltr'><strong>καί</strong></span> <span class='ocrx_word' id='word_1_506' title='bbox 2519 3516 2713 3595; x_wconf 79' lang='grc' dir='ltr'>ἐτέρων</span> <span class='ocrx_word' id='word_1_507' title='bbox 2784 3518 3007 3596; x_wconf 79' lang='grc' dir='ltr'>ὀφθῆναι</span> <span class='ocrx_word' id='word_1_508' title='bbox 3070 3518 3277 3593; x_wconf 80' lang='grc' dir='ltr'>πατέρα</span> <span class='ocrx_word' id='word_1_509' title='bbox 3347 3517 3546 3574; x_wconf 78' lang='grc' dir='ltr'>παίδων</span> <span class='ocrx_word' id='word_1_510' title='bbox 3620 3518 3808 3576; x_wconf 78' lang='grc' dir='ltr'>ἐπιθυ-</span> 
     </span>
    </p>
   </div>
   <div class='ocr_carea' id='block_1_72' title="bbox 415 3603 2074 3687">
    <p class='ocr_par' dir='ltr' id='par_1_72' title="bbox 415 3606 2073 3687">
     <span class='ocr_line' id='line_1_72' title="bbox 415 3606 2073 3687; baseline -0.001 -18"><span class='ocrx_word' id='word_1_511' title='bbox 415 3607 550 3684; x_wconf 79' lang='lat' dir='ltr'><strong>fuga</strong></span> <span class='ocrx_word' id='word_1_512' title='bbox 581 3608 825 3686; x_wconf 75' lang='lat' dir='ltr'><strong>cogitat,</strong></span> <span class='ocrx_word' id='word_1_513' title='bbox 864 3615 923 3668; x_wconf 90' lang='lat' dir='ltr'><strong>et</strong></span> <span class='ocrx_word' id='word_1_514' title='bbox 942 3606 1144 3668; x_wconf 89' lang='lat' dir='ltr'><strong>statuit</strong></span> <span class='ocrx_word' id='word_1_515' title='bbox 1173 3606 1369 3687; x_wconf 89' lang='lat' dir='ltr'><strong>ipsum</strong></span> <span class='ocrx_word' id='word_1_516' title='bbox 1399 3608 1673 3668; x_wconf 90' lang='lat' dir='ltr'><strong>maritum</strong></span> <span class='ocrx_word' id='word_1_517' title='bbox 1724 3616 1786 3669; x_wconf 90' lang='lat' dir='ltr'><strong>et</strong></span> <span class='ocrx_word' id='word_1_518' title='bbox 1819 3616 2073 3687; x_wconf 87' lang='lat' dir='ltr'><strong>patrem,</strong></span> 
     </span>
    </p>
   </div>
   <div class='ocr_carea' id='block_1_73' title="bbox 2161 3603 3809 3687">
    <p class='ocr_par' dir='ltr' id='par_1_73' title="bbox 2161 3603 3809 3686">
     <span class='ocr_line' id='line_1_73' title="bbox 2161 3603 3809 3686; baseline 0.003 -26"><span class='ocrx_word' id='word_1_519' title='bbox 2161 3612 2380 3684; x_wconf 80' lang='grc' dir='ltr'>μοῦντα,</span> <span class='ocrx_word' id='word_1_520' title='bbox 2412 3603 2645 3683; x_wconf 81' lang='grc' dir='ltr'>δρασμὸν</span> <span class='ocrx_word' id='word_1_521' title='bbox 2700 3606 2894 3686; x_wconf 80' lang='grc' dir='ltr'>ἐννοεϊ,</span> <span class='ocrx_word' id='word_1_522' title='bbox 2958 3606 3054 3663; x_wconf 74' lang='grc' dir='ltr'>καὶ</span> <span class='ocrx_word' id='word_1_523' title='bbox 3113 3608 3270 3666; x_wconf 71' lang='grc' dir='ltr'>αὐτὸν</span> <span class='ocrx_word' id='word_1_524' title='bbox 3330 3606 3489 3685; x_wconf 71' lang='grc' dir='ltr'>ἄνδρα</span> <span class='ocrx_word' id='word_1_525' title='bbox 3544 3609 3633 3663; x_wconf 86' lang='grc' dir='ltr'>καὶ</span> <span class='ocrx_word' id='word_1_526' title='bbox 3698 3631 3809 3665; x_wconf 84' lang='grc' dir='ltr'>πα-</span> 
     </span>
    </p>
   </div>
   <div class='ocr_carea' id='block_1_74' title="bbox 417 3693 2074 3779">
    <p class='ocr_par' dir='ltr' id='par_1_74' title="bbox 417 3697 2074 3779">
     <span class='ocr_line' id='line_1_74' title="bbox 417 3697 2074 3779; baseline 0.001 -20"><span class='ocrx_word' id='word_1_527' title='bbox 417 3699 563 3779; x_wconf 87' lang='lat' dir='ltr'><strong>quin</strong></span> <span class='ocrx_word' id='word_1_528' title='bbox 593 3697 770 3761; x_wconf 84' lang='lat' dir='ltr'><strong>etiam</strong></span> <span class='ocrx_word' id='word_1_529' title='bbox 807 3716 944 3760; x_wconf 89' lang='lat' dir='ltr'><strong>suas</strong></span> <span class='ocrx_word' id='word_1_530' title='bbox 976 3716 1211 3779; x_wconf 90' lang='lat' dir='ltr'><strong>quoque</strong></span> <span class='ocrx_word' id='word_1_531' title='bbox 1239 3697 1548 3760; x_wconf 89' lang='lat' dir='ltr'><strong>facultates</strong></span> <span class='ocrx_word' id='word_1_532' title='bbox 1570 3698 1933 3779; x_wconf 89' lang='lat' dir='ltr'><strong>relinquere.</strong></span> <span class='ocrx_word' id='word_1_533' title='bbox 1959 3697 2074 3760; x_wconf 90' lang='lat' dir='ltr'><strong>Sed</strong></span> 
     </span>
    </p>
   </div>
   <div class='ocr_carea' id='block_1_75' title="bbox 2161 3693 3810 3779">
    <p class='ocr_par' dir='ltr' id='par_1_75' title="bbox 2161 3693 3810 3770">
     <span class='ocr_line' id='line_1_75' title="bbox 2161 3693 3810 3770; baseline 0.001 -19"><span class='ocrx_word' id='word_1_534' title='bbox 2161 3694 2303 3770; x_wconf 79' lang='grc' dir='ltr'>τέρα,</span> <span class='ocrx_word' id='word_1_535' title='bbox 2338 3693 2475 3751; x_wconf 80' lang='grc' dir='ltr'>ἀλλὰ</span> <span class='ocrx_word' id='word_1_536' title='bbox 2500 3696 2589 3752; x_wconf 84' lang='grc' dir='ltr'><strong>καὶ</strong></span> <span class='ocrx_word' id='word_1_537' title='bbox 2635 3695 2735 3763; x_wconf 78' lang='grc' dir='ltr'>τὴν</span> <span class='ocrx_word' id='word_1_538' title='bbox 2779 3698 2956 3755; x_wconf 76' lang='grc' dir='ltr'>οὐσίαν</span> <span class='ocrx_word' id='word_1_539' title='bbox 3014 3694 3321 3755; x_wconf 79' lang='grc' dir='ltr'>ἀπολιπεῖν.</span> <span class='ocrx_word' id='word_1_540' title='bbox 3384 3694 3529 3754; x_wconf 84' lang='grc' dir='ltr'>Ἐπεὶ</span> <span class='ocrx_word' id='word_1_541' title='bbox 3586 3695 3642 3753; x_wconf 79' lang='grc' dir='ltr'>δὲ</span> <span class='ocrx_word' id='word_1_542' title='bbox 3700 3704 3810 3754; x_wconf 81' lang='grc' dir='ltr'><strong>τῶν</strong></span> 
     </span>
    </p>
   </div>
   <div class='ocr_carea' id='block_1_76' title="bbox 420 3782 2074 3869">
    <p class='ocr_par' dir='ltr' id='par_1_76' title="bbox 420 3786 2074 3869">
     <span class='ocr_line' id='line_1_76' title="bbox 420 3786 2074 3869; baseline 0.001 -21"><span class='ocrx_word' id='word_1_543' title='bbox 420 3806 558 3849; x_wconf 89' lang='lat' dir='ltr'><strong>cum</strong></span> <span class='ocrx_word' id='word_1_544' title='bbox 594 3787 834 3869; x_wconf 87' lang='lat' dir='ltr'><strong>quidam</strong></span> <span class='ocrx_word' id='word_1_545' title='bbox 867 3788 972 3849; x_wconf 90' lang='lat' dir='ltr'><strong>viri</strong></span> <span class='ocrx_word' id='word_1_546' title='bbox 1007 3786 1151 3849; x_wconf 91' lang='lat' dir='ltr'><strong>boni</strong></span> <span class='ocrx_word' id='word_1_547' title='bbox 1182 3795 1240 3849; x_wconf 93' lang='lat' dir='ltr'><strong>et</strong></span> <span class='ocrx_word' id='word_1_548' title='bbox 1262 3786 1495 3849; x_wconf 89' lang='lat' dir='ltr'><strong>virtutis</strong></span> <span class='ocrx_word' id='word_1_549' title='bbox 1524 3796 1793 3849; x_wconf 89' lang='lat' dir='ltr'><strong>amantes</strong></span> <span class='ocrx_word' id='word_1_550' title='bbox 1816 3788 2074 3850; x_wconf 87' lang='lat' dir='ltr'><strong>sentien-</strong></span> 
     </span>
    </p>
   </div>
   <div class='ocr_carea' id='block_1_77' title="bbox 2161 3782 3809 3869">
    <p class='ocr_par' dir='ltr' id='par_1_77' title="bbox 2161 3782 3809 3867">
     <span class='ocr_line' id='line_1_77' title="bbox 2161 3782 3809 3867; baseline 0.002 -27"><span class='ocrx_word' id='word_1_551' title='bbox 2161 3782 2451 3865; x_wconf 76' lang='grc' dir='ltr'>φιλαρὲτων</span> <span class='ocrx_word' id='word_1_552' title='bbox 2499 3783 2637 3849; x_wconf 78' lang='grc' dir='ltr'>τινές</span> <span class='ocrx_word' id='word_1_553' title='bbox 2693 3784 2996 3861; x_wconf 84' lang='grc' dir='ltr'>αισθόμενοι</span> <span class='ocrx_word' id='word_1_554' title='bbox 3055 3784 3362 3867; x_wconf 71' lang='grc' dir='ltr'>διεκώὶυον,</span> <span class='ocrx_word' id='word_1_555' title='bbox 3407 3787 3468 3843; x_wconf 81' lang='grc' dir='ltr'>τὸ</span> <span class='ocrx_word' id='word_1_556' title='bbox 3516 3784 3809 3844; x_wconf 71' lang='grc' dir='ltr'>ἂκοπολισ</span> 
     </span>
    </p>
   </div>
   <div class='ocr_carea' id='block_1_78' title="bbox 412 3872 2074 3959">
    <p class='ocr_par' dir='ltr' id='par_1_78' title="bbox 412 3876 2070 3959">
     <span class='ocr_line' id='line_1_78' title="bbox 412 3876 2070 3959; baseline 0.001 -22"><span class='ocrx_word' id='word_1_557' title='bbox 412 3885 531 3951; x_wconf 91' lang='lat' dir='ltr'><strong>tes,</strong></span> <span class='ocrx_word' id='word_1_558' title='bbox 568 3877 627 3936; x_wconf 92' lang='lat' dir='ltr'><strong>id</strong></span> <span class='ocrx_word' id='word_1_559' title='bbox 665 3877 1080 3958; x_wconf 86' lang='lat' dir='ltr'><strong>prohiberent,</strong></span> <span class='ocrx_word' id='word_1_560' title='bbox 1135 3877 1404 3939; x_wconf 89' lang='lat' dir='ltr'><strong>dicentes</strong></span> <span class='ocrx_word' id='word_1_561' title='bbox 1456 3876 1604 3939; x_wconf 89' lang='lat' dir='ltr'><strong>illud</strong></span> <span class='ocrx_word' id='word_1_562' title='bbox 1638 3877 2070 3959; x_wconf 89' lang='lat' dir='ltr'><strong>Apostolicum,</strong></span> 
     </span>
    </p>
   </div>
   <div class='ocr_carea' id='block_1_79' title="bbox 2161 3872 3810 3959">
    <p class='ocr_par' dir='ltr' id='par_1_79' title="bbox 2161 3872 3810 3954">
     <span class='ocr_line' id='line_1_79' title="bbox 2161 3872 3810 3954; baseline -0.001 -24"><span class='ocrx_word' id='word_1_563' title='bbox 2161 3875 2250 3931; x_wconf 79' lang='grc' dir='ltr'>κὸν</span> <span class='ocrx_word' id='word_1_564' title='bbox 2305 3873 2482 3931; x_wconf 76' lang='grc' dir='ltr'>ἐκεῖνο</span> <span class='ocrx_word' id='word_1_565' title='bbox 2534 3874 2781 3954; x_wconf 75' lang='grc' dir='ltr'>φάμενοι,</span> <span class='ocrx_word' id='word_1_566' title='bbox 2851 3897 2875 3929; x_wconf 77' lang='grc' dir='ltr'><strong>ιι</strong></span> <span class='ocrx_word' id='word_1_567' title='bbox 2913 3884 2970 3932; x_wconf 86' lang='grc' dir='ltr'>Τι</span> <span class='ocrx_word' id='word_1_568' title='bbox 3001 3874 3101 3953; x_wconf 79' lang='grc' dir='ltr'><strong>γὰρ</strong></span> <span class='ocrx_word' id='word_1_569' title='bbox 3157 3872 3329 3951; x_wconf 81' lang='grc' dir='ltr'>οἶδας,</span> <span class='ocrx_word' id='word_1_570' title='bbox 3384 3875 3559 3953; x_wconf 74' lang='grc' dir='ltr'>γύναι,</span> <span class='ocrx_word' id='word_1_571' title='bbox 3612 3878 3656 3932; x_wconf 78' lang='grc' dir='ltr'><strong>εἰ</strong></span> <span class='ocrx_word' id='word_1_572' title='bbox 3713 3877 3810 3933; x_wconf 78' lang='grc' dir='ltr'><strong>τὸν</strong></span> 
     </span>
    </p>
   </div>
   <div class='ocr_carea' id='block_1_80' title="bbox 421 3963 2074 4049">
    <p class='ocr_par' dir='ltr' id='par_1_80' title="bbox 421 3967 2072 4049">
     <span class='ocr_line' id='line_1_80' title="bbox 421 3967 2072 4049; baseline 0.003 -25"><span class='ocrx_word' id='word_1_573' title='bbox 421 3990 450 4023; x_wconf 77' lang='grc' dir='ltr'>ι</span> <span class='ocrx_word' id='word_1_574' title='bbox 486 3967 636 4039; x_wconf 86' lang='lat' dir='ltr'><strong>Quid</strong></span> <span class='ocrx_word' id='word_1_575' title='bbox 667 3968 825 4028; x_wconf 90' lang='lat' dir='ltr'><strong>enim</strong></span> <span class='ocrx_word' id='word_1_576' title='bbox 864 3968 1003 4049; x_wconf 90' lang='lat' dir='ltr'><strong>scis,</strong></span> <span class='ocrx_word' id='word_1_577' title='bbox 1042 3968 1282 4042; x_wconf 91' lang='lat' dir='ltr'><strong>mulier,</strong></span> <span class='ocrx_word' id='word_1_578' title='bbox 1314 3986 1389 4030; x_wconf 89' lang='lat' dir='ltr'><strong>an</strong></span> <span class='ocrx_word' id='word_1_579' title='bbox 1421 3973 1610 4029; x_wconf 88' lang='lat' dir='ltr'><strong>virum</strong></span> <span class='ocrx_word' id='word_1_580' title='bbox 1646 3976 1811 4029; x_wconf 90' lang='lat' dir='ltr'><strong>tuum</strong></span> <span class='ocrx_word' id='word_1_581' title='bbox 1849 3967 2072 4030; x_wconf 88' lang='lat' dir='ltr'><strong>salvum</strong></span> 
     </span>
    </p>
   </div>
   <div class='ocr_carea' id='block_1_81' title="bbox 2161 3963 3807 4049">
    <p class='ocr_par' dir='ltr' id='par_1_81' title="bbox 2161 3963 3807 4045">
     <span class='ocr_line' id='line_1_81' title="bbox 2161 3963 3807 4045; baseline 0.002 -25"><span class='ocrx_word' id='word_1_582' title='bbox 2161 3963 2315 4044; x_wconf 62' lang='grc' dir='ltr'>ἄνδρα</span> <span class='ocrx_word' id='word_1_583' title='bbox 2374 3964 2609 4045; x_wconf 85' lang='grc' dir='ltr'>σώσεις;</span> <span class='ocrx_word' id='word_1_584' title='bbox 2654 3987 2675 4020; x_wconf 72' lang='grc' dir='ltr'><strong>ι</strong></span> <span class='ocrx_word' id='word_1_585' title='bbox 2739 3963 2892 4039; x_wconf 80' lang='grc' dir='ltr'>ἔμενε</span> <span class='ocrx_word' id='word_1_586' title='bbox 2953 3964 3048 4040; x_wconf 74' lang='grc' dir='ltr'>μὲν</span> <span class='ocrx_word' id='word_1_587' title='bbox 3105 3965 3195 4021; x_wconf 83' lang='grc' dir='ltr'><strong>καὶ</strong></span> <span class='ocrx_word' id='word_1_588' title='bbox 3254 3967 3385 4043; x_wconf 82' lang='grc' dir='ltr'>πρὸς</span> <span class='ocrx_word' id='word_1_589' title='bbox 3416 3965 3517 4033; x_wconf 79' lang='grc' dir='ltr'><strong>τὴν</strong></span> <span class='ocrx_word' id='word_1_590' title='bbox 3565 3966 3807 4042; x_wconf 74' lang='grc' dir='ltr'>ἀνάγκην</span> 
     </span>
    </p>
   </div>
   <div class='ocr_carea' id='block_1_82' title="bbox 419 4051 2074 4138">
    <p class='ocr_par' dir='ltr' id='par_1_82' title="bbox 419 4054 2074 4138">
     <span class='ocr_line' id='line_1_82' title="bbox 419 4054 2074 4138; baseline 0.001 -22"><span class='ocrx_word' id='word_1_591' title='bbox 419 4054 651 4116; x_wconf 74' lang='lat' dir='ltr'><strong>faciest</strong></span> <span class='ocrx_word' id='word_1_592' title='bbox 682 4055 713 4116; x_wconf 66' lang='grc' dir='ltr'>ε)</span> <span class='ocrx_word' id='word_1_593' title='bbox 747 4081 774 4112; x_wconf 66' lang='grc' dir='ltr'><strong><em>ι</em></strong></span> <span class='ocrx_word' id='word_1_594' title='bbox 811 4059 1028 4118; x_wconf 88' lang='lat' dir='ltr'><strong>mansit</strong></span> <span class='ocrx_word' id='word_1_595' title='bbox 1058 4056 1324 4138; x_wconf 86' lang='lat' dir='ltr'><strong>quidem,</strong></span> <span class='ocrx_word' id='word_1_596' title='bbox 1357 4075 1514 4136; x_wconf 81' lang='lat' dir='ltr'><strong>aegre</strong></span> <span class='ocrx_word' id='word_1_597' title='bbox 1541 4058 1740 4118; x_wconf 83' lang='lat' dir='ltr'><strong>ferens</strong></span> <span class='ocrx_word' id='word_1_598' title='bbox 1769 4075 1924 4131; x_wconf 86' lang='lat' dir='ltr'><strong>eam,</strong></span> <span class='ocrx_word' id='word_1_599' title='bbox 1962 4074 2074 4137; x_wconf 79' lang='lat' dir='ltr'><strong>qua</strong></span> 
     </span>
    </p>
   </div>
   <div class='ocr_carea' id='block_1_83' title="bbox 2161 4051 3806 4138">
    <p class='ocr_par' dir='ltr' id='par_1_83' title="bbox 2161 4051 3806 4135">
     <span class='ocr_line' id='line_1_83' title="bbox 2161 4051 3806 4135; baseline 0.001 -24"><span class='ocrx_word' id='word_1_600' title='bbox 2161 4054 2503 4134; x_wconf 76' lang='grc' dir='ltr'>ἦκατείχετο</span> <span class='ocrx_word' id='word_1_601' title='bbox 2531 4053 2757 4135; x_wconf 76' lang='grc' dir='ltr'>ἤρχετο·</span> <span class='ocrx_word' id='word_1_602' title='bbox 2791 4054 3038 4132; x_wconf 83' lang='grc' dir='ltr'>τρύχινον</span> <span class='ocrx_word' id='word_1_603' title='bbox 3096 4051 3152 4109; x_wconf 79' lang='grc' dir='ltr'><strong>δέ</strong></span> <span class='ocrx_word' id='word_1_604' title='bbox 3208 4075 3257 4110; x_wconf 91' lang='grc' dir='ltr'><strong>τι</strong></span> <span class='ocrx_word' id='word_1_605' title='bbox 3315 4054 3472 4132; x_wconf 71' lang='grc' dir='ltr'>ῥᾶκος</span> <span class='ocrx_word' id='word_1_606' title='bbox 3524 4053 3661 4110; x_wconf 69' lang='grc' dir='ltr'>εἴσω</span> <span class='ocrx_word' id='word_1_607' title='bbox 3704 4056 3806 4124; x_wconf 72' lang='grc' dir='ltr'><strong>τῆς</strong></span> 
     </span>
    </p>
   </div>
   <div class='ocr_carea' id='block_1_84' title="bbox 416 4141 2074 4222">
    <p class='ocr_par' dir='ltr' id='par_1_84' title="bbox 416 4144 2074 4218">
     <span class='ocr_line' id='line_1_84' title="bbox 416 4144 2074 4218; baseline 0.001 -12"><span class='ocrx_word' id='word_1_608' title='bbox 416 4144 759 4218; x_wconf 83' lang='lat' dir='ltr'><strong>tenebatur,</strong></span> <span class='ocrx_word' id='word_1_609' title='bbox 823 4146 1273 4208; x_wconf 90' lang='lat' dir='ltr'><strong>necessitatem:</strong></span> <span class='ocrx_word' id='word_1_610' title='bbox 1344 4147 1607 4208; x_wconf 91' lang='lat' dir='ltr'><strong>cilicium</strong></span> <span class='ocrx_word' id='word_1_611' title='bbox 1665 4154 1860 4206; x_wconf 89' lang='lat' dir='ltr'><strong>autem</strong></span> <span class='ocrx_word' id='word_1_612' title='bbox 1921 4146 2074 4208; x_wconf 86' lang='lat' dir='ltr'><strong>intra</strong></span> 
     </span>
    </p>
   </div>
   <div class='ocr_carea' id='block_1_85' title="bbox 2161 4141 3810 4222">
    <p class='ocr_par' dir='ltr' id='par_1_85' title="bbox 2161 4141 3810 4222">
     <span class='ocr_line' id='line_1_85' title="bbox 2161 4141 3810 4222; baseline 0 -22"><span class='ocrx_word' id='word_1_613' title='bbox 2161 4141 2478 4208; x_wconf 66' lang='grc' dir='ltr'>πολυτελῶς</span> <span class='ocrx_word' id='word_1_614' title='bbox 2537 4143 2757 4212; x_wconf 80' lang='grc' dir='ltr'>ἐσθῆτος</span> <span class='ocrx_word' id='word_1_615' title='bbox 2806 4144 2963 4200; x_wconf 78' lang='grc' dir='ltr'>οἱονεὶ</span> <span class='ocrx_word' id='word_1_616' title='bbox 3018 4144 3414 4222; x_wconf 78' lang='grc' dir='ltr'>προγύμνασμα</span> <span class='ocrx_word' id='word_1_617' title='bbox 3468 4149 3567 4212; x_wconf 79' lang='grc' dir='ltr'>τῆς</span> <span class='ocrx_word' id='word_1_618' title='bbox 3624 4144 3810 4215; x_wconf 73' lang='grc' dir='ltr'>ἀσκή-</span> 
     </span>
    </p>
   </div>
   <div class='ocr_carea' id='block_1_86' title="bbox 415 4236 2070 4316">
    <p class='ocr_par' dir='ltr' id='par_1_86' title="bbox 415 4236 2070 4316">
     <span class='ocr_line' id='line_1_86' title="bbox 415 4236 2070 4316; baseline 0.001 -20"><span class='ocrx_word' id='word_1_619' title='bbox 415 4243 824 4316; x_wconf 86' lang='lat' dir='ltr'><strong>sumptuosam</strong></span> <span class='ocrx_word' id='word_1_620' title='bbox 857 4244 916 4297; x_wconf 93' lang='lat' dir='ltr'><strong>et</strong></span> <span class='ocrx_word' id='word_1_621' title='bbox 941 4236 1319 4316; x_wconf 87' lang='lat' dir='ltr'><strong>splendidam</strong></span> <span class='ocrx_word' id='word_1_622' title='bbox 1345 4244 1595 4309; x_wconf 87' lang='lat' dir='ltr'><strong>vestem,</strong></span> <span class='ocrx_word' id='word_1_623' title='bbox 1622 4244 1897 4315; x_wconf 84' lang='lat' dir='ltr'><strong>tanquam</strong></span> <span class='ocrx_word' id='word_1_624' title='bbox 1923 4253 2070 4315; x_wconf 62' lang='lat' dir='ltr'><strong>pra;-</strong></span> 
     </span>
    </p>
   </div>
   <div class='ocr_carea' id='block_1_87' title="bbox 414 4323 2073 4405">
    <p class='ocr_par' dir='ltr' id='par_1_87' title="bbox 414 4323 2073 4405">
     <span class='ocr_line' id='line_1_87' title="bbox 414 4323 2073 4405; baseline 0 -18"><span class='ocrx_word' id='word_1_625' title='bbox 414 4325 640 4387; x_wconf 89' lang='lat' dir='ltr'><strong>ludium</strong></span> <span class='ocrx_word' id='word_1_626' title='bbox 677 4325 1141 4399; x_wconf 82' lang='lat' dir='ltr'><strong>exercitationis,</strong></span> <span class='ocrx_word' id='word_1_627' title='bbox 1189 4331 1478 4405; x_wconf 90' lang='lat' dir='ltr'><strong>perpetuo</strong></span> <span class='ocrx_word' id='word_1_628' title='bbox 1530 4323 1786 4396; x_wconf 89' lang='lat' dir='ltr'><strong>ferebat,</strong></span> <span class='ocrx_word' id='word_1_629' title='bbox 1836 4324 2073 4402; x_wconf 89' lang='lat' dir='ltr'><strong>quando</strong></span> 
     </span>
    </p>
   </div>
   <div class='ocr_carea' id='block_1_88' title="bbox 414 4411 2070 4477">
    <p class='ocr_par' dir='ltr' id='par_1_88' title="bbox 414 4411 2070 4477">
     <span class='ocr_line' id='line_1_88' title="bbox 414 4411 2070 4477; baseline 0.001 -3"><span class='ocrx_word' id='word_1_630' title='bbox 414 4431 550 4474; x_wconf 90' lang='lat' dir='ltr'><strong>cum</strong></span> <span class='ocrx_word' id='word_1_631' title='bbox 608 4414 822 4475; x_wconf 87' lang='lat' dir='ltr'><strong>marito</strong></span> <span class='ocrx_word' id='word_1_632' title='bbox 871 4432 991 4475; x_wconf 92' lang='lat' dir='ltr'><strong>non</strong></span> <span class='ocrx_word' id='word_1_633' title='bbox 1046 4411 1307 4474; x_wconf 88' lang='lat' dir='ltr'><strong>habebat</strong></span> <span class='ocrx_word' id='word_1_634' title='bbox 1361 4412 1884 4476; x_wconf 90' lang='lat' dir='ltr'><strong>consuetudinem.</strong></span> <span class='ocrx_word' id='word_1_635' title='bbox 1925 4415 2070 4477; x_wconf 90' lang='lat' dir='ltr'><strong>Cum</strong></span> 
     </span>
    </p>
   </div>
   <div class='ocr_carea' id='block_1_89' title="bbox 414 4501 2069 4581">
    <p class='ocr_par' dir='ltr' id='par_1_89' title="bbox 414 4501 2069 4581">
     <span class='ocr_line' id='line_1_89' title="bbox 414 4501 2069 4581; baseline 0.004 -22"><span class='ocrx_word' id='word_1_636' title='bbox 414 4518 554 4562; x_wconf 86' lang='lat' dir='ltr'><strong>vero</strong></span> <span class='ocrx_word' id='word_1_637' title='bbox 587 4501 856 4564; x_wconf 89' lang='lat' dir='ltr'><strong>omnium</strong></span> <span class='ocrx_word' id='word_1_638' title='bbox 889 4502 1127 4562; x_wconf 80' lang='lat' dir='ltr'><strong>falleret</strong></span> <span class='ocrx_word' id='word_1_639' title='bbox 1158 4501 1387 4581; x_wconf 88' lang='lat' dir='ltr'><strong>oculos,</strong></span> <span class='ocrx_word' id='word_1_640' title='bbox 1417 4520 1584 4563; x_wconf 90' lang='lat' dir='ltr'><strong>suam</strong></span> <span class='ocrx_word' id='word_1_641' title='bbox 1613 4501 1850 4564; x_wconf 88' lang='lat' dir='ltr'><strong>amitam</strong></span> <span class='ocrx_word' id='word_1_642' title='bbox 1882 4503 2069 4565; x_wconf 88' lang='lat' dir='ltr'><strong>latere</strong></span> 
     </span>
    </p>
   </div>
   <div class='ocr_carea' id='block_1_90' title="bbox 415 4588 2064 4672">
    <p class='ocr_par' dir='ltr' id='par_1_90' title="bbox 415 4588 2064 4672">
     <span class='ocr_line' id='line_1_90' title="bbox 415 4588 2064 4672; baseline 0.003 -23"><span class='ocrx_word' id='word_1_643' title='bbox 415 4606 537 4649; x_wconf 90' lang='lat' dir='ltr'><strong>non</strong></span> <span class='ocrx_word' id='word_1_644' title='bbox 586 4589 797 4668; x_wconf 89' lang='lat' dir='ltr'><strong>potuit.</strong></span> <span class='ocrx_word' id='word_1_645' title='bbox 831 4588 950 4652; x_wconf 91' lang='lat' dir='ltr'><strong>Sed</strong></span> <span class='ocrx_word' id='word_1_646' title='bbox 984 4589 1113 4669; x_wconf 83' lang='lat' dir='ltr'><strong>ipsa</strong></span> <span class='ocrx_word' id='word_1_647' title='bbox 1172 4589 1416 4670; x_wconf 87' lang='lat' dir='ltr'><strong>quidem</strong></span> <span class='ocrx_word' id='word_1_648' title='bbox 1475 4608 1609 4651; x_wconf 91' lang='lat' dir='ltr'><strong>cum</strong></span> <span class='ocrx_word' id='word_1_649' title='bbox 1668 4591 2064 4672; x_wconf 78' lang='lat' dir='ltr'><strong>cognovisset,</strong></span> 
     </span>
    </p>
   </div>
   <div class='ocr_carea' id='block_1_91' title="bbox 416 4677 2067 4760">
    <p class='ocr_par' dir='ltr' id='par_1_91' title="bbox 416 4677 2067 4760">
     <span class='ocr_line' id='line_1_91' title="bbox 416 4677 2067 4760; baseline 0.005 -22"><span class='ocrx_word' id='word_1_650' title='bbox 416 4696 546 4738; x_wconf 89' lang='lat' dir='ltr'><strong>eam</strong></span> <span class='ocrx_word' id='word_1_651' title='bbox 567 4677 936 4760; x_wconf 89' lang='lat' dir='ltr'><strong>increpabat,</strong></span> <span class='ocrx_word' id='word_1_652' title='bbox 963 4687 1021 4741; x_wconf 90' lang='lat' dir='ltr'><strong>et</strong></span> <span class='ocrx_word' id='word_1_653' title='bbox 1043 4678 1456 4742; x_wconf 89' lang='lat' dir='ltr'><strong>indumentum</strong></span> <span class='ocrx_word' id='word_1_654' title='bbox 1483 4679 1794 4745; x_wconf 63' lang='lat' dir='ltr'><strong>irridebat.</strong></span> <span class='ocrx_word' id='word_1_655' title='bbox 1818 4681 1899 4744; x_wconf 86' lang='lat' dir='ltr'><strong>Ea</strong></span> <span class='ocrx_word' id='word_1_656' title='bbox 1926 4700 2067 4746; x_wconf 87' lang='lat' dir='ltr'><strong>vero</strong></span> 
     </span>
    </p>
   </div>
   <div class='ocr_carea' id='block_1_92' title="bbox 414 4766 2068 4852">
    <p class='ocr_par' dir='ltr' id='par_1_92' title="bbox 414 4766 2068 4852">
     <span class='ocr_line' id='line_1_92' title="bbox 414 4766 2068 4852; baseline 0.004 -24"><span class='ocrx_word' id='word_1_657' title='bbox 414 4766 564 4828; x_wconf 90' lang='lat' dir='ltr'><strong>nihil</strong></span> <span class='ocrx_word' id='word_1_658' title='bbox 588 4784 746 4846; x_wconf 63' lang='lat' dir='ltr'><strong>agre</strong></span> <span class='ocrx_word' id='word_1_659' title='bbox 796 4768 997 4831; x_wconf 88' lang='lat' dir='ltr'><strong>ferens</strong></span> <span class='ocrx_word' id='word_1_660' title='bbox 1054 4768 1239 4848; x_wconf 87' lang='lat' dir='ltr'><strong>ipsius</strong></span> <span class='ocrx_word' id='word_1_661' title='bbox 1292 4770 1699 4852; x_wconf 85' lang='lat' dir='ltr'><strong>asperitatem,</strong></span> <span class='ocrx_word' id='word_1_662' title='bbox 1758 4771 1872 4833; x_wconf 91' lang='lat' dir='ltr'><strong>hoc</strong></span> <span class='ocrx_word' id='word_1_663' title='bbox 1926 4791 2068 4846; x_wconf 75' lang='lat' dir='ltr'><strong>gra-</strong></span> 
     </span>
    </p>
   </div>
   <div class='ocr_carea' id='block_1_93' title="bbox 416 4856 2067 4940">
    <p class='ocr_par' dir='ltr' id='par_1_93' title="bbox 416 4856 2067 4940">
     <span class='ocr_line' id='line_1_93' title="bbox 416 4856 2067 4940; baseline 0.005 -24"><span class='ocrx_word' id='word_1_664' title='bbox 416 4857 544 4918; x_wconf 88' lang='lat' dir='ltr'><strong>vius</strong></span> <span class='ocrx_word' id='word_1_665' title='bbox 580 4856 828 4933; x_wconf 89' lang='lat' dir='ltr'><strong>ferebat,</strong></span> <span class='ocrx_word' id='word_1_666' title='bbox 859 4857 1020 4939; x_wconf 90' lang='lat' dir='ltr'><strong>quod</strong></span> <span class='ocrx_word' id='word_1_667' title='bbox 1047 4876 1163 4919; x_wconf 90' lang='lat' dir='ltr'><strong>non</strong></span> <span class='ocrx_word' id='word_1_668' title='bbox 1199 4868 1398 4940; x_wconf 91' lang='lat' dir='ltr'><strong>posset</strong></span> <span class='ocrx_word' id='word_1_669' title='bbox 1428 4878 1638 4921; x_wconf 88' lang='lat' dir='ltr'><strong>omnes</strong></span> <span class='ocrx_word' id='word_1_670' title='bbox 1662 4860 1867 4925; x_wconf 89' lang='lat' dir='ltr'><strong>latere.</strong></span> <span class='ocrx_word' id='word_1_671' title='bbox 1901 4861 2067 4934; x_wconf 84' lang='lat' dir='ltr'><strong>Quo-</strong></span> 
     </span>
    </p>
   </div>
   <div class='ocr_carea' id='block_1_94' title="bbox 417 4944 2069 5030">
    <p class='ocr_par' dir='ltr' id='par_1_94' title="bbox 417 4944 2069 5030">
     <span class='ocr_line' id='line_1_94' title="bbox 417 4944 2069 5030; baseline 0.004 -23"><span class='ocrx_word' id='word_1_672' title='bbox 417 4944 578 5008; x_wconf 86' lang='lat' dir='ltr'><strong>circa</strong></span> <span class='ocrx_word' id='word_1_673' title='bbox 608 4945 813 5008; x_wconf 86' lang='lat' dir='ltr'><strong>multis</strong></span> <span class='ocrx_word' id='word_1_674' title='bbox 838 4948 1119 5027; x_wconf 82' lang='lat' dir='ltr'><strong>lacrymis</strong></span> <span class='ocrx_word' id='word_1_675' title='bbox 1149 4957 1208 5009; x_wconf 91' lang='lat' dir='ltr'><strong>et</strong></span> <span class='ocrx_word' id='word_1_676' title='bbox 1234 4947 1534 5028; x_wconf 87' lang='lat' dir='ltr'><strong>precibus,</strong></span> <span class='ocrx_word' id='word_1_677' title='bbox 1567 4958 1625 5011; x_wconf 89' lang='lat' dir='ltr'><strong>ut</strong></span> <span class='ocrx_word' id='word_1_678' title='bbox 1660 4966 1758 5011; x_wconf 90' lang='lat' dir='ltr'><strong>res</strong></span> <span class='ocrx_word' id='word_1_679' title='bbox 1792 4958 2069 5030; x_wconf 79' lang='lat' dir='ltr'><strong>taceatur,</strong></span> 
     </span>
    </p>
   </div>
   <div class='ocr_carea' id='block_1_95' title="bbox 2157 4231 3806 4312">
    <p class='ocr_par' dir='ltr' id='par_1_95' title="bbox 2157 4231 3806 4312">
     <span class='ocr_line' id='line_1_95' title="bbox 2157 4231 3806 4312; baseline 0.001 -23"><span class='ocrx_word' id='word_1_680' title='bbox 2157 4253 2318 4304; x_wconf 71' lang='grc' dir='ltr'>σεως,</span> <span class='ocrx_word' id='word_1_681' title='bbox 2371 4231 2459 4289; x_wconf 80' lang='grc' dir='ltr'><strong>ὅτε</strong></span> <span class='ocrx_word' id='word_1_682' title='bbox 2517 4232 2593 4307; x_wconf 66' lang='grc' dir='ltr'><strong>μή</strong></span> <span class='ocrx_word' id='word_1_683' title='bbox 2651 4233 2811 4301; x_wconf 78' lang='grc' dir='ltr'>συνῆν</span> <span class='ocrx_word' id='word_1_684' title='bbox 2876 4239 2953 4307; x_wconf 85' lang='grc' dir='ltr'>τῷ</span> <span class='ocrx_word' id='word_1_685' title='bbox 3009 4231 3173 4311; x_wconf 76' lang='grc' dir='ltr'>ἀνδρὶ,</span> <span class='ocrx_word' id='word_1_686' title='bbox 3251 4231 3473 4289; x_wconf 77' lang='grc' dir='ltr'>διετέλει</span> <span class='ocrx_word' id='word_1_687' title='bbox 3548 4240 3806 4312; x_wconf 73' lang='grc' dir='ltr'>φοροῦσα,</span> 
     </span>
    </p>
   </div>
   <div class='ocr_carea' id='block_1_96' title="bbox 2157 4321 3807 4402">
    <p class='ocr_par' dir='ltr' id='par_1_96' title="bbox 2157 4321 3807 4402">
     <span class='ocr_line' id='line_1_96' title="bbox 2157 4321 3807 4402; baseline 0.001 -22"><span class='ocrx_word' id='word_1_688' title='bbox 2157 4322 2286 4387; x_wconf 85' lang='grc' dir='ltr'>Τοὺς</span> <span class='ocrx_word' id='word_1_689' title='bbox 2343 4321 2397 4378; x_wconf 76' lang='grc' dir='ltr'><strong>δὲ</strong></span> <span class='ocrx_word' id='word_1_690' title='bbox 2456 4322 2669 4379; x_wconf 84' lang='grc' dir='ltr'>πάντων</span> <span class='ocrx_word' id='word_1_691' title='bbox 2736 4323 3037 4402; x_wconf 74' lang='grc' dir='ltr'>ὀφθαλμοῦς</span> <span class='ocrx_word' id='word_1_692' title='bbox 3095 4321 3424 4395; x_wconf 77' lang='grc' dir='ltr'>κλέπτουσα,</span> <span class='ocrx_word' id='word_1_693' title='bbox 3500 4322 3598 4390; x_wconf 78' lang='grc' dir='ltr'>τὴν</span> <span class='ocrx_word' id='word_1_694' title='bbox 3661 4323 3807 4381; x_wconf 72' lang='grc' dir='ltr'>Θείαν</span> 
     </span>
    </p>
   </div>
   <div class='ocr_carea' id='block_1_97' title="bbox 2155 4409 3809 4490">
    <p class='ocr_par' dir='ltr' id='par_1_97' title="bbox 2155 4409 3809 4490">
     <span class='ocr_line' id='line_1_97' title="bbox 2155 4409 3809 4490; baseline 0.001 -22"><span class='ocrx_word' id='word_1_695' title='bbox 2155 4415 2277 4490; x_wconf 82' lang='grc' dir='ltr'>γοῦν</span> <span class='ocrx_word' id='word_1_696' title='bbox 2337 4415 2498 4478; x_wconf 77' lang='grc' dir='ltr'>αὐτῆς</span> <span class='ocrx_word' id='word_1_697' title='bbox 2558 4411 2652 4468; x_wconf 70' lang='grc' dir='ltr'><strong>οὒκ</strong></span> <span class='ocrx_word' id='word_1_698' title='bbox 2707 4410 3006 4474; x_wconf 70' lang='grc' dir='ltr'>ἔλάνθσίνεν,</span> <span class='ocrx_word' id='word_1_699' title='bbox 3081 4409 3199 4467; x_wconf 79' lang='grc' dir='ltr'>ἀλλ’</span> <span class='ocrx_word' id='word_1_700' title='bbox 3261 4411 3395 4478; x_wconf 72' lang='grc' dir='ltr'>αὐτὴ</span> <span class='ocrx_word' id='word_1_701' title='bbox 3452 4411 3550 4487; x_wconf 71' lang='grc' dir='ltr'>μὲν</span> <span class='ocrx_word' id='word_1_702' title='bbox 3607 4418 3809 4490; x_wconf 79' lang='grc' dir='ltr'>γνοῦσα</span> 
     </span>
    </p>
   </div>
   <div class='ocr_carea' id='block_1_98' title="bbox 2155 4497 3805 4581">
    <p class='ocr_par' dir='ltr' id='par_1_98' title="bbox 2155 4497 3805 4581">
     <span class='ocr_line' id='line_1_98' title="bbox 2155 4497 3805 4581; baseline 0 -23"><span class='ocrx_word' id='word_1_703' title='bbox 2155 4502 2378 4577; x_wconf 74' lang='grc' dir='ltr'>ἐπετίμα</span> <span class='ocrx_word' id='word_1_704' title='bbox 2433 4501 2600 4576; x_wconf 78' lang='grc' dir='ltr'>ταύτῃ</span> <span class='ocrx_word' id='word_1_705' title='bbox 2656 4502 2744 4556; x_wconf 81' lang='grc' dir='ltr'><strong>καὶ</strong></span> <span class='ocrx_word' id='word_1_706' title='bbox 2799 4500 3040 4557; x_wconf 79' lang='grc' dir='ltr'>ἓτκωπτε</span> <span class='ocrx_word' id='word_1_707' title='bbox 3097 4506 3189 4558; x_wconf 72' lang='grc' dir='ltr'><strong>τοῦ</strong></span> <span class='ocrx_word' id='word_1_708' title='bbox 3248 4497 3561 4581; x_wconf 80' lang='grc' dir='ltr'>ἐνδύματος,</span> <span class='ocrx_word' id='word_1_709' title='bbox 3617 4502 3715 4568; x_wconf 77' lang='grc' dir='ltr'><strong>τὴν</strong></span> <span class='ocrx_word' id='word_1_710' title='bbox 3746 4499 3805 4558; x_wconf 70' lang='grc' dir='ltr'><strong>δὲ</strong></span> 
     </span>
    </p>
   </div>
   <div class='ocr_carea' id='block_1_99' title="bbox 2151 4589 3803 4669">
    <p class='ocr_par' dir='ltr' id='par_1_99' title="bbox 2151 4589 3803 4669">
     <span class='ocr_line' id='line_1_99' title="bbox 2151 4589 3803 4669; baseline 0 -22"><span class='ocrx_word' id='word_1_711' title='bbox 2151 4589 2314 4667; x_wconf 75' lang='grc' dir='ltr'>μηδὲν</span> <span class='ocrx_word' id='word_1_712' title='bbox 2369 4591 2470 4647; x_wconf 74' lang='grc' dir='ltr'><strong>ὑπὸ</strong></span> <span class='ocrx_word' id='word_1_713' title='bbox 2529 4591 2627 4658; x_wconf 79' lang='grc' dir='ltr'>τῆς</span> <span class='ocrx_word' id='word_1_714' title='bbox 2675 4592 2832 4647; x_wconf 64' lang='grc' dir='ltr'>αὺτοῦ</span> <span class='ocrx_word' id='word_1_715' title='bbox 2887 4590 3218 4669; x_wconf 83' lang='grc' dir='ltr'>τραχύτητος</span> <span class='ocrx_word' id='word_1_716' title='bbox 3276 4589 3588 4669; x_wconf 75' lang='grc' dir='ltr'>ἀχθομένην</span> <span class='ocrx_word' id='word_1_717' title='bbox 3647 4597 3803 4648; x_wconf 83' lang='grc' dir='ltr'>τοῦτο</span> 
     </span>
    </p>
   </div>
   <div class='ocr_carea' id='block_1_100' title="bbox 2150 4677 3800 4759">
    <p class='ocr_par' dir='ltr' id='par_1_100' title="bbox 2150 4677 3800 4759">
     <span class='ocr_line' id='line_1_100' title="bbox 2150 4677 3800 4759; baseline -0.002 -21"><span class='ocrx_word' id='word_1_718' title='bbox 2150 4682 2238 4738; x_wconf 83' lang='grc' dir='ltr'><strong>καὶ</strong></span> <span class='ocrx_word' id='word_1_719' title='bbox 2267 4679 2472 4756; x_wconf 81' lang='grc' dir='ltr'>μᾶλλον</span> <span class='ocrx_word' id='word_1_720' title='bbox 2497 4677 2733 4759; x_wconf 65' lang='grc' dir='ltr'>ἐϐάρυνε,</span> <span class='ocrx_word' id='word_1_721' title='bbox 2789 4680 2849 4736; x_wconf 81' lang='grc' dir='ltr'>τὸ</span> <span class='ocrx_word' id='word_1_722' title='bbox 2896 4678 2974 4754; x_wconf 78' lang='grc' dir='ltr'>μὴ</span> <span class='ocrx_word' id='word_1_723' title='bbox 3025 4678 3311 4747; x_wconf 76' lang='grc' dir='ltr'>δυνηθῆναι</span> <span class='ocrx_word' id='word_1_724' title='bbox 3360 4679 3566 4745; x_wconf 79' lang='grc' dir='ltr'>πάντας</span> <span class='ocrx_word' id='word_1_725' title='bbox 3591 4679 3800 4743; x_wconf 72' lang='grc' dir='ltr'>λαϐεῖν,</span> 
     </span>
    </p>
   </div>
   <div class='ocr_carea' id='block_1_101' title="bbox 2156 4766 3805 4848">
    <p class='ocr_par' dir='ltr' id='par_1_101' title="bbox 2156 4766 3805 4848">
     <span class='ocr_line' id='line_1_101' title="bbox 2156 4766 3805 4848; baseline -0.001 -21"><span class='ocrx_word' id='word_1_726' title='bbox 2156 4772 2249 4828; x_wconf 85' lang='grc' dir='ltr'><strong>Διὸ</strong></span> <span class='ocrx_word' id='word_1_727' title='bbox 2315 4773 2403 4827; x_wconf 80' lang='grc' dir='ltr'><strong>καὶ</strong></span> <span class='ocrx_word' id='word_1_728' title='bbox 2462 4768 2687 4832; x_wconf 78' lang='grc' dir='ltr'>πολλοῖς</span> <span class='ocrx_word' id='word_1_729' title='bbox 2740 4766 2954 4842; x_wconf 75' lang='grc' dir='ltr'>δάκρυσί</span> <span class='ocrx_word' id='word_1_730' title='bbox 3009 4789 3065 4824; x_wconf 87' lang='grc' dir='ltr'><strong>τε</strong></span> <span class='ocrx_word' id='word_1_731' title='bbox 3126 4769 3214 4825; x_wconf 85' lang='grc' dir='ltr'><strong>καὶ</strong></span> <span class='ocrx_word' id='word_1_732' title='bbox 3270 4769 3644 4848; x_wconf 78' lang='grc' dir='ltr'>παρακλήσεσι</span> <span class='ocrx_word' id='word_1_733' title='bbox 3700 4771 3805 4838; x_wconf 76' lang='grc' dir='ltr'>τὴν</span> 
     </span>
    </p>
   </div>
   <div class='ocr_carea' id='block_1_102' title="bbox 2151 4858 3230 4938">
    <p class='ocr_par' dir='ltr' id='par_1_102' title="bbox 2151 4858 3230 4938">
     <span class='ocr_line' id='line_1_102' title="bbox 2151 4858 3230 4938; baseline 0.003 -23"><span class='ocrx_word' id='word_1_734' title='bbox 2151 4860 2362 4928; x_wconf 79' lang='grc' dir='ltr'>σιωπὴν</span> <span class='ocrx_word' id='word_1_735' title='bbox 2392 4867 2483 4916; x_wconf 82' lang='grc' dir='ltr'><strong>τοῦ</strong></span> <span class='ocrx_word' id='word_1_736' title='bbox 2517 4859 2826 4937; x_wconf 73' lang='grc' dir='ltr'>πράγματος</span> <span class='ocrx_word' id='word_1_737' title='bbox 2860 4858 3230 4938; x_wconf 71' lang='grc' dir='ltr'>ἀσφαλίζεται.</span> 
     </span>
    </p>
   </div>
   <div class='ocr_carea' id='block_1_103' title="bbox 418 5035 723 5113">
    <p class='ocr_par' dir='ltr' id='par_1_103' title="bbox 418 5035 723 5113">
     <span class='ocr_line' id='line_1_103' title="bbox 418 5035 723 5113; baseline -0.003 -17"><span class='ocrx_word' id='word_1_738' title='bbox 418 5035 723 5113; x_wconf 89' lang='lat' dir='ltr'><strong>impetrat.</strong></span> 
     </span>
    </p>
   </div>
   <div class='ocr_carea' id='block_1_104' title="bbox 500 5124 2074 5209">
    <p class='ocr_par' dir='ltr' id='par_1_104' title="bbox 500 5124 2070 5192">
     <span class='ocr_line' id='line_1_104' title="bbox 500 5124 2070 5192; baseline 0.002 -3"><span class='ocrx_word' id='word_1_739' title='bbox 500 5124 602 5189; x_wconf 82' lang='lat' dir='ltr'><strong>IV.</strong></span> <span class='ocrx_word' id='word_1_740' title='bbox 666 5127 806 5189; x_wconf 88' lang='lat' dir='ltr'><strong>Erat</strong></span> <span class='ocrx_word' id='word_1_741' title='bbox 864 5134 1066 5189; x_wconf 89' lang='lat' dir='ltr'><strong>autem</strong></span> <span class='ocrx_word' id='word_1_742' title='bbox 1124 5132 1177 5189; x_wconf 88' lang='lat' dir='ltr'><strong>el</strong></span> <span class='ocrx_word' id='word_1_743' title='bbox 1249 5128 1503 5191; x_wconf 83' lang='lat' dir='ltr'><strong>maxime</strong></span> <span class='ocrx_word' id='word_1_744' title='bbox 1543 5131 1602 5191; x_wconf 90' lang='lat' dir='ltr'><strong>in</strong></span> <span class='ocrx_word' id='word_1_745' title='bbox 1656 5132 1807 5190; x_wconf 88' lang='lat' dir='ltr'><strong>votis</strong></span> <span class='ocrx_word' id='word_1_746' title='bbox 1849 5131 2070 5192; x_wconf 91' lang='lat' dir='ltr'><strong>mundo</strong></span> 
     </span>
    </p>
   </div>
   <div class='ocr_carea' id='block_1_105' title="bbox 2161 5124 3805 5209">
    <p class='ocr_par' dir='ltr' id='par_1_105' title="bbox 2238 5125 3805 5209">
     <span class='ocr_line' id='line_1_105' title="bbox 2238 5125 3805 5209; baseline -0.001 -23"><span class='ocrx_word' id='word_1_747' title='bbox 2238 5131 2328 5192; x_wconf 85' lang='lat' dir='ltr'><strong>A&#39;.</strong></span> <span class='ocrx_word' id='word_1_748' title='bbox 2363 5125 2459 5188; x_wconf 84' lang='grc' dir='ltr'>Ἦν</span> <span class='ocrx_word' id='word_1_749' title='bbox 2487 5129 2541 5187; x_wconf 69' lang='grc' dir='ltr'><strong>δὶ</strong></span> <span class='ocrx_word' id='word_1_750' title='bbox 2571 5131 2671 5209; x_wconf 76' lang='grc' dir='ltr'>ἄρα</span> <span class='ocrx_word' id='word_1_751' title='bbox 2718 5152 2769 5187; x_wconf 88' lang='grc' dir='ltr'><strong>τι</strong></span> <span class='ocrx_word' id='word_1_752' title='bbox 2824 5129 2912 5185; x_wconf 82' lang='grc' dir='ltr'><strong>καὶ</strong></span> <span class='ocrx_word' id='word_1_753' title='bbox 2971 5131 3141 5208; x_wconf 78' lang='grc' dir='ltr'>εὖχῆς</span> <span class='ocrx_word' id='word_1_754' title='bbox 3203 5129 3354 5208; x_wconf 76' lang='grc' dir='ltr'>ἔργον</span> <span class='ocrx_word' id='word_1_755' title='bbox 3416 5134 3550 5206; x_wconf 51' lang='lat' dir='ltr'><strong>arb-sf,</strong></span> <span class='ocrx_word' id='word_1_756' title='bbox 3598 5133 3805 5207; x_wconf 75' lang='grc' dir='ltr'>κόσμου</span> 
     </span>
    </p>
   </div>
   <div class='ocr_carea' id='block_1_106' title="bbox 414 5214 2074 5300">
    <p class='ocr_par' dir='ltr' id='par_1_106' title="bbox 414 5214 2065 5300">
     <span class='ocr_line' id='line_1_106' title="bbox 414 5214 2065 5300; baseline 0.004 -25"><span class='ocrx_word' id='word_1_757' title='bbox 414 5214 714 5296; x_wconf 88' lang='lat' dir='ltr'><strong>abrumpi,</strong></span> <span class='ocrx_word' id='word_1_758' title='bbox 734 5225 793 5278; x_wconf 86' lang='lat' dir='ltr'><strong>et</strong></span> <span class='ocrx_word' id='word_1_759' title='bbox 814 5226 876 5277; x_wconf 92' lang='lat' dir='ltr'><strong>ut</strong></span> <span class='ocrx_word' id='word_1_760' title='bbox 901 5218 1021 5277; x_wconf 89' lang='lat' dir='ltr'><strong>vult</strong></span> <span class='ocrx_word' id='word_1_761' title='bbox 1050 5219 1232 5290; x_wconf 87' lang='lat' dir='ltr'><strong>Deus,</strong></span> <span class='ocrx_word' id='word_1_762' title='bbox 1262 5219 1686 5300; x_wconf 86' lang='lat' dir='ltr'><strong>philosophari.</strong></span> <span class='ocrx_word' id='word_1_763' title='bbox 1704 5217 1873 5283; x_wconf 86' lang='lat' dir='ltr'><strong>Unde</strong></span> <span class='ocrx_word' id='word_1_764' title='bbox 1889 5222 2065 5281; x_wconf 87' lang='lat' dir='ltr'><strong>etiam</strong></span> 
     </span>
    </p>
   </div>
   <div class='ocr_carea' id='block_1_107' title="bbox 2161 5214 3808 5300">
    <p class='ocr_par' dir='ltr' id='par_1_107' title="bbox 2161 5220 3808 5299">
     <span class='ocr_line' id='line_1_107' title="bbox 2161 5220 3808 5299; baseline 0 -22"><span class='ocrx_word' id='word_1_765' title='bbox 2161 5223 2376 5299; x_wconf 70' lang='grc' dir='ltr'>5αγῆναι</span> <span class='ocrx_word' id='word_1_766' title='bbox 2464 5225 2558 5278; x_wconf 69' lang='grc' dir='ltr'>καὶ</span> <span class='ocrx_word' id='word_1_767' title='bbox 2630 5220 2991 5298; x_wconf 71' lang='grc' dir='ltr'>φιλοσοφῆσαι</span> <span class='ocrx_word' id='word_1_768' title='bbox 3063 5240 3200 5275; x_wconf 84' lang='grc' dir='ltr'>κατα</span> <span class='ocrx_word' id='word_1_769' title='bbox 3271 5221 3424 5295; x_wconf 81' lang='grc' dir='ltr'>Θεὸν,</span> <span class='ocrx_word' id='word_1_770' title='bbox 3509 5220 3628 5276; x_wconf 80' lang='grc' dir='ltr'>ὅθεν</span> <span class='ocrx_word' id='word_1_771' title='bbox 3715 5222 3808 5277; x_wconf 77' lang='grc' dir='ltr'><strong>καὶ</strong></span> 
     </span>
    </p>
   </div>
   <div class='ocr_carea' id='block_1_108' title="bbox 415 5306 2074 5391">
    <p class='ocr_par' dir='ltr' id='par_1_108' title="bbox 415 5306 2065 5391">
     <span class='ocr_line' id='line_1_108' title="bbox 415 5306 2065 5391; baseline 0.003 -26"><span class='ocrx_word' id='word_1_772' title='bbox 415 5323 551 5365; x_wconf 91' lang='lat' dir='ltr'><strong>cum</strong></span> <span class='ocrx_word' id='word_1_773' title='bbox 584 5313 819 5367; x_wconf 81' lang='lat' dir='ltr'><strong>uterum</strong></span> <span class='ocrx_word' id='word_1_774' title='bbox 859 5306 1061 5382; x_wconf 88' lang='lat' dir='ltr'><strong>ferret,</strong></span> <span class='ocrx_word' id='word_1_775' title='bbox 1093 5314 1149 5367; x_wconf 89' lang='lat' dir='ltr'><strong>et</strong></span> <span class='ocrx_word' id='word_1_776' title='bbox 1181 5306 1236 5366; x_wconf 89' lang='lat' dir='ltr'><strong>ei</strong></span> <span class='ocrx_word' id='word_1_777' title='bbox 1269 5310 1534 5369; x_wconf 82' lang='lat' dir='ltr'><strong>secundo</strong></span> <span class='ocrx_word' id='word_1_778' title='bbox 1562 5310 1685 5389; x_wconf 91' lang='lat' dir='ltr'><strong>jam</strong></span> <span class='ocrx_word' id='word_1_779' title='bbox 1720 5322 1922 5388; x_wconf 88' lang='lat' dir='ltr'><strong>partus</strong></span> <span class='ocrx_word' id='word_1_780' title='bbox 1968 5329 2065 5391; x_wconf 89' lang='lat' dir='ltr'><strong>ap-</strong></span> 
     </span>
    </p>
   </div>
   <div class='ocr_carea' id='block_1_109' title="bbox 2161 5306 3805 5391">
    <p class='ocr_par' dir='ltr' id='par_1_109' title="bbox 2161 5307 3805 5387">
     <span class='ocr_line' id='line_1_109' title="bbox 2161 5307 3805 5387; baseline -0.002 -18"><span class='ocrx_word' id='word_1_781' title='bbox 2161 5312 2379 5377; x_wconf 75' lang='grc' dir='ltr'>ιιυούσης</span> <span class='ocrx_word' id='word_1_782' title='bbox 2410 5308 2511 5378; x_wconf 71' lang='grc' dir='ltr'><strong>ἤδη</strong></span> <span class='ocrx_word' id='word_1_783' title='bbox 2539 5311 2601 5367; x_wconf 82' lang='grc' dir='ltr'>τὸ</span> <span class='ocrx_word' id='word_1_784' title='bbox 2631 5307 2865 5387; x_wconf 84' lang='grc' dir='ltr'>δεύτερον</span> <span class='ocrx_word' id='word_1_785' title='bbox 2925 5308 3011 5364; x_wconf 74' lang='grc' dir='ltr'><strong>καὶ</strong></span> <span class='ocrx_word' id='word_1_786' title='bbox 3069 5310 3200 5387; x_wconf 78' lang='grc' dir='ltr'>πρὸς</span> <span class='ocrx_word' id='word_1_787' title='bbox 3244 5311 3303 5365; x_wconf 83' lang='grc' dir='ltr'>τὸ</span> <span class='ocrx_word' id='word_1_788' title='bbox 3356 5321 3536 5366; x_wconf 75' lang='grc' dir='ltr'>τεκεῖν</span> <span class='ocrx_word' id='word_1_789' title='bbox 3566 5310 3805 5383; x_wconf 73' lang='grc' dir='ltr'>γενομέ-</span> 
     </span>
    </p>
   </div>
   <div class='ocr_carea' id='block_1_110' title="bbox 418 5393 2074 5480">
    <p class='ocr_par' dir='ltr' id='par_1_110' title="bbox 418 5393 2063 5474">
     <span class='ocr_line' id='line_1_110' title="bbox 418 5393 2063 5474; baseline 0.007 -23"><span class='ocrx_word' id='word_1_790' title='bbox 418 5393 1105 5471; x_wconf 87' lang='lat' dir='ltr'><strong>peteret,celebrabatur</strong></span> <span class='ocrx_word' id='word_1_791' title='bbox 1122 5394 1365 5474; x_wconf 86' lang='lat' dir='ltr'><strong>quidem</strong></span> <span class='ocrx_word' id='word_1_792' title='bbox 1396 5397 1612 5457; x_wconf 89' lang='lat' dir='ltr'><strong>festum</strong></span> <span class='ocrx_word' id='word_1_793' title='bbox 1637 5397 1872 5474; x_wconf 74' lang='lat' dir='ltr'><strong>gloriosi</strong></span> <span class='ocrx_word' id='word_1_794' title='bbox 1902 5418 2063 5461; x_wconf 87' lang='lat' dir='ltr'><strong>mar-</strong></span> 
     </span>
    </p>
   </div>
   <div class='ocr_carea' id='block_1_111' title="bbox 2161 5393 3804 5480">
    <p class='ocr_par' dir='ltr' id='par_1_111' title="bbox 2161 5396 3804 5480">
     <span class='ocr_line' id='line_1_111' title="bbox 2161 5396 3804 5480; baseline -0.001 -23"><span class='ocrx_word' id='word_1_795' title='bbox 2161 5423 2264 5475; x_wconf 66' lang='grc' dir='ltr'>ρης,</span> <span class='ocrx_word' id='word_1_796' title='bbox 2302 5401 2457 5480; x_wconf 66' lang='grc' dir='ltr'><strong>ἷεορττ)⁸</strong></span> <span class='ocrx_word' id='word_1_797' title='bbox 2490 5401 2586 5476; x_wconf 77' lang='grc' dir='ltr'>μὲν</span> <span class='ocrx_word' id='word_1_798' title='bbox 2636 5398 2798 5478; x_wconf 70' lang='grc' dir='ltr'>ἤγετο</span> <span class='ocrx_word' id='word_1_799' title='bbox 2826 5402 2918 5454; x_wconf 82' lang='grc' dir='ltr'><strong>τοῦ</strong></span> <span class='ocrx_word' id='word_1_800' title='bbox 2970 5396 3218 5477; x_wconf 69' lang='grc' dir='ltr'>λαμπροῦ</span> <span class='ocrx_word' id='word_1_801' title='bbox 3273 5398 3328 5454; x_wconf 82' lang='grc' dir='ltr'>ἐν</span> <span class='ocrx_word' id='word_1_802' title='bbox 3379 5398 3605 5476; x_wconf 78' lang='grc' dir='ltr'>μάρτυσι</span> <span class='ocrx_word' id='word_1_803' title='bbox 3652 5404 3804 5455; x_wconf 79' lang='grc' dir='ltr'>Λαυ-</span> 
     </span>
    </p>
   </div>
   <div class='ocr_carea' id='block_1_112' title="bbox 416 5481 2074 5568">
    <p class='ocr_par' dir='ltr' id='par_1_112' title="bbox 416 5481 2058 5568">
     <span class='ocr_line' id='line_1_112' title="bbox 416 5481 2058 5568; baseline 0.008 -28"><span class='ocrx_word' id='word_1_804' title='bbox 416 5481 556 5559; x_wconf 80' lang='lat' dir='ltr'><strong>tyris</strong></span> <span class='ocrx_word' id='word_1_805' title='bbox 593 5481 930 5545; x_wconf 85' lang='lat' dir='ltr'><strong>Laurentii:</strong></span> <span class='ocrx_word' id='word_1_806' title='bbox 991 5482 1094 5543; x_wconf 88' lang='lat' dir='ltr'><strong>illa</strong></span> <span class='ocrx_word' id='word_1_807' title='bbox 1127 5499 1271 5544; x_wconf 90' lang='lat' dir='ltr'><strong>vero</strong></span> <span class='ocrx_word' id='word_1_808' title='bbox 1314 5486 1699 5564; x_wconf 85' lang='lat' dir='ltr'><strong>pernoctabat</strong></span> <span class='ocrx_word' id='word_1_809' title='bbox 1741 5486 2058 5568; x_wconf 89' lang='lat' dir='ltr'><strong>insomnis,</strong></span> 
     </span>
    </p>
   </div>
   <div class='ocr_carea' id='block_1_113' title="bbox 2161 5481 3799 5568">
    <p class='ocr_par' dir='ltr' id='par_1_113' title="bbox 2161 5485 3799 5567">
     <span class='ocr_line' id='line_1_113' title="bbox 2161 5485 3799 5567; baseline -0.003 -18"><span class='ocrx_word' id='word_1_810' title='bbox 2161 5491 2345 5549; x_wconf 70' lang='grc' dir='ltr'>»εντίου</span> <span class='ocrx_word' id='word_1_811' title='bbox 2374 5512 2390 5530; x_wconf 68' lang='grc' dir='ltr'><strong>ο</strong></span> <span class='ocrx_word' id='word_1_812' title='bbox 2449 5492 2483 5560; x_wconf 80' lang='grc' dir='ltr'>ἦ</span> <span class='ocrx_word' id='word_1_813' title='bbox 2536 5487 2590 5546; x_wconf 83' lang='grc' dir='ltr'>δέ</span> <span class='ocrx_word' id='word_1_814' title='bbox 2637 5487 2831 5554; x_wconf 73' lang='grc' dir='ltr'>ἄυπνος</span> <span class='ocrx_word' id='word_1_815' title='bbox 2881 5485 3150 5567; x_wconf 81' lang='grc' dir='ltr'>διενύχευε</span> <span class='ocrx_word' id='word_1_816' title='bbox 3178 5487 3303 5567; x_wconf 89' lang='grc' dir='ltr'>γόνυ</span> <span class='ocrx_word' id='word_1_817' title='bbox 3331 5488 3607 5564; x_wconf 73' lang='grc' dir='ltr'>κλίνουσα,</span> <span class='ocrx_word' id='word_1_818' title='bbox 3642 5486 3799 5563; x_wconf 79' lang='grc' dir='ltr'>ψαλ-</span> 
     </span>
    </p>
   </div>
   <div class='ocr_carea' id='block_1_114' title="bbox 500 5682 1018 5761">
    <p class='ocr_par' dir='ltr' id='par_1_114' title="bbox 500 5682 1018 5761">
     <span class='ocr_line' id='line_1_114' title="bbox 500 5682 1018 5761; baseline -0.004 -14"><span class='ocrx_word' id='word_1_819' title='bbox 500 5684 516 5734; x_wconf 85' lang='grc'>¹</span> <span class='ocrx_word' id='word_1_820' title='bbox 550 5682 577 5747; x_wconf 93' lang='grc' dir='ltr'>Ι</span> <span class='ocrx_word' id='word_1_821' title='bbox 607 5683 745 5747; x_wconf 89' lang='lat' dir='ltr'><strong>Cor.</strong></span> <span class='ocrx_word' id='word_1_822' title='bbox 777 5702 876 5761; x_wconf 85' lang='lat' dir='ltr'><strong>vn,</strong></span> <span class='ocrx_word' id='word_1_823' title='bbox 915 5686 1018 5749; x_wconf 81' lang='grc'><strong>16.</strong></span> 
     </span>
    </p>
   </div>
  </div>
