4022 6146
237 348 354 418 757

1565 353 1753 419 VITA
1810 353 1873 418 S.
1928 352 2289 418 MELAN/E.

3488 359 3607 425 758

229 489 369 563 μοὺς
425 485 644 566 ᾅδουσα,
676 487 925 566 κρείττων
980 489 1064 571 διαὶ
1108 494 1214 547 τῶν
1251 487 1448 547 ὠδίνων
1503 491 1593 548 καὶ
1622 495 1719 558 τῆς
1777 489 1882 569 φύ-

1981 505 2119 568 ;enu
2145 489 2416 565 ﬂectens,
2440 489 2700 571 psalmos
2719 509 2969 568 canens,
2984 492 3222 559 dolores
3243 502 3301 558 et
3329 503 3605 562 naturam

228 599 376 643 σεως
432 578 576 635 εἶναι
632 577 945 655 βιαζομένη.
995 569 1053 637 Ὀ
1109 577 1288 658 ὄρθρος
1336 578 1550 660 ἔληγεν·
1607 582 1642 649 ἡ
1696 578 1749 636 δὲ
1779 585 1886 635 τῶν

231 669 417 748 εὒχῶν
478 670 571 727 οὐκ
621 668 863 744 ἐπαύετο,
924 665 1063 724 ἀλλὰ
1119 670 1202 726 καὶ
1263 669 1427 732 οὕτως
1459 669 1652 737 ἑαυτὴν
1710 690 1882 726 κατα-

229 757 481 815 τείνουσά
538 755 932 837 χαλεπωτέρων
981 755 1182 814 ὠδινῶν
1238 766 1509 837 πειρᾶται,
1563 759 1647 816 οιαὶ
1697 758 1882 836 βιαίως

232 849 366 925 μὲν,
397 848 564 904 τίκτει
617 846 662 903 δ’
708 847 796 904 οὖν
844 847 1011 922 ὅμως.
1074 849 1144 905 Τὸ
1207 849 1302 924 μὲν
1352 850 1441 904 οὖν
1481 849 1671 929 τεχθὲν
1714 845 1884 926 (ἆρῤεν

234 937 290 995 δὲ
349 936 467 1017 ἦν),
500 940 634 1013 δμοῦ
674 958 733 992 τε
776 935 996 1017 ἐτέχθη,
1042 938 1130 994 καὶ
1190 941 1342 1015 ἱερῶς
1399 938 1752 1016 ἆναγεννηθέν
1812 943 1884 1012 τῷ

233 1028 566 1105 βαπνίσματι
643 1033 735 1082 τοῦ
809 1027 1028 1082 ἐνταῦθα
1100 1027 1304 1102 κόσμου
1362 1027 1562 1109 λύεται,
1610 1029 1697 1085 καὶ
1755 1029 1884 1108 πρὸς

234 1118 330 1174 τὸν
390 1115 505 1173 ἐκεῖ
561 1115 988 1195 παραπέμπεταν
1061 1115 1268 1184 ἐκείνην
1336 1115 1388 1173 δὲ
1462 1118 1546 1174 καὶ
1591 1118 1724 1195 μετὰ
1794 1118 1886 1173 τὸν

234 1208 396 1264 τόκον
454 1205 702 1285 ἔστρεφον
734 1207 785 1260 αἱ
843 1202 1058 1281 ὠδῖνες,
1088 1207 1176 1262 καὶ
1225 1207 1286 1263 τὸ
1343 1205 1496 1286 δριμὺ
1544 1212 1640 1274 τῆς
1698 1205 1884 1274 ὀδύνης

235 1298 332 1353 τὸν
403 1297 624 1353 θάνατον
668 1296 895 1373 δπῆγεν.
942 1293 1196 1361 Ἐπιστὰς
1261 1297 1349 1352 οὗν
1408 1298 1435 1352 ὁ
1492 1297 1624 1374 ἀνὴρ
1677 1297 1764 1352 καὶ
1825 1296 1886 1352 τὸ

235 1384 409 1443 δεινὸν
464 1384 810 1460 θεασάμενος,
875 1386 1152 1465 συγχυθεὶς
1225 1392 1413 1463 μικροῦ
1470 1385 1565 1459 μὲν
1637 1390 1721 1442 καὶ
1787 1385 1887 1453 τὴν

237 1476 430 1556 ψυχὴν
486 1474 710 1554 ἀφῆκεν
767 1470 1046 1530 ἀναλαϐων
1076 1472 1130 1529 δὲ
1186 1474 1369 1530 ἑαυτὸν
1414 1473 1699 1555 ἀποτρέχει
1755 1476 1886 1552 πρὸς

234 1569 302 1625 τὸ
375 1564 765 1641 θυσιαστήριον,
830 1564 918 1618 καὶ
984 1561 1159 1638 κύκλῳ
1234 1572 1383 1623 τοῦτο
1450 1562 1888 1643 περιερχόμενος,

239 1656 442 1733 δάκρυα
491 1657 595 1708 τῶν
647 1650 931 1731 ὀφθαλμῶν
984 1650 1140 1733 ἔῤῥει,
1204 1653 1379 1732 φωνὰς
1446 1653 1618 1732 ὡφίει,
1674 1654 1760 1708 καὶ
1815 1653 1888 1716 ὡς

236 1743 498 1810 ὀξυτάτην
585 1754 835 1820 παρεῖναι
923 1741 1023 1808 τὴν
1092 1741 1287 1798 ἄνωθεν
1350 1739 1527 1798 ἒκάλει
1616 1740 1884 1818 βοήθειαν.

1967 596 2250 658 superare
2272 579 2661 643 contendens.
2693 582 2963 646 Desierat
2986 584 3477 663 matulinum,illa
3497 606 3608 651 au-

1968 673 2083 760 tem
2131 668 2561 760 noneessabat
2616 687 2655 760 a7
2706 671 3005 750 precibus.
3061 674 3179 737 Sed
3240 675 3327 739 sic
3375 696 3612 760 quoque

1966 757 2226 838 seipsam
2262 758 2597 841 intendens,
2628 759 2863 824 dolores
2887 762 3184 826 sentiebat
3204 757 3529 843 graviOres,
3553 776 3614 832 et

1967 845 2259 908 violenter
2279 846 2544 928 quidem,
2572 850 2725 932 parit
2758 857 2976 913 tamen.
3010 852 3201 934 Atque
3222 855 3378 936 quod
3412 864 3609 920 natum

1966 939 2193 1011 quidem
2219 939 2417 1001 fuerat.
2442 948 2561 997 erat
2593 942 2973 1001 masculinum
2998 961 3017 1016 ;
3040 944 3209 1004 simul
3234 956 3401 1018 atque
3420 957 3611 1007 autem

1970 1032 2169 1085 natum
2227 1033 2284 1086 et
2325 1032 2529 1087 sancto
2573 1025 2864 1108 baptismo
2896 1028 3003 1090 fuit
3060 1036 3500 1109 regeneratum,
3535 1034 3609 1096 ab

1968 1113 2083 1175 hoc
2116 1113 2337 1174 mundo
2363 1113 2700 1197 discedens,
2722 1117 2790 1177 ad
2814 1136 2972 1195 eum,
3001 1119 3103 1196 qui
3125 1119 3247 1181 illic
3269 1128 3379 1196 est,
3414 1128 3609 1184 trans-

1972 1204 2243 1265 mittitur.
2299 1202 2463 1265 Illam
2498 1222 2633 1265 vero
2665 1205 2840 1267 etiam
2889 1216 3016 1288 post
3060 1216 3294 1289 partum
3324 1210 3614 1273 vexabant

1971 1292 2296 1367 dolores,et
2320 1292 2571 1355 acerbus
2593 1295 2888 1357 cruciatus
2925 1305 3175 1360 mortem
3212 1298 3607 1366 accelerabat.

1969 1384 2177 1442 Astans
2209 1394 2393 1440 autem
2428 1386 2689 1451 maritus,
2721 1401 2850 1444 cum
2884 1403 3142 1458 asperam
3173 1398 3226 1448 et
3264 1405 3491 1462 gravem
3525 1395 3612 1448 vi-
3704 1408 3709 1413 ‘

1973 1465 2159 1529 disset
2214 1466 2683 1547 perpessionem,
2735 1472 3120 1534 conturbatus
3182 1491 3363 1554 prope
3415 1475 3609 1537 emisit

1973 1556 2255 1620 animam.
2295 1558 2442 1619 Cum
2477 1575 2541 1618 se
2572 1566 2764 1620 autem
2798 1559 3133 1640 collegisset
3162 1580 3231 1624 ac
3258 1573 3607 1639 recreasset,

1973 1645 2160 1708 currit
2185 1646 2257 1707 ad
2290 1664 2473 1717 aram,
2505 1655 2562 1708 et
2605 1665 2733 1709 eam
2767 1648 2825 1711 in
2859 1650 3064 1712 orbem
3095 1651 3384 1725 ambiens,
3414 1654 3608 1734 lacry-

1975 1754 2100 1796 mas
2127 1735 2519 1815 profundebat
2549 1754 2619 1799 ex
2643 1737 2856 1819 oculis,
2887 1758 3061 1802 voces
3091 1740 3396 1804 emittebat
3425 1744 3608 1805 mise-

241 1825 308 1891 Ἠ
369 1831 421 1889 δὲ
453 1839 636 1889 τοῦτον
691 1833 899 1887 ἒκεῖνον
957 1830 1097 1887 εἶναι
1156 1831 1415 1905 νομίσασα
1465 1832 1556 1887 τὸν
1588 1832 1768 1908 καιρὸν
1829 1831 1887 1896 ὃς

1981 1824 2214 1900 rabiles,
2244 1835 2300 1886 et
2322 1834 2382 1886 ut
2404 1845 2579 1906 quam
2604 1826 2956 1889 citissimum
2987 1847 3019 1890 a
3049 1831 3282 1910 superis
3305 1831 3610 1894 adveniret

236 1928 310 2000 τῇ
341 1920 587 1997 ἐπιθυμίᾳ
641 1920 837 1987 ταύτης
909 1919 1149 1987 ἐπιθήσει
1202 1921 1264 1977 τὸ
1321 1920 1496 1995 τέλος,
1523 1927 1601 1994 τῷ
1644 1917 1783 1999 ἀνδρὶ
1813 1919 1888 1977 ἔτι

234 2020 319 2088 τῷ
388 2013 511 2089 ἱερῶ
573 2007 975 2089 προσεδρεύοντι
1031 2008 1362 2088 διαγγέλλων
1431 2008 1634 2090 φράξει,
1697 2009 1732 2077 ἦ
1790 2008 1885 2083 μὲν

240 2105 386 2177 αὒτῴ
446 2123 502 2158 τε
556 2103 654 2157 καὶ
706 2101 869 2177 ἑαυτῇ
897 2101 1170 2172 ζήσεσθαι,
1204 2101 1248 2155 εἰ
1305 2097 1461 2177 ὅρκια
1505 2100 1590 2155 καὶ
1633 2102 1883 2166 συνθῆκαι

238 2194 375 2270 πρὸς
439 2191 568 2248 Θεὸν
625 2188 860 2267 γένοιντο
923 2189 978 2244 ἐν
1033 2187 1343 2267 σωφροσύνῃ
1387 2191 1480 2246 τού
1548 2187 1737 2245 λοιποῦ
1792 2193 1885 2264 ζῇν

233 2280 593 2360 ἀμφοτέρους,
638 2279 728 2335 καὶ
795 2278 873 2354 μὴ
954 2278 1091 2335 κατὰ
1160 2279 1297 2353 βίον,
1360 2276 1497 2334 ἀλλὰ
1565 2276 1702 2334 κατᾶ
1758 2278 1888 2333 Θεὸν

240 2370 451 2448 μᾶλλον
478 2371 720 2446 βιοῦντας
765 2365 1051 2429 διατελεῖν,
1100 2368 1403 2424 Πείθεταιὸ
1452 2367 1587 2444 ἀνὴρ
1629 2378 1745 2431 τοῖς
1789 2367 1887 2432 τῆς

236 2460 491 2538 γυναικὶς
545 2460 633 2514 καὶ
664 2458 865 2534 ῥήμασι
917 2458 1004 2513 καὶ
1052 2454 1340 2535 θελήμασι,
1382 2457 1476 2513 καὶ
1532 2460 1627 2531 τῇν
1686 2453 1891 2512 ἀπολοη

242 2550 393 2627 γίαν,
451 2546 528 2603 ὅτι
576 2545 880 2619 πέπεισται,
929 2544 1157 2601 δίδωσιν
1220 2542 1351 2620 ὅπερ
1410 2544 1586 2608 ἐκείνη
1659 2545 1891 2619 μαθοῦσα

239 2641 307 2695 τὸ
366 2640 462 2713 μὲν
492 2641 647 2711 σῶμα
695 2635 858 2712 ῥᾳων,
889 2635 984 2703 τὴν
1053 2632 1104 2690 δὲ
1137 2634 1321 2713 ψῠχήν
1352 2630 1512 2701 ἡδίων
1544 2633 1687 2695 εύθὺς
1744 2633 1890 2710 γίνε-

236 2750 352 2797 ται,
412 2726 526 2781 εἴτε
585 2731 651 2800 τῇ
700 2729 842 2802 χαρᾷ
900 2728 997 2790 τῆς
1057 2722 1216 2779 κόσου
1275 2723 1709 2802 παραχωρούσης
1780 2719 1892 2778 εἴτε

238 2818 329 2873 καὶ
378 2815 475 2883 τῆς
523 2811 632 2870 ἅνω
687 2815 868 2894 χειρὸς
943 2820 1019 2886 τῷ
1078 2819 1262 2887 σκοπῷ
1313 2812 1514 2879 ταύτης
1574 2810 1892 2890 συναιρομέ-

239 2929 358 2973 νης.

332 3179 410 3234 E’.
458 3172 609 3231 Ἐπει
663 3172 751 3230 οὖν
812 3172 995 3248 κὰιρού
1047 3172 1134 3227 καὶ
1192 3172 1470 3250 ὰκφορμῆς
1528 3167 1749 3240 ἥπτετο,
1807 3168 1957 3267 τὸνῧ

248 3263 347 3339 μὲν
407 3262 564 3319 ἄλλον
597 3270 688 3319 τοῦ
737 3260 983 3335 σώματος
1041 3260 1313 3318 ἀπετίθετο
1366 3260 1589 3333 κόσμον,
1625 3257 1785 3323 λιτῶς
1842 3279 1899 3312 τε

252 3354 349 3408 καὶ
406 3350 608 3429 ἀφελῶς
655 3350 746 3427 ξῇν
780 3348 1009 3425 ἑλομένη
1071 3352 1157 3406 καὶ
1215 3348 1348 3417 ὅλην
1405 3348 1595 3415 ἑαυτὴν
1649 3348 1777 3425 πρὸς
1808 3348 1897 3403 τὸν

256 3443 366 3497 ἔσω
405 3446 489 3507 τῆς
547 3439 725 3520 ψυχῆς
758 3439 959 3513 κόσμον
1018 3440 1280 3517 τρέψασαν
1330 3438 1386 3494 ἐν
1443 3437 1675 3511 τυσούτῳ
1704 3435 1756 3493 δὲ
1813 3436 1897 3491 καὶ

251 3531 319 3587 τὸ
377 3534 470 3596 τῆς
499 3529 772 3606 παρθενίας
832 3527 995 3593 αύτῆς
1051 3525 1219 3599 ἔρνος,
1253 3530 1289 3597 ἡ
1345 3529 1422 3600 τῷ
1452 3532 1566 3600 Θεῷ
1619 3525 1895 3603 εῗεραθεϊσα

248 3619 507 3698 θυγάτηρ,
566 3620 657 3674 τὸν
730 3619 949 3673 ενταῦθα
1024 3617 1137 3692 βίον
1201 3614 1529 3674 ἀπολιποῦσα
1604 3616 1734 3691 πρὸς
1809 3614 1901 3668 τὸν

246 3709 518 3788 ἐργαστὴν
579 3708 710 3764 Θεὸν
761 3705 1117 3780 μετατίθεται.
1182 3705 1387 3771 Ταύτης
1445 3707 1472 3760 ὃ
1503 3704 1725 3767 θάνατος
1775 3701 1900 3778 βελ-

247 3813 366 3856 τιοϊ
406 3800 497 3855 τὸν
557 3795 716 3876 ἄνδρα
764 3796 831 3852 τὰ
889 3792 982 3851 ἴσα
1040 3814 1095 3850 τε
1152 3806 1366 3873 φρονεῖν
1430 3794 1511 3849 καὶ
1580 3792 1678 3858 τὴν
1736 3790 1900 3854 αὒτὴν

246 3888 450 3946 ὁδεύειν
523 3893 591 3962 τῇ
672 3884 885 3961 Μελάνῃ
945 3883 1351 3961 παρασκευάζει,
1424 3881 1732 3942 ’Υποθέντες
1815 3879 1901 3935 οὖν

242 3976 540 4056 ἀμφότεροι
572 3974 785 4037 ἑαυτοὺς
816 3994 892 4045 τῳ
942 3980 1035 4030 τοῦ
1067 3972 1202 4026 κατὰ
1254 3971 1384 4026 Θεὸν
1416 3969 1527 4044 βίου
1572 3968 1733 4044 ζυγῷ,
1767 3988 1902 4044 προ-

248 4068 436 4140 θύμως
502 4063 689 4121 εἷλκον
754 4062 853 4129 τὴν
912 4061 1103 4138 ἀρετὴν
1162 4058 1415 4129 ἀλλήλοις
1464 4056 1900 4133 διαμιλλώμενοι,

246 4155 512 4218 Ἐκείνοις
591 4153 688 4228 μὲν
766 4150 853 4206 οὖν
912 4153 946 4219 ἡ
1006 4151 1212 4230 mpm-ci;
1298 4149 1365 4217 ἦν
1419 4146 1597 4203 τέλεον
1681 4146 1904 4223 ῥαγῆναι

244 4244 461 4318 κόσμου
506 4243 722 4313 παντὸς,
751 4241 838 4297 καὶ
897 4247 1012 4310 Θεῷ
1071 4239 1286 4303 ἑαυτοὺς
1344 4238 1612 4294 ἀναθεῖναι
1668 4238 1755 4293 καὶ
1809 4236 1906 4312 βὲῳ

243 4335 345 4392 καὶ
400 4355 467 4408 σγ
485 4332 643 4407 ἤματι
704 4332 768 4386 τὰ
824 4336 932 4386 τῶν
991 4335 1251 4407 μοναχῶν
1311 4327 1619 4402 ἔλομέννυςδ
1674 4327 1777 4381 τῶν
1851 4322 1906 4380 δὲ

241 4422 453 4501 γονέων
509 4422 586 4498 μὴ
630 4420 902 4499 ἐφιέντων,
938 4417 1134 4474 ἐκεῖνοι
1186 4424 1328 4497 φυγῇ
1377 4416 1572 4491 κλέψαι
1626 4438 1727 4482 την
1769 4415 1904 4471 ἀνα-

244 4512 498 4593 γώρησιν
548 4509 837 4585 ἐμελέτων.
902 4506 1070 4564 Ἀλλὰ
1126 4514 1282 4563 τοῦτο
1341 4507 1438 4581 μὲν
1468 4506 1600 4566 τέως
1644 4506 1677 4572 ἡ
1709 4502 1903 4560 ἄνωθεν

1971 1913 2283 1976 invocabat
2322 1915 2628 1978 auxilium.
2665 1916 2769 1980 Illa
2817 1936 2955 1979 vero
3005 1918 3286 1982 arbitrata
3314 1921 3430 1983 hoc
3479 1938 3610 1984 esse

1970 2002 2118 2064 illud
2154 2012 2413 2085 tempus,
2444 2006 2601 2087 quod
2626 2006 2803 2067 ﬁnem
2836 2008 3101 2088 imponet
3128 2010 3255 2090 ejus
3285 2008 3606 2085 desiderio,

1969 2092 2096 2154 viro
2127 2093 2227 2174 qui
2258 2093 2451 2156 adhuc
2491 2094 2796 2157 assidebat
2826 2095 2885 2158 in
2920 2096 3167 2178 templo,
3204 2118 3310 2180 per
3335 2099 3608 2163 nuntium

1971 2181 2285 2260 significat,
2323 2193 2378 2244 et
2409 2184 2627 2265 ipsum,
2653 2193 2711 2246 et
2739 2203 2804 2247 se
2830 2185 3024 2248 adhuc
3055 2205 3189 2249 esse
3219 2194 3526 2266 victuram,
3562 2189 3615 2251 si

1971 2270 2150 2332 detur
2196 2272 2640 2353 jusjurandum,
2681 2283 2741 2337 et
2784 2280 2950 2356 pacta
2979 2284 3267 2340 conventa
3311 2278 3607 2354 ineantur,

1972 2371 2244 2436 utrosque
2276 2367 2344 2423 de
2367 2376 2564 2424 caetero
2604 2368 2857 2425 victuros
2901 2383 3024 2425 esse
3062 2369 3120 2426 in
3160 2371 3527 2434 continentia.
3562 2380 3618 2430 et

1975 2468 2094 2511 non
2146 2469 2322 2531 quam
2375 2451 2655 2527 mundus,
2687 2452 2791 2515 sed
2843 2472 3019 2535 quam
3051 2454 3179 2516 vult
3226 2453 3403 2531 Deus,
3434 2459 3617 2520 vitam

1977 2559 2108 2602 esse
2144 2549 2431 2620 perpetuo
2480 2550 2742 2604 acturos.
2776 2541 2952 2604 Paret
2987 2545 3074 2605 vir
3104 2546 3305 2606 uxoris
3339 2549 3534 2609 verbis
3562 2553 3624 2609 et

1975 2630 2288 2705 voluntati,
2322 2638 2384 2690 et
2430 2631 2756 2713 respondet
2809 2631 2868 2693 id
2921 2631 3037 2694 sibi
3070 2651 3200 2695 esse
3246 2652 3617 2715 persuasum.

1977 2716 2142 2790 Quod
2163 2718 2402 2800 quidem
2433 2738 2567 2782 cum
2596 2720 2691 2781 illa
2717 2719 3079 2798 resrivisset,
3110 2740 3363 2804 corpore
3386 2725 3623 2805 quidem

1977 2827 2043 2869 se
2072 2807 2251 2870 habet
2283 2809 2518 2884 melius,
2541 2811 2740 2872 animo
2776 2818 2972 2873 autem
3010 2811 3280 2891 protinus
3311 2812 3502 2874 evadit
3529 2814 3627 2877 lm-

1973 2899 2111 2969 tior,
2149 2915 2256 2958 seu
2312 2897 2519 2961 morbo
2573 2898 2769 2961 locum
2815 2898 2996 2961 dante
3035 2900 3277 2981 laetitiae,
3312 2920 3416 2963 seu
3446 2901 3625 2965 etiam

1979 3006 2155 3049 manu
2202 3004 2460 3068 superna
2490 2988 2618 3069 ejus
2679 2988 2995 3070 adjuvante
3045 3008 3292 3072 scopum
3345 2999 3405 3054 et
3447 2991 3626 3054 insti-

1980 3083 2194 3138 tutum.

2063 3162 2135 3228 V.
2168 3166 2313 3226 Cum
2340 3183 2482 3243 ergo
2507 3172 2678 3227 nacta
2705 3175 2861 3229 esset
2885 3174 3123 3249 tempus
3145 3176 3206 3233 et
3228 3168 3626 3245 occasionem,

1983 3252 2255 3334 deposuit
2285 3254 2525 3335 quidem
2561 3255 2742 3317 alium
2778 3266 3050 3319 ornatum
3107 3259 3399 3342 corporis,
3435 3259 3634 3321 tenui-

1982 3349 2074 3406 ter
2107 3350 2164 3405 et
2193 3343 2547 3422 simpliciter
2587 3345 2786 3408 vivere
2815 3347 3210 3421 constituens,
3244 3356 3301 3409 et
3351 3355 3531 3410 totam
3564 3367 3631 3411 se

1979 3442 2336 3494 convertens
2365 3432 2434 3494 ad
2472 3434 2775 3497 internum
2809 3443 3083 3497 ornatum
3119 3436 3355 3500 animae.
3388 3439 3632 3502 Interim

1978 3531 2176 3585 autem
2212 3523 2524 3601 pulchrum
2556 3543 2791 3606 quoque
2825 3526 2956 3604 ejus
2986 3544 3231 3602 germen
3255 3526 3629 3606 virginitatis,

1985 3629 2114 3691 quae
2150 3610 2271 3672 Deo
2302 3612 2492 3673 fuerat
2521 3621 2892 3693 consecrata,
2926 3613 3073 3689 ﬁlia,
3111 3613 3371 3693 migrans
3424 3635 3492 3677 ex
3522 3616 3635 3677 hac

1983 3705 2123 3773 vita,
2157 3699 2315 3760 vadit
2358 3699 2429 3760 ad
2468 3699 2653 3761 Deum
2685 3719 2856 3762 suum
2912 3711 3260 3767 amatorem.
3298 3702 3438 3781 Ejus
3472 3722 3634 3766 mors

1988 3787 2293 3849 meliorem
2346 3796 2606 3850 mentem
2652 3789 2753 3851 dat
2804 3789 2954 3866 viro,
2995 3800 3057 3852 ut
3109 3791 3268 3852 idem
3303 3792 3459 3874 quod
3508 3794 3637 3873 ipsa

1986 3877 2219 3950 sentiat,
2254 3890 2309 3938 et
2359 3875 2563 3952 «fficit,
2600 3886 2663 3939 ut
2713 3878 2920 3940 eadem
2956 3879 3049 3941 via
3094 3879 3486 3958 ingrediatur,
3520 3901 3636 3962 qua

1988 3969 2222 4026 Melana.
2258 3968 2394 4025 Cum
2429 3970 2598 4026 ambo
2630 3984 2765 4041 ergo
2787 3986 2848 4027 se
2877 3971 3318 4042 subiunxissent
3340 3973 3480 4047 jugo
3510 3975 3637 4031 vitae

1989 4072 2056 4116 ex
2093 4052 2212 4115 Deo
2245 4053 2554 4127 ducendae,
2590 4053 2649 4114 id
2683 4062 2954 4135 prompto
2986 4063 3042 4115 et
3072 4055 3252 4116 alacri
3282 4057 3480 4118 animo
3513 4065 3633 4119 tra-

1988 4141 2427 4216 hebant,inter
2480 4160 2546 4204 se
2577 4141 2790 4204 virtute
2842 4143 3238 4208 decertantes.
3297 4144 3489 4227 Atque
3519 4146 3635 4207 illis

1990 4232 2231 4313 quidem
2278 4250 2433 4293 cura;
2461 4240 2583 4293 erat
2608 4231 2682 4294 ab
2706 4232 2981 4293 universo
3015 4234 3238 4295 mundo
3261 4236 3505 4296 omnino
3534 4254 3633 4298 se-

1990 4322 2213 4403 parari,
2252 4328 2311 4384 et
2343 4339 2409 4382 se
2438 4320 2558 4382 Deo
2589 4321 2873 4383 dedicare
2907 4342 2920 4384 :
2955 4330 3166 4383 etcum
3198 4321 3314 4384 vita
3350 4332 3405 4384 et
3431 4322 3632 4385 habitu

1991 4411 2377 4472 monasticam
2429 4410 2747 4490 elegissent
2802 4412 3314 4486 constitutionem,
3351 4421 3629 4492 parentes

1989 4512 2187 4563 autem
2217 4520 2331 4561 non
2364 4501 2805 4582 permitterent,
2832 4500 2915 4562 illi
2946 4500 3379 4563 meditabantur
3408 4521 3472 4563 se
3496 4501 3630 4582 fuga

242 4583 425 4679 εἷ’ργει
484 4583 623 4681 χείρ’
681 4598 972 4676 εὖφροσύνη
1035 4594 1089 4651 δὲ
1147 4597 1255 4652 θεία
1327 4596 1426 4661 τὴν
1487 4593 1660 4660 λύπην
1718 4593 1896 4654 αὐτοῖς

1988 4590 2325 4651 subducere
2356 4610 2371 4664 ;
2404 4589 2506 4650 sed
2541 4590 2655 4651 hoc
2685 4589 2925 4670 quidem
2952 4598 3092 4651 tunc
3126 4608 3336 4651 manus
3356 4589 3630 4670 prohibet

243 4693 474 4752 διαλύει.
525 4699 698 4752 Ταῦτα
748 4691 848 4768 γὰρ
895 4687 1367 4761 διασκοπουμένοις
1419 4688 1604 4750 νυκτὸς
1664 4685 1903 4768 ἐπιγενοέ

245 4784 448 4861 μένης,
494 4780 677 4841 εὐωδία
738 4800 814 4844 τις
878 4779 1067 4841 αὖτοὺς
1125 4776 1347 4855 ἅρῤητος
1400 4776 1488 4832 καὶ
1530 4772 1768 4847 οὖράνιος
1821 4767 1906 4830 καὶ

246 4874 356 4933 οἶα
413 4870 594 4947 μηδενὶ
663 4869 845 4937 ληπτὴ
924 4867 1121 4923 ἄνωθεν
1195 4862 1615 4938 κατελάμϐανεν,
1676 4862 1908 4928 ἐξαίσιόν

244 4984 378 5020 τινα
434 4962 597 5029 πνοήν
674 4956 870 5026 ἡδονῆς
959 4952 1327 5032 προϐάλλουσα
1395 4958 1491 5007 καί
1563 4952 1661 5018 τὴν
1724 4951 1908 5030 ψυχὴν

249 5049 520 5108 ἂλύουσαν
575 5051 662 5104 καὶ
721 5044 1149 5118 συστελλομένην
1229 5044 1301 5105 εἷς
1361 5042 1533 5121 χαρὰν
1590 5042 1734 5104 εύθὺς
1789 5038 1907 5094 δισί-

248 5140 487 5221 χέουσα.
562 5136 819 5201 Τοιαύτης
891 5135 1114 5213 χάριτος
1170 5132 1265 5195 τὰς
1339 5131 1520 5209 ψυχὰς
1589 5128 1909 5194 πλησθέντες

247 5211 447 5304 ἔμενον
483 5228 618 5284 οὕτω
648 5224 846 5306 χαλινὰ
881 5224 1050 5279 πάντα
1093 5226 1189 5287 τῆς
1220 5225 1362 5292 ζωῆς
1426 5226 1502 5292 τῷ
1534 5218 1648 5291 Θεῷ
1694 5215 1906 5292 ἐπιτρέ-

250 5326 457 5397 ψαντες
518 5304 701 5373 ὁποίαν
752 5315 906 5377 αὑτὸς
966 5309 1081 5389 ἄγει
1144 5311 1228 5366 καὶ
1281 5309 1424 5373 ὅπως
1464 5304 1701 5384 ἄγεσθαι,
1764 5304 1907 5360 Μετὰ

253 5394 452 5485 μικρὸν
509 5405 595 5463 οὖν
625 5404 822 5460 ἐκείνου
884 5402 1162 5463 νεύσαντος
1223 5398 1529 5473 μεθίσταται
1579 5396 1678 5471 μὲν
1722 5394 1906 5456 αὐτοῖς

257 5482 289 5556 ί)
345 5482 442 5565 τῆς
474 5495 717 5560 Μελάνης
763 5493 962 5569 πατήρ·
1011 5493 1059 5546 οἱ
1091 5488 1145 5545 δὲ
1192 5486 1428 5545 ἐκποδὼν
1464 5495 1555 5544 τοῦ
1612 5482 1907 5548 κωλύοντος

258 5587 575 5667 γενομένου,
630 5583 717 5641 ὅτε
786 5581 851 5650 δὴ
906 5587 984 5655 τῷ
1056 5582 1171 5653 Θεῷ
1241 5576 1436 5656 ἐδόκει,
1481 5578 1569 5632 καὶ
1631 5577 1658 5631 ὁ
1727 5576 1907 5651 καιρὸς

258 5661 465 5753 ἐκάλει,
527 5673 714 5738 εὐθέως
771 5693 868 5752 μεν
902 5675 1002 5739 τῆς
1046 5666 1290 5749 μεγάλης
1344 5664 1651 5747 ἐξέρχονται
1700 5661 1908 5729 πόλεως

1989 4695 2259 4751 superna,
2290 4681 2476 4737 divina
2514 4691 2699 4736 autem
2731 4681 2920 4737 laetitia
2952 4681 3033 4737 eis
3056 4695 3358 4738 mm'orem
3394 4684 3624 4740 excutit.

1990 4768 2141 4829 Dum
2192 4766 2266 4826 de
2314 4765 2405 4826 his
2455 4764 2614 4825 enim
2668 4765 3092 4840 consultarent,
3127 4773 3415 4847 sequente
3458 4775 3631 4830 nocte

1992 4854 2187 4916 suavis
2207 4853 2446 4934 quidam
2472 4853 2621 4914 odor
2638 4861 2697 4914 et
2726 4853 2899 4934 plane
2922 4853 3202 4934 caelestis,
3225 4863 3282 4914 et
3312 4856 3409 4934 qui
3435 4873 3631 4937 neque

1993 4943 2189 5005 verbis
2245 4941 2522 5023 exprimi,
2557 4960 2749 5021 neque
2798 4949 2996 5003 mente
3020 4942 3263 5020 cogitari
3308 4948 3523 5023 potest,
3554 4945 3628 5006 ad

1995 5051 2097 5094 eos
2146 5032 2307 5093 venit
2357 5050 2388 5092 ιι
2428 5030 2683 5111 superis,
2714 5030 2815 5109 qui
2848 5030 3261 5092 admirabilem
3313 5031 3627 5110 quemdam

1997 5122 2307 5202 voluptatis
2338 5119 2611 5200 spiritum
2641 5124 2728 5179 eis
2768 5117 2982 5192 attulit,
3020 5125 3077 5178 et
3106 5119 3204 5198 qui
3230 5118 3469 5180 tristitia
3497 5121 3625 5181 atii-

1993 5210 2260 5272 ciebatur
2294 5216 2351 5269 et
2382 5207 2856 5277 contrahebatur,
2889 5205 3152 5267 animum
3206 5206 3476 5286 protinus
3507 5207 3624 5268 dif-

1990 5299 2140 5362 fudit
2171 5299 2239 5360 ad
2275 5298 2558 5360 laetitiam.
2591 5297 2737 5359 Cum
2772 5296 2867 5357 tali
2901 5295 3089 5375 gratia
3120 5295 3347 5375 impleti
3377 5294 3627 5358 fuissent

1991 5406 2197 5452 eorum
2260 5385 2465 5459 animi,
2526 5384 2843 5447 manebant
2895 5385 3003 5458 sic,
3062 5389 3258 5446 omnia
3314 5383 3443 5445 vita
3503 5403 3625 5447 sua;

1990 5479 2160 5543 frena
2215 5479 2338 5540 Deo
2391 5474 2825 5557 permittentes,
2862 5483 2924 5536 ut
2978 5473 3342 5536 ducerentur
3396 5492 3512 5554 quo
3564 5482 3625 5537 et

1993 5566 2291 5650 quomodo
2313 5566 2514 5628 vellet.
2544 5563 2688 5629 Cum
2714 5563 2813 5626 ille
2841 5581 2982 5642 ergo
3016 5562 3186 5643 paulo
3218 5569 3347 5642 post
3373 5562 3623 5650 annuisg

1994 5648 2108 5741 set,
2132 5656 2219 5720 eis
2245 5654 2487 5739 quidem
2530 5672 2564 5718 e
2591 5652 2734 5716 vivis
2773 5649 3003 5715 excedit
3030 5649 3276 5715 Melanae
3297 5656 3483 5731 pater.
3529 5648 3621 5713 llli
