4022 6146
397 288 518 357 759
1720 289 2001 354 MENSIS
2041 290 2062 352 l

2150 288 2467 352 GEMBER.
2754 324 2765 335 -
3657 289 3786 355 760

400 438 623 505 autem,
685 444 819 491 cum
881 435 1111 492 amotus
1168 438 1325 491 esset
1377 427 1450 503 is,
1507 428 1609 508 qui
1668 426 2045 510 prohibebat,

2150 426 2356 485 ἱστικὴν
2442 422 2774 505 πολυοχλίαν
2832 425 2925 481 καὶ
3008 423 3252 504 θορύϐους
3331 425 3784 503 ἆποποιούμενοι*

403 520 643 603 quando
675 519 796 582 Deo
851 519 1041 582 visum
1074 526 1232 581 esset
1281 527 1335 580 et
1369 526 1603 596 tempus
1627 519 1895 598 vocabat,
1930 526 2048 580 sta-

2150 515 2422 595 τροάστεια
2476 512 2532 568 δὲ
2574 514 2761 579 αὐτοὺς
2810 512 3129 595 ὑποδέχεται
3190 517 3405 597 χρηστά
3432 539 3489 573 τε
3544 516 3790 594 ἐμφιλο-

401 609 510 673 tim
566 608 806 690 quidem
866 614 1149 671 exeunte
1202 625 1412 687 magna
1465 607 1724 683 civitate,
1759 606 2050 670 urbanam

2150 604 2360 687 ιοφῆσαι
2418 604 2506 660 καὶ
2536 604 2665 680 πρὸς
2721 604 2949 684 ἡσυχίαν
2991 603 3302 671 ἐπιτηδείως
3349 604 3567 687 ἔχοντα.
3619 606 3790 664 ’Πλι-

404 698 847 762 multitudinem
882 705 940 759 et
993 697 1275 759 tumultus
1323 696 1520 758 valere
1562 697 1891 777 jubentes:
1948 715 2051 759 eos

2150 696 2220 753 ιία
2265 691 2318 750 δὲ
2351 693 2577 767 τούτοις,
2610 690 2698 749 ὅτε
2742 706 2857 756 τοῖς
2887 698 2985 760 τῆς
3028 693 3311 773 ἱσαγγέλου
3340 696 3535 763 ταύτης
3592 696 3791 774 ἀπήρ-

402 806 543 851 vero
595 788 895 865 excipiunt
924 785 1264 849 suburbana
1310 785 1624 848 commoda
1653 785 1725 847 ad
1780 786 2048 866 philoso-

2150 806 2297 865 (οντο
2354 781 2648 855 πολιτείας,
2685 783 2712 839 ὁ
2764 782 2862 858 μὲν
2891 783 3153 864 τεττάρων
3209 784 3376 840 ἒτέλει
3406 786 3493 843 καὶ
3546 786 3793 858 εἴκουσι,

406 877 733 958 phandum,
763 885 821 939 et
848 883 983 958 arta
1011 875 1083 937 ad
1118 877 1402 957 quietem.
1437 874 1537 936 Eis
1565 887 1789 956 autem,
1815 877 2049 955 quando

2150 879 2200 950 ;ᾖ
2229 871 2283 929 δὲ
2325 873 2386 929 τὸ
2430 872 2663 928 εἰκοστὸν
2714 871 2901 939 ἠνύετο
2957 870 3096 953 ἔτος,
3159 872 3247 929 ὅτε
3304 873 3368 943 δὴ
3410 875 3495 932 καὶ
3546 875 3797 951 μάλιστα

402 967 557 1029 hanc
603 967 933 1048 angelicam
993 966 1349 1045 inceperunt
1407 966 1538 1026 vitae
1590 964 1865 1044 formam,
1911 974 2053 1026 aatas

2150 963 2320 1029 ιεότης
2354 959 2470 1019 οἶδε
2502 960 2714 1034 λύττᾷν.

402 1064 550 1133 erat,
583 1057 899 1136 Apeniano
931 1055 1172 1136 quidem
1208 1065 1462 1134 quatuor
1491 1063 1549 1118 et
1580 1054 1785 1135 viginti
1816 1071 2106 1117 annorum
2148 1072 2163 1118 :
2191 1050 2439 1114 Melanae
2469 1057 2665 1112 autem
2699 1049 2924 1133 viginti,
2954 1070 3069 1133 quo
3100 1058 3368 1135 tempore
3399 1054 3490 1117 vel
3523 1053 3798 1117 maxima

401 1145 554 1208 solet
583 1146 750 1208 rabie
780 1145 987 1225 agitari
1020 1143 1446 1208 adolescentia.

482 1234 582 1299 Vl.
616 1235 724 1299 Illa
752 1254 894 1299 vero
928 1242 986 1296 et
1016 1234 1179 1296 omni
1233 1244 1408 1298 utens
1438 1233 1738 1310 cautione,
1773 1252 1838 1295 se
1891 1231 2057 1295 valde

402 1324 643 1407 gerebat
703 1324 1138 1406 philosophice,
1173 1332 1232 1386 et
1286 1324 1346 1385 in
1378 1323 1472 1386 his
1506 1335 1636 1386 erat
1667 1322 1879 1385 marito
1939 1341 2055 1384 non

399 1415 725 1496 injucunda
745 1414 1025 1496 adjutrix.
1056 1412 1214 1486 Quin
1236 1412 1411 1474 etiam
1437 1413 1488 1474 si
1522 1411 2055 1493 videbatjuvenem

401 1506 475 1567 ab
509 1516 781 1568 accurata
828 1511 887 1565 et
916 1503 1175 1585 perfecta
1220 1502 1349 1564 vita:
1380 1504 1571 1565 forma
1622 1501 2052 1581 declinantem,

402 1612 539 1656 eum
567 1593 868 1676 sapienter
889 1591 1319 1672 corrigebat,et
1340 1592 1412 1653 ad
1432 1591 1711 1671 pietatem
1738 1589 2051 1667 dirigebat,

2219 1230 2321 1307 ς’.
2378 1230 2446 1288 Ἠ
2477 1227 2532 1286 δὲ
2583 1231 2672 1288 καὶ
2702 1230 2849 1308 πάσῃ
2880 1230 3088 1312 φυλακῇ
3144 1234 3403 1314 χρωμένη
3435 1234 3550 1291 λίαν
3581 1257 3643 1291 τε
3693 1237 3795 1292 αύ-

2140 1322 2240 1390 τήν
2297 1320 2601 1401 φιλοσόφως
2656 1320 2781 1398 ἧγε,
2828 1324 2916 1377 καί
2970 1323 3048 1397 τῷ
3117 1323 3259 1401 ἀνδρὶ
3315 1324 3380 1381 τά
3432 1345 3494 1402 γε
3565 1331 3799 1382 τοιαῦτα

2140 1411 2334 1487 βοηθὸς
2391 1407 2557 1473 ὄντως
2602 1411 2696 1466 οὐκ
2726 1408 2922 1490 ἄχαρις
2949 1410 3036 1479 ἦν’
3084 1410 3203 1469 ἀλλ’
3234 1412 3288 1469 εἴ
3341 1415 3391 1470 τί
3420 1436 3520 1471 που
3566 1415 3663 1469 καὶ
3706 1416 3800 1470 τὸν

2139 1499 2256 1557 νέον
2340 1499 2480 1577 ἑώρα
2568 1497 2983 1577 παρεκκλίνοντα
3068 1506 3166 1567 τῆς
3245 1499 3533 1582 ἀκριϐείας,
3607 1508 3797 1582 σοφῶς

2139 1587 2469 1667 ἐπηνώρθου,
2502 1590 2589 1644 καὶ
2626 1590 2754 1653 πνὸς
2798 1590 2859 1644 τὸ
2913 1587 3120 1654 εὐσεϐὲς
3179 1589 3344 1653 ἴθυνε.
3405 1598 3483 1668 Τῇ,
3542 1592 3661 1666 μὴν
3696 1593 3797 1670 γὰρ

402 1682 551 1746 Nam
605 1674 694 1747 illi
724 1683 967 1761 quidem
1018 1682 1168 1745 nihil
1218 1689 1393 1743 tantae
1444 1690 1570 1742 erat
1616 1698 1796 1761 curre,
1826 1688 2060 1760 quantas

2150 1675 2285 1734 οὐδὲν
2343 1675 2510 1740 οὕτως
2570 1674 2756 1751 ἕμε)εν
2810 1678 2883 1740 ὡς
2942 1679 3002 1734 τὸ
3056 1676 3283 1753 μηδενὸς
3346 1684 3479 1757 αὐτῇ
3507 1686 3613 1737 τῶν
3678 1682 3799 1759 περὶ

403 1773 556 1835 nihil
580 1792 652 1836 ea
684 1790 918 1845 curare,
953 1790 1086 1852 quae
1124 1770 1196 1833 ad
1230 1789 1446 1850 corpus
1481 1768 1896 1851 pertinebant:
1938 1769 2057 1829 imo

2150 1768 2200 1824 τὸ
2262 1766 2420 1841 σῶμα
2488 1763 2691 1841 μέλειν,
2755 1765 2959 1842 μᾶλλον
3011 1766 3066 1823 δέ
3108 1770 3181 1827 ὡς
3229 1770 3290 1825 τὸ
3345 1770 3433 1826 καὶ
3487 1775 3668 1850 τροφῇ
3710 1773 3798 1827 καὶ

406 1879 551 1925 vero
573 1870 631 1925 et
661 1861 795 1924 cibo
819 1869 877 1924 et
901 1870 1060 1923 veste
1093 1870 1150 1923 et
1179 1859 1343 1921 omni
1373 1860 1601 1921 ratione
1629 1859 1927 1921 ﬂammam
1951 1858 2056 1937 ju-

2150 1854 2307 1933 στολῇ
2369 1855 2456 1910 καὶ
2523 1853 2740 1935 πλάσει,
2799 1855 3050 1923 νεότητος
3119 1855 3293 1937 φλόγα
3362 1855 3659 1915 σϐεννύεινθ
3706 1860 3798 1915 τὸν

405 1953 667 2015 ventutis
724 1950 1125 2031 exstinguere.
1178 1947 1323 2012 Cum
1374 1947 1539 2010 illum
1585 1957 1781 2010 autem
1835 1947 2060 2010 videret

2150 1944 2195 2003 Ξέ
2249 1947 2423 2023 ὁρῶσα
2451 1943 2527 2000 ἔτι
2585 1942 2789 2020 κόσμου
2817 1943 3105 2024 περιϐολης
3164 1947 3248 2003 καὶ
3279 1949 3500 2022 ἱματίων
3556 1948 3794 2012 κάλλους

407 2046 650 2105 amictus
683 2053 950 2103 ornatum
983 2048 1041 2101 et
1070 2045 1316 2101 vestiam
1351 2042 1837 2110 pulchritudinem
1870 2040 2057 2097 adhuc

2150 2034 2614 2111 μεταποιούμενον,
2649 2038 2746 2093 οὐκ
2802 2032 3028 2093 ἐπαύετο
3071 2043 3227 2093 τοῦτο
3277 2036 3375 2112 μέν
3430 2038 3791 2115 παραιθοῦσα,

406 2129 716 2212 amplecti,
744 2148 862 2191 non
900 2127 1169 2192 cessabat
1204 2127 1417 2208 partim
1443 2126 1681 2209 quidem
1705 2125 2055 2206 admonere,

2150 2131 2292 2182 τοῦτο
2332 2122 2386 2180 δέ
2442 2124 2528 2180 καὶ
2571 2121 2819 2199 ἐμμελῶς
2879 2128 3200 2182 σκώπτουσα
3254 2124 3352 2188 ἕως
3392 2126 3620 2201 ἀμελεῖν
3686 2133 3792 2184 τῶν

407 2211 623 2303 partim
659 2239 796 2283 vero
829 2219 976 2283 scite
1008 2237 1246 2300 quoque
1295 2226 1355 2279 et
1384 2227 1520 2298 apte
1554 2214 1833 2294 irridere,
1866 2214 2059 2277 donec

2150 2216 2392 2273 τοιούτων
2446 2214 2534 2270 καὶ
2578 2211 2882 2292 φιλοσόφως
2940 2213 3087 2294 ἔχειν
3143 2216 3231 2272 καὶ
3278 2218 3398 2294 περὶ
3452 2218 3585 2276 αὔτα
3649 2240 3793 2294 παρ-

409 2299 630 2386 eﬂ'ecit,
658 2317 721 2371 ut
751 2308 812 2370 in
843 2309 937 2370 bis
967 2299 1039 2370 se,
1060 2316 1297 2387 gereret
1330 2305 1765 2387 pllilOSOpthB-
1802 2306 1874 2368 lit
1904 2305 2055 2368 alio-

2150 2311 2439 2376 εσκεὺαζεν.
2504 2303 2602 2361 Καὶ
2632 2299 2808 2368 ἄλλως
2869 2301 2925 2359 δὲ
2982 2301 3175 2383 ὁδηγὸς
3206 2306 3274 2372 ἦν
3328 2306 3362 2374 ἡ
3396 2304 3614 2374 Μελὰνη
3664 2309 3795 2384 πρὸς

408 2400 507 2482 qui
529 2400 763 2479 conjugi
785 2398 900 2461 dux
923 2408 1056 2460 erat
1083 2396 1312 2460 Melana
1333 2397 1406 2459 ad
1433 2396 1731 2478 pietatem,
1759 2414 1891 2457 cum
1914 2394 2054 2470 Eva,

2150 2391 2440 2451 θεοσέϐειαν
2508 2397 2611 2482 τῷ⁸
2656 2394 2860 2470 συζύγῳ
2931 2391 2993 2451 ἐκ
3067 2391 3352 2473 διαμέτρου
3425 2417 3482 2451 τε
3542 2402 3615 2463 τῆ
3697 2396 3795 2469 Εὕα

405 2488 566 2567 quod
615 2488 691 2551 ad
724 2487 895 2550 illum
954 2486 1269 2568 attinebat,
1305 2504 1573 2567 pugnans
1620 2504 1692 2547 ex
1743 2484 2055 2547 diametro.

407 2576 525 2641 Eos
573 2578 759 2653 enim,
793 2576 895 2658 qui
948 2575 1331 2656 tegrotabant,
1364 2574 1532 2636 adire
1591 2581 1649 2636 et
1690 2573 1969 2653 invisere,
2006 2582 2064 2635 et

409 2667 783 2730 curationem
846 2665 1161 2744 adhibere,
1193 2674 1250 2725 et
1304 2663 1748 2743 peregrinantes
1799 2661 2063 2741 hospites

412 2774 620 2817 mensa
666 2753 967 2834 accipere,
1004 2763 1063 2814 et
1114 2751 1330 2813 viatico
1362 2770 1464 2813 eos
1494 2750 1738 2821 donare,
1773 2769 1807 2812 a
1835 2748 2064 2812 Melana

410 2843 735 2906 docebatur
788 2840 1057 2904 maritus.
1093 2839 1236 2914 Quae
1289 2839 1526 2921 quidem
1562 2839 1736 2902 ambo
1787 2840 2065 2902 similiter

409 2931 732 3007 faciebant,
768 2938 827 2992 et
854 2928 1098 2992 obibant
1130 2938 1194 2992 ut
1237 2948 1590 2992 communes
1639 2937 1972 2993 servatores
2004 2939 2062 2992 et

412 3021 850 3084 benefactores.
887 3020 1216 3101 custodias,
1241 3019 1372 3082 loca
1401 3019 1681 3100 relegatis
1713 3019 2058 3101 constituta,

412 3127 686 3174 carceres
734 3119 791 3172 et
821 3110 1162 3190 ergastula:
1218 3128 1320 3171 eos
1369 3109 1633 3191 quidem,
1669 3109 1770 3191 qui
1825 3115 2065 3189 propter

413 3200 670 3296 inopiam
704 3198 1479 3296 detinebantur,_sol_ventes
1511 3221 1522 3262 :
1561 3199 1663 3296 qui
1693 3206 1891 3296 autem
1930 3216 2063 3277 pro—
2082 3246 2123 3296 ο

416 3297 547 3370 pter
568 3289 824 3370 aliquam
859 3286 1033 3350 aliam
1067 3287 1478 3350 retinebantur
1510 3287 1926 3366 calamitatem,
1959 3305 2065 3348 eos

416 3387 476 3443 et
508 3378 706 3459 reipsa
735 3387 795 3440 ct
826 3377 1021 3440 verbis
1052 3377 1447 3440 consolantes.
1486 3376 1594 3439 Via
1623 3385 1817 3439 autem
1855 3395 2066 3457 proce-

416 3469 651 3548 dentes,
686 3467 949 3550 reliquas
993 3486 1231 3549 quoque
1277 3466 1590 3530 facultates
1631 3466 1882 3530 vendere
1912 3466 2068 3527 inci-

413 3559 599 3641 pient,
631 3558 782 3621 alios
832 3557 1072 3639 quidem
1099 3576 1169 3619 ex
1206 3558 1563 3638 pauperibus
1601 3557 1884 3619 facientes
1916 3557 2069 3617 divi-

413 3647 660 3723 tes,sibi
688 3667 823 3710 vero
855 3646 1003 3710 nihil
1040 3645 1199 3710 aliud
1233 3657 1678 3723 consecrantes,
1706 3665 1881 3727 quam
1915 3644 2063 3707 nihil

409 3737 653 3816 habere,
689 3746 748 3801 et
770 3737 962 3801 solum
994 3755 1236 3818 sperare
1268 3744 1328 3799 in
1364 3738 1708 3801 Dominum.

489 3827 765 3902 VlIl.Qui
791 3836 991 3891 autem
1024 3825 1351 3891 benefactis
1378 3845 1619 3907 semper
1639 3826 1978 3901 insidiatur,
2008 3833 2066 3887 et

409 3917 697 3981 adversus
730 3916 1082 3997 quemlibet,
1110 3917 1211 3997 qui
1235 3915 1374 3977 boni
1395 3916 1618 3994 aliquid
1644 3915 1808 3993 facit,
1839 3915 2061 3977 bellum

407 4006 659 4089 suscipit
680 4005 754 4069 ab
785 4006 980 4080 initio,
1008 4025 1126 4068 non
1160 4006 1394 4069 sinebat
1424 4007 1759 4087 quiescere,
1786 4006 1892 4067 sed
1925 4023 2064 4084 grao

410 4114 539 4156 vem
568 4099 799 4170 quidem
829 4100 1103 4157 adversus
1134 4113 1258 4156 eam
1284 4101 1611 4157 machinam
1641 4097 1923 4168 Apeniani
1954 4100 2067 4154 ira-

411 4193 561 4246 trem
613 4184 892 4246 admovet
947 4181 1260 4261 Severum,
1316 4201 1421 4264 per
1464 4201 1642 4263 quem
1694 4180 2068 4243 existimabat

409 4292 542 4336 sese
564 4272 755 4336 solide
786 4292 995 4336 eorum
1029 4272 1245 4335 mentis
1279 4271 1485 4334 turrim
1516 4290 1647 4333 esse
1678 4268 2065 4331 labefactatu-

409 4380 565 4425 rum.
605 4363 981 4444 Apenianum
1016 4371 1216 4425 autem
1273 4360 1457 4423 fuisse
1488 4358 1734 4421 Melana)
1763 4358 2065 4441 maritum,

407 4456 685 4532 superius
729 4451 1054 4514 declaravit
1083 4453 1300 4512 oratio.
1334 4450 1441 4512 Hic
1472 4466 1612 4527 ergo
1661 4448 1916 4510 Severus
1949 4450 2064 4508 im-

2142 2486 2272 2560 πρὸς
2328 2482 2536 2540 ἐκεῖνον
2592 2479 2924 2556 διακειμένη·
2984 2484 3045 2539 τὸ
3102 2484 3203 2562 γὰρ
3251 2492 3532 2551 νοσοῦντας
3587 2487 3792 2563 περιιέ-

2143 2595 2227 2628 ναι
2283 2572 2371 2629 καὶ
2401 2574 2474 2635 ὡς
2533 2571 2805 2650 ἐγγωροῦν
2863 2573 3168 2650 θεραπεύειν
3223 2574 3344 2639 τοῦς
3401 2573 3792 2651 ἐπιδημοῦντας

2141 2683 2199 2719 τε
2255 2662 2361 2718 τῶν
2418 2659 2598 2735 ξένων,
2645 2659 2908 2739 τραπέζης
2955 2661 3129 2727 ἀξιοῦν
3182 2664 3269 2721 καὶ
3325 2662 3548 2742 ἐφοδίοις
3594 2664 3791 2743 δωρεῖ-

2144 2754 2283 2823 σθαι,
2347 2749 2595 2817 Μελάνης
2684 2751 2813 2827 πρὸς
2872 2752 2964 2807 τὸν
3036 2750 3194 2828 ἄνδρα
3262 2750 3600 2829 διδασκαλία,
3662 2754 3790 2832 ἅπερ

2144 2841 2349 2918 ἀμφοῖν
2407 2861 2464 2895 τε
2522 2840 2719 2914 ὁμοίως
2778 2839 3086 2915 ἐπράττετο,
3135 2845 3224 2898 καὶ
3278 2844 3569 2921 περιῄεσαν
3626 2847 3785 2901 κοινοὶ

2144 2930 2381 3008 σωτῆρές
2438 2931 2524 2986 καὶ
2579 2930 2846 3009 εὐεργέται
2895 2929 3155 3010 φυλακὰς,
3188 2933 3489 3010 ὑπερορίας,
3522 2933 3787 3011 μέταλλα,

2144 3020 2262 3084 τοὺς
2314 3018 2410 3094 μέν
2464 3017 2532 3075 δι’
2576 3019 2797 3095 ἀπορίαν
2854 3020 3251 3100 κατεχομένους
3298 3023 3577 3101 χρήμασιν
3648 3024 3788 3080 ἀπο-

2146 3108 2382 3180 λύοντες,
2444 3122 2560 3172 τοῖς
2621 3105 2677 3165 δέ
2742 3131 2982 3189 συμφορᾳ
3040 3132 3144 3167 τινι
3212 3110 3363 3190 ἑτέρᾳ
3413 3113 3792 3192 συνεχομένοις

2145 3199 2332 3266 ἱκανὴν
2387 3197 2742 3276 παράκλησιν,
2774 3200 2839 3255 τὰ
2894 3200 3025 3258 αὐτὰ
3080 3201 3168 3256 καὶ
3219 3201 3341 3264 τοὺς
3372 3199 3565 3279 λόγους
3622 3224 3792 3279 προσ-

2148 3288 2419 3368 φέροντες,
2481 3288 2585 3361 ὀδῷ
2642 3284 2697 3343 δέ
2750 3288 3045 3367 πρωίόντες
3104 3293 3195 3347 καί
3261 3291 3326 3346 τὰ
3383 3289 3634 3348 ἐπίλοιπα
3691 3296 3791 3358 τῆς

2150 3380 2328 3439 οὐσίας
2379 3375 2653 3434 διαπολεῖν
2715 3376 2993 3457 ἄρχονται,
3039 3378 3163 3442 τοὺς
3222 3379 3316 3453 μέν
3348 3376 3540 3443 ἄλλους
3569 3380 3623 3446 ἒξ
3652 3381 3796 3438 ἀπό-

2152 3489 2257 3543 ρων
2333 3467 2584 3544 εὖπόρους
2668 3470 2964 3538 ποιοῦντες,
3022 3467 3233 3532 ἑαυτοῖς
3288 3467 3342 3524 δέ
3418 3480 3795 3548 συντηροῦντες

2155 3554 2300 3613 οὐδέν
2332 3554 2464 3613 ἀλλο
2509 3555 2543 3625 ἢ
2600 3560 2660 3613 τὸ
2694 3555 2862 3632 μηδέν
2933 3555 3079 3637 ἔχειν
3111 3558 3196 3615 καὶ
3252 3558 3308 3613 τὸ
3337 3556 3513 3633 μόνως
3564 3557 3795 3631 ἐλπίζειν

2147 3646 2231 3704 ἐπὶ
2251 3647 2344 3702 τὸν
2376 3647 2479 3724 Κύρ
2491 3669 2589 3709 ιον,

2226 3824 2304 3883 Z’.
2364 3824 2422 3884 ’0
2454 3822 2509 3880 δέ
2564 3838 2681 3887 τοῖς
2736 3825 2924 3890 καλοῖς
2982 3832 3088 3883 τῶν
3148 3826 3316 3905 ἔργων
3368 3826 3653 3909 ἐφεδρεύων
3716 3831 3797 3886 ἀεὶ

2152 3917 2237 3971 καὶ
2293 3913 2530 3989 πόλεμον
2585 3916 2722 3984 κατὰ
2773 3918 2971 3981 παντὸς
3021 3925 3115 3974 τοῦ
3157 3917 3218 3974 τὸ
3277 3918 3474 3993 ἀγαθὸν
3517 3927 3796 3983 ποιοῦντος

2151 4004 2203 4070 ἐξ
2232 4005 2408 4084 ἀρχῆς
2466 4004 2720 4080 ἁρέμενος
2750 4006 2973 4084 ἠρεμεῖν
3026 4011 3122 4065 οὒκ
3151 4006 3264 4087 εἴα,
3296 4005 3432 4064 ἄλλα
3472 4006 3640 4065 δεινὸν
3700 4007 3795 4083 μέν

2149 4098 2331 4156 αὐτοῖς
2389 4099 2698 4172 μηχάνημα
2747 4097 2837 4151 τὸν
2896 4094 3115 4153 ἀδελκὸν
3182 4095 3501 4157 Ἀπενιανοῦ
3559 4103 3792 4176 Σευῆρον

2149 4184 2428 4261 προσάγει,
2462 4180 2528 4239 δι’
2564 4183 2624 4240 οὗ
2653 4185 2741 4241 καὶ
2780 4182 2917 4259 ᾦενο
2947 4186 3035 4241 τὸν
3084 4190 3180 4250 τῆς
3211 4184 3426 4264 uappa;
3457 4191 3627 4246 αὐτῶν
3657 4187 3793 4264 γνώ-

2149 4295 2258 4348 μης
2317 4285 2632 4329 κατασεῖσαι
2702 4275 2919 4351 πύργον.
2979 4274 3294 4333 Ἀπενιανὸν
3341 4273 3397 4331 δέ
3439 4275 3598 4355 ἄνδρα
3652 4276 3793 4333 εἶναι

2151 4356 2398 4425 Μελάνης
2457 4359 2485 4415 ὁ
2544 4357 2704 4437 λόγος
2780 4362 2980 4440 φθάσας
3038 4362 3345 4442 ἐγνώρισεν.
3410 4372 3574 4428 Οὗτος
3628 4371 3717 4421 οὖν
3765 4364 3793 4419 ὁ

2153 4453 2385 4526 Σευῆρος
2419 4447 2717 4524 διεψεύδετο
2748 4451 2848 4517 τὴν
2891 4450 3044 4531 φύσιν
3088 4459 3156 4529 τῇ
3188 4455 3400 4530 γνώμῃ,
3437 4455 3524 4510 καὶ
3580 4455 3609 4510 ὀ
3638 4451 3792 4509 ἀδελ-

409 4539 595 4619 proba
618 4547 820 4602 mente
851 4538 1287 4601 ementiebatur
1308 4550 1582 4600 naturam
1612 4551 1626 4598 :
1666 4545 1872 4599 etcum
1908 4547 2062 4601 esset

2153 4538 2249 4614 φὸς
2307 4550 2425 4601 τοῖς
2484 4535 2658 4617 ἔργοις
2727 4539 2919 4619 ἐχθρὸς
2990 4543 3082 4608 ὴν.
3143 4540 3464 4603 Ἀπενιανοῦ
3520 4544 3621 4620 γὰρ
3691 4540 3790 4609 ἤδη

405 4630 606 4703 lrater,
638 4626 808 4689 factis
838 4637 968 4689 erat
996 4626 1310 4688 inimicus.
1347 4629 1492 4688 Cum
1530 4627 1689 4688 enim
1726 4625 2068 4707 Apenianus

410 4734 528 4779 una
559 4734 693 4778 cum
723 4717 956 4779 Melana
984 4714 1057 4778 ad
1091 4715 1269 4778 vitam
1326 4735 1398 4781 ex
1431 4716 1554 4778 Deo
1589 4715 1877 4796 agendam
1912 4724 2068 4778 esset

410 4805 739 4882 traductus,
769 4803 1021 4868 Severus
1052 4805 1261 4869 insano
1318 4805 1607 4868 daemonis
1639 4804 1918 4866 instinctu
1966 4805 2065 4866 in-

408 4893 690 4976 Spiratus,
724 4913 1034 4975 aggressus
1078 4902 1168 4957 est
1197 4894 1444 4958 fratrem
1497 4894 1770 4956 molestia
1802 4893 2063 4967 allicere,

406 5003 579 5065 agros
607 4984 894 5059 avellens,
928 4985 1157 5047 fructus
1199 4983 1530 5066 abripiens,
1561 4982 1842 5046 omnibus
1874 4983 2067 5045 modis

407 5074 701 5136 insultans
733 5084 791 5136 et
819 5077 937 5136 vim
974 5075 1258 5138 alierens.
1285 5078 1608 5151 Postquam
1631 5089 1770 5135 vero
1799 5092 1901 5134 eos
1924 5072 2067 5134 vidit

409 5165 610 5226 omnia
643 5164 817 5225 malle
869 5163 1165 5241 amittere,
1202 5183 1376 5246 quam
1410 5177 1771 5244 praeceptum
1827 5161 2065 5224 Domini

408 5252 744 5333 despicere,
780 5272 898 5333 quo
952 5262 1195 5314 cavetur
1249 5264 1523 5333 oportere
1557 5271 1691 5313 eum
1746 5251 1927 5322 ferre,
1963 5252 2064 5331 qui

406 5341 706 5421 acceperit
737 5341 1037 5420 injuriam,
1072 5351 1212 5403 tunc
1248 5343 1348 5405 ille
1378 5342 1432 5403 vi
1469 5341 1698 5423 majore
1720 5359 1822 5402 eos
1852 5360 2064 5419 aggre-

409 5427 860 5491 diebatur.Nam
882 5447 1018 5489 cum
1045 5448 1115 5490 ex
1139 5431 1437 5510 Apeniani
1468 5432 1654 5492 servis
1688 5428 2065 5509 improbissi-

406 5533 538 5579 mos
566 5516 773 5578 dolose
801 5516 1193 5579 subornasset
1223 5527 1280 5582 et
1328 5525 1717 5598 corrupisset,
1748 5518 1899 5580 alios
1924 5521 2061 5600 qui-

400 5603 537 5667 dem
570 5605 902 5686 promissis,
934 5605 1085 5669 alios
1117 5625 1254 5671 vero
1288 5608 1584 5691 pecuniis,
1609 5609 1685 5671 iis
1713 5610 2058 5689 persuadet,

2150 4626 2357 4701 σύναμα
2416 4625 2632 4704 Μελάνῃ
2664 4630 2796 4706 πρὸς
2856 4632 2944 4687 τὸν
2989 4634 3127 4688 κατὰ
3177 4633 3307 4689 Θεὸν
3359 4633 3475 4709 βίον
3504 4631 3795 4707 μεταθομέ-

2149 4741 2263 4797 νου,
2295 4719 2323 4774 ὀ
2371 4724 2628 4799 Σευῆρος,
2662 4719 2777 4800 ἄρτι
2808 4723 2950 4801 παρὰ
3001 4726 3093 4780 τοῦ
3125 4721 3372 4799 δαίμονος
3435 4723 3789 4802 μανικώτερον

2148 4807 2488 4883 ἐμπνευσθεὶς
2547 4808 2739 4868 λυπεῖν
2806 4813 3075 4891 ἓπεχείρει
3131 4816 3223 4871 τὸν
3293 4812 3544 4895 ἀδελφὸν,
3606 4813 3790 4891 ἀγροὺς

2152 4898 2424 4976 ὕποσπῶν,
2457 4899 2689 4976 καρποὺς
2749 4898 2945 4976 συλῶν,
3009 4904 3164 4959 παντὶ
3233 4903 3414 4979 τρόπῳ
3469 4901 3791 4977 ἐπεμϐαίνων

2149 4987 2237 5044 καὶ
2276 4987 2616 5061 βιαζόμτνος,
2675 4987 2823 5046 Ἐπεὶ
2852 4987 2906 5045 δὲ
2961 4990 3151 5059 πάνταζ
3181 4992 3386 5067 μᾶλλον
3415 4992 3554 5069 ἐώρα
3606 5013 3792 5069 προαιο

2149 5076 2437 5151 ρουμένους
2506 5075 2806 5135 ἀποϐαλεῖν
2863 5078 2899 5148 ἢ
2955 5081 3053 5148 τὴν
3125 5080 3343 5149 ἐντολὴν
3412 5080 3655 5156 παριδεῖν
3735 5080 3791 5134 τὸ

2150 5162 2260 5221 δεῖν
2312 5163 2652 5241 ἀδικούμενον
2709 5167 2909 5249 φέρειν,
2955 5169 3174 5227 ἐνταῦθα
3244 5194 3292 5227 τι
3354 5174 3450 5228 καὶ
3504 5171 3791 5247 βιαιότερον

2146 5253 2351 5316 ἐκεῖνος
2383 5254 2675 5335 ἐπεχείρει,
2737 5263 2855 5314 Τῶν
2884 5258 2983 5336 γὰρ
3043 5259 3262 5316 οἰκετῶν
3309 5258 3623 5317 Ἀπενιανοῦ
3678 5259 3791 5319 τοὺς

2146 5343 2539 5422 πονηροτένους
2627 5343 2869 5404 ὑπελθὼν
2953 5346 3194 5412 ὑπούλως
3290 5352 3378 5406 καὶ
3476 5346 3787 5424 διαφθείρας,

2146 5435 2268 5498 τοὺς
2328 5435 2426 5509 μὲν
2479 5432 2831 5517 ὅποσχέσεσι,
2867 5437 2990 5503 τοὺς
3048 5436 3103 5494 δὲ
3152 5441 3396 5518 χρῆμασι
3439 5438 3609 5495 πείθει
3662 5459 3787 5494 κατ-

2146 5521 2490 5593 εξαναστῆναι
2522 5533 2613 5582 τοῦ
2665 5523 2908 5605 ἀδελφοῦ,
2944 5529 3030 5584 καὶ
3094 5529 3279 5586 τούτου
3311 5529 3409 5604 μὲν
3473 5527 3785 5599 ἀποστῆναι,

2147 5614 2207 5670 οὐ
2257 5614 2421 5690 μόνον
2452 5612 2506 5671 δέ
2555 5621 2689 5697 σφᾶς
2751 5616 2992 5695 ἑαυτοὺς,
3025 5616 3163 5676 ἀλλὰ
3204 5619 3442 5684 καὶτοὺς
3495 5617 3684 5705 ἀγροὺς
3735 5615 3786 5672 ἐν
