4020 6142
225 302 382 371 761

1598 301 1784 367 VITA
1841 300 1902 363 S.
1949 298 2313 363 MELAN/E.

3517 288 3641 360 762‘

219 444 339 505 οἷς
395 441 569 518 ᾤκουν
628 442 862 512 Σευήρου
917 440 1002 498 καὶ
1059 440 1203 498 εἶναι
1246 438 1421 519 λέγειν
1472 441 1559 497 καὶ
1600 440 1893 515 ὀνομάζειν.

1985 442 2268 498 utcontra
2286 436 2531 498 fratrem
2556 453 2730 497 suum
2754 433 3087 514 iusurgant,
3109 440 3168 496 et
3195 431 3268 495 ab
3295 451 3367 496 eo
3392 431 3636 513 quidem

218 531 452 590 "ABE:
509 545 688 598 κενοῖς
746 533 911 596 ὄντως
968 533 995 587 ὁ
1051 531 1275 606 μάταιος
1345 530 1638 610 ἐπεχείρει.
1692 532 1753 588 0i
1806 528 1902 603 μὲν

217 621 381 699 γὰρ,
442 623 614 679 καίτοι
670 628 883 678 τοιαῦτα
941 619 1247 699 πάσχοντες
1329 620 1413 699 ὑφ’
1472 626 1531 674 οῦ
1592 617 1785 685 ἥκιστα
1842 616 1901 674 ἅν

215 733 323 775 τις
394 711 485 768 καὶ
551 710 913 790 προσεδόκησε
947 756 962 783 ,
1016 717 1178 768 ταῦτα
1250 709 1348 783 μὲν
1406 708 1620 773 ἀλύπως
1690 707 1897 788 ἔφερον,

218 798 463 874 μᾶλλον
522 799 577 857 δέ
632 822 684 856 τι
737 799 834 856 καί
860 798 1086 878 ἔχαίρον
1120 813 1134 827 ·
1185 798 1301 854 οὐδὲ
1344 799 1444 876 γὰρ
1487 796 1684 875 φαῦλον
1713 798 1897 859 αὐτοῖς

218 887 427 947 ἐδόκει
486 887 858 961 διαμιλλᾶσθαι
901 900 1024 949 ταῖς
1083 899 1381 966 συμφοραῖς
1438 888 1570 958 πρὸς
1601 884 1744 943 Ἰώϐ’
1777 886 1899 954 ἡνία

221 976 291 1033 δὲ
350 986 522 1054 μόνον
565 977 686 1038 τοὺς
716 978 984 1054 γενναίους
1012 978 1074 1032 τὸ
1100 982 1206 1032 τῶν
1245 975 1546 1054 χρημάτων
1577 973 1713 1033 οὕτω
1755 996 1897 1051 παρ-

227 1066 588 1147 αιρουμένων
638 1066 800 1142 μικρὰ
855 1067 967 1144 ῥεῖν
1030 1064 1129 1133 τῆς
1189 1066 1425 1122 εὔποιίας
1482 1066 1543 1121 τὸ
1603 1064 1768 1143 ῥεῦμα
1808 1066 1903 1120 τοῦ

224 1156 493 1214 πλούτου
560 1157 795 1233 καθάπερ
879 1156 1022 1218 τινὸς
1092 1160 1341 1229 ποταμοῦ
1400 1152 1612 1233 ἑτέρωθι
1671 1174 1902 1234 μετοχε-

229 1248 411 1302 τευθέ
423 1268 559 1311 ιτος.

1986 525 2267 587 deﬁciant
2295 545 2310 586 :
2347 543 2465 586 non
2498 525 2690 586 solum
2722 533 2919 587 autem
2950 524 3202 603 seipsos,
3227 521 3333 584 sed
3365 540 3470 583 eos
3491 539 3639 603 quo-

1985 633 2101 696 que
2129 632 2325 694 agros,
2358 612 2419 674 in
2451 613 2669 692 quibus
2700 612 3067 694 habitabant,
3121 610 3325 675 Severi
3375 629 3507 673 esse
3537 610 3637 671 di-

1983 712 2214 776 cerent,
2246 712 2308 764 et
2328 721 2431 765 eos
2451 704 2580 782 ejus
2604 703 3006 765 nominarent.
3041 700 3158 766 Sed
3190 699 3444 762 stolidus
3462 701 3638 779 plane

1981 808 2298 870 aggressus
2329 799 2419 852 est
2448 790 2671 854 inania.
2704 792 2852 855 Nam
2909 791 2998 853 illi
3046 790 3289 872 quidem
3340 787 3453 853 etsi
3498 786 3639 850 talia

1985 887 2329 960 paterentur
2357 879 2430 941 ab
2462 898 2555 955 eo,
2579 899 2610 942 a
2636 899 2754 961 quo
2778 881 2908 961 quis
2937 880 3182 945 minime
3202 885 3632 959 exspectasset,

1984 987 2055 1030 ea
2084 968 2327 1049 quidem
2353 968 2681 1031 toleranter
2706 978 2765 1031 et
2793 969 3001 1032 sedate
3028 968 3323 1042 ferebant,
3356 968 3475 1028 imo
3495 984 3635 1028 vero

1984 1056 2323 1137 gaudebant
2341 1058 2561 1138 potius.
2585 1060 2716 1121 Non
2743 1058 2901 1120 enim
2920 1059 3006 1120 eis
3020 1057 3146 1120 leve
3168 1056 3481 1119 videbatur
3497 1073 3632 1116 cum

1983 1144 2098 1208 Job
2131 1146 2493 1208 contendere
2522 1146 2705 1209 rebus
2754 1148 3022 1210 adversis
3072 1156 3134 1210 et
3173 1143 3630 1220 calamitatibus,

1985 1254 2310 1316 generosos
2340 1244 2538 1298 autem
2572 1236 2708 1298 illos
2738 1237 2852 1299 hoc
2895 1237 3085 1299 solum
3140 1236 3293 1299 male
3349 1232 3629 1304 habebat,

231 1333 422 1413 quod
468 1351 601 1397 eum
633 1332 1008 1395 auferrentur
1058 1349 1225 1412 opes,
1261 1349 1472 1412 parum
1525 1331 1740 1394 ﬂueret
1791 1331 2081 1393 ﬂuentum
2128 1324 2568 1400 beneﬁcentia),
2596 1325 2814 1388 divitiis
2840 1345 2960 1388 non
3007 1343 3179 1388 secus
3206 1333 3387 1403 atque
3433 1321 3631 1404 aliquo

233 1424 488 1486 ﬂuento
517 1423 634 1485 alio
664 1422 971 1485 derivatis.

334 1513 440 1575 H'.
491 1511 618 1572 05δέ
661 1511 1009 1579 εὗσεϐεστάτη
1065 1512 1348 1589 βασίλισσα
1379 1513 1562 1591 Βερίνα
1590 1508 1697 1569 τῶν
1723 1512 1899 1569 τοιού-

229 1627 358 1661 των
411 1604 638 1673 ἀνήκοος
667 1602 929 1682 ἐγεγόνει,
961 1600 1099 1659 ἀλλὰ
1141 1601 1339 1670 ταύτην
1380 1604 1478 1679 μὲν
1514 1604 1600 1660 καὶ
1628 1603 1729 1681 πρὸ
1755 1601 1898 1659 πολ-

229 1693 345 1750 λοῦ
411 1692 673 1772 κατεῖχεν
729 1692 765 1755 ὴ
823 1692 983 1769 φήμη
1040 1696 1137 1759 τῆς
1195 1692 1396 1749 τούτων
1444 1691 1779 1771 φιλοσοφίας,
1811 1683 1899 1748 καὶ

2062 1503 2212 1570 VIII.
2248 1504 2375 1566 Non
2406 1505 2533 1568 haec
2566 1514 2761 1568 autem
2795 1507 2873 1568 ita
2903 1504 3289 1586 gerebantur,
3324 1510 3389 1565 ut
3418 1503 3479 1564 in
3513 1500 3632 1582 pri-

1983 1597 2096 1659 mis
2127 1597 2221 1677 pia
2255 1597 2596 1677 imperatrix
2621 1596 2845 1661 Verina
2876 1617 2994 1661 non
3026 1600 3153 1662 haec
3183 1595 3486 1676 acceperit
3513 1612 3629 1655 au—

1980 1685 2247 1749 ditione:
2282 1687 2388 1749 sed
2420 1688 2489 1748 ad
2525 1705 2652 1749 eam
2687 1689 2929 1769 quidem
2962 1689 3062 1750 diu
3094 1695 3233 1750 ante
3275 1691 3633 1768 pervenerat

230 1781 460 1841 πο).λοῦ
516 1783 583 1850 ἧν
614 1782 747 1857 αῦτῇ
775 1779 942 1857 ἄξιον,
976 1778 1108 1837 ἰδεῖν
1159 1802 1219 1837 τε
1267 1782 1496 1846 ἐκείνους
1554 1783 1652 1838 καὶ
1710 1779 1893 1858 λεγόν-

1984 1778 2134 1840 fama
2162 1796 2368 1840 eorum
2403 1779 2818 1859 philosophia»,
2852 1781 3227 1862 ducebatque
3259 1795 3458 1860 operae
3488 1793 3627 1857 pre-

230 1896 357 1930 των
407 1871 627 1931 ἀκοῦσαι
639 1918 655 1943 ,
688 1873 774 1927 καὶ
824 1869 1056 1933 πολλαῖς
1115 1869 1482 1949 παρακλήσεσι
1528 1870 1900 1946 μετεπέμπετο

231 1963 350 2027 τὴν
404 1959 675 2027 Μελάνην.
722 1960 853 2018 Τότε
909 1957 962 2014 δὲ
1005 1958 1103 2016 καΐ
1153 1968 1244 2018 τοῦ
1287 1962 1472 2037 καιροῦ
1523 1960 1624 2027 τὴν
1658 1960 1902 2041 ἀφορμὴν

239 2050 440 2108 δόντος
500 2049 704 2125 σπουδῇ
762 2047 963 2108 ἐκάλει.
1029 2048 1095 2105 Ἢ
1149 2047 1204 2105 δὲ
1257 2048 1367 2116 ἧει.
1411 2048 1563 2107 Ἀλλ’
1593 2049 1691 2105 ὅσα
1719 2049 1901 2106 καὶτὰ

236 2142 358 2219 πρὸ
404 2143 505 2208 τῆς
562 2137 798 2214 ὁμιλίας,
831 2138 985 2215 ὀλίγα
1013 2139 1212 2195 τούτων
1261 2140 1481 2196 ἀκοῦσαι
1524 2138 1753 2215 βέλτιον.
1804 2133 1901 2195 Ἦν

241 2231 356 2310 ἄρα
417 2227 792 2305 νενομισμένον
883 2219 1162 2303 Ῥωμαίοις
1244 2230 1322 2303 μὴ
1404 2226 1562 2304 ἄνδρα
1618 2229 1760 2300 τινὰ,
1824 2227 1902 2302 μὴ

243 2332 494 2398 γυναῖκα
547 2318 691 2396 παρὰ
747 2316 969 2395 βασιλέα
1017 2316 1053 2386 ἢ
1111 2315 1352 2393 βασιλίδα
1394 2323 1580 2395 φοιτᾷν
1636 2317 1903 2392 κεκαλυμ-

248 2409 401 2488 μένῃ
456 2413 523 2484 τῇ
550 2406 783 2486 κεφαλῇ.
822 2406 964 2472 Αὕτη
996 2414 1089 2463 τοῦ
1136 2407 1299 2481 νόμου
1341 2406 1509 2480 μηδὲν
1564 2408 1900 2486 φροντίσασα,

241 2495 772 2572 κατακεκαλυμμένῃ
832 2495 1056 2575 παρῇει,
1114 2497 1172 2552 οὗ
1241 2497 1509 2566 τυράννων
1563 2496 1700 2571 ἔθος,
1760 2496 1896 2553 ἀλλὰ

240 2589 345 2644 τὸν
432 2584 635 2643 Παύλο)
720 2584 882 2659 νόμον
963 2582 1076 2640 δεῖν
1161 2598 1466 2662 συντηρεῖν,
1546 2588 1604 2649 ὃς
1681 2587 1775 2642 οὑκ
1834 2586 1896 2659 ἐᾷ

238 2688 509 2756 γυναῖκας
568 2679 745 2752 γυμνῇ
799 2673 931 2731 ἴέναι
987 2678 1055 2749 τῇ
1110 2673 1342 2752 κεφαλῆ.
1395 2676 1468 2731 0ιῦ
1517 2675 1623 2748 μὴν
1653 2673 1769 2730 οὐδὲ
1795 2676 1893 2743 τὴν

237 2766 444 2832 στολὴν
483 2763 705 2833 ἠθέλησε
734 2761 1044 2839 διαμεῖψαι,
1090 2761 1204 2819 οῦδὲ
1255 2763 1319 2818 τὰ
1378 2763 1514 2839 ῥάκη
1576 2765 1889 2843 μεταμφιά-

239 2859 438 2914 σασθαι
471 2903 489 2931 ,
555 2854 729 2911 καίτοι
814 2850 1033 2910 πολλῶν
1116 2852 1512 2930 παραινούντων
1600 2853 1677 2928 μὴ
1755 2852 1893 2910 οὕτω

236 2958 450 3007 ποιεῖν.

326 3033 422 3093 6'.
485 3023 550 3088 Ἠ
620 3029 676 3087 δὲ
729 3032 862 3109 πρὸς
922 3031 1132 3103 αὑτοὺς,
1192 3028 1576 3103 Ἐνεδσσάμην,
1624 3032 1780 3111 φησὶ,
1828 3031 1892 3087 τὰ

241 3123 432 3199 ἱμάτιά
474 3143 601 3197 μου,
655 3120 768 3184 πῶς
828 3118 1114 3194 ἐκδύσομαι
1174 3118 1355 3188 acri;

247 3222 407 3271 ιοῦσα
449 3214 521 3274 εἷς
570 3212 635 3267 τὰ
699 3208 967 3285 βασίλεια,
1023 3207 1139 3265 οῦδὲ
1187 3206 1459 3281 ἀπέϐλεψε
1503 3209 1636 3285 πρός
1687 3230 1735 3264 τι
1784 3209 1891 3265 τῶν

251 3302 443 3364 ἄλλοις
498 3297 929 3375 θαυμαζομένων,
990 3295 1105 3354 οῦδὲ
1156 3295 1443 3377 ὀφθαλμῶν
1504 3296 1623 3363 ἄξια
1671 3297 1891 3375 κρίνασα

261 3392 332 3446 τὰ
386 3399 616 3449 τοιαῦτα.
653 3388 923 3467 Προΐούσῃ
966 3409 1024 3443 τε
1081 3386 1293 3460 σύναμα
1345 3386 1423 3460 τῷ
1479 3386 1777 3457 Ἀπενιανῴ
1808 3388 1891 3442 εῦ-

254 3480 348 3543 θὺς
405 3481 438 3547 ἡ
488 3477 766 3555 βασίλισσα
834 3477 1104 3543 ὑπανέστη
1183 3497 1241 3533 τε
1296 3477 1383 3531 καὶ
1451 3489 1739 3553 προσεῖπε,
1806 3477 1894 3533 καὶ

248 3567 503 3648 καθέδρας
573 3568 794 3635 ἠξίωσεν
851 3565 1145 3643 ἐγγυτάτης
1185 3583 1198 3598 ⁸
1273 3563 1522 3630 ἐξέπληξε
1581 3567 1681 3642 γὰρ
1731 3566 1895 3632 αὓτὴν

243 3660 282 3728 ἧ
355 3681 413 3716 τε
455 3656 620 3725 στολῆ
675 3658 763 3714 καὶ
805 3656 866 3712 τὸ
914 3663 1008 3713 τοῦ
1039 3655 1325 3734 σχήματος
1355 3651 1540 3718 δεινῶς
1572 3652 1838 3710 ἰδιωτικόν
1873 3673 1890 3691 ι

238 3750 337 3806 καὶ
390 3748 509 3814 τοὺς
561 3743 651 3825 ὑφ’
738 3745 902 3820 ἑαυτῇ
970 3741 1305 3820 συγκαλοῦσα
1374 3764 1558 3819 κοινῃν
1654 3742 1892 3800 ἐποιεῖτο

234 3843 422 3912 θαῦμα
481 3836 753 3908 Malim»,
834 3833 907 3889 ’Ὠ
993 3837 1137 3912 οἷον,
1209 3833 1454 3911 φήσασα,
1512 3837 1734 3909 πρᾶγμα
1803 3839 1890 3889 νῦν

234 3926 471 4006 βλέπωί
521 3925 695 3982 Πάλαι
739 3923 838 4002 γάρ
886 3944 966 3994 σε,
1010 3923 1123 3979 θεία
1164 3925 1453 3999 γυναικῶν,
1508 3919 1701 3987 ἤκουον
1727 3937 1743 3952 ⁸
1806 3928 1894 3978 νῦν

234 4018 302 4076 δὲ
351 4020 478 4095 ὁρῶ.
544 4014 650 4074 Καὶ
709 4012 822 4089 ἅμα
900 4018 992 4069 τοῦ
1074 4018 1278 4091 χρυσοῦ
1335 4010 1517 4086 θρόνου
1569 4009 1893 4075 ἐξαναστᾶσα

240 4104 533 4184 περιεϐα).ί
592 4126 650 4160 τε
720 4101 821 4160 καί
875 4102 1274 4181 κατησπάζετο,
1335 4102 1422 4156 καὶ
1500 4102 1571 4165 ὡς
1629 4100 1891 4165 πολλάκις

238 4198 443 4274 ἔλεγε.
505 4193 749 4269 Μακαρία
805 4196 858 4248 εἶ
911 4191 973 4246 σὺ
1029 4196 1121 4247 τοῦ
1190 4190 1244 4246 ἐν
1321 4189 1489 4267 Κυρίῳ
1557 4197 1896 4268 μακαρισμοῦ

240 4285 464 4348 δικαίως
500 4282 857 4362 ἐπιτυχοῦσα.

1121 3881 1137 3912 ἳ

332 4461 492 4522 ι”ε
1111 4454 1157 4512 δ’
1314 4456 1348 4512 ἆ
1486 4462 1512 4474 ~
1703 4459 1862 4513 ~t

381 4510 396 4524 .
498 4484 582 4519 πει
611 4482 666 4517 ΟΞ
700 4482 785 4516 και
886 4480 1072 4536 εσηρον
1142 4478 1257 4516 ικας
1351 4478 1609 4524 παιτησαι
1653 4480 1758 4514 των
1817 4478 1890 4519 ες

240 4553 438 4616 αὖτοὺς
469 4549 812 4624 ἀδικημάτων
841 4547 1133 4627 ὑπέσχετο,
1182 4544 1335 4603 Ἀλλ’
1364 4541 1504 4619 ἠμῖῖν
1540 4568 1626 4624 γε,
1660 4546 1815 4603 εἶπεν
1866 4548 1894 4614 ἦ

242 4641 469 4708 Μελάνη
505 4687 521 4714 ,
581 4653 826 4718 γρεῖττον
901 4634 1204 4693 ἀδικεῖσθαι
1276 4633 1483 4711 μᾶλλον
1549 4639 1586 4704 ἢ
1637 4634 1843 4693 ἀδικεῖν
1875 4650 1890 4666 ·

238 4733 360 4790 ἐπεὶ
414 4732 505 4788 καὶ
572 4727 941 4807 ῥαπιζομένοις
1002 4728 1061 4785 οὒ
1115 4724 1276 4799 μόνον
1346 4725 1538 4805 φέρειν,
1601 4724 1738 4781 ἀλλὰ
1806 4725 1895 4782 καὶ

236 4823 345 4889 τὴν
401 4818 584 4897 ἑτέραν
640 4817 878 4897 στρέφειν
931 4819 1075 4880 θεῖος
1134 4815 1298 4888 νόμος
1343 4813 1473 4873 ἐστί.
1520 4817 1614 4870 Σοὶ
1644 4813 1698 4869 δὲ
1755 4812 1892 4871 ἄλλα

238 4910 419 4969 πολλὰ
473 4909 541 4965 τὰ
584 4907 751 4985 ἀγαθὰ
808 4906 953 4981 παρὰ
1006 4905 1139 4961 Θεοῦ
1180 4901 1364 4978 ἕψεται
1398 4909 1491 4971 τῆς
1525 4902 1698 4970 καλῆς
1739 4903 1894 4960 ἕνεκα

237 5001 440 5066 ταύτης
513 4998 834 5074 προθέσεως.
903 4987 1069 5068 Ἠμτν
1156 4991 1211 5048 δὲ
1282 4991 1492 5069 ἀρκέσει
1577 4994 1638 5049 τὸ
1699 4999 1891 5060 στῆναι

242 5092 412 5170 μέχρι
456 5088 643 5146 τούτου
674 5085 773 5154 τὴν
832 5083 1062 5164 βλάϐην,
1109 5084 1194 5139 καὶ
1239 5081 1406 5156 μηδὲν
1450 5083 1611 5140 πλέον
1660 5085 1753 5139 τὸν
1795 5081 1895 5139 ἄν..

241 5180 340 5255 δρα
398 5181 668 5254 προθεῖναι
706 5194 720 5210 ⁸
767 5176 838 5237 ὣς
868 5174 1023 5247 ἡμῶν
1053 5194 1114 5252 γε
1173 5171 1352 5227 ἕνεκεν
1410 5171 1527 5228 οῦδὲ
1586 5173 1774 5229 τούτου
1833 5171 1895 5227 ἂν

242 5268 542 5341 ποιούμεθα
586 5264 765 5341 λόγον,
800 5262 921 5320 ἀλλ’
952 5262 1033 5319 ὅτι
1079 5262 1147 5318 τὰ
1196 5258 1363 5325 ξένοις
1408 5259 1511 5328 ἤδη
1557 5260 1895 5338 κληρωθὲντα

246 5358 337 5413 καὶ
393 5353 617 5411 ἐνδεέσιν
676 5354 985 5429 ἀποστερεῖ,
1024 5352 1121 5407 Διὰ
1173 5356 1337 5407 ταῦτα
1389 5359 1517 5426 γοῦν
1557 5351 1771 5413 τούτους
1804 5352 1892 5406 καὶ

246 5446 413 5502 πλέον
467 5445 505 5512 ἡ
554 5440 762 5520 βασιλὶς
804 5443 1118 5519 θαυμάσασα
1150 5440 1237 5496 καὶ
1268 5461 1359 5495 του
1401 5441 1632 5518 Σευήρου
1661 5438 1726 5495 δι’
1788 5439 1887 5496 αὖ·

326 5619 354 5662 ε
381 5616 408 5685 Ι
431 5616 570 5683 Cor.
603 5634 669 5694 ιι,
705 5617 807 5685 13.

1415 3118 1576 3176 ’Ὅθεν
1626 3121 1716 3175 καὶ
1747 3140 1888 3196 παρ·
1910 3152 1950 3202 C

1984 1867 2130 1929 tium
2166 1868 2301 1930 illos
2331 1876 2389 1930 et
2416 1869 2619 1932 videre
2649 1878 2709 1932 et
2736 1871 2943 1932 audire
2970 1871 3264 1949 dicentes,
3318 1875 3379 1931 et
3424 1864 3628 1930 multis

1989 1956 2264 2036 precibus
2292 1958 2644 2021 accersebat
2685 1959 2992 2023 Melanam.
3043 1959 3210 2022 Tunc
3238 1966 3437 2020 autem
3471 1966 3629 2018 tem-

1985 2063 2131 2124 pore
2160 2066 2397 2130 quoque
2427 2048 2605 2110 dante
2635 2051 3036 2123 occasionem,
3069 2049 3232 2112 illam
3260 2065 3472 2126 magno
3503 2057 3633 2107 stu-

1985 2135 2083 2197 dio
2115 2137 2385 2209 voravit;
2422 2138 2523 2199 illa
2552 2157 2694 2200 vero
2740 2140 2863 2203 ivit.
2915 2139 3032 2203 Sed
3092 2157 3226 2219 quae
3278 2136 3633 2199 exstiterunt

1984 2233 2123 2287 ante
2155 2244 2361 2287 eorum
2419 2228 2933 2306 congressionem,
2985 2229 3172 2291 satius
3219 2238 3311 2291 est
3342 2244 3531 2308 pauca
3557 2243 3629 2287 ex

1985 2312 2059 2375 iis
2084 2314 2314 2377 audire.
2346 2314 2485 2377 Erat
2507 2316 2747 2398 quidem
2775 2318 2898 2379 haec
2917 2319 3006 2380 lex
3029 2317 3182 2398 apud
3208 2319 3535 2394 Romanos,
3567 2321 3630 2375 ut

1987 2402 2185 2465 nullus
2215 2404 2303 2465 vir
2333 2423 2443 2466 nec
2475 2405 2697 2467 mulier
2718 2407 3142 2487 imperatorem
3170 2404 3631 2484 autimperatri‘

1986 2506 2113 2549 cem
2149 2500 2354 2570 operto
2386 2493 2581 2573 capite
2611 2493 2951 2556 accederet.
2972 2494 3053 2556 Ea
3080 2512 3214 2556 vero
3246 2493 3439 2573 legem
3479 2488 3628 2556 nihil

1978 2595 2219 2660 curans,
2255 2581 2445 2642 velata
2472 2582 2746 2657 accessit,
2794 2601 2915 2644 non
2963 2591 3349 2665 tyrannorum
3402 2596 3623 2655 mores,

1977 2666 2082 2727 sed
2113 2667 2279 2730 Pauli
2310 2669 2501 2749 legem
2537 2672 2792 2732 maxime
2822 2671 3030 2732 dicens
3059 2678 3341 2753 oportere
3369 2685 3621 2732 conser-

1976 2756 2119 2836 vari,
2143 2758 2244 2837 qui
2268 2776 2385 2819 non
2409 2758 2552 2820 sinit
2576 2760 2858 2822 mulieres
2876 2761 3035 2822 nudo
3053 2761 3246 2842 capite
3267 2758 3553 2822 incedere
3568 2757 3624 2817 2.

1974 2844 2094 2906 Sed
2125 2864 2325 2924 neque
2352 2856 2582 2909 vestem
2616 2850 2804 2912 voluit
2848 2863 3099 2925 mutare,
3153 2867 3349 2930 neque
3387 2864 3618 2930 pannos

1975 2951 2219 3011 exuere,
2252 2937 2361 2997 etsi
2394 2936 2568 3000 multi
2600 2939 2926 3001 suaderent
2955 2948 3018 3001 ut
3044 2939 3294 3002 faceret.

2059 3023 2153 3087 IX.
2189 3027 2293 3088 Illa
2322 3043 2457 3087 vero
2489 3027 2578 3088 eis
2608 3027 2880 3091 dicebat:
2915 3029 3065 3092 Meis
3099 3047 3195 3090 me
3231 3027 3497 3090 vestibus
3531 3024 3629 3086 in-

1975 3112 2099 3188 dui,
2122 3115 2424 3196 quomodo
2450 3134 2548 3178 eas
2573 3135 2781 3179 exuam
2808 3125 2835 3182 ‘?
2856 3118 3028 3182 Unde
3049 3120 3224 3182 etiam
3251 3136 3388 3180 cum
3410 3116 3624 3195 ingre-

1974 3203 2220 3266 deretur
2251 3210 2308 3265 in
2338 3206 2587 3286 regiam,
2618 3224 2693 3269 ne
2722 3210 2951 3288 aspexit
2980 3209 3225 3290 quidem
3281 3208 3358 3270 ad
3399 3204 3626 3286 aliquid

1975 3309 2045 3355 ex
2078 3292 2152 3355 iis
2183 3312 2313 3374 quas
2348 3296 2503 3375 apud
2524 3295 2674 3358 alios
2707 3297 3077 3360 habebantur
3097 3301 3159 3360 in
3187 3296 3620 3375 admiratione,

1978 3400 2052 3442 ne
2082 3381 2288 3445 obtutu
2322 3384 2564 3465 quidem
2597 3403 2666 3447 ea
2694 3386 2878 3467 digna
2914 3388 3216 3467 judicans.
3267 3385 3629 3449 Procedenti

1975 3478 2174 3533 autem
2208 3473 2263 3533 ei
2294 3474 2471 3536 simul
2504 3493 2637 3535 cum
2695 3478 3003 3557 Apeuiano
3032 3481 3232 3541 statim
3293 3475 3625 3539 assurrexit

1979 3560 2354 3640 imperatrix,
2380 3572 2437 3623 et
2466 3563 2720 3625 allocuta
2751 3574 2862 3646 est,
2895 3575 2952 3627 et
2985 3578 3051 3628 ut
3092 3568 3360 3646 proxime
3391 3565 3626 3627 asside-

1976 3658 2086 3721 ret,
2122 3656 2213 3711 est
2236 3650 2497 3728 dignata.
2532 3650 2672 3713 Eam
2709 3655 2867 3715 enim
2921 3654 3320 3730 obstupefecit
3358 3653 3621 3727 vestitus,

1976 3743 2037 3798 et
2062 3737 2382 3798 admodum
2416 3738 2583 3800 rudis
2605 3750 2661 3800 et
2682 3741 2932 3822 simplex
2968 3743 3227 3814 habitus,
3262 3754 3322 3805 et
3350 3760 3454 3805 eos
3475 3760 3624 3803 con-

1979 3844 2215 3906 vocans,
2244 3828 2344 3907 qui
2377 3838 2549 3891 erant
2579 3829 2640 3889 iu
2659 3850 2764 3892 sua
2797 3840 3108 3911 potestate,
3135 3832 3424 3895 Melanam
3455 3849 3625 3892 com-

1978 3918 2238 3977 muniter
2257 3916 2693 3980 admirabatur:
2716 3917 2763 3983 Ο
2789 3921 3290 4003 qualem,dicens,
3312 3939 3471 3983 nilne
3496 3938 3623 3981 rem

1975 4004 2256 4067 intueor?
2283 4006 2367 4068 Te
2411 4007 2539 4087 jam
2573 4009 2803 4087 pridem
2850 4011 3094 4091 quidem
3134 4012 3394 4075 divinam
3425 4009 3627 4074 audivi

1977 4111 2109 4156 esse
2141 4096 2478 4170 mulierem,
2511 4115 2665 4159 nunc
2682 4108 2881 4162 autem
2913 4103 3093 4163 etiam
3120 4102 3331 4165 video:
3358 4109 3421 4164 et
3445 4098 3627 4162 simul

1980 4202 2233 4263 surgens
2263 4204 2296 4247 e
2326 4187 2542 4248 throno
2572 4206 2779 4265 aureo,
2813 4208 2941 4252 eam
2965 4192 3234 4271 suspexit
3262 4201 3320 4252 et
3348 4190 3624 4270 amplexa

1980 4284 2093 4349 est,
2127 4285 2184 4336 et
2208 4293 2366 4356 saepe
2397 4278 2585 4341 dixit:
2648 4280 2826 4342 Beata
2858 4298 2922 4341 es
2955 4288 3037 4354 tu,
3071 4301 3205 4363 quas
3227 4283 3366 4361 jure
3399 4297 3624 4342 conse-

1978 4372 2112 4427 cuta
2142 4382 2208 4426 es
2233 4366 2292 4426 in
2324 4365 2575 4429 Domino
2610 4367 3062 4431 beatitudinem.

2059 4453 2128 4515 Χ.
2162 4453 2479 4535 Postquam
2510 4466 2708 4519 autem
2744 4459 3008 4539 pollicita
3039 4466 3133 4522 est
3180 4477 3247 4521 se
3276 4459 3354 4521 de
3404 4459 3624 4523 Severo

1975 4546 2113 4624 jure
2142 4561 2347 4624 pinnas
2380 4563 2513 4607 esse
2531 4556 2897 4627 sumpturam
2922 4560 3164 4630 propter
3189 4548 3463 4629 injurias,
3486 4554 3624 4630 qui-

1982 4633 2093 4695 bus
2121 4651 2221 4694 eos
2254 4634 2568 4699 affecerat:
2605 4639 2682 4698 At
2725 4636 2919 4707 nobis,
2973 4639 3164 4718 inquit
3204 4639 3459 4711 Melana,
3493 4656 3624 4699 me-

1978 4722 2096 4783 lius
2127 4723 2411 4802 injuriam
2476 4724 2615 4801 pati,
2667 4744 2843 4806 quam
2906 4729 3104 4789 facere
3155 4728 3457 4808 injuriam.
3504 4727 3625 4791 Eos

1978 4811 2161 4889 enim,
2183 4812 2399 4892 quibus
2418 4812 3091 4896 impinguunturalapae,
3116 4835 3233 4877 non
3257 4816 3448 4878 solum
3471 4817 3597 4897 pati

1977 4901 2081 4961 sed
2116 4900 2294 4962 etiam
2327 4903 2505 4964 aliam
2538 4902 2853 4966 obvertere
2885 4906 3208 4980 maxillam,
3271 4906 3362 4967 lex
3398 4914 3488 4967 est
3525 4905 3624 4966 di-

1975 4989 2131 5053 vina.
2166 4991 2357 5070 Atque
2390 5000 2447 5052 tu
2477 4993 2718 5071 quidem
2756 4993 2939 5055 multa
2972 4994 3125 5055 bona
3158 5014 3190 5056 a
3237 4996 3361 5057 Deo
3405 5011 3628 5055 conse-

1978 5078 2181 5158 queris
2212 5088 2452 5158 propter
2483 5081 2595 5142 hoc
2629 5081 2848 5143 bonum
2885 5092 3048 5144 tuum
3077 5083 3445 5163 propositum
3468 5101 3484 5156 ;
3506 5101 3623 5143 no-

1978 5167 2070 5229 bis
2092 5186 2242 5228 ‘vero
2268 5168 2548 5248 sufﬁciet,
2576 5171 2623 5230 si
2649 5170 2928 5235 damnum
2952 5173 3262 5249 hucusque
3283 5171 3541 5247 sistatur,
3567 5179 3626 5234 et

1979 5276 2095 5318 non
2157 5256 2328 5337 plura
2383 5258 2648 5336 adjiciat.
2701 5260 2844 5321 Nam
2896 5271 3101 5323 nostra
3148 5260 3392 5341 quidem
3446 5279 3624 5322 causa

1979 5346 2157 5424 hujus
2190 5345 2410 5407 nullam
2462 5347 2818 5411 duceremus
2850 5353 3162 5423 rationem,
3209 5349 3324 5411 nisi
3363 5350 3518 5429 quod
3552 5368 3624 5412 ea

1971 5455 2103 5517 quae
2133 5443 2270 5497 sunt
2302 5435 2633 5516 hospitibus
2664 5447 2722 5501 et
2753 5439 3070 5519 egentibus
3098 5439 3382 5507 attributa
3411 5448 3471 5502 et
3507 5439 3618 5507 de-
