4022 6146
405 268 525 341 763

1716 277 1997 346 MENSIS
2030 274 2457 344 DEGEMBER.

3647 275 3773 347 764

408 415 646 498 stinata,
678 414 871 498 eripit.
901 415 1151 498 Pr0pter
1197 417 1323 480 haec
1366 436 1506 497 ergo
1551 416 1892 499 imperatrix
1936 434 2040 478 eos

2129 416 2241 482 τοὺς
2297 416 2512 481 τούτους
2570 414 2838 496 ἔφείσατο.
2899 415 3090 479 Αὗτοῖς
3159 410 3257 491 δὲ,
3319 412 3556 494 καθάπερ
3613 411 3773 472 ἐϐού-

412 507 598 586 magis
650 507 963 582 admirata,
1000 515 1244 588 prapter
1285 508 1393 570 hos
1423 508 1583 589 ipsos
1633 509 1898 589 pepercit
1927 508 2039 570 Se-

407 614 583 660 vero:
622 596 764 678 ipsis
796 604 1016 671 autem,
1053 599 1297 660 utsicut
1337 598 1610 661 volebant
1655 616 1865 660 omnes
1894 598 2042 660 citra

405 685 898 766 impedimentum
931 687 1259 749 venderent
1288 686 1615 761 facultates,
1664 706 1773 769 per
1801 687 2039 751 fratrem

409 775 633 857 praebet
658 786 716 837 et
743 777 1186 857 imperatorem,
1219 777 1318 856 qui
1346 779 1611 841 Romana
1639 786 1872 859 sceptra
1903 787 2043 841 tunc

412 865 884 929 administrabat.
918 866 989 929 Hi
1019 876 1215 930 autem
1250 881 1421 929 erant
1450 867 1679 929 domini
1720 868 2040 930 multorum

409 954 470 1016 in
502 955 856 1016 multislocis
874 955 1378 1035 praediorummon
1391 956 1581 1019 solum
1602 975 1782 1036 prope
1805 956 2039 1031 urbem,

407 1045 509 1106 sed
543 1045 716 1106 etiam
778 1045 1099 1107 multorum
1159 1046 1410 1107 aliorum
1468 1045 1530 1106 in
1588 1044 1773 1123 Italia,
1824 1055 1881 1107 et
1919 1066 2039 1108 non

408 1152 728 1214 paucorum
761 1154 996 1216 quoque
1026 1136 1083 1196 in
1128 1134 1351 1214 Sicilia,
1387 1135 1779 1215 plurimorum
1804 1154 1946 1197 vero
1980 1136 2039 1197 iu

406 1225 690 1303 Hispania
712 1234 768 1287 et
796 1224 1101 1287 Britannia
1128 1247 1140 1289 :
1166 1245 1296 1305 quae
1312 1226 1491 1288 etiam
1519 1235 1756 1305 propter
1776 1226 2038 1288 studium

404 1312 801 1395 imperatoris,
836 1322 1109 1394 prompte
1133 1313 1411 1375 emebant
1437 1332 1665 1388 omnes,
1691 1315 1885 1376 statim
1912 1316 2043 1378 sine

405 1402 848 1465 intermissione
871 1402 1120 1483 pretium
1146 1403 1536 1464 exsolveutes.
1565 1401 1640 1465 Hi
1658 1403 1856 1484 itaque
1877 1423 2040 1481 egre-

406 1491 485 1568 gii
517 1492 829 1571 magniﬁce
862 1499 1036 1555 etiam
1069 1491 1517 1558 admirabantur
1546 1491 1956 1572 imperatores,
1984 1502 2043 1556 et

404 1581 634 1644 Melana
658 1581 835 1643 voluit
860 1599 1125 1643 sororem
1152 1580 1527 1661 imperatoris
1552 1581 1904 1661 quibusdam
1930 1582 2042 1643 ho-

407 1672 593 1733 nestis
627 1671 850 1733 donare
881 1670 1251 1745 muneribus,
1281 1670 1385 1731 sed
1421 1670 1516 1732 illa
1562 1689 1767 1731 eorum
1816 1671 2041 1752 aliquid

405 1761 681 1841 accipere
706 1760 940 1823 dicebat
968 1779 1100 1822 esse
1131 1761 1316 1821 instar
1344 1760 1662 1838 sacrilegii.
1699 1763 1853 1823 Sunt
1880 1762 2040 1822 enim

404 1869 612 1913 revera
641 1869 809 1913 sacra
829 1859 888 1912 et
909 1849 1143 1912 Christo
1166 1850 1460 1913 dedicata.
1490 1849 1634 1912 Cum
1659 1850 1742 1911 sic
1778 1849 2044 1931 dixisset,

408 1940 476 2003 B.
512 1940 802 2002 Mclanam
833 1959 958 2003 ase
1006 1940 1146 2001 dum
1196 1957 1407 2017 magno
1461 1938 1683 2000 dimisit
1740 1939 2041 2019 comitatu,

410 2029 613 2090 multis
639 2029 968 2109 insignibus
998 2027 1305 2093 Eunuchis
1336 2047 1470 2089 cum
1532 2027 1860 2108 praapositis
1916 2047 2045 2090 eam

410 2119 902 2199 praecedentibus.
941 2117 1156 2199 Sicque
1188 2117 1459 2180 exierunt
1512 2117 1767 2180 Melana?
1800 2124 1860 2179 et
1917 2118 2049 2196 ejus

409 2209 655 2271 maritus
679 2228 712 2271 e
739 2208 926 2288 regia,
964 2209 1024 2270 in
1054 2206 1448 2271 admiratione
1477 2207 1689 2280 habiti,
1720 2215 1778 2267 ct
1801 2206 2047 2268 honori-

410 2300 523 2361 ﬁce
552 2298 820 2362 deducti.

487 2391 597 2452 XI.
630 2391 772 2453 Cum
801 2388 862 2450 hi
893 2396 1087 2450 autem
1125 2388 1386 2467 praeclari
1433 2392 1755 2467 cwpissent
1806 2404 1932 2461 sua,
1986 2394 2050 2447 ut

406 2478 705 2549 volebant,
737 2477 1108 2558 dispensare,
1145 2495 1263 2539 non
1295 2476 1472 2553 longo
1517 2476 1733 2536 abhinc
1782 2483 2048 2554 tempore

408 2585 648 2647 magnas
672 2568 799 2629 illas
828 2586 969 2629 suas
1002 2566 1286 2646 pecunias
1314 2566 1374 2626 in
1410 2581 1697 2643 pauperes
1751 2564 2047 2624 exhause-

407 2664 566 2718 runt.
604 2656 814 2732 Neque
835 2657 992 2717 enim
1020 2656 1171 2717 ullus
1193 2656 1366 2732 alius,
1387 2662 1635 2732 excepto
1658 2652 2042 2732 imperatore,

404 2746 481 2808 de
511 2745 730 2807 divitiis
760 2764 895 2806 cum
925 2747 1012 2807 eis
1060 2743 1505 2807 contendisset:
1560 2750 1674 2803 tam
1717 2760 1926 2821 magna
1960 2742 2048 2803 vis

408 2835 678 2915 pecunia
697 2843 755 2896 et
779 2852 962 2915 prope
983 2832 1372 2912 incredibilis,
1400 2851 1470 2894 ex
1487 2832 1644 2910 agris
1664 2849 1868 2893 eorum
1894 2851 2041 2908 quo-

405 2923 606 2986 tannis
627 2922 879 2994 redibat,
942 2922 1092 2995 auri,
1143 2930 1207 2983 ut
1246 2921 1435 2996 aiunt,
1478 2919 1796 2982 duodecim
1833 2920 2040 2982 millia.

2072 1786 2106 1835 Β
2128 1755 2468 1830 ἀνακείμενα,

2123 503 2304 579 tam,
2348 507 2408 561 τὸ
2462 511 2634 562 πᾶσαν
2680 509 2863 569 αὖτοῖς
2920 504 3207 570 ἀκωλύτως
3259 504 3511 573 πωλῆσαι
3543 504 3641 570 τὴν
3670 506 3771 561 οὗ·

2125 595 2239 650 σίαν
2294 591 2378 649 διὰ
2424 600 2514 675 τοῦ
2557 592 2782 675 ἀδελφοῦ
2838 594 2925 651 καὶ
2981 592 3245 671 βασιλέως
3301 592 3558 672 παρέχει,
3614 615 3777 660 τηνι-

2123 691 2291 740 καῦτα
2347 683 2412 739 τὰ
2466 674 2742 757 εΡωιξειῖκτὶι
2800 690 3047 753 σκῆπτρα
3092 681 3392 744 διέποντος.
3449 680 3669 739 Πολλῶν
3721 681 3782 738 δὲ

2125 772 2270 831 οὗτοι
2329 773 2498 849 κύριοι
2541 775 2630 829 καὶ
2682 773 2823 850 παρὰ
2865 771 3093 838 πολλοῖς
3146 786 3263 834 τοῖς
3322 774 3508 835 τόποις
3568 771 3779 848 ἀγρῶν,

2126 865 2186 920 οὒ
2229 863 2330 938 πρὸ
2372 867 2470 928 τῆς
2515 862 2723 927 πόλεως
2755 863 2942 937 μόνον,
2976 861 3114 918 ἀλλά
3142 863 3228 919 καὶ
3262 860 3478 919 πολλῶν
3509 860 3689 921 ἄλλων
3723 860 3783 917 ἐν

2127 950 2325 1024 Ἰταλίᾳ
2382 952 2475 1007 οὒκ
2527 949 2718 1030 ὀλίγων
2776 949 2831 1007 δὲ
2889 952 2978 1009 καὶ
3038 951 3092 1008 ἐν
3165 950 3408 1030 Σικελίᾳ,
3477 948 3665 1024 πολλῷ
3722 949 3782 1006 δὲ

2128 1040 2384 1097 πλειόνων
2442 1039 2495 1096 ἐν
2547 1040 2783 1114 Ἰσπανίᾳ
2866 1058 2924 1098 τε
2982 1042 3071 1098 καὶ
3126 1048 3195 1118 τῇ
3278 1042 3563 1116 Βρεττανίᾳ
3600 1087 3617 1113 ,
3684 1040 3779 1104 οὓς

2124 1131 2210 1186 καὶ
2259 1128 2342 1186 διὸ⁵
2384 1129 2481 1199 τήν
2530 1138 2624 1186 τοῦ
2665 1130 2925 1207 βασιλέως
2983 1128 3213 1197 σπουδὴν
3270 1130 3496 1206 ἑτοίμως
3541 1130 3780 1187 ὠνοῦντο

2125 1223 2315 1284 πάντες
2375 1221 2470 1285 τὰς
2519 1222 2677 1295 τιμὰς
2739 1221 2927 1284 ἑνθέως
3004 1220 3426 1299 ἀπαραλείπτους
3482 1219 3779 1276 κατατιθέ-

2124 1331 2298 1384 μενοι,
2354 1308 2504 1367 Οὕτω
2555 1315 2655 1376 τῆς
2711 1309 3182 1390 μεγαλοφροσύνης
3266 1312 3313 1368 οἱ
3382 1322 3619 1389 γενναῖοι
3683 1311 3781 1365 τὸν

2123 1397 2344 1475 βασιλέα
2389 1398 2646 1476 ἀγάμενοι
2692 1400 2779 1455 καὶ
2835 1401 3078 1474 κοσμίοις
3123 1400 3264 1456 τισίν
3324 1400 3359 1467 ἦ
3422 1396 3642 1464 Μελάνη
3675 1396 3782 1464 τήν

2124 1494 2215 1544 τοῦ
2274 1493 2589 1558 κρατοῦντος
2677 1486 2906 1568 ἀδελφὴν
2992 1487 3149 1555 ἤθελε
3224 1486 3532 1554 δεξιοῦσθαι.
3621 1485 3780 1544 Ἀλλ’

2126 1577 2299 1644 ἐκείνη
2361 1579 2420 1633 τὸ
2475 1579 2673 1634 τούτων
2718 1601 2768 1634 τι
2828 1576 3014 1634 λαϐεῖν
3074 1578 3263 1645 ἐπίσης
3293 1577 3396 1658 ἔφη
3443 1581 3520 1651 τῷ
3561 1578 3783 1653 ἱεροσυ-

2126 1665 2244 1723 λειν
2279 1685 2293 1699 ·
2380 1666 2493 1743 ἱεροὶ
2565 1668 2663 1744 γὰρ
2736 1665 2973 1744 ἄντικρυς
3043 1669 3131 1725 καὶ
3209 1667 3340 1726 αὐτὰ
3406 1668 3494 1721 καὶ
3566 1671 3787 1745 Χριστῷ

2559 1755 2735 1820 Οἶίτως
2827 1759 3043 1813 εἰποῦσα
3128 1757 3226 1824 τὴν
3312 1757 3579 1833 μακαρίαν
3637 1776 3789 1833 παρ-

2129 1843 2335 1918 έπεμπε
2383 1843 2596 1901 πολλῶν
2657 1846 2925 1925 ἐπιφανῶν
2956 1845 3226 1924 εὐνούχων
3284 1844 3422 1919 μετά
3464 1849 3559 1899 τοῦ
3615 1863 3787 1918 πραι-

2129 1935 2347 1992 ποσίτου
2417 1934 2609 2001 ταύτης
2668 1933 3078 2013 προοδευόντων,
3153 1934 3248 1991 Καὶ
3317 1932 3484 1997 οὕτως
3542 1930 3779 2007 ἐξῄεσαν

2129 2021 2164 2090 ἤ
2224 2044 2280 2079 τε
2338 2020 2553 2091 Μελένη
2612 2025 2699 2079 καὶ
2756 2025 2783 2080 ὁ
2841 2024 3037 2090 ταύτης
3118 2022 3249 2098 ἀνὴρ
3311 2022 3414 2079 τῶν
3466 2019 3782 2097 βασιλείων,

2130 2106 2516 2187 θαυμαζόμενοι
2600 2134 2658 2169 τε
2728 2114 2871 2189 παρά
2926 2114 3138 2169 πάντων
3223 2112 3309 2167 καὶ
3379 2110 3782 2189 προπεμπόμε-

2133 2224 2234 2259 νοι.

2211 2378 2626 2438 ιΑ¹⁹Ανι
2817 2382 2904 2414 ἰ
3029 2382 3046 2437 t
3171 2382 3212 2419 ’κ
3469 2381 3481 2395 “
3718 2385 3745 2396 ”

2304 2424 2318 2438 .
2449 2402 2693 2457 ρ,αμειοι
2747 2402 2919 2437 τοινυι
2999 2401 3027 2436 ο
3136 2392 3372 2459 γειναῖοι
3430 2402 3497 2437 τα
3571 2380 3782 2439 ἐαυτων

2128 2470 2322 2526 τιθέναι
2377 2470 2546 2531 καθὼς
2602 2468 2916 2548 ἠϐούλοντο,
2964 2474 3059 2529 οὐκ
3115 2470 3168 2526 ἐν
3236 2476 3422 2546 μακρῷ
3476 2468 3666 2548 χρόνῳ
3720 2470 3782 2525 τὰ

2129 2558 2302 2616 πολλὰ
2356 2560 2538 2616 ἒκεῖνα
2570 2561 2697 2638 πρὸς
2748 2560 2870 2623 τοὺς
2927 2557 3206 2633 δεομένους
3266 2556 3595 2627 ἐξήντλησαν
3626 2560 3781 2637 χρή-

2130 2671 2272 2721 ματα
2309 2665 2323 2679 ’
2384 2647 2499 2704 ούδὲ
2572 2650 2670 2726 γὰρ
2729 2662 2916 2712 αυτοῖς
2973 2647 3054 2705 ὅτι
3088 2649 3164 2723 μὴ
3194 2647 3441 2725 βασιλεὺς
3473 2654 3566 2704 τοῦ
3603 2648 3775 2705 πλούφ

2130 2760 2222 2794 του
2278 2737 2338 2793 ἂν
2372 2735 2784 2818 ἠμφισϐήτησεν
2821 2757 2836 2771 ·
2871 2737 3010 2794 οὕτω
3039 2737 3175 2796 πολύ
3203 2760 3254 2794 τι
3285 2742 3476 2816 χρῆμα
3508 2736 3604 2794 καί
3641 2759 3777 2817 σχε-

2127 2827 2216 2886 δον
2274 2827 2496 2885 ἄπιστοι
2527 2827 2586 2883 ἐκ
2630 2832 2731 2885 τῶν
2762 2827 2938 2905 ἀγρῶν
2992 2832 3184 2891 αὐτοῖς
3241 2824 3308 2882 δι’
3366 2825 3511 2891 ἔτους
3573 2826 3769 2906 ἐφοίτα,

2128 2915 2399 2995 μυριάδες,
2455 2919 2603 2996 φασὶ,
2667 2918 2889 2996 χρυσίου
2942 2915 3168 2977 δώδεκα.
3245 2920 3303 2974 οι
3378 2914 3433 2972 δὲ
3493 2915 3653 2973 τοῦτό
3718 2935 3772 2971 τε

405 3012 497 3076 llli
516 3022 710 3074 autem
734 3013 849 3074 hoc
867 3013 1206 3075 universum
1230 3009 1670 3073 distribuebant
1687 3009 2042 3090 pauperibus

2129 3006 2268 3062 ἅπαν
2299 3018 2416 3069 τοῖς
2462 3006 2651 3073 πένησι
2684 3004 2992 3084 διεμέριζον,
3051 3006 3321 3070 κάκείνους
3373 3005 3559 3070 αὐτοὺς
3617 3002 3777 3061 ὕστε-

404 3101 741 3181 atqueillos
770 3101 931 3182 ipsos
977 3120 1150 3181 agros
1202 3110 1404 3180 postea
1442 3099 1871 3197 vendiderunt.
1925 3103 2042 3163 Hoc

2133 3118 2220 3173 ρον
2273 3096 2394 3159 τοὺς
2428 3095 2619 3174 ἀγροὺς
2662 3093 2941 3154 ἀπέδοντο.
2991 3103 3235 3171 Σημεῖον
3285 3092 3341 3150 δὲ
3370 3101 3460 3151 τοῦ
3492 3093 3732 3151 πλούτου
3761 3108 3775 3122 ⁸

408 3180 546 3252 vero
578 3200 668 3252 est
698 3180 1114 3270 argumentum
1163 3208 1368 3252 eorum
1423 3188 1758 3251 divitiarum
1789 3211 1802 3252 :
1836 3207 2042 3251 eorum

2129 3185 2227 3250 τὴν
2278 3185 2379 3262 γὰρ
2435 3186 2601 3240 οἰκίαν
2653 3185 2853 3242 τούτων
2895 3185 3061 3246 οὕτως
3097 3187 3255 3242 οὖσαν
3305 3183 3553 3260 λαμπρὰν
3611 3180 3779 3245 οὐδεὶς

406 3279 564 3341 enim
597 3280 865 3356 domum,
897 3298 1030 3361 quae
1059 3288 1187 3342 erat
1217 3279 1365 3341 adeo
1397 3278 1710 3358 Splendida
1736 3289 1792 3339 et
1815 3279 2042 3359 magni-

407 3369 744 3448 ﬁca,uullus
756 3368 1162 3454 Romanorum
1200 3368 1387 3449 potuit
1410 3369 1571 3447 justo
1592 3368 1780 3447 pretio
1800 3386 2002 3430 emere
2028 3387 2040 3431 :

411 3463 547 3537 igne
565 3468 759 3521 autem
785 3468 987 3540 postea
1006 3478 1041 3520 a
1056 3458 1254 3522 barba:
1274 3459 1324 3519 is
1342 3465 1606 3519 exustam
1632 3476 1765 3518 cum
1795 3457 2043 3520 multum

410 3549 484 3610 de
507 3549 697 3629 pretio
727 3548 1256 3620 remisissent,eam
1277 3565 1516 3628 quoque
1539 3545 1816 3608 similiter
1838 3547 2044 3608 vendi-

407 3638 641 3710 derunt,
680 3639 869 3719 majus
897 3638 1180 3720 quiddam
1214 3656 1392 3718 quam
1422 3635 1555 3707 Job,
1612 3647 1677 3698 ut
1730 3636 1878 3697 mihi
1912 3637 2041 3712 qui-

406 3727 540 3790 dem
575 3728 831 3808 videtur,
868 3729 976 3790 hac
1006 3728 1067 3789 in
1098 3745 1166 3789 re
1199 3726 1505 3790 facientes.
1541 3724 1686 3787 Nam
1720 3725 1775 3786 ei
1807 3726 2044 3805 quidem

407 3828 722 3898 paupertas
762 3818 870 3879 fuit
900 3817 1335 3889 imoluntaria;
1370 3816 1431 3877 hi
1463 3824 1655 3876 autem
1690 3814 1945 3876 libentes
1976 3834 2045 3876 ex

402 3906 716 3970 ditissimis
745 3908 941 3969 eliecti
968 3916 1106 3969 sunt
1136 3906 1519 3987 pauperrimi.
1555 3905 1628 3966 Et
1648 3905 1779 3983 ejus
1801 3904 2046 3981 quidem

405 4014 552 4057 uxor
584 4016 699 4057 non
724 4016 933 4075 magno
956 4006 1011 4059 et
1041 3996 1180 4058 forti
1204 3995 1402 4057 animo
1433 3994 1681 4066 ferebat,
1718 3993 1879 4068 quod
1911 4012 2051 4054 con-

411 4084 657 4163 tigerat;
687 4086 919 4150 Melana
949 4096 1147 4150 autem
1181 4105 1300 4147 non
1325 4086 1512 4146 solum
1538 4083 1697 4160 quod
1730 4083 1801 4144 ad
1821 4101 1887 4143 se
1907 4081 2047 4142 atti-

2129 3273 2326 3352 ἴσχυσε
2370 3271 2648 3348 Ῥωμαίων
2705 3279 2803 3341 τῆς
2858 3272 3000 3340 ἀξίας
3053 3274 3320 3351 πρίασθαι,
3377 3274 3498 3348 πυρὶ
3540 3270 3597 3329 δὲ
3640 3272 3779 3346 μετά

2128 3369 2292 3419 ταῦτα
2349 3375 2467 3428 τοῖς
2527 3361 2806 3441 βαρϐάροις
2863 3367 3309 3436 κατακαυθεῖσαν,
3373 3362 3491 3418 τότε
3535 3362 3597 3419 τὸ
3644 3359 3781 3418 πολὺ

2128 3453 2222 3519 τῆς
2278 3454 2440 3527 τιμῆς
2489 3451 2703 3531 ὑφέντες
2789 3452 2871 3509 καὶ
2957 3452 3152 3519 ταύτην
3216 3451 3416 3523 ὁμοίως
3492 3448 3776 3523 ἀπέδοντο,

2130 3541 2317 3617 μεῖζόν
2376 3563 2448 3621 τι,
2511 3541 2694 3618 ἔμοιγε
2753 3539 2926 3613 δοκεῖ,
2989 3543 3073 3597 καὶ
3127 3548 3217 3598 τοῦ
3264 3538 3384 3599 Ἰὼϐ
3443 3536 3562 3597 κατ’
3619 3539 3783 3596 autem“)

2130 3636 2424 3694 ποιοῦντες.
2488 3636 2575 3702 Τῷ
2616 3629 2714 3705 μὲν
2758 3631 2857 3707 γὰρ
2900 3628 3143 3693 ἀκούσιος
3172 3632 3207 3698 ἡ
3240 3630 3393 3685 πενία
3426 3645 3444 3664 ⁶
3505 3630 3553 3685 οἱ
3604 3626 3661 3683 δὲ
3695 3627 3785 3684 καὶ

2131 3721 2342 3783 ἑκόντες
2384 3721 2455 3783 εἰς
2504 3720 2626 3780 τοὺς
2673 3718 3020 3784 πενεστάτους
3074 3720 3291 3783 ἑαυτοὺς
3344 3717 3403 3774 ἐκ
3450 3717 3557 3775 τῶν
3601 3716 3781 3775 πλου-

2130 3808 2405 3867 σιωτάτων
2436 3809 2720 3868 καθίστων.
2770 3809 3005 3881 Κακείνῳ
3059 3808 3157 3883 μὲν
3219 3807 3248 3874 ἦ
3313 3808 3441 3885 γυνὴ
3498 3810 3557 3866 οὐ
3601 3828 3784 3884 μεγα-

2130 3899 2390 3978 λοψύχως
2450 3896 2562 3954 οὐδὲ
2624 3899 2875 3975 γενναίως
2921 3900 2983 3954 τὸ
3026 3894 3230 3972 συμϐὰν
3277 3896 3458 3975 ἔφερεν
3492 3914 3507 3931 ⁶
3559 3894 3681 3965 ἱλδέ
3724 3917 3784 3974 γε

2133 3990 2349 4054 Μελάνη
2405 3989 2507 4067 οὐχ
2584 3985 2706 4044 ὅσον
2774 3988 2835 4043 τὸ
2920 3986 3003 4043 ἐπ’
3056 3988 3197 4061 αὖτῴ
3265 3985 3442 4054 ἡδέως
3501 3984 3783 4063 ἔπραττεν,

2131 4077 2268 4134 ἀ).λὰ
2318 4079 2404 4134 καὶ
2462 4078 2551 4135 τὸν
2609 4075 2767 4155 ἄνδρα
2813 4078 3064 4134 κοινωνὸν
3098 4076 3264 4133 ἐποίει
3297 4085 3393 4134 τοῦ
3428 4074 3549 4131 ἴσου
3580 4075 3786 4132 σκοποῦ

412 4174 611 4249 nebat,
646 4176 705 4238 id
742 4176 995 4239 libenter
1024 4174 1296 4254 faciebat,
1334 4172 1441 4235 sed
1466 4173 1642 4234 etiam
1679 4174 1949 4233 maritum
1971 4172 2042 4233 fa-

2133 4172 2220 4226 καὶ
2277 4168 2373 4236 τῆς
2418 4167 2770 4245 προαιρέσεως
2807 4183 2819 4197 ’
2854 4168 2947 4223 οὒκ
2977 4163 3170 4234 ἄδηλον
3216 4166 3455 4235 πάντως,
3490 4163 3570 4221 ὅτι
3615 4166 3707 4221 καὶ
3748 4166 3782 4231 ἡ

411 4264 601 4328 ciebat
630 4266 974 4347 participem
1009 4266 1102 4327 sui
1126 4252 1292 4344 scopi
1325 4271 1382 4324 ct
1410 4261 1684 4324 instituti.
1718 4261 1824 4323 Est
1851 4269 2042 4322 autem

2135 4258 2331 4315 ἄνωθεν
2390 4258 2569 4319 αὐτοῖς
2627 4254 2880 4336 ἐφέπτετο
2959 4254 3107 4321 δεξιά
3191 4254 3226 4324 ἢ
3309 4257 3396 4311 καὶ
3465 4252 3781 4329 ἱσταμένους

408 4353 551 4416 satis
580 4343 822 4417 evidens
843 4343 1159 4435 supernam
1185 4343 1485 4414 dexteram
1507 4352 1594 4413 eis
1618 4368 1791 4430 opem
1816 4349 2042 4425 tulisse,

2136 4346 2416 4427 ἐφύλαττε,
2462 4345 2560 4402 κᾶν
2605 4344 2788 4402 εἴποτε
2832 4343 2886 4400 δὲ
2959 4346 3045 4402 καὶ
3100 4343 3561 4423 ὒποσκελισθεϊεν,
3636 4343 3781 4405 εὖθὺς

410 4462 539 4523 ηοω
571 4453 633 4504 et
662 4453 883 4506 stantes
916 4431 1309 4522 custodiebat,
1341 4449 1401 4502 et
1431 4440 1479 4500 si
1526 4439 1765 4516 quando
1800 4438 2042 4501 fuissent

2135 4434 2437 4514 ὑπήρειδεν.
2500 4433 2642 4501 Αὕτη
2700 4432 2959 4497 πολλάκις
3020 4435 3107 4491 καὶ
3193 4431 3593 4513 σφαλλομένους
3660 4445 3781 4493 τοῖς

410 4509 794 4613 supplantati,
818 4534 947 4612 ipsa
969 4551 1071 4594 eos
1090 4509 1359 4612 protinus
1379 4509 1642 4608 erigebat
1671 4539 1731 4591 et
1755 4529 2042 4591 ﬁrmabat.

2135 4526 2359 4602 ὀνείρασι
2410 4522 2646 4580 διανίστα
2675 4524 2761 4581 καὶ
2794 4524 2998 4580 διετίθει
3062 4524 3193 4602 πρὸς
3237 4524 3299 4579 τὸ
3358 4520 3556 4597 μέλλον
3602 4521 3779 4601 ἀσφα-

408 4610 545 4702 Ipsa
565 4640 668 4683 eos
686 4610 1002 4701 sepe—cum
1027 4610 1336 4683 insomnis
1358 4618 2042 4701 prolaberentur,sustol-

2134 4615 2432 4693 λεστέρους.
2472 4613 2571 4671 Καί
2601 4633 2729 4670 ποτε
2760 4610 2933 4678 ἔδοξαν
2992 4615 3115 4689 ὁρᾷν
3160 4610 3321 4691 ἄμφω
3377 4613 3512 4686 ὁμοῦ
3553 4610 3654 4677 τὴν
3683 4610 3780 4685 μὲν

411 4699 590 4786 lebat,
624 4720 683 4772 et
706 4699 808 4773 eos
830 4710 1126 4773 efﬁciebat
1151 4699 1446 4771 cautiores
1475 4715 1534 4769 in
1566 4719 1894 4788 posterum.
1918 4707 2042 4771 Ali-

2135 4705 2323 4784 ἀρχὼν
2377 4700 2461 4759 διὰ
2513 4702 2701 4770 στενῆς
2755 4699 2874 4759 ὁδοῦ
2935 4703 3066 4758 πάν)
3110 4704 3444 4781 πορεύεσθαι,
3498 4700 3587 4756 καὶ
3628 4703 3780 4776 θριγ-

408 4800 646 4881 quando
676 4809 872 4862 autem
902 4799 1013 4861 sibi
1072 4800 1172 4861 visi
1204 4805 1345 4860 sunt
1370 4797 1545 4859 ambo
1568 4786 1762 4859 Vsimul
1788 4798 1849 4858 in
1882 4797 2042 4877 prin-

2134 4796 2267 4858 κίοις
2319 4791 2742 4867 διειλημμένοις,
2804 4790 2840 4859 ἢ
2901 4793 2987 4848 καὶ
3031 4789 3195 4854 οὕτως
3242 4790 3421 4852 αὐτοὺς
3480 4786 3782 4846 συνέθλιϐεν

411 4877 567 4971 cipio
598 4889 841 4967 quidem
866 4890 1174 4952 ambulare
1206 4907 1314 4969 per
1337 4888 1486 4948 viam
1518 4886 1839 4948 admodum
1858 4904 2042 4964 angu-

2135 4887 2209 4948 ὼς
2270 4882 2626 4960 συντετρίφθαι
2688 4878 2866 4938 δοκεῖν
2902 4902 2915 4915 ·
2963 4880 3049 4937 ἐπὶ
3108 4879 3159 4936 δὲ
3213 4880 3347 4956 μετὰ
3397 4877 3605 4944 πολλῆς
3649 4878 3778 4934 ταύ-

411 4965 562 5042 stam
594 4965 654 5043 et
684 4980 858 5043 fossis
887 4965 1298 5060 interceptam,
1329 4996 1461 5056 quae
1490 4977 1569 5038 ita
1596 4994 1704 5037 eos
1731 4976 2042 5055 afﬂigebat,

2134 4996 2234 5041 την
2293 4974 2391 5036 τῆς
2434 4971 2787 5032 κακοπαθείας
2834 4970 3100 5043 ἀνύσειαν,
3163 4976 3454 5035 τηνικαῦτα
3497 4965 3674 5031 ἄνεσίς
3722 4986 3778 5021 τε

414 5079 478 5132 ut
504 5070 853 5133 viderentur
883 5068 997 5132 sibi
1029 5053 1159 5132 esse
1190 5053 1427 5131 contriti
1461 5074 1521 5128 et
1554 5053 2042 5127 confractifPost'

2137 5062 2323 5128 αὖτοὺς
2381 5057 2655 5139 διεδέχετο
2712 5060 2802 5114 καί
2865 5060 3159 5138 εὐρυχωρία
3219 5056 3397 5124 πολλὴ
3458 5056 3546 5111 καὶ
3616 5053 3777 5123 ἡδονὴ

411 5179 589 5240 quam
624 5178 760 5223 vero
790 5178 920 5222 eam
952 5178 1086 5222 cum
1125 5177 1335 5237 magna
1367 5155 1689 5219 aﬁlictione
1713 5172 1783 5215 ac
1803 5172 2042 5234 perpes-

2139 5151 2363 5231 ἂῤῥητός
2423 5172 2503 5212 τις
2547 5152 2639 5205 καί
2698 5149 3152 5224 ὑπερθαύμαστος.
3228 5146 3408 5208 Οὕτως
3488 5148 3671 5206 αὐτοῖς
3722 5144 3781 5198 τὸ

411 5232 580 5312 sione
624 5249 1041 5321 confecissent,
1105 5232 1247 5309 tunc
1299 5265 1400 5308 eos
1450 5245 1680 5324 excepit
1744 5232 2042 5318 relaxatio,

2142 5250 2300 5298 Θεῖον
2390 5238 2599 5317 Θαῤῥεῖν
2706 5236 2985 5316 προδήλως
3068 5237 3199 5314 ὑπὲρ
3288 5241 3391 5291 τῶν
3479 5232 3782 5309 μελλόντων

413 5338 787 5418 liberumque
819 5347 878 5400 et
907 5338 1182 5416 spatium,
1217 5345 1276 5396 et
1331 5320 1610 5414 voluptas
1642 5331 1965 5394 iueﬂ‘abilis
1997 5342 2042 5393 el

2140 5330 2329 5402 ἐποίει,
2362 5328 2450 5385 καὶ
2497 5326 2574 5384 ὅτι
2619 5327 2809 5393 πόνους
2860 5327 3079 5406 μικροὺς
3103 5326 3168 5382 τά
3197 5321 3408 5404 μεγαλα
3439 5327 3544 5380 τῶν
3575 5320 3783 5401 ἀγαθῶν

412 5427 583 5489 valde
610 5426 1000 5488 admirabilis.
1036 5424 1135 5488 Sic
1165 5426 1322 5487 Deus
1344 5424 1660 5495 elﬁciabat,
1687 5432 1749 5482 ut
1780 5421 1821 5481 ii
1851 5429 2042 5500 aperte

2140 5419 2487 5486 διαδέξονται.

413 5516 489 5578 de
519 5516 732 5575 futuris
761 5524 984 5577 certam
1034 5512 1422 5593 conciperent
1458 5511 1760 5583 ﬁduciam,
1808 5518 1866 5570 et
1895 5509 2056 5586 quod

415 5620 634 5689 parvos
664 5602 900 5668 labores
930 5619 1141 5683 magna
1172 5600 1326 5665 bona
1357 5607 1559 5664 essent
1588 5606 2013 5662 consecutura.
