4022 6146
290 322 420 393 765

1644 320 1831 390 VITA
1878 322 1941 388 S.
1988 323 2351 391 MELAN/E.

3555 329 3675 400 766

381 462 494 526 ιΒ’.
530 462 603 525 Οὔ
635 458 743 540 μὴν
775 462 828 521 δὲ
873 463 902 521 ὀ
957 462 1132 528 κοινὸς
1188 458 1377 536 ἠμέλει
1433 456 1692 534 πολέμιος
1751 458 1942 537 πάντα,

2113 458 2245 523 XII.
2297 458 2415 523 Sed
2451 477 2644 541 neque
2676 466 2801 523 erat
2834 459 3136 541 negligens
3193 463 3525 527 communis
3554 464 3673 528 ini-

289 554 357 611 τὺ
436 562 526 613 τοῦ
582 553 764 632 λόγου,
837 553 1016 611 κάλων
1039 556 1221 609 κινῶν·
1297 547 1414 607 ἀλλ’
1488 548 1667 624 ὥσπερ
1748 548 1947 607 ἐκείνου

288 644 517 724 τρόπος,
575 641 659 700 διὰ
714 643 921 703 πάντων
982 642 1077 716 μὲν
1138 640 1428 720 ἐπεχείρει,
1489 636 1572 695 διὰ
1631 636 1685 693 δὲ
1734 637 1945 695 πάντων

287 734 608 809 ἡττώμενος
665 733 957 813 ὑπεχώρει.
1020 729 1328 788 Συνείλεκτό
1384 749 1513 785 ποτε
1568 740 1684 790 τοῖς
1726 726 1947 793 δικαίοις

288 822 695 885 πολυτάλαντος
751 823 969 902 χρυσίου
1020 843 1099 886 τις
1157 820 1339 899 ὄγκος,
1399 820 1483 875 καὶ
1533 817 1669 874 κατᾶ
1697 824 1789 874 τοῦ
1819 815 1945 873 ἐδά-

285 935 425 993 φους
456 912 703 993 ἑκέχυτο.
739 905 797 969 Ὀ
838 910 893 967 δὲ
937 910 1094 974 οἶκος
1144 908 1240 968 ἴσα
1283 910 1403 987 πυρὶ
1454 913 1531 981 τῷ
1560 914 1747 987 χρυσῷ
1785 928 1943 963 ιατε-

285 1001 570 1078 λάμπετο,
604 999 839 1075 Ἔμελλε
874 998 986 1072 δὲρ
1026 1020 1225 1078 χρυσος
1256 997 1404 1064 οὗτος
1462 996 1675 1053 πολλῶν
1721 996 1942 1069 ἀπορίας

282 1091 397 1172 ἄρα
451 1093 539 1149 καὶ
595 1095 861 1169 συμφορᾶς
918 1088 1240 1155 ἐξιάσασθαι,
1306 1080 1397 1149 ἐὶς
1457 1087 1544 1145 οὖν
1611 1088 1646 1155 ἠ
1724 1085 1941 1153 Μελάνη

282 1183 384 1239 τὸν
446 1181 603 1238 οἶκον
659 1182 847 1256 είοῂει,
908 1180 1027 1237 τότε
1087 1176 1151 1246 δὴ
1207 1179 1293 1235 καὶ
1350 1177 1553 1257 τέχνης
1612 1179 1639 1233 ὁ
1711 1177 1942 1254 πονηρὸς

283 1270 518 1344 ἥπτετο,
578 1272 664 1326 καὶ
722 1268 1050 1348 περιέλαμπε
1080 1268 1179 1335 τὴν
1224 1266 1346 1343 ὄψιν
1377 1270 1538 1333 αὐτῆς
1597 1273 1674 1340 τῷ
1733 1272 1939 1345 χρυσῷ*

286 1358 566 1417 διεσάλευε
596 1360 696 1426 την
727 1358 911 1437 ψυχὴν
943 1363 1010 1432 τῇ
1053 1380 1237 1437 χροιᾳ,
1288 1358 1378 1413 καὶ
1420 1354 1704 1433 ὒπέθελγεν
1741 1374 1755 1389 ο
1811 1357 1943 1410 ὑπε-

286 1452 427 1507 τίθει
488 1451 549 1505 τὸ
605 1450 787 1525 βάρος,
847 1446 1118 1503 ὑπεδείκνυ
1170 1447 1231 1502 τὸ
1282 1444 1503 1516 κάλλος,
1556 1446 1710 1501 παντὶ
1763 1442 1944 1523 τρόπῳ

285 1538 461 1611 ωλᾷν
517 1536 673 1605 ἤθελε
726 1538 818 1593 τὸν
879 1535 1049 1612 μέγαν
1107 1534 1274 1597 ὄντως
1332 1541 1436 1592 τῶν
1494 1533 1765 1611 λογισμῶν
1838 1538 1941 1602 θη-

2032 550 2243 630 micus,
2279 550 2400 632 qui,
2435 558 2498 612 ut
2538 560 2630 614 est
2658 552 2717 614 in
2767 555 3099 633 proverbio,
3138 554 3408 618 movebat
3435 574 3674 617 omnem

2028 640 2368 720 rudentem,
2404 640 2507 702 sed
2543 640 2694 702 sicut
2739 650 2826 704 est
2858 661 2985 705 mos
3014 643 3191 720 illius,
3227 644 3506 708 omnibus
3536 645 3675 727 qui-

2030 728 2166 790 dem
2215 729 2406 790 mudis
2446 730 2919 809 aggrediebatur,
2951 750 3190 814 semper
3235 743 3431 796 autem
3490 734 3677 796 victus

2030 818 2371 881 recedebat.
2418 819 2675 882 Collecta
2731 821 3050 903 aliquando
3096 824 3289 886 fuerat
3330 825 3450 886 illis
3495 823 3676 904 justis

2029 907 2113 968 vis
2136 908 2262 968 auri
2292 910 2567 983 maxima,
2601 919 2655 971 et
2675 911 2836 972 humi
2860 927 2987 974 erat
3007 915 3211 989 effusa,
3243 915 3455 976 domus
3477 922 3675 975 autem

2032 1006 2148 1059 tota
2203 1017 2344 1059 auro
2380 1018 2495 1060 non
2551 1019 2723 1063 secus
2754 1010 2929 1083 atque
2980 1003 3117 1084 igne
3147 1003 3519 1082 collucebat;
3553 1010 3680 1065 erat

2028 1105 2161 1149 vero
2196 1093 2303 1148 hoc
2335 1107 2538 1149 aurum
2578 1094 2994 1152 subventurum
3032 1097 3340 1154 multorum
3387 1097 3595 1167 inopiae
3623 1103 3678 1155 et

2027 1177 2369 1239 calamitati.
2402 1178 2568 1241 Tunc
2604 1180 2897 1257 malignus
2928 1181 3102 1260 coapit
3133 1201 3241 1245 suo
3273 1188 3356 1243 uti
3402 1182 3673 1259 artiﬁcio,

2026 1269 2155 1345 ejus
2184 1266 2397 1328 faciem
2427 1267 2554 1329 auri
2578 1269 2781 1349 specie
2814 1270 3150 1351 illustravit,
3176 1273 3373 1332 colore
3400 1272 3529 1350 ejus
3551 1272 3674 1332 ani-

2028 1373 2186 1414 mum
2211 1355 2380 1415 leniit
2404 1365 2459 1416 et
2488 1356 2791 1432 demulsit,
2817 1359 3124 1420 admonuit
3146 1361 3340 1438 magni
3369 1360 3674 1440 ponderis,

2029 1443 2288 1505 ostendit
2322 1446 2831 1524 pulchritudinem
2869 1468 2882 1505 :
2917 1447 3196 1511 omnibus
3228 1449 3420 1510 modis
3450 1448 3678 1511 volebat

2031 1532 2086 1593 ei
2136 1533 2372 1613 eripere
2408 1552 2548 1596 vere
2607 1554 2880 1615 maguum
2914 1538 3261 1599 thesaurum
3317 1537 3587 1612 rationis,
3621 1545 3682 1600 et

288 1629 515 1707 σαυρόν,
552 1629 639 1684 καὶ
667 1625 762 1691 ὡς’
794 1625 904 1705 έφῶ
934 1623 1099 1690 δεῖξαι
1131 1631 1338 1703 χρυσοῦ
1384 1625 1444 1680 τὸ
1495 1630 1599 1680 πᾶν
1639 1623 1941 1700 ἐσκαιώρει.

2033 1621 2182 1683 nihil
2216 1642 2333 1683 non
2370 1624 2746 1706 moliebatur,
2781 1633 2844 1688 ut
2874 1627 3137 1689 efﬁceret
3164 1647 3290 1690 eam
3324 1633 3450 1689 auri
3477 1645 3679 1689 amore

288 1716 453 1777 Ἀλλ’
484 1719 557 1780 εἰς
590 1717 766 1791 μάτην
815 1715 879 1770 τὰ
936 1712 1114 1785 ἔνεδρα
1172 1720 1248 1787 τῷ
1295 1718 1514 1792 πονηρῷ
1567 1712 1683 1770 κατ’
1726 1713 1893 1780 αὐτῆς
1931 1735 1942 1749 ·

2033 1711 2246 1774 teneri.
2286 1710 2399 1773 Sed
2434 1713 2649 1775 frustra
2680 1714 2735 1776 ei
2769 1716 3057 1795 malignus
3107 1719 3347 1796 parabat
3378 1717 3624 1779 insidias
3659 1734 3676 1794 ;

284 1809 508 1885 καὶγὰρ
563 1805 697 1873 ain},
743 1803 921 1880 ὥσπερ
977 1802 1203 1882 χαλινὸν
1258 1808 1334 1878 τῷ
1379 1804 1531 1859 πάθει
1564 1803 1655 1859 τὸν
1688 1801 1942 1880 λογισμὸν

2035 1801 2255 1863 etenim
2292 1821 2424 1862 cum
2456 1821 2525 1864 ea
2558 1803 2640 1865 illi
2676 1805 3113 1885 perturbationi
3138 1815 3411 1888 tanquam
3446 1804 3678 1868 frenum

285 1895 625 1973 ἐμϐαλοῦσα,
676 1894 857 1952 ἐκεῖνα
885 1900 955 1969 τῇ
993 1898 1084 1951 τοῦ
1136 1897 1338 1973 χροιιοό
1393 1892 1647 1948 ἀντετίθιι
1706 1891 1942 1971 εὖχροίᾳ,

2034 1891 2506 1969 injecisset,auri
2529 1896 2711 1956 colori
2740 1912 2809 1955 ea
2838 1894 2925 1957 illi
2947 1896 3306 1977 opponebat,
3332 1915 3464 1976 quae
3487 1914 3683 1976 neque

284 1988 326 2057 ἢ
390 1985 527 2061 μήτε
585 1983 731 2062 λόγῳ
786 1984 944 2061 ῥητὰ,
1009 1983 1146 2057 μήτε
1207 1983 1279 2056 »ᾧ
1319 1980 1523 2055 ληπτὰ,
1560 1982 1698 2054 μήτε
1728 1981 1837 2057 μὴν
1874 1988 1942 2055 τῷ

2032 1980 2226 2040 verbis
2251 1982 2554 2062 explicari,
2575 2002 2767 2065 neque
2792 1996 2990 2048 mente
3013 1984 3462 2066 comprehendi,
3483 1997 3676 2065 neque

285 2076 479 2158 χρόνῳ
529 2074 730 2155 φθαρτὰ
787 2073 921 2128 καθὰ
979 2068 1042 2127 δὲ,
1101 2072 1164 2127 τὰ
1215 2070 1786 2163 Ev1a~301nnézpuxsvt
1812 2069 1942 2163 ἀλλὰ

2031 2075 2300 2149 tempore
2345 2071 2591 2135 interire
2627 2083 2917 2154 poterant,
2956 2075 3060 2139 sed
3109 2081 3337 2137 suntin
3388 2082 3675 2136 aeternum

287 2165 364 2222 δι’
396 2166 586 2226 αἰῶνος
642 2163 828 2241 ἀγήρω
881 2182 937 2217 τε
997 2162 1083 2217 καὶ
1130 2160 1382 2222 ἀθάνατα.
1441 2157 1503 2218 ”Ο
1564 2157 1617 2215 δὲ
1672 2159 1834 2216 πολὺν
1868 2159 1942 2217 ὅτι

2030 2158 2183 2219 senii
2218 2161 2482 2240 expertia
2508 2171 2564 2223 et
2593 2163 2972 2227 immortalia.
3000 2164 3165 2238 Quod
3199 2174 3393 2227 autem
3423 2162 3677 2225 eimaxi-

287 2255 530 2331 μάλιστα
593 2253 679 2309 τὸν
739 2252 900 2307 σάλον
962 2249 1094 2325 αὒτῇ
1137 2248 1424 2327 προεξένει,
1485 2249 1556 2315 ὡς
1617 2248 1734 2325 μετ’
1765 2249 1941 2329 ὀλίγον

2029 2268 2181 2310 mam
2232 2250 2502 2313 excitavit
2535 2260 2968 2335 tempestatem,
2998 2264 3061 2317 ut
3106 2255 3320 2318 mulier
3365 2254 3468 2317 illa
3499 2270 3674 2333 egre-

291 2342 564 2422 ἐδήλωσεν
592 2343 628 2410 ἡ
671 2341 909 2419 γενναία,
940 2345 1095 2396 τοῦτο
1123 2341 1211 2396 καὶ
1251 2343 1341 2409 ἦν.

2029 2341 2119 2419 gia
2150 2340 2327 2418 paulo
2361 2350 2494 2420 post
2525 2343 2901 2421 signiﬁcavit,
2940 2346 3052 2406 hoc
3086 2356 3237 2407 erat.
3519 2417 3525 2422 ,

379 2420 488 2493 ιε’,
519 2418 618 2489 Ἠν
649 2418 772 2506 μοι,
808 2432 957 2505 γησὶ,
991 2429 1068 2490 τὶς
1102 2434 1208 2485 τῶν
1243 2428 1419 2507 ἀγρῶν
1467 2425 1699 2490 πολλαῖς
1753 2428 1939 2509 χάριτι

2036 2418 2043 2419 ί
2109 2427 2260 2491 XIII.
2291 2418 2448 2505 Erat,
2481 2418 2694 2512 inquit,
2724 2418 3140 2511 mihi—quidam
3174 2451 3335 2514 ager.
3363 2432 3465 2511 qui
3486 2418 3675 2495 amm-

298 2522 425 2584 τοὺς
456 2519 645 2584 ἄλλους
676 2519 911 2582 ἅπαντας
942 2519 1169 2596 παριὼν,
1220 2518 1274 2574 ἐν
1323 2517 1466 2591 αὒτῷ
1522 2515 1578 2573 δὲ
1634 2519 1806 2590 τούτῳ
1860 2516 1942 2573 καῖ

2032 2517 2213 2579 nitate
2262 2527 2319 2580 et
2383 2520 2826 2599 pulchritudine
2868 2524 3018 2585 alios
3074 2542 3283 2585 omnes
3333 2521 3673 2603 superabat.

296 2609 519 2690 λουτρὸν
546 2610 635 2683 ἧν,
666 2609 755 2666 καὶ
783 2609 843 2664 τὸ
872 2606 1091 2686 λουτρὸν
1124 2605 1260 2664 οὕτω
1309 2608 1406 2682 μὲν
1462 2614 1531 2684 τῇ
1580 2606 1752 2685 τέχνῃ
1810 2606 1947 2664 κάλ⁴

293 2697 502 2774 λιστον,
537 2698 672 2756 οὕτω
702 2695 756 2753 δὲ
787 2703 855 2773 τῇ
886 2695 987 2773 ὕλῃ
1045 2694 1342 2773 βέλτιστον,
1377 2695 1514 2753 οὕτω
1564 2694 1616 2751 δὲ
1669 2708 1788 2760 τοῖς
1816 2694 1949 2751 ὕδα-

294 2810 379 2845 σιν
412 2785 655 2867 ἥδιστον,
689 2787 762 2852 ὡς
796 2792 967 2843 πᾶσα)
997 2785 1271 2864 γοητεύειν
1326 2786 1511 2865 ψυχὴν
1567 2787 1654 2842 καὶ
1702 2786 1803 2863 πρὸ
1858 2794 1947 2844 τοῦ

290 2891 467 2951 πιεῖν,
502 2877 538 2946 ἤ
569 2880 657 2934 καὶ
714 2875 1024 2935 λούσασθαι.
1086 2874 1156 2934 ’⁷0
1206 2873 1261 2932 δὲ
1310 2885 1403 2934 τοῦ
1431 2874 1649 2953 λουτροῦ
1678 2874 1942 2932 θελτικω-

2031 2608 2096 2669 ln
2148 2608 2261 2668 hoc
2288 2617 2486 2671 autem
2537 2610 2665 2691 ipso
2700 2621 2827 2676 erat
2876 2614 3052 2675 etiam
3088 2614 3408 2688 lavacrum,
3440 2620 3499 2674 et
3539 2611 3678 2673 arti-

2031 2696 2165 2759 ﬁcio
2201 2706 2315 2759 tam
2373 2699 2683 2780 pulchrum
2717 2709 2774 2763 et
2807 2722 2874 2764 ex
2909 2712 3023 2764 tam
3059 2702 3217 2764 bona
3250 2701 3493 2763 materia
3525 2719 3675 2762 con-

2029 2785 2272 2861 fectum,
2308 2796 2366 2850 et
2393 2789 2564 2870 aquis
2597 2800 2713 2853 tam
2739 2791 3097 2871 jucundum,
3134 2800 3197 2853 ut
3222 2792 3481 2871 cujusvis
3520 2789 3672 2851 deli-

2031 2875 2187 2936 niret
2215 2884 2504 2954 animum,
2541 2879 2718 2941 etiam
2753 2888 3067 2963 antequam
3102 2880 3332 2943 biberet
3385 2888 3480 2942 aut
3513 2880 3673 2942 lava-

292 2988 480 3042 τατον,
518 2965 763 3045 ἑκάτερον
795 2968 900 3022 τῶν
931 2968 1106 3043 μερῶν
1157 2965 1218 3021 τὸ
1272 2964 1368 3037 μὲν
1414 2965 1542 3044 εἶχε
1590 2965 1688 3033 τὴν
1744 2963 1942 3021 θάλατ-

2029 2972 2212 3027 retur.
2250 2966 2415 3038 Quod
2449 2986 2588 3030 vero
2626 2969 2840 3032 lavacri
2872 2971 2942 3032 ad
2977 2970 3384 3033 deliniendum
3417 2977 3543 3032 erat
3570 2987 3674 3030 ac-

291 3080 412 3135 ταν,
446 3059 510 3114 τὸ
538 3054 594 3112 δὲ
624 3057 691 3113 τὰ
718 3053 921 3135 δένδρα,
954 3056 1043 3111 καὶ
1075 3053 1210 3111 οὕτω
1262 3052 1328 3122 δὴ
1359 3054 1745 3135 μεμηχάνητο,
1807 3055 1942 3111 ὥστε

2029 3054 2832 3129 commodatissimum,illius
2860 3078 2970 3121 una
2997 3079 3130 3140 pars
3162 3060 3400 3141 quidem
3422 3056 3679 3121 habebat

291 3133 402 3205 σοι*
451 3146 784 3224 προκύψαντι
838 3133 951 3213 ντῆς
1020 3142 1309 3220 δεξαμενῆς
1380 3133 1584 3200 ἐκεῖθεν
1652 3133 1748 3219 μὲν
1819 3145 1942 3221 ὁρᾷν

2029 3161 2228 3207 mare:
2285 3146 2470 3208 altera
2499 3165 2641 3209 vero
2671 3150 2943 3214 arbores.
2997 3133 3093 3212 Sic
3122 3133 3317 3211 autem
3351 3157 3477 3211 erat
3528 3147 3675 3210 aedi-

297 3236 506 3311 κύματα
558 3234 856 3313 θαλάσσης,
921 3231 1132 3301 ἥδιστον
1191 3232 1245 3289 ἐν
1310 3231 1521 3310 γαλήνη
1588 3233 1784 3308 θέαμα,
1856 3234 1943 3289 καὶ

298 3348 423 3389 ναυς
461 3323 735 3402 πλεούσας,
768 3322 998 3380 ἐντεῦθεν
1048 3320 1103 3379 δὲ
1138 3327 1237 3400 γῆς
1291 3321 1491 3396 κάλλη,
1554 3324 1643 3379 καὶ
1719 3320 1942 3400 δένδρων

302 3413 413 3490 ὕψη
476 3415 561 3469 καὶ
600 3414 815 3486 ὀρνίθων
858 3413 1035 3493 φωνὰς
1080 3413 1168 3468 καὶ
1208 3412 1424 3488 ῥεούσας
1483 3409 1663 3489 πηγσίς
1709 3411 1799 3467 καί
1839 3432 1940 3467 που

296 3505 384 3561 καὶ
440 3502 732 3582 κυνηγέτας
786 3503 876 3559 καὶ
944 3499 1133 3579 θήραν,
1206 3502 1294 3557 καὶ
1364 3500 1549 3566 ἁπλῶς
1595 3502 1750 3580 μυρία
1795 3522 1933 3557 παν-

294 3602 465 3674 ταχοό
524 3594 588 3650 τὰ
667 3592 934 3670 θέλγητρα
1004 3593 1092 3647 καὶ
1190 3590 1426 3670 χαρίτων
1503 3590 1675 3646 πάντα
1744 3591 1935 3664 μεστά.

291 3682 457 3742 Τοῦτό
506 3703 595 3756 μοι
646 3681 761 3761 οὖν,
823 3683 979 3759 φησὶ,
1040 3682 1281 3759 συνεχῶς
1341 3679 1414 3742 εἰς
1463 3680 1681 3753 μνήμην
1712 3680 1813 3751 ἱὸν,
1849 3680 1942 3736 οὒκ

291 3772 436 3829 ’ἐστιν
481 3772 656 3828 εἰπεῖν
700 3770 847 3836 ὅπως
903 3769 1109 3849 ἐκράτει
1155 3792 1258 3844 μου
1314 3772 1412 3834 τῆς
1467 3772 1673 3846 ψυχῆς,
1737 3768 1825 3823 καὶ
1866 3773 1944 3841 τῷ

291 3860 526 3936 ποικίλῳ
585 3860 770 3917 τούτου
826 3859 1033 3937 θέλγειν
1082 3861 1107 3915 ὖ
1165 3858 1406 3919 ποικίλος
1450 3854 1651 3932 δαίμων
1698 3858 1943 3934 ἱπειρᾶτό

293 3972 363 4026 με
406 3952 507 4007 καὶ
565 3948 751 4022 ουλᾷν.
814 3947 962 4006 Ἀλλ’
1010 3949 1152 4007 εὐθὺς
1200 3946 1393 4027 ἂνετχέ
1439 3968 1541 4022 μου
1609 3945 1710 4012 τὴν
1760 3946 1945 4027 ψυχὴν

290 4044 323 4099 ὁ
367 4042 528 4119 Θεὸς,
573 4037 756 4096 ἐκεῖνα
797 4037 1093 4117 λογίζεσθαί
1141 4059 1208 4113 με
1252 4037 1518 4097 ὑποτιθεὶς
1553 4038 1586 4092 ἃ
1633 4047 1750 4099 τοῖς
1800 4036 1942 4114 ἠγα-

288 4131 527 4198 πηκόσιν
574 4129 732 4186 αὐτὸν
761 4131 1026 4203 ἡτοίμασε
1059 4129 1194 4185 κατὰ
1250 4129 1340 4183 τὸν
1384 4130 1531 4183 θετον
1589 4125 1943 4204 ’Λπόστολον,

288 4221 495 4276 τούτων
542 4217 598 4275 δὲ
659 4218 872 4275 πάντων
944 4218 1017 4281 ὡς
1077 4217 1302 4294 ῥεόντων
1363 4217 1732 4295 ὑπερφρονεῖν.
1796 4214 1944 4273 Ἀλλ’

2026 3232 2289 3309 ﬁcatum,
2352 3242 2415 3296 ut
2475 3254 2509 3297 ο
2568 3236 2717 3299 solio
2771 3239 3008 3318 quidem
3070 3238 3461 3321 prospiciens,
3516 3237 3677 3298 illinc

2028 3341 2235 3399 posses
2267 3324 2470 3387 videre
2518 3327 2731 3388 fluctus
2766 3328 2969 3410 maris,
3003 3329 3069 3390 in
3114 3327 3537 3410 tranquillitate
3572 3329 3678 3408 ju-

2025 3412 2454 3476 cundissimnm
2516 3417 2947 3500 spectaculum,
2981 3427 3037 3480 et
3090 3437 3265 3480 naves
3314 3418 3676 3497 navigantes,

2024 3507 2081 3562 et
2113 3511 2371 3582 portum,
2412 3512 2470 3566 et
2503 3513 2737 3580 nautas,
2775 3505 2916 3569 hinc
2951 3525 3086 3568 vero
3119 3516 3289 3568 terrae
3341 3506 3678 3587 pulchritu-

2024 3590 2251 3672 dinem,
2311 3600 2369 3653 et
2415 3592 2693 3655 arborum
2769 3595 3230 3675 proceritatem,
3296 3604 3354 3656 et
3424 3595 3677 3672 garritus

2023 3680 2242 3753 avium,
2272 3687 2330 3740 et
2373 3682 2630 3744 ﬂuentes
2663 3684 2881 3763 fontes,
2909 3685 3233 3759 quinetiam
3279 3691 3589 3745 venatores
3619 3692 3677 3745 et

2024 3768 2419 3846 venationem,
2459 3778 2544 3844 et,
2583 3782 2645 3833 ut
2675 3772 2861 3834 semel
2894 3772 3112 3848 dicam,
3149 3772 3372 3853 ubique
3396 3773 3676 3832 innume-

2025 3857 2236 3920 rabilia
2286 3858 2356 3919 ad
2389 3859 2852 3923 demulcenium
2885 3863 3352 3937 accommodata,
3389 3872 3445 3923 et
3479 3860 3677 3922 omnia

2031 3947 2204 4027 plena
2239 3947 2531 4026 elegantia
2559 3959 2617 4012 et
2648 3953 3007 4015 amaznitate.
3041 3949 3164 4015 Hoc
3196 3970 3334 4031 ergo
3366 3969 3499 4012 cum
3534 3950 3677 4011 mihi

2028 4036 2261 4098 assidue
2289 4038 2517 4100 veniret
2547 4039 2605 4100 in
2665 4050 2949 4121 mentem,
2980 4041 3098 4103 dici
3136 4060 3253 4102 non
3286 4048 3495 4120 potest,
3531 4059 3679 4120 quo-

2031 4126 2207 4187 modo
2240 4145 2436 4189 meum
2474 4136 2703 4190 teneret
2750 4131 3038 4208 animum,
3074 4140 3132 4193 et
3186 4131 3362 4210 hujus
3390 4129 3676 4191 varietate

2030 4234 2125 4277 me
2180 4216 2377 4278 varius
2430 4217 2756 4282 conabatur
2806 4219 3036 4281 daemon
3091 4219 3345 4282 delinire
3400 4228 3458 4280 et
3506 4217 3577 4278 ad
3610 4236 3674 4278 se

289 4306 435 4366 οὕτω
496 4307 595 4384 μὲν
655 4309 683 4364 ὁ
713 4308 946 4385 πονηρὸς
1005 4305 1195 4374 ἥττετο
1230 4321 1244 4336 ⁹
1281 4302 1509 4380 μηδενὸς
1541 4303 1595 4360 δὲ
1626 4303 1765 4369 ὅλως
1808 4306 1942 4362 ὑπο-

2031 4306 2289 4381 trahere,
2318 4306 2422 4368 sed
2458 4326 2651 4368 meum
2682 4310 2951 4389 protinus
2984 4308 3247 4371 animum
3269 4307 3471 4369 extulit
3493 4306 3670 4376 Deus,

287 4367 593 4475 hupﬁéito;
647 4397 676 4453 ὃ
728 4367 941 4475 θέλγειν.
1005 4367 1098 4459 τὰς
1168 4367 1379 4452 ἐκείνων
1443 4394 1622 4474 ψυχὰς
1681 4367 1769 4451 καί
1821 4395 1941 4451 ἐπι-

2033 4395 2177 4455 mihi
2228 4413 2574 4475 suggerens,
2612 4367 2770 4459 ntrea
2799 4398 3116 4476 cogitarem
3164 4415 3294 4478 quae
3328 4393 3675 4477 prmparavit

289 4486 534 4567 στρέφειν
568 4485 650 4567 ἐφ’
682 4486 838 4542 ἑαυτὸ
876 4482 1112 4548 δύναται,

2030 4482 2100 4544 iis
2129 4485 2228 4564 qui
2280 4485 2470 4565 ipsum
2504 4484 2863 4568 dilexerunt,
2901 4497 2961 4548 ut
3016 4487 3095 4548 ait
3129 4486 3363 4547 divinus
3413 4486 3671 4566 Aposto-

290 4575 390 4639 lus
417 4577 451 4627 3
483 4598 497 4635 :
538 4575 663 4638 haec
697 4586 893 4636 autem
926 4574 1149 4655 omnia,
1183 4580 1245 4635 ut
1290 4590 1422 4654 quae
1450 4573 1657 4642 ﬂuant.
1695 4572 2091 4654 despicerem.
2125 4573 2242 4636 Sed
2295 4577 2380 4636 sic
2412 4575 2650 4657 quidem
2684 4577 2788 4641 fuit
2824 4587 3136 4660 superatus
3169 4576 3480 4657 malignus,
3517 4573 3675 4636 nullo

296 4665 537 4747 penitus
568 4663 800 4739 relicto,
838 4662 994 4745 quod
1028 4670 1226 4745 posset
1257 4661 1496 4724 illorum
1529 4661 1872 4726 demulcere
1901 4662 2153 4739 animos,
2191 4672 2249 4725 et
2278 4664 2350 4724 ad
2386 4682 2449 4725 se
2479 4675 2854 4730 convertere.

378 4828 488 4888 ω’.
522 4826 598 4885 Τὰ
640 4824 698 4882 δὲ
736 4823 854 4892 ἑξῆς
884 4825 1011 4882 ποία
1054 4825 1154 4901 μὲν
1195 4821 1351 4886 πόλις
1403 4822 1651 4880 ἐλάνθανε
1687 4843 1703 4900 ;
1735 4834 1860 4881 ποία
1890 4823 1946 4880 δὲ

293 4918 453 4996 χώρα
484 4935 501 4996 ;
549 4914 692 4978 ἔθνος
724 4913 779 4971 δὲ
809 4914 974 4971 ποῖον
1003 4916 1033 4971 ’ὁ
1064 4916 1141 4990 μὴ
1183 4911 1418 4993 μετέσχε
1462 4917 1563 4981 τῆς
1604 4914 1818 4969 ὶκείνων
1852 4913 1945 4968 εὖ·-

294 5005 541 5085 εργεσίας
596 5002 777 5075 ὥσπερ
825 5005 969 5068 τινὸς
1021 5009 1265 5078 ποταμοῦ
1322 4999 1509 5073 πολλῷ
1564 5001 1661 5058 καῖ
1731 5005 1943 5080 καθαρῷ

292 5118 374 5168 τῳ
431 5095 647 5173 ῥεύματι
692 5092 778 5150 διὰ
819 5091 998 5160 πάσης
1042 5097 1144 5171 γῆς
1190 5096 1276 5148 καὶ
1336 5089 1601 5158 θαλάττης
1652 5098 1744 5173 τοῦ
1774 5088 1937 5166 δαψι-

292 5169 440 5250 λοῦς*
477 5183 649 5240 αὐτῶν
712 5184 813 5249 τῆς
867 5169 1101 5245 εὐποιίας
1134 5181 1371 5256 νάματος
1402 5178 1614 5255 ῥέοντος
1652 5198 1668 5255 ;
1702 5169 1764 5236 Ἠ
1796 5180 1935 5254 μέση

291 5280 402 5332 τῶν
460 5277 741 5351 ποταμῶν,
777 5274 826 5327 αἱ
860 5271 1120 5328 Φοινίκων
1152 5270 1362 5342 πόλεις,
1397 5270 1432 5337 ἡ
1482 5276 1585 5326 τῶν
1628 5270 1805 5347 Σύρων
1845 5270 1935 5348 γῆ,

291 5360 504 5427 ἐδέξατο
554 5361 639 5418 καὶ
697 5361 970 5439 Αἴγυπτος
1031 5360 1132 5428 τὴν
1185 5357 1456 5437 ἀποῤῥοὴν
1491 5405 1507 5432 ,
1567 5360 1652 5415 καὶ
1707 5357 1822 5414 ὅθεν
1881 5380 1938 5415 τε

292 5451 502 5531 ἀνίσχει
558 5451 587 5506 ὃ
630 5447 780 5517 ἥλιος
843 5452 929 5507 καὶ
987 5449 1047 5507 οὗ
1107 5448 1267 5527 δύνει,
1324 5449 1499 5506 πάντα
1571 5452 1671 5515 τῆς
1727 5446 1939 5505 ἐκείνων

374 5653 455 5721 δί
484 5653 619 5719 Cor.
658 5669 718 5718 ιι.
752 5655 819 5718 9.

2109 4820 2262 4885 XIV.
2323 4825 2470 4898 Quae
2542 4833 2741 4887 autem
2798 4825 3081 4905 deinceps
3137 4835 3275 4886 sunt
3333 4832 3672 4905 consecuta,

2028 4929 2343 4992 quamnam
2371 4914 2609 4993 quidem
2644 4914 2937 4975 civitatem
2980 4914 3277 4974 latuerunt
3298 4913 3329 4973 εν
3358 4931 3674 4994 quamnam

2025 5000 2202 5061 etiam
2251 5002 2554 5079 regionem
2589 5010 2617 5065 ?
2670 5002 2949 5074 Quaenam
3007 5020 3145 5063 vero
3177 5019 3343 5080 gens,
3378 5002 3449 5063 ad
3500 5019 3675 5081 quam

2024 5108 2141 5150 non
2176 5093 2448 5169 pervenit
2488 5090 2723 5153 illorum
2754 5091 3173 5166 beneﬁcentia,
3210 5091 3386 5151 veluti
3418 5090 3673 5171 quodam

2022 5178 2197 5239 fluvio
2228 5198 2435 5258 magno
2469 5190 2527 5240 et
2579 5199 2726 5260 puro
2758 5181 3002 5252 ﬁuento,
3036 5198 3142 5260 per
3182 5183 3515 5240 universam
3549 5187 3674 5240 ter-

2023 5285 2149 5328 ram
2181 5278 2240 5330 et
2272 5288 2434 5331 mare
2468 5272 2691 5331 ﬂuente
2725 5269 2894 5331 uberi
2928 5268 3051 5329 rivo
3096 5286 3301 5329 eorum
3336 5268 3671 5330 beneﬁcen-

2023 5355 2174 5419 tiae?
2228 5359 2676 5439 Mesopotamia,
2741 5358 3080 5421 Pbaanicum
3154 5358 3441 5427 civitates.
3506 5356 3670 5439 regio

2024 5442 2329 5528 Syrorum,
2351 5448 2632 5529 Egyptus
2654 5467 2892 5531 quoque
2913 5448 3045 5529 ejus
3070 5448 3300 5529 accepit
3322 5446 3669 5513 tluxionem:
