4022 6146
365 229 483 301 767

1669 235 1950 302 MENSIS
1997 234 2429 301 DECEMBER.

3619 232 3746 304 768

370 377 432 434 et
452 368 554 432 ubi
578 366 666 433 sol
697 368 887 433 oritur
918 377 976 433 et
1004 370 1250 446 occidit,
1275 387 1310 434 a
1340 389 1518 433 manu
1542 368 1778 433 illorum
1806 367 2030 432 omnia.

2117 371 2277 450 εειρὸς
2307 368 2634 446 ἐπίμπλατο.
2665 370 2777 431 Εἰσὶ
2807 369 2862 428 δὲ
2899 370 2957 431 οἵ
3011 392 3171 453 φασιν
3216 372 3405 438 αὐτοὺς
3435 374 3521 430 καὶ
3550 374 3746 445 νήσους

369 469 505 522 sunt
533 459 780 540 repleta.
816 462 967 523 Sunt
988 466 1215 534 autem,
1243 460 1345 539 qui
1375 459 1583 521 dicunt
1614 477 1717 521 eos
1751 476 2014 540 quoque,

367 568 504 611 cum
531 557 679 611 totas
712 549 937 611 insulas
982 551 1272 611 emissent
1304 547 1376 611 ab
1401 550 1780 628 imperatore,
1806 547 2017 627 partim

368 638 611 721 quidem
633 638 735 701 illo
763 638 1122 713 dimittente,
1148 638 1359 719 partim
1384 656 1523 700 vero
1547 636 1693 718 ipsis
1712 636 2012 714 dantibus,

367 729 513 791 alias
569 728 809 810 quidem
864 727 1084 790 sanctis
1141 727 1284 789 viris
1332 728 1607 799 donasse,
1675 726 1820 788 alias
1878 743 2016 792 vero

366 828 688 881 exor‘nasse
721 818 922 880 choris
943 818 1235 897 virginum
1270 827 1326 879 et
1360 818 1784 879 monachorum
1820 815 2019 877 multi-

370 906 600 971 tudine.
658 906 924 969 Pretiosa
957 916 1151 969 autem
1185 906 1364 969 vestis
1414 916 1471 969 et
1504 904 1886 986 splendidum
1916 922 2018 968 ar-

368 1005 605 1076 gentum
640 1003 767 1058 erat
795 995 1206 1059 sacerdotibus
1235 997 1307 1058 ab
1351 996 1436 1058 eis
1468 994 1805 1059 dedicatum
1839 1013 2020 1057 orna-

369 1093 655 1160 mentum,
691 1087 848 1165 Cum,
884 1085 972 1148 sic
1003 1104 1134 1166 quae
1170 1094 1339 1149 erant
1371 1086 1431 1148 in
1478 1085 1670 1161 Italia,
1706 1085 1859 1147 bene
1889 1084 2015 1148 dis-

369 1177 730 1258 posuissent,
770 1181 828 1236 et
859 1194 928 1238 ex
980 1175 1357 1239 facultatibus
1387 1194 1581 1255 pauca
1612 1175 2016 1257 reliquissent,

370 1266 718 1345 navigarunt
761 1267 820 1327 in
872 1264 1133 1328 Siciliam
1171 1285 1185 1328 :
1223 1266 1431 1345 partim
1465 1265 1727 1345 quidem,
1759 1275 1821 1326 ut
1850 1282 2022 1344 agros

369 1355 471 1437 qui
503 1355 622 1417 illic
668 1361 837 1417 erant
867 1354 1194 1417 venderent
1225 1374 1237 1417 :
1278 1354 1490 1435 partim
1524 1361 1753 1435 autem,
1786 1361 1849 1416 ut
1878 1373 2020 1416 san-

372 1444 703 1508 ctissimum
738 1445 1088 1525 episcopum
1115 1444 1423 1506 Paulinum
1456 1444 1732 1519 viserent,
1760 1445 1860 1524 qui
1894 1450 2026 1505 erat

374 1536 460 1597 eis
494 1544 660 1615 pater
684 1533 1014 1596 secundum
1068 1533 1364 1615 spiritum.
1399 1532 1543 1595 Cum
1598 1534 1637 1594 ii
1668 1543 1870 1596 autem
1921 1551 2022 1595 re-

373 1623 697 1686 cessissent
728 1642 761 1684 a
790 1623 1044 1695 civitate,
1084 1622 1424 1703 praefectum
1481 1621 1746 1703 quidem,
1782 1622 1885 1699 qui
1917 1640 2021 1684 eo-

2100 459 2228 526 ὅλας
2287 459 2429 539 παρά
2471 459 2736 538 βασιλέως
2801 462 3180 536 ὠνησαμένοος
3208 511 3224 543 ,
3271 464 3332 520 τὸ
3388 462 3485 539 μὲν
3543 461 3752 520 ἐκείνου

2101 548 2340 631 ἐφέντος,
2390 551 2452 607 τὸ
2510 549 2564 606 δὲ
2622 549 2716 607 καί
2774 552 2941 609 αὖτῶν
2986 548 3184 609 δόντων
3220 600 3235 626 ,
3281 553 3377 617 τάς
3423 552 3521 626 μὲν
3573 552 3754 631 ἀγίοις

2101 636 2316 718 ἀνδράσι
2360 640 2728 720 χαρίσασθαι,
2786 641 2882 704 τὰς
2939 639 2998 696 δὲ
3062 641 3336 717 παρθένων
3399 654 3592 721 χοροῖς
3650 640 3756 699 καί

2101 727 2291 799 πλήθει
2322 729 2575 804 κομώσας
2634 735 2890 810 μοναχῶν
2936 728 3308 796 ἐπιδείξασθαι.
3342 729 3407 788 Ἦ
3466 728 3525 787 δέ
3578 729 3758 788 πολυ-

2101 817 2260 885 τελὴς
2320 820 2500 882 αὐτοῖς
2531 820 2690 883 ἐσθὴς
2720 821 2807 877 καὶ
2865 822 2893 876 ὁ
2935 817 3181 900 λαμπρὸς
3236 820 3458 900 ἄργυρος
3512 833 3632 885 τοῖς
3665 822 3761 876 ἱε-

2104 921 2220 986 ροῖς
2278 907 2421 974 ἅπας
2481 909 2745 968 ἀνετίθετο
2785 908 3012 985 κόσμος.
3077 909 3229 969 Οὕτω
3288 911 3426 968 κατά
3486 910 3586 978 τὴν
3618 907 3764 969 Ἰτα-

2103 997 2219 1055 λίαν
2275 997 2332 1054 εὖ
2388 995 2684 1073 διαθέμενοι
2729 1000 2825 1056 καί
2867 998 3022 1078 ὀλίγα
3071 1004 3167 1067 τῆς
3211 1000 3390 1064 οὗσίας
3446 999 3760 1057 ὑπολιπόν-

2099 1110 2211 1168 τες,
2267 1087 2350 1144 ἐπὶ
2396 1087 2640 1145 Σικελίαν
2668 1087 2944 1169 ἐσέπλεον,
3001 1095 3157 1146 τοῦτο
3186 1088 3283 1164 μὲν
3315 1091 3399 1146 καὶ
3428 1090 3551 1152 τοὺς
3581 1088 3758 1145 ἐκεῖθι

2102 1177 2291 1256 ἀγροὺς
2347 1176 2685 1252 ἀποδόσθαι,
2763 1186 2917 1236 τοῦτο
2995 1176 3049 1234 δὲ
3130 1177 3222 1236 καί
3306 1185 3383 1252 τῷ
3464 1177 3759 1255 ἁγιωτάτῳ

2103 1265 2380 1341 ἐπισκόπῳ
2449 1266 2692 1343 Παυλίνῳ
2748 1267 2801 1331 ἐς
2860 1268 2980 1345 ὄψιν
3032 1268 3231 1342 ἐλθεῖν,
3289 1269 3346 1332 ὃς
3404 1267 3590 1334 αὐτοῖς
3660 1271 3758 1325 καὶ

2107 1358 2241 1413 κατὰ
2291 1364 2498 1432 πνεῦμα
2554 1360 2730 1436 πατὴρ
2786 1357 3070 1438 ἐτύγχανε,
3131 1358 3342 1416 Τούτων
3388 1356 3476 1414 οὖν
3509 1362 3611 1425 τῆς
3640 1358 3751 1414 πό-

2105 1446 2240 1511 λεως
2295 1446 2790 1527 ἀναχωρησάντων,
2836 1449 2929 1505 τὸν
2984 1448 3082 1523 μὲν
3124 1446 3360 1527 ἔπαρχον
3414 1449 3516 1515 τὴν
3554 1447 3755 1503 τούτων

2106 1537 2273 1594 οἰκίαν
2331 1538 2418 1593 καὶ
2478 1537 2545 1595 τὰ
2600 1536 2997 1616 περιλειφθέντα
3055 1544 3158 1595 τῶν
3203 1536 3528 1616 χρημάτων,
3592 1534 3752 1595 ἐλευ-

2103 1629 2271 1704 θεροις
2335 1625 2430 1683 οὒκ
2487 1625 2659 1683 ἰδόντα
2703 1639 2821 1693 τοῖς
2867 1627 3186 1706 ὀφθαλμοῖς,
3245 1626 3499 1701 θεομηνία
3544 1647 3626 1689 τις
3656 1627 3753 1682 εὗ·-

376 1731 508 1775 rum
568 1712 809 1774 domum
856 1722 913 1774 et
944 1710 1103 1789 quod
1155 1720 1528 1773 remanserat
1581 1713 1870 1792 pecuniae,
1906 1729 2022 1773 non

2117 1716 2193 1780 ib;
2254 1712 2620 1797 κατελάμϐανε
2655 1731 2668 1744 ·
2705 1716 2962 1794 προφάσει
3008 1737 3107 1793 γορ
3163 1712 3359 1778 ἐνδείας
3411 1710 3585 1792 ἄρτων
3615 1714 3756 1770 κατὰ

381 1801 729 1864 liberalibus
780 1801 1120 1864 intuebatur
1168 1801 1377 1875 oculis,
1409 1798 1606 1862 divina
1652 1800 1893 1882 quidem
1940 1799 2026 1861 ira

2117 1805 2207 1872 τὴν
2268 1801 2424 1860 πόλιν
2482 1803 2663 1875 πλήθτ⁸
2713 1804 2769 1861 ἐν
2824 1805 2992 1883 ἀγορᾷ
3062 1803 3204 1882 μέσῃ
3260 1804 3540 1871 κινηθέντα
3589 1804 3759 1879 θ.)μοῦ

380 1890 651 1970 protinus
678 1890 1096 1971 apprehendit.
1123 1891 1271 1954 Nam
1298 1897 1581 1971 praetextu
1614 1891 1883 1972 penuriae
1916 1908 2026 1971 pa—

381 1980 496 2052 nis,
530 1980 590 2042 in
645 1979 842 2042 medio
873 1980 1000 2042 foro
1052 1988 1348 2043 commota
1405 1978 1595 2060 plebs,
1628 1997 1763 2060 quae
1795 1988 1920 2042 erat
1968 1979 2029 2040 in

385 2068 644 2150 civitate,
676 2088 811 2132 eum
862 2069 1084 2132 faciunt
1112 2068 1418 2150 praemium
1448 2069 1536 2130 sui
1583 2069 1799 2130 furoris
1830 2077 1888 2130 et
1927 2069 2025 2130 in-

387 2159 590 2234 saniae,
652 2168 711 2221 et
763 2160 1045 2222 miserum
1098 2157 1353 2221 violenta
1411 2165 1602 2220 morte
1652 2158 2026 2220 interimunt.

385 2247 634 2311 Barbari
663 2266 799 2310 vero
830 2256 1077 2330 repente
1116 2248 1263 2311 facta
1295 2249 1662 2320 incursione.
1702 2267 2031 2329 qaecnnqne

387 2348 555 2400 erant
584 2348 721 2401 ante
764 2338 1083 2411 civitatem,
1114 2338 1376 2419 praedam
1427 2336 1718 2419 Mysorum
1751 2337 2027 2410 ell‘ecere,

385 2427 536 2489 adeo
567 2437 628 2491 ut
656 2428 795 2491 hinc
825 2428 1080 2492 evaserit
1120 2427 1518 2500 manifestum,
1559 2427 1694 2488 illos
1738 2446 1852 2489 non
1906 2428 2033 2488 sine

384 2516 491 2578 Dei
522 2518 764 2581 nomine
792 2536 890 2580 res
921 2536 1058 2579 snas
1088 2517 1148 2578 in
1190 2524 1311 2578 tuto
1345 2516 1694 2590 collocasse,
1729 2523 1788 2577 et
1819 2515 1877 2576 in
1913 2534 2032 2577 cae-

380 2604 632 2668 lestibus
661 2606 893 2669 horreis
924 2605 1356 2667 recondidisse.

459 2694 593 2758 XV.
628 2696 773 2759 Cum
826 2705 1024 2758 autem
1054 2713 1088 2756 a
1116 2693 1319 2756 Sicilia
1370 2701 1532 2755 recta
1584 2693 1643 2756 in
1671 2693 1912 2774 Libyam
1970 2702 2030 2755 et

382 2784 803 2864 Carthaginem
845 2792 1003 2845 esset
1052 2781 1404 2862 navigaturi,
1436 2782 1675 2864 quidem
1707 2784 2032 2846 vehemens

376 2885 444 2937 et
491 2892 682 2936 saavns
712 2883 922 2935 ventus
953 2891 1055 2936 eos
1092 2873 1323 2953 excepit
1354 2882 1411 2933 et
1459 2882 1628 2934 vexat
1661 2872 1859 2935 multis
1906 2872 2028 2935 die—

384 2964 520 3041 bus,
551 2963 699 3026 adeo
733 2971 797 3025 ut
849 2982 1003 3045 aqua
1034 2962 1320 3025 defecerit
1352 2962 1765 3042 navigantibus
1798 2984 1814 3039 ;
1861 2973 2031 3026 erant

384 3072 525 3117 vero
558 3054 618 3115 in
670 3052 801 3114 navi
838 3054 1002 3115 multi
1037 3062 1325 3116 vectores.
1362 3053 1506 3116 Cum
1540 3062 1737 3115 autem
1778 3053 1865 3115 eis
1898 3061 2031 3114 tan-

389 3153 511 3205 tum
542 3142 889 3205 immineret
935 3143 1292 3222 periculum,
1329 3149 1450 3203 visa
1480 3149 1570 3203 est
1621 3161 1826 3204 eorum
1861 3140 2029 3203 navi-

385 3232 543 3312 gatio
597 3251 714 3294 non
748 3249 880 3294 esse
922 3231 1046 3295 Deo
1100 3241 1283 3310 grata.
1329 3230 1504 3294 lubet
1552 3231 1747 3312 itaque
1778 3230 2026 3305 Melana,

387 3331 453 3385 ut
504 3322 697 3385 velum
759 3329 1196 3402 convertentes,
1230 3322 1392 3383 ﬂanti
1438 3329 1610 3382 vento
1657 3330 2033 3401 optempera-

388 3419 546 3492 rent,
580 3429 942 3493 quocunque
972 3428 1182 3473 navem
1213 3410 1480 3473 duceret.
1515 3413 1719 3491 Itaque
1750 3429 1883 3472 cum
1932 3428 2033 3471 se-

385 3499 646 3563 cundum
674 3508 912 3563 ventum
943 3500 1005 3562 in
1038 3500 1219 3582 puppi
1248 3499 1613 3574 habuissent,
1642 3499 1949 3581 appellunt
1971 3498 2032 3560 in

387 3589 707 3670 quamdam
740 3590 1023 3653 insulam.
1055 3588 1203 3652 Eam
1232 3608 1370 3653 vero
1401 3606 1552 3671 gens
1594 3589 1859 3670 quaedam
1890 3588 2031 3650 bar-

388 3680 552 3760 bara,
590 3689 649 3743 et
681 3699 810 3762 quae
843 3680 1040 3760 praeda
1092 3689 1154 3741 et
1180 3688 1348 3761 rapto
1403 3679 1645 3754 vivebat,
1678 3679 1851 3756 paulo
1896 3689 2034 3742 ante

387 3769 581 3833 fuerat
624 3770 924 3851 populata.
959 3770 1105 3834 Cum
1140 3770 1306 3831 multi
1366 3777 1561 3832 autem
1595 3769 1762 3831 illinc
1792 3767 2031 3831 abducti

389 3868 589 3922 essent
645 3859 861 3940 captivi
911 3858 1023 3920 viri
1075 3866 1134 3920 et
1177 3858 1459 3921 mulieres
1507 3868 1565 3921 et
1598 3858 1790 3937 pueri,
1825 3858 2034 3920 insulae

390 3946 603 4010 incolis
631 3947 1038 4026 signiﬁcabant
1060 3947 1392 4024 Barbari,si
1415 3968 1518 4029 pro
1552 3949 1639 4011 eis
1666 3947 2034 4010 redimendis

387 4045 670 4116 quantum
703 4037 846 4100 satis
890 4048 1045 4100 esset
1073 4038 1201 4100 auri
1229 4040 1622 4118 accepissent,
1645 4038 1809 4118 ipsos
1837 4037 2032 4117 capti-

386 4143 494 4189 vos
526 4145 659 4189 esse
692 4126 1060 4207 reddituros,
1096 4126 1305 4190 insulae
1352 4134 1547 4189 autem
1583 4144 1879 4206 parsuros.
1930 4127 2034 4190 Sin

392 4235 529 4279 vero
561 4236 679 4279 non
718 4216 1199 4298 accepissent,se
1231 4217 1485 4278 insulam
1519 4215 1761 4295 quidem
1794 4224 2035 4277 exnstu~

393 4326 513 4383 ros,
549 4306 795 4387 captivis
844 4318 1043 4368 autem
1077 4306 1270 4384 gladio
1320 4313 1570 4367 mortem
1603 4304 1893 4367 illaturos.
1944 4307 2044 4368 At-

388 4415 505 4476 que
557 4395 765 4457 insulae
795 4394 1036 4475 quidem
1096 4394 1320 4455 incolas
1363 4412 1433 4456 ea
1460 4411 1592 4474 qua;
1629 4392 2045 4474 signiﬁcaban-

389 4494 507 4559 tur,
545 4483 759 4546 dubios
789 4482 1119 4545 reddebant
1151 4489 1210 4543 et
1244 4484 1578 4563 perplexas.

469 4572 622 4636 XVI.
658 4571 802 4635 Cum
836 4573 998 4651 ipsos
1049 4580 1243 4633 autem
1278 4572 1468 4651 iustos
1508 4571 1831 4635 accessisse
1862 4572 2038 4634 intel-

393 4662 637 4725 lexisset
664 4658 1004 4740 episcopus,
1035 4659 1150 4721 hoc
1181 4658 1244 4722 in
1270 4659 1435 4722 lucro
1470 4662 1668 4741 posuit
1698 4679 1711 4724 :
1749 4669 1806 4722 et
1835 4662 1907 4724 ad
1940 4681 2044 4724 eos

396 4749 663 4826 veniens,
723 4748 884 4830 ipsos
929 4749 1139 4825 oravit,
1176 4757 1234 4812 et
1288 4750 1419 4830 plus
1476 4750 1725 4831 adeptus
1778 4751 2045 4831 pecuniae

394 4858 571 4924 quam
606 4839 864 4921 petebat,
899 4848 956 4901 et
984 4839 1240 4922 praedam
1276 4843 1612 4901 universam
1665 4839 1961 4915 liberavit,
1989 4850 2048 4902 et

395 4931 651 4995 insulam
688 4930 905 5011 eripuit
935 4948 967 4990 a
1001 4930 1296 5011 periculo.
1335 4927 1560 4992 Melana
1590 4949 1726 4991 vero
1756 4948 1889 4991 cum
1921 4932 2044 4994 suis

392 5041 459 5085 se
488 5021 845 5083 clementius
893 5028 953 5081 et
981 5018 1299 5099 benignius
1348 5029 1625 5097 gerentes
1654 5020 1713 5080 in
1756 5020 2042 5100 captivos,

395 5116 482 5173 eis
514 5111 813 5172 dederunt
844 5109 1020 5171 etiam
1051 5113 1409 5189 quingentos
1435 5126 1668 5182 aureos,
1706 5127 2043 5188 panemque

397 5199 781 5281 praebuerunt
804 5207 863 5259 et
890 5206 1124 5271 caetera,
1155 5199 1372 5277 quibus
1403 5217 1552 5278 opus
1584 5197 1903 5273 habebant,
1930 5199 2044 5261 hoc

395 5297 666 5367 agentes,
690 5295 754 5348 ut
783 5285 1076 5347 donorqu
1111 5286 1517 5364 magnitudine
1548 5286 2046 5350 obliviscerentur

398 5395 739 5455 magnarum
803 5375 1227 5436 calamitatum.
1290 5373 1584 5454 Deinceps
1652 5385 1848 5439 autem
1913 5395 2046 5439 cum

398 5465 618 5527 bonum
657 5474 891 5524 ventum
920 5464 1202 5535 assecuti,
1233 5463 1553 5525 solvissent
1589 5465 1661 5525 ab
1694 5467 1909 5539 insula,
1937 5486 2047 5528 na-

2109 1916 2167 1951 τε
2238 1896 2323 1952 καὶ
2392 1894 2580 1969 μανίας
2636 1892 2794 1950 ἆθλον
2872 1896 3026 1954 αὐτὸν
3101 1900 3312 1951 ποιοῦσι
3348 1941 3362 1969 ,
3427 1895 3513 1949 καὶ
3566 1892 3757 1970 βιαίως

2111 1985 2379 2063 ἀναιροῦσι
2451 1985 2542 2040 τὸν
2614 1981 2815 2043 ἄθλιον.
2907 1985 3003 2043 Καὶ
3084 1980 3336 2062 βάρϐαροι
3395 1979 3450 2038 δὲ
3506 1981 3793 2063 ἐξαίφνης.

2112 2072 2562 2151 καταδραμόντες,
2622 2074 2689 2129 τὰ
2746 2073 2847 2150 πρὸ
2903 2072 2998 2140 τῆς
3041 2072 3249 2137 πόλεως
3289 2071 3498 2128 ἅπαντα
3562 2078 3757 2129 Μυσῶν

2112 2163 2257 2221 λείαν
2313 2163 2644 2240 εἰργάσαντο,
2678 2162 2815 2219 ὥστε
2847 2162 3121 2219 κάντεῦθεν
3177 2161 3338 2231 δῆλον
3395 2161 3637 2240 γενέσθαι
3678 2164 3753 2223 ὡς

2113 2258 2207 2313 οὐκ
2257 2254 2393 2309 ἀθεεὶ
2450 2252 2646 2308 ἐκεῖνοι
2701 2252 2768 2309 τὰ
2826 2253 3025 2309 ἑαυτῶν
3082 2252 3375 2331 φθάσαντες
3427 2252 3499 2315 εἷς
3550 2252 3752 2330 χωρίον

2115 2343 2450 2418 μετήνεγκαν
2533 2339 2722 2401 ἄσυλον
2755 2390 2772 2415 ,
2861 2343 2945 2398 καὶ
3044 2341 3302 2420 οὐρανίαις
3405 2339 3752 2419 ἐθησαυρίσαν

2091 2446 2095 2451 ’
2114 2431 2435 2501 ἀποθήκαις.

2191 2697 2295 2760 IE’.
2344 2700 2493 2756 Ἐπεὶ
2549 2695 2603 2754 δὲ
2659 2700 2746 2756 καὶ
2800 2699 2906 2756 ἀπὸ
2964 2695 3208 2761 Σικελίας
3253 2696 3369 2753 εὗθὺ
3415 2695 3614 2764 Λιϐύης
3660 2697 3743 2753 καὶ

2115 2785 2459 2867 Καρχηδόνος
2519 2786 2677 2845 πλεῖν
2734 2787 2985 2867 ἔμελλον,
3028 2784 3250 2864 σφοδρός
3288 2808 3369 2849 τις
3439 2787 3530 2844 καὶ
3573 2787 3736 2864 ἄγριος

2111 2879 2298 2942 αὐτοὺς
2331 2875 2523 2952 ἄνεμος
2551 2876 2916 2954 ὑπολαμϐάνει
2948 2878 3034 2934 καὶ
3067 2879 3269 2955 συχνὰς
3319 2875 3521 2956 ἡμέρας
3572 2897 3744 2952 παρα-

2114 2966 2346 3039 ϐιάζεται
2386 2970 2458 3031 εἰς
2516 2966 2543 3023 ὅ
2599 2974 2688 3025 καὶ
2747 2970 2809 3024 τὸ
2836 2966 2972 3047 ὕδωρ
3015 2965 3136 3028 τοὺς
3193 2964 3451 3031 πλέοντας
3481 2964 3747 3025 ἐκλιπεῖν.

2116 3056 2306 3114 Πολλοὶ
2342 3055 2395 3113 δὲ
2440 3057 2576 3127 ἦσαν
2609 3058 2670 3113 τὸ
2722 3055 2991 3134 πλήρωμα
3026 3057 3124 3124 τῆς
3176 3055 3326 3122 νεώς.
3382 3061 3642 3113 Τοσοῦτον
3700 3053 3751 3110 δὲ

2116 3152 2297 3211 αὒτοϊς
2355 3147 2726 3223 ἐπηρτημένου
2785 3145 3022 3205 κινδύνου
3078 3148 3137 3204 οὗ
3177 3145 3313 3203 κατὰ
3362 3145 3504 3202 θείαν
3534 3145 3753 3223 γνώμην

2115 3235 2285 3303 ἔδοξεν
2339 3238 2367 3292 ὁ
2421 3235 2586 3301 πλοῦς
2639 3240 2980 3315 γεγενῆσθαι,
3027 3234 3239 3295 Κελιύει
3297 3236 3422 3312 γοῦν
3450 3235 3486 3300 ἡ
3540 3231 3752 3300 Μελάνη

2116 3324 2530 3402 ἐπιστρέψαντας
2571 3331 2670 3394 τὴν
2720 3327 2932 3397 ὀθόνην,
2967 3334 3043 3399 τῷ
3094 3326 3301 3404 φέροντι
3345 3322 3526 3398 ἀνέμῳ
3584 3345 3754 3380 κατα-

2117 3419 2319 3478 πειθεῖς
2379 3415 2609 3493 γίνεσθαι
2695 3415 2819 3472 ὅποι
2890 3415 2952 3471 ἃν
3012 3412 3118 3493 ἄγῃ
3176 3415 3274 3481 τὴν
3319 3419 3467 3473 ναῦν.
3528 3412 3626 3471 Καὶ
3690 3410 3755 3479 δὴ

2115 3503 2367 3568 λαϐόντες
2417 3506 2553 3562 κατά
2606 3506 2848 3583 πρύμναν
2904 3507 2965 3561 τὸ
3014 3507 3247 3584 πνεῧμα,
3279 3502 3360 3569 εἴς
3413 3525 3532 3559 τινα
3561 3501 3752 3560 καταίο

2115 3596 2288 3673 ρουσίν
2341 3594 2522 3661 νῆσον.
2579 3595 2691 3662 Τὴν
2757 3591 2810 3650 δὲ
2867 3592 3162 3673 ἐτύγχανεν
3226 3589 3339 3670 ἄρτι
3389 3589 3651 3670 βέρϐαρόν
3704 3612 3755 3647 τι

2117 3686 2201 3740 καὶ
2253 3682 2537 3762 λῃστρικὸν
2594 3683 2790 3764 ἔθνος,
2880 3681 3189 3745 ἐπελθόντες
3246 3683 3333 3738 καὶ
3406 3680 3748 3751 λη’ίσάμενοι.

2117 3773 2337 3831 Πολλῶν
2396 3771 2450 3829 δὲ
2504 3773 2866 3853 αἰχμαλώτων
2927 3773 3133 3830 ἐκεῖθεν
3188 3770 3520 3852 ληφθέντων,
3553 3768 3751 3848 ἀνδρῶν

2113 3863 2226 3939 ἅμα
2282 3863 2369 3919 καὶ
2413 3863 2677 3941 γυναικῶν
2705 3910 2719 3935 ,
2781 3863 2911 3942 πρὸς
2968 3861 3023 3918 δέ
3081 3863 3168 3918 καὶ
3212 3859 3432 3918 παιδίων
3459 3907 3474 3933 ,
3536 3857 3751 3930 ἐδήλουν

2114 3964 2231 4016 τοῖς
2273 3952 2560 4018 νησιώταις
2611 3954 2656 4009 οἳ
2693 3949 2945 4031 βάρϐαροι
2996 3949 3158 4029 λύτρα
3201 3950 3299 4024 μὲν
3360 3950 3577 4029 χρυσίον
3630 3951 3751 4005 ἱκα-

2116 4043 2204 4098 νὲιν
2260 4039 2509 4107 λαϐόντες
2565 4042 2749 4104 αὐτούς
2808 4062 2865 4098 τε
2922 4040 3044 4105 τοὺς
3109 4036 3493 4118 αἱχμαλώτους
3550 4036 3749 4094 ἀποδό-

2122 4135 2262 4203 σθαι,
2321 4131 2594 4211 φείσασθαι
2650 4128 2705 4187 δὲ
2759 4131 2847 4186 καὶ
2905 4128 2999 4197 τῆς
3057 4130 3220 4199 νήσου
3253 4147 3268 4163 ⁸
3312 4129 3358 4183 εἰ
3410 4124 3465 4182 δὲ
3523 4125 3601 4201 μή
3660 4127 3757 4184 λα-

2122 4218 2288 4292 ϐοιεν,
2332 4219 2429 4287 τὴν
2489 4220 2587 4295 μὲν
2658 4226 2735 4294 τῷ
2792 4219 2937 4299 πυρὶ,
3000 4219 3119 4284 τοὺς
3183 4215 3239 4273 δὲ
3316 4214 3637 4296 παραδοῦναι
3693 4223 3764 4290 τῷ

2125 4309 2279 4376 ξίφει.
2341 4319 2468 4372 Τοῖς
2523 4309 2622 4386 μὲν
2693 4312 2783 4366 οὖν
2854 4308 3142 4376 νησιώταις
3211 4305 3384 4384 ἄπορα
3444 4306 3510 4362 τά
3566 4305 3764 4374 δηλού-

2128 4421 2262 4474 μενα
2289 4399 2387 4467 ἦν.

2065 4481 2111 4534 D

2208 4577 2334 4651 ις’.
2398 4577 2595 4643 Αότοὺς
2637 4575 2691 4634 δέ
2749 4577 2869 4643 τοὺς
2925 4574 3158 4638 δικαίους
3234 4578 3416 4652 μαθὼν
3458 4575 3691 4644 ἥκοντας
3745 4576 3771 4631 ὂ

2127 4665 2414 4730 ἐπίσκοπος
2488 4665 2706 4743 ἕρμαιον
2768 4667 2958 4728 αὐτοὺς
3019 4665 3285 4745 ἐποιεῖτο,
3352 4666 3439 4722 καὶ
3497 4663 3765 4721 κατελθὼν

2127 4755 2360 4812 ἱκέτευσε
2416 4775 2474 4810 τε
2532 4754 2625 4811 καί
2715 4754 3090 4835 ἀφθονωτέρων
3150 4754 3225 4811 ὦν
3294 4752 3411 4830 ᾔτει
3469 4752 3765 4833 χρημάτων

2128 4845 2400 4923 ἐπιτυχὼν
2442 4845 2540 4914 τήν
2598 4867 2656 4901 τε
2717 4843 2862 4901 λείαν
2933 4842 3262 4921 ἠλευθέρωσε
3319 4849 3492 4900 πᾶσαν
3539 4844 3625 4898 καὶ
3681 4849 3764 4899 τοῦ

2127 4932 2363 4990 κινδύνου
2421 4933 2520 5002 τήν
2574 4938 2734 5001 νῆσον
2782 4933 3051 5013 ἐρρύσατο,
3086 4936 3146 4991 Οἱ
3186 4933 3242 4990 δε
3300 4934 3418 5011 περὶ
3447 4937 3548 5001 τῆν
3583 4929 3760 4987 Mali-

2127 5047 2248 5096 νην,
2302 5024 2797 5102 φιλανθρωπότερον
2849 5024 2966 5101 περὶ
3028 5024 3149 5085 τοὺς
3208 5020 3588 5101 αἰχμαλώτους
3645 5018 3761 5076 δια-

2125 5112 2361 5177 τεθέντες
2404 5114 2492 5169 καὶ
2551 5115 2749 5192 χρυσὸν
2807 5113 2990 5174 αύτοϊς
3035 5112 3379 5192 ἑμπαρεσχον
3405 5158 3422 5185 ,
3469 5110 3765 5187 νομίσματα

2126 5201 2473 5280 ⁸ῖ.εντακόσια,
2505 5199 2691 5278 ἄρτους
2735 5223 2793 5257 τε
2823 5199 2919 5258 καί
2962 5207 3067 5258 τῶν
3117 5200 3317 5258 λοιπῶν
3359 5202 3434 5257 ὧν
3478 5200 3762 5278 ἐπήγοντο,

2131 5297 2207 5364 τῷ
2277 5291 2485 5369 μεγέθει
2544 5296 2648 5347 τῶν
2719 5289 2926 5369 δωρεων
2991 5288 3328 5348 ἐπιλαθέσθαι
3395 5290 3613 5348 τούτους
3667 5291 3765 5343 τῶν

2133 5380 2383 5457 μεγάλων
2440 5384 2722 5460 συμφορῶν
2779 5379 3196 5459 μηχανώμενοι.
3232 5381 3304 5437 Τὸ
3346 5377 3403 5436 δὲ
3454 5376 3576 5445 ἑξῆς
3605 5376 3763 5434 πνεύ-

2136 5490 2302 5542 ματος
2367 5471 2579 5547 μετρίου
2636 5472 2894 5550 τυχόντες
2954 5476 3047 5524 τοῦ
3134 5467 3369 5536 νησιδίου
3455 5467 3760 5543 ἀπάραντες,

390 5554 669 5639 vigarunt
714 5551 864 5631 citra
894 5552 1072 5618 ullam
1125 5551 1483 5634 molestiam,
1522 5553 1905 5637 placidusque
1947 5575 2030 5621 eo:

2135 5558 2353 5625 ἀλύπως
2398 5558 2472 5616 ἔτι
2507 5563 2595 5619 τὸν
2644 5562 2808 5623 πλοῦν
2867 5560 3142 5620 ἐποιοῦντο
3175 5576 3189 5593 ⁹
3236 5559 3334 5618 καί
3368 5559 3610 5638 μαλακός
3669 5553 3761 5611 αὖ·-
