4022 6146
238 274 363 346 769

1566 274 1753 343 VITA
1810 270 1869 338 S.
1929 274 2291 345 MELANZE.

3492 276 3615 343 770

239 419 368 483 τοὺς
427 417 639 474 ὄπισθεν
682 415 903 473 ἐπωθῶν
946 413 1139 489 ἄνεμος
1204 412 1289 471 διὰ
1347 413 1560 494 ταχέων
1617 418 1686 490 τῇ
1746 423 1890 490 Καρ-

2001 435 2009 472 ι
2041 419 2202 491 tergo
2235 410 2556 493 impellens
2586 418 2819 482 ventus,
2865 407 2983 472 cito
3016 406 3340 472 transmisit
3372 409 3619 474 Cartha-

242 506 446 587 χηδόνι
490 504 715 565 δίδωσιν.
782 503 1106 568 Ἀποϐάντες
1161 503 1214 560 δὶ
1257 507 1352 573 τῆς
1395 505 1525 569 νηὸς
1571 502 1668 570 τῆς
1723 500 1889 582 φίλης

242 594 483 674 εἴχαντο
543 593 786 670 ἐργασίας
842 594 1103 674 χρήματα
1172 594 1259 650 καὶ
1342 593 1532 672 ἀγροὺς
1616 593 1735 656 τοὺς
1793 592 1891 665 μὲν

239 686 418 759 ἱεροῖς
476 682 806 746 ἀνατιθέντες
879 697 1030 748 ναοῖς
1063 730 1078 755 ,
1151 682 1271 749 τοὺς
1340 680 1396 738 δὲ
1464 679 1889 760 φροντιστηρίοις

244 773 611 854 ὀφιεροῦντες,
656 771 723 828 τὰ
776 770 829 827 δὲ
913 774 1002 828 καὶ
1076 771 1408 834 ἐκκενοῦντες
1463 784 1583 833 τοῖς
1643 771 1887 836 πένησιν,

247 862 406 920 Οὕτω
459 864 550 918 τὸν
601 861 828 921 πλοῦτον
892 861 1375 936 ἁποσκευαζόμενςι
1432 861 1604 918 πάντα
1630 908 1646 934 ,
1709 860 1894 941 κοῦφοί

246 972 309 1008 τε
367 950 464 1008 καί
511 951 789 1015 εὒσταλεῖς
844 950 935 1008 ἐπὶ
970 953 1062 1007 τὸν
1094 949 1268 1018 ἀληθῆ
1316 950 1581 1028 μετῄεσαν
1637 948 1889 1022 πλοῦτον,

248 1043 309 1104 ὃς
373 1051 467 1101 τοῦ
524 1039 690 1116 μηδὲν
744 1039 895 1121 ἔχειν
944 1041 1164 1098 ὠνεῖται
1212 1053 1327 1105 τοῖς
1370 1037 1596 1101 εὗσεϐὦς
1643 1038 1894 1118 θησαυρί-

245 1137 456 1202 ζουσιν.
514 1132 579 1186 Ἦ
625 1128 680 1186 δὲ
737 1128 891 1193 πόλις
951 1130 1085 1207 ἕνῇ
1140 1130 1236 1193 τὰς
1299 1127 1567 1209 διατριϐὰς
1626 1128 1898 1186 ἐποιοῦιτο

248 1220 512 1298 Θαγαστὴ
556 1218 827 1295 ἐκαλεῖτο,
859 1223 916 1276 ἑν
1028 1221 1124 1277 καὶ
1166 1220 1329 1299 laps-‘2:
1385 1218 1559 1298 λέγειν
1616 1218 1763 1281 εἰδὼς
1812 1217 1899 1275 καὶ

249 1307 492 1372 πολλοὺς
522 1316 597 1383 τῷ
627 1307 772 1387 λόγῳ
821 1309 950 1387 πρὸς
998 1310 1263 1388 σωτηρίαν
1306 1308 1511 1388 ἐνάγειν
1559 1305 1843 1383 δυνάμενος
1878 1323 1893 1339 ⁸

251 1398 428 1473 ὄνομα
471 1398 641 1470 τούτῳ
681 1397 936 1462 Ἀλόπιος
973 1414 987 1428 ⁵
1038 1399 1084 1473 ᾧ
1139 1397 1203 1466 δὴ
1266 1401 1351 1455 καὶ
1396 1398 1636 1462 συνόντες
1681 1399 1745 1454 τὰ
1787 1398 1899 1474 ἱερὰ

248 1487 526 1561 ἐμελέτων
555 1486 731 1565 λόγια,
767 1488 943 1543 καὶτὸ
974 1488 1113 1566 ἱερὸν
1144 1486 1200 1543 δὲ
1243 1489 1272 1543 ὃ
1313 1488 1402 1543 τὸν
1458 1484 1713 1544 Ἀλύπιον
1770 1485 1899 1565 εἶχε

248 1576 406 1645 μάλα
450 1575 743 1657 φιλοτίμως
769 1576 994 1651 κόσμοις
1038 1598 1095 1632 τε
1151 1590 1374 1657 χρυσοῖς
1424 1577 1513 1632 καὶ
1560 1574 1721 1640 λίθοις
1751 1576 1899 1651 λαμ-

251 1679 420 1744 προῖς
476 1668 563 1722 καὶ
612 1665 893 1744 προσόδοις
946 1664 1177 1729 πολλαῖς
1252 1666 1611 1744 ἐλάμπρυναν,
1679 1663 1899 1745 ’ῼκοδό-

1974 501 2196 581 ginem.
2232 504 2379 564 Cum
2413 520 2444 563 e
2480 518 2629 562 nave
2679 508 2876 562 autem
2932 500 3409 577 descendissent,
3447 521 3615 566 suam

1974 592 2205 654 solitam
2241 590 2502 670 aggressi
2561 600 2699 652 sunt
2758 590 3192 670 operationem,
3246 591 3532 670 pecunias
3565 604 3623 660 et

1973 699 2145 760 agros
2178 682 2385 761 partim
2447 680 2692 758 quidem
2746 681 2934 741 sacris
2988 678 3217 742 aedibus
3250 680 3617 761 dedicantes,

1975 770 2188 850 partim
2246 789 2383 831 vero
2442 777 2869 831 consecrantes
2930 769 3346 851 monasteriis,
3405 773 3620 851 partim

1977 865 2150 922 etiam
2183 859 2241 920 in
2300 876 2589 940 pauperes
2649 859 3048 923 eﬂ'undentes.
3084 858 3180 921 Sic
3239 877 3304 921 se
3361 861 3625 926 levantes

1978 949 2144 1011 omni
2168 967 2353 1011 onere
2375 947 2912 1022 divitiarum,leves
2938 956 2994 1009 et
3018 947 3277 1028 expediti
3301 952 3628 1030 pergebant

1978 1039 2051 1100 ad
2087 1056 2249 1101 veras
2281 1038 2545 1113 divitias,
2609 1056 2742 1118 quae
2795 1046 3075 1100 emuntur
3128 1056 3221 1112 eo,
3281 1040 3434 1118 quod
3474 1042 3624 1104 nihil

1983 1128 2356 1210 possideatur
2386 1128 2458 1189 ab
2485 1127 2561 1188 iis
2595 1127 2694 1208 qui
2739 1127 3087 1190 thesaurum
3138 1129 3233 1208 pie
3265 1129 3617 1196 recondunt.

1982 1219 2196 1281 Civitas
2227 1227 2451 1293 autem,
2488 1218 2546 1278 in
2580 1234 2693 1296 qua
2743 1215 3152 1295 versabantur,
3212 1218 3622 1297 appellabatur

1981 1305 2321 1387 Tagaste,in
2348 1324 2466 1387 qua
2489 1315 2617 1367 erat
2639 1324 2872 1369 sacrum
2907 1306 3220 1387 templum,
3256 1314 3315 1368 et
3338 1311 3619 1372 sacerdos

1981 1396 2218 1459 dicendi
2254 1396 2499 1476 peritus,
2566 1405 2623 1456 et
2661 1396 2761 1476 qui
2812 1395 3084 1457 oratione
3146 1395 3362 1457 multos
3395 1406 3626 1477 poterat

1982 1486 2271 1548 inducere
2308 1486 2378 1546 ad
2414 1485 2688 1559 salutem,
2725 1486 2971 1546 nomine
3014 1484 3256 1565 Alypius
3293 1507 3306 1546 :
3341 1505 3476 1549 cum
3510 1509 3627 1571 quo

1985 1582 2316 1653 versantes,
2341 1591 2509 1635 sacra
2541 1572 2984 1634 meditabantur
3014 1573 3273 1654 eloquia.
3306 1574 3626 1659 Templum

1986 1683 2146 1738 vero,
2175 1665 2232 1724 in
2266 1682 2381 1744 quo
2412 1661 2624 1742 agebat
2653 1661 2921 1743 Alypius,
2974 1661 3295 1724 admodum
3349 1668 3631 1730 munifice

252 1777 404 1831 μητο
465 1753 520 1811 δὲ
574 1763 778 1819 τούτοις
831 1757 919 1811 καὶ
977 1756 1353 1836 φροντιστήρια
1407 1752 1529 1827 δύο,
1604 1755 1904 1835 χρημάτων

2001 1762 2048 1815 et
2075 1754 2271 1814 aureis
2302 1751 2690 1832 ornamentis,
2724 1759 2783 1813 et
2832 1751 3048 1841 lucidis
3067 1754 3319 1831 gemmis
3343 1761 3402 1817 et
3431 1756 3628 1836 pluri-

251 1867 317 1902 τε
362 1848 451 1903 καὶ
487 1847 745 1922 προσόδου
796 1848 991 1908 ἱκανῶς
1050 1845 1277 1925 ἔχοντα,
1346 1844 1418 1901 ὧν
1477 1859 1538 1900 το
1590 1845 1688 1920 μὲν
1745 1845 1906 1925 χορὸς

255 1938 427 2016 εἶχεν
486 1934 684 2014 ἀνδρῶν
746 1938 837 1992 τὸν
894 1937 1113 2014 ἀριθμὸν
1170 1935 1521 2014 ὀγδοήκοντα,
1579 1937 1638 1991 τὸ
1696 1934 1749 1990 δὲ
1783 1956 1911 2012 παρ-

252 2025 430 2091 θένοις
462 2025 644 2082 ἀνεῖτο
672 2025 768 2082 καί
813 2027 883 2090 εἷς
919 2027 1139 2104 ἀριθμὸν
1168 2024 1441 2090 τελούσαις
1492 2025 1775 2101 τριάκοντα
1822 2025 1910 2080 καὶ

259 2115 459 2173 ἑκατὸν
487 2114 577 2182 ἧν,

352 2383 456 2446 lZ’.
508 2382 657 2441 Οὕτω
711 2384 800 2441 καὶ
841 2391 1004 2441 ταῦτα
1058 2384 1093 2451 ἡ
1153 2382 1369 2450 Μελάνῆ
1441 2380 1681 2438 διαδετσα
1738 2379 1914 2446 καλῶς

270 2471 576 2551 ἐγκρατείας
635 2473 720 2529 καὶ
781 2473 925 2537 αὖθις
984 2473 1275 2549 ἑμέμνητο.
1344 2473 1440 2529 Καὶ
1497 2468 1562 2525 δι’
1625 2469 1757 2537 ὅλης
1818 2469 1914 2542 μὲν

267 2563 371 2629 τῆς
399 2561 597 2635 ἡμέρας
626 2561 810 2625 ἄσιτος
852 2564 888 2631 ὴ
946 2562 1160 2640 γενναία
1199 2560 1517 2639 διεκαρτέρει
1557 2580 1568 2596 ·
1627 2567 1721 2617 τοῦ
1762 2560 1914 2627 ἡλίου

263 2650 320 2707 δὲ
377 2647 480 2718 ἤδη
526 2651 654 2722 πρὸς
684 2648 884 2727 δυσμᾶς
944 2650 1169 2719 ἥκοντος
1232 2651 1491 2729 βραχείας
1535 2646 1913 2725 μετελάμϐανε

258 2745 360 2808 τῆς
411 2739 611 2818 τροφῆς
668 2741 757 2796 καὶ
805 2740 1002 2807 ταύτης
1055 2737 1290 2819 σκληρᾶς
1324 2755 1338 2771 ⁶
1408 2738 1519 2795 ἔστι
1585 2736 1639 2793 δὲ
1684 2737 1770 2793 ὅτε
1830 2738 1915 2794 καὶ

265 2830 473 2908 βραχεῖ
518 2827 680 2901 ἐλαίῳ
736 2830 795 2884 τὸ
849 2827 981 2904 ὄψον
1025 2831 1392 2906 παραμυθεῖτο
1427 2841 1441 2857 ⁸
1512 2825 1646 2899 οἴνῳ
1700 2824 1756 2881 δὲ
1798 2822 1915 2885 οὐδὲ

260 2921 363 2986 τὴν
407 2917 588 2997 ἀρχὴν
632 2917 860 2998 ἐχρῆτο,
923 2916 1040 2974 ἀλλ’
1106 2918 1166 2974 ἐκ
1197 2916 1411 2992 μέλιτός
1443 2939 1499 2973 τι
1532 2915 1917 2990 ἐσκευασμένον

267 3008 420 3083 πόμα
478 3006 808 3082 προσιεμένη
835 3055 852 3083 ,
898 3008 926 3061 ὃ
983 3004 1218 3064 κονδίτον
1273 3005 1462 3064 καλεῖν
1517 3006 1759 3086 σύνηθες,
1822 3006 1920 3073 τὴν

270 3098 432 3173 δίψαν
474 3099 857 3175 παρεμυθεῖτο.
910 3095 970 3154 Ὀ
1029 3094 1084 3152 δὲ
1118 3094 1181 3164 δὴ
1212 3094 1412 3175 χρόνος
1442 3099 1470 3152 ὁ
1502 3093 1729 3158 πολλοῖς
1782 3093 1918 3150 πὸλ-

272 3168 431 3251 λᾶκις
484 3168 585 3254 τὴν
617 3168 792 3265 *ὁρμὴν
845 3183 1127 3261 ἀμϐλύνων
1170 3168 1366 3251 ταύτης
1418 3184 1620 3261 μᾶλλον
1679 3168 1979 3261 ὀξυτέρανο

275 3277 472 3337 εποίει,
509 3277 604 3332 Καὶ
635 3276 696 3331 τὸ
754 3275 852 3351 μὲν
885 3279 1093 3353 πρῶτον
1146 3276 1288 3353 παρᾶ
1338 3273 1427 3332 δύο
1471 3275 1537 3332 τὰ
1584 3277 1732 3332 σιτία
1774 3273 1921 3348 λαμ-

285 3361 517 3422 ϐάνουσα
555 3365 641 3434 ἢν,
707 3363 890 3421 ’έπειτα
949 3365 1091 3443 παρὰ
1133 3366 1303 3439 τρεῖς,
1352 3364 1476 3421 εἶτα
1520 3365 1606 3421 καὶ
1663 3361 1731 3420 δι’
1764 3361 1923 3442 ἑπτά,

291 3455 365 3521 ὡς
426 3451 558 3518 ὁίπαξ
611 3459 710 3522 τῆς
774 3452 1059 3529 ἑϐδομάδος
1120 3455 1279 3529 μόνον
1360 3457 1659 3530 μεμνῆσθαι
1729 3454 1924 3532 τροφῆς

286 3544 378 3600 καί
435 3543 629 3610 ταύτης
671 3542 1074 3618 κεκολασμένης
1110 3559 1124 3572 ⁹
1171 3546 1258 3600 καὶ
1304 3541 1449 3603 οὐδὲν
1493 3540 1630 3605 ὅλως
1658 3548 1762 3598 τῶν
1793 3539 1925 3609 ἠδυ-

283 3652 391 3688 νειν
445 3630 684 3711 ἐχόντων
727 3632 960 3712 ἐχούσης
996 3649 1011 3665 ⁸
1060 3631 1217 3713 ἄρτου
1246 3634 1346 3712 γὰρ
1377 3631 1611 3709 σκληροῦ
1660 3632 1834 3710 βραχύ
1876 3652 1927 3687 τι

282 3721 473 3800 τρύφος
533 3723 569 3789 ἡ
629 3723 858 3801 τράπεζα
901 3723 991 3803 ἦν,
1023 3722 1097 3787 ὡς
1127 3721 1269 3779 εἶναι
1324 3722 1523 3787 ταύτην
1570 3718 1714 3778 οὐδὲν
1771 3721 1926 3788 ἧττον

280 3813 380 3878 τῆς
439 3813 687 3879 νηστείας
740 3812 1125 3888 πονικωτέραν.
1182 3811 1452 3887 Ἕγραφεν
1499 3811 1536 3878 ἠ
1579 3810 1793 3887 γενναία
1842 3809 1930 3866 καὶ

277 3903 353 3964 εἰς
411 3901 585 3980 τάχος
630 3902 718 3958 καὶ
764 3902 838 3965 εἷς
868 3899 1063 3965 κάλλος
1112 3902 1201 3958 καὶ
1250 3900 1415 3965 οὕτως
1475 3899 1798 3979 ἀπταίστως,
1856 3899 1929 3962 ὡς

274 3990 418 4067 μηδὲ
503 3991 628 4065 μίαν
715 3990 852 4067 μηδέ
935 4011 1065 4048 ποτε
1142 3988 1312 4057 λαϐὴν
1398 3988 1572 4046 δοῦναι
1641 4002 1759 4053 τοῖς
1815 3988 1931 4064 περὶ

280 4089 444 4139 ταῦτα
506 4077 701 4145 δεινοῖς
739 4099 753 4114 ’
816 4081 904 4137 καὶ
930 4086 1000 4157 τῇ
1042 4085 1220 4161 γραφῇ
1249 4082 1311 4136 τὸ
1358 4077 1551 4136 πλεῖον
1591 4082 1692 4145 τῆς
1723 4076 1928 4157 ἡμέρας

277 4168 439 4244 ἔνεμε
490 4168 675 4250 μέρος,
720 4174 819 4237 τῆς
856 4170 1038 4250 χειρὸς
1091 4168 1145 4226 δὲ
1214 4168 1491 4244 καμούσης
1551 4170 1597 4224 οἱ
1668 4166 1929 4248 ὀφθαλμοὶ

281 4257 522 4315 πλεῖστα
583 4258 681 4334 μὲν
742 4266 846 4316 τῶν
904 4260 1121 4337 γραφῶν
1166 4259 1424 4335 ὲπῇεσαν,
1486 4255 1715 4314 πλεῖστα
1770 4254 1825 4312 δὲ
1857 4257 1929 4320 εἰς

285 4349 514 4424 μνήμην
566 4352 645 4421 τῷ
693 4352 779 4406 vo‘t
812 4345 1177 4427 παρεδίδοσαν.
1216 4349 1312 4405 Καὶ
1359 4349 1558 4404 τούτων
1606 4345 1662 4402 δὲ
1690 4343 1793 4413 ἤδη
1826 4368 1928 4402 κα-

287 4438 502 4513 μόντων
558 4450 677 4499 τοῖς
730 4438 861 4515 πρὸς
910 4435 1172 4517 ὠφέλειαν
1214 4436 1503 4515 ὑπούργουν
1551 4437 1601 4491 αἱ
1634 4434 1812 4511 ἀκοαὶ,
1844 4434 1931 4490 καὶ

1995 1844 2103 1905 mis
2128 1850 2418 1905 ornarunt
2435 1860 2712 1921 agrorum
2737 1840 3145 1922 proventibus.
3174 1842 3260 1903 Ab
3287 1844 3374 1905 eis
3398 1866 3633 1928 quoque

1991 1940 2130 1993 sunt
2161 1931 2453 1993 aedificata
2482 1931 2601 1991 duo
2664 1931 3046 2008 monasteria,
3103 1950 3237 2011 qua:
3267 1941 3414 1995 satis
3446 1935 3632 1997 habe-

1994 2020 2133 2082 bant
2165 2039 2347 2101 opum
2380 2029 2438 2082 et
2469 2028 2885 2101 proventuum.
2918 2018 3180 2093 Quorum
3208 2016 3461 2084 alterum
3495 2026 3636 2106 qui-

1998 2111 2131 2171 dem
2167 2109 2421 2171 habebat
2443 2110 2690 2171 chorum
2714 2107 3260 2173 virorumnumero
3284 2112 3582 2192 octoginta
3615 2136 3630 2177 :

1996 2200 2251 2261 alterum
2278 2208 2474 2262 autem
2501 2197 2761 2260 habebat
2795 2198 3052 2278 virgines
3073 2218 3204 2281 quae
3227 2210 3396 2263 erant
3417 2221 3634 2267 nume-

1994 2306 2062 2349 ro
2094 2296 2334 2349 centum
2367 2296 2426 2349 et
2457 2287 2720 2367 triginta.

2077 2375 2261 2440 XVII.
2298 2377 2441 2439 Cum
2477 2377 2600 2438 haec
2633 2376 2883 2456 pulchre
2911 2375 2999 2439 sic
3031 2377 3431 2458 disposuisset
3459 2382 3633 2444 Mela-

1998 2484 2097 2543 na,
2128 2483 2337 2529 rursus
2365 2465 2640 2529 meminit
2668 2465 3045 2528 abstinentiaa
3089 2490 3101 2526 :
3149 2474 3206 2528 et
3240 2475 3359 2530 toto
3392 2469 3634 2550 quidem

1996 2554 2093 2616 die
2130 2572 2421 2634 generosa
2453 2554 2667 2616 mulier
2690 2554 3074 2636 permanebat
3094 2556 3327 2636 jejuna.
3356 2559 3496 2621 Sole
3525 2578 3635 2621 au-

1999 2654 2115 2706 tem
2143 2647 2266 2726 jam
2298 2644 2635 2720 occidente,
2661 2663 2871 2725 parum
2905 2643 3023 2706 eihi
3055 2645 3350 2723 sumebat,
3390 2650 3639 2729 ejusque

1999 2734 2175 2817 duri;
2211 2751 2634 2815 nonnunquam
2688 2751 2825 2794 vero
2881 2733 3113 2795 modico
3167 2733 3644 2799 oleicondiebat

2003 2823 2343 2886 obsonium.
2372 2823 2525 2885 Vino
2552 2832 2749 2885 autem
2785 2841 2902 2884 non
2928 2823 3203 2886 utebatur
3237 2826 3508 2904 omnino,
3533 2827 3640 2890 sed

2001 2904 2305 2994 accipiens
2363 2931 2431 2974 ex
2485 2911 2663 2974 melle
2712 2912 3045 2974 confectam
3098 2913 3429 2998 potionem,
3461 2935 3639 2998 quam

2001 3001 2194 3063 solent
2214 3000 2515 3083 appellare
2542 3001 2970 3076 conditum,sic
2998 3002 3228 3065 levabat
3251 3004 3434 3068 sitim.
3468 3003 3642 3067 Tem-

2007 3109 2113 3172 pus
2145 3109 2304 3167 vero,
2341 3091 2498 3173 quod
2530 3090 2730 3153 multis
2779 3109 2939 3170 saepe
2983 3091 3256 3155 obtendit
3286 3103 3345 3153 et
3375 3094 3647 3157 retardat

2006 3182 2317 3262 impetum,
2353 3182 2407 3243 ei
2438 3181 2602 3242 illum
2636 3181 2929 3244 reddebat
2976 3181 3297 3247 acriorem.
3346 3181 3422 3247 Et
3450 3184 3645 3266 primo

2006 3271 2246 3347 quidem
2307 3271 2570 3333 secundo
2634 3289 2874 3352 quoque
2946 3271 3044 3334 die
3104 3272 3306 3335 cibum
3350 3274 3646 3351 sumebat,

2007 3359 2226 3422 deinde
2256 3368 2452 3422 autem
2504 3360 2677 3422 tertio
2709 3380 2951 3443 quoque
2986 3362 3105 3436 die,
3140 3361 3360 3426 deinde
3390 3364 3647 3444 septimo

2009 3468 2266 3532 quoque,
2310 3451 2459 3512 adeo
2508 3461 2574 3512 ut
2595 3451 2783 3513 semel
2808 3458 3035 3512 tantum
3069 3450 3129 3512 in
3158 3452 3492 3516 hebomada
3513 3455 3649 3518 cibo

2010 3548 2375 3622 vesceretur,
2410 3559 2599 3622 eoque
2630 3540 2917 3621 castigato
2945 3547 3001 3602 et
3035 3548 3385 3621 temperato,
3437 3551 3496 3604 et
3548 3543 3655 3623 qui

2013 3628 2164 3691 nihil
2196 3630 2443 3690 omnino
2480 3630 2724 3691 haberet
2754 3648 2823 3691 ex
2875 3629 2969 3701 iis,
3005 3647 3136 3710 quae
3168 3641 3414 3709 possunt
3440 3632 3653 3695 afferre

2012 3717 2394 3798 voluptatem.
2459 3719 2636 3781 Panis
2686 3721 2846 3781 enim
2893 3719 3103 3800 durus,
3139 3718 3352 3780 breves
3383 3721 3651 3801 quaedam

2013 3817 2181 3869 erant
2238 3808 2370 3887 ejus
2429 3826 2654 3870 mensas
2710 3808 2962 3891 deliciae,
3024 3808 3173 3870 adeo
3234 3816 3395 3872 utea
3417 3810 3654 3891 jejunio

2013 3897 2159 3958 nihil
2190 3905 2346 3960 esset
2376 3899 2574 3959 minus
2606 3896 2924 3962 laboriosa.
2959 3898 3273 3962 Scribebat
3300 3908 3502 3963 autem
3539 3918 3654 3981 ge-

2012 4005 2228 4049 nerosa
2257 3987 2360 4050 illa
2407 3987 2633 4049 femina
2688 3988 2838 4052 adeo
2896 3987 3176 4050 celeriter
3209 3996 3269 4051 et
3299 3989 3546 4070 pulchre
3600 4004 3659 4053 et

2011 4074 2158 4138 citra
2185 4094 2475 4153 errorem,
2511 4085 2576 4138 ut
2607 4077 2827 4139 nullam
2879 4096 3141 4157 unquam
3190 4078 3358 4140 daret
3392 4080 3655 4160 prehen-

2013 4165 2196 4228 dendi
2244 4185 2447 4228 ansam
2506 4167 2577 4228 iis
2635 4168 2737 4248 qui
2763 4176 2902 4229 sunt
2932 4166 3111 4247 hujus
3139 4169 3226 4231 rei
3266 4169 3467 4249 periti.
3493 4169 3565 4231 Et
3593 4170 3655 4232 in

2013 4254 2333 4317 scribendo
2365 4257 2603 4337 quidem
2639 4260 2953 4318 maximam
2997 4256 3120 4318 diei
3175 4266 3401 4338 partem
3433 4275 3654 4321 consu-

2016 4344 2237 4407 mebat.
2271 4345 2513 4410 Defessa
2538 4364 2678 4409 vero
2710 4366 2913 4428 manu,
2939 4347 3095 4409 oculi
3128 4347 3369 4425 quidem
3404 4348 3658 4428 plurima

2015 4435 2235 4516 scripta
2267 4436 2987 4518 percurrebant,plurima
3016 4448 3216 4500 autem
3250 4439 3433 4500 menti
3464 4438 3658 4502 trade-

288 4525 526 4603 ὁμιλίαις
587 4525 786 4606 ἀνδρῶν
855 4525 1020 4604 ἁγίων
1100 4525 1440 4605 προσέχουσα
1506 4525 1595 4593 ἦν.
1664 4526 1798 4602 Πρὸς
1852 4523 1914 4579 ἐπ

2020 4523 2182 4601 bant,
2218 4535 2284 4586 ut
2314 4527 2622 4589 mandaret
2672 4529 2997 4591 memorias.
3047 4526 3235 4590 Porro
3264 4547 3407 4591 vero
3436 4528 3509 4591 iis
3531 4530 3657 4609 jam

1788 4612 1816 4635 )I

287 4616 501 4679 τούτοις
530 4616 619 4672 καὶ
649 4620 717 4691 τῇ
765 4614 904 4694 eam
947 4613 1105 4693 μέρος
1159 4614 1253 4670 οὒκ
1307 4612 1483 4692 ὀλίγον
1525 4610 1691 4670 ἐδίδου
1722 4628 1736 4643 ⁸
1786 4612 1821 4680 ἤ
1878 4633 1937 4670 τε

290 4705 393 4782 γὰρ
450 4703 536 4769 νὺξ
564 4701 759 4784 σχεδὸν
789 4701 893 4768 ὅλη
920 4705 1053 4779 πρὸς
1096 4703 1260 4770 αὐτὴν
1308 4700 1624 4768 ἀνηλίσκετο
1683 4699 1771 4758 δύο
1828 4704 1936 4777 μόο

291 4815 399 4850 νων
462 4794 627 4861 αὐτῆς
658 4795 794 4872 ὁρῶν
820 4792 898 4867 τῷ
949 4790 1098 4866 ὕπνῳ
1152 4790 1550 4867 νενεμημένων.
1606 4789 1671 4847 Ἦ
1716 4788 1771 4846 δὲ
1830 4812 1936 4847 κα-

289 4880 534 4946 τάκλισις
592 4870 786 4945 σάκκος
873 4881 939 4950 ἦν
1024 4881 1112 4938 ἐπὶ
1167 4870 1317 4958 ψιλῷλ
1363 4884 1442 4954 τῷ
1499 4877 1676 4960 ἐδάφει
1748 4879 1936 4956 κείμε-

293 4993 384 5036 νος
417 4991 435 5010 ο
474 4970 628 5050 ἔλεγε
670 4971 770 5050 γὰρ
799 4967 911 5027 δεῖν
940 4968 1288 5051 ἐγρηγορέναι
1328 4967 1409 5025 ἀεὶ
1438 4968 1518 5045 μὴ
1577 4965 1800 5042 εἰδότας,
1861 4967 1935 5033 ὥς

292 5083 455 5141 φησιν
483 5063 519 5131 ἦ
554 5059 852 5129 Δεσποτικῆ
881 5061 1055 5141 φωνὴ,
1088 5061 1215 5133 ποίᾳ
1271 5058 1382 5138 ὥρᾳ
1426 5059 1454 5115 ὁ
1502 5056 1740 5126 κλέπτης
1771 5057 1935 5138 ἔρχε-

288 5170 406 5215 ται,
467 5152 564 5209 Διὰ
622 5152 789 5208 ταῦτα
830 5152 918 5207 καὶ
960 5149 1156 5218 ἑαυτὴν
1188 5149 1271 5207 καὶ
1325 5149 1420 5212 τὰς
1467 5147 1561 5204 σὺν
1618 5147 1753 5225 αὐτῇ
1794 5169 1938 5227 παρ-

288 5242 471 5305 θένους
548 5237 686 5297 οὕτω
764 5239 1155 5319 παρεσκευάζεν
1229 5237 1609 5318 ἀπομάχεσθαι
1667 5238 1756 5294 καὶ
1834 5238 1939 5295 ὃπ-

2019 4614 2291 4690 defessis,
2327 4634 2504 4677 aures
2534 4617 2609 4678 iis
2667 4616 3027 4693 serviebant,
3083 4635 3216 4696 qum
3260 4618 3559 4699 pertinent
3586 4618 3663 4680 ad

2016 4704 2359 4785 utilitatem,
2393 4715 2450 4767 et
2485 4706 2750 4767 animum
2783 4716 3126 4769 sanctorum
3178 4711 3439 4770 virorum
3485 4707 3660 4770 adhi-

2018 4791 2197 4854 bebat
2226 4793 2859 4859 sermonibus.Praeter
2881 4796 3009 4857 haec
3038 4803 3237 4858 autem
3273 4815 3390 4859 non
3424 4817 3659 4879 parvam

2018 4899 2256 4968 quoque
2289 4892 2521 4963 partem
2549 4884 2847 4946 tribuebat
2878 4884 3157 4948 orationi.
3189 4883 3334 4948 Nam
3369 4894 3490 4949 tota
3519 4888 3659 4968 qui-

2018 4967 2154 5032 dem
2188 4989 2303 5033 nox
2333 4970 2457 5034 fere
2488 4971 2549 5032 in
2581 4989 2652 5034 ea
2676 4972 3164 5053 consumebatur,
3199 4972 3433 5036 duabus
3464 4976 3659 5037 solum

2018 5059 2187 5123 horis
2217 5078 2429 5123 somno
2486 5061 2561 5123 ab
2614 5079 2684 5124 ea
2728 5060 3047 5124 attributis.
3110 5062 3437 5126 Accubitus
3467 5071 3668 5126 autem

2020 5155 2395 5227 erat,saccus
2420 5153 2604 5231 super
2635 5150 2866 5212 nudum
2901 5149 3098 5213 solum
3133 5152 3385 5234 positus.
3426 5150 3674 5220 Dicebat

2023 5237 2184 5300 enim
2221 5237 2514 5321 :Oportet
2544 5257 2785 5323 semper
2836 5239 3100 5321 vigilare,
3136 5260 3270 5304 cum
3303 5243 3665 5321 nesciamus,

293 5329 448 5410 ἐχειν
493 5331 706 5393 εύθύνας
762 5328 919 5408 αὐτῇ.
983 5330 1081 5389 Καὶ
1143 5327 1300 5408 λόγος
1358 5326 1518 5406 ἀργὸς
1567 5328 1653 5384 καὶ
1703 5327 1827 5396 ἦθος
1884 5348 1915 5385 οε

2024 5335 2089 5391 ut
2120 5346 2224 5391 vox
2256 5337 2347 5393 est
2374 5329 2688 5393 Dominica
2715 5332 2766 5410 4,
2803 5348 2921 5412 qua
2968 5330 3114 5394 hora
3145 5330 3236 5394 fur
3264 5332 3479 5397 veniat.
3513 5331 3662 5396 Pro-

293 5416 529 5500 βεϐηκὸς
588 5419 675 5478 καὶ
753 5417 924 5499 γέλως
1007 5417 1240 5501 ἀκρατὴς
1310 5416 1399 5475 καὶ
1473 5414 1733 5498 λογισμὸς
1804 5415 1913 5475 ὃλω

2027 5425 2233 5505 pterea
2288 5426 2348 5485 et
2372 5438 2461 5501 se,
2495 5427 2554 5485 et
2605 5439 2738 5507 qua
2789 5438 2996 5486 secum
3051 5430 3222 5488 erant
3268 5421 3551 5511 virgines,
3585 5423 3672 5492 sic

381 5603 417 5661 4
439 5600 591 5674 Luc.
618 5622 729 5689 xu,
757 5606 858 5674 39.
888 5604 992 5678 40.
