4022 6146
404 219 514 289 771
1712 221 1996 291 MENSIS
2036 218 2466 292 DECEMBER.
3649 219 3775 288 772

404 359 658 422 faciebat
686 359 968 422 adversus
989 376 1262 439 somnum
1293 358 1818 424 contendere.Sibi
1845 367 2042 421 autem

2129 361 2308 423 σκαιὸς
2365 358 2670 440 ἐκολάζετο,
2731 359 2819 417 καὶ
2876 358 2938 418 τὸ
2997 354 3247 438 παράπαν
3307 360 3402 419 οὐκ
3466 357 3561 415 εἴα
3617 357 3773 438 νέφος

404 448 565 530 leges
598 447 962 529 imponebat,
999 458 1059 511 et
1112 467 1147 511 a
1205 467 1271 512 se
1302 448 1593 513 rationem
1627 448 1901 525 exigebat
1935 467 1948 512 :
1985 455 2045 510 et

2129 473 2176 506 τι
2207 451 2440 529 πονηρὸν
2474 451 2563 507 τὸν
2605 449 2703 518 τῆς
2736 453 2920 530 ψυχῆς
2952 448 3276 528 ὑποδραμετν
3310 449 3509 527 αἰθέρα,

405 539 595 600 otiosa
650 539 864 618 oratio,
899 546 954 599 et
1004 556 1200 600 mores
1230 556 1349 600 non
1400 538 1542 599 satis
1576 556 1803 618 graves,
1839 546 1899 599 et
1939 538 2095 600 risus
2120 539 2297 601 nimis
2345 537 2642 619 profusus,
2675 546 2735 599 et
2778 537 3018 599 sinislra
3073 536 3350 618 cogitatio
3378 534 3624 599 omnino
3670 552 3779 597 ca-

403 628 726 709 stigabatur
761 647 775 689 :
810 635 864 688 et
897 646 1015 688 non
1051 627 1281 689 sinebat
1309 627 1555 689 omnino
1591 628 1800 690 malam
1834 626 2090 709 aliquam
2125 628 2341 691 nubem
2375 628 2654 690 aetherem
2686 626 2900 690 animae
2928 625 3402 690 subtercurrere.

481 715 689 780 XVIII.
722 718 921 793 Atque
951 716 1054 779 illa
1070 715 1311 798 quidem
1348 725 1463 778 tam
1497 725 1668 779 caute
1699 725 1758 779 et
1790 728 1906 779 tam
1943 716 2045 779 du-

2210 717 2321 779 ιη’.
2358 717 2489 775 Ἀλλ
2518 720 2554 787 ἡ
2584 719 2683 793 μὲν
2727 717 2866 776 οὕτω
2907 716 3328 799 πεφυλαγμένως
3361 738 3416 773 τε
3446 717 3538 772 καὶ
3600 723 3781 780 σκλη-

405 807 555 868 riter
583 807 762 867 vitam
815 804 1047 884 agebat,
1104 812 1161 867 et
1214 805 1347 867 aliis
1395 814 1520 867 erat
1562 807 1791 886 regula,
1825 815 1887 868 ut
1916 825 2045 868 eam

2132 814 2236 887 ρῶς
2268 809 2402 878 αὐτή
2447 830 2505 866 τε
2534 806 2671 865 ἐϐίου
2701 809 2789 865 καὶ
2840 821 2963 873 ταῖς
3016 804 3204 871 ἄλλαις
3263 807 3365 874 τὴν
3417 804 3547 873 ἴσην
3579 802 3784 861 ὁδεύειν

401 895 585 956 vitam
617 894 1092 973 ingrederentur.
1128 893 1387 957 Perinde
1446 903 1675 975 autem,
1704 914 1773 957 ac
1803 896 1852 956 si
1885 895 1942 957 ei
1973 894 2045 957 ad

2131 899 2306 955 κανὼν
2364 898 2431 967 ἧν
2466 917 2480 932 ο
2544 897 2722 976 ὥσπερ
2779 895 2832 953 δὲ
2902 897 2980 972 μὴ
3051 898 3398 978 ἀποχρῶντος
3472 899 3608 970 αὐτῇ
3649 894 3786 971 πρὸς

399 986 694 1066 jejunium
729 1003 844 1044 non
876 984 1174 1046 sufﬁceret
1215 987 1473 1064 spatium
1522 995 1751 1065 septem
1786 986 2046 1067 dierum,

402 1073 725 1154 adjiciebat
782 1074 956 1136 etiam
1017 1075 1421 1151 Dominicum,
1484 1084 1547 1135 ut
1572 1076 1883 1156 jejunaret
1913 1085 2046 1138 octo

404 1164 533 1226 dies
561 1162 675 1226 sibi
706 1163 821 1225 vim
879 1163 1159 1239 ati'erens,
1218 1165 1448 1227 etiamsi
1494 1185 1527 1225 ει
1565 1166 1843 1245 ιιτωῖθοιίι
1873 1165 2049 1227 vetita

409 1253 486 1315 sit
514 1253 623 1314 huc
646 1252 842 1314 facere
875 1274 887 1316 :
920 1272 1052 1334 quae
1080 1252 1316 1315 dicebat
1343 1273 1475 1317 esse
1499 1254 1853 1330 absurdum,
1890 1256 2047 1318 diem

409 1342 893 1406 Resurrectionis
922 1342 1198 1404 similiter
1229 1352 1404 1424 atque
1454 1344 1602 1406 alios
1653 1345 1894 1407 attribui
1956 1345 2047 1407 af-

413 1432 687 1494 flictioni.
721 1430 889 1495 Unde
921 1432 1094 1494 etiam
1148 1432 1356 1495 dicens
1411 1437 1706 1515 persuasit
1740 1443 1796 1495 et
1827 1435 2047 1510 effecit,

412 1532 474 1583 ut
505 1529 659 1583 esset
690 1521 804 1584 sibi
837 1523 1130 1602 particeps
1153 1531 1210 1584 et
1244 1523 1461 1584 modici
1496 1524 1633 1596 olei,
1663 1524 1886 1585 docens
1918 1543 2051 1586 esse

410 1619 771 1694 praeceptum
796 1611 1184 1692 apostolicum
1217 1615 1268 1688 5,
1283 1614 1569 1694 praefectis
1596 1613 1842 1676 obedire
1873 1626 1931 1676 et
1964 1615 2051 1677 eis

2131 989 2378 1054 νηστείαν
2431 994 2523 1044 τοῦ
2577 988 2682 1044 τῶν
2761 987 2896 1043 ἑπτὰ
2957 987 3171 1066 ἡμερῶν
3245 983 3607 1060 διαστήματος
3694 984 3786 1039 καί

2130 1077 2228 1145 τὴν
2288 1078 2548 1156 Κυριακὴν
2605 1078 2946 1157 προσετίθει,
2998 1077 3141 1133 ὀκτώ
3198 1076 3291 1138 τὰς
3365 1076 3542 1139 πάσας
3596 1072 3782 1130 ἕλκειν

2128 1168 2331 1245 ἡμέρας
2389 1166 2681 1244 βιαζομένη
2719 1215 2736 1246 ,
2796 1169 2840 1223 εἱ
2897 1167 2984 1223 καὶ
3036 1167 3135 1223 ὑπὸ
3195 1186 3294 1232 της
3366 1161 3782 1241 καθηγουμένης

2129 1263 2283 1314 τοῦτο
2330 1257 2578 1334 πράττειν
2635 1256 2951 1335 κεκώλυται,
3014 1254 3212 1313 ἄτοπον
3268 1254 3409 1311 εἶναι
3474 1254 3561 1311 καὶ
3608 1252 3779 1319 αὖτὴν

2132 1346 2231 1413 τὴν
2287 1345 2644 1422 ἆναστάσιμον
2705 1343 2965 1424 λεγούσης
3011 1343 3217 1424 ἡμέραν
3249 1344 3445 1419 ὁμοίως
3487 1355 3609 1404 ταῖς
3674 1340 3778 1398 ἄλ-

2133 1434 2252 1500 λαις
2312 1435 2741 1513 ἀποκληροῦσθαι
2799 1446 2930 1514 πρὸς
3005 1431 3380 1491 κακοπάθειαν.
3457 1431 3632 1490 ’Ὅθεν
3694 1431 3781 1487 καὶ

2133 1524 2363 1602 λέγουσα
2419 1524 2591 1582 ἔπειθε
2629 1572 2645 1598 ,
2704 1525 2791 1581 καὶ
2851 1529 3047 1604 τροφῆς
3118 1519 3550 1599 μεταλαμϐάνειν
3609 1521 3783 1577 ἐποίει

2132 1615 2219 1670 καὶ
2243 1615 2579 1694 βραχυτάτου
2610 1613 2804 1688 ἐλαίου,
2859 1612 3215 1671 ἀποστολικὸν
3273 1612 3416 1669 εἶναι
3460 1609 3785 1670 διδάσκουσα

409 1702 649 1764 cedere.
685 1700 825 1781 Ejus
855 1710 1048 1764 autem
1081 1702 1140 1763 in
1177 1702 1478 1765 laboribus
1512 1704 1906 1784 diligentiam,
1932 1714 1989 1766 et
2016 1724 2045 1767 a

2132 1706 2193 1760 τὸ
2247 1705 2598 1781 παράγγελμα
2653 1704 2713 1759 τὸ
2765 1703 3028 1759 πείθεσθαι
3102 1715 3216 1764 τοῖς
3297 1699 3614 1780 ἡγουμένοις
3690 1700 3784 1757 καί

405 1798 529 1854 suis
545 1778 1131 1853 labOrivbuslectionis
1144 1794 1557 1855 vehementem
1579 1778 2045 1872 contentionem,

2134 1778 2362 1851 ὑπείκειν
2405 1778 2616 1856 αύτοϊς,
2664 1795 2733 1850 Τὸ
2764 1790 2819 1849 δὲ
2869 1792 3115 1872 φιλεργὸν
3160 1794 3216 1847 ἐν
3265 1778 3472 1865 πόνοις,
3509 1792 3571 1846 τὸ
3621 1789 3683 1846 δὲ
3732 1787 3783 1855 ἐξ

410 1890 470 1943 et
500 1899 706 1943 eorum
740 1900 875 1960 quae
904 1880 1056 1942 lecta
1087 1883 1348 1956 fuerant,
1385 1902 1581 1945 acrem
1618 1884 2045 1964 perscrutatio-

2135 1885 2340 1941 οἰκείων
2396 1884 2573 1939 πόνων
2627 1880 2940 1962 φιλόδωρον,
3001 1885 3065 1939 τὸ
3140 1879 3194 1937 δὲ
3260 1880 3358 1948 τῆς
3423 1880 3782 1958 ἂναγνωσεως

404 1988 564 2045 nem,
604 1978 662 2030 et
693 1970 878 2032 multa
910 1970 1023 2032 alia
1055 1970 1326 2052 quisnam
1363 1973 1502 2035 satis
1561 1971 1752 2035 verbis
1793 1974 2045 2054 potuerit

2134 1973 2403 2046 σύντονον,
2455 1973 2551 2040 τὴν
2600 1972 2654 2028 δὲ
2710 1979 2814 2030 τῶν
2867 1972 3284 2051 ἀνεγνωσμένων
3340 1971 3571 2049 ἔρευναν,
3606 1971 3681 2026 τὰ
3728 1968 3783 2027 δὲ

403 2060 789 2139 exprimere?
818 2058 962 2120 Nam
999 2061 1275 2123 manibus
1296 2063 1636 2143 quidem,ut
1668 2062 1893 2124 dictum
1930 2071 2042 2143 est,

402 2148 476 2210 ad
508 2148 916 2223 scribendum,
955 2150 1114 2230 quod
1173 2169 1244 2212 ex
1305 2153 1603 2232 scriptura
1632 2161 1823 2213 autem
1858 2151 2041 2214 lucri-

402 2236 677 2320 faciebat,
711 2257 782 2301 eo
814 2238 1090 2301 utebatur
1136 2240 1207 2302 ad
1254 2242 1503 2304 alendus
1537 2260 1856 2323 pauperes.
1891 2241 2045 2313 Quin

405 2329 584 2390 etiam
644 2346 801 2408 Saepe
857 2348 1092 2410 quoque
1143 2330 1587 2407 indumentum,
1618 2334 1739 2394 suis
1772 2331 2046 2394 manibus

402 2418 766 2493 confectum,
821 2418 1083 2500 ponebat
1136 2426 1196 2482 in
1256 2421 1530 2483 manibus
1592 2440 1941 2502 pauperum,
1976 2440 2046 2483 ex

402 2516 666 2585 sacro,ut
694 2508 879 2589 aiunt,
916 2509 1360 2590 quodammodo
1392 2510 1452 2571 in
1485 2529 1675 2573 sacro.
1726 2509 2043 2573 Sacrorum

402 2607 596 2661 autem
630 2599 1001 2679 eloquiorum
1064 2607 1190 2660 erat
1242 2600 1391 2660 adeo
1439 2599 1730 2680 studiosa,
1764 2611 1827 2661 ut
1864 2604 2044 2662 totam

405 2688 646 2769 quidem
680 2688 937 2749 divinam
973 2687 1363 2767 Scripturam.
1399 2686 1678 2751 Veterem
1712 2695 1771 2750 et
1799 2686 2042 2764 Novam,

402 2786 496 2840 ter
522 2777 774 2854 singulis
825 2776 997 2836 annis
1053 2776 1411 2857 perlegeret,
1465 2778 1594 2856 ejus
1647 2796 1786 2839 vero
1820 2796 1892 2840 ea
1917 2796 2049 2859 qua;

406 2875 541 2928 sunt
572 2865 999 2946 pulcherrima,
1031 2884 1271 2946 semper
1323 2865 1570 2929 haberet
1628 2868 1688 2928 in
1720 2866 1945 2945 lingua.
1977 2866 2045 2929 In

407 2953 683 3019 omnibus
706 2961 901 3016 autem
934 2954 1327 3035 exquirendis
1357 2964 1416 3017 et
1460 2957 1872 3019 examinandis
1921 2966 2047 3018 erat

408 3046 582 3127 plane
602 3042 1324 3125 admirabilis.Nunquam
1358 3045 1517 3107 enim
1543 3065 1756 3108 sensus
1786 3054 1885 3107 aut
1911 3064 2039 3108 ver-

404 3132 546 3197 bum
580 3151 708 3195 eam
770 3134 1281 3213 prmtercurrebat,
1342 3135 1449 3197 sed
1499 3135 1697 3198 omnia
1726 3135 2045 3215 diligenter

408 3222 909 3305 perscrutabatur,
937 3231 995 3284 et
1023 3224 1179 3304 quod
1215 3223 1457 3298 latebat,
1493 3224 1768 3288 eruebat.
1805 3225 2043 3306 Insigne

406 3318 544 3375 vero
575 3312 704 3393 ejus
752 3312 1022 3373 discendi
1082 3312 1368 3387 studium,
1405 3332 1531 3375 eam
1566 3333 1801 3396 quoque
1832 3315 1908 3377 ad
1940 3333 2041 3377 re-

405 3408 760 3476 centiorum,
820 3401 1135 3479 bonorum,
1191 3403 1460 3484 inquam,
1524 3414 1581 3466 et
1638 3404 2041 3466 studiosorum

403 3492 625 3573 scripta
690 3492 1112 3565 tansmittebat,
1148 3500 1206 3555 et
1263 3493 1408 3554 nihil
1439 3502 1566 3554 erat
1596 3495 1843 3557 omnino
1868 3514 1938 3556 ex
1974 3494 2044 3556 iis

406 3601 537 3663 qum
553 3581 623 3644 ad
650 3582 961 3644 utilitatem
985 3583 1207 3663 scripta
1227 3583 1461 3645 fuerant
1481 3591 1582 3645 aut
1608 3582 2042 3667 scribebantur,

404 3672 561 3753 quod
595 3691 712 3733 non
746 3671 1077 3752 possideret
1107 3682 1165 3734 et
1213 3672 1345 3735 aliis
1394 3674 1884 3737 communicaret.
1915 3672 2042 3737 Jam

404 3779 543 3824 vero
575 3762 635 3823 in
662 3761 863 3839 lingua
890 3781 1130 3843 quoque
1159 3760 1362 3826 Graeca
1418 3763 1497 3824 ita
1547 3771 1672 3824 erat
1698 3763 2044 3844 exercitata,

405 3859 468 3912 ut
498 3850 731 3932 quando
764 3870 833 3913 ea
862 3850 1230 3933 loqueretur,
1264 3852 1462 3913 nullus
1493 3870 1562 3914 ex
1595 3852 1668 3914 iis
1692 3853 1793 3934 qui
1827 3852 2007 3915 audie
2028 3889 2045 3901 -

404 3936 568 4016 bant,
606 3940 879 4005 crederet
925 3940 1186 4004 Italicam
1219 3941 1477 4022 linguam
1514 3941 1567 4003 ei
1600 3960 1732 4004 esse
1767 3943 2043 4023 patriam.

404 4027 552 4110 Ejus
582 4043 780 4092 autem
813 4029 1044 4109 vigebat
1072 4032 1130 4093 in
1184 4031 1460 4094 omnibus
1503 4031 1753 4094 honesta
1778 4032 2045 4112 quaedam

2131 2061 2289 2137 ἄλλα,
2324 2063 2398 2128 τίς
2429 2063 2490 2117 ἃν
2520 2065 2607 2120 καὶ
2654 2062 2820 2140 λέγειν
2847 2063 3028 2127 ἱκανὸς
3078 2059 3176 2140 ἄρα
3211 2080 3227 2137 ;
3275 2070 3408 2126 Ταῖς
3467 2060 3565 2136 μὲν
3621 2061 3782 2141 χερσὶ

2130 2151 2261 2230 πρὸς
2321 2154 2418 2220 τὴν
2475 2157 2707 2233 γραφὴν,
2752 2150 2930 2228 ὥσπερ
2960 2150 3198 2231 εἴρηται,
3348 2147 3398 2205 δ’
3420 2151 3484 2206 ἐκ
3513 2154 3616 2216 τῆς
3650 2171 3779 2228 γραι

2130 2244 2230 2321 φῆς
2293 2238 2459 2319 κέρδει
2519 2243 2648 2319 πρὸς
2690 2241 2892 2320 τροφὴν
2941 2240 3046 2297 τῶν
3090 2237 3352 2315 δεομένων
3398 2237 3623 2317 ἐχρῆτο.
3683 2238 3779 2296 Καί

2127 2328 2231 2385 που
2287 2351 2340 2384 τι
2387 2329 2473 2386 καὶ
2531 2329 2789 2394 πολλάκις
2849 2327 3074 2405 ἔνδυσμα
3140 2341 3264 2394 ταῖς
3323 2327 3534 2395 ἐκείνης
3587 2328 3775 2406 χερσὶν

2129 2416 2380 2497 ἐργασθὲν
2422 2420 2495 2482 εὶς
2539 2420 2705 2495 ἁγίων
2775 2419 2973 2476 ἐτίθετο
3025 2434 3244 2499 χεῖρας,
3293 2417 3344 2485 ἐξ
3413 2416 3554 2497 ἱεροῦ
3612 2439 3773 2497 φασιν

2130 2508 2310 2585 ὣσπερ
2341 2509 2412 2572 εἷς
2458 2508 2619 2587 ἱερόν,
2665 2506 2965 2575 Φιλόπονος
3022 2506 3079 2564 δὲ
3111 2511 3242 2587 πρὸς
3270 2508 3337 2566 τὰ
3364 2507 3478 2585 ἱερὰ
3508 2504 3773 2564 ἐδείκνυτο

2130 2595 2309 2677 λόγια,
2364 2597 2436 2659 ὠς
2482 2603 2655 2655 πᾶσαν
2695 2596 2792 2672 μὲν
2835 2599 2930 2666 τὴν
2972 2597 3112 2655 θείαν
3144 2598 3353 2677 Γραφὴν
3395 2596 3493 2666 τήν
3537 2616 3598 2653 τε
3661 2602 3773 2653 Πα-

2130 2683 2286 2743 λαιὰν
2328 2687 2416 2743 καὶ
2463 2688 2661 2755 Καινὴν
2691 2689 2801 2764 τρὶς
2844 2685 2961 2743 καθ’
3020 2677 3246 2745 ἕκαστον
3276 2686 3479 2744 ἐπιέναι
3524 2686 3588 2741 τὸ
3630 2685 3803 2765 Est-04,,

2130 2777 2328 2842 ταύτης
2387 2773 2441 2831 δὲ
2482 2776 2549 2833 τὰ
2593 2775 2851 2833 κάλλιστα
2881 2777 2968 2833 καὶ
3016 2774 3100 2833 διὰ
3159 2775 3405 2856 γλώττης
3457 2775 3536 2831 ἀεὶ
3571 2776 3761 2854 φέρειν.

2129 2866 2188 2922 Τι
2254 2862 2293 2920 δι
2376 2863 2396 2885 κ
2425 2866 2438 2883 κ
2567 2866 2598 2901 ο.
2902 2879 2910 2886 .
3055 2868 3067 2884 ι
3316 2868 3329 2887 ι
3620 2880 3634 2895 ,
3708 2862 3732 2885 ν

2174 2886 2200 2921 ο
2285 2887 2308 2921 ε
2368 2882 2451 2922 οια
2508 2886 2720 2922 παιτων
2777 2865 3112 2932 ἐξεταστικον
3159 2870 3450 2942 θαυμασιον
3492 2865 3616 2921 οἷον
3680 2887 3760 2921 ouo

2128 2976 2257 3010 ποτε
2317 2955 2415 3033 γὰρ
2468 2955 2632 3022 αὐτὴν
2691 2955 2870 3028 νόημα
2912 2955 2949 3024 ἢ
3006 2955 3150 3033 ῥῆμα
3209 2953 3568 3034 παρέδραμεν,
3637 2952 3768 3010 ἀλλὰ

2126 3042 2222 3101 καί
2281 3044 2456 3102 πάντα
2496 3045 2585 3101 καὶ
2628 3044 2744 3100 λίαν
2787 3042 3053 3120 ἐπιμελῶς
3086 3045 3353 3124 ἀνίχνευε,
3411 3044 3506 3100 καῖ
3535 3046 3596 3100 τὸ
3641 3066 3770 3122 κρυ-

2128 3135 2390 3210 πτόμενον
2448 3135 2591 3213 ᾕρει.
2644 3133 2708 3189 Ἠ
2739 3131 2794 3190 δὲ
2826 3133 3091 3211 δπερόολὴ
3144 3136 3240 3201 τῆς
3284 3133 3634 3215 φιλομαθείας
3691 3135 3772 3190 καὶ

2129 3224 2215 3280 ἐπὶ
2273 3225 2330 3279 τὸ
2372 3225 2476 3279 τῶν
2533 3223 2666 3280 νέων
2711 3222 2872 3290 αὐτὴν
2943 3225 3241 3301 σύνταγμα,
3304 3229 3410 3279 τῶν
3472 3221 3768 3280 σπουδαίων

2128 3315 2289 3394 φημὶ,
2348 3312 2685 3393 παρέπεμπε,
2746 3314 2833 3369 καὶ
2890 3311 3038 3369 οὒδὲν
3088 3311 3226 3377 ὅλως
3284 3314 3391 3370 τῶν
3422 3312 3506 3369 ἐπ’
3536 3312 3767 3389 ὠφελείᾳ

2128 3405 2431 3482 γραφέντων
2486 3402 2521 3471 ἢ
2566 3401 3019 3482 γραφομένων-ἧν
3077 3404 3104 3458 ὃ
3135 3403 3214 3478 μὴ
3244 3402 3454 3481 ἐκτᾶτο,
3507 3405 3597 3461 καὶ
3645 3424 3763 3460 κοι-

2128 3476 2216 3550 vim
2244 3476 2390 3559 ’τοϊς
2446 3476 2627 3558 ἄλλοις
2682 3476 2873 3555 ἐποίει.
2917 3476 3157 3558 τἨσκητο
3207 3491 3261 3548 δὲ
3292 3494 3381 3549 καὶ
3406 3476 3506 3559 τὴν
3540 3486 3769 3554 Ἐλλάδα

2129 3582 2369 3660 γλῶτταν
2426 3580 2561 3639 οὕτω
2616 3581 2795 3645 καλῶς
2854 3584 2953 3660 ὡς,
2997 3582 3153 3650 ἡνίκα
3196 3581 3260 3650 δὴ
3302 3585 3390 3640 καὶ
3432 3582 3550 3639 κατ’
3603 3584 3769 3650 αὖτὴν

2131 3668 2449 3750 διαλέγοιτο,
2513 3671 2717 3748 μηδένα
2768 3679 2874 3729 τῶν
2930 3670 3228 3731 ἀκουόντων
3287 3672 3553 3729 πιστεύειν
3583 3670 3770 3750 ὅτιπερ

2131 3759 2311 3828 ἰταλὴ
2345 3763 2478 3837 αὐτῇ
2533 3762 2683 3842 φωνὴ
2730 3761 2976 3835 πάτριος.
3011 3762 3077 3819 Ἦ
3123 3759 3177 3817 δέ
3235 3782 3295 3841 γε
3325 3761 3561 3840 πραότης
3593 3759 3770 3839 ἡρέμα

2131 3849 2218 3908 ἐπὶ
2272 3857 2430 3908 πᾶσιν
2462 3848 2604 3919 ἤνθει
2648 3849 2812 3908 καλὸν
2869 3849 3054 3930 καλὸν,
3101 3851 3344 3931 ἐπίχαρι,
3387 3849 3483 3907 καί
3536 3849 3772 3926 μάλιστα

2130 3937 2515 4019 διαλεγομένης
2573 3944 2762 4016 αὐτῆς,
2819 3942 2908 3998 καὶ
2963 3939 3127 3997 πλέον
3159 3939 3233 3996 ἔτι
3267 3941 3397 4020 πρὸς
3428 3939 3551 4004 τοὺς
3608 3938 3769 4019 φιλο-

2129 4031 2315 4108 σοφίαν
2364 4031 2654 4093 ἀσκοῦντας
2712 4030 2962 4096 κινούσης
3033 4031 3122 4086 τὸν
3199 4030 3382 4108 λόγον.
3444 4033 3542 4087 Τὸν
3600 4026 3659 4086 δέ
3711 4048 3769 4107 γε

2130 4119 2261 4196 πρὸς
2318 4120 2538 4197 Χριστὸν
2596 4120 2758 4187 αὖτῆς
2816 4118 2974 4191 ζῆλον
3047 4118 3273 4199 ἅῤῥητὸς
3349 4141 3429 4184 τις
3484 4120 3572 4175 καὶ
3628 4119 3767 4175 ἀκά-

2128 4211 2308 4271 θεκτος
2367 4206 2579 4288 ἔτρεφεν
2635 4207 2788 4288 ἔρως.
2849 4207 3022 4268 Tatii-'1'
3076 4231 3159 4266 τοι
3190 4212 3411 4266 καὶτῶν
3470 4205 3766 4280 μανιώδους

404 4125 465 4182 et
493 4127 656 4196 grata
680 4118 893 4181 leuitas
927 4128 986 4183 et
1018 4122 1430 4202 mansuetudo,
1464 4122 1718 4183 maxime
1751 4140 1821 4183 ea
1850 4121 2045 4183 disse-

403 4215 574 4270 rente
591 4217 648 4270 et
678 4208 942 4271 habente
968 4211 1297 4272 orationem
1323 4210 1395 4272 ad
1428 4229 1530 4272 eos
1555 4211 1658 4291 qui
1690 4209 2049 4273 exercebant

403 4298 864 4381 philosophiam.
901 4298 1044 4380 Ejus
1074 4318 1211 4363 vero
1262 4301 1320 4362 in
1355 4298 1655 4362 Christum
1703 4300 1895 4362 zelum
1930 4319 2045 4362 nu-

2129 4298 2272 4360 τινὸς
2329 4296 2579 4373 αἱρέσεως
2637 4295 2918 4377 ἐχομένων
2960 4297 3019 4355 οὗ
3074 4298 3234 4373 μόνον
3288 4298 3649 4376 ἀποτρόπαιον
3708 4299 3766 4354 τὸ

403 4387 622 4451 triebat
653 4407 824 4479 amor
855 4389 1097 4479 quidam
1131 4387 1473 4479 ineffabilis,
1500 4396 1561 4450 et
1590 4389 1690 4469 qui
1722 4408 1839 4451 non
1874 4399 2045 4471 pote-

2130 4386 2378 4467 φρόνημα
2421 4387 2682 4467 ἐποιεῖτο,
2717 4386 2835 4444 ἀλλ’
2886 4386 3006 4444 οὐδὲ
3051 4389 3243 4452 ἀκοαῖς
3296 4387 3518 4466 γλώσσῃ
3568 4385 3763 4445 διδόναι

402 4485 494 4538 rat
523 4477 838 4539 contineri.
873 4476 994 4540 Hac
1027 4479 1226 4558 itaque
1278 4477 1505 4539 ratione
1537 4497 1653 4540 non
1688 4478 1888 4540 solum.
1912 4480 2044 4542 elli-

2129 4481 2188 4533 τὸ
2217 4475 2431 4535 ἐκείνων
2462 4475 2627 4552 ὄνομα
2660 4475 2797 4543 ὅλως
2849 4477 3122 4558 ἠνείχετο,
3168 4479 3241 4542 ὡς
3273 4478 3400 4537 αὐτὸ
3459 4478 3614 4533 τοῦτο
3670 4475 3763 4533 λέ-

403 4563 619 4641 ciebat,
653 4574 717 4626 ut
777 4584 944 4628 metis
1005 4583 1108 4630 eos
1158 4580 1562 4641 aversaretur,
1616 4567 1717 4649 qui
1766 4568 2043 4632 furiosam

2129 4588 2242 4646 γειν
2283 4567 2344 4622 τὰ
2375 4574 2467 4624 τοῦ
2493 4567 2631 4626 θείου
2663 4565 2832 4623 Δαυῖδ
2861 4568 2948 4624 καὶ
2981 4566 3122 4643 μάλα
3153 4567 3380 4639 οἰκείως,
3413 4568 3494 4641 τὸ,
3534 4588 3564 4622 α
3590 4567 3664 4625 Οὐ
3687 4565 3763 4642 μὴ

402 4654 662 4736 aliquam
694 4663 1022 4736 sequuntur
1057 4655 1356 4732 haaresim,
1384 4658 1487 4719 sed
1523 4676 1638 4719 nec
1668 4656 2045 4738 permittebat

2131 4658 2350 4733 μνησθῶ
2392 4657 2497 4713 τῶν
2529 4656 2807 4732 ὀνομάτων
2839 4659 3009 4714 αὐτῶν
3036 4654 3122 4713 διὰ
3149 4655 3378 4736 χειλέων
3408 4677 3535 4731 μου.
3568 4676 3600 4716 )

408 4751 471 4807 ut
500 4762 703 4807 eorum
741 4763 959 4806 nomen
983 4752 1082 4808 aut
1110 4744 1353 4808 auribus
1385 4747 1715 4829 audiretur,
1747 4757 1845 4810 aut
1874 4748 2072 4829 lingua
2128 4746 2495 4828 proferretur
2528 4765 2542 4808 :
2575 4743 2745 4824 adeo,
2781 4755 2845 4807 ut
2872 4745 3038 4808 valde
3081 4745 3346 4827 apposite
3375 4745 3602 4808 diceret
3630 4743 3771 4808 illud

404 4834 588 4897 divini
612 4832 851 4897 Davidis
885 4854 898 4895 :
942 4859 968 4891 α
1002 4834 1128 4897 Non
1164 4835 1493 4899 meminero
1527 4837 1836 4899 nominum
1872 4856 2081 4900 eorum
2119 4854 2227 4918 per
2255 4835 2412 4899 labia
2447 4853 2579 4897 mea
2604 4835 2658 4895 ϐ.
2693 4860 2721 4892 ι

480 4923 643 4988 ΧΙΧ.
680 4926 827 4987 Cum
862 4932 1083 5002 autem,
1117 4925 1284 5007 juxta
1317 4926 1564 4990 Paulum
1591 4927 1908 5007 7,ferveret
1932 4927 2045 5010 spi-

2216 4926 2323 4987 ιϐ’.
2372 4926 2571 4982 Ζέουσα
2621 4924 2676 4984 δὲ
2719 4926 2858 4984 κατὰ
2915 4924 3123 4983 Παῦλον
3154 4926 3232 5002 τῷ
3289 4925 3551 5001 πνεύματι
3608 4923 3769 4983 δεινὸν

402 5012 543 5091 ritu,
579 5033 754 5095 grave
805 5016 1083 5098 ducebat,
1138 5016 1189 5078 si
1247 5035 1370 5079 non
1427 5017 1557 5097 ipsa
1588 5017 1805 5079 multos
1835 5017 2045 5081 Christi

2139 5016 2406 5090 ἐποιεῖτο,
2458 5017 2501 5072 εἰ
2558 5017 2637 5092 μὴ
2684 5018 2772 5074 καὶ
2815 5014 3047 5082 πολλοὺς
3103 5017 3191 5072 καὶ
3244 5019 3379 5092 αὖτῇ
3426 5016 3496 5093 τῇ
3554 5016 3772 5096 Χριστοῦ

402 5105 557 5186 parti
587 5105 998 5186 adjecisset,et
1030 5107 1258 5170 similes
1291 5106 1540 5171 haberet
1564 5116 1863 5170 amatores
1897 5116 2045 5169 tem-

2139 5103 2306 5183 μερὶδι
2364 5106 2638 5185 προσθείη,
2684 5108 2772 5163 καὶ
2826 5105 3048 5185 ἐραστὰς
3106 5106 3321 5181 ὁμοίους
3378 5102 3479 5171 ἕξει
3521 5109 3620 5174 τῆς
3663 5127 3770 5163 σω·-

404 5194 687 5275 ροτοηιίω
723 5214 736 5259 :
773 5207 835 5258 et
859 5198 1071 5277 partim
1098 5196 1343 5275 quidem
1368 5195 1587 5277 verbis,
1611 5196 1819 5277 partim
1853 5205 2045 5259 autem

2137 5196 2398 5275 φροσύνης
2437 5210 2451 5224 ⁹
2513 5197 2599 5253 καὶ
2652 5194 2807 5254 τοῦτο
2867 5196 2965 5271 μὲι
3006 5195 3212 5275 λόγοις,
3275 5193 3432 5252 τοῦτο
3483 5191 3540 5250 δέ
3592 5193 3771 5272 δώροις

405 5286 580 5348 donis
610 5286 830 5349 multos
875 5286 1288 5350 adolescentes
1343 5296 1401 5350 et
1451 5287 1664 5350 multas
1693 5286 2045 5349 adolescen-

2134 5282 2366 5350 πολλοὺς
2419 5285 2518 5361 μέν
2566 5291 2672 5342 τῶν
2717 5283 2879 5359 νέων,
2929 5283 3130 5348 πολλὰς
3181 5282 3236 5341 δέ
3268 5287 3352 5342 καὶ
3382 5289 3489 5343 τῶν
3521 5282 3764 5344 νεανίδων

405 5375 565 5439 tulas
597 5376 772 5439 traxit
819 5374 892 5439 ad
949 5376 1464 5441 exercitationem.
1515 5374 1735 5440 Eadem
1772 5395 1905 5440 vero
1954 5376 2045 5440 fa-

2136 5374 2223 5434 ἐπὶ
2270 5375 2371 5444 τὴν
2419 5372 2644 5444 ἄσκησιν
2680 5373 2858 5440 εἷλκε.
2889 5374 2966 5433 Τὰ
2993 5373 3090 5431 Ἱσα
3119 5372 3174 5431 δέ
3207 5376 3295 5433 καὶ
3338 5375 3472 5455 πρὸς
3505 5372 3768 5443 Ἕλληνας

483 5564 517 5618 5
543 5559 727 5629 Hebr.
759 5577 884 5641 χιιι,
906 5563 969 5641 7,
1052 5561 1086 5614 ϐ
1111 5561 1269 5628 Psal.
1300 5580 1396 5646 xv,
1431 5567 1491 5633 4.
1575 5564 1606 5615 7
1638 5565 1819 5631 Rom.
1840 5581 1944 5645 xu,
1980 5565 2076 5629 tl.
