4020 6142
209 268 373 347 773

1595 272 1786 347 VITA
1840 276 1902 345 S.
1947 272 2307 346 MELANIE.

3514 279 3634 348 774

213 417 331 471 καὶ
409 417 751 494 Σαμαρείτας
806 416 1000 493 ἐποῖει,
1061 417 1147 473 καὶ
1204 417 1332 494 πρὸς
1391 416 1491 484 τὴν
1546 417 1668 493 ὑγιᾶ
1723 439 1932 474 πιστινι

2011 415 2181 478 :iebat
2213 413 2375 478 enim
2406 414 2466 477 in
2521 412 2776 496 gentiles
2832 421 2892 476 et
2946 412 3375 490 Samaritanus,
3443 425 3500 478 et
3534 436 3638 480 eos

214 505 487 571 τούτους
549 502 852 572 ἐξεκαλεῖτο
906 509 961 562 οἳ
1019 507 1136 581 μετ’
1204 504 1379 585 ὀλίγον
1442 507 1529 562 καὶ
1584 506 1651 561 τὰ
1708 506 1907 562 ἑαυτῶν

219 593 488 675 ἀφέντες
548 595 863 660 ἠκολούθουν
906 594 1105 673 ἐκείνῃ.
1155 593 1334 658 Οὕτως
1377 595 1444 661 ἦν
1499 592 1598 673 ἄρα
1633 594 1668 660 ἡ
1724 615 1904 669 μακα-

218 683 323 759 ρία
394 687 567 763 σοφὸς
618 684 794 746 ἂλιεὺς
853 687 946 741 καί
986 685 1165 764 ψυχὰς
1212 684 1501 763 ἀνθρώπων
1529 687 1694 762 θηρᾳν
1734 684 1907 761 ἐγνω-

214 784 410 834 κυϊα,
483 773 695 844 Μείζοσι
754 771 808 829 δὲ
891 774 1075 837 πόνοις
1147 774 1492 852 ἐπιχειροῦσα
1566 774 1653 830 καὶ
1728 773 1908 850 ἑτέραν

218 862 571 940 παράλογον
655 860 778 919 οἶάν
865 861 963 920 καῖ
1058 861 1252 943 σχεδὸν
1334 862 1554 919 ἄπιστον
1635 863 1912 941 καρτερίαν

222 949 467 1007 ἐδείκνυ
505 968 519 982 ’
582 953 669 1008 καὶ
727 949 935 1020 ξυλίνην
1002 953 1120 1010 τινὰ
1172 951 1399 1009 κιϐωτὸν
1477 951 1756 1023 ἀσκήσασα
1783 1001 1798 1023 ,
1851 954 1913 1008 τὸ

227 1040 351 1115 μὲν
425 1039 564 1117 ὕψος
621 1041 883 1108 τοσαύτην
929 1041 1068 1098 ὥστε
1112 1042 1191 1117 μὴ
1236 1041 1508 1122 ἐγχωροῦν
1565 1045 1707 1098 εἶναι
1756 1042 1915 1120 ὀρθὴν

230 1129 437 1197 αὗτὴν
497 1130 735 1204 ἐστᾶναι,
795 1132 857 1186 τὸ
917 1127 970 1186 δὲ
1032 1130 1180 1210 εὖρος
1230 1130 1366 1187 ὥστε
1418 1131 1554 1205 μήτε
1606 1127 1746 1196 δεξιὰ
1779 1132 1915 1206 μήτε

233 1221 375 1294 μὴν
441 1218 531 1275 ἐπὶ
589 1221 648 1276 τὶ
703 1219 969 1294 εὗώνυμον
1024 1219 1327 1278 ἀποκλίνειν
1399 1219 1639 1277 δύνασθαι
1676 1268 1690 1296 ,
1752 1221 1917 1296 ταύτῃ

235 1309 311 1364 τὸ
366 1311 541 1383 σῶμα
597 1307 981 1386 ἐγκατακλείει,
1016 1307 1082 1364 δι’
1117 1311 1254 1377 ὀπῆς
1302 1310 1557 1389 βραχείας
1608 1313 1739 1388 πρὸς
1796 1310 1917 1374 τοὺς

241 1395 367 1462 ἔξω
432 1399 560 1460 τοὺς
621 1397 815 1477 λόγους
871 1398 1153 1470 πέμπουσά
1203 1420 1261 1454 τε
1310 1400 1406 1456 καὶ
1457 1398 1750 1479 δεχομένη,
1812 1408 1920 1465 Τής

242 1488 485 1565 μητρὸς
544 1486 597 1543 δὲ
643 1486 902 1551 πολλάκις
961 1486 1254 1556 ἐπιστάτης
1313 1487 1447 1563 αὖτῇ
1508 1487 1620 1568 (καὶ
1670 1490 1769 1567 γὰρ
1817 1488 1922 1545 κᾶ-

244 1577 428 1642 κείνη
520 1575 844 1653 σονέμπορος
902 1580 1037 1653 αὒτῇ
1115 1578 1205 1633 καὶ
1262 1585 1352 1635 τοῦ
1421 1576 1619 1637 ἔκπλου
1693 1580 1780 1634 καὶ
1827 1583 1925 1644 τῆς

246 1664 592 1743 φιλοσοφίας
650 1664 911 1744 γέγονεν),
973 1669 1078 1746 οὔχ
1138 1664 1319 1730 ἁπλῶς
1376 1668 1610 1740 ἀπήντα,
1667 1666 1785 1723 ἀλλ’
1835 1667 1925 1722 εἴ·

1990 505 2234 566 vocabat
2262 505 2332 566 ad
2360 512 2584 567 rectam
2616 504 2792 565 (idem
2824 521 2837 563 :
2883 504 2983 584 qui
3014 505 3186 584 paulo
3220 514 3352 585 post
3379 504 3639 568 dimissis

1991 595 2137 666 suis,
2173 594 2334 657 illam
2368 593 2794 676 sequebantur.
2830 592 2929 656 Sic
2990 612 3135 672 ergo
3185 603 3310 655 erat
3339 593 3512 657 beata
3539 595 3640 657 illa

1993 683 2212 745 femina
2246 683 2483 764 sapiens
2514 683 2818 764 piscatrix,
2857 691 2916 744 et
2942 682 3170 744 sciebat
3188 684 3388 744 venari
3410 686 3640 746 animas

1995 778 2315 834 hominum.
2343 777 2582 848 Maiores
2611 783 2799 835 autem
2826 777 3050 834 labores
3075 776 3435 848 aggrediens,
3468 778 3639 835 aliam

1997 878 2233 942 quoque
2264 861 2629 942 inopinatam
2665 866 2726 923 et
2761 859 3189 942 propemodum
3224 861 3641 924 incredibilem

1995 950 2255 1011 ostendit
2284 949 2686 1013 tolerantiam.
2724 952 2872 1012 Cum
2902 949 3155 1029 ligneam
3189 950 3504 1030 quamdam
3542 969 3639 1012 ar-

1999 1055 2127 1099 cam
2186 1046 2472 1117 parasset,
2533 1038 2848 1100 altitudine
2877 1038 3118 1119 quidem
3154 1045 3399 1119 tantam,
3428 1047 3492 1100 ut
3525 1057 3639 1100 non

2000 1127 2368 1208 permitteret
2401 1133 2453 1189 ei
2485 1135 2642 1189 stare
2694 1139 2947 1203 rectam,
3020 1127 3331 1190 latitudine
3384 1146 3545 1205 vero,
3582 1136 3645 1189 ut

2001 1235 2118 1277 non
2150 1227 2351 1297 posset
2405 1216 2710 1278 declinare
2760 1216 2834 1278 ad
2882 1215 3187 1278 dexteram
3252 1235 3363 1278 nec
3395 1217 3469 1279 ad
3501 1217 3645 1279 sini-

2002 1313 2206 1376 stram,
2233 1306 2291 1367 in
2325 1323 2396 1367 ea
2424 1323 2641 1386 corpus
2675 1305 2946 1380 includit,
3003 1323 3111 1387 per
3138 1305 3319 1367 breve
3370 1307 3643 1369 foramen

2008 1412 2110 1457 eos
2134 1395 2234 1474 qui
2265 1395 2411 1456 foris
2442 1404 2631 1471 erant,
2658 1395 2974 1475 alloquens
3002 1401 3060 1456 et
3085 1411 3189 1457 eos
3217 1395 3642 1458 audiens.Cum

2008 1492 2196 1545 mater
2215 1495 2410 1547 autem
2437 1504 2599 1564 saepe
2621 1484 2693 1546 ad
2733 1503 2862 1546 eam
2891 1484 3204 1547 accederet
3227 1486 3371 1560 (erat
3401 1485 3557 1546 enim
3588 1486 3643 1548 ei

2009 1574 2400 1652 navigationis
2436 1593 2635 1637 comes
2667 1583 2725 1636 et
2757 1574 2920 1637 socia
2951 1574 3521 1654 philosophias),non
3553 1584 3645 1637 te-

2010 1683 2174 1727 mere
2208 1665 2501 1744 veniebat,
2537 1664 2638 1726 sed
2665 1664 2713 1724 si
2749 1672 2849 1725 aut
2873 1663 3118 1725 vacabat
3143 1664 3419 1737 orationi,
3456 1673 3554 1726 aut
3585 1666 3646 1726 iu

247 1775 369 1832 περ
430 1753 624 1833 ἔτυχεν
666 1754 703 1823 ἢ
764 1755 904 1836 εὒχῇ
956 1755 989 1824 ἢ
1045 1756 1200 1821 θείοις
1258 1754 1516 1831 ἐμιλοῦσα
1577 1756 1803 1835 λογίοις,
1865 1755 1924 1811 οὒ

2011 1753 2225 1815 divinis
2256 1753 2604 1815 versabatur
2632 1753 2907 1834 eloquiis,
2945 1771 3060 1813 non
3109 1752 3274 1834 prius
3302 1753 3372 1815 ad
3403 1771 3531 1816 eam
3560 1754 3650 1815 in-

248 1846 538 1923 πρότερον
585 1844 657 1907 εἰς
715 1844 880 1911 αυτὴν
935 1844 1174 1922 ἆπεώρα,
1239 1845 1268 1914 ἢ
1324 1844 1483 1924 λόγου
1542 1848 1680 1911 τινος
1712 1844 1922 1920 μετεδί-

247 1931 385 2006 δου,
435 1932 540 1995 ἕως
606 1933 634 1988 ὃ
707 1938 895 2013 μετῄει
957 1935 1330 2010 πνευματικῶν
1388 1935 1557 2014 ἔργων
1615 1937 1686 1997 εἷς
1760 1937 1923 2013 πέρας

248 2023 504 2101 ἤγαγεν.
552 2022 701 2081 Οὕτω
760 2020 815 2078 δὲ
887 2025 1021 2098 μετὰ
1070 2025 1283 2080 πάντων
1336 2024 1432 2081 καῖ
1481 2029 1644 2092 αὐτῆς
1715 2025 1924 2104 ἐκράτει

250 2118 368 2180 τῆς
430 2111 664 2193 φύσεως,
709 2111 792 2192 ἐφ’
835 2116 879 2186 ᾧ
933 2115 1019 2169 καὶ
1070 2112 1276 2181 πολλὴν
1334 2116 1368 2182 ἡ
1425 2115 1606 2192 μήτηρ
1650 2137 1922 2192 παρακερ-

256 2201 531 2259 δαίνουσα
588 2205 684 2270 τὴν
737 2201 997 2280 ὠφέλειαν
1049 2203 1232 2278 ἀπῄει,
1281 2210 1357 2277 τῷ
1386 2205 1500 2278 Θεῷ
1531 2204 1768 2280 μεγάλας
1801 2207 1929 2278 ὁμο·

257 2291 513 2370 λογοῦσα
591 2293 684 2353 τὰς
742 2291 968 2371 χάριτας
1009 2339 1025 2372 ,
1084 2291 1165 2347 ὅτι
1244 2292 1499 2349 τοιόύτων
1557 2295 1700 2367 αὖτῷ
1759 2313 1929 2370 προσ-

268 2382 483 2458 ἤνεγκε
513 2381 603 2436 τὸν
632 2380 686 2436 ἐν
713 2379 919 2444 κοιλίας
970 2379 1193 2459 καρπὸν.
1248 2382 1342 2438 Καὶ
1371 2380 1421 2437 τί
1474 2380 1557 2437 δεῖ
1600 2382 1665 2439 τέι
1721 2382 1928 2449 ἐκείνης

278 2469 466 2527 πάντα
518 2467 757 2535 διεξιέναι
797 2488 812 2546 ;
871 2469 1026 2547 ἀρκεῖ
1078 2470 1178 2547 γὰρ
1233 2470 1346 2527 ἀντὶ
1380 2470 1589 2528 πάντων
1645 2472 1715 2537 εἷς
1759 2475 1930 2550 εὐφη-

284 2560 421 2634 μίαν
476 2559 533 2615 τὸ
562 2558 776 2637 μέτριον
820 2560 985 2626 αὑτῆς
1014 2566 1106 2616 τοῦ
1163 2561 1546 2638 φρονήματος·
1606 2560 1685 2618 ὅτι
1746 2561 1931 2637 βιοῦσα

282 2651 532 2724 καθαρῶς
591 2647 758 2712 οὕτως
814 2651 886 2710 ὡς
944 2646 1108 2711 οὐδεὶς
1178 2649 1465 2729 ἀνθρώπων
1520 2649 1694 2727 ἕτερος
1746 2670 1932 2708 συντε-

279 2737 591 2818 τριμμένην
646 2738 776 2818 εἶχε
832 2739 921 2794 καὶ
977 2738 1232 2806 ταπεινὴν
1283 2738 1382 2804 τὴν
1423 2737 1677 2813 διάνοιαν,
1715 2741 1789 2803 ὣς
1835 2740 1931 2795 οὒ-

286 2826 396 2893 δεὶς
428 2825 592 2892 ἄλλος
621 2832 727 2884 τῶν
756 2826 982 2891 πολλοῖς
1013 2826 1234 2889 ἀτόποις
1264 2826 1630 2906 ἐνεχομένων.

376 2915 444 2976 κ’
458 2965 473 2980 .
509 2914 687 2980 Οὕτως
718 2923 808 2974 οὖν
839 2916 973 2973 ἑπτὰ
999 2918 1119 2973 ἐκεῖ
1147 2913 1502 2986 ὃιαθλήσασαν
1533 2919 1649 2992 ἔτη,
1676 2915 1936 2996 λογισμὸς

285 3008 457 3075 αυτὴν
492 3007 662 3083 εἰσῄει
711 3005 1038 3086 μακροτέρας
1090 3004 1389 3081 ἀποδημίας
1427 3022 1441 3038 ⁸
1488 3008 1777 3085 προσήκειν
1834 3007 1936 3084 γὰρ

284 3097 439 3174 ἔλεγε
503 3093 642 3186 μηξὲ
697 3096 1036 3186 τιῐιν-ίεριῖιόνΔ
1073 3093 1477 3186 ἀπολειφθῆναι,
1535 3096 1737 3170 τόπων,
1798 3094 1993 3186 cime

291 3189 379 3243 καὶ
429 3186 527 3253 τὴν
594 3174 943 3264 Ἰερουσαλήμ
997 3182 1155 3266 ἰδεῖν,
1212 3186 1300 3243 καὶ
1359 3185 1421 3241 τὰ
1464 3185 1519 3240 ἐν
1576 3188 1710 3261 αὖτῇ
1761 3185 1933 3241 πάντα

290 3272 616 3351 περιελθεῖν,
666 3275 754 3330 καὶ
843 3279 1202 3353 προσκυνῆσαι
1285 3273 1550 3348 θαύματα,
1627 3275 1725 3331 Καὶ
1780 3270 1932 3339 δόξαν

299 3361 470 3428 οὕτως
524 3365 552 3431 ἧ
604 3363 835 3420 θάλαττά
884 3386 941 3419 τε
1004 3367 1164 3432 αὐτην
1196 3362 1403 3428 ἐδέξατο
1434 3369 1533 3431 τῆς
1564 3364 1767 3442 μητρὸς
1798 3365 1933 3439 ὁμοῦ

302 3451 399 3509 καὶ
457 3452 761 3511 Ἀπενιανοΰ
817 3454 1222 3531 συμπαρόντων,
1285 3454 1371 3510 καὶ
1428 3456 1612 3510 θᾶττον
1684 3451 1928 3517 εὐπλοίας

296 3540 558 3621 τυχόντας
614 3544 649 3610 ἡ
714 3540 1074 3619 Ἀλεξάνδρεια
1126 3540 1417 3623 διεδέχετο.
1478 3543 1638 3606 Πιῑλις
1699 3540 1752 3598 δὲ
1800 3543 1932 3609 αὕτη

294 3632 580 3706 Φοινίκων,
615 3631 681 3699 ἧς
731 3632 819 3688 καὶ
859 3631 952 3694 τὰς
1002 3631 1380 3712 ἆρχιερατικὰς
1433 3629 1606 3688 διεῖπε
1661 3630 1934 3711 φροντίδας

295 3723 325 3778 ὁ
366 3721 539 3800 μέγας
598 3720 652 3776 ἐν
710 3722 930 3801 ἱερεῦσιν
992 3720 1272 3799 Κύριλλος.
1326 3721 1507 3795 Τούτῳ
1555 3719 1618 3788 δὴ
1676 3722 1937 3799 συγγενόο

294 3832 449 3885 μενοι
482 3811 570 3867 καὶ
602 3810 764 3884 ἑτέρῳ
793 3815 1105 3890 προφητικῷ
1157 3809 1321 3892 ἀνδρὶ,
1383 3810 1636 3889 Θεοδώρῳ
1683 3810 1935 3885 τοῦνομα,

2010 1843 2308 1917 tuebatur,
2343 1853 2444 1905 aut
2500 1843 2662 1904 illam
2712 1842 3125 1924 compellabat,
3182 1862 3352 1923 quam
3383 1844 3647 1924 spiritale

2008 1951 2179 2012 opus,
2215 1933 2370 2013 quod
2404 1931 2628 2012 obibat,
2665 1933 3037 2013 perfecisset.
3075 1932 3175 1994 Sic
3204 1951 3339 1994 cum
3374 1933 3649 1994 omnibus

2007 2022 2196 2102 ipsam
2230 2040 2464 2101 quoque
2497 2022 2636 2083 vicit
2690 2030 2983 2084 naturam.
3026 2022 3425 2095 Quamobrem
3459 2030 3652 2084 mater

2011 2128 2280 2189 magnam
2335 2111 2712 2172 lucrifaciens
2762 2111 3098 2190 utilitatem,
3148 2110 3351 2173 abibat
3410 2129 3651 2189 magnas

2014 2201 2135 2261 Deo
2166 2217 2350 2278 agens
2383 2200 2601 2278 gratias
2650 2199 2807 2281 quod
2841 2217 2913 2261 ex
2942 2217 3049 2261 suo
3080 2208 3289 2260 ventre
3318 2200 3490 2260 talem
3524 2202 3652 2263 fru-

2012 2301 2172 2350 ctum
2205 2289 2601 2369 produxisset.
2638 2288 2708 2349 Et
2762 2288 2903 2367 quid
2962 2305 3110 2367 opus
3141 2298 3231 2350 est
3260 2288 3422 2350 illius
3452 2291 3653 2353 omnia

2015 2376 2347 2459 persequi?
2410 2380 2498 2439 Avi
2555 2378 2687 2457 ejus
2739 2377 2898 2437 enim
2961 2376 3197 2437 laudem
3252 2376 3470 2439 sufficit
3542 2397 3650 2459 pro

2014 2466 2292 2529 omnibus
2346 2466 2635 2528 modestia
2690 2466 2819 2546 ejus
2851 2473 2909 2526 et
2938 2465 3289 2540 moderatio,
3325 2467 3481 2546 quod
3514 2485 3648 2528 cum

2015 2555 2241 2618 viveret
2270 2567 2583 2635 tam‘pure,
2616 2573 2792 2636 quam
2845 2553 3002 2614 ullus
3051 2554 3221 2628 alius,
3257 2572 3362 2615 cor
3403 2555 3651 2618 haberet

2015 2645 2333 2707 contritum
2366 2654 2424 2707 et
2455 2653 2714 2706 mentem
2769 2645 3088 2705 demissam
3144 2661 3212 2704 ac
3242 2643 3553 2724 humilem,
3587 2655 3651 2706 ut

2017 2734 2217 2796 nullus
2244 2733 2392 2796 alius
2425 2752 2492 2796 ex
2541 2732 2617 2795 iis
2669 2731 2770 2813 qui
2824 2730 3006 2793 multa
3034 2729 3357 2793 admittunt
3384 2749 3505 2794 non
3535 2734 3648 2795 ho-

2019 2835 2182 2887 nesta
2196 2867 2211 2883 .

2098 2913 2220 2977 XX.
2253 2916 2399 2976 Cum
2434 2912 2520 2975 sic
2549 2919 2742 2975 autem
2777 2918 3004 2992 septem
3046 2929 3232 2973 annos
3263 2911 3648 2990 decertasset,

2019 3021 2146 3066 eam
2208 3003 2389 3065 subiit
2436 3002 2710 3079 cogitatio
2788 3000 3073 3079 longioris
3130 3001 3650 3082 peregrinationis.

2016 3091 2259 3154 Dicebat
2290 3093 2472 3161 enim,
2509 3100 2792 3171 uportere
2822 3093 2894 3150 ad
2919 3107 3088 3152 sacra
3117 3090 3291 3152 etiam
3325 3090 3454 3154 loca
3477 3110 3652 3155 acce-

2018 3182 2185 3256 dere,
2220 3191 2277 3244 et
2307 3182 2483 3244 etiam
2516 3180 2719 3242 videre
2739 3178 3167 3256 Jerusalem,et
3189 3180 3379 3255 obire,
3417 3190 3479 3243 et
3505 3183 3654 3243 ado-

2015 3288 2151 3333 rare
2180 3270 2381 3332 omnia
2411 3287 2543 3350 quai
2570 3268 2693 3330 illic
2736 3276 2876 3330 sunt
2928 3269 3214 3329 miracula
3246 3267 3351 3349 (t).
3386 3269 3654 3351 Cumque

2016 3362 2071 3424 ei
2104 3360 2183 3422 ita
2213 3360 2397 3422 visum
2434 3367 2611 3439 esset,
2648 3377 2808 3421 mare
2836 3375 2966 3420 eam
2999 3358 3282 3438 suscepit,
3307 3377 3441 3421 cum
3476 3360 3651 3421 simul

2015 3450 2250 3512 adesset
2281 3466 2472 3511 ma'er
2502 3457 2561 3511 et
2589 3449 2968 3528 Apenianus;
3000 3456 3057 3508 et
3088 3466 3221 3508 cum
3251 3447 3338 3510 eis
3368 3467 3650 3529 prospera

2013 3540 2222 3602 fuisset
2256 3539 2565 3619 navigatio,
2604 3548 3007 3619 pervenerunt
3054 3536 3473 3599 Alexandriam
3510 3559 3524 3599 :
3581 3559 3650 3601 ea

2021 3637 2110 3690 est
2140 3636 2335 3689 autem
2376 3628 2586 3689 civitas
2612 3628 2871 3708 ngypli,
2926 3628 2986 3688 in
3022 3645 3136 3707 qua
3167 3626 3482 3706 pontificali
3515 3646 3647 3690 mu-

2024 3736 2166 3780 nere
2184 3718 2536 3797 fungebatur
2561 3735 2806 3796 magnus
2829 3717 2983 3778 inter
3015 3716 3354 3778 sacerdotes
3377 3717 3656 3796 Cyrillus.

2022 3807 2166 3870 Cum
2223 3826 2291 3868 eo
2324 3806 2650 3883 congressi,
2688 3814 2744 3868 et
2792 3824 2929 3868 cum
2977 3805 3091 3867 alio
3124 3812 3246 3866 viro
3278 3805 3654 3886 prophetico,

292 3903 385 3957 καὶ
452 3899 628 3957 πολλὰ
686 3900 821 3957 κατᾶ
876 3902 975 3967 τὴν
1029 3897 1256 3977 πάροδον
1316 3904 1414 3965 τῆς
1473 3898 1683 3974 ὁμιλίας
1739 3899 1932 3955 τούτων

2024 3896 2679 3967 nomineTheodoro,et
2702 3914 2834 3957 cum
2860 3895 2917 3955 in
2944 3894 3194 3957 transitu
3218 3912 3287 3955 ex
3308 3912 3515 3956 eorum
3536 3912 3663 3959 ser-

294 3992 572 4069 ὁνᾶμενοι,
631 3988 792 4046 πάλιν
836 4010 893 4046 τε
948 3993 1047 4056 τῆς
1106 3990 1232 4057 νηὸς
1284 3985 1552 4056 ἐπέϐησαν
1581 3990 1671 4046 καὶ
1698 3988 1791 4045 ἐπὶ
1818 3989 1932 4054 τοὺς

2025 4004 2202 4050 mone
2224 4004 2491 4065 magnam
2518 3985 2891 4066 accepissent
2919 3984 3260 4065 utilitatem,
3293 4002 3499 4047 navem
3523 4004 3662 4047 rur-

294 4081 469 4160 ἱεροὺς
525 4079 812 4158 ἠπείγοντο
889 4078 1081 4143 τόπους
1116 4126 1131 4153 ,
1194 4077 1363 4154 μηδὲν
1413 4077 1736 4157 ἐπαγόμενοι
1794 4079 1932 4146 πλὴν

2024 4095 2124 4139 sus
2147 4076 2568 4150 ascenderunt,
2606 4076 2678 4136 ad
2729 4093 2900 4137 sacra
2947 4076 3074 4137 loca
3105 4074 3474 4156 festinantes,
3508 4076 3657 4138 nihil

294 4170 351 4227 εἴ
383 4191 435 4226 τι
465 4174 573 4225 τῶν
603 4168 902 4247 ἀναγκαίων
951 4167 1018 4235 ἢν
1071 4168 1159 4225 καὶ
1218 4167 1420 4247 ὀλίγαις
1478 4168 1661 4247 ἀρκεῖν
1714 4167 1932 4245 ἡμέραις

2028 4176 2226 4227 autem
2257 4184 2458 4227 secum
2488 4164 2830 4245 afferentes,
2867 4174 3259 4248 praeterquam
3296 4164 3345 4225 si
3369 4165 3510 4246 quid
3541 4174 3668 4227 erat

293 4258 592 4335 δυνάμενον
624 4305 641 4331 ,
729 4255 1042 4334 βουλόμενοι
1115 4259 1249 4334 μετὰ
1320 4264 1427 4315 τῶν
1516 4258 1932 4336 προσαιτούντωκ

2027 4257 2465 4329 necessarium,
2499 4264 2555 4317 et
2582 4255 2739 4335 quod
2773 4264 2971 4334 posset
3012 4255 3213 4335 paucis
3242 4253 3454 4317 diebus
3493 4255 3663 4317 sulti-

293 4353 386 4406 καὶ
447 4348 631 4412 αὑτοὺς
701 4348 952 4426 γίνεσθαι.
1020 4338 1109 4414 Ὡς
1179 4345 1234 4404 δὲ
1293 4349 1392 4416 τῆς
1452 4348 1580 4415 νηὸς
1639 4344 1932 4415 ἀπέϐησαν.

2026 4365 2188 4427 cere,
2221 4347 2492 4409 volentes
2521 4345 2634 4425 ipsi
2667 4363 2904 4425 quoque
2937 4362 3068 4407 esse
3098 4362 3231 4405 cum
3269 4345 3663 4407 mendicanti-

295 4440 440 4511 νόσῳ
524 4433 796 4511 συμϐαίνει
861 4437 959 4504 τὴν
1039 4437 1297 4517 μακαρίαν
1375 4449 1558 4494 πεσεῖν
1596 4451 1610 4467 '
1664 4436 1786 4493 εἶτα
1843 4443 1932 4504 τῆς

2026 4435 2159 4499 bus.
2194 4436 2511 4518 Postquam
2539 4454 2676 4496 vero
2705 4436 2763 4496 in
2799 4442 3023 4497 terram
3055 4432 3660 4515 descenderunt,con-

296 4497 600 4605 &§§mstlac
652 4497 1050 4607 évsvsyxoiiau,‘
1075 4497 1198 4585 καὶι
1231 4533 1306 4603 τῷ
1350 4525 1648 4601 δεσποτικῴ
1694 4525 1845 4606 τάφῳ
1874 4527 1932 4583 τὲ

2023 4497 2152 4605 tigit
2176 4497 2409 4587 beatain
2428 4497 2728 4588 Melanam
2767 4524 2825 4585 in
2848 4523 3119 4585 morbum
3141 4497 3666 4586 incidere.Deinde

308 4622 401 4683 τῆς
458 4616 638 4694 ὑγείας
688 4615 1030 4696 χαρισαμένη
1088 4617 1175 4673 καὶ
1243 4619 1450 4695 πρῶτον
1508 4615 1652 4689 αὐτῷ
1707 4615 1932 4692 προσελ-

2027 4635 2161 4677 cum
2187 4614 2581 4677 convaluisset
2606 4633 2637 4674 a
2662 4614 2930 4694 corporis
2961 4612 3326 4690 inﬁrmitate,
3365 4620 3426 4676 et
3455 4612 3669 4675 Domi-

296 4708 461 4763 θοῦσα
516 4706 604 4762 γαὶ
658 4705 1090 4785 προσκυνήσασα,
1120 4707 1180 4764 τὺ
1223 4704 1412 4762 λοιπὸν
1446 4703 1540 4761 καὶ
1592 4716 1709 4769 τοῖς
1758 4703 1932 4768 ἄλλοις

2024 4705 2160 4768 nico
2190 4705 2466 4786 sepulcro
2495 4712 2908 4785 recuperatam
2933 4704 3244 4765 sanitatem
3271 4704 3462 4784 primo
3482 4702 3661 4765 obtu-

301 4801 408 4852 τῶν
466 4792 744 4870 θεαμάτων
773 4793 901 4869 ὄψιν
951 4797 1273 4852 εἰστιαθετσα
1323 4794 1422 4864 τὴν
1484 4793 1691 4874 ψυχὴν,
1751 4793 1932 4869 ὡμίλει

2025 4795 2213 4869 lisset,
2246 4803 2303 4856 et
2334 4794 2406 4855 ad
2452 4793 2512 4855 id
2547 4794 2739 4874 primo
2770 4794 3142 4869 accessisset,
3184 4793 3363 4873 idque
3413 4795 3657 4855 adoras-

299 4882 357 4942 δὲ
402 4887 490 4941 καὶ
548 4890 656 4941 τῶν
711 4883 892 4963 ἱερέων
934 4897 1050 4951 τοῖς
1094 4884 1534 4960 ἐπισημοτάτοις,
1582 4882 1677 4939 καί
1707 4881 1932 4959 μάλιστα

2025 4894 2134 4961 set,
2172 4884 2245 4947 de
2277 4892 2489 4946 caetero
2520 4884 2724 4946 oculos
2783 4891 2841 4945 et
2895 4883 3159 4944 animum
3221 4881 3499 4962 pascebat
3527 4883 3664 4944 aliis

299 4976 503 5033 τούτων
534 4972 703 5031 αὐτῶν
733 4986 850 5039 τοῖς
884 4973 938 5030 ἐν
992 4979 1070 5048 τῷ
1125 4974 1298 5053 λέγειν
1349 4972 1754 5047 συνετωτάτοις,
1802 4971 1932 5030 ὥστε

2024 4974 2401 5055 spectaculis.
2439 4972 2799 5036 Versabatur
2834 4983 3035 5035 autem
3068 4990 3198 5033 cum
3232 4971 3305 5032 iis
3332 4971 3432 5051 qui
3463 4988 3531 5034 ex
3564 4989 3667 5032 sa-

299 5066 390 5122 καὶ
433 5062 692 5145 ὠφελείας
740 5066 946 5122 ἐκεῖθεν
1010 5065 1211 5143 καρπὸν
1296 5061 1595 5144 δρέπεσθαι.
1658 5061 1932 5142 Ἐτρέφετο

2024 5064 2367 5125 cerdotibus
2393 5072 2562 5124 erant
2586 5062 2839 5124 maxime
2858 5062 3211 5140 insignes,et
3240 5060 3506 5122 maxime
3526 5078 3661 5122 cum

298 5152 354 5210 δὲ
407 5154 626 5219 ἐκείνοις
677 5154 872 5233 οἷσπερ
914 5156 1002 5211 καὶ
1057 5153 1112 5210 ἐν
1170 5150 1338 5231 Λιϐύῃ
1400 5154 1488 5210 καὶ
1547 5149 1630 5208 διὰ
1674 5152 1932 5209 τοσούτων

2022 5151 2095 5213 iis
2129 5152 2228 5232 qui
2261 5151 2321 5212 in
2354 5150 2607 5212 dicendo
2663 5157 2837 5211 erant
2891 5147 3341 5230 sapientissimi,
3397 5149 3664 5210 utetiam

295 5245 540 5324 ἡμερῶν,
585 5244 723 5302 ὅσων
754 5241 820 5312 δὴ
854 5245 941 5301 καὶ
1000 5242 1114 5300 ἐκεῖ
1158 5245 1246 5300 καὶ
1300 5254 1423 5324 ταῖς
1476 5242 1661 5321 χερσὶν
1715 5239 1932 5321 ἐργαζο-

2021 5241 2334 5302 utilitatem
2388 5257 2457 5300 ex
2508 5237 2595 5300 eis
2646 5238 3005 5321 perciperet.
3055 5235 3340 5299 Alebatur
3385 5253 3522 5297 vero
3553 5236 3670 5298 illis

297 5323 461 5416 μένη,
494 5323 674 5413 ὥσπερ
726 5332 790 5403 δή
841 5335 929 5391 καὶ
982 5331 1311 5401 Χαλκηδόνι.
1348 5323 1606 5410 Ἐσπέρας
1651 5328 1706 5387 δὲ
1767 5351 1932 5387 κατα-

2021 5330 2237 5411 quibus
2266 5328 2327 5390 in
2356 5328 2558 5411 Libya,
2591 5335 2674 5391 tot
2726 5329 2878 5404 dies,
2913 5335 3053 5410 quot
3088 5325 3213 5390 illic
3245 5326 3484 5405 mansit,
3517 5343 3666 5409 ope-

391 5596 472 5681 (1)
500 5596 673 5661 Anno
703 5593 824 5660 416
854 5594 974 5658 adit
1002 5592 1134 5658 loca
1161 5592 1522 5658 adorationis
1551 5593 1761 5678 gratia,
1796 5607 1871 5657 ex
1899 5587 2129 5658 calculo
2159 5588 2420 5660 Baronii.
