4020 6142
430 272 554 341 775

1749 264 1913 333 ΜΕΝ
1920 265 2032 330 SIS
2073 262 2498 330 DECEMBEB.

3694 262 3814 328 776

431 430 573 473 rans
600 406 898 483 manibus,
941 402 1097 469 sicut
1126 404 1500 483 Carthagine.
1527 404 1674 467 cum
1701 403 2065 467 adventassel

2156 400 2424 468 λαϐούσης
2469 400 2634 477 εἰσῇει
2686 401 2785 476 μὲν
2845 396 2916 465 είς
2975 394 3067 455 τὸν
3113 394 3374 476 σωτήριον
3416 399 3515 467 τῆς
3561 397 3812 456 ἀναστά-

434 508 631 563 autem
666 515 936 579 vespera,
968 496 1413 576 iugrediehatur
1448 493 1688 574 quidem
1723 494 1781 553 in
1813 493 2070 554 salutare

432 589 771 669 sepulcrum
824 584 1303 658 resurrectionis,
1363 585 1563 646 clauso
1614 601 1759 645 vero
1817 582 2065 662 templo,

434 676 714 739 manebat
742 676 921 751 intus,
957 682 1015 736 et
1060 674 1243 735 oratio
1277 680 1453 734 noctu
1484 671 1561 735 ab
1593 690 1662 733 ea
1695 671 1896 733 tandiu
1929 688 2067 750 pro-

434 766 787 837 ducebatur,
821 765 1013 826 donec
1044 762 1299 843 ingressi
1330 770 1530 824 essent
1558 762 1847 823 matutina
1877 770 2071 823 canta-

435 855 551 917 turi
582 855 834 917 cantica.
894 852 1209 933 Postquam
1269 859 1469 913 autem
1531 852 1709 913 linem
1762 858 2075 931 acceperat

432 943 954 1024 gloriﬁcatio,tnnc
986 943 1114 1022 ipsa
1141 958 1382 1023 quoque
1410 959 1627 1021 corpus
1659 958 1865 1020 parum
1899 938 2074 1001 dabat

433 1050 643 1094 somno
673 1041 730 1093 et
760 1031 968 1112 quieti.

510 1121 668 1184 XXI.
695 1123 844 1183 Cum
878 1139 1036 1198 vero,
1070 1120 1227 1183 sicut
1255 1139 1288 1182 a
1338 1139 1434 1182 me
1466 1120 1686 1181 dictum
1721 1128 1836 1200 est,
1873 1137 2074 1200 paucae
2132 1112 2137 1117 ’

432 1210 698 1292 quaedam
735 1210 1075 1273 facultatum
1109 1210 1379 1290 reliquiae
1419 1211 1474 1269 ei
1506 1209 1707 1271 Romae
1738 1209 2069 1270 remansis-

428 1308 584 1371 sent,
621 1308 679 1361 et
707 1300 944 1361 cuidam
980 1317 1050 1361 ex
1104 1299 1380 1361 ﬁdelibus
1414 1300 1753 1361 mandatum
1791 1309 1974 1377 esset,
2007 1305 2074 1359 ut

428 1408 530 1452 eas
565 1397 926 1470 proponeret
956 1388 1243 1449 emendas
1268 1388 1945 1466 volentibus,postquam
1971 1387 2072 1448 ille

427 1479 542 1541 hoc
568 1477 833 1553 fecisset,
867 1495 1082 1540 aurum
1113 1477 1186 1539 ad
1247 1495 1350 1538 eos
1404 1477 1585 1539 mittit
1614 1479 2068 1556 .lerosolymam.

428 1567 542 1640 Qui
573 1567 746 1628 solita
774 1574 1010 1629 utentes
1065 1565 1457 1644 benignitate,
1510 1584 1611 1626 eas
1662 1567 2066 1629 haereditatem

423 1657 698 1719 fecerunt
754 1656 1077 1735 egentium.
1129 1653 1238 1717 Hic
1278 1674 1413 1717 cum
1467 1655 1814 1735 aliquandiu
1864 1664 2070 1717 essent

425 1750 658 1818 versati,
689 1749 909 1805 videret
937 1757 1127 1804 autem
1162 1748 1376 1804 Melana
1436 1758 1673 1803 matrem
1707 1761 1869 1805 suam
1904 1747 2066 1803 senio

2153 513 2287 555 σεως
2372 491 2537 569 τάφον
2568 507 2584 525 ⁸
2665 488 2995 553 κλεισθέντος
3070 486 3124 543 δὲ
3192 494 3284 544 τοῦ
3354 495 3482 545 ναοῦ
3538 487 3813 562 ὑπέμενεν

2152 579 2320 660 ἔνδον,
2377 580 2471 636 καὶ
2528 581 2564 647 ἡ
2619 579 2871 658 προσυχὶι
2942 579 3016 636 είς
3105 584 3353 634 τοσοῦτον
3418 580 3552 654 αὐτῇ
3622 580 3815 641 νυκτὸς

2151 670 2487 748 παρετείνετο
2520 668 2621 734 ἕως
2664 670 2710 724 oi
2760 667 2936 723 ἐκεῖσε
2993 667 3086 730 τὰς
3117 668 3234 745 περὶ
3293 669 3382 723 τὸν
3439 665 3628 744 ὄρθρον
3677 665 3820 740 ᾠδὸς

2153 760 2401 829 είσῂεσαν
2444 757 2682 830 ᾅσοντες.
2718 755 2868 813 Ἐπεὶ
2908 754 2963 812 δὲ
3007 758 3172 833 πέρας
3216 760 3343 835 εἶχε
3398 757 3465 811 τα
3510 761 3618 821 τῆς
3655 754 3822 821 δοξοοι

2156 848 2362 925 λογίας,
2425 847 2544 903 τότε
2577 845 2633 903 δὲ
2675 845 2772 902 καῖ
2803 846 2936 912 αὒτὴ
2981 846 3043 902 τὸ
3101 852 3257 921 σῶμα
3314 845 3492 923 βραχὺ
3521 852 3602 919 τῷ
3663 843 3821 918 ὕπνῳ

2156 935 2547 994 διαναπαύουσι
2585 938 2674 1003 ἦν.

2237 1113 2374 1176 KA'.
2410 1111 2628 1181 Ἐπειδὴ
2658 1111 2736 1186 δὲ,
2770 1112 2950 1191 ὥσπερ
2981 1134 3070 1187 μοι
3116 1111 3357 1189 εἴρηται,
3416 1111 3638 1190 βραχέα
3692 1111 3820 1168 τινὰ

2155 1203 2378 1280 λείψανα
2426 1208 2525 1271 τῆς
2587 1202 2768 1265 οὐσίας
2823 1202 2876 1258 ἐν
2952 1192 3134 1277 Ῥώμη
3190 1202 3323 1277 αὖτῇ
3380 1199 3817 1275 καταλέλειπτο,

2153 1295 2242 1351 καί
2299 1316 2399 1350 τινι
2454 1299 2559 1349 τῶν
2616 1299 2818 1349 πιστῶν
2861 1292 3136 1373 ἐπετράπη
3191 1290 3323 1347 ὤνια
3384 1298 3549 1348 ταῦτα
3628 1290 3817 1347 θέσθαι

2151 1396 2270 1447 τοῖς
2322 1381 2664 1459 βουλομένοις
2700 1398 2712 1411 ·
2771 1381 2908 1438 οὕτω
2966 1378 3165 1456 πράξας
3215 1379 3417 1444 ἐκεῖνος
3474 1382 3567 1436 τὸν
3605 1381 3820 1459 χρυσὸν

2155 1478 2340 1535 αὐτοῖς
2385 1471 2620 1546 ἔπεμπεν
2659 1472 2731 1533 εἰς
2790 1461 3156 1549 Ἱεροσόλυμα,
3206 1470 3259 1524 οἳ
3319 1470 3407 1525 καὶ
3454 1470 3553 1536 τὴν
3602 1470 3817 1538 συνήθη

2153 1560 2542 1641 φιλανθρωπίαν
2599 1557 3019 1635 μεταδιώκοντες
3109 1558 3305 1635 κλῆρον
3363 1561 3453 1615 καὶ
3501 1559 3646 1614 αὐτὰ
3706 1561 3817 1613 τῶν

2151 1651 2414 1724 δεομένων
2471 1651 2703 1711 ἐποίουν.
2753 1649 3008 1706 Ἐνταῦθα
3039 1653 3236 1728 χρόνον
3304 1648 3422 1704 τινὰ
3479 1646 3813 1726 διατρίψανο

2151 1762 2260 1814 τες,
2320 1740 2432 1796 ἐπεὶ
2487 1740 2584 1807 τὴν
2632 1738 2832 1812 μητέρα
2875 1738 2970 1805 τὴν
3026 1739 3219 1804 ἑαυτῆς
3278 1738 3312 1803 ἡ
3373 1735 3601 1803 Μελάνη
3674 1736 3816 1815 γήρᾳ

428 1841 487 1894 et
516 1842 785 1921 tempore
808 1832 1196 1921 gravari,eﬁam
1232 1831 1355 1892 illic
1379 1831 1688 1910 relinquit,
1723 1831 2065 1921 rogavitque

2153 1850 2206 1885 τε
2250 1830 2336 1886 καὶ
2380 1830 2594 1908 χρόνοις
2660 1828 2798 1906 ἑώρα
2857 1826 3215 1905 βαρυνομένην
3245 1873 3262 1898 ,
3319 1829 3478 1883 αὐτοῦ
3542 1824 3813 1882 καταλεί-

429 1930 496 1982 ut
527 1940 594 1984 ea
626 1920 746 1981 illic
780 1928 1014 2000 pararet
1037 1920 1484 1982 tabernaculum
1521 1921 1579 1981 in
1610 1929 1809 1982 monte
1829 1918 2060 1983 Oliveti.

428 2010 538 2074 Illa
567 2028 703 2071 vero
728 2009 889 2071 venit
940 2012 1000 2071 in
1050 2013 1381 2091 Egyptum,
1416 2029 1531 2071 una
1562 2029 1696 2070 cum
1731 2010 2065 2090 Apeniano,

429 2108 552 2161 tum
582 2099 742 2180 quod
772 2099 993 2162 vellent
1023 2099 1222 2161 videre
1252 2109 1514 2174 sanctos,
1550 2098 1654 2179 qui
1676 2109 1847 2160 erant
1880 2099 1940 2160 in
1973 2118 2063 2175 ea,

424 2195 549 2249 tum
582 2187 785 2265 etiam,
818 2197 881 2249 ut
934 2207 1043 2250 sua
1098 2187 1467 2268 benignitate
1529 2188 1907 2269 impertirent
1938 2206 2066 2269 eos,

424 2277 528 2358 qui
557 2276 680 2338 illic
705 2289 900 2359 erant,
939 2295 1253 2359 pauperes.
1313 2276 1385 2339 Hi
1439 2296 1581 2357 ergo
1614 2276 1944 2358 venientes,
1976 2277 2067 2340 fa-

423 2366 659 2430 ciebant
685 2367 742 2428 id
775 2375 1018 2448 propter
1046 2367 1205 2448 quod
1253 2376 1562 2440 venerant,
1626 2374 1684 2428 et
1741 2385 1845 2428 eos
1874 2367 1974 2447 qui
2004 2384 2070 2428 se

424 2458 486 2519 in
513 2459 729 2538 pietate
757 2456 1413 2531 exercebant,obibant.
1448 2457 1595 2519 Cum
1625 2465 1827 2518 autem
1860 2473 2066 2518 acces-

422 2547 637 2609 sissent
670 2545 742 2607 ad
774 2546 1071 2626 quoddam
1125 2546 1595 2617 tabernaculum,
1632 2545 1788 2624 quod
1813 2544 1969 2624 apud
2002 2563 2067 2606 se

423 2634 681 2698 habebat
708 2634 896 2696 virum
925 2634 987 2695 in
1020 2634 1395 2714 philosophia
1444 2633 1789 2713 maximum,
1823 2633 1922 2694 cui
1951 2652 2064 2695 no-

425 2743 560 2786 men
595 2731 723 2786 erat
749 2721 1111 2802 Ephaastion,
1141 2722 1433 2800 rogabant
1477 2730 1543 2782 ut
1573 2722 1705 2802 ipse
1733 2740 1969 2803 quoque
1997 2741 2067 2785 ea

424 2829 553 2892 quas
584 2810 709 2883 alii,
745 2811 1142 2889 participaret.
1191 2809 1334 2872 Cum
1396 2811 1443 2871 is
1500 2819 1696 2872 autem
1737 2820 2062 2892 recusaret,

422 2899 566 2981 quid
601 2918 719 2960 non
751 2897 891 2960 fecit
920 2898 1171 2972 Melana,
1228 2898 1433 2961 volens
1473 2899 1528 2961 ei
1590 2900 1951 2979 persuadere
2003 2910 2069 2963 ut

422 2986 772 3069 acciperet?
803 2987 944 3051 Cum
980 3006 1117 3050 vero
1163 3007 1281 3049 non
1334 2988 1740 3070 persuaderet,
1776 2989 1889 3051 tale
1920 2991 2062 3069 quid

422 3075 619 3139 statim
678 3076 1071 3157 machinatur,
1139 3077 1298 3158 quod
1358 3076 1599 3157 quidem
1659 3078 2065 3158 pulcherrime

2154 1940 2264 1994 πει,
2323 1917 2469 1984 ἠξίου
2511 1939 2569 1973 τε
2629 1917 2833 1983 σκηνὴν
2900 1916 3198 1994 εὐτρεπίσαι
3241 1915 3406 1991 ταύτῃ
3464 1915 3520 1969 ἐν
3563 1921 3653 1988 τῷ
3706 1915 3813 1993 ὄρει

2150 2014 2256 2065 τῶν
2317 2006 2567 2066 Ἐλαιῶν.
2633 2005 2697 2062 Ἦ
2755 2003 2809 2061 δὲ
2871 2007 3077 2079 σύναμα
3134 2011 3210 2079 τῷ
3257 2004 3558 2077 ’Λπενιανῷ
3589 2005 3674 2068 εἰς
3706 2005 3816 2061 Αἴο

2150 2119 2350 2175 γυπτον
2406 2096 2708 2176 ἀφικνεῖτο,
2756 2097 2888 2170 ὁμοῦ
2939 2095 3038 2169 μὲν
3094 2095 3369 2170 ἱστορῆσαι
3430 2095 3519 2150 καὶ
3563 2095 3699 2158 τοὺς
3757 2094 3809 2149 ἐν

2150 2187 2318 2263 ταύτῃ
2374 2187 2553 2264 ἁγίους
2611 2182 2797 2263 ἄνδρας
2850 2183 3184 2260 βουλόμενοι,
3238 2182 3372 2257 ἐμοῦ
3432 2179 3489 2238 δὲ
3549 2184 3647 2239 καὶ
3691 2196 3809 2245 τοῖς

2154 2275 2329 2333 ἐκεῖσε
2382 2275 2572 2341 πένησι
2616 2279 2714 2341 τῆς
2774 2274 2970 2329 ἑαυτῶν
3017 2272 3392 2351 χρηστότητος
3443 2269 3800 2346 μεταδοῦναι.

2153 2365 2307 2422 Οὗτοι
2338 2363 2435 2439 μὲν
2466 2364 2555 2420 οὗν
2586 2361 2806 2430 ἥκοντες
2839 2361 2922 2442 ἐφ’
2973 2364 3122 2435 ᾧπερ
3175 2363 3308 2427 ἧκον
3364 2362 3451 2418 καὶ
3508 2359 3801 2441 ἔπραττον,

2151 2455 2237 2510 καὶ
2267 2454 2386 2517 τοὺς
2419 2453 2656 2519 ἀσκητὰς
2687 2453 3048 2531 περιήρχοντο
3083 2471 3094 2484 ·
3151 2458 3247 2526 μιᾷ
3275 2450 3330 2507 δέ
3373 2473 3475 2507 τινι
3520 2452 3637 2508 τῶν
3666 2474 3799 2519 σκη-

2152 2548 2253 2599 νῶν
2298 2541 2604 2605 ἐπιστάντες
2648 2540 2764 2608 ἥτις
2818 2540 2978 2622 ἄνδρα
3039 2539 3291 2619 μέγιστον
3344 2541 3416 2605 είς
3474 2538 3797 2622 φιλοσοφίαν

2148 2630 2273 2708 παρ’
2324 2632 2486 2706 ἑαυτῇ
2544 2629 2722 2708 ἔφερεν
2761 2676 2778 2710 ,
2837 2621 3158 2707 Ἡφαιστίων
3242 2629 3384 2703 αὐτῷ
3441 2631 3502 2685 τὸ
3578 2621 3746 2705 ὄνομα
3780 2646 3793 2660 ⁸

2148 2717 2354 2777 ἐδέοντο
2410 2721 2498 2777 καὶ
2555 2719 2710 2775 αὺτὸν
2766 2719 2843 2775 ὧν
2896 2716 3089 2776 ἐδίδουν
3141 2732 3258 2784 τοῖς
3320 2716 3504 2782 ἄλλοις
3555 2719 3788 2793 μεταλά-

2147 2807 2286 2872 ϐεῖν,
2347 2819 2451 2868 Τοῦ
2505 2807 2558 2864 δὲ
2604 2809 3057 2886 παραιτουμένου,
3108 2809 3324 2874 Μελάνη
3369 2809 3419 2863 τί
3480 2809 3565 2882 μὴ
3605 2808 3777 2883 ἐποίει,

2149 2912 2333 2955 πεῖσαι
2386 2900 2479 2955 τὸν
2538 2896 2696 2976 ἄνδρα
2753 2896 3056 2974 βουλομένη
3116 2894 3304 2954 Λαϐεῖν
3342 2918 3359 2973 ;
3403 2896 3558 2954 Ἐπεὶ
3614 2896 3667 2952 δὲ
3714 2898 3785 2970 μὴ

2147 2986 2344 3062 ἔπειθε,
2406 2988 2719 3067 μηχανᾶταί
2774 3009 2823 3042 τι
2868 2988 3012 3051 εὐθὺς
3061 2988 3090 3054 ἡ
3149 2986 3381 3063 μακαρία
3431 2985 3566 3063 ὅπερ
3618 2986 3792 3066 ἀμφο-

2144 3076 2310 3155 τέρων
2352 3077 2543 3145 ἐπίσης
2588 3077 2729 3134 εἶναι
2770 3078 2869 3144 τὴν
2930 3075 3194 3156 ἔνστασιν,
3248 3075 3408 3143 αὐτῆς
3460 3096 3518 3131 τε
3567 3077 3694 3155 περὶ
3737 3076 3796 3132 τὸ

420 3167 732 3229 amborum
763 3182 966 3245 parem
995 3165 1318 3227 declaravit
1347 3166 1770 3241 constantiam,
1822 3167 2065 3229 Melauae

2151 3170 2468 3244 εὐεργετεῖν,
2537 3166 2777 3223 κάκείνου
2849 3167 2966 3243 περὶ
3022 3168 3081 3223 τὸ
3138 3163 3305 3240 μηδὲν
3362 3168 3651 3235 πεισθῆναι
3694 3172 3795 3223 τῶν

421 3257 494 3319 ad
529 3234 1125 3330 benefaciendum,et
1152 3253 1544 3335 Ephaestionis
1573 3256 1646 3318 ad
1681 3234 1816 3331 hoc,
1850 3264 1915 3316 ut
1945 3275 2064 3319 non

2151 3234 2480 3335 ἀνθρωπίνων
2512 3253 2717 3330 λαϐεῖν,
2753 3234 3102 3336 ἀκριϐέστατα
3132 3234 3442 3334 διεσάφησε.

421 3344 890 3427 persuaderetur
938 3361 1006 3405 ex
1065 3342 1245 3406 rebus
1293 3344 1569 3407 humanis
1628 3344 1850 3425 aliquid
1902 3346 2065 3408 acci-

422 3453 590 3515 pere.

500 3522 692 3589 XXII.
724 3521 938 3588 Obibat
967 3525 1125 3586 enim
1164 3523 1609 3598 domunculam,
1645 3531 1912 3587 scrutatis
1941 3543 2065 3587 om-

417 3632 722 3696 nem,quaa
752 3615 811 3676 in
839 3632 908 3676 ea
937 3622 1085 3687 erat,
1120 3614 1562 3694 supellectilem
1605 3632 1617 3675 :
1653 3629 1876 3677 etcum
1909 3613 2059 3677 nihil

417 3703 576 3767 aliud
611 3703 856 3767 vidisset
911 3702 1028 3765 nisi
1087 3713 1341 3766 stoream
1375 3714 1435 3766 et
1466 3704 1819 3784 sportulam,
1853 3703 1915 3765 in
1947 3723 2063 3787 qua

418 3794 503 3856 sal
537 3806 665 3856 erat
684 3792 1005 3873 repositus,
1045 3812 1178 3856 cum
1211 3793 1320 3855 sub
1352 3812 1422 3854 eo
1473 3795 1595 3856 sale
1625 3794 1881 3874 aliquam
1930 3795 2063 3856 auri

417 3891 645 3963 partem
681 3882 977 3963 posuisset
1006 3893 1067 3944 et
1115 3882 1451 3957 infodisset,
1505 3890 1568 3944 ut
1597 3901 1729 3965 quae
1767 3883 2058 3958 latuisset,

421 3989 634 4051 magno
665 3972 858 4034 studio
892 3989 1097 4051 preces
1155 3971 1229 4034 ab
1288 3990 1359 4035 eo
1395 3975 1686 4053 poposcit.
1744 3971 1899 4045 Quas
1926 3992 2059 4035 cum

414 4063 798 4137 impetrasset.
829 4067 990 4124 exiit.
1023 4066 1131 4124 Sed
1164 4065 1333 4130 nihil,
1366 4067 1417 4123 ei
1477 4067 1687 4137 proluit
1724 4067 1833 4122 hoc
1862 4067 2063 4124 inven-

422 4161 571 4212 tum.
610 4149 753 4213 Cum
780 4151 939 4212 enim
971 4150 1061 4212 vir
1090 4151 1192 4212 ille
1225 4160 1637 4215 sacrosanctus
1666 4151 1725 4212 id
1759 4153 2063 4228 cognovis-

416 4248 530 4314 set,
562 4258 772 4319 magno
802 4257 980 4302 cursu
1041 4240 1367 4316 contendit,
1428 4248 1487 4300 et
1544 4258 1647 4301 eos
1681 4257 1821 4301 voce
1852 4242 2059 4320 procul

415 4328 613 4392 stitit:
649 4337 709 4391 et
760 4329 1029 4391 manibus
1085 4347 1294 4390 aurum
1346 4327 1619 4408 quatiens
1665 4328 1947 4403 ostendit,
2003 4337 2062 4392 et

416 4419 564 4482 dixit
595 4438 661 4480 se
691 4418 948 4493 nescire,
982 4418 1053 4479 ad
1091 4418 1232 4498 quid
1269 4437 1338 4479 eo
1389 4425 1674 4481 uteretur.
1710 4419 1852 4478 Cum
1885 4418 1926 4478 ii
1958 4437 2055 4480 au-

416 4518 539 4570 tem
573 4507 864 4569 dixissent
894 4524 908 4569 :
943 4506 1007 4568 Si
1058 4525 1172 4567 non
1206 4504 1314 4567 tibi
1347 4507 1615 4583 omnino,
1651 4515 1710 4568 at
1760 4507 2059 4584 aliquibus

416 4597 553 4659 aliis
576 4602 688 4659 erit
717 4595 882 4656 utile.
911 4628 990 4639 —
1022 4595 1202 4675 Atqui
1232 4614 1351 4656 non
1396 4596 1532 4670 erit,
1566 4596 1782 4679 inquit,
1814 4598 2053 4678 aliquis,

2230 3522 2357 3584 KB'.
2405 3524 2736 3603 Περιήρχετο
2792 3524 2892 3603 γὰρ
2937 3524 3028 3579 τὸν
3091 3522 3326 3580 οἰκίσκον
3381 3523 3596 3584 ἅπαντα
3643 3524 3797 3596 δῆθεν

2144 3613 2474 3692 ἀνερευνῶσα
2525 3613 2591 3670 τὰ
2660 3613 2713 3668 ἒν
2772 3617 2915 3688 αὖτῷ
2977 3612 3166 3687 σκεύη,
3245 3615 3333 3671 καὶ
3386 3613 3553 3689 μηδὲν
3617 3614 3801 3695 ἕτερον

2144 3700 2409 3783 ἰδοῦσαγεί
2457 3703 2533 3776 μὴ
2614 3701 2822 3777 ψιάθιον
2877 3702 2964 3758 καὶ
3025 3699 3242 3778 σπυριδα
3299 3703 3474 3782 βραχὺ
3530 3703 3800 3783 φέρουσαν

2143 3790 2297 3857 ἅλας.
2333 3782 2465 3848 ιι’πὸ
2507 3792 2722 3854 τούτους
2753 3792 2875 3854 τοὺς
2908 3790 3040 3855 ἇλας
3092 3791 3311 3871 χρυσίου
3359 3814 3408 3847 τι
3462 3782 3627 3869 μέρος
3689 3817 3799 3852 κα-

2143 3885 2365 3939 ταθεῖσα
2415 3883 2503 3937 καὶ
2561 3881 2914 3961 περιχώσασα
2962 3883 3035 3948 ὡς
3121 3879 3187 3948 δὴ
3263 3878 3522 3951 λαϐοῦσα,
3587 3883 3798 3960 σπουδῇ

2144 3973 2242 4039 τὴν
2301 3971 2468 4051 εὒχῆν
2523 3970 2739 4047 ἀπῄτει,
2801 3972 2885 4027 καὶ
2936 3980 3173 4050 τυχοῦσα
3232 3969 3396 4046 ἐξῇει.
3458 3968 3614 4027 Ἀλλ’
3646 3971 3795 4032 οὐδὲν

2144 4061 2395 4117 ἀπώνατο
2436 4065 2528 4115 τοῦ
2580 4061 2905 4139 σοφίσματος
2939 4074 2953 4090 ⁸
3003 4060 3031 4115 ὁ
3075 4060 3173 4138 γὰρ
3217 4060 3353 4137 ἱερὸς
3401 4057 3610 4121 ἐκεῖνος
3657 4059 3795 4139 ἀνὴρ

2143 4151 2295 4227 γνοὺς
2356 4147 2535 4228 δρόμῳ
2565 4171 2619 4206 τε
2668 4151 2740 4225 ᾡς
2774 4148 2930 4228 εἶχεν
2965 4148 3168 4227 ἐχρῆτο
3224 4149 3312 4204 καὶ
3366 4153 3436 4224 τῇ
3464 4153 3620 4227 φωνῇ
3651 4149 3787 4229 πόρο

2142 4238 2302 4315 ῥωθεν
2360 4237 2548 4300 αὖτοὺς
2607 4239 2830 4316 ἐπεῖχεν
2865 4253 2879 4266 ’
2944 4237 3069 4293 εἶτα
3119 4237 3208 4294 καὶ
3263 4248 3387 4300 ταῖς
3444 4242 3633 4316 χερσὶν
3668 4239 3789 4296 ἐπι-

2144 4327 2297 4385 σείων
2354 4329 2445 4383 τὸν
2502 4327 2701 4407 χρυσὸν
2765 4324 2984 4406 ἐδείκνυ,
3051 4328 3138 4382 καὶ
3199 4327 3272 4390 ὡς
3317 4327 3412 4383 οὒκ
3470 4326 3588 4406 ἔχει
3649 4329 3788 4403 αὒτῷ

2141 4418 2277 4474 κατὰ
2332 4417 2381 4475 τί
2424 4418 2722 4496 χρήσασθαι
2784 4414 2955 4492 ἔλεγε.
3010 4421 3124 4472 Τῶν
3166 4414 3224 4471 δὲ
3269 4414 3552 4496 εἰπόντων,
3602 4417 3678 4479 ὡς
3732 4418 3786 4475 Εἰ

2143 4506 2220 4582 μή
2275 4508 2357 4564 σοί
2390 4529 2451 4584 γε
2482 4507 2716 4579 πάντως,
2752 4504 2870 4561 ἀλλ’
2917 4504 3126 4584 ἑτέροις
3154 4507 3261 4561 τισὶ
3291 4506 3570 4584 χρήσιμος
3606 4505 3781 4581 ἔσται,

2144 4597 2242 4654 Καὶ
2296 4595 2404 4670 μὴν
2459 4592 2574 4652 0'58‘5
2623 4592 2768 4650 ἔσται
2830 4616 2908 4656 τις
2961 4597 2987 4651 ὁ
3020 4595 3249 4666 αἰτήσων
3285 4594 3502 4651 ἑνταῦθα
3537 4610 3554 4625 ⁶
3589 4593 3786 4675 ἄπορος

416 4685 519 4767 qui
550 4685 648 4747 hic
681 4682 845 4765 petit,
883 4693 973 4745 est
1006 4685 1164 4747 enim
1219 4703 1446 4766 pauper
1494 4675 1689 4761 locus,
1720 4694 1784 4747 ut
1816 4675 2053 4769 videtis,

2151 4685 2263 4764 γὰρ,
2309 4687 2380 4750 ὡς
2438 4686 2613 4763 ὁρᾶτε,
2660 4686 2687 4739 ὁ
2732 4683 2918 4758 τόπος,
2952 4685 3038 4740 καὶ
3069 4682 3252 4747 δεινῶς
3308 4682 3530 4762 ἔρημος.
3584 4675 3677 4751 ιΩς
3733 4684 3785 4741 δὲ

416 4781 478 4838 et
499 4772 818 4837 admodum
850 4772 1145 4836 desertus.
1181 4772 1326 4837 Cum
1386 4793 1523 4837 vero
1589 4794 1664 4838 ne
1695 4777 1781 4839 sic
1814 4776 2055 4855 quidem

2151 4772 2278 4848 mea
2337 4772 2503 4839 οὕτως
2534 4772 2773 4853 ἐδέχετο,
2829 4774 3056 4850 ῥίψαντα
3100 4773 3236 4832 κατὰ
3284 4779 3378 4829 τοῦ
3419 4774 3667 4851 ποταμοῦ
3697 4777 3785 4833 τὸν

419 4863 789 4945 acciperent,
816 4881 960 4926 auro
995 4864 1053 4925 in
1090 4864 1333 4926 ﬂuvium
1361 4865 1548 4948 jacto,
1569 4867 1816 4929 recessit
1845 4884 2055 4929 senex.

2151 4864 2339 4944 χρυσὸν
2372 4863 2724 4942 ἀναχωρῆσαι
2777 4864 2868 4919 τὸν
2899 4861 3145 4942 γέροντα,
3198 4862 3287 4918 καὶ
3334 4860 3516 4927 ἄλλοις
3548 4862 3605 4920 δέ
3658 4887 3785 4944 φασι

422 4955 490 5017 In
528 4952 681 5017 alios
711 4971 949 5033 quoque
992 4971 1111 5015 non
1144 4971 1363 5035 paucos
1392 4955 1692 5035 ejusmodi
1745 4956 1911 5017 aiunt
1955 4973 2059 5017 eos

2151 4953 2399 5019 τοιούτοις
2442 4954 2537 5009 οὒκ
2595 4950 2795 5030 ὀλίγοις
2848 4964 3163 5032 περιτυχεῖν
3205 4951 3297 5016 οἷς
3337 4953 3426 5017 καὶ
3468 4954 3530 5009 τὸ
3582 4955 3786 5033 χρυσὸν

416 5041 710 5114 incidisse,
741 5042 838 5113 qui
871 5055 1035 5114 aeque
1065 5044 1341 5101 cavebant
1373 5046 1610 5102 omnino
1640 5057 1844 5103 aurum
1881 5059 2056 5102 manu

2151 5044 2279 5110 ὅλως
2337 5041 2403 5119 τῇ
2446 5043 2587 5122 χειρὶ
2642 5041 2784 5119 παρά
2842 5062 2934 5098 του
2990 5039 3177 5099 λαϐεῖν
3231 5040 3419 5109 ἐπίσης
3477 5041 3786 5122 πεφύλακτο

414 5127 489 5190 ab
518 5126 719 5209 aliquo
747 5126 1235 5207 accipere,atque
1266 5128 1424 5192 virus
1458 5129 1779 5210 serpentis,
1813 5137 1915 5192 aut
1942 5129 2058 5191 ali-

2151 5138 2217 5207 τῷ
2267 5132 2355 5189 καὶ
2389 5132 2466 5187 ἱὸν
2521 5129 2692 5212 ὄφεως
2753 5128 2935 5186 έκοντί
2992 5128 3029 5198 ἢ
3088 5127 3219 5186 ἄλλο
3261 5151 3311 5185 τι
3340 5136 3447 5186 τῶν
3477 5131 3785 5206 θανασίμων

413 5220 558 5300 quid
587 5220 747 5282 aliud
778 5221 1148 5284 mortiferum
1181 5229 1241 5284 et
1287 5222 1521 5285 exitiale
1569 5242 1677 5285 sua
1722 5234 1936 5304 sponte
1966 5224 2057 5286 bi-

2151 5231 2228 5280 ιαί
2286 5224 2583 5302 φθαρτικῶν
2667 5219 2899 5279 ἐκπιεῖν.
2984 5218 3247 5277 Τοιούτων
3322 5217 3411 5275 οὖν
3495 5219 3595 5275 τῶν
3665 5220 3785 5278 κατ’

413 5307 582 5374 bere.
616 5309 762 5372 Cum
795 5308 1011 5371 talibus
1044 5328 1184 5390 ergo
1216 5316 1276 5372 in
1301 5311 1550 5393 Egypto
1574 5312 2057 5395 fuissentrepleti

413 5396 742 5474 miraculis,
768 5401 993 5459 reversi
1023 5407 1164 5459 sunt
1188 5399 1698 5479 Alexandriam,et
1727 5422 1863 5465 cum
1897 5404 2051 5466 mul-

423 5489 615 5570 torum
646 5484 941 5548 bonorum
973 5485 1259 5564 virorum,
1287 5488 1389 5569 qui
1417 5489 1543 5553 illic
1573 5501 1766 5570 erant,
1796 5511 2054 5555 consue—

416 5568 624 5635 tudine
654 5589 718 5637 se
747 5573 1012 5638 secundo
1043 5568 1456 5660 exsatiassent,
1490 5568 1758 5664 profecti
1797 5589 1938 5645 sunt
1992 5581 2055 5645 in

2139 5311 2413 5390 Αἴγυπτον
2459 5308 2856 5386 ὶμπλησθέντες
2912 5308 3219 5388 θαυμάτων,
3278 5306 3421 5373 αὖθις
3476 5309 3552 5374 εἰς
3611 5305 3778 5366 Ἀλε-

2138 5400 2404 5478 ξάνδρειαν
2464 5398 2837 5479 ἐπανήρχοντο
2867 5398 3088 5454 καὶτῶν
3137 5395 3192 5453 ἐν
3239 5395 3414 5472 ἐκείνῃ
3478 5397 3539 5454 τὸ
3596 5394 3784 5455 δεύτε-

2137 5514 2225 5572 ρον
2281 5488 2667 5571 ἔμφορηθέντες
2726 5485 2943 5545 πολλῶν
2998 5509 3055 5544 τε
3133 5486 3223 5543 καὶ
3282 5485 3492 5563 ἀγαθῶν
3547 5485 3779 5566 ἀνδρῶν,

2137 5582 2224 5642 ἐπὶ
2280 5580 2347 5640 τὰ
2398 5578 2501 5663 ὅρη
2553 5575 2971 5661 μετεστέλλοντο
3027 5577 3061 5634 ἃ
3118 5574 3285 5646 οὕτως
3326 5572 3513 5663 ἔλεγον
3577 5577 3637 5636 τὸ
3680 5582 3781 5650 τῆς
