4022 6146
234 296 358 367 777

1563 296 1750 365 VITA
1794 299 1855 395 s.
1921 292 2282 366 MELANE.

3499 294 3620 370 778

232 441 498 516 Νητρίας.
566 436 955 514 Συγγενόμενοι
1008 435 1063 492 δὲ
1120 437 1363 501 καὶτοῖς
1417 439 1472 493 ὲν
1529 436 1749 504 ἐκείνοις
1792 441 1880 495 ἂν·

1978 434 2344 514 montes,qui
2367 433 2648 497 dicuntur
2667 432 2892 498 Nitriae.
2922 434 3237 514 Congressi
3271 442 3469 500 autem
3493 438 3618 502 illic

233 526 394 606 δράσι
431 526 735 607 φιλαρέτοις
794 527 880 583 καὶ
933 526 1071 583 κατὰ
1132 526 1228 591 τὰς
1287 525 1534 601 μελίττας
1594 526 1735 584 ἅπαν
1789 526 1886 583 ἄν·

228 619 321 678 θος
371 617 567 695 ἀρετῆς
600 613 1008 697 συλλεξάμενοι,
1057 613 1282 695 πλήρεις
1327 616 1538 696 ἀγαθῶν
1588 618 1663 681 εἰς
1696 614 1884 697 Ἰερου-

227 694 428 781 σαλὴμ
480 705 809 780 ἐπανῂεσαν.
873 694 1194 781 Ἠτοίμαστο
1252 703 1308 761 δὲ
1363 694 1448 762 καὶ
1504 705 1539 773 ἦ
1589 694 1778 773 σκηνὴ*
1819 713 1886 784 τῇ

232 794 467 871 Μελᾶνῃ
497 795 633 852 κατὰ
688 800 793 850 τῶν
830 785 1055 851 Ἐλαιῶν
1100 792 1244 873 ὅρος,
1302 793 1481 874 ὥσπερ
1536 794 1636 872 ἄρα
1677 796 1766 852 καὶ
1820 801 1887 872 τῇ

226 889 415 962 μητρὶ
466 883 846 964 ἐπετέτραπτο.
915 883 1096 941 Αἶσίαν
1153 883 1208 940 δὲ
1279 884 1456 964 ἀρχὴν
1514 882 1747 943 λαϐοῦσα
1789 887 1885 954 τὴν

223 981 343 1031 τῶν
388 974 590 1030 Φώτων
620 971 849 1051 ἡμέραν,
911 973 1103 1041 ἑαυτὴν
1133 973 1211 1046 τῷ
1269 975 1487 1048 οἰκίσκῳ
1526 975 1883 1057 καθείργνυσι,

224 1065 322 1120 καὶ
392 1064 556 1139 νόμον
614 1062 819 1130 τίθησιν
875 1063 1040 1140 ἑαυτῇ
1109 1068 1219 1119 τῶν
1278 1064 1375 1139 μὲν
1451 1062 1628 1120 ἄλλων
1684 1064 1887 1141 μηδένα

225 1154 378 1227 μήτε
438 1155 563 1228 ὁρᾷν
622 1153 762 1227 μήτε
814 1152 920 1229 μὴν
974 1152 1077 1208 ὒπὸ
1122 1150 1350 1229 μηδενὸς
1410 1155 1648 1233 ὁρᾶσθαι,
1723 1157 1885 1234 μητρὶ

223 1241 283 1297 δὲ
334 1242 503 1308 αὐτῆς
563 1241 650 1298 καὶ
706 1247 782 1316 τῷ
844 1239 1009 1297 πάλαι
1042 1242 1139 1315 μὲν
1182 1249 1273 1299 τοῦ
1317 1243 1513 1322 γάμου,
1563 1244 1682 1299 τότε
1713 1242 1765 1300 δὲ
1796 1246 1886 1301 αὒ-

223 1332 336 1399 τῆς
408 1337 653 1405 κοινωνῷ
711 1329 855 1408 ἀνδρὶ
939 1332 1076 1386 κατὰ
1158 1329 1397 1411 περίοδον
1452 1333 1670 1412 ἡμερῶν
1726 1334 1883 1389 πέντε

226 1418 379 1484 ἅπαξ
425 1423 640 1496 ὁρᾶσθαι
676 1466 692 1494 ,
757 1422 842 1476 καὶ
916 1426 986 1496 τῇ
1069 1419 1324 1501 ἀδελφιδῇ
1394 1420 1448 1477 δέ
1511 1422 1709 1497 ὁμοίως
1788 1422 1884 1479 οὒκ

223 1509 458 1566 ἀθέατον
491 1510 633 1566 εἶναι
668 1525 683 1540 ⁹
729 1510 930 1575 ταύτην
971 1509 1072 1587 γὰρ
1116 1509 1174 1565 ἐκ
1232 1509 1431 1567 πολλοῦ
1460 1510 1721 1591 ἐτύγχανε
1753 1535 1885 1568 παι-

224 1597 555 1679 δαγωγοῠσα
611 1600 698 1655 καὶ
729 1597 913 1676 πλήρη
957 1598 1118 1675 τύφου
1174 1601 1261 1656 καὶ
1318 1597 1623 1675 Ῥωμαϊκοῦ
1682 1601 1884 1680 φρονή-

225 1710 410 1763 ματος
486 1689 646 1746 οὖσαν
703 1691 776 1752 εἰς
837 1688 1081 1767 ἐσχάτην
1138 1687 1308 1767 ἤγαγε
1388 1690 1836 1770 μετριοερροσύνην
1865 1739 1880 1770 ,

223 1779 323 1835 καὶ
383 1776 522 1836 οὕτω
577 1776 780 1855 μαλλον
839 1783 934 1835 τοῦ
977 1775 1145 1853 ὕψους
1209 1780 1493 1859 ἐπιτυχεῖν
1546 1785 1880 1859 παρεσκεύα-

222 1889 355 1929 σεν.

318 1956 449 2021 Kl".
513 1964 709 2016 Τοῦτον
770 1956 895 2015 ὅλον
969 1956 1368 2015 ἐπιπονώτατον
1445 1981 1569 2038 φασι
1646 1959 1884 2037 γενέσθαι

222 2055 298 2125 τῇ
359 2047 577 2123 Μελάντῃ
627 2049 718 2104 τὸν
761 2049 872 2124 βίοι
920 2050 993 2113 εἰς
1043 2046 1139 2114 ἐτη
1185 2047 1660 2127 τεσσαρεσκαίδεκα
1696 2067 1711 2084 ·
1761 2049 1885 2105 εἶτα

223 2140 331 2205 τῆς
390 2139 596 2216 μητρὸς
654 2141 786 2214 αὐτῇ
845 2137 1212 2216 μεταστάσης,
1266 2138 1441 2204 ἐκείνη
1501 2151 1620 2202 τοῖς
1666 2158 1882 2213 νενομι-

228 2226 456 2304 σμένοις
515 2227 679 2294 αὐτὴν
734 2227 1012 2302 τιμήσασα
1070 2228 1159 2284 καὶ
1225 2228 1317 2283 τὸν
1372 2228 1554 2305 νεκρὸν
1610 2227 1878 2296 περιστείο

227 2317 397 2389 λασα,
458 2316 512 2371 ἐν
571 2316 789 2390 οἰκίσκῳ
842 2316 1003 2396 ἑτέρῳ
1043 2318 1137 2372 τὸν
1186 2317 1424 2374 ἐνιαυτὸν
1468 2317 1673 2373 ἐκεῖνον
1702 2315 1880 2394 διῆγεν

227 2406 469 2485 ἀφεγγεϊ
495 2426 552 2461 τε
611 2406 697 2461 καὶ
754 2405 924 2462 τᾶλλα
984 2409 1062 2480 τῷ
1088 2407 1190 2482 πρὸ
1218 2413 1312 2464 τοῦ
1343 2407 1533 2483 ὁμοίῳ,
1567 2404 1686 2463 ἔνθα
1728 2407 1787 2462 τό
1823 2425 1880 2461 τε

228 2496 431 2559 πένθος
485 2497 570 2551 καὶ
623 2496 724 2563 τὴν
780 2492 1007 2562 ἄσκησιν
1076 2499 1164 2552 καί
1227 2496 1328 2562 τὴν
1371 2494 1618 2563 νηστείαν
1675 2495 1877 2552 ἐπιτεί-

232 2606 402 2642 νουσα
458 2583 549 2651 ἦν,
612 2584 757 2641 Μετὰ
797 2583 851 2640 δέ
903 2587 1089 2658 ταῦτα,
1145 2586 1245 2650 τῆς
1296 2586 1483 2664 φήμης
1534 2584 1881 2664 ἁπανταχόσε

226 2671 609 2741 διαϐαινούσης
666 2675 755 2731 καὶ
794 2673 1013 2731 πολλῶν
1054 2675 1126 2739 ὣς
1183 2675 1349 2742 αὑτὴν
1406 2675 1733 2751 φοιτώντων,
1794 2673 1881 2729 καὶ

227 2761 500 2821 κοινόϐιον
581 2764 717 2840 αὐτῇ
782 2764 983 2843 γίνεται
1056 2763 1330 2842 παρθένων
1378 2764 1538 2822 πλέον
1594 2763 1631 2832 ἢ
1690 2764 1879 2834 ἐνενή-

225 2874 420 2929 κοντα,
483 2853 539 2908 ἐν
593 2852 640 2926 ᾧ
702 2856 762 2912 οὗ
806 2852 1053 2932 παρθένοι
1086 2852 1273 2928 μόνον,
1336 2852 1475 2912 ἀλλὰ
1530 2852 1626 2909 καῖ
1682 2851 1879 2908 πολλαί

226 2949 341 3000 τῶν
401 2941 651 3017 ἆσεμνων
706 2941 885 2998 πολλὰ
938 2943 1148 3022 χαίρειν
1207 2944 1446 2999 εἰποῦσαι
1504 2948 1582 3009 τῷ
1638 2941 1882 3020 προτὲρῳ

226 3034 333 3110 βίῳ
360 3033 451 3089 καὶ
480 3029 701 3100 ἡδοναῖς
731 3032 827 3100 τὴν
871 3033 1043 3099 καλὴν
1073 3030 1240 3096 ὅντως
1298 3031 1583 3089 ἀλλοίωσι)
1641 3030 1884 3100 ἠλλοιώ-

224 3126 429 3191 θησαν.
487 3121 722 3179 Τίθενται
774 3119 831 3177 δὲ
880 3122 1097 3186 ταύταις
1163 3123 1251 3179 καὶ
1304 3123 1482 3198 νόμοι,
1540 3122 1601 3178 τὰ
1674 3122 1885 3198 μήποτε

230 3214 376 3290 πρὸς
407 3210 601 3289 λόγους
650 3211 830 3268 ἐλθεῖν
879 3208 1045 3288 ἀνδρὶ,
1101 3213 1163 3268 τὸ
1235 3209 1503 3279 μηδεποτε
1567 3212 1663 3278 τῆς
1715 3211 1882 3287 μονῆς

230 3300 503 3373 ἐξελθεῖν,
534 3322 594 3357 το
625 3301 809 3376 μόνοις
862 3303 1155 3389 ἀρκεῖσθαί
1194 3301 1314 3366 τοῖς
1357 3306 1457 3369 τῆς
1489 3306 1682 3381 μονῆς,
1715 3299 1881 3389 μηδὲν

234 3386 511 3466 μηδέποτε
565 3392 701 3469 παρᾶ
758 3392 864 3447 τῶν
927 3389 1025 3463 ἔξνμ
1054 3388 1263 3452 λαϐεῖν.
1306 3392 1577 3470 Ἥγεμόνα
1608 3389 1661 3446 δὲ
1691 3386 1879 3469 ἐφίστη

229 3484 343 3545 τῆς
395 3499 623 3553 ποιμνης
657 3481 757 3559 οὐχ
815 3479 1034 3552 ἑαυτὴν,
1068 3479 1192 3535 ἀλλ’
1244 3478 1377 3547 αὕτη
1430 3480 1526 3556 μὲν
1572 3479 1878 3557 θεραπαινί-

227 3567 325 3634 δος
384 3572 571 3633 αὐταῖς
627 3567 939 3647 ὰπεπλήρου
995 3567 1141 3634 τάξιν
1176 3588 1193 3607 ο
1266 3568 1403 3626 οὕτω
1477 3569 1577 3647 γὰρ
1635 3568 1877 3631 κάκείνας

230 3656 563 3738 ἀνασχέσθαι
593 3660 869 3739 πέπεικεν,
902 3657 978 3713 τἔν’
1008 3657 1131 3734 ἅμα
1166 3659 1253 3714 καὶ
1280 3662 1340 3714 τὸ
1383 3659 1512 3736 πρὸς
1546 3658 1710 3725 αὐτὴν
1753 3656 1879 3737 φίλ-

228 3771 359 3827 τρον
429 3746 637 3814 αὔξοιτο
668 3794 687 3825 ,
763 3750 852 3805 καὶ
930 3749 993 3804 τὸ
1051 3749 1147 3805 τοῦ
1196 3744 1495 3825 μετριάζειν
1550 3744 1881 3825 παράδειγμα

230 3838 454 3918 ἐγγύθεν
503 3839 690 3902 αὐταῖς
745 3837 858 3904 εἴη.
916 3835 1174 3917 Ἐδέχετο
1231 3834 1284 3893 δὲ
1348 3837 1446 3905 τὴν
1502 3834 1680 3915 ἀρχὴν
1730 3834 1880 3914 ὲτέρα

232 3930 267 3997 ἡ
316 3929 408 3984 καὶ
465 3927 646 4005 τρόπῳ
675 3929 763 3984 καὶ
792 3926 939 4005 λόγῳ
968 3949 1075 3983 των
1133 3926 1337 3983 λοιπῶν
1387 3923 1701 4005 διαφερουσα
1735 3940 1750 3954 ⁸
1806 3926 1878 3988 ὡς

228 4017 437 4082 ταύτην
491 4017 587 4086 μὲν
640 4014 923 4085 δεσποίνης
960 4015 1123 4094 λόγον
1167 4016 1390 4095 ἐπεχειν
1443 4016 1573 4088 πρὸς
1634 4014 1730 4078 τὰς
1785 4013 1875 4070 ὑπ’

229 4107 401 4174 αὔτῆν
446 4106 535 4163 καὶ
564 4106 767 4183 κυρίας,
832 4106 932 4174 τὴν
976 4105 1225 4173 Μελάνην
1276 4103 1331 4160 δὲ
1380 4109 1450 4180 τῇ
1478 4102 1727 4183 θεραπείᾳ
1782 4103 1879 4178 μὲν

228 4194 436 4262 δούλης
493 4200 563 4271 τῇ
614 4192 669 4250 δὲ
729 4195 1094 4275 φιλανθρωπίᾳ
1137 4195 1342 4273 μητρός
1374 4209 1388 4225 ⁸
1448 4192 1548 4250 κᾶν
1579 4192 1766 4249 εἴποτε
1824 4190 1877 4248 δὲ

224 4287 321 4342 καὶ
379 4280 574 4351 συνέϐη
634 4286 731 4340 τὸν
777 4284 874 4352 τῆς
935 4284 1239 4363 ἐγκρατείας
1288 4285 1440 4361 ζυγὸν
1479 4284 1582 4340 ὑπὸ
1611 4286 1710 4350 τῆς
1742 4304 1877 4362 προ-

227 4373 477 4441 εστώσης
530 4374 811 4452 βαρύτερον
893 4373 1197 4443 ἐπιτεθῆναι
1282 4385 1405 4435 ταῖς
1484 4370 1767 4451 ἀδελφαῖς,
1824 4369 1878 4436 ὅς

226 4476 361 4525 ταῖς
421 4462 827 4540 μαλακωτέραις
887 4465 973 4518 καὶ
1021 4464 1269 4542 φορτικὸς
1324 4462 1615 4540 ἐνομίζετο,
1648 4461 1880 4539 ἀρκοῦσα

1972 541 2209 605 quoque
2229 542 2361 585 cum
2385 524 2525 586 viris
2552 526 2780 588 virtutis
2811 526 3119 606 studiosis,
3147 528 3252 606 qui
3277 526 3401 590 illic
3424 536 3617 605 erant,

1970 632 2105 677 cum
2137 614 2323 674 instar
2352 631 2529 694 apum
2562 633 2800 677 omnem
2829 616 3039 677 ﬂorem
3075 614 3311 678 virtutis
3339 615 3620 696 collegis-

1968 710 2122 779 sent,
2154 702 2314 782 pleni
2359 700 2532 765 bonis
2554 703 2865 766 redierunt
2893 701 3332 785 HieroSOIyma.
3369 704 3619 768 Melana:

1969 810 2106 854 vero
2130 800 2397 873 paratum
2421 800 2547 855 erat
2569 793 3017 856 tabernaculum
3044 793 3105 855 in
3138 802 3346 858 monte
3380 793 3613 870 Oliveti,

1969 882 2122 944 sicut
2146 881 2317 944 matri
2341 883 2682 944 mandatum
2708 883 2922 947 fuerat.
2957 883 3102 946 Cum
3125 883 3379 947 faustum
3409 895 3614 949 autem

1968 970 2301 1051 accepisset
2333 970 2696 1051 principium
2730 972 2886 1034 diem
2914 973 3498 1054 luminum,seipsam
3519 980 3618 1036 tn-

1969 1061 2154 1123 cludit
2188 1061 2251 1123 in
2285 1060 2661 1137 domuncula,
2698 1068 2759 1123 et
2789 1061 2980 1141 legem
3041 1061 3157 1123 sibi
3214 1063 3492 1144 imponit,
3553 1071 3620 1127 ut

1968 1150 2219 1213 aliorum
2251 1150 2494 1230 quidem
2527 1149 2753 1211 nullum
2789 1169 2983 1232 neque
3011 1151 3236 1229 videat,
3296 1170 3492 1233 neque
3541 1152 3615 1215 ab

1966 1240 2085 1301 ullo
2121 1240 2386 1301 videatur
2420 1259 2433 1299 :
2470 1258 2505 1301 a
2536 1248 2726 1303 matre
2758 1249 2982 1316 autem,
3021 1248 3080 1303 et
3109 1240 3183 1303 ab
3233 1259 3305 1304 eo
3335 1241 3436 1323 qui
3467 1240 3613 1304 olim

1967 1328 2255 1409 conjugii,
2292 1336 2432 1391 tunc
2476 1347 2613 1392 vero
2670 1338 2796 1391 erat
2857 1329 3134 1393 laborum
3168 1331 3389 1403 socius,
3425 1337 3614 1414 spatio

1968 1419 2234 1499 quinque
2263 1418 2497 1480 dierum
2532 1420 2720 1481 semel
2754 1419 3081 1496 videretur,
3115 1427 3173 1482 et
3214 1420 3493 1484 similiter
3521 1422 3617 1486 sui

1969 1516 2276 1589 aspectum
2305 1526 2426 1570 non
2458 1508 2783 1589 denegaret
2838 1509 3252 1586 consobrinae;
3289 1528 3421 1572 eam
3451 1512 3615 1574 enim

1962 1600 2087 1678 jam
2121 1600 2224 1661 diu
2256 1610 2396 1661 ante
2430 1598 2492 1659 in
2519 1616 2684 1659 suam
2732 1598 3105 1679 disciplinam
3133 1607 3437 1681 acceptam
3469 1619 3614 1663 eru-

1969 1688 2194 1770 diebat,
2228 1689 2586 1769 plenamque
2636 1688 2790 1751 fastu
2851 1697 2909 1752 et
2962 1691 3235 1752 Romano
3266 1690 3508 1772 spiritu,
3539 1691 3615 1754 ad

1910 1834 1946 1882 Β
1968 1787 2290 1839 extremam
2326 1778 2662 1841 deduxerat
2692 1777 3068 1882 modestiam,
3095 1788 3152 1841 et
3181 1779 3267 1842 sic
3298 1778 3515 1861 effecit,
3550 1789 3616 1847 ut

1968 1884 2265 1927 summum
2301 1872 2491 1944 magis
2523 1866 3024 1947 apprehenderet.

2050 1953 2432 2019 XXlIl.Hanc
2453 1956 2627 2036 longe
2651 1955 3179 2019 lahoriosissimam
3207 1958 3386 2022 vitam
3409 1959 3617 2023 dicunt

1969 2045 2155 2107 fuisse
2176 2044 2431 2108 Melanaa
2452 2045 2522 2106 ad
2540 2063 2728 2107 annos
2743 2046 3457 2128 quatuordecim.Deinde
3476 2068 3614 2112 cum

1970 2144 2157 2196 mater
2187 2135 2244 2195 ei
2276 2134 2761 2213 emigrasset,illa
2786 2154 2918 2198 cum
2943 2138 2998 2199 ei
3014 2137 3193 2216 justis
3226 2137 3394 2201 factis
3422 2139 3614 2222 ipsam

1966 2224 2337 2298 honorasset,
2392 2232 2451 2286 et
2506 2242 2723 2304 corpus
2780 2227 3242 2305 composuisset,
3303 2227 3367 2289 in
3425 2228 3615 2290 altera

1963 2313 2326 2376 domuncula
2346 2331 2566 2375 annum
2597 2315 2908 2395 transegit,
2940 2334 3073 2396 quae
3093 2316 3332 2379 carebat
3362 2317 3520 2399 luce,
3555 2325 3615 2379 et

1964 2401 2186 2485 alioqui
2217 2410 2346 2465 erat
2377 2401 2561 2484 priori
2607 2403 2845 2483 similis,
2878 2403 2940 2464 in
2975 2423 3090 2485 qua
3121 2406 3484 2485 producebat
3512 2408 3611 2469 lu-

1965 2502 2123 2555 ctum
2153 2501 2209 2556 et
2237 2493 2719 2556 exercitationem
2742 2501 2800 2554 et
2812 2493 3132 2574 jejunium.
3162 2497 3378 2559 Postea
3407 2506 3608 2560 autem

1964 2601 2099 2645 cum
2133 2582 2290 2645 fama
2318 2582 2379 2643 in
2411 2601 2650 2645 omnem
2683 2591 2909 2664 partem
2938 2584 3314 2664 pervasisset,
3349 2594 3409 2649 et
3439 2587 3612 2649 multi

1963 2672 2035 2734 ad
2068 2691 2200 2733 eam
2258 2672 2643 2749 ventitarent,
2702 2672 2773 2734 ab
2832 2690 2903 2734 ea
2962 2692 3198 2755 quoque
3246 2674 3466 2738 factum
3517 2685 3609 2739 est

1965 2761 2306 2825 coenobium
2344 2762 2475 2842 plus
2497 2780 2672 2843 quam
2700 2760 3017 2842 nonaginta
3040 2763 3361 2843 virginum,
3397 2763 3458 2826 in
3490 2784 3606 2842 quo

1967 2872 2086 2914 non
2120 2851 2311 2914 solum
2340 2851 2624 2933 virgines,
2655 2851 2759 2914 sed
2796 2852 2998 2914 multae
3047 2852 3226 2916 etiam
3259 2873 3391 2936 quae
3434 2862 3609 2917 antea

1967 2941 2223 3021 turpiter
2276 2942 2569 3016 vixerant,
2629 2941 2890 3021 priorem
2950 2947 3125 3004 vitam
3187 2951 3249 3007 et
3279 2945 3611 3026 voluptates

1968 3031 2219 3093 multum
2255 3031 2454 3094 valere
2496 3030 2802 3112 jubentes,
2837 3049 2976 3094 vere
3004 3031 3313 3114 pulchram
3344 3035 3615 3097 fecerunt

1970 3120 2383 3183 mutationem.
2418 3119 2820 3201 Imponuntur
2846 3139 2989 3183 vero
3017 3123 3103 3184 eis
3133 3142 3372 3205 quoque
3417 3124 3603 3205 leges,

1969 3218 2033 3273 ut
2063 3228 2198 3273 cum
2225 3210 2351 3272 viro
2382 3228 2682 3290 nunquam
2711 3227 3050 3273 sermonem
3071 3212 3608 3294 conferant,neque

1967 3318 2037 3362 ex
2072 3300 2432 3361 monasterio
2466 3305 2697 3380 exeant,
2730 3307 2790 3362 et
2837 3299 2910 3361 ab
2969 3300 3044 3362 iis
3097 3301 3198 3383 qui
3245 3311 3384 3365 sunt
3416 3312 3605 3386 extra,

1965 3389 2116 3451 nihil
2151 3407 2409 3468 unquam
2440 3388 2757 3469 accipiant.
2782 3387 3005 3451 Ducem
3029 3399 3226 3454 autem
3258 3392 3454 3472 gregis
3487 3412 3604 3455 non

1963 3480 2220 3558 seipsam
2275 3478 2594 3551 constituit,
2659 3478 2763 3539 sed
2822 3478 2954 3559 ipsa
3001 3479 3241 3559 quidem
3289 3480 3442 3561 apud
3501 3499 3600 3542 eas

1966 3568 2202 3629 tenebat
2219 3567 2412 3629 locum
2435 3567 2667 3628 ancillae
2693 3588 2707 3625 :
2737 3566 2823 3629 sic
2845 3568 3104 3640 enim,ut
3125 3567 3183 3628 id
3208 3569 3598 3645 sustinerent,

1964 3656 2036 3718 iis
2062 3658 2378 3736 persuasit,
2412 3664 2475 3716 ut
2506 3655 2684 3718 simul
2718 3664 2776 3717 et
2806 3675 2974 3718 amor
2995 3657 3055 3717 in
3087 3675 3217 3718 eam
3247 3666 3597 3737 augeretur,

1966 3754 2026 3807 et
2053 3745 2140 3808 eis
2166 3753 2322 3807 esset
2354 3751 2753 3825 propinquum
2787 3746 3223 3828 exemplum,ut
3246 3765 3310 3809 se
3333 3746 3604 3811 modeste

1964 3841 2289 3913 gererent:
2326 3834 2654 3894 rectionem
2687 3851 2823 3894 vero
2872 3835 3135 3915 suscepit
3190 3834 3307 3897 alia
3359 3854 3490 3917 quae
3541 3848 3606 3899 et

1967 3921 2234 3984 moribus
2263 3935 2323 3984 et
2351 3921 2615 3983 oratione
2648 3921 2960 4001 praestabat
2995 3924 3246 3986 caeteris
3280 3945 3294 3986 :
3331 3925 3484 3988 adeo
3542 3934 3604 3988 ut

1963 4030 2035 4075 ea
2066 4010 2305 4093 quidem
2338 4010 2491 4092 apud
2525 4029 2625 4072 eas
2652 4029 2781 4092 quae
2806 4014 2858 4073 ei
2892 4013 3401 4093 parebant,locum
3439 4013 3599 4077 obti-

1963 4110 2135 4164 neret
2160 4100 2421 4163 dominae
2453 4116 2465 4158 :
2506 4098 2731 4161 Melana
2760 4108 2980 4177 autem,
3012 4100 3296 4182 obsequio
3328 4102 3600 4185 quidem,

1960 4190 2214 4270 ancillae,
2247 4188 2611 4268 benignitate
2640 4206 2803 4265 vero,
2836 4189 3240 4262 matris.Qnod
3273 4191 3324 4252 si
3360 4192 3602 4269 quando

1963 4280 2309 4359 contigisset
2362 4296 2515 4341 onus
2573 4277 2948 4341 abstinentiae
2995 4298 3030 4341 a
3059 4279 3336 4360 praefecta
3365 4281 3601 4360 gravius

1963 4370 2189 4451 imponi
2242 4369 2566 4440 sororibus.
2601 4368 2755 4449 quod
2814 4368 3185 4431 mollioribus
3215 4369 3603 4451 reputabatur

1965 4460 2304 4539 molestum,
2340 4458 2426 4520 eis
2456 4458 2529 4520 ad
2561 4456 3032 4520 consolationem
3068 4459 3237 4521 beata
3265 4458 3602 4522 sufﬁciebat

224 4554 455 4616 ταύταις
521 4552 653 4629 πρὸς
718 4551 1053 4628 παράκλησιν
1104 4553 1140 4620 ἡ
1199 4550 1431 4629 μακαρία
1513 4550 1603 4624 ἦν,
1655 4551 1716 4605 τὺ
1764 4549 1880 4605 λίαν

1968 4549 2215 4626 Melana,
2248 4567 2403 4628 quae,
2438 4548 2593 4628 quod
2639 4550 2728 4611 eis
2761 4548 2978 4610 durum
3013 4556 3159 4626 erat,
3195 4557 3329 4631 apte
3360 4559 3421 4614 et
3451 4568 3601 4632 pru-

224 4640 530 4718 σκληρύνον
586 4641 841 4716 ἐμμελῶς
925 4662 984 4698 τε
1065 4642 1150 4697 καὶ
1231 4646 1434 4703 συντῶς
1489 4639 1709 4698 λύουσα.
1771 4640 1875 4697 Καὶ

1960 4640 2173 4701 denter
2204 4636 2534 4712 molliebat,
2568 4645 2627 4697 et
2676 4654 2812 4699 cum
2849 4638 3169 4719 aliquando
3198 4638 3604 4720 afﬂigerentur

225 4750 367 4789 ποτε
411 4733 627 4802 νηστείᾳ
683 4733 1029 4811 τρυχομὲνων
1083 4734 1256 4790 αὐτῶν
1313 4729 1642 4787 λανθάνουσα
1699 4729 1876 4793 πάσας

1968 4727 2209 4808 jejunio,
2244 4724 2643 4788 inscientibus
2672 4724 3090 4801 omnibus,su'o
3117 4729 3595 4811 uniuscujusque

226 4821 336 4901 ὑπὸ
381 4826 452 4897 τῇ
512 4819 740 4889 ἑκάστης
789 4821 944 4899 κλίνῃ
987 4821 1052 4879 τὰ
1103 4822 1234 4901 πρὸς
1293 4819 1393 4887 τὴν
1449 4820 1637 4899 χρείαν
1693 4818 1870 4880 ἐτίθει,

231 4900 299 4968 Ἠ
352 4907 410 4965 δέ
441 4911 661 4989 εὑροῦσα
690 4912 785 4967 οὒκ
830 4910 1012 4990 ἠγνόει
1065 4911 1164 4987 μὲν
1207 4912 1276 4977 ἧς
1326 4910 1388 4966 τὸ
1431 4908 1605 4989 ἔργον,
1641 4904 1873 4966 λαϐοῦσα

227 4995 288 5053 δὲ
348 4998 452 5064 τὴν
498 4997 595 5073 μὲν
652 4996 851 5057 ἔνδειαν
911 4998 1050 5057 οὕτω
1090 5001 1469 5078 παρεμυθεῖτο,
1522 4998 1622 5065 τὴν
1662 4995 1715 5053 δὲ
1747 4997 1877 5075 πρὸς

227 5085 404 5154 αὐτὴν
490 5084 670 5164 φιλίαν
751 5088 986 5167 ἰσχυρῶς
1087 5087 1356 5168 ἐτρέφετο,
1456 5086 1606 5144 Οὕτω
1701 5091 1876 5166 σοφῶς

228 5175 468 5233 ὑπιοῦσα
524 5175 717 5241 ταύτας
776 5176 994 5241 εἰκότως
1053 5173 1118 5244 δὴ
1188 5177 1268 5236 καὶ
1325 5173 1638 5238 διδάσκουσα
1690 5177 1876 5231 πειθοοο

229 5265 424 5343 μέναις
457 5262 682 5344 ἐχρῆτο.

319 5439 458 5506 KA'.
506 5439 717 5522 ’Ἔλεγε
745 5443 799 5501 δὲ
860 5446 938 5521 μὴ
980 5450 1042 5502 τὸ
1072 5450 1228 5521 σῶμα
1257 5443 1368 5502 δεῖν
1406 5443 1591 5521 μόνον,
1624 5443 1761 5499 ἀλλὰ
1794 5440 1878 5499 καὶ

228 5534 335 5602 τὴν
377 5532 567 5612 ψυχὴν
627 5532 775 5614 ἔχειν
829 5533 1110 5613 λογισμῶν
1162 5534 1482 5612 ἀγνεύουσαν
1524 5531 1826 5614 φιληδόνων
1861 5551 1875 5566 ⁶

231 5620 423 5681 ἶπειτα
479 5621 657 5699 μέσων
700 5622 797 5699 μὲν
854 5628 1056 5682 νυκτῶν
1100 5622 1303 5700 μηδένα
1345 5622 1498 5681 ὄκνον
1529 5624 1604 5687 εἰς
1646 5643 1878 5704 προσευ-

561 5730 824 5797 PATROL.
852 5732 965 5796 Gn.
1002 5731 1207 5796 CXVI.

1959 4818 2112 4879 lecto
2146 4814 2404 4896 ponebat
2427 4832 2497 4875 ea
2526 4831 2660 4893 quae
2689 4822 2860 4875 erant
2883 4816 2958 4875 ad
3011 4833 3182 4877 usum
3235 4820 3595 4880 necessaria.

1956 4904 2062 4968 Illa
2087 4912 2283 4968 autem
2314 4921 2447 4965 cum
2482 4901 2829 4978 invenisset,
2864 4921 2984 4965 non
3018 4903 3322 4983 ignorabat
3350 4906 3597 4986 quidem

1958 4999 2090 5078 quis
2121 4996 2234 5056 hoc
2260 4993 2517 5068 fecisset,
2556 4989 2859 5070 accipiens
2914 5008 3072 5069 vero,
3126 4992 3213 5053 sic
3260 4995 3597 5057 remedium

1957 5084 2242 5148 afferebat
2272 5082 2508 5163 inopiae,
2544 5081 2604 5141 in
2634 5080 2824 5160 ipsam
2872 5087 3069 5142 autem
3125 5081 3294 5144 valde
3324 5101 3592 5163 magnam

1958 5174 2352 5238 conservabat
2374 5167 2986 5234 benevolentiam.Sic
2999 5169 3374 5252 sapienterin
3389 5192 3595 5238 earum

1962 5268 2193 5327 animos
2224 5261 2553 5337 insinuans,
2575 5260 2786 5322 merito
2818 5259 2994 5322 etiam
3020 5278 3154 5323 cum
3186 5279 3289 5325 eos
3314 5263 3589 5347 docebat,

1961 5353 2215 5417 habebat
2248 5369 2477 5414 morem
2507 5358 2807 5431 gerentes.

2041 5442 2241 5506 XXIV.
2277 5440 2521 5504 Dicebat
2552 5448 2902 5517 autem,non
2935 5450 3210 5525 oportere
3240 5445 3431 5506 solum
3458 5460 3599 5508 cor-

1963 5550 2095 5615 pus,
2121 5531 2226 5594 sed
2262 5531 2439 5593 etiam
2473 5531 2737 5593 animum
2770 5551 3006 5615 quoque
3031 5542 3256 5596 castum
3290 5542 3350 5596 et
3383 5553 3598 5616 purum

1959 5639 2198 5687 servare
2222 5640 2257 5684 a
2281 5619 2616 5684 libidinosis
2648 5622 3129 5707 cogitationibus,
3163 5623 3380 5687 deinde
3403 5624 3599 5687 media

3242 5728 3321 5796 25
