4022 6146
442 327 562 409 779

1750 315 2029 382 MENSIS
2088 311 2516 378 DECEMBER.

3683 309 3786 379 780

443 460 687 542 quidem
727 465 903 520 nocte
933 457 1006 519 ad
1040 473 1249 538 preces
1280 454 1500 516 nullam
1554 451 1871 515 ostendere
1902 450 2088 542 pigri:

2186 450 2281 527 ﬁt;
2316 445 2716 518 ἐπιδείκνυσθαι,
2766 445 3060 525 εὐχομένοις
3092 445 3142 501 δὲ
3175 447 3252 521 μὴ
3308 446 3373 502 τὰ
3422 445 3582 525 χείλη
3642 449 3784 521 μόνον

443 539 611 625 tiam,
641 555 958 628 precantes
984 565 1120 609 vero
1145 564 1262 606 non
1297 545 1490 606 solum
1522 543 1684 605 labra
1714 539 2088 614 movere,sed

445 639 632 700 multo
669 638 854 716 magis
881 645 1056 698 totam
1091 635 1268 696 simul
1301 652 1514 712 cogere
1557 631 1997 711 cogitationem,
2033 637 2090 689 et

445 727 733 790 adhibere
792 733 1052 788 mentem
1116 725 1189 785 iis
1240 743 1371 805 quae
1405 723 1704 784 dicuntur.
1743 719 2085 781 Absurdum

448 818 610 878 enim
643 835 801 892 esse,
839 816 994 877 bona
1048 813 1287 894 quidem
1321 832 1354 874 a
1385 811 1506 874 Deo
1541 820 1764 891 petere,
1800 828 1916 870 non
1950 807 2089 869 dili-

447 915 657 986 genter
686 915 888 968 autem
921 913 978 966 et
1010 903 1271 964 studiose
1303 921 1372 964 ea
1420 911 1648 982 petere,
1682 909 1739 962 et
1786 899 1856 961 ad
1889 915 2086 975 regem

447 995 691 1075 quidem
715 994 1025 1057 mortalem
1055 993 1499 1068 accedentes,et
1528 991 1734 1053 habitu
1762 997 1820 1051 et
1849 995 2088 1067 aSpectu

447 1092 508 1146 et
567 1085 761 1146 modis
812 1083 1091 1145 omnibus
1151 1101 1272 1162 pra:
1328 1101 1392 1143 se
1456 1082 1612 1142 ferre
1668 1077 2088 1155 reverentiam,

447 1173 521 1235 ad
551 1173 880 1234 terribilem
913 1190 1052 1234 vero
1082 1171 1488 1234 immortalem
1523 1188 1720 1247 regem
1757 1167 2089 1238 venientes,

445 1282 568 1324 non
602 1263 787 1323 multo
822 1263 1005 1340 magis
1033 1261 1105 1322 ad
1140 1260 1518 1322 Dominicam
1579 1256 1989 1321 auctoritatem
2038 1263 2096 1316 et

448 1352 739 1414 inﬁnitam
764 1351 1175 1413 excellentiam
1228 1349 1467 1410 timidos
1509 1349 1808 1410 assistere.
1845 1347 1990 1408 Cum
2021 1344 2095 1406 de

449 1441 543 1502 his
602 1442 727 1502 haec
788 1441 1194 1519 disseruisset,
1243 1438 1478 1500 transiit
1529 1437 1603 1500 ad
1665 1444 1911 1498 matrem
1957 1452 2092 1496 om-

447 1531 616 1590 nium
649 1529 1026 1602 charitatem,
1058 1527 1260 1588 omnia
1292 1545 1427 1589 esse
1458 1544 1604 1588 vana
1643 1533 1700 1586 et
1731 1539 2091 1606 supervaca-

449 1635 564 1678 nea
593 1619 721 1678 sine
753 1618 862 1678 hac
904 1619 1322 1697 pronuntians.
1359 1614 1439 1677 De
1491 1633 1605 1695 qua
1658 1623 1715 1675 et
1770 1613 1952 1675 multa
1982 1612 2097 1673 alia

450 1707 721 1768 oratione
744 1716 834 1768 est
861 1713 1194 1786 persecuta,
1221 1713 1278 1766 et
1301 1705 1458 1785 quod
1483 1705 1597 1766 alia
1618 1702 1860 1784 quidem
1895 1709 2095 1762 nostra

449 1793 746 1874 malignus
794 1795 1026 1856 daemon
1079 1800 1272 1874 potest
1319 1794 1560 1874 imitari,
1627 1800 1691 1853 ut
1721 1790 1886 1852 verbi
1918 1809 2095 1852 causa

2175 551 2366 616 κινεῖν,
2402 534 2538 591 ἀλλὰ
2567 533 2754 606 πολλῷ
2805 536 3060 613 πρότερον
3109 538 3198 591 τὸν
3254 535 3509 610 λογισμὸν
3552 536 3786 595 πάντοθεν

2179 638 2488 704 συγκροτεῖν
2545 627 2632 680 καὶ
2690 625 2779 680 τὸν
2843 634 2960 682 νοῦν
3017 629 3135 688 τοῖς
3206 623 3511 702 λεγομένοις
3569 623 3785 703 ἐρείδειν.

2173 717 2412 771 ’Ἄτοπον
2470 714 2567 792 γὰρ
2625 714 2689 768 τὰ
2746 713 2913 790 ἀγαθὰ
2969 713 3065 788 μὲν
3119 713 3259 790 παρὰ
3319 720 3446 768 Θεοῦ
3492 719 3678 786 αἰτεῖν,
3721 715 3789 788 μὴ

2174 802 2466 866 σπουδαίως
2523 801 2577 858 δὲ
2634 802 2726 866 τὰς
2781 802 3013 872 αἰτήσεις
3073 806 3274 876 ποιεῖν,
3310 803 3394 858 καὶ
3435 800 3647 878 βασιλεῖ
3705 804 3791 877 μὲν

2172 897 2348 967 θνητῷ
2406 898 2750 970 παρεστῶτας
2810 892 3057 970 σχήματί
3131 913 3189 948 τε
3258 893 3346 949 καὶ
3400 890 3664 968 βλέμματι
3716 893 3794 948 καὶ

2175 989 2303 1039 πᾶσι
2352 981 2566 1060 τρόποις
2625 983 2684 1036 τὸ
2744 979 2959 1044 εὐλαϐὲς
3019 979 3421 1059 ἐπιδείκνυσθαι,
3481 987 3557 1054 τῷ
3606 979 3793 1058 φοϐερῷ

2175 1071 2228 1127 δὲ
2286 1073 2374 1127 καὶ
2432 1070 2672 1126 ἀθανάτω
2732 1068 2948 1146 βασιλεῖ
2991 1071 3305 1148 προσιόντας
3339 1069 3414 1146 μὴ
3456 1067 3638 1142 πολλῷ
3665 1068 3794 1143 μᾶλ-

2175 1159 2266 1217 λον
2325 1161 2457 1237 πρὸς
2508 1160 2568 1215 τὸ
2624 1156 2938 1215 δεσποτικὸν
2997 1157 3205 1234 ἀξίωμα
3256 1161 3348 1215 καί
3405 1159 3504 1224 τὴν
3570 1156 3792 1235 ἀμέτρως

2174 1247 2468 1327 ὑπερϐολὴν
2527 1247 2790 1328 ἐμφόϐους
2850 1247 3222 1324 παρίστασθαι.
3300 1254 3528 1306 Τοιαῦτα
3601 1245 3662 1314 δὴ
3717 1249 3794 1302 καὶ

2176 1342 2295 1418 περὶ
2327 1340 2513 1396 τούτου
2543 1335 2888 1418 διαλεχθεῖσα
2919 1337 3002 1393 ἐπὶ
3034 1343 3132 1404 την
3176 1337 3382 1414 μητέρα
3431 1338 3620 1394 πασῶν
3649 1336 3794 1410 μετέ-

2178 1426 2324 1484 ϐαινε
2355 1427 2452 1494 τὴν
2497 1425 2736 1503 ἀγάπην,
2783 1427 2988 1500 μάταια
3033 1427 3206 1482 πάντα
3237 1428 3403 1506 χωρὶς
3434 1427 3629 1492 ταύτης
3671 1425 3793 1482 ἀπο-

2177 1515 2473 1597 φαινομένη
2503 1513 2598 1572 καΐ
2631 1516 2873 1593 περιττά,
2907 1517 3032 1587 Περὶ
3057 1515 3120 1583 ἦς
3146 1513 3283 1571 ἆλλα
3306 1536 3362 1571 τε
3393 1513 3568 1572 πολλὰ
3597 1513 3791 1589 διεξῂει,

2176 1608 2264 1664 καὶ
2310 1604 2392 1662 ὅτι
2429 1604 2597 1661 τᾶλλα
2651 1605 2748 1680 μὲν
2803 1607 2958 1679 ἡμῶν
3015 1607 3103 1661 καὶ
3160 1607 3187 1661 ὁ
3245 1607 3478 1677 πονηρὸς
3537 1608 3793 1681 μιμεῖσθαι

2178 1696 2410 1767 δύναται,
2459 1697 2578 1753 οἷον
2613 1696 2816 1752 ἀσιτίαν
2877 1695 3033 1774 φάναι
3091 1695 3177 1751 καὶ
3239 1695 3529 1774 ἀγρυπνίαν
3580 1695 3662 1751 καὶ
3713 1693 3796 1749 ὅσα

2181 1787 2295 1865 περὶ
2352 1788 2413 1842 τὸ
2471 1792 2627 1859 σῶμα
2682 1785 2993 1865 τυγχάνει·
3043 1785 3254 1842 πάντων
3314 1785 3414 1863 γὰρ
3445 1786 3640 1840 τούτων
3669 1783 3795 1840 ἀνώ-

447 1871 708 1948 inediam
742 1894 801 1946 et
832 1871 1179 1963 vigiliam',et
1201 1871 1568 1964 quaecunque
1597 1884 1656 1943 in
1689 1898 1940 1962 corpore
1961 1898 2098 1943 con-

2186 1898 2328 1956 τερος
2387 1877 2542 1939 αὐτὸς
2601 1873 2736 1932 κατᾶ
2792 1875 2968 1954 φύσιν,
3012 1873 3099 1930 καὶ
3143 1871 3356 1938 οὒδενὸς
3412 1871 3476 1928 ἂν
3507 1880 3611 1929 τῶν
3638 1872 3795 1929 τοιού-

449 1975 689 2036 sistunt.
713 1972 858 2036 Nam
885 1975 1211 2036 secundum
1241 1981 1516 2036 naturam
1538 1973 1667 2052 ipse
1697 1971 1791 2032 his
1821 1970 2098 2032 omnibus

450 2064 745 2145 superior,
781 2072 840 2125 et
870 2083 904 2126 a
927 2063 1090 2125 nullo
1115 2081 1320 2125 eorum
1343 2063 1502 2124 vinci
1530 2063 1806 2143 potuerit.
1837 2059 2098 2122 Humili-

449 2156 587 2216 tatis
641 2163 840 2216 autem
901 2162 960 2215 et
1013 2153 1328 2214 charitatis
1386 2172 1504 2214 non
1566 2152 1751 2230 magis
1782 2149 2096 2212 nobiscum

452 2243 678 2304 habere
712 2242 971 2324 potuerit
1024 2241 1572 2324 participationem,
1621 2259 1796 2321 quam
1832 2239 2097 2301 tenebrae

453 2332 628 2407 lucis,
664 2341 724 2394 et
777 2333 983 2394 vitium
1039 2331 1272 2394 virtutis
1306 2353 1319 2390 :
1368 2330 1468 2412 qui
1518 2331 1694 2392 etiam
1731 2335 1972 2410 propter
2004 2347 2094 2403 ea,

455 2440 586 2502 quae
617 2431 754 2482 sunt
785 2430 1009 2483 naturae
1063 2420 1323 2482 maxime
1374 2425 1691 2498 contraria,
1728 2417 2094 2498 superbiam,

455 2511 724 2588 inquam,
761 2519 817 2572 et
848 2511 908 2571 in
958 2510 1234 2572 homines
1285 2508 1785 2581 malevolentiam,
1836 2524 1904 2568 ex
1966 2505 2101 2566 luce

453 2603 636 2661 miser
693 2601 938 2662 effectus
996 2605 1086 2659 est
1143 2595 1429 2659 tenebrae.
1489 2599 1642 2658 Ante
1696 2594 1897 2654 omnia
1958 2609 2100 2654 vero

455 2687 690 2750 dicebat
722 2695 998 2766 oportere
1028 2701 1381 2747 conservare
1415 2690 1636 2745 rectam
1663 2681 1866 2762 ﬁdem,
1893 2699 2098 2763 puram

2180 1989 2284 2023 των
2340 1965 2595 2034 ἡττηθείη
2640 1965 2820 2021 ποτέ·
2879 1963 3367 2044 ταπεινοφροσύνης
3429 1961 3484 2018 δὲ
3546 1963 3631 2020 καὶ
3688 1961 3797 2038 ἀγά-

2182 2079 2288 2122 πης
2320 2059 2378 2113 οὗ
2409 2054 2571 2129 μόνον
2611 2054 2748 2127 ἡμῖν
2781 2054 3156 2121 κοινωνήσειεν
3199 2051 3235 2118 ἢ
3268 2052 3341 2113 τῷ
3373 2051 3511 2130 φωτὶ
3543 2052 3603 2107 τὸ
3633 2051 3798 2112 σκότος

2181 2146 2268 2202 καὶ
2294 2146 2329 2208 ἡ
2358 2143 2517 2199 κακία
2546 2149 2615 2215 τῇ
2645 2142 2808 2220 ἀρετῇ
2840 2155 2854 2172 ⁸
2891 2141 2949 2204 ὃς
2981 2163 3042 2219 γε
3071 2139 3164 2197 καὶ
3214 2138 3298 2200 διὰ
3354 2141 3422 2196 τὰ
3479 2142 3625 2219 φύσει
3665 2139 3790 2195 ἐνανσ

2180 2235 2435 2304 τιώτατα,
2521 2233 2881 2310 ὑπερηφανίαν
2983 2231 3122 2309 φημὶ
3199 2230 3288 2286 καὶ
3371 2231 3790 2307 μισανθρωπίαν,

2180 2323 2356 2388 ἅθλιος
2400 2322 2461 2379 ἐκ
2516 2323 2694 2400 φωτὸς
2728 2319 2918 2384 σκότος
2951 2320 3159 2398 γέγονε,
3209 2320 3316 2397 Πρὸ
3347 2317 3403 2374 δὲ
3463 2319 3667 2376 πάντων
3716 2318 3794 2385 τὴν

2181 2414 2335 2492 ὀρθὴν
2395 2411 2546 2490 ἔλεγε
2605 2411 2776 2467 πίστιν
2853 2407 3216 2466 ἂνενδοίαστόν
3277 2429 3334 2464 τε
3406 2409 3496 2464 καὶ
3557 2407 3791 2484 ἀκραιφνῆ

2183 2514 2488 2580 συντηρεῖν,
2535 2502 2608 2563 ὡς
2641 2498 2668 2554 ὅ
2703 2520 2763 2576 γε
2796 2497 2960 2555 τᾶλλα
3012 2498 3113 2573 μὲν
3167 2499 3556 2576 κατωρθωκὼς,
3602 2499 3706 2576 περὶ
3748 2493 3789 2551 δὲ

2183 2593 2380 2657 ταύτην
2429 2588 2764 2668 ἐπιδοιάζων,
2825 2586 2952 2666 περῖ
3013 2588 3140 2644 αὐτὸ
3182 2588 3246 2643 τὸ
3294 2585 3584 2666 κεφάλαιον
3621 2588 3700 2642 καὶ
3743 2586 3790 2640 τὸ

2184 2679 2534 2755 καιριώτατον
2578 2678 2789 2737 πάντων
2821 2676 2967 2734 ἔσται
3001 2675 3416 2755 διημαρτηκώς,

459 2785 518 2838 et
573 2777 733 2836 circa
762 2761 940 2834 ullam
991 2772 1450 2834 dubitationem.
1501 2776 1652 2836 Nam
1705 2773 1803 2852 qui
1835 2761 1909 2834 in
1945 2771 2079 2833 aliis
2109 2767 2353 2852 quidem
2407 2786 2470 2828 se
2517 2779 2682 2829 recte
2733 2767 2936 2845 gessit,
2970 2765 3031 2826 in
3087 2765 3198 2827 hac
3228 2772 3431 2827 autem
3485 2763 3708 2844 dubitat,
3733 2761 3781 2822 in

460 2884 531 2926 eo
563 2863 722 2943 quod
752 2871 841 2923 est
873 2860 1234 2943 praecipuum
1271 2870 1328 2922 et
1359 2869 1534 2943 caput
1563 2862 1854 2942 omnium,
1885 2861 2202 2923 aberravit.

537 2956 709 3018 XXV.
745 2955 889 3018 Cum
948 2961 1142 3016 autem
1205 2953 1435 3016 videret
1493 2955 1707 3017 multas
1759 2974 1828 3018 ex
1861 2955 1933 3018 iis
1964 2973 2096 3035 qua:

2261 2955 2392 3016 KE’.
2448 2942 2654 3030 Ὀρῶαα
2693 2949 2746 3006 δὲ
2797 2949 2997 3015 πολλὰς
3041 2955 3147 3006 τῶν
3191 2948 3318 3029 περΐ
3349 2949 3522 3007 αὐτὸν
3555 2951 3782 3028 γυναικῶν

458 3053 628 3107 erant
657 3044 812 3125 apud
837 3045 1050 3124 ipsam,
1084 3043 1438 3133 mulieribus
1489 3045 1681 3123 magni
1715 3044 1913 3106 facere
1931 3044 2093 3123 jeju-

2186 3045 2237 3101 τὸ
2269 3044 2541 3111 νηστεύειν
2567 3041 2684 3121 περὶ
2715 3039 2922 3098 πολλοῦ
2971 3039 3320 3115 ποιουμένας,
3377 3042 3474 3098 καὶ
3529 3036 3789 3120 φοϐουμένη

457 3136 646 3210 nium,
695 3144 752 3196 et
781 3135 1037 3213 timeret,
1093 3151 1168 3195 ne
1226 3132 1289 3194 in
1345 3152 1414 3195 eo
1468 3136 1870 3196 existimantes
1896 3133 2097 3194 omnia

459 3224 779 3303 contineri,
813 3224 955 3285 alias
987 3224 1231 3284 virtutes
1262 3225 1654 3302 negligerent,
1686 3223 1836 3285 tales
1870 3223 1958 3284 eis
1987 3221 2098 3284 ad-

461 3315 687 3376 ducens
719 3311 1168 3386 similitudines,
1204 3311 1276 3372 ad
1334 3314 1595 3391 ipsarum
1647 3310 1945 3375 excitabat
1969 3319 2098 3373 stu-

461 3403 646 3464 dium.
681 3400 923 3464 Dicebat
955 3401 1407 3474 euim,animam
1442 3401 1681 3481 quidem
1708 3419 1839 3463 esse
1871 3419 2103 3481 sponsae

461 3492 716 3553 similem
758 3509 772 3554 2
807 3511 938 3571 quae
966 3498 1104 3552 sunt
1132 3497 1327 3552 autem
1367 3489 1526 3552 circa
1586 3491 1772 3572 ipsam
1829 3491 2102 3572 virtutes,

459 3580 822 3661 nuptialibus
845 3579 1213 3641 indumentis
1245 3598 1726 3661 unamquamque
1751 3588 1975 3660 partem
1997 3579 2104 3642 ali-

461 3688 634 3749 quam
667 3670 930 3750 corporis
957 3688 1195 3730 ornare.
1230 3668 1530 3748 Jejunium
1561 3687 1699 3731 vero
1732 3687 1862 3731 esse
1885 3669 2102 3750 pedum

463 3758 1222 3831 ornamentquuomodo
1244 3777 1383 3836 ergo
1408 3777 1538 3820 cum
1574 3759 1710 3820 aliis
1740 3758 2105 3820 indumentis

464 3856 698 3928 oportet
723 3849 898 3910 etiam
931 3865 998 3909 ea
1029 3847 1278 3928 habere,
1325 3867 1456 3928 quae
1513 3849 1696 3929 pedes
1749 3858 1989 3922 ornant,
2025 3848 2104 3910 ita

467 3937 639 3996 etiam
674 3939 889 3998 animae
930 3955 1062 3998 cum
1101 3935 1257 4012 _aliis
1286 3938 1498 3999 adesse
1529 3945 1756 4018 oportet
1781 3938 2098 4017 jejunium.

469 4025 528 4085 Si
559 4027 694 4105 quis
723 4036 916 4087 autem
952 4044 1164 4087 rursus
1221 4027 1349 4106 ejus
1393 4028 1636 4108 quidem
1686 4028 1869 4089 solius
1899 4045 2100 4090 curam

469 4115 646 4190 gerit,
678 4114 789 4176 alia
821 4132 956 4175 vero
989 4115 1187 4177 omnia
1236 4117 1504 4196 negligit,
1539 4135 1656 4178 non
1686 4126 1774 4178 est
1807 4135 1876 4179 ea
1907 4116 2104 4178 anima

471 4202 776 4264 dissimilis
808 4203 890 4264 illi
926 4203 1158 4282 puellm,
1193 4224 1325 4284 quae
1353 4224 1486 4266 cum
1520 4205 1841 4266 duceretur
1889 4206 1961 4266 ad
1989 4225 2102 4266 nu—

2181 3136 2259 3210 μὴ
2292 3134 2353 3189 τὸ
2383 3138 2488 3189 πᾶν
2519 3130 2666 3211 ἔχειν
2699 3133 2752 3186 ὲν
2796 3130 2985 3201 τούτῳ
3032 3127 3265 3209 δόξασαι,
3325 3135 3440 3186 τῶν
3483 3128 3647 3186 ἄλλων
3694 3127 3794 3203 ἀρε-

2181 3229 2286 3280 τῶν
2342 3221 2621 3300 ἀμελοῖεν),
2658 3219 2862 3282 εἰκόνας
2894 3220 3207 3300 ὑποτιθετσα
3237 3219 3490 3285 τοιαύτας
3544 3218 3664 3296 πρὸς
3710 3215 3788 3280 τὴν

2183 3292 2390 3371 αὒτῶνί
2439 3292 2670 3389 ἠρέθιζεν
2748 3306 3088 3384 ἐπιμέλειαν.
3147 3292 3336 3386 ῃΕλεγε
3411 3309 3512 3388 γὰρ
3568 3292 3655 3371 τὴν
3713 3301 3790 3378 μὲν

2185 3401 2370 3481 ψυχὴν
2431 3399 2656 3457 ἐοικέναι
2719 3400 2916 3477 νύμφῃ,
2974 3398 3069 3462 τὰς
3127 3395 3180 3452 δὲ
3235 3399 3354 3477 περὶ
3414 3397 3576 3465 αὐτὴν
3630 3391 3786 3472 ἀρετὰς

2187 3503 2474 3568 νυμφικαϊς
2531 3488 2776 3567 στολαῖς,
2839 3488 3071 3554 ἑκάστην
3133 3485 3292 3564 μέρος
3333 3509 3383 3543 τι
3444 3494 3535 3545 τοῦ
3582 3485 3792 3560 σώματος

2184 3579 2620 3651 καλλωπίζουσαν
2661 3596 2674 3611 ⁸
2735 3579 2981 3646 νηστείαν
3051 3574 3105 3631 δὲ
3165 3577 3368 3653 κόσμον
3430 3578 3570 3634 εἶναι
3624 3570 3791 3630 ποδῶν.

2182 3653 2386 3748 ’Ὠσπερ
2442 3669 2528 3726 οὖν
2587 3673 2856 3746 προσῆκον
2913 3666 3023 3723 ἐστι
3067 3666 3158 3721 σὺν
3197 3679 3312 3731 τοῖς
3357 3665 3543 3730 ἄλλοις
3573 3663 3633 3732 δὴ
3663 3681 3795 3736 περι-

2187 3756 2427 3835 ϐλήμασι
2471 3759 2558 3814 καὶ
2612 3759 2678 3813 τὰ
2733 3757 2854 3820 τοὺς
2915 3753 3081 3819 πόδας
3140 3762 3444 3832 κοσμοῦντα
3519 3753 3794 3826 κεκτῆσθαι,

2189 3847 2326 3904 οὕτω
2353 3850 2440 3905 καὶ
2468 3854 2533 3925 τῇ
2565 3851 2721 3926 ψυχῇ
2751 3846 2887 3922 μετὰ
2920 3848 3025 3902 τῶν
3079 3843 3256 3903 ἄλλων
3313 3846 3400 3902 καὶ
3448 3847 3543 3913 τὴν
3580 3839 3794 3909 νηστείαν

2188 3937 2440 4014 παρεῖναι
2471 3939 2606 4017 χρή,
2653 3935 2722 3993 Εἴ
2763 3959 2842 3998 τις
2873 3933 2918 3990 δ’
2950 3933 3012 3990 ἂν
3044 3933 3204 3991 πάλιν
3261 3936 3430 4002 αὒτῆς
3479 3934 3572 4011 μὲν
3602 3927 3791 4017 φροντί-

2186 4034 2265 4098 ζοι
2297 4015 2732 4102 μόντιςξᾶμελεϊ
2787 4024 2841 4082 δὲ
2880 4025 3091 4082 πάντων
3146 4031 3254 4080 τῶν
3311 4023 3512 4098 ἄλλων,
3560 4019 3696 4079 οῦδὲν
3744 4015 3795 4069 ἃν

2183 4117 2379 4183 ταύτην
2431 4115 2734 4172 ἆπεοικέναι
2791 4115 2889 4182 τὴν
2947 4114 3132 4193 ψυχὴν
3181 4115 3282 4180 τῆς
3312 4115 3482 4192 κόρης
3535 4102 3790 4174 ἐκείνηςῆ

2184 4207 2316 4283 πρὸς
2374 4205 2577 4282 γάμους
2637 4203 2880 4281 ἀγομένη
2926 4205 3014 4260 καὶ
3073 4204 3193 4268 τοὺς
3249 4199 3412 4265 πὸδας
3474 4194 3794 4270 στολισαμένη

468 4297 640 4372 ptias,
677 4302 734 4354 et
764 4293 955 4353 solum
978 4293 1162 4372 pedes
1192 4294 1302 4354 sibi
1325 4295 1883 4375 induisset,reliqua
1905 4295 2098 4357 omnia

2186 4295 2373 4374 μόνον,
2418 4294 2483 4350 τὰ
2513 4293 2674 4351 λοιπὰ
2708 4294 2882 4350 πάντα
2929 4293 3138 4367 ἄκοσμά
3189 4315 3245 4348 τε
3303 4294 3392 4348 καὶ
3427 4290 3595 4372 γυμνᾶ
3647 4304 3792 4342 κατα-

464 4370 708 4462 reliquit
740 4370 1012 4443 inornata
1063 4394 1122 4444 et
1153 4383 1335 4445 nuda.
1386 4385 1469 4445 De
1511 4370 1851 4444 obedient'ia
1879 4394 2098 4460 autem,

2189 4370 2368 4446 Haec,
2421 4374 2690 4448 ἰ’πακοῆς
2719 4381 2774 4438 δὲ
2803 4383 2963 4462 χάριν
2994 4383 3081 4439 καὶ
3133 4389 3226 4438 τοῦ
3272 4381 3399 4446 ταῖς
3443 4370 3647 4460 ἡάρχαϊς
3697 4370 3792 4430 πεί·

466 4478 524 4531 et
553 4469 710 4551 quod
743 4479 1010 4550 oporteat
1037 4471 1480 4548 magistratibus
1513 4488 1750 4550 parere,
1789 4474 1914 4536 haec
1946 4493 2098 4554 quo-

2187 4476 2363 4529 θεσθαι
2435 4473 2730 4552 προσετίθει
2783 4474 2873 4529 καὶ
2928 4475 3114 4545 ταῦτα,
3176 4470 3262 4527 ὅτι
3323 4470 3420 4528 κᾶν
3481 4481 3592 4530 τοῖς
3636 4467 3790 4542 βιωτι-

467 4579 584 4638 que
612 4558 1051 4638 adjecit.Etiam
1084 4561 1144 4619 in
1175 4561 1249 4620 iis
1282 4579 1413 4641 quae
1442 4561 1514 4623 ad
1544 4562 1712 4623 vitam
1748 4564 2108 4626 mundanam

467 4649 790 4728 pertinent,
826 4648 938 4710 hoc
966 4650 1242 4728 est,quod
1277 4651 1478 4712 omnia
1513 4652 1773 4714 maxime
1803 4654 2105 4717 continet:

469 4747 527 4798 et
557 4738 712 4818 quod
747 4738 1042 4820 imperare
1079 4739 1319 4820 quidem
1361 4741 1499 4802 facit
1529 4744 1986 4822 imperatorem,
2015 4763 2109 4822 pa-

466 4846 602 4890 rere
631 4836 827 4888 autem
863 4847 1023 4904 eum,
1057 4830 1156 4910 qui
1190 4840 1279 4893 est
1329 4833 1383 4892 ei
1439 4831 1764 4911 subjectus.
1818 4833 1886 4894 Et
1917 4832 1966 4893 si
1998 4832 2110 4894 hoc

468 4917 808 4992 sustuleris,
841 4919 1113 4982 ordinem
1147 4940 1386 5002 quoque
1418 4923 1802 4997 sustulisti,et
1830 4940 1964 4983 cum
1996 4941 2104 4983 no-

468 5008 730 5070 minibus
750 5008 978 5071 scilicet
998 5029 1094 5071 res
1115 5029 1356 5092 quoque
1385 5011 1942 5092 confudisti.Neque
1971 5031 2108 5073 vero

467 5099 523 5161 ei
557 5098 802 5160 deerant
832 5100 1104 5180 exempla
1133 5101 1220 5162 sic
1246 5100 1500 5163 dicenti.

548 5187 762 5252 XXVI.
796 5189 1070 5252 Accessit
1098 5191 1415 5272 aliquando
1443 5190 1686 5272 quidam
1721 5190 1793 5252 ad
1829 5209 2105 5270 magnum

469 5278 788 5359 quemdam
818 5297 1050 5359 senem,
1086 5279 1216 5358 ejus
1245 5281 1491 5342 studens
1521 5281 1648 5341 ﬁeri
1679 5279 2029 5361 discipulus.
2054 5281 2110 5344 Is

471 5377 666 5428 autem
699 5367 772 5428 ab
832 5369 1004 5430 initio
1063 5369 1411 5442 ostendens,
1445 5369 1682 5450 qualem
1716 5379 1948 5448 oportet
1979 5389 2109 5432 esse

471 5457 1038 5536 discipulum,jussit
1068 5475 1201 5517 eum
1234 5465 1651 5538 statuam,quze
1678 5477 1861 5540 prope
1893 5460 2106 5540 stabat,

469 5560 756 5626 quantum
783 5558 982 5626 posset
1005 5545 1412 5627 verberare,et
1435 5547 1490 5608 ei
1512 5549 1794 5610 insultare
1819 5548 2106 5616 calcibus.

469 5634 794 5711 Postquam
826 5653 962 5696 vero
1025 5635 1221 5714 paruit
1273 5635 1650 5717 adolescens,
1713 5638 2111 5718 interrogavit

2190 4575 2308 4626 κοῖς
2367 4561 2520 4620 τοῦτό
2578 4562 2688 4618 ἐστι
2749 4563 2807 4618 τὸ
2869 4561 3101 4637 μάλιστα
3143 4560 3317 4617 πάντα
3345 4559 3588 4639 συνέχον,
3617 4553 3694 4611 καὶ
3715 4551 3794 4639 βιμι

2190 4649 2340 4707 σιλέα
2401 4652 2497 4727 μὲν
2558 4651 2855 4731 ἀποφαῖνον
2910 4653 3001 4706 τὸν
3058 4648 3307 4726 βασιλέα,
3364 4649 3594 4719 ὑπήκοον
3646 4641 3694 4697 δὲ
3743 4637 3790 4731 τὸ

2189 4741 2426 4810 ὑπήκοον
2461 4759 2471 4773 ·
2510 4739 2606 4798 κᾶν
2661 4749 2814 4798 τοῦτο
2846 4738 3059 4816 ἀνέλῃς,
3121 4737 3332 4804 ἀνεῖλες
3363 4734 3426 4805 δὴ
3459 4734 3551 4794 καῖ
3578 4734 3669 4800 τὴν
3707 4725 3786 4816 τάξ

2191 4827 2288 4903 EN,
2322 4829 2415 4886 καὶ
2449 4831 2582 4905 μετὰ
2608 4835 2715 4886 τῶν
2745 4831 3022 4905 ὀνομάτων
3055 4827 3306 4907 συνέχεες
3368 4822 3566 4894 δηλαδή
3621 4820 3698 4877 καὶ
3734 4814 3789 4907 τὰ

2191 4919 2498 4998 πράγματα.
2567 4923 2674 4979 Ούκ
2729 4920 2916 4999 ἠπόρει
2976 4917 3030 4974 δὲ
3099 4905 3219 4975 καὶὴ
3256 4913 3684 4998 παραδειγμάτων
3722 4905 3790 4960 οὗ·

2189 5012 2320 5066 τωσὶ
2351 5008 2601 5090 λέγουσα.

2275 5189 2429 5264 KQ".
2464 5190 2600 5248 Ποτέ
2629 5213 2710 5256 τις
2743 5189 3008 5270 προσῆλθε
3038 5188 3246 5268 γέροντι
3299 5185 3512 5266 μεγάλῳ
3561 5170 3786 5270 φοιτηῖῆς

2193 5281 2350 5338 αὺτοῦ
2405 5279 2645 5358 γενέσθαι
2729 5278 3058 5350 σπουδάζων.
3122 5286 3224 5337 Τοῦ
3295 5276 3350 5334 δὲ
3423 5275 3480 5331 ἐκ
3531 5263 3784 5348 προοιμίων

2194 5374 2308 5427 οἷον
2341 5370 2482 5426 εἶναι
2509 5372 2618 5450 χρὴ
2649 5372 2740 5427 τὸν
2793 5369 3058 5449 φοιτητὴν
3114 5369 3530 5447 ὕπεμφαίνοντος
3570 5359 3780 5415 κελεῧπί

2191 5457 2467 5536 ἀνδριάντα
2499 5463 2655 5518 αύτοῦ
2695 5481 2796 5516 που
2851 5457 3080 5526 πλησίον
3141 5458 3366 5530 ἑστῶτα,
3428 5456 3495 5514 ὡς
3527 5449 3583 5506 ἂν
3611 5449 3786 5544 ἐκεῖνος

2191 5545 2419 5622 δύναιτο,
2475 5549 2634 5626 τύψαι
2691 5570 2748 5606 τε
2807 5549 2894 5604 καὶ
2951 5546 3306 5607 διαλακτίσαι.
3337 5543 3480 5604 Ἐπεὶ
3509 5538 3559 5594 δὲ
3613 5536 3638 5590 ὁ
3689 5536 3783 5587 νέος

2191 5638 2512 5712 ὑπήκουσεν,
2574 5637 2778 5719 ἐρέσθαι
2826 5638 2917 5695 τὸν
2956 5636 3178 5719 γέροντα
3220 5636 3274 5694 εἴ
3332 5658 3379 5694 τι
3456 5627 3781 5698 πληττομενος
