4020 6142
233 319 346 392 781
1543 316 1750 394 'VlTA
1816 328 1876 389 s.
1932 331 1938 392 :

2012 315 2290 395 ELANIE.
3487 327 3608 399 782

231 483 322 518 και
353 460 820 539 διαλακτιζὸμενος
852 464 880 519 6
910 461 1116 542 ἀνδριὰς
1173 462 1394 519 ἀνεῖπεν
1442 461 1478 529 ἤ
1527 461 1878 542 ἐδυσχήρανε.
1903 471 1938 524 Α

2012 481 2172 542 anex,
2206 480 2282 523 an
2315 479 2445 543 quae
2475 459 2818 542 pulsabatur
2833 467 2892 523 et
2921 457 3186 524 calcibus
3217 463 3612 544 impetebatur

234 558 338 609 Τοῦ
395 549 462 619 δὴ
517 549 684 626 μηδὲν
747 558 975 608 τοιεῦτον
1046 551 1283 630 γενέσθαι
1369 553 1663 631 φήσαντος,
1736 550 1880 616 αὖθις

2012 558 2179 624 .atua,
2218 549 2648 610 contradixerit
2676 557 2778 611 aut
2800 567 2957 630 aegre
2989 550 3208 616 tulerit.
3244 551 3391 615 Cum
3419 555 3470 616 is
3499 573 3610 618 au-

235 639 395 697 αὒτὸν
428 639 672 722 κελεῦσαι
703 638 920 719 πλῆξαι,
983 641 1069 697 καὶ
1124 653 1247 704 ταῖς
1291 639 1531 718 πληγαῖς
1581 642 1670 697 καί
1709 637 1880 718 ὕϐρεις

2012 657 2080 698 em
2131 638 2394 714 dixisset,
2457 637 2541 699 nil
2597 637 2817 699 factum
2873 639 3188 719 ejusmodi,
3241 642 3429 722 jussit
3478 663 3614 706 cum

234 732 572 805 προσθεῖναι.
634 720 725 794 Ὠς
773 727 827 784 δὲ
883 729 992 803 τρὶς
1041 729 1108 786 τὰ
1149 729 1280 787 αὐτὰ
1321 726 1464 809 ἔδρα,
1511 732 1539 784 ὁ
1582 727 1636 784 δὲ
1675 727 1882 807 ἀνδριὰς

2012 745 2170 790 1rsus
2201 735 2538 807 percutere,
2601 735 2661 788 et
2713 735 2931 808 praeter
2986 729 3187 810 plagas
3245 720 3374 794 eam
3436 734 3614 796 etiam

233 816 448 896 ἀνδριὰς
479 817 642 892 μόνον
673 817 740 885 ἧν
770 816 982 898 ἄψυχός
1036 839 1094 874 τε
1133 819 1218 873 καὶ
1249 814 1480 897 ἄφωνος’
1527 819 1648 875 τότε
1698 820 1726 874 6
1770 840 1881 896 γη-

2012 834 2266 878 Icessere
2327 815 2676 878 maledictis.
2739 815 3057 898 Postquam
3131 837 3269 882 vero
3329 828 3418 884 ter
3478 823 3618 886 fecit

233 907 408 983 ραιὸς,
452 907 511 961 Εἰ
543 904 640 981 μὲν
668 905 758 962 οὖν
786 907 879 963 καὶ
931 906 1019 978 σὺ,
1053 904 1179 985 ἔφη,
1209 906 1276 962 τὰ
1322 906 1453 964 αὐτὰ
1493 927 1550 962 τε
1599 904 1881 985 ἀνέχεσθαι

2012 905 2201 979 adem,
2234 913 2424 967 statua
2453 914 2650 966 autem
2682 914 2808 968 erat
2835 907 3031 968 solum
3061 907 3324 971 inanima
3349 920 3408 973 et
3430 920 3614 989 muta,

233 993 385 1074 δύνῃ,
464 995 551 1082 οιαὶ
623 993 789 1070 μηδὲν
854 991 1107 1074 ἀντιλέγῃ
1178 994 1354 1072 ὥσπερ
1413 993 1550 1071 μηδὲ
1602 1005 1756 1055 τοῦτο
1821 995 1882 1051 :6

2012 1013 2104 1055 mc
2134 1011 2353 1056 senex:
2391 992 2452 1056 Si
2488 994 2750 1074 quidem,
2807 995 3025 1076 inquit,
3075 1005 3138 1060 tu
3181 1017 3419 1082 quoque
3450 1009 3618 1082 potes

231 1083 422 1148 ξόανον
481 1081 564 1140 διὰ
621 1084 834 1141 πάντων
889 1085 1400 1164 ἒμπαροινούμενον,
1456 1085 1625 1164 χώρει
1655 1106 1713 1142 τε
1750 1083 1881 1162 θαῤ-

2012 1083 2173 1146 adem
2206 1084 2530 1157 sustinere,
2565 1091 2623 1146 et
2656 1083 2800 1145 nihil
2837 1085 3274 1163 contradicere,
3317 1081 3615 1170 quomodo

232 1173 342 1250 ῥῶν
399 1174 488 1230 καὶ
543 1179 640 1240 τῆς
699 1173 826 1251 παρ’
883 1177 1021 1249 ἡμῖν
1056 1172 1294 1237 παιὸεὶας
1330 1173 1586 1231 ἀπόλαυε·
1621 1175 1664 1230 εί
1693 1173 1747 1229 δέ
1777 1173 1876 1249 μὴ,

2012 1190 2077 1234 ec
2104 1173 2229 1233 haec
2259 1180 2449 1233 statua
2481 1179 2765 1252 perpetuo
2799 1172 3033 1254 probris
3066 1175 3279 1239 affecta
3315 1186 3373 1239 et
3401 1187 3614 1242 contu-

235 1261 376 1328 μηδὲ
462 1268 530 1338 τῇ
602 1261 716 1339 μεθ’
791 1264 944 1337 ἡμῶν
1022 1263 1282 1342 ἐπιχείρει
1369 1261 1628 1340 διατριϐῇ.
1705 1261 1884 1318 Πολλὰ

2012 1260 2182 1334 ιειίἰε,
2219 1260 2460 1340 accede,
2498 1269 2554 1321 et
2584 1268 2787 1323 nostra
2843 1261 3162 1343 disciplina
3217 1265 3456 1331 fruere:
3519 1270 3612 1330 sin

235 1352 460 1409 τοιαῦτα
517 1352 694 1419 ὲιιείνη
751 1350 945 1428 διεξῄει
1001 1354 1132 1431 πρὸς
1190 1355 1282 1417 τὰς
1338 1352 1647 1432 παρθένους,
1700 1350 1884 1414 ἁπλῶς

2012 1349 2186 1422 tinus,
2224 1368 2299 1411 ne
2331 1357 2386 1411 te
2418 1349 2488 1410 ad
2547 1358 2813 1412 nostram
2875 1352 3147 1414 conferas
3207 1354 3612 1436 disciplinam.

237 1439 295 1496 δὲ
327 1438 414 1495 διὰ
444 1447 630 1496 πασῶν
660 1442 810 1497 ἰοῦσα
838 1447 944 1497 τῶν
975 1440 1176 1512 ἀρετῶν
1205 1446 1303 1500 καὶ
1335 1439 1423 1519 ἐφ’
1472 1442 1705 1508 ἑκάστης
1763 1440 1886 1497 ὅσον

2012 1438 2076 1528 lla
2108 1437 2292 1528 multa
2340 1437 2637 1517 ejusmodi
2693 1438 2966 1501 oratione
3029 1443 3413 1522 percurrebat
3461 1447 3619 1528 apud

239 1551 299 1586 τε
331 1527 575 1586 δεικνὸσα
626 1532 686 1586 τὸ
745 1527 924 1606 κέρδος
982 1531 1070 1586 καὶ
1121 1529 1348 1607 ὅσηπερ,
1411 1531 1455 1586 εἰ
1511 1530 1888 1606 ρᾳθυμήσαιεν,

2012 1526 2260 1616 irgines.
2291 1528 2386 1589 Ad
2417 1545 2708 1589 summam
2743 1536 2965 1606 autem,
3001 1548 3106 1611 per
3155 1552 3360 1596 omnes
3409 1526 3620 1616 perva-

242 1619 414 1676 πόνου
443 1617 781 1694 κατατολμᾷν
852 1618 1079 1681 ἔπειθεν.
1151 1619 1288 1676 Εἶτα
1351 1620 1440 1675 καὶ
1511 1619 1648 1696 ἱερόν
1707 1620 1894 1682 αὒταϊς

2012 1633 2129 1678 ens
2175 1615 2444 1691 virtutes,
2502 1625 2556 1677 et
2613 1624 2898 1697 quantum
2942 1619 3003 1679 in
3059 1615 3425 1704 unaquaque,
3468 1633 3623 1688 esset

243 1710 278 1776 ἡ
310 1708 500 1784 ζημία,
551 1707 770 1786 ἐπτέρου
802 1729 860 1764 τε
916 1709 1008 1764 moi
1054 1707 1249 1788 ἀνεῖχε
1297 1711 1372 1781 τῷ
1402 1707 1548 1785 λόγῳ
1576 1709 1666 1764 καὶ
1696 1707 1894 1773 παντός

2012 1704 2129 1766 ucri
2158 1705 2503 1784 ostendens,
2540 1713 2597 1765 et
2621 1714 2910 1786 quantum
2943 1708 3168 1791 damni,
3223 1710 3273 1772 si
3304 1712 3484 1793 pigrae
3521 1732 3621 1776 es-

244 1799 322 1859 ὼς
381 1801 652 1874 προσῆκον
713 1795 986 1872 οἰκοδομεῖ
1036 1794 1119 1875 ἔφ’
1171 1800 1216 1871 ᾧ
1262 1797 1360 1865 τὴν
1425 1797 1564 1853 θείαν
1631 1795 1938 1886 ἐπιτελεῖνΙ

2017 1802 2116 1855 ent
2136 1811 2204 1854 ac
2219 1793 2630 1868 socordes,eas
2653 1794 2916 1874 erigebat
2939 1803 2996 1857 et
3017 1798 3311 1862 excitabat
3329 1802 3622 1880 oratione,

243 1885 454 1965 ἔχοιεν,
505 1884 852 1966 λειτουργίαν,
886 1885 1164 1961 λειψάνοις
1214 1889 1376 1965 ἁγίων
1431 1892 1585 1942 τοῦτο
1637 1883 1938 1964 καθιερώ-’

2012 1892 2040 1943 τι
2072 1883 2482 1962 persuadebat,
2511 1891 2574 1943 ut
2603 1901 2842 1945 omnem
2869 1884 3132 1949 laborem
3157 1889 3440 1953 audacter
3469 1891 3629 1954 subi-

244 1996 410 2053 σασα,
471 1981 564 2031 τοῦ
612 1997 670 2031 τε
729 1977 1003 2054 προφήτου
1065 1977 1354 2054 Ζαχαρίου,
1431 1976 1591 2054 φημὶ,
1665 1975 1754 2029 καὶ
1807 1975 1901 2030 τοῦ

2016 1981 2140 2061 ent.
2178 1971 2404 2061 Deinde
2435 1971 2642 2061 etiam,
2673 1979 2739 2034 ut
2775 1991 2882 2053 per
2912 1983 3060 2056 erat,
3097 1977 3184 2038 eis
3212 1995 3448 2061 quoque
3471 1988 3628 2043 tem-

241 2065 692 2142 πρωτομάρτυρος
753 2064 1046 2144 Στεφάνου,
1125 2068 1222 2120 καὶ
1295 2064 1402 2139 μὴν
1475 2065 1559 2119 καὶ
1613 2063 1719 2119 τῶν
1767 2083 1897 2118 τεσ-

2012 2059 2147 2119 llum
2183 2058 2509 2149 aediﬁcavit,
2547 2059 2606 2119 in
2639 2078 2756 2139 quo
2787 2070 3029 2140 possent
3055 2058 3317 2128 divinum
3345 2058 3628 2149 peragere

243 2154 548 2233 σαράιοντα
574 2161 666 2211 τοῦ
695 2161 925 2233 Χριστοῦ
956 2153 1261 2232 μαρτύρων.

2012 2147 2402 2241 ninisterium,
2439 2149 2552 2210 hoc
2581 2157 2920 2241 sanctorum
2952 2151 3225 2234 reliquiis
3246 2147 3625 2241 consecrans,

1985 2237 2312 2327 prophetae,
2348 2238 2614 2327 inquam,
2663 2237 2960 2327 Zachariae
3007 2249 3065 2302 et
3115 2244 3418 2323 Stephane
3447 2237 3632 2327 primi

1985 2325 2281 2416 martyris,
2315 2333 2372 2416 et
2401 2325 2790 2416 quadraginta
2821 2327 2994 2416 etiam
3029 2329 3250 2393 Christi
3280 2325 3626 2416 martyrum.

337 2425 464 2484 KZ'.
500 2425 559 2482 Τί
588 2420 835 2500 βούλεται
869 2423 898 2478 6
955 2420 1115 2499 λόγος
1157 2421 1218 2476 :6
1277 2420 1413 2496 μετὰ
1462 2426 1625 2477 ταῦτα
1655 2416 1847 2485 δηλοῦν
1881 2436 1897 2497 ς

2065 2413 2294 2477 XXVII.
2327 2413 2479 2487 Quid
2513 2414 2633 2476 vult
2663 2413 2748 2496 id,
2781 2415 2940 2496 quod
2987 2425 3077 2479 est
3105 2427 3307 2499 postea
3334 2413 3630 2486 consecu-

252 2514 572 2578 Ἀπενιανὸς
632 2515 660 2568 6
715 2510 852 2568 κατὰ
911 2512 1081 2590 σάρκα
1111 2509 1206 2586 μὲν
1237 2509 1520 2588 ὁμόζυγος,
1572 2506 1795 2586 ἀδελφὸς
1848 2503 1903 2561 δέ

2014 2522 2134 2593 um,
2171 2503 2483 2593 declarare
2506 2503 2690 2565 oratio
2711 2509 2740 2566 ?
2783 2505 3124 2584 Aponianus
3154 2508 3260 2586 qui
3287 2510 3482 2574 fuerat
3506 2513 3634 2593 ejus

260 2606 544 2682 γενόμενος
601 2601 733 2676 αὐτῇ
788 2600 925 2656 κατὰ
981 2606 1210 2675 πνεῦμα,
1269 2599 1336 2655 τὰ
1383 2599 1530 2655 κάτω
1571 2596 1742 2654 λιπὼν
1773 2595 1902 2670 πρὸς

2012 2591 2227 2682 Iuidem
2261 2590 2591 2682 secundum
2625 2610 2865 2655 carnem
2915 2596 3156 2677 conjux,
3211 2597 3394 2662 frater
3435 2590 3634 2663 autem

259 2681 363 2760 τὴν
393 2693 505 2750 ἄνω
535 2695 686 2761 Αῆζιν
734 2701 1074 2768 μεταχωρεῖ.
1119 2688 1187 2744 Ἦ
1219 2685 1274 2743 δὲ
1309 2689 1397 2745 καὶ
1439 2688 1500 2744 τὸ
1530 2685 1722 2753 ἑαυτῆς
1753 2683 1906 2747 τέλος

2012 2681 2320 2744 secundum
2345 2681 2644 2763 spiritum,
2674 2682 2748 2743 iis
2781 2699 2911 2762 qna;
2940 2692 3079 2745 sunt
3108 2684 3360 2748 inferius
3381 2688 3632 2767 relictis,

260 2782 366 2850 ἤδη
454 2781 679 2860 ἐγγίζειν
762 2775 1102 2837 ὑπολαϐοῦσα
1174 2778 1428 2853 μειζόνων
1500 2775 1720 2854 ἀγώνων
1785 2775 1910 2831 αὐτὸ

2012 2772 2203 2852 nigrat
2261 2770 2334 2832 ad
2395 2789 2638 2852 superas
2689 2772 2988 2850 regiones.
3047 2772 3153 2834 Illa
3207 2787 3404 2838 autem
3461 2795 3636 2841 suum

259 2873 529 2952 πρόφασιν
599 2868 861 2942 ἐποιεῖτο,
922 2874 1017 2924 τοῦ
1072 2865 1170 2942 μὲν
1225 2863 1364 2942 ἱεροῦ
1423 2862 1597 2952 ἔνδρον
1657 2861 1906 2952 μένουσα,

2012 2866 2237 2940 pioque
2269 2860 2459 2952 ﬁnem,
2489 2860 2613 2939 jam
2644 2878 2833 2952 prope
2849 2861 3077 2952 adesse
3106 2863 3474 2943 existimans,
3511 2885 3639 2930 ma-

261 2948 483 3032 νηστείᾳ
513 2957 570 3016 δὲ
628 2960 716 3014 καὶ
762 2968 880 3021 τοῖς
935 2954 1117 3020 ἄλλοις
1179 2953 1450 3016 ἐπιπόνοις
1509 2951 1706 3009 ἅπασιν
1749 2951 1910 3008 ἐπεκ-

2020 2968 2190 3012 orum
2223 2949 2609 3012 certaminum
2641 2950 2783 3011 hinc
2813 2948 2930 3012 sibi
2959 2951 3212 3033 sumpsit
3231 2955 3638 3037 occasionem,

261 3047 572 3128 τεινομένη,
631 3048 722 3104 καὶ
776 3052 939 3103 ταῦτα
1003 3045 1076 3109 εἷς
1135 3043 1394 3120 τέσσαρας
1451 3041 1602 3106 ὅλους
1659 3040 1909 3120 χρόνους,

2016 3047 2146 3128 utra
2166 3039 2453 3128 templum
2475 3039 2714 3119 quidem
2746 3057 3014 3118 manens,
3039 3049 3108 3102 an
3126 3043 3425 3122 jejunium
3444 3052 3642 3108 autem

263 3138 494 3196 ’Ἔπειτα
551 3127 841 3193 διανοεῖται
899 3135 986 3191 καὶ
1051 3133 1450 3214 φροντιστήριον
1520 3128 1720 3208 ἀνδρῶν
1785 3129 1938 3216 ἂνε-¹

2012 3137 2055 3192 et
2081 3127 2194 3190 alia
2221 3127 2518 3189 faboriosa
2551 3128 2750 3190 omnia
2808 3146 2874 3190 se
2934 3131 3285 3208 extendens,
3328 3131 3510 3216 idque
3562 3133 3640 3196 ad

523 3188 658 3282 dii):
769 3188 1026 3302 ᾎὲρδςζδ
1061 3188 1555 3299 ἶδαπανᾷνηῦιπορία
1584 3188 1682 3286 τῖὴν
1713 3193 1938 3298 ’προθυ-⁴

2012 3188 2252 3300 quatuor
2308 3235 2493 3279 annos
2553 3188 2864 3296 integros;
2901 3188 3645 3301 Dieinvdeﬂc-ogitatj—etiam

267 3305 398 3392 μίαν
426 3315 698 3392 ἀπεῖργεν.
752 3314 902 3371 Ἐπεὶ
959 3310 1014 3368 δὲ
1064 3317 1143 3386 τῷ
1201 3315 1316 3384 Θεῷ
1367 3311 1542 3366 πάντα
1597 3330 1654 3364 τε
1712 3307 1915 3387 ἐφρόνει

2012 3308 2257 3369 virorum
2292 3305 2548 3369 excitare
2579 3305 3178 3385 monasteriuum,sed
3213 3321 3512 3392 sumptum
3545 3314 3646 3375 in-

273 3405 360 3461 καὶ
390 3402 534 3482 ἔλεγε
562 3401 776 3477 δυνατὰ,
813 3401 970 3464 αὐτὸς
1025 3402 1113 3458 καὶ
1142 3400 1338 3466 ταύτην
1394 3400 1560 3464 αὐτῆς
1620 3397 1718 3463 τὴν
1773 3396 1914 3452 ἀπο-

2012 3396 2135 3476 opia
2165 3395 2296 3474 ejus
2325 3403 2660 3474 promptum
2713 3395 2896 3456 animi
2947 3398 3208 3460 studium
3266 3399 3646 3479 prohibebat.

267 3493 384 3572 ρίαν
437 3491 681 3549 ἀπέλυενο
751 3493 836 3547 καὶ
891 3512 972 3554 τις
1031 3489 1164 3566 ἀνὴρ
1221 3494 1328 3544 τῶν
1383 3485 1586 3560 πλοίτῳ
1628 3486 1712 3541 οιαὶ
1769 3485 1916 3564 χρή-

2012 3484 2143 3548 Bum
2174 3501 2313 3544 vero
2343 3484 2595 3546 sentiret
2631 3490 2688 3545 et
2716 3483 2967 3561 diceret,
3024 3486 3174 3547 nihil
3227 3505 3363 3549 esse
3410 3490 3572 3566 quod
3616 3507 3652 3551 a

265 3603 399 3660 μασι
456 3587 744 3658 περιττῶν,
805 3599 1006 3659 χρυσου
1064 3597 1184 3634 τινα
1242 3575 1400 3654 ὄγκον
1453 3574 1588 3650 αὒτῇ
1645 3574 1920 3652 χαρίζεται

2012 3573 2123 3635 Deo
2155 3591 2274 3634 non
2310 3581 2507 3652 posset
2531 3573 2682 3651 ﬁeri,
2717 3572 2845 3653 ipse
2871 3591 3001 3635 eam
3033 3573 3142 3636 hac
3163 3593 3401 3657 quoque
3431 3576 3650 3640 libera-

266 3669 700 3748 πολυτάλαντον,
733 3669 814 3749 ἐφ’
847 3669 893 3744 ᾦ
924 3666 992 3734 δὴ
1021 3668 1111 3723 καὶ
1160 3667 1220 3722 τὸ
1249 3664 1402 3743 ἔργον
1462 3665 1594 3738 αὐτῇ
1641 3661 1918 3749 διηνύετο,

2012 3663 2085 3724 vit
2140 3662 2362 3742 inopia.
2417 3661 2562 3723 Nam
2619 3663 2709 3722 vir
2749 3663 2990 3743 quidem
3044 3663 3544 3744 locupletissimus
3593 3673 3654 3729 et

269 3761 361 3820 καὶ
389 3761 529 3835 ἱερὸν
560 3748 878 3833 ὼκοδὸμητο
936 3756 1363 3836 φροντιστήριον,
1424 3753 1511 3809 καὶ
1566 3748 1751 3838 ἄνδρας
1805 3749 1924 3806 ἐδέ-

2012 3753 2576 3837 pecuniosisssimus
2608 3754 2662 3816 ei
2713 3772 2980 3834 magnam
3029 3756 3140 3816 vim
3168 3763 3295 3819 auri
3327 3758 3608 3838 elargitur
3635 3779 3650 3822 :

272 3872 412 3932 χετο
443 3849 594 3913 οἴους
626 3846 688 3904 ἂν
744 3846 911 3927 έχρῆν
967 3852 1048 3920 τῷ
1097 3844 1303 3910 ἐκείνης
1361 3841 1542 3932 τρόπῳ
1599 3836 1922 3932 συμϐαίνειν.

2012 3836 2128 3924 quo
2159 3843 2377 3932 factum
2403 3852 2522 3932 est,
2559 3850 2621 3903 ut
2651 3851 2709 3904 et
2741 3861 2888 3924 opus
2917 3842 2990 3905 ab
3024 3862 3094 3906 ea
3146 3836 3561 3925 perﬁceretur,
3597 3853 3657 3909 et

274 3927 482 4000 ῗοότου
543 3935 600 3993 δὲ
648 3942 741 3994 τοῦ
794 3936 956 3992 πόνου
1005 3935 1192 4012 μικρὸν
1240 3930 1640 3988 ἀναπνεύσασαν
1694 3927 1928 4003 μείζονές

2012 3949 2245 3994 sacrum
2269 3930 2663 3993 aediﬁcaretur
2683 3933 3103 3995 monasterium
3133 3934 3238 4015 (2),
3267 3943 3322 3996 et
3346 3937 3572 4000 virosin
3594 3937 3656 4000 id

272 4050 334 4086 τε
397 4027 562 4095 αὐτὴν
620 4024 922 4105 διεδέχοντο
992 4024 1144 4079 πόνοι
1215 4023 1303 4078 καὶ
1386 4016 1658 4094 ἀποδημία
1728 4019 1929 4095 μακρά.

2015 4022 2372 4096 admitteret,
2407 4021 2613 4101 quales
2644 4020 2958 4102 oportebat
2989 4023 3146 4085 illius
3175 4027 3492 4088 convenire
3525 4045 3659 4088 mo-

275 4115 602 4176 Ἐπιστολαὶ
663 4117 762 4193 γὰρ
820 4119 1044 4194 φοιτῶσι
1092 4117 1185 4168 τοῦ
1245 4109 1384 4168 θείου
1429 4109 1559 4187 πρὸς
1602 4107 1766 4175 αὐτὴν
1807 4113 1937 4162 Βου-

279 4207 560 4285 λοσιανοὸ,
623 4206 679 4270 ὃς
735 4204 972 4283 ἔπαρχος
1032 4202 1133 4278 μὲν
1190 4198 1304 4258 κατ’
1369 4198 1546 4285 ἐκεῖνο
1605 4202 1790 4276 καιροῦ
1835 4199 1935 4285 τῆς

283 4284 571 4372 Ῥωμαίων
621 4291 880 4350 ἐδείκνυτο
929 4290 1162 4370 πόλεως,
1222 4285 1438 4368 πρέσϐις
1490 4284 1545 4340 δὲ
1599 4286 1672 4348 εἷς
1735 4284 1936 4355 Βυζάν-

279 4407 401 4442 τιον
456 4384 601 4463 παρὰ
655 4384 752 4452 τὴν
795 4379 1034 4459 βασιλίδα
1083 4376 1358 4435 ἐστέλλετο
1404 4373 1680 4441 Εὔδοκίαν,
1711 4372 1938 4444 Ἐδήλου

281 4474 338 4532 δὲ
370 4477 408 4543 ἡ
437 4471 699 4540 επιστολὴ
731 4471 892 4529 ταῦτα
950 4491 1007 4527 τε
1058 4471 1146 4526 καὶ
1176 4466 1257 4524 ὅτι
1311 4465 1396 4523 διὰ
1450 4463 1650 4522 πολλου
1703 4463 1819 4543 ἄγει
1878 4465 1938 4519 :6

2019 4109 2208 4172 ribus.
2243 4111 2384 4172 Cum
2421 4124 2626 4189 parum
2656 4118 2852 4171 autem
2884 4109 2956 4172 ab
2988 4111 3100 4173 hoc
3132 4112 3334 4176 labore
3372 4116 3664 4197 respiras-

2019 4208 2132 4274 set,
2166 4215 2296 4259 eam
2330 4199 2588 4277 majores
2618 4216 2912 4280 excepere
2935 4199 3170 4263 labores
3199 4210 3255 4264 et
3288 4203 3466 4284 longa
3488 4222 3663 4284 pere-

2019 4287 2298 4367 grinatio.
2333 4286 2688 4350 Reddantur
2717 4288 2875 4349 enim
2901 4289 2955 4351 ei
2977 4289 3188 4352 littera:
3207 4292 3280 4353 ab
3307 4292 3436 4372 ejus
3458 4301 3663 4374 patruo

2020 4378 2384 4439 Volusiano:
2420 4379 2517 4458 qui
2551 4377 2651 4438 illo
2675 4378 2918 4455 quidem
2954 4387 3221 4462 tempore
3264 4391 3390 4444 erat
3437 4391 3670 4445 creatus

2023 4467 2341 4548 praefectus
2371 4469 2654 4529 Romanis
2709 4467 3014 4532 civitatis:
3081 4476 3296 4534 missus
3349 4491 3490 4535 vero
3544 4478 3676 4534 erat

279 4565 335 4630 ἐς
371 4561 499 4640 ὄψιν
555 4564 699 4636 αὐτῷ
761 4561 966 4627 ἐκείνην
1038 4557 1238 4617 ἒλθετν.
1303 4555 1370 4643 ᾝ
1423 4553 1478 4609 δέ
1537 4552 1640 4630 ἤρα
1692 4555 1789 4629 μὲν
1850 4553 1936 4608 καὶ

2021 4544 2246 4635 legatus
2293 4555 2633 4636 Byzantium
2686 4557 2760 4619 ad
2817 4557 3139 4622 Eudociam
3199 4562 3669 4643 imperatricem.

281 4654 424 4721 αὐτὴ
494 4653 586 4708 τὸν
637 4655 780 4708 θετον
838 4647 997 4729 ἰδεῖν,
1061 4648 1150 4704 καὶ
1205 4642 1528 4722 μεταϐαλεῖν
1582 4655 1768 4700 πεῖσαι
1837 4644 1935 4708 τῆς

282 4743 446 4810 δόξης
503 4742 600 4810 τῆς
657 4739 944 4808 ἑλληνιγῆς
1019 4737 1207 4818 (ταύτῃ
1237 4736 1338 4814 γὰρ
1399 4733 1549 4796 οὗτος
1612 4731 1776 4790 πάλαι
1846 4753 1940 4786 κε-

2021 4644 2158 4707 Hzec
2185 4653 2383 4706 autem
2433 4645 2803 4722 signiﬁcabat
2860 4648 3130 4728 epistola,
3197 4653 3353 4732 quod
3399 4654 3521 4732 jam
3572 4652 3675 4714 diu

2023 4733 2186 4795 illam
2211 4733 2582 4822 desideraret
2610 4735 2840 4796 videre.
2895 4735 3002 4798 Illa
3031 4755 3174 4801 vero
3223 4740 3500 4820 cupiebat
3549 4742 3679 4822 ipsa

284 4831 580 4913 κράτητο),
611 4831 815 4909 ἠγωνία
845 4827 900 4884 δὲ
928 4831 1008 4904 μὴ
1056 4849 1106 4883 τι
1136 4830 1224 4883 καὶ
1253 4823 1397 4902 παρὰ
1451 4829 1528 4897 τῷ
1587 4829 1702 4896 Θεῷ
1757 4818 1938 4913 δολιοῦν

2024 4839 2261 4913 quoque
2290 4821 2508 4913 videre
2527 4832 2842 4913 patruum,
2874 4833 2936 4886 et
2989 4826 3045 4886 ei
3096 4818 3478 4908 persuadere,
3533 4818 3597 4890 ut
3648 4847 3682 4889 a

287 4909 541 5003 πράξασα
594 4919 765 4982 λάθοι.
827 4915 1210 4992 Κοινωσαμένη
1275 4913 1330 4970 δὲ
1397 4913 1486 4969 καὶ
1553 4932 1689 4968 τισιν
1760 4909 1938 4973 ἄλλοις

2025 4911 2334 5003 gentilium
2385 4910 2704 5003 desisteret
2750 4912 3050 5003 opinione.
3105 4915 3296 4978 Dubia
3325 4926 3524 4980 autem
3556 4925 3685 4978 erat

288 4998 403 5071 τίῖιν
463 5011 723 5090 μοναχῶν
773 5009 841 5065 τὰ
896 5013 991 5064 τοῦ
1043 5005 1382 5084 πράγματος,
1443 5001 1558 5058 ἐπεὶ
1610 4999 1938 5080 συνεχώρουν

2028 4998 2348 5090 animi,_ne
2370 4999 2510 5079 quid
2541 5001 2889 5080 imprudens
2908 4999 3126 5090 faceret
3159 5014 3375 5084 praeter
3402 5005 3485 5083 id,
3521 5006 3683 5086 quod

291 5086 543 5160 κάκεῖνοι
607 5086 720 5167 -τὴν
804 5095 1048 5170 κάθοδον,
1120 5093 1313 5171 ἐξορμᾷ
1385 5097 1494 5148 τῶν
1562 5089 1938 5169 Ἰεροσολύμων

2033 5091 2154 5151 Deo
2180 5086 2516 5151 videbatur.
2547 5090 2694 5151 Cum
2729 5106 2870 5149 vero
2893 5089 3189 5170 aliquibus
3211 5092 3343 5155 aliis
3376 5093 3684 5156 monachis

289 5194 331 5261 ὴ
364 5189 602 5269 μακαρία
631 5188 727 5246 καῖ
778 5187 924 5252 εὒθὺς
955 5184 1091 5243 κατὰ
1119 5189 1293 5240 πᾶσαν
1321 5179 1479 5238 πόλιν
1509 5201 1567 5237 τε
1620 5179 1708 5238 καὶ
1766 5179 1938 5258 χώραν

2032 5195 2162 5240 rem
2200 5177 2720 5269 communicasset,
2755 5179 3173 5258 permitterent
3219 5191 3418 5246 autem
3475 5184 3586 5260 illi,
3618 5192 3690 5246 ut

293 5267 696 5363 ixvépct‘upﬁq
725 5299 784 5336 τε
814 5282 914 5344 τῆς
972 5272 1352 5355 προσηκούσης
1403 5273 1497 5363 καὶ
1544 5272 1818 5363 θεραπείας
1867 5267 1952 5363 ἒπξ

1998 5274 2242 5350 posset
2288 5265 2609 5354 proﬁcisci,
2671 5267 2980 5348 egreditur
3035 5269 3463 5354 Hierosolymis
3516 5273 3694 5337 beata

293 5353 436 5458 9311i
461 5353 771 5449 γινομένης.
824 5364 893 5424 Οἵ
947 5353 1024 5422 τε.
1062 5363 1162 5442 γάρ
1217 5366 1326 5458 τῶν
1381 5357 1592 5458 πόλεων
1649 5361 1811 5458 ἱερεῖς
1869 5380 1938 5458 κα

2038 5355 2290 5458 Melana.
2307 5353 2421 5416 Per
2441 5373 2862 5437 quamcunque
2874 5366 3072 5422 autem
3089 5353 3374 5425 transibat
3396 5361 3692 5426 civitatem

291 5448 579 5541 ἂρχιερεῖς
610 5457 705 5515 οὔκ
735 5457 924 5538 ὀλίγην
986 5453 1120 5529 αὒτῇ
1179 5452 1281 5520 τὴν
1338 5449 1505 5526 τιμὴν
1566 5448 1864 5528 προσῆγον,
1897 5450 1938 5505 α⁷

2044 5455 2102 5510 et
2130 5448 2468 5526 regionem,
2503 5463 2635 5509 eam
2667 5466 2784 5529 quo
2818 5467 2924 5530 par
2978 5462 3129 5530 erat,
3183 5454 3698 5536 prosequebantur

387 5621 480 5705 (2)
511 5624 687 5686 Anno
716 5617 861 5696 4M,
893 5622 1048 5682 teste
1077 5609 1365 5674 Baronio.
