4020 6142
409 350 526 419 783
1712 344 1873 406 ΜΕΝ
1883 342 1999 405 SIS

2108 336 2471 406 ECEMBEB.
3650 322 3763 393 ’784

405 489 634 550 honore
663 489 721 546 et
749 480 977 545 ofﬁciis.
1023 480 1331 544 Civitatum
1382 478 1538 540 enim
1590 476 1929 540 sacerdotes
1978 485 2026 540 et

2118 498 2173 534 τε
2231 477 2418 550 σεμναὶ
2468 480 2574 531 τῶν
2630 471 2900 549 παρθένων
2957 473 3044 527 καὶ
3099 470 3303 548 ὅτιπερ
3354 470 3419 537 ἦν
3449 468 3557 525 τῶν
3589 487 3763 541 μονα-

410 573 720 658 pontifices
747 588 875 631 eam
930 588 1054 658 non
1111 586 1288 648 parvo
1328 567 1554 628 honore
1594 564 1951 658 efficiebant,
1984 575 2026 627 et

2121 570 2239 644 χῶν
2301 565 2540 640 ἔκκριτον
2596 561 2944 639 προσεκύνουν
3013 581 3071 615 τε
3127 560 3216 615 καὶ
3283 558 3605 630 ἠσπάζοντο,
3679 552 3769 609 ναὶ

409 648 764 725 venerandae
796 657 1054 737 virgines
1075 664 1133 717 et
1162 663 1447 736 quotquot
1470 662 1639 716 erant
1668 654 1883 732 egregii
1920 673 2026 714 mo-

2121 656 2192 718 έυς
2225 653 2277 719 ἐξ
2307 656 2525 731 ούρανοῦ
2556 651 2788 719 ἥκουσαν
2820 648 2982 712 οὕτως
3014 649 3215 726 ἐώρων.

410 749 607 829 nachi,
638 763 765 809 eam
798 742 1196 808 adorabantet
1221 742 1572 815 salutabant,
1598 749 1655 803 et
1698 751 1973 820 tanquam
2007 760 2040 803 e

402 839 551 904 caelo
580 836 912 898 venientem
940 831 1369 914 adspiciebant.

480 924 746 992 XXVIII.
778 924 924 984 Cum
955 913 1147 983 autem
1181 921 1437 983 venisset
1478 918 1939 992 Chalcedonem,
1976 928 2026 982 el

2201 921 2335 983 Kil'.
2393 920 2489 983 Ὠς
2545 918 2598 975 δὲ
2629 920 2764 975 κατὰ
2794 939 2847 976 τε
2909 918 3005 983 τὴν
3066 913 3381 981 Χαλκηδόνα
3408 914 3496 971 καὶ
3536 914 3631 969 τὸν
3676 918 3779 970 τοῦ

401 1019 475 1081 ad
499 1018 690 1097 ipsum
717 1012 912 1074 sinum
949 1008 1486 1090 maris,verebatur
1512 1007 1770 1088 ingredi,
1804 1008 2026 1069 etvide‘

2119 1009 2321 1069 Πόντου
2350 1009 2551 1088 αὒχένα
2580 1008 2818 1087 γέγονεν,
2879 1002 3170 1073 ηὒλαόεῐτο
3229 1004 3328 1070 τὴν
3387 1001 3621 1075 εἴσοδον,
3683 1002 3780 1058 καὶ

401 1092 573 1169 batur
603 1099 968 1185 perturbata,
1006 1100 1269 1161 Ventura
1287 1099 1450 1161 enim
1483 1098 1539 1158 in
1561 1098 1873 1159 maximam
1898 1098 2026 1159 civi-

2116 1102 2482 1177 τεταραγμένῃ
2536 1098 2717 1171 ἐῴκει,
2774 1096 3052 1153 Μέλλουσα
3107 1095 3207 1171 γὰρ
3258 1094 3331 1157 εἰς
3366 1092 3463 1158 τὴν
3507 1092 3781 1169 μεγίστην

402 1182 852 1270 ιιιιθηιξῐῐιιιιίθι·
880 1208 1011 1270 quae
1049 1189 1271 1251 vixerat
1300 1188 1359 1248 in
1393 1186 1839 1259 exercitatione,
1869 1188 2026 1264 quie-

2117 1187 2220 1243 τῶν
2252 1186 2460 1243 πόλεων
2490 1185 2770 1265 παρελθεῖν
2803 1184 2934 1262 γυνη
2992 1182 3047 1238 ἐν
3106 1182 3328 1251 ἀσκήσει
3387 1182 3572 1256 βιοῦσα
3628 1182 3781 1247 ἡσυ-

401 1287 593 1365 tisque
625 1290 681 1344 et
708 1278 929 1342 silentii
959 1278 1271 1340 maximam
1302 1295 1501 1339 curam
1525 1285 1810 1365 gesserat,
1839 1284 1896 1336 et
1916 1295 2026 1338 non

2117 1276 2241 1355 χίας
2273 1298 2329 1331 τε
2360 1275 2591 1351 μάλιστα
2640 1277 2852 1332 πάντων
2905 1273 3223 1354 φροντίσασα
3257 1271 3345 1327 καὶ
3376 1276 3482 1327 τῶν
3530 1270 3583 1326 ἐν
3613 1270 3780 1326 ἄστει

399 1358 736 1455 gustaverat
777 1367 1083 1441 tumultus,
1135 1365 1235 1455 qui
1268 1365 1493 1428 suntin
1526 1364 1784 1455 civitate,
1820 1365 2026 1455 merito

2116 1362 2345 1444 θορύϐων
2406 1364 2661 1443 ἄγευστος
2733 1364 2975 1436 εἰκότως,
3049 1361 3227 1431 ὥσπερ
3298 1358 3424 1434 ἔδει,
3497 1359 3779 1433 μαίνεται,

398 1449 823 1526 extimescebat
842 1465 899 1519 et
918 1454 1266 1534 refugiebat.
1291 1456 1485 1533 Atque
1508 1453 1747 1516 divertit
1769 1454 2026 1533 quidem,

2127 1456 2207 1510 ιιαὶ
2263 1453 2525 1513 ἀνεδύετο.
2594 1451 2852 1512 Καταλύει
2913 1455 3009 1526 μέν
3069 1450 3157 1509 οὗν
3215 1449 3332 1506 ἔνθα
3380 1450 3439 1507 τὸ
3483 1450 3622 1526 ἱερὸν
3670 1454 3783 1516 τῆς

400 1553 505 1615 ubi
536 1558 661 1614 erat
687 1545 972 1627 templum
1007 1544 1170 1606 omni
1214 1563 1283 1605 ex
1310 1552 1474 1623 parte
1519 1542 1849 1604 benedictae
1881 1562 2026 1605 mar-

2125 1545 2472 1624 πανευφήμου
2529 1543 2785 1622 μάρτυρος
2849 1542 3143 1619 Εὖφημίας⁹
3219 1540 3350 1617 ἀμφὶ
3420 1536 3474 1592 δὲ
3537 1539 3601 1593 τὸ
3665 1543 3781 1627 ξτῆς

399 1642 542 1723 tyris
597 1625 983 1717 Euphemiae:
1029 1635 1186 1695 circa
1242 1632 1495 1723 mediam
1554 1641 1755 1723 autem,
1808 1640 2026 1723 nocteir

2127 1643 2311 1696 νυκτὸς
2372 1631 2533 1706 μέσον
2589 1632 2684 1687 οὒκ
2741 1629 2929 1707 ὀλίγην
2982 1631 3017 1696 ἡ
3080 1629 3275 1705 μάρτυς
3333 1629 3495 1694 αὒεῆς
3551 1625 3785 1683 εὐωδίαν

400 1714 617 1810 martyr
646 1714 764 1787 non
798 1742 1003 1805 parum
1039 1740 1108 1782 ex
1138 1740 1202 1782 se
1234 1721 1483 1782 effundit
1511 1720 1843 1783 suavissimi
1895 1724 2026 1783 odo-

2126 1742 2182 1777 τε
2239 1734 2475 1800 καταχεῖ
2529 1721 2619 1776 καὶ
2672 1717 2865 1787 ἡδονῆς
2896 1716 3226 1792 ἐμπιπλησιν
3259 1714 3579 1793 ἀποῤῥήτου.
3612 1716 3784 1773 ’Ὁθεν

397 1820 505 1898 ris,
538 1804 597 1881 et
624 1814 921 1913 voluptate
950 1810 1161 1913 repleti
1188 1809 1501 1913 ineffabili.
1552 1810 1842 1913 Quocirca
1880 1811 2026 1913 bon:

2127 1809 2190 1877 δή
2256 1811 2345 1866 καὶ
2415 1807 2817 1886 ἀναθαῤῥήσασα
2888 1812 2988 1873 τῆς
3056 1805 3261 1882 ἡμέρας
3336 1804 3447 1879 ἃμα
3514 1806 3783 1885 φανείσης

2159 1901 2171 1913 .
2434 1902 2456 1913 -
2508 1901 2520 1913 .
2598 1897 2621 1913 κ
2726 1898 2735 1913 .
2994 1897 3008 1913 .
3069 1897 3081 1913 .
3130 1897 3142 1913 .
3261 1892 3275 1913 τ
3380 1895 3393 1911 .
3462 1901 3499 1913 η
3536 1895 3594 1913 ...

401 1892 686 1986 concepta
718 1892 952 1977 fiducia,
982 1899 1242 1961 diluculo
1259 1898 1472 1960 fretum
1491 1899 2026 1981 audactertrajecit,

2124 1901 2214 1955 τὸν
2244 1920 2301 1956 τε
2331 1901 2564 1977 πορθμὸν
2594 1897 2891 1976 διεπέρασε,
2923 1897 3012 1953 καὶ
3042 1897 3207 1970 εἱσῄει
3258 1892 3311 1956 ἐς
3347 1895 3407 1949 τὸ
3462 1895 3783 1964 Βυζάντιον.

400 2007 458 2060 et
485 1981 754 2071 ingressa
785 1998 873 2051 est
906 1989 1258 2069 Byzantium.
1284 1987 1553 2068 Hospitio
1577 2007 1712 2050 vero
1751 1990 2026 2070 excipitul

2128 1990 2400 2059 Ξενίζεται
2433 1986 2488 2044 δέ
2516 2010 2615 2044 τινι
2651 1984 2791 2065 ἀνδρὶ
2833 1985 3083 2063 ἐπιφανεῖ
3142 1984 3231 2039 καὶ
3285 1981 3461 2047 ἄλλως
3518 1990 3781 2061 χρηστῷ,

397 2081 721 2166 aquodam
754 2079 876 2140 viro
924 2078 1139 2140 illustri
1182 2088 1238 2139 et
1287 2077 1505 2159 alioqui
1562 2078 1738 2152 bono,
1801 2080 2026 2141 nomint

2126 2078 2316 2149 Λαύσῳ
2368 2075 2463 2151 μὲν
2525 2074 2772 2148 τοῦνομα,
2835 2077 2908 2137 εἷς
2968 2072 3022 2129 δέ
3085 2072 3183 2140 τὴν
3242 2071 3604 2150 πραιποσίτων
3636 2072 3784 2127 ἀνα-

397 2160 643 2255 quidem
701 2169 916 2243 Lauso,
978 2168 1079 2248 qui
1135 2167 1207 2229 ad
1281 2167 1685 2249 prrepositura)
1753 2169 2026 2232 honoren

2126 2164 2374 2233 ϐεϐηκότι
2433 2166 2618 2241 τιμὴν.
2678 2164 2913 2243 Ε·ἶ›ρίσκει
2970 2161 3024 2219 δὲ
3089 2163 3177 2218 καὶ
3232 2163 3323 2217 τὸν
3390 2163 3537 2219 θεῖον
3602 2160 3780 2228 αὐτῆς

399 2249 771 2327 ascenderat.
800 2255 1025 2319 Invenit
1052 2264 1247 2318 autem
1288 2275 1463 2318 suum
1497 2276 1729 2339 quoque
1761 2266 2026 2338 patruum

2123 2254 2438 2311 Βολοσιανὸν
2481 2254 2700 2333 χαλεπῇ
2759 2254 2897 2325 νόσῳ
2948 2249 3368 2329 κεκρατημέιον,
3433 2251 3489 2314 ὃς
3550 2260 3646 2309 τοῦ
3719 2272 3779 2307 τε

398 2350 782 2415 Volusianum
799 2347 956 2427 gravi
990 2345 1198 2408 morbo
1216 2364 1595 2427 oppressum,
1615 2346 1715 2426 qui
1738 2346 2026 2427 ejushabi-

2121 2345 2406 2422 σχήματος
2468 2343 2627 2410 αὐτὴν
2671 2340 2950 2418 ἐκπλαγεὶς
2992 2341 3077 2396 οιαὶ
3132 2344 3233 2407 τῆς
3288 2360 3346 2394 τε
3402 2340 3620 2418 μορφῖις
3678 2344 3779 2397 καί

400 2453 520 2505 tum
551 2425 897 2518 admiratus,
936 2425 1270 2513 formaeque
1292 2425 1349 2497 et
1395 2425 1645 2498 vestitus
1699 2425 2026 2498 incredibili

2120 2431 2315 2499 στολῆς
2370 2432 2643 2504 θαυμάσας
2698 2431 2796 2497 τὴν
2855 2426 3146 2507 παράδοξον
3210 2425 3515 2500 μεταϐολὴν
3589 2427 3778 2507 ἐτερύ-

397 2542 457 2595 et
497 2527 800 2612 inopinata
855 2516 1216 2605 stupefactus
1276 2524 1598 2586 mutatione
1653 2526 2026 2602 (extenuatus

2120 2544 2271 2599 χωτο
2300 2522 2398 2598 γὰρ
2421 2520 2487 2595 τῇ
2516 2521 2739 2590 ἀσκήσει
2770 2519 2906 2576 πάνυ
2939 2519 3033 2586 τὴν
3090 2517 3236 2592 ὄψιν)
3288 2516 3426 2594 μέγα
3489 2521 3612 2575 οἷον
3646 2519 3779 2575 ἆνε-

397 2620 555 2684 enim
585 2604 713 2680 erat
745 2615 874 2695 ejus
903 2613 1095 2675 vultus
1147 2612 1589 2692 exercitatione)
1642 2629 1854 2691 magna
1898 2631 2026 2675 voce

2120 2630 2335 2686 κραγον.
2370 2607 2445 2662 "tl
2475 2608 2597 2663 οἴαν
2626 2628 2710 2687 σε,
2761 2606 2978 2673 Μελάνη
3028 2604 3280 2684 φιλτάτη,
3342 2604 3393 2670 ἐξ
3444 2604 3570 2670 οἵας
3628 2609 3775 2685 ὸρῶί

402 2705 745 2772 exclamavit
775 2692 792 2767 ξ
823 2700 869 2765 Ο
902 2702 1134 2781 qualem
1167 2719 1236 2762 ex
1294 2700 1451 2780 quali
1494 2710 1550 2762 te
1592 2700 1760 2762 video
1811 2703 2026 2765 Melana

2123 2694 2186 2753 Ἦ
2218 2695 2271 2752 δέ
2301 2697 2562 2775 πρόφασιν
2614 2696 2832 2775 εὑροῦσα
2885 2697 2977 2751 τὸν
3009 2694 3191 2770 λόγον,
3252 2692 3342 2758 Ἐξ
3398 2694 3531 2770 ἐμοῦ
3578 2697 3770 2769 τοίνυν,

402 2794 776 2860 charissima.
837 2780 944 2851 Illa
999 2806 1137 2851 vero
1194 2806 1266 2850 ex
1320 2788 1450 2868 ejus
1487 2808 1766 2852 sermone
1808 2800 2026 2872 sumpta

2121 2786 2269 2867 εἶπε,
2301 2787 2388 2843 καὶ
2418 2786 2500 2859 σὺ,
2528 2787 2572 2839 ὦ
2620 2786 2847 2863 μακάριε
2904 2788 3040 2863 θεῖε,
3096 2780 3372 2862 παιδεύου,
3431 2785 3524 2840 καὶ
3573 2781 3765 2863 δεῖγμα

401 2883 742 2954 occasione,
772 2878 824 2942 Α
868 2896 962 2939 me
993 2895 1132 2956 ergo
1164 2884 1224 2939 tu
1274 2896 1531 2959 quoque,
1588 2881 1796 2961 inquit,
1848 2870 2026 2957 disce,

2124 2878 2226 2932 τῶν
2258 2872 2561 2950 μελλόντων
2592 2874 2800 2951 ἀγαθῶν
2833 2870 3096 2945 λάμϐανε,
3131 2871 3227 2936 Ὠς
3260 2870 3365 2929 οὔδ’
3417 2870 3480 2928 ἂν
3512 2872 3621 2951 ἔγὼ
3673 2895 3769 2931 το-

403 2995 437 3037 ο
487 2973 657 3034 beate
705 2974 937 3049 patrue,
1001 2975 1058 3028 et
1110 2965 1315 3047 accipe
1364 2958 2026 3032 indicium'futurorum

2125 2965 2321 3032 σαύτης
2353 2964 2748 3042 ὑπερεφρόνησα
2779 2961 2959 3042 δόξης,
3002 2958 3109 3021 οὐδ’
3161 2960 3224 3019 ἂν
3285 2962 3614 3042 χρημάτων,
3672 2961 3773 3023 οὐδ’

398 3064 712 3127 bonorum.
738 3053 882 3118 Nam
912 3073 1023 3116 nec
1053 3073 1159 3133 ego
1188 3064 1409 3117 tantam
1437 3055 1765 3137 despicatui
1790 3058 2026 3136 gloriam

2124 3054 2186 3109 ἂν
2243 3052 2409 3118 οὕτως
2468 3052 2627 3110 αὖτοῦ
2703 3051 3041 3127 κατημέλουν
3095 3057 3190 3108 τοῦ
3263 3053 3535 3126 σώματος,
3597 3054 3646 3108 εἰ
3706 3052 3779 3128 μὴ

398 3148 761 3219 habuissem,
799 3162 909 3206 nec
942 3143 1275 3224 pecuniam,
1311 3163 1421 3206 nec
1448 3143 1799 3226 abjecissem
1831 3164 2026 3209 curam

2123 3144 2308 3217 πολλῷ
2364 3143 2564 3200 τούτων
2621 3141 2948 3216 ἐπεπείσμην
3007 3140 3220 3216 μείζονα
3268 3141 3404 3215 μετὰ
3444 3142 3626 3221 βραχὺ
3674 3140 3779 3213 λή-

398 3249 586 3332 ipsius
615 3242 905 3325 corporis,
937 3240 1052 3302 nisi
1084 3259 1429 3320 persuasum
1461 3242 1768 3317 haberem,
1818 3263 1914 3306 me
1945 3246 2026 3307 his

2121 3236 2335 3307 ψεσθαι.
2368 3230 2440 3290 Οὔ
2470 3230 2535 3288 δι’
2574 3231 2764 3299 ἑαυτῆς
2806 3229 2860 3286 δέ
2892 3229 3078 3309 μόνον,
3114 3228 3252 3287 ἀλλά
3279 3230 3366 3286 καὶ
3415 3218 3501 3286 διὰ
3553 3218 3780 3289 πολλῶν

399 3317 748 3430 propediem
782 3342 954 3419 longe
982 3339 1208 3418 majora
1233 3348 1632 3420 accepturam.
1670 3340 1799 3404 Non
1839 3362 1945 3423 per
1973 3362 2026 3406 se

2119 3320 2298 3378 ἄλλων
2329 3322 2489 3397 ὕπῄει
2529 3321 2619 3378 τὸν
2676 3317 2837 3396 ἄνδρα
2893 3322 2928 3389 ἡ
2989 3320 3242 3395 μακαρία,
3304 3319 3392 3377 καὶ
3451 3320 3513 3375 τὸ
3582 3320 3779 3377 ἐκείνω

2166 3409 2213 3430 ’ρ
2339 3409 2361 3429 ἢ
2491 3409 2511 3430 Ἴ
2565 3411 2576 3427 Ι
2724 3409 2738 3430 9
2868 3407 2915 3430 IS
2954 3415 2981 3430 ν
3164 3410 3212 3430 A‘
3288 3406 3332 3430 5‘
3476 3410 3491 3430 ς
3548 3408 3574 3430 ιν
3605 3410 3618 3427 \
3757 3413 3779 3430 γ

396 3455 594 3512 autem
625 3440 837 3513 solam,
863 3439 968 3500 sed
1002 3455 1107 3517 per
1138 3437 1350 3498 multos
1382 3456 1616 3519 quoque
1644 3440 1792 3501 alios
1821 3440 1882 3501 in
1906 3442 2037 3521 ejus

392 3543 651 3599 mentem
683 3534 906 3597 sensim
938 3531 1238 3612 irrepebat
1293 3534 1362 3597 Β,
1390 3534 1646 3611 Melana,
1677 3543 1736 3596 et
1766 3536 1893 3616 ejus
1922 3537 2037 3599 fal-

390 3654 514 3697 sam
544 3634 895 3713 religionem
952 3631 1227 3694 studebat
1265 3631 1641 3716 labefactare,
1670 3640 1825 3698 sicut
1857 3637 2035 3699 etiam

390 3755 496 3817 per
520 3733 1031 3816 sapientissimum
1061 3731 1365 3808 Proclum,
1388 3735 1558 3813 cujus
1581 3733 1720 3796 ﬁdei
1749 3743 1886 3797 tunc
1910 3745 2035 3799 erat

391 3828 648 3897 creditus
663 3851 834 3895 sacer
846 3832 1044 3894 clavus
1060 3830 1337 3893 Ecclesiae
1351 3834 2032 3915 ConstantinOpolitanae.

2121 3409 2277 3475 σέϐας
2334 3409 2659 3467 διασαλεύειν
2721 3407 3033 3483 ἐσπούδαζε,
3094 3410 3228 3465 καθὰ
3283 3406 3348 3476 δὴ
3405 3410 3493 3465 καὶ
3542 3408 3633 3467 διὰ
3691 3413 3785 3467 τοῦ

2121 3501 2426 3580 σοφωτάτου
2485 3499 2746 3573 Πρόκλου,
2811 3496 3423 3561 Κωνσταντινουπόλεως
3477 3499 3614 3556 τότε
3659 3501 3783 3566 τοὺς

2117 3591 2282 3667 ἱεροὺς
2316 3590 2504 3653 οἵσκας
2557 3587 2977 3663 πεπιστευμένου
3035 3593 3137 3654 τῆς
3194 3585 3536 3664 Ἐοικλησίας,
3593 3591 3657 3645 ὃν
3715 3582 3785 3657 δὴ

2117 3682 2204 3737 καὶ
2232 3682 2364 3759 πρὸς
2402 3682 2556 3739 αὐτὸν
2584 3680 2903 3758 ἀφικόμενον
2958 3678 3252 3746 ὖποθήκαις
3288 3697 3344 3732 τε
3404 3680 3502 3745 τῆς
3559 3680 3785 3754 θαυμα-

2116 3768 2232 3831 σίας
2315 3768 2562 3834 Malim;
2647 3767 2776 3843 πρὸς
2863 3762 3131 3822 εὐσέϐειαν
3224 3765 3523 3840 ἷθυνὸμενον
3599 3767 3777 3832 οὕτως

2120 3856 2327 3914 ἐκεῖνοι
2349 3857 2613 3930 θαυμάσαι
2644 3855 2884 3932 λέγεται.
2946 3853 3084 3910 ὥστε
3144 3851 3208 3921 δὴ
3265 3855 3353 3911 καὶ
3406 3856 3580 3913 εἰπεῖν
3642 3860 3784 3931 μετὰ

389 3929 499 4002 Qui
531 3949 662 3990 cum
697 3929 766 3991 ad
827 3949 961 3991 eum
1013 3929 1288 4003 venisset.
1338 3939 1394 3991 et
1450 3948 1628 3994 suasu
1688 3932 1754 3996 Β.
1793 3934 2026 3997 Melana;

2119 3947 2214 4015 τὴν
2246 3946 2526 4025 ἐπίγνωσιν
2556 3950 2653 4013 τῆς
2683 3929 2934 4011 ἀληθείας
2966 3945 3062 4016 ὡς,
3096 3942 3150 3999 εἴ
3180 3965 3241 4022 γε
3297 3944 3566 4008 τοιούτους
3628 3929 3781 4023 τρετς

389 4046 524 4090 cum
557 4026 629 4088 ad
663 4027 940 4107 pietatem
972 4026 1278 4104 dirigeret,
1327 4027 1378 4088 is
1410 4028 1626 4091 dicitur
1674 4028 1840 4091 illum
1885 4029 2034 4092 adeo

389 4142 523 4189 esse
578 4124 920 4198 admiratus,
983 4133 1043 4187 ut
1101 4125 1275 4187 etiam
1333 4126 1547 4189 dixerit
1596 4136 1730 4207 post
1776 4129 2032 4204 agnitam

2117 4039 2151 4105 ἡ
2212 4034 2482 4110 Ῥωμαίων
2538 4035 2720 4113 εἶχεν,
2787 4031 2892 4089 οὔδ’
2950 4032 3012 4089 ἂν
3067 4032 3185 4090 ἐκεῖ
3242 4031 3357 4090 οὖδέ
3415 4033 3588 4109 ὄνομά
3643 4058 3782 4093 ποτε

2118 4126 2393 4204 ⁸Ελλήνων
2423 4126 2564 4188 τινος
2596 4123 2845 4191 ἠκούετο,
2881 4122 3050 4179 Ἀλλά
3077 4121 3242 4179 ταῧτα
3278 4125 3374 4199 μὶν
3404 4124 3650 4202 ὕστερον,

387 4218 719 4291 veritatem,
756 4218 915 4295 quod
968 4219 1015 4280 si
1049 4217 1237 4281 Roma
1293 4228 1412 4281 tres
1442 4220 1694 4282 haberet
1743 4222 1912 4296 tales,
1947 4239 2024 4283 ne
2072 4219 2196 4283 illic
2227 4217 2471 4299 quidem
2506 4233 2721 4279 nomen
2776 4233 3036 4296 unquam
3068 4215 3377 4279 audiretur
3430 4218 3776 4296 gentilium.

384 4308 507 4374 Sed
539 4309 665 4371 haec
695 4308 935 4389 quidem
970 4317 1196 4390 postea.

466 4401 679 4464 XXIX.
710 4401 1021 4482 Postquam
1053 4411 1248 4463 autem
1290 4400 1643 4464 Volusianus
1693 4405 1878 4467 sensit
1906 4404 2026 4467 Me-

2196 4404 2323 4467 KO’.
2357 4403 2511 4470 Ἐπεὶ
2568 4402 2624 4459 δὲ
2682 4402 2871 4479 ᾔσθετο
2913 4404 3012 4470 τὴν
3072 4403 3321 4471 Μελάνην
3378 4406 3406 4461 ὁ
3476 4404 3772 4463 Βολοσιανὸ

384 4492 578 4554 lanam
613 4491 763 4552 velle
794 4492 1216 4571 imperatorem
1250 4509 1484 4571 quoque
1514 4491 1589 4553 ad
1646 4492 1705 4553 id
1757 4493 2030 4575 incitare,

382 4579 606 4643 veritus
638 4580 931 4660 protinus,
952 4598 1026 4640 ne
1057 4578 1376 4640 violentum
1408 4589 1465 4641 ot
1493 4599 1611 4643 non
1635 4582 2028 4646 voluntarium

380 4676 759 4750 reputaretur
771 4687 902 4731 esse
934 4667 1246 4749 baptisma,
1264 4677 1320 4731 et
1349 4689 1522 4750 quam
1539 4690 1609 4734 ex
1632 4689 1701 4733 eo
1719 4682 1874 4734 esset
1891 4692 2026 4735 con-

381 4767 718 4839 secuturus,
751 4765 879 4840 ipse
915 4759 1193 4820 mercede
1226 4758 1583 4839 privaretur,
1615 4779 1742 4823 eam
1774 4780 1807 4823 a
1836 4771 2029 4843 erepto

379 4847 703 4931 prohibuit.
739 4847 810 4910 Et
842 4847 893 4911 is
922 4849 1186 4929 quidem,
1236 4857 1299 4910 ut
1342 4849 1613 4911 dicemus
1664 4850 1838 4930 paulo
1870 4859 2023 4931 post,

377 4956 503 5001 rem
530 4959 562 5000 a
596 4957 661 5000 se
694 4937 764 4999 ad
797 4938 1077 5020 implevit,
1115 4946 1171 4999 et
1214 4938 1488 5019 abjurata
1523 4939 1831 5019 gentilium
1889 4940 2023 5019 opi-

375 5029 579 5108 nione,
616 5028 915 5092 traductus
943 5040 1036 5091 est
1070 5028 1142 5089 ad
1174 5028 1494 5093 Christum.
1546 5029 1651 5091 Illa
1692 5037 1885 5092 autem
1916 5048 2026 5092 nec

373 5118 625 5181 aliorum
649 5138 887 5200 quoque
910 5138 1108 5181 curam
1131 5118 1371 5199 abjecit.
1401 5118 1518 5181 Sed
1548 5137 1679 5180 cum
1707 5129 1845 5180 tunc
1868 5126 2027 5181 esset

375 5218 580 5271 exorta
608 5206 865 5270 Nestorii
893 5207 1349 5286 bIaSphemia,et
1379 5208 1671 5287 malignus
1705 5208 1921 5270 multos
1961 5209 2023 5270 in

376 5317 642 5359 errorem
672 5297 998 5360 adduceret
1027 5298 1205 5360 etiam
1236 5316 1305 5358 ex
1337 5297 1407 5358 iis
1437 5296 1543 5374 qui
1568 5306 1735 5359 erant
1758 5298 1819 5359 in
1842 5296 2022 5361 verbo

377 5388 667 5464 veritatis,
704 5389 831 5468 ipsa
872 5396 999 5449 erat
1029 5405 1162 5463 quae
1209 5405 1482 5464 magnum
1544 5388 1826 5466 adversus
1883 5405 2019 5449 eum

373 5475 563 5537 inibat
591 5486 914 5555 certamen,
942 5493 1276 5556 vanumque
1296 5485 1354 5537 et
1376 5476 1554 5536 inane
1578 5477 1863 5539 reddebat
1884 5477 2018 5555 ejus

370 5564 694 5643 sophisma,
722 5573 780 5627 et
808 5564 882 5626 ab
903 5582 1116 5627 aurora
1136 5582 1324 5644 usque
1348 5582 1653 5645 vesperam
1676 5566 1744 5626 iis
1760 5583 2014 5645 respon-

371 5652 546 5729 dens,
580 5654 679 5735 qui
712 5671 838 5715 eam
873 5653 1343 5734 interrogabant,
1371 5651 1693 5733 multisque
1716 5663 1787 5716 ex
1816 5655 1891 5716 iis
1911 5654 2014 5735 qui

368 5742 605 5825 decepti
658 5744 914 5823 fuerant,
967 5742 1357 5825 persuadens,
1407 5748 1469 5803 et
1524 5759 1626 5805 eos
1684 5744 2003 5807 reducens.

2112 4496 2200 4551 καὶ
2256 4492 2476 4570 βασιλέα
2546 4492 2821 4569 βούλεσθαι
2868 4494 3000 4571 πρὸς
3046 4501 3201 4551 τοῦτο
3264 4508 3604 4573 παρακινεῖν,
3659 4493 3770 4551 δεί-

2114 4606 2207 4647 σας
2267 4585 2410 4648 εὖθὺς
2471 4583 2547 4658 μὴ
2601 4582 2719 4659 βίᾶς
2778 4579 2980 4657 μᾶλλον
3050 4581 3171 4638 ἀλλ’
3226 4584 3355 4662 οὐχί
3429 4584 3655 4660 γνώμης
3709 4585 3770 4641 τὸ

2110 4674 2387 4750 βάπτισμα
2416 4673 2718 4748 νομισθείη,
2757 4672 2843 4728 καὶ
2890 4674 2993 4727 τῶν
3052 4670 3136 4728 ἐπὶ
3193 4671 3361 4746 τούτῳ
3418 4675 3623 4748 μισθῶν
3672 4674 3769 4730 αύ-

2108 4764 2200 4826 τὸς
2230 4761 2532 4841 στερηθείη,
2591 4758 2837 4840 ἀπεῖρξεν
2895 4761 3058 4827 αὐτὴν
3116 4769 3209 4832 τῆς
3270 4762 3468 4841 ὁρμῆς,
3540 4763 3631 4818 καὶ
3694 4763 3770 4825 ὡς

2109 4849 2228 4928 μετ’
2261 4851 2436 4930 ὀλίγος
2483 4851 2725 4930 ἐροῦμεν,
2783 4848 2873 4921 ἀφ’
2932 4848 3119 4906 ἑαυτοῦ
3174 4851 3237 4907 τὸ
3297 4872 3519 4928 πραγμα
3586 4850 3767 4922 ἐπλή-

2108 4963 2222 5019 ρου,
2281 4942 2369 4998 καὶ
2420 4941 2518 5008 τὴν
2581 4939 2778 5007 ἔλληνα
2833 4937 2987 5004 δόξαν
3043 4938 3434 5016 ἐξομοσάμενος
3507 4942 3643 5020 πρὸς
3701 4941 3767 4997 τὰ

2108 5036 2437 5109 Χριστιανῶν
2466 5029 2815 5106 μετετάξατο.
2846 5030 2911 5085 Ἣ
2942 5026 2998 5084 δὲ
3030 5026 3147 5087 οὐδὲ
3175 5035 3280 5087 τῶν
3331 5027 3511 5086 ἄλλων
3559 5030 3621 5086 τὸ
3653 5041 3765 5086 πά-

2106 5122 2277 5199 ρᾶπαν
2301 5119 2513 5195 ἠμέλει,
2575 5117 2714 5176 ἀλλὰ
2772 5119 2859 5174 καὶ
2910 5121 3011 5184 τῆς
3071 5119 3351 5197 Νεστορίου
3407 5118 3529 5175 τότε
3587 5117 3764 5195 βλασ-

2104 5213 2307 5291 φημίας
2362 5211 2578 5290 φυείσης
2635 5209 2730 5265 καί
2790 5206 2884 5264 τοῦ
2941 5216 3174 5287 πονηροῦ
3229 5206 3462 5271 πολλοὺς
3516 5209 3607 5265 καὶ
3657 5213 3766 5264 τῶν

2105 5301 2159 5356 ἐν
2190 5299 2336 5378 λόγῳ
2362 5299 2457 5367 τῆς
2489 5297 2737 5364 ἀληθείας
2789 5294 3234 5376 ἀποπλανῶντος,
3284 5298 3416 5364 αὕτη
3464 5298 3534 5363 ἧν
3563 5298 3599 5364 ἡ
3651 5318 3764 5353 πο·-

2102 5388 2187 5464 λὺ,
2234 5392 2404 5463 ἀὖτῷ
2472 5390 2567 5445 τὸν
2610 5388 2792 5464 ἀγῶνα
2874 5391 3205 5458 περιιστῶσα
3286 5387 3377 5443 καὶ
3451 5394 3762 5461 ματαιοῦσα

2098 5480 2160 5537 τὸ
2194 5480 2429 5557 σόφισμα
2460 5477 2511 5543 ἐξ
2543 5477 2616 5534 ἕω
2644 5498 2701 5533 τε
2735 5474 2927 5554 μέχρις
2964 5475 3213 5551 ἑσπέρας,
3265 5489 3384 5539 τοῖς
3440 5476 3569 5554 περὶ
3626 5476 3762 5532 τὸύ-

2098 5590 2203 5626 των
2233 5573 2501 5648 ὶρωτῶσιν
2550 5565 2946 5642 ἀποκρινομένη
2997 5566 3083 5622 καὶ
3145 5565 3377 5627 πολλοὺς
3436 5570 3545 5621 τῶν
3600 5567 3753 5632 ἧπα-

2095 5657 2342 5733 τημὲνων
2414 5655 2804 5734 μεταπείθουσά
2859 5675 2918 5711 τε
2989 5655 3079 5711 καὶ
3146 5653 3507 5734 ἐπανάγουσα.
3598 5652 3757 5712 Ὅθεν

2093 5749 2122 5805 ὁ
2158 5749 2385 5828 πονηρὸς
2418 5748 2514 5817 τὴν
2544 5749 2711 5815 ἧτταν
2741 5745 2818 5823 μὴ
2880 5743 3079 5825 φέρων,
3111 5745 3185 5812 εἷς
3214 5742 3375 5825 ἄνδρα
3432 5741 3757 5822 μεταϐαλὼν
