4022 6146
263 281 381 346 785

1585 275 1771 340 VITA
1829 274 1891 339 S.
1939 273 2299 336 MELAN/E.

3504 271 3622 339 786

261 416 454 473 ἑαυτὸν
496 417 583 473 καὶ
611 413 838 477 ἐλεεινὸς
893 411 1062 493 ὀφθεὶς
1108 412 1197 469 σὺν
1246 409 1469 487 μελαίνῃ
1529 410 1621 466 καί
1667 410 1897 486 πενθίμῳ

1986 408 2384 481 Quamobrem
2420 406 2709 484 malignus
2741 424 2805 468 se
2835 405 2910 469 ab
2939 419 3009 470 ea
3053 407 3209 470 vinci
3242 426 3358 473 non
3389 408 3611 485 ferens,

264 506 431 583 στολῇ
484 505 753 587 ἐφίσταται
809 501 985 584 φοϐῶν
1056 500 1219 568 ain-iw
1279 500 1365 557 καὶ
1420 500 1487 556 τὰ
1543 497 1903 578 χαλεπώτατα

261 596 501 653 ἀπειλῶν
528 586 548 630 ⁷·
596 596 685 651 καὶ
740 597 924 670 πρῶτα
966 591 1065 667 μὲν
1126 589 1281 646 αὐτοῦ
1336 586 1596 666 βασιλέως
1653 590 1740 645 καὶ
1796 594 1902 645 τῶν

260 686 600 764 θεραπόντων
654 684 813 740 αὒτοῠ
866 682 963 748 τὴν
1037 679 1249 758 καρδίαν
1306 676 1629 755 μεταϐαλεῖν
1685 679 1773 734 καὶ
1828 679 1900 741 εἰς

256 776 318 831 τὸ
363 772 595 849 ἔμπαλιν
648 776 980 848 μεταθεῖναι,
1011 768 1198 826 ἔπειτα
1245 766 1299 824 δὲ
1354 769 1598 842 οἰκτίστῳ
1626 766 1767 823 τέλει
1810 768 1902 824 τὸν

253 865 366 941 βίον
411 862 701 921 ἀπολιπεῖν
754 862 948 926 ταύτην
1004 858 1425 937 παρασκευαίσαι,
1477 855 1681 920 ὀδύναις
1733 860 1898 936 βαρυ-

259 954 447 1018 τάταις
494 954 963 1030 κατεργασθετσαν.
1008 948 1076 1006 Ἠ
1103 948 1158 1005 δὲ
1201 948 1404 1027 τέχνην
1446 948 1588 1005 εἶναι
1618 948 1781 1005 ταῦτα
1809 954 1901 1005 τοῦ

258 1065 495 1120 πονηρου
551 1053 794 1120 συνεῖσα,
838 1040 901 1096 τὸ
958 1048 1048 1097 τοὺ
1118 1044 1340 1116 Χριστοῦ
1380 1036 1547 1112 ὄνομα
1590 1038 1688 1106 τὴν
1730 1040 1899 1116 βαρυ-

256 1132 427 1199 τάτην
485 1130 685 1188 ἐκείνου
742 1129 977 1206 μάστιγα
1037 1126 1160 1185 κατ’
1221 1130 1379 1184 αὐτοῦ
1433 1125 1666 1186 καλοῦσα
1723 1130 1898 1208 ἀφανῆ

257 1228 448 1279 τοῦτον
513 1225 845 1299 παραχρῆμα
876 1218 1042 1275 ἐποίει
1076 1233 1091 1248 ⁶
1126 1217 1248 1273 εἶτα
1278 1216 1746 1292 μεταστειλαμὲνη
1776 1216 1901 1286 διηπ-

259 1314 473 1388 γεϊσθαι
529 1308 664 1381 ἅπερ
721 1306 835 1365 εἶδέ
889 1329 949 1364 τε
1019 1307 1104 1363 καὶ
1147 1307 1377 1376 ἀκήκοεν
1422 1305 1565 1386 ἄφνω
1608 1308 1666 1363 τὸ
1728 1309 1901 1387 ἰσχίον

259 1399 421 1475 ὀδύνῃ
450 1396 701 1475 βάλλεται
760 1397 855 1454 καῖ
910 1394 1047 1453 οὕτω
1088 1394 1318 1475 δριμείᾳ,
1368 1396 1442 1459 ὡς
1473 1395 1680 1474 ἄφωνόν
1710 1418 1766 1453 τε
1798 1397 1896 1454 αὒ-

258 1490 362 1556 τὴν
418 1489 565 1552 εὐθὺς
622 1491 974 1561 καταστῆναι,
1022 1488 1110 1543 καὶ
1151 1484 1336 1560 μηδενὶ
1382 1482 1507 1559 μηδ’
1562 1483 1698 1550 ὅλως
1756 1487 1899 1543 εἶναι

258 1576 666 1656 διαμφιϐαλὶειν
707 1576 787 1632 ὅτι
820 1576 896 1643 μὴ
925 1575 1200 1654 προφανὴς
1250 1576 1317 1640 ἧν
1376 1580 1469 1630 τοῦ
1528 1576 1719 1654 ἐχθροῦ
1776 1574 1897 1632 ἐπί-

258 1670 427 1729 θεσις.
475 1666 624 1725 Οὕτω
654 1670 753 1732 τῆς
796 1663 983 1732 ὀδύνης
1032 1664 1164 1740 αὒτῇ
1206 1665 1294 1719 καὶ
1350 1665 1420 1728 εἷς
1477 1661 1530 1728 ’ἐξ
1574 1667 1898 1741 παραταθεί-

1985 499 2045 558 in
2069 499 2258 559 virum
2280 498 2409 577 ejus
2430 504 2842 571 conversus,et
2864 499 2915 559 ei
2940 512 3234 578 apparens
3254 499 3615 562 miserabilis

1985 606 2119 649 cum
2148 585 2382 665 lugubri
2440 595 2497 647 et
2524 586 2692 666 nigra
2719 594 2903 663 veste,
2935 587 3166 648 accedit
3196 606 3324 650 eam
3356 595 3610 666 terrens,

1985 688 2044 738 et
2073 677 2269 755 gravia
2299 676 2599 753 minitans,
2638 683 2696 738 et
2738 676 2995 756 primum
3029 677 3271 758 quidem
3310 697 3378 740 se
3429 678 3615 760 ipsius

1983 766 2360 844 imperatoris
2390 774 2448 828 et
2468 768 2598 844 ejus
2618 766 2968 829 famulorum
3011 784 3118 829 cor
3147 774 3531 846 mutaturum,
3558 774 3619 830 et

1985 859 2045 919 in
2076 857 2436 918 contrarium
2474 855 2916 937 traducturum;
2951 857 3172 918 deinde
3201 859 3377 921 etiam
3410 868 3472 921 ut
3499 859 3616 921 mi-

1982 946 2221 1008 serabili
2255 951 2411 1007 exitu
2436 946 2608 1006 vitam
2642 946 2860 1027 ﬁniret,
2887 955 3364 1027 procuraturum,
3393 950 3618 1026 gravis-

1984 1035 2152 1097 simis
2209 1035 2475 1097 confecta
2530 1034 2853 1097 doloribus.
2919 1037 3023 1097 llla
3073 1046 3272 1101 autem
3323 1038 3449 1101 haec
3483 1057 3617 1101 esse

1983 1132 2173 1189 artem
2209 1124 2447 1203 maligni
2497 1125 2854 1204 intelligens,
2910 1127 3129 1189 Christi
3180 1145 3423 1202 nomen,
3458 1130 3614 1210 quod

1982 1214 2387 1295 gravissimam
2420 1214 2503 1275 illi
2533 1213 2758 1295 plagam
2781 1215 2972 1291 affert,
2998 1223 3303 1299 invocans,
3330 1218 3525 1281 eﬂ'ecit
3552 1226 3619 1281 ut

1984 1305 2035 1366 is
2092 1305 2287 1366 statim
2342 1313 2747 1367 evanesceret.
2801 1306 3034 1369 Deinde
3083 1326 3219 1369 cum
3271 1311 3619 1371 accersisset

1984 1412 2121 1457 eum
2143 1394 2242 1474 qui
2267 1400 2392 1454 erat
2420 1411 2552 1454 cum
2579 1399 2731 1474 ipsa,
2767 1397 3163 1478 sacerdotem,
3208 1404 3265 1458 et
3293 1397 3617 1478 incepisset

1982 1499 2225 1544 narrare
2258 1500 2324 1543 ea
2353 1500 2484 1563 quae
2508 1482 2741 1545 viderat
2770 1492 2827 1545 et
2851 1478 3333 1565 audierat,sentit
3363 1493 3612 1567 repente

1981 1572 2247 1634 dolorem
2307 1571 2371 1632 in
2429 1571 2776 1648 coxendice,
2830 1591 3087 1655 eumque
3114 1575 3263 1637 adeo
3294 1594 3519 1651 acrem,
3553 1582 3617 1637 ut

1982 1679 2051 1723 ea
2081 1678 2285 1721 vocem
2312 1662 2599 1735 amiserit,
2633 1671 2693 1722 et
2750 1679 2926 1723 nemo
2986 1662 3345 1726 dubitaverit
3388 1662 3447 1724 id
3481 1680 3614 1725 esse

258 1779 362 1824 σης
405 1755 606 1835 ἡμέρας
650 1755 743 1812 καί
786 1752 904 1812 κατ’
933 1753 1137 1820 ἐκείνην
1181 1750 1414 1828 μάλιστα
1461 1755 1562 1820 τὴν
1611 1754 1751 1832 ὥραν
1804 1761 1897 1812 τοῦ

1985 1750 2361 1813 manifestum
2389 1749 2618 1811 inimici
2648 1750 2960 1813 insultum.
2996 1753 3141 1815 Cum
3175 1753 3260 1815 sic
3299 1752 3355 1815 ei
3388 1752 3610 1828 produ-

259 1845 433 1903 δεινοῦ
480 1847 579 1913 τὴν
622 1846 895 1902 ἐπίστασιν
941 1842 1259 1922 δεχομένου,
1293 1842 1349 1898 ἐν
1389 1842 1424 1917 ᾗ
1470 1844 1562 1899 τὸν
1606 1865 1663 1899 τε
1694 1843 1897 1919 μέλανα

1985 1847 2112 1903 ctus
2143 1848 2301 1902 esset
2329 1840 2502 1902 dolor
2557 1839 2628 1900 ad
2689 1858 2791 1902 sex
2849 1859 3039 1921 usque
3068 1841 3220 1916 dies,
3255 1849 3313 1904 et
3342 1842 3442 1904 illa
3469 1843 3616 1905 hora

259 1933 376 1993 εἶδε
432 1936 521 1992 καὶ
548 1935 643 1999 τὰς
685 1934 908 1997 ἀπειλὰς
938 1931 1187 2005 ἤκουσεν,
1222 1931 1336 1988 ἐπεὶ
1364 1936 1461 1989 καὶ
1492 1934 1527 2000 ἡ
1559 1930 1759 2008 ἑϐδόμη
1789 1955 1897 1991 πα-

1985 1930 2240 1992 maxime
2270 1929 2487 1991 malum
2521 1928 3082 2008 intenderetur,qna
3109 1931 3343 2010 nigrum
3365 1949 3615 2011 aspexe-

259 2026 359 2104 ρῆν
414 2027 503 2082 καὶ
561 2026 598 2092 ἡ
652 2023 876 2089 τελευτὴ
934 2020 1291 2100 προσδόκιμος
1337 2021 1402 2089 ἦν
1428 2070 1444 2101 ,
1504 2021 1776 2102 ἐφίσταταί
1818 2045 1897 2088 τις

1985 2027 2074 2082 rat
2100 2028 2158 2081 et
2187 2019 2378 2081 minas
2407 2018 2715 2082 audiverat
2749 2019 2979 2100 (aderat
3034 2020 3195 2081 enim
3246 2019 3374 2083 dies
3425 2021 3612 2101 septi-

260 2112 616 2191 ἂπαγγέλλων
647 2112 804 2189 αὖτῇ,
840 2112 1011 2191 ἀθρόῳ
1063 2109 1204 2167 τέλει
1259 2112 1350 2167 τὸν
1387 2113 1532 2167 θετον
1575 2111 1697 2169 ὅσον
1754 2112 1897 2171 οὔπω

1985 2112 2159 2184 mus),
2192 2107 2423 2171 accedit
2450 2109 2685 2189 aliquis,
2710 2111 3060 2172 renuntians
3081 2119 3355 2190 patruum
3381 2110 3617 2174 venisse

261 2202 577 2261 κινδυνεύειν
606 2203 831 2259 ἂποθανε
839 2213 913 2263 ϊν.
1718 2214 1721 2219 ·

1985 2199 2046 2261 in
2068 2198 2427 2279 periculum,
2461 2217 2536 2261 ne
2561 2198 2874 2279 repentina
2903 2206 3090 2263 morte
3114 2200 3290 2261 vitam
3325 2218 3457 2262 mox
3482 2200 3615 2262 tini-

1981 2298 2098 2350 ret.

347 2374 433 2445 A'.
479 2382 643 2441 Τοῦτο
686 2381 861 2448 ἐκείνη
917 2378 1132 2451 ἤκουσε,
1166 2380 1336 2436 καίτοι
1385 2378 1579 2460 σχεδὸν
1636 2379 1897 2450 ἀκινήτως

2063 2380 2250 2443 XXX.
2284 2378 2408 2445 Hoc
2462 2387 2771 2459 postquam
2829 2380 2930 2441 illa
2957 2378 3198 2455 audivit,
3233 2381 3341 2440 etsi
3375 2388 3620 2462 propter

268 2474 470 2554 ἔχουσα
516 2475 584 2548 τῇ
638 2480 731 2530 τοῦ
784 2470 963 2550 ἰσχίου
1020 2469 1231 2550 πληγῇ,
1277 2470 1573 2539 παραυτίκα
1634 2470 1897 2545 βασταζο-

1988 2469 2257 2530 dolorem
2291 2469 2633 2530 coxendicis
2662 2468 2755 2529 vix
2786 2487 2852 2530 se
2900 2474 3096 2549 posset
3133 2486 3393 2544 movere,
3427 2472 3621 2532 mani-

268 2564 405 2640 μὲνη
434 2564 584 2641 χερσὶ
613 2563 701 2617 καὶ
762 2560 960 2639 πορείω
1018 2559 1140 2637 παρ’
1198 2560 1354 2618 αὐτὸν
1394 2558 1627 2621 ἄπεισιν.
1688 2558 1897 2617 Ἐλόπει

1989 2558 2099 2620 bus
2133 2566 2189 2620 et
2213 2557 2429 2641 lectica
2461 2557 2729 2638 protinus
2757 2558 2826 2618 ad
2861 2576 2995 2620 eum
3017 2565 3182 2620 vecta
3202 2559 3619 2637 proﬁciscitur.

265 2654 367 2732 γὰρ
424 2640 585 2719 αὖτὴν
639 2648 833 2731 σφόδρα
895 2652 955 2706 οὒ
1009 2650 1070 2705 τὸ
1126 2649 1373 2718 θνήσκειν
1428 2649 1634 2706 ἐκεῖνον
1694 2647 1897 2730 ἁπλῶς,

1989 2648 2173 2709 Valde
2204 2640 2364 2709 enim
2388 2646 2715 2726 angebatur
2744 2647 2802 2708 in
2834 2665 2922 2727 se,
2950 2665 3067 2707 non
3099 2646 3256 2727 quod
3288 2648 3387 2709 ille
3420 2666 3620 2711 more-

261 2742 401 2799 ἀλλὰ
444 2742 504 2797 τὸ
531 2740 775 2809 θνήσκειν
807 2736 943 2795 οὕτω
971 2740 1059 2795 τὸν
1106 2737 1202 2806 τῆς
1233 2737 1416 2817 ψυχῆς
1465 2737 1712 2818 θάνατον,
1759 2737 1897 2795 οῧπω

1989 2744 2175 2812 retur,
2209 2736 2313 2798 sed
2369 2735 2524 2816 quod
2578 2744 2829 2798 mortem
2879 2735 3103 2798 subiret
3157 2735 3395 2813 animae,
3429 2738 3626 2818 utqui

261 2834 355 2901 τῆς
444 2831 503 2888 ἐκ
581 2838 672 2888 τοῦ
752 2830 1119 2906 βαπτίσματος
1206 2827 1489 2906 ὒφθάρσίας
1589 2828 1897 2903 ἠξιωμένον.

1989 2826 2264 2905 baptismi
2285 2824 2796 2904 incorruptionem
2826 2825 3090 2886 nondum
3117 2833 3276 2886 esset
3295 2835 3623 2893 assecutus.

263 2922 498 2981 Ἔπειτα
543 2920 722 2998 φθάνει
790 2941 870 2984 τις
925 2917 1101 2997 ἕτερος
1178 2918 1395 2992 μηνύων
1454 2919 1587 2994 αὐτῇ
1642 2915 1897 2994 βεϐαπτί-

1988 2915 2218 2978 Deinde
2269 2917 2429 2976 venit
2488 2915 2725 2995 quidam
2758 2914 2930 2992 alius,
2966 2914 3025 2976 ei
3070 2914 3407 2994 significans
3435 2916 3626 2978 virum

263 3016 380 3070 σθαι
413 3012 506 3068 τόν
537 3009 719 3088 ἄνδρα,
747 3010 833 3066 καὶ
866 3007 971 3083 ὅτι,
1003 3007 1200 3073 ταύτην
1228 3004 1414 3073 Επειδὴ
1445 3006 1621 3063 πολλὰ
1663 3009 1897 3078 ζητήσας

1989 3006 2369 3086 baptizatum,
2408 3003 2644 3085 etquod
2669 3021 2804 3064 cum
2832 3021 2959 3064 eam
2980 3021 3135 3084 saepe
3166 3006 3473 3084 quaesitam
3505 3024 3627 3067 non

262 3102 367 3182 οὔχ
410 3102 579 3175 εὗρεν,
611 3098 745 3155 ἀλλὰ
777 3098 916 3173 νόσῳ
946 3096 1265 3176 κατέχεσθαι
1323 3095 1648 3171 μεμαθήκοι,
1687 3094 1897 3176 ὁδηγῶν

1986 3097 2316 3160 invenisset,
2351 3094 2453 3151 sed
2482 3110 2605 3151 eam
2633 3096 2833 3152 morbo
2867 3095 3107 3153 detineri
3136 3094 3629 3161 didicisset.alium

261 3181 425 3249 πάλιν
467 3189 663 3267 ἑτέρων
690 3189 894 3268 τυχὼν,
955 3188 1129 3266 φωτὸς
1187 3183 1251 3241 δι’
1294 3185 1509 3242 ἐκείνων
1537 3187 1646 3250 υίὸς
1677 3186 1897 3267 γίνεται,

1985 3186 2195 3248 ducem
2228 3200 2435 3243 rursus
2468 3190 2696 3256 nactus,
2726 3199 2834 3261 per
2884 3181 3049 3244 illum
3080 3182 3146 3243 tit
3175 3182 3327 3244 lucis
3357 3183 3540 3259 ﬁlius,
3574 3193 3632 3247 et

261 3281 351 3339 καὶ
408 3285 501 3334 τοῦ
552 3278 918 3353 βαπτίσματος
976 3273 1230 3340 ἀξιοῦται.
1301 3274 1511 3330 Τούτων
1554 3275 1685 3351 πρὸς
1735 3276 1897 3343 αὒτὴν

1985 3274 2341 3354 baptismum
2376 3273 2777 3351 consequitur.
2807 3270 2952 3334 Cum
2970 3271 3096 3334 haec
3120 3270 3176 3334 ei
3211 3271 3368 3334 dicta
3398 3283 3625 3355 essent,

266 3368 532 3447 ῥηθέντων
571 3366 776 3441 σύναμα
819 3371 889 3441 τῇ
930 3369 1028 3431 τῆς
1061 3368 1242 3443 ψυχῆς
1272 3362 1527 3441 ἀλγηδόνι
1584 3365 1671 3421 καὶ
1716 3366 1751 3432 ἡ
1810 3370 1897 3420 τοῦ

1985 3383 2116 3426 cum
2144 3363 2351 3424 dolore
2382 3362 2596 3423 anima:
2618 3367 2888 3442 protinus
2910 3361 3356 3424 cessavitetiam
3384 3363 3629 3426 morbus

269 3458 520 3531 σώματος
574 3455 721 3518 esas;
775 3453 1010 3528 ὑπέληγε
1087 3452 1264 3516 νόσος.
1331 3454 1427 3511 Καὶ
1487 3455 1522 3521 ἡ
1584 3453 1678 3525 μὲν
1738 3454 1897 3533 ὀσφὺς

1985 3451 2248 3534 corporis
2285 3472 2298 3512 :
2334 3460 2387 3513 et
2424 3450 2659 3512 lumbus
2685 3451 2927 3531 quidem
2981 3451 3221 3511 carebat
3258 3451 3490 3531 dolore,
3524 3470 3631 3533 pes

264 3545 542 3608 ἀνωδύνως
604 3548 758 3623 εἶχεν
795 3560 808 3576 ⁸
871 3545 899 3600 ὁ
963 3541 1016 3597 δὲ
1058 3549 1189 3604 ποῦς
1233 3542 1488 3615 ἐκινεῖτο,
1525 3544 1609 3599 καὶ
1652 3545 1679 3598 ὁ
1727 3545 1897 3605 κοινὸς

1986 3552 2183 3605 autem
2218 3542 2585 3614 movebatur,
2618 3549 2675 3600 et
2705 3539 3039 3600 communis
3090 3537 3373 3602 inimicus
3403 3541 3628 3603 afﬁcie-

259 3635 545 3710 πολέμιος,
611 3634 838 3713 αἰσχύνῃ
900 3630 1354 3709 συνεκαλύπτετο,
1423 3632 1557 3687 ὥστε
1608 3633 1670 3687 τὸ
1719 3631 1897 3687 λοιπὸν

1988 3631 2159 3692 batur
2179 3630 2472 3692 dedecore
2500 3649 2513 3690 :
2541 3628 2688 3691 adeo
2716 3637 2777 3689 ut
2795 3627 2904 3689 vim
2923 3627 3224 3704 reliquum
3276 3629 3405 3708 ipsa
3430 3647 3535 3709 per
3565 3648 3631 3692 se

258 3727 354 3794 τῆς
387 3724 509 3781 ὁδοῦ
541 3724 672 3793 αὕτη
700 3743 758 3779 τε
787 3720 853 3778 δι’
910 3722 1104 3787 ἑαυτῆς
1155 3720 1270 3799 ᾔει,
1330 3722 1416 3776 καὶ
1443 3723 1489 3776 oi
1518 3720 1764 3799 qépowsq
1790 3719 1897 3775 citvcl

1986 3725 2314 3788 conﬁceret,
2347 3733 2400 3780 et
2424 3723 2521 3794 qui
2544 3722 2867 3793 portabant,
2899 3736 3004 3792 pro
3029 3735 3095 3778 eo
3132 3721 3283 3793 quod
3308 3723 3470 3793 prius
3501 3737 3605 3791 por

260 3823 355 3875 τοῦ
411 3814 692 3892 βαστάζειν
775 3811 869 3874 τὰς
952 3824 1148 3889 χεῖρας
1208 3809 1292 3866 ἐπὶ
1347 3810 1409 3865 τὸ
1468 3807 1696 3880 δοξάζειν
1757 3810 1897 3870 εὒθῦς

1988 3808 2200 3892 tabant,
2226 3806 2296 3892 ad
2312 3806 2496 3892 _Deum
2548 3804 2894 3892 laudandum
2921 3805 3109 3862 statim
3130 3820 3334 3863 manus
3355 3806 3629 3892 catenae-

259 3907 485 3965 ἔτεινον,
558 3903 695 3959 Εἶτα
748 3902 836 3958 καὶ
893 3901 1023 3979 πρὸς
1083 3900 1175 3955 τὸν
1229 3903 1373 3955 θεῖον
1430 3897 1753 3977 ἀφικομένη,
1815 3899 1903 3953 καὶ

259 3995 444 4072 λόγοις
488 3992 645 4050 αὖτὸν
702 3988 1055 4068 ἐπιῤῥώσασα,
1089 3986 1263 4045 πολλά
1309 4009 1366 4044 τε
1415 3989 1531 4066 περὶ
1585 3991 1769 4067 ψυχῆς
1812 3988 1902 4043 καὶ

257 4090 356 4152 τῆς
417 4082 621 4137 ἐκεῖθεν
664 4077 1009 4159 διαλεχθεῖσα
1052 4083 1214 4157 ζωῆς,
1250 4076 1467 4152 εὔθυμόν
1500 4096 1551 4133 τε
1599 4078 1694 4133 καί
1746 4074 1899 4132 ε”ὂελ-

259 4197 348 4231 πιν
409 4172 495 4229 ἐπὶ
537 4171 636 4238 τὴν
679 4170 752 4230 εἷς
799 4169 929 4225 Θεὸν
983 4166 1290 4246 ἂπάγουσαν
1346 4166 1715 4245 παραπέμπει,
1782 4178 1901 4227 τοῖς

259 4261 569 4323 καλλίστοις
620 4259 776 4315 αὒτὸν
828 4255 1050 4337 ἐφοδίοις
1091 4263 1168 4331 τῷ
1210 4256 1371 4331 τιμίῳ
1428 4258 1651 4334 Χριστοῦ
1695 4255 1902 4329 σώματί

258 4375 317 4409 τε
370 4352 459 4407 καὶ
544 4349 734 4424 α”ματι
806 4348 1182 4425 καταρτίσασα,
1246 4348 1332 4403 καὶ
1412 4345 1577 4411 οὕτως
1655 4346 1901 4423 ἀσφαλῶς

260 4441 513 4521 οἴχεσθαι
568 4437 1032 4517 παρασκευάσασα,

261 4530 585 4605 ᾠκονομήθη
644 4528 734 4584 τὸν
787 4527 981 4606 τρόπον
1019 4545 1032 4561 ·

262 4621 359 4695 μὲν
415 4618 619 4696 ἡμέρας
674 4617 797 4694 οὖχὶ
854 4615 1074 4694 συχνὰς,
1137 4613 1309 4672 πολλᾶ
1341 4613 1394 4670 δὲ
1421 4619 1477 4671 ἓν
1522 4614 1724 4692 ὀλίγαις
1758 4613 1897 4670 πολ-

260 4710 384 4774 λοὺς
442 4706 787 4786 ὠφελήσασα,
843 4707 927 4760 καὶ
987 4705 1086 4783 πρό
1144 4727 1205 4782 γε
1258 4710 1364 4761 τῶν
1420 4703 1595 4760 ἄλλων
1627 4705 1743 4765 τοὺς
1780 4706 1897 4781 περὶ

258 4801 358 4866 τὴν
415 4793 658 4874 βασιλίδα
715 4795 800 4849 καὶ
843 4792 1182 4869 τὸνβασιλέα
1237 4792 1536 4871 (Θεοδόσιος
1598 4793 1746 4856 οὗτος
1803 4793 1897 4869 ἦν)

256 4889 371 4945 ἐπεὶ
429 4885 520 4943 καί
581 4882 842 4957 δεομένων
921 4883 1161 4942 πλείονος
1246 4883 1388 4939 οὗτοι
1462 4888 1558 4950 τῆς
1618 4885 1894 4959 θεραπείας

255 4978 487 5050 ἐδέοντο,
546 4974 640 5029 ἅτε
678 4975 766 5029 καὶ
827 4971 1069 5037 πλείονος
1125 4972 1192 5040 τῇ
1226 4979 1312 5027 τοῦ
1361 4973 1561 5047 κόσμου
1605 4971 1727 5039 δόξη
1776 4970 1894 5027 δια-

251 5067 609 5148 χαδνούμενοι
642 5063 734 5128 τὰς
769 5063 973 5142 ψυχάς.

339 5154 475 5213 AA'.
525 5153 698 5211 Ταῧτα
746 5151 921 5217 καλῶς
970 5152 1144 5217 ἐκεινη
1200 5153 1285 5207 καὶ
1340 5150 1594 5230 θεοφιλῶς
1652 5148 1892 5228 πράξασα

252 5247 348 5315 τῆς
387 5243 594 5307 πόλεως
624 5241 816 5320 ἐξορμᾷ
850 5257 864 5271 ’
900 5241 1081 5303 δεινῶς
1127 5242 1225 5319 γὰρ
1267 5241 1424 5309 αὖτθν
1485 5241 1585 5318 ἦγε
1617 5244 1716 5307 τῆς
1749 5240 1885 5307 ’ἶβίν

253 5338 382 5416 χίας
414 5334 569 5411 ἔρως,
605 5333 688 5387 καὶ
718 5330 821 5398 ἤδη
853 5336 955 5387 τῶν
1009 5334 1162 5410 ἱερῶν
1213 5329 1639 5404 ἁνεμιμνήσκετο
1687 5329 1887 5389 τόπων.

252 5427 462 5503 ’Ἔτυχε
493 5421 546 5477 δὲ
571 5424 689 5477 τότε
748 5421 834 5477 καὶ
885 5421 1044 5501 χιόνα
1086 5418 1478 5498 καταρραγῆναι
1537 5418 1745 5486 πολλὴν
1800 5420 1889 5475 καὶ

1986 3889 2365 3947 bant.Deinde
2395 3903 2524 3946 cum
2554 3889 2800 3946 venisset
2825 3889 2894 3945 ad
2917 3898 3264 3958 patruum,et
3284 3890 3473 3946 verbis
3492 3904 3625 3947 eum

1985 3974 2420 4047 conﬁrmasset,
2455 3980 2515 4034 et
2545 3972 2618 4034 de
2645 3991 2715 4035 ea
2747 3990 2879 4053 qua;
2906 3972 3033 4034 illic
3054 3981 3144 4035 est
3165 3973 3279 4034 vita
3301 3973 3625 4036 disseruis-

1985 4081 2098 4145 set,
2130 4071 2326 4133 laetum
2360 4079 2419 4133 et
2451 4068 2606 4131 bona
2655 4088 2761 4147 spe
2817 4069 3125 4150 praeditum
3178 4070 3521 4133 transmittit
3549 4070 3621 4133 ad

1983 4164 2158 4240 viam,
2193 4180 2325 4243 quae
2356 4161 2521 4223 ducit
2552 4160 2626 4221 ad
2658 4160 2875 4237 Deum,
2900 4181 3034 4224 cum
3067 4162 3471 4241 pulcherrimo
3501 4162 3622 4224 viae

1987 4255 2125 4329 tico,
2161 4270 2379 4331 nempe
2413 4257 2669 4332 pretioso
2703 4251 2917 4314 Christi
2952 4268 3204 4331 corpore
3227 4260 3284 4311 et
3307 4252 3617 4332 sanguine,

1984 4362 2119 4405 eum
2152 4340 2551 4413 instruxisset,
2589 4351 2645 4400 et
2670 4340 2757 4401 sic
2788 4350 2848 4401 ut
2882 4347 2998 4402 toto
3048 4340 3383 4416 recederet,
3418 4340 3619 4419 perfe-

1125 4438 1222 4494 Καὶ
1299 4442 1464 4492 ταῦτα
1550 4437 1647 4511 μὲν
1715 4444 1897 4494 τοῦτον

1985 4432 2179 4494 cisset.
2216 4428 2286 4494 Et
2315 4432 2442 4493 haec
2475 4429 2718 4508 quidem
2753 4429 2863 4490 hoc
2918 4428 3093 4490 modo
3133 4436 3294 4507 gesta
3325 4435 3483 4491 sunt.
3513 4427 3619 4490 Illa

1102 4527 1135 4593 ἡ
1195 4525 1249 4581 δὲ
1306 4525 1523 4582 ἐνταῦθα
1550 4502 1561 4511 ’
1581 4524 1900 4603 διαγαγοῦσα
1924 4502 1967 4553 D
1985 4535 2172 4584 autem
2195 4540 2324 4583 cum
2341 4502 2713 4581 haud-multos
2728 4523 2957 4595 quidem
2982 4522 3100 4578 dies
3121 4502 3613 4594 hictransegisset,

1985 4611 2043 4671 in
2078 4610 2280 4689 paucis
2334 4627 2472 4668 vero
2533 4608 2731 4669 multis
2792 4609 3106 4686 plurimum
3171 4607 3505 4687 profuisset,
3554 4613 3614 4669 et

1982 4708 2117 4760 ante
2137 4698 2284 4759 alios
2308 4697 2675 4775 imperatrici
2698 4703 2756 4757 et
2782 4697 2892 4776 ipsi
2936 4696 3277 4777 imperatori
3305 4696 3380 4777 (is
3414 4703 3610 4758 autem

1981 4796 2106 4851 erat
2128 4785 2548 4865 Theodosius),
2574 4803 2707 4845 nam
2733 4786 2770 4844 ii
2793 4785 3005 4863 majori
3030 4805 3178 4863 opus
3198 4785 3493 4847 habebant
3510 4804 3613 4846 cu-

1980 4878 2233 4953 ratione,
2268 4885 2330 4935 nt
2382 4892 2631 4955 quorum
2682 4873 2862 4934 animi
2914 4875 3139 4951 majore
3189 4873 3392 4934 mundi
3422 4874 3609 4952 gloria

1979 4976 2181 5028 essent
2213 4965 2446 5026 tumidi.

2056 5143 2260 5208 XXXI.
2293 5146 2441 5205 Cum
2493 5142 2617 5203 haec
2676 5140 2776 5200 illa
2831 5139 3076 5219 pulchre
3128 5148 3185 5200 et
3217 5140 3311 5220 pie
3341 5139 3601 5215 fecisset,

1978 5233 2281 5313 egreditur
2310 5251 2342 5293 e
2360 5231 2593 5294 civitate
2619 5252 2634 5310 ;
2655 5229 2966 5290 tenebatur
2985 5229 3143 5290 enim
3170 5245 3380 5305 magno
3404 5246 3605 5292 amore

1979 5323 2201 5387 silentii
2232 5330 2289 5383 et
2320 5320 2561 5401 quietis,
2594 5329 2654 5381 et
2704 5336 2872 5381 sacra
2925 5319 3051 5380 loca
3097 5319 3151 5380 ei
3201 5317 3515 5378 veniebant
3544 5318 3606 5380 in

1979 5421 2263 5475 mentem.
2298 5409 2612 5473 Acciderat
2646 5415 2842 5470 autem
2879 5417 3017 5470 tunc
3073 5408 3230 5470 nivis
3282 5405 3605 5488 plurimum

463 5512 675 5592 ἄμαχόν
708 5532 755 5567 τι
805 5511 1042 5588 γενέσθαι
1093 5513 1180 5567 καὶ
1232 5509 1669 5589 δυσκαρτέρητον,
1718 5508 1781 5565 Ἢ
1835 5507 1889 5564 δὲ

1985 5506 2281 5573 cecidisse,
2304 5514 2356 5559 et
2378 5511 2639 5561 exortum
2662 5515 2786 5560 esse
2835 5503 3013 5574 frigus
3041 5501 3609 5559 vehementissimam

253 5609 341 5669 καὶ
403 5604 540 5686 ὥρας
598 5602 685 5660 καὶ
744 5601 926 5685 χιόνος
981 5601 1069 5657 καὶ
1125 5599 1334 5669 ἡλικίας
1394 5599 1481 5657 καὶ
1518 5598 1743 5673 τακεροῦ
1774 5599 1886 5654 σώ-

1985 5604 2032 5658 at
2060 5591 2132 5655 ad
2154 5590 2530 5653 tolerandum
2551 5588 2993 5651 difﬁcillimum.
3016 5587 3121 5649 Illa
3142 5597 3337 5651 autem
3368 5597 3421 5650 et
3458 5594 3617 5648 tem-
