4020 6142
367 206 486 272 787

1661 212 1940 277 MENSIS
1987 213 2416 278 DECEMBER.

3620 216 3750 282 788

369 344 482 427 piis
511 351 569 408 et
594 345 792 409 nivem
823 352 881 410 et
921 354 1154 411 aetatem
1205 355 1264 411 et
1322 348 1646 429 eliquatum
1679 366 1746 409 ac
1775 345 2002 408 tabefa-

2088 371 2256 422 ματος
2286 352 2374 408 καὶ
2424 351 2634 409 πάντων
2679 355 2812 428 ὁμοῦ
2853 354 3087 431 κρείττον
3136 353 3284 410 εἶναι
3329 352 3746 433 φιλονεικοῦσα,

370 444 535 498 ctum
567 453 804 517 corpus,
843 445 903 498 et
933 438 1132 499 omnia
1181 438 1438 518 denique
1495 437 1673 498 simul
1725 453 2009 516 superare

373 524 762 601 contendens,
792 525 947 588 viam
982 528 1262 602 confecit,
1303 526 1540 590 labores
1569 525 1756 603 magis
1787 543 2010 604 augens

373 613 836 678 exercitationis.
872 617 1074 680 Multis
1135 635 1273 682 vero
1323 615 1543 678 sanctis
1576 633 1704 677 eam
1740 615 1800 675 in
1832 615 1924 676 via
1952 620 2012 675 et

371 703 629 784 hospitio
661 705 1124 784 excipientibus,
1158 715 1218 770 et
1249 714 1309 768 ut
1355 724 1425 768 ea
1474 712 1742 767 maneret
1788 721 2010 784 rogan-

371 791 558 867 tibus,
591 792 696 854 illa
755 793 1000 856 minime
1059 794 1513 875 obtemperavit,
1574 792 1676 854 sed
1733 798 2009 853 contento

372 881 626 960 quodam
658 900 838 945 cursu
866 886 1150 964 cucurrit,
1186 884 1464 945 salutaris
1522 881 1816 962 passionis
1848 880 2008 942 diem

370 969 581 1031 festum
611 971 858 1033 studens
889 971 1199 1034 celebrare
1255 971 1708 1050 Hierosolymis,
1765 969 1920 1048 quod
1955 969 2007 1029 ei

369 1057 546 1120 etiam
591 1062 880 1123 successit
928 1080 996 1124 ex
1027 1063 1343 1124 sententia.
1401 1063 1547 1124 Cum
1599 1062 1683 1122 sic
1717 1078 1855 1138 ergo
1890 1076 2006 1119 una

369 1165 502 1209 cum
561 1149 647 1211 eis
702 1150 914 1213 festum
971 1151 1094 1214 illic
1150 1151 1536 1236 celebrasset.
1569 1150 1643 1210 ad
1697 1149 1894 1228 priora
1942 1166 2007 1210 se

367 1255 574 1300 rursus
605 1241 872 1322 contulit,
902 1261 1020 1303 non
1049 1243 1243 1304 minus
1277 1249 1338 1302 et
1360 1241 1452 1302 sui
1482 1248 1540 1302 et
1559 1239 1754 1318 gregis
1782 1239 2006 1300 utrius-

369 1346 484 1407 que
531 1347 731 1391 curam
788 1349 1026 1410 gerens.
1086 1331 1233 1393 Cum
1288 1339 1489 1392 autem
1549 1330 1604 1390 ei
1660 1334 1916 1389 venisset
1947 1327 2009 1387 in

368 1425 658 1498 mentem,
692 1420 948 1482 alterum
981 1420 1282 1482 aediﬁcare
1314 1419 1634 1481 oratorium
1665 1418 1723 1478 in
1759 1436 1828 1478 eo
1850 1417 2003 1492 loco,

365 1506 427 1568 in
459 1525 575 1588 quo
606 1507 822 1570 dicitur
853 1509 1091 1572 stetisse
1120 1511 1392 1571 Christus
1441 1507 1731 1571 Dominus
1761 1515 1818 1567 et
1850 1509 2008 1568 Deus

367 1604 569 1658 noster
597 1615 837 1659 crucem
869 1616 1250 1674 ascensurus,
1287 1606 1346 1660 et
1374 1597 1694 1659 salutarem
1726 1595 2009 1657 subiisset

2089 453 2210 507 ταῖς
2269 443 2475 520 νιφάσιν
2533 445 2605 505 ὡς
2651 442 2852 501 ἔνθεσιν
2913 442 3186 518 ἁλλομένη
3242 444 3340 511 τὴν
3396 442 3515 500 ὁδὸν
3577 443 3745 516 ἤνυε,

2090 531 2210 594 τοὺς
2299 531 2491 595 πόνους
2561 531 2762 605 μᾶλλον
2847 531 3176 590 ἐπιτείνουσα
3259 539 3359 600 τῆς
3418 533 3748 604 ἀσκήσεως.

2093 618 2312 676 Πολλῶν
2356 619 2411 676 δὲ
2452 621 2617 698 ἁγίων
2671 622 2807 678 κατὰ
2849 622 2949 688 τὴν
2980 620 3100 678 ὁδὸν
3152 621 3264 697 ἅμα
3306 644 3363 678 τε
3421 621 3752 693 ξενιζόντων

2089 710 2178 765 καὶ
2210 707 2386 784 μένειν
2419 710 2578 776 αὐτὴν
2607 708 2912 788 ἀξιούντων,
2946 712 2980 777 ἡ
3031 707 3084 765 δὲ
3141 715 3234 768 οὒκ
3291 711 3546 784 ἐπείθετο,
3616 709 3756 767 ἀλλ’

2092 797 2194 854 ἔθει
2249 799 2366 856 τινὰ
2433 797 2625 877 δρόμον
2681 797 2980 872 ἀνένδοτον,
3041 806 3133 856 τοῦ
3211 802 3470 878 σωτηρίου
3526 801 3752 863 πάθους

2090 887 2189 953 τὴν
2233 887 2422 964 ἑορτὰν
2464 887 2518 943 ἐν
2569 887 2955 965 Ἰεροσολύμοις
3012 888 3319 946 ἐπιτελέσαι
3378 889 3690 946 σπεύδουσα
3730 903 3748 918 ⁶

2091 976 2118 1030 ὃ
2145 973 2210 1043 δὴ
2241 977 2404 1054 ταύτῃ
2438 978 2523 1034 καὶ
2555 979 2688 1033 κατὰ
2733 980 2955 1056 γνώμην
3013 978 3345 1048 ἀπήντησεν.
3405 980 3591 1043 Οὕτως
3655 978 3758 1035 οὗν

2085 1078 2205 1130 τοῖς
2260 1063 2435 1122 ἐκεῖσε
2497 1067 2910 1141 συνεορτάσασα,
2957 1066 3115 1124 πάλιν
3159 1074 3267 1124 τῶν
3323 1069 3593 1146 προτέρων
3653 1069 3755 1124 εἴ-

2089 1175 2224 1234 χετο
2266 1153 2414 1210 οὐδὲν
2443 1153 2602 1222 ἧττον
2633 1157 2821 1224 ἑαυτῆς
2849 1178 2907 1212 τε
2937 1159 3024 1212 καὶ
3077 1162 3180 1213 τῶν
3240 1158 3499 1232 ποιμνίων
3544 1159 3755 1235 ἀμφο-

2089 1242 2251 1321 τέρων
2296 1244 2771 1322 προμηθουμένων.
2839 1243 2994 1302 Ἐπεί
3053 1244 3108 1301 δὲ
3151 1245 3248 1303 καί
3295 1245 3472 1326 ἕτερον
3528 1247 3758 1317 εὖκτή-

2091 1353 2201 1408 ριον
2259 1330 2609 1408 οἰκοδομῆσαι
2667 1334 2803 1390 κατὰ
2859 1342 2978 1392 νοῦν
3039 1333 3183 1392 ἔθετο
3242 1338 3358 1414 περὶ
3417 1338 3507 1392 τὸν
3569 1337 3754 1394 τόπον

2092 1419 2211 1477 ἔνθα
2266 1423 2454 1488 στῆναι
2511 1420 2671 1500 λόγος
2713 1424 2804 1479 τὸν
2851 1422 3036 1500 Κύριον
3093 1426 3249 1499 ἡμῶν
3280 1424 3378 1481 καΐ
3411 1427 3570 1506 Θεὸν,
3609 1424 3759 1501 μέλ·

2090 1509 2250 1567 λοντα
2302 1513 2430 1587 πρὸς
2491 1514 2582 1568 τὸν
2637 1514 2860 1590 σταυρὸν
2914 1510 3235 1587 ἀναϐαίνειν,
3301 1515 3390 1570 καὶ
3444 1515 3506 1570 τὸ
3567 1517 3754 1578 πάθος

2089 1599 2409 1680 ὑπέρχεσθαι
2452 1603 2514 1656 τὸ
2558 1603 2820 1680 σωτήριον
2855 1601 2942 1680 (ἦν
2970 1600 3024 1658 δὲ
3071 1601 3170 1680 ἄρα
3219 1601 3315 1660 καί
3374 1605 3504 1668 Θεὸς
3568 1609 3754 1670 αὐτῆς

367 1686 732 1766 passionem,
769 1688 899 1768 ejus
915 1705 1054 1750 vero
1079 1687 1380 1770 proposito
1400 1689 1556 1748 Deus
1577 1703 1814 1766 quoque
1832 1701 2003 1764 opem

2089 1689 2460 1765 συναιρόμενος
2507 1692 2573 1766 τῇ
2628 1689 2922 1769 προθέσει),
2982 1690 3258 1766 οἰκοδομευ
3308 1693 3368 1749 τὸ
3423 1694 3746 1771 εὒκτήριον.

365 1773 568 1850 ferret,
601 1775 855 1837 aediﬁcat
885 1776 1246 1840 oratorium:
1303 1774 1521 1838 deinde
1564 1774 1626 1836 id
1661 1774 1836 1835 etiam
1869 1772 2008 1833 facit

368 1865 826 1945 monasterium,
866 1866 926 1926 in
959 1883 1074 1945 quo
1105 1883 1172 1926 se
1217 1871 1567 1926 exercerent
1595 1862 1830 1936 animai,
1864 1861 2006 1922 viris

369 1952 594 2014 sanctis
625 1952 686 2014 in
716 1971 788 2015 eo
820 1954 1194 2033 congregatis
1223 1955 1298 2015 ad
1334 1955 1520 2016 Deum
1556 1951 1914 2013 laudandum
1946 1958 2007 2013 et

365 2041 846 2121 gloriﬁcandum.
903 2041 1148 2105 Interim
1207 2051 1404 2105 autem
1436 2041 1575 2102 dum
1608 2041 1735 2102 haec
1766 2040 2002 2115 ﬁerent,

367 2130 719 2210 imperatrix
767 2130 1030 2194 Eudocia
1080 2132 1264 2194 iverat
1291 2131 1688 2194 Antiochiam.
1727 2131 2008 2192 Paruerat

368 2218 527 2280 enim
550 2221 792 2282 Melanae
814 2220 1077 2296 monitis,
1108 2240 1239 2284 cum
1267 2240 1336 2283 ea
1359 2223 1616 2282 venisset
1637 2218 2002 2298 Byzantium,

368 2308 695 2391 suadentis,
727 2317 790 2370 ut
819 2311 972 2372 hanc
1001 2317 1335 2391 susciperet
1367 2309 1922 2390 peregrinationem,
1946 2315 2005 2369 et

367 2403 586 2460 veniret
607 2403 1059 2476 Hierosolymam
1089 2413 1146 2462 ut
1165 2405 1379 2461 videret
1410 2413 1605 2460 sancta
1649 2401 1855 2470 loca,et
1875 2415 2005 2470 quae

367 2505 437 2548 ex
468 2489 557 2551 eis
582 2489 928 2572 percipitur,
960 2491 1131 2552 ﬂeret
1165 2489 1464 2570 particeps
1495 2485 2001 2550 sanctiﬁcationis.

368 2576 512 2640 Cum
545 2596 614 2640 ea
645 2581 844 2658 itaque
876 2578 962 2639 illi
984 2577 1370 2658 processisset
1399 2575 1878 2653 obviam,magno
1903 2574 2008 2633 ho-

367 2685 515 2729 nore
537 2667 644 2728 fuit
665 2669 877 2730 affecta
906 2668 977 2728 ab
1001 2667 1479 2746 imperatrice,ut
1501 2680 1632 2745 quae
1650 2681 1777 2724 eam
1803 2661 2008 2724 matris

367 2755 497 2817 loco
528 2755 793 2828 haberet,
830 2763 889 2818 et
910 2754 1138 2816 duabus
1169 2755 1246 2816 de
1279 2753 1474 2816 causis
1507 2753 1889 2834 providentiae
1919 2751 2005 2813 di-

367 2844 518 2904 vina:
537 2853 740 2922 ageret
757 2844 1006 2923 gratias,
1037 2863 1252 2926 nempe
1275 2843 1427 2925 quod
1448 2851 1506 2905 et
1527 2861 1712 2924 usque
1734 2843 1881 2904 adeo
1898 2860 2003 2904 ce-

368 2931 656 2995 lebratam
712 2933 1041 2995 Jerusalem
1094 2942 1153 2996 et
1210 2943 1410 2996 sancta
1443 2933 1570 2995 loca
1597 2951 1727 3014 quae
1755 2932 1998 3007 videret,

369 3019 552 3120 digna
582 3021 658 3084 sit
687 3021 909 3120 habita,
946 3023 1325 3120 etquodmea
1350 3022 1479 3083 talis
1515 3022 1716 3084 matris
1746 3023 1896 3083 facta
1929 3024 2064 3120 sitC

369 3109 489 3170 filia
512 3111 842 3172 secundum
871 3111 1170 3191 spiritum.
1205 3111 1451 3191 Signum
1479 3119 1569 3173 est
1588 3119 1783 3172 autem
1811 3112 2007 3191 magni

367 3199 592 3260 amoris
619 3198 1021 3280 imperatricis
1052 3202 1110 3261 in
1145 3201 1459 3275 Melanam,
1489 3200 1642 3280 quod
1675 3219 1794 3260 non
1827 3200 2008 3262 dubi-

369 3287 579 3348 taverit
602 3295 825 3350 tantum
851 3289 962 3351 iter
995 3289 1248 3368 ingredi,
1273 3298 1324 3348 et
1351 3307 1419 3348 co
1450 3289 1757 3362 accedere,
1793 3296 1850 3350 et
1879 3307 2011 3368 quin

369 3376 494 3438 illic
511 3385 682 3440 erant
702 3377 1270 3458 virgines,tanquam
1287 3395 1525 3439 sorores
1540 3378 1797 3438 salutare
1815 3384 2011 3438 etam-

369 3465 810 3544 plexari.Porro
840 3475 1038 3529 autem
1061 3486 1194 3530 cum
1223 3467 1626 3528 celebraretur
1645 3465 1778 3526 novi
1802 3466 2010 3546 templi

367 3553 804 3637 dedicatio,illa
833 3575 1066 3638 quoque
1089 3557 1297 3619 aderat
1317 3563 1375 3617 et
1394 3555 1607 3616 festum
1639 3553 2006 3618 celebrabat.

445 3643 687 3709 XXXII.
744 3645 908 3708 Hanc
938 3655 1137 3708 autem
1191 3664 1316 3706 rem
1372 3643 1586 3706 bonam
1620 3653 2004 3705 consecutum

365 3742 456 3796 est
487 3734 798 3816 quiddam,
831 3735 1076 3814 dignum
1113 3734 1356 3814 maligni
1384 3732 1846 3814 improbitate,et
1867 3733 2008 3795 boni

360 3823 468 3884 Dei
500 3826 742 3886 virtute.
775 3825 1000 3887 Pedem
1031 3825 1188 3886 enim
1215 3823 1635 3904 imperatricis,
1658 3824 1758 3903 qui
1788 3822 2010 3902 injuria

359 3911 649 3974 daemonis
679 3931 713 3974 e
743 3932 1028 3994 compage
1057 3923 1181 3976 erat
1208 3914 1463 3986 luxatus,
1503 3913 1606 3974 illa
1637 3912 1864 3993 absque
1895 3913 2006 3973 do-

2091 1779 2228 1835 Εἶτα
2287 1780 2374 1836 καὶ
2418 1783 2612 1858 ψυχῶν
2659 1779 2788 1835 αὒτὸ
2843 1793 2993 1836 ποιετ
3048 1782 3477 1859 φροντιστήριον,
3538 1782 3753 1861 ἄνδρας

2088 1867 2260 1926 ὁσίους
2318 1865 2371 1924 ἐν
2423 1869 2594 1940 τούτῳ
2635 1874 3002 1946 συναγαγοῦσα
3053 1870 3183 1948 πρὸς
3241 1867 3542 1950 δοξολογίαν
3606 1879 3752 1928 Θεοῦ

2088 1957 2174 2012 καὶ
2231 1955 2460 2016 αῗνεοιν.
2496 1956 2588 2014 Ἐν
2616 1957 2661 2031 ᾦ
2689 1955 2743 2012 δὲ
2775 1964 2940 2014 ταῦτα
2972 1957 3280 2037 ἐπράττετο,
3315 1959 3408 2016 καῖ
3458 1963 3493 2028 ἡ
3522 1961 3752 2037 βασιλὶς

2089 2042 2310 2104 Εὔδοκία
2371 2045 2470 2113 τὴν
2527 2044 2864 2126 Ἀντιόχειαι
2921 2047 3283 2127 κατειλήφει·
3333 2048 3606 2129 ἐτύγχανε
3640 2052 3750 2128 γὰρ

2088 2135 2316 2202 ὁπηνίκα
2372 2134 2428 2190 ἐν
2503 2136 2765 2209 Βυζαντίῳ
2839 2135 3191 2214 παραγένοιτο
3237 2139 3272 2206 ἡ
3334 2137 3552 2206 Μελάνη
3614 2153 3749 2202 ταῖς

2089 2227 2253 2290 αὐτῆς
2311 2225 2602 2294 ὑποθήκαις
2655 2228 2975 2299 πεισθεῖσα,
3035 2227 3134 2293 τὴν
3204 2225 3507 2302 ἀποδημίαν
3592 2227 3746 2305 ἀγα-

2089 2312 2256 2379 πῆσαι
2311 2313 2508 2379 ταύτην
2553 2314 2639 2368 καὶ
2690 2314 2820 2390 πρὸς
2879 2311 3215 2391 Ἱεροσόλυμα
3261 2315 3562 2394 ἀφικέσθαι,
3616 2317 3744 2379 τοὺς

2089 2400 2266 2478 ἁγίους
2321 2421 2378 2456 τε
2437 2402 2709 2478 ἱστορῆσαι
2744 2403 2938 2465 τόπους
2970 2403 3062 2458 καὶ
3098 2411 3194 2460 τοῦ
3220 2403 3272 2469 ἐξ
3332 2405 3508 2461 αὐτῶν
3568 2407 3741 2483 ἆγια-

2089 2495 2226 2563 σμοῦ
2282 2503 2603 2568 μετασχεῖν.
2669 2497 2952 2568 Δραμοῦσα
2980 2491 3068 2547 οὖν
3113 2491 3196 2549 ἐπί
3245 2493 3344 2560 τὴν
3403 2494 3738 2568 ἀπάντησιν,

2090 2576 2331 2655 μεγάλης
2389 2577 2599 2646 ἠξιοῦτο
2655 2581 2797 2658 παρὰ
2832 2585 2931 2646 τῆς
2992 2580 3255 2656 βασιλίδος
3303 2582 3491 2658 τιμῆς,
3528 2586 3737 2663 μητρός

2095 2686 2145 2720 τε
2190 2664 2243 2720 ἐν
2300 2665 2441 2731 τάξει
2485 2667 2647 2736 αὗτὴν
2695 2668 2973 2743 τιθεμένης
3026 2671 3110 2726 καὶ
3153 2668 3596 2752 διομολογούσης,
3643 2671 3726 2728 δι-

2085 2752 2222 2819 πλᾶς
2267 2754 2494 2835 ὀφείλειν
2550 2763 2618 2831 τῇ
2678 2757 2892 2834 προνοίᾳ
2945 2760 3040 2822 τὰς
3089 2759 3341 2838 χάριτας,
3377 2761 3481 2817 ὅτι³
3529 2785 3581 2818 τε
3627 2764 3724 2830 τὴν

2084 2843 2440 2923 θρυλουμένην
2499 2846 2848 2923 Ἰερουσαλὴμ
2934 2849 3020 2904 καὶ
3097 2849 3220 2912 τοὺς
3277 2851 3457 2927 ἁγίους
3519 2851 3732 2920 ilhc-3m

2086 2939 2277 2999 τόπους
2319 2932 2472 3008 ἰδεῖν,
2519 2935 2613 2992 καῖ
2658 2935 2738 2992 ὅτι
2783 2937 2982 3010 μητρὸς
3014 2938 3260 3005 τοιαύτης
3309 2940 3546 3017 θυγάτηρ
3599 2944 3738 3018 αύτῇ

2088 3023 2223 3080 κατὰ
2297 3032 2502 3098 πνεῦμα
2591 3029 2810 3102 γίνεται,
2883 3033 3124 3100 Σημεϊον
3207 3025 3263 3083 δὲ
3355 3035 3448 3085 τοῦ
3527 3029 3740 3089 πολλοῦ

2091 3114 2221 3190 πρὸς
2278 3113 2523 3184 Μελάνην
2580 3119 2676 3180 τῆς
2733 3113 3000 3190 βασιλίδος
3044 3113 3240 3192 ’ἔρωτος
3301 3118 3374 3179 ὡς
3446 3120 3543 3175 οὐκ
3586 3119 3744 3178 ἀπώο

2089 3224 2254 3268 κνησε
2311 3205 2441 3280 πρὸς
2499 3203 2759 3270 τοσαύτην
2821 3202 3120 3282 ὁδοιπορίαν
3179 3204 3294 3264 οὐδὲ
3342 3211 3631 3282 παρελθεῖν
3664 3212 3739 3274 εἰς

2089 3291 2150 3346 τὸ
2229 3291 2424 3356 ταύτης
2507 3293 2750 3366 ποίμνιον
2787 3337 2801 3365 ,
2890 3294 2976 3348 καὶ
3059 3293 3153 3357 τὰς
3239 3294 3355 3351 ἐκεῖ
3439 3296 3737 3372 παρθένους

2090 3379 2268 3456 ὥσπερ
2323 3377 2550 3460 ἀδελφὰς
2607 3381 3064 3461 κατασπάσασθαι,
3122 3384 3206 3438 καὶ
3266 3387 3362 3452 τῆς
3420 3385 3627 3462 ἡμέρας
3686 3387 3744 3444 δὲ

2091 3475 2197 3524 τῶν
2252 3469 2530 3545 ἔγκαινίων
2587 3476 2678 3525 τοῦ
2741 3469 2857 3525 νέου
2915 3477 3040 3528 ναοῦ
3069 3471 3391 3548 τελουμένης
3425 3473 3600 3552 παρῆν
3645 3477 3746 3532 κᾶ-

2091 3559 2239 3624 κείνη
2283 3559 2370 3614 καὶ
2401 3562 2776 3636 συνεώρταζεν.

2172 3645 2299 3710 AB'.
2361 3646 2667 3705 Ἠκολούθει
2723 3648 2776 3704 δέ
2836 3651 2924 3706 καὶ
2973 3655 3048 3723 τῷ
3105 3650 3286 3728 ἀγαθῴ
3343 3653 3514 3727 τούτῳ
3551 3657 3740 3734 πράγ-

2093 3758 2221 3812 ματι
2280 3736 2422 3802 ἄξιόν
2465 3759 2514 3793 τι
2564 3739 2652 3794 καὶ
2707 3737 2806 3805 τῆς
2864 3741 2956 3795 τοῦ
2995 3750 3229 3816 πονηροῦ
3285 3743 3473 3806 κακίας
3513 3745 3738 3812 καὶτῆς

2087 3833 2178 3882 τοῦ
2231 3826 2426 3901 ἀγαθοῦ
2482 3823 2776 3902 δυνάμεως.
2811 3829 2910 3885 Τὸν
2963 3829 3063 3907 γὰρ
3118 3828 3254 3885 πόδα
3309 3835 3409 3897 τῆς
3463 3832 3738 3908 βασιλίδος

2087 3913 2308 3993 ἐπηρείᾳ
2401 3912 2646 3990 δαίμονος
2758 3916 2856 3983 τὴν
2956 3918 3210 3996 ἁρμονίαν
3320 3923 3736 3996 παρατραπέντα

360 4000 490 4061 lore
519 4009 656 4080 apte
685 4010 744 4062 et
771 4011 936 4064 recte
971 4003 1031 4064 in
1064 4021 1234 4064 suum
1291 4003 1484 4064 locum
1537 4001 1819 4063 restituit.
1857 4001 2003 4064 Cum

2088 4003 2261 4072 ἐκείνη
2323 4006 2487 4084 χωρὶς
2549 4004 2743 4062 ὀδυνῶν
2787 4009 2924 4086 εὖχῇ
2956 4007 3094 4082 μόνῃ
3147 4008 3276 4087 πρὸς
3329 4011 3390 4065 τὸ
3449 4011 3591 4076 etot;
3634 4012 3737 4069 ἐπ-

359 4089 487 4150 haac
520 4097 580 4151 et
599 4107 716 4151 non
746 4108 934 4170 pauca
958 4091 1076 4154 alia
1101 4110 1134 4153 a
1155 4110 1365 4169 magna
1391 4091 1620 4154 Melana
1640 4090 2003 4172 percepisset

2088 4092 2344 4171 ανῑήγαγε.
2377 4093 2604 4151 Τοιαῦτα
2657 4092 2721 4160 δὴ
2767 4094 2862 4151 οὒκ
2915 4094 3069 4172 ὀλίγα
3121 4098 3210 4153 καὶ
3268 4095 3418 4175 ἕτερα
3477 4098 3575 4165 τῆς
3632 4122 3732 4175 με-

357 4178 694 4256 commoda,
732 4186 790 4241 et
823 4197 888 4242 se
943 4181 1118 4242 simul
1181 4181 1355 4242 etiam
1391 4181 1738 4241 exsatiasset
1765 4186 2002 4258 specta-

2088 4181 2255 4260 γάλης
2317 4182 2347 4248 ἦ
2407 4182 2620 4260 μεγάλη
2664 4181 2873 4258 βασιλὶς
2923 4183 3304 4262 ἀπολαύσασα,
3359 4186 3470 4262 ἅμα
3529 4187 3583 4244 δὲ
3639 4191 3733 4246 καὶ

357 4267 527 4349 culis,
590 4267 857 4331 decrevit
909 4270 1130 4332 reverti
1188 4267 1790 4348 Constantinoliolim,
1841 4274 1898 4328 et
1949 4272 2003 4328 ei

2088 4278 2188 4328 τῶν
2244 4274 2394 4350 ἱερῶν
2461 4272 2740 4348 θεαμάτων
2798 4275 3166 4352 ἔμφορηθετσα
3192 4321 3209 4350 ,
3287 4277 3358 4341 εἰς
3418 4282 3518 4342 τὴν
3579 4286 3731 4335 Κων-

355 4358 600 4462 quidem
629 4359 864 4460 Melana
896 4377 1030 4421 cum
1065 4357 1568 4462 tanquam'bonas
1622 4357 1870 4418 comites
1901 4356 2003 4462 de-

2088 4358 2519 4418 σταντινούπολιν
2577 4359 2850 4432 ἀναζεῦξαι
2913 4361 3127 4440 διέγνω.
3209 4365 3317 4422 Καί
3373 4366 3569 4432 ταύτην
3629 4366 3730 4441 μὲν

355 4446 541 4509 disset
570 4465 800 4528 preces,
837 4448 1023 4526 ipsam
1057 4448 1324 4509 dimittit.
1359 4445 1490 4526 Ipsa
1517 4453 1713 4508 autem
1735 4445 2003 4534 aequales

2088 4451 2121 4517 η
2179 4450 2422 4525 Μελάνη,
2453 4451 2526 4516 ὡς
2585 4450 2786 4528 ἀγαθὰς
2839 4449 3237 4532 συνοιδοπόρους
3277 4454 3370 4517 τὰς
3402 4455 3568 4534 εὒχάς
3612 4459 3730 4512 επι-

356 4541 536 4614 atque
565 4534 713 4596 adeo
764 4535 1022 4614 majores
1052 4535 1186 4597 vita:
1216 4553 1285 4597 ex
1317 4537 1441 4598 Deo
1494 4534 1739 4616 agendae
1768 4533 2002 4597 labores

2088 4537 2263 4615 δοῦσα,
2313 4537 2653 4616 παραπέμπει
2687 4553 2702 4570 ⁸
2751 4541 2885 4608 αὐτὴ
2944 4537 3000 4596 δὲ
3042 4548 3149 4598 τῶι
3200 4540 3337 4600 ἴσων
3392 4533 3570 4601 πόνων
3627 4551 3726 4612 τῆς

357 4623 646 4703 pergebat
675 4623 1007 4703 suscipere.
1040 4625 1129 4687 Ad
1182 4643 1312 4687 eam
1359 4643 1597 4707 quoque
1647 4623 1922 4686 afﬂuebat
1963 4642 2002 4688 a

353 4711 478 4775 Deo
509 4711 723 4774 ﬂuvius
755 4711 1200 4776 miraculorum.
1261 4715 1526 4788 Quorum
1577 4712 1850 4776 existimo
1878 4732 1995 4774 non

354 4819 488 4865 esse
517 4818 1025 4883 supervacaneum
1057 4803 1283 4884 aliquot
1312 4803 1680 4879 meminisse,
1734 4821 1804 4864 ea
1861 4812 1998 4864 tan-

354 4911 526 4968 quam
549 4896 778 4968 aliquod
805 4898 1235 4957 condimentum
1265 4899 1637 4956 adiniscendo
1661 4897 2000 4955 narrationi.

349 4983 570 5045 Mulier
590 4983 860 5060 quaedam
875 4985 1114 5064 juvenis
1131 4984 1628 5067 a3tate,invaditur
1647 5001 1681 5045 a
1703 4983 1996 5046 dwmone.

353 5073 494 5144 Quae
527 5072 770 5154 quidem
804 5073 1020 5136 clausis
1053 5075 1334 5138 dentibus
1366 5085 1422 5136 et
1452 5074 1636 5137 labris
1658 5091 1774 5134 non
1797 5072 1990 5134 solum

353 5179 557 5224 vocem
595 5181 714 5223 non
768 5162 1096 5239 emittebat,
1151 5165 1255 5227 sed
1289 5183 1483 5245 neque
1515 5163 1711 5226 cibum
1745 5161 1990 5222 omnino

349 5253 533 5310 ullum
566 5255 898 5327 attingebat.
923 5257 1125 5314 Fames
1147 5267 1356 5319 autem.
1391 5255 1706 5314 visceribus
1738 5264 1791 5312 et
1820 5267 1992 5311 carne

347 5337 602 5413 graviter
624 5338 966 5419 liquefacta,
990 5352 1244 5402 mortem
1272 5342 1607 5403 minabatur
1629 5339 1800 5420 paulo
1834 5345 1987 5418 post.

350 5422 739 5487 Tentantibus
765 5443 898 5488 vero
918 5427 1514 5508 medicis,diligenter
1544 5428 1827 5490 adhibitis
1860 5443 1989 5487 me-

349 5513 700 5585 digamentis
721 5522 778 5576 et
801 5515 947 5579 artis
968 5517 1502 5594 remediis,malum
1525 5517 1788 5593 vincere,
1819 5522 1990 5597 post-

2081 4630 2217 4686 κατὰ
2279 4628 2408 4686 Θεὸν
2462 4627 2683 4706 ἀγωγῆς
2741 4629 2777 4696 ἢ
2821 4631 2908 4686 καὶ
2951 4633 3208 4705 μειζόνων
3252 4631 3464 4711 εἴχετο.
3527 4630 3725 4710 Ἐπέρο

2079 4718 2155 4794 ῥει
2211 4716 2264 4773 δὲ
2311 4718 2442 4793 αὕτη
2499 4717 2588 4773 καὶ
2643 4719 2670 4774 ὁ
2725 4723 2833 4773 τῶν
2875 4720 3153 4793 θαυμάτων
3208 4721 3350 4798 παρὰ
3395 4727 3526 4778 Θεοῦ
3555 4744 3725 4778 ποτα-

2083 4807 2204 4882 μὸς,
2231 4808 2306 4864 ὧν
2336 4809 2394 4863 οὗ
2423 4807 2668 4885 περιττὸν
2697 4807 2854 4882 οἶμαι
2887 4811 2982 4864 καὶ
3033 4808 3187 4885 ὀλίγα
3243 4809 3359 4866 τινὰ
3416 4815 3724 4884 μνησθῆναι

2081 4896 2260 4976 ὥσπερ
2341 4893 2551 4970 ἥδυσμά
2634 4917 2686 4951 τι
2765 4902 3161 4976 κατακιρνῶντα
3235 4905 3312 4972 τῷ
3397 4896 3719 4976 διηγήματι.

2080 4985 2218 5053 Γυνή
2278 5005 2358 5048 τις
2417 4983 2514 5050 τὴν
2559 4980 2768 5051 ἡλικίαν
2815 4983 2904 5040 νέα
2935 4985 3198 5065 κάτοχος,
3231 4985 3420 5062 οἵμοιί
3477 4986 3721 5064 δαιμονίᾳ

2080 5072 2267 5151 πληγῇ
2297 5073 2522 5150 γίνεται.
2559 5073 2701 5139 Αὕτη
2733 5071 2826 5128 καί
2879 5074 3001 5136 τοὺς
3052 5073 3266 5138 ὃδόντας
3323 5074 3576 5132 κλείσασα
3634 5080 3722 5134 καὶ

2073 5164 2138 5218 τά
2195 5161 2355 5242 χείλη
2415 5162 2622 5236 μύσασα
2685 5165 2744 5220 οὗ
2807 5162 2970 5237 μόνον
3031 5167 3090 5222 0-3
3119 5163 3300 5242 φωνὴν
3355 5169 3561 5242 προῖει,
3598 5165 3718 5222 ἀλλ’

2075 5249 2190 5307 οὐδὲ
2217 5255 2414 5330 τροφῆς
2445 5250 2578 5317 ὅλης
2632 5249 2828 5317 ἥπτετο
2865 5270 2879 5285 ·
2919 5254 2946 5308 ὁ
2979 5251 3032 5308 δὲ
3068 5251 3252 5328 λιμὸς,
3297 5254 3361 5313 τά
3391 5275 3448 5310 τε
3501 5257 3718 5334 σπλάγ-

2074 5361 2182 5419 χνα
2247 5343 2335 5396 καὶ
2393 5339 2490 5406 την
2551 5339 2719 5418 σάρκα
2750 5339 3005 5420 χαλεπῶς
3048 5340 3318 5418 διατήξας,
3353 5345 3443 5399 τὸν
3491 5345 3716 5401 θάνατον

2073 5427 2286 5496 ἠπείλει
2319 5429 2454 5504 μετὰ
2514 5429 2715 5508 βραχύ.
2747 5431 3097 5509 Πειρωμένων
3145 5428 3199 5487 δὲ
3257 5434 3448 5510 ἰατρῶν
3505 5437 3714 5513 φαρμά-

2073 5538 2180 5576 κων
2237 5516 2568 5599 φιλοπονίαις
2621 5520 2708 5578 καὶ
2750 5525 2866 5588 τοῖς
2894 5520 3000 5578 ἀπὸ
3033 5525 3130 5590 τῆς
3160 5520 3363 5606 τέχνης
3394 5523 3706 5602 βοηθήμασι
