4022 6146
259 269 380 338 789
1584 276 1771 342 VITA
1828 276 1888 339 S.
1943 276 2304 347 MELANIE.
3510 284 3631 353 790

256 417 350 469 τοῦ
400 411 565 471 κακοῦ
605 417 923 493 κραττῆσαι,
954 411 1069 470 ἐπεὶ
1119 414 1323 490 μάταια
1366 414 1538 472 πάντα
1567 412 1662 473 καί
1692 415 1754 471 τὸ
1784 436 1896 491 μη-

1983 432 2159 496 quam
2191 418 2395 480 omnia
2427 416 2934 481 cenvincebantur
2964 434 3098 481 esse
3126 418 3332 481 inania
3363 425 3424 482 et
3479 422 3630 485 nihil

253 498 342 559 δὲν
401 504 545 561 εἶναι
603 503 928 585 ἠλέγχοντο,
974 504 1288 566 ἀπειπόντες
1346 506 1394 562 οἱ
1447 505 1643 571 ταύτης
1691 504 1896 583 προσή-

1986 526 2177 591 posse,
2210 509 2510 592 defatigati
2543 512 2644 592 qui
2679 510 2751 574 ad
2784 529 2915 573 eam
2949 510 3302 587 attinebant,
3340 513 3412 575 ad
3443 533 3629 575 unum

252 613 447 683 κοντες
488 594 621 672 πρὸς
679 598 802 669 μίαν
852 594 1031 673 ἑώρων
1085 595 1333 672 βοήθειαν
1384 593 1480 683 τὴν
1528 597 1626 663 τῆς
1659 593 1896 683 μεγάλης

1983 598 2370 662 intuebantur
2420 602 2728 677 auxilium,
2762 619 2981 681 nempe
3029 602 3107 663 ad
3144 620 3352 683 preces
3406 621 3631 682 magna:

249 682 448 760 εὐχήν.
510 683 763 763 Φέρουσιν
812 684 899 741 οὗν
932 687 1100 750 αὐτὴν
1149 686 1331 764 χερσὶν
1380 681 1650 761 αἴροντες,
1706 681 1902 761 δάκρυά

246 792 307 826 τε
379 773 488 828 τῶν
545 770 830 852 ὀφθαλμῶν
901 772 1286 844 ἀποστάζοντες
1361 774 1449 829 καὶ
1499 773 1713 850 ῥήματα
1794 774 1899 829 τῶν

250 856 492 938 δακρύων
550 858 877 931 ἒλεεινότερα
938 862 1273 940 προϊέμενοι.
1327 852 1391 919 Ἠ
1435 859 1491 917 δὲ
1546 861 1663 936 (καί
1705 861 1805 938 γὰρ
1848 855 1901 923 ἐξ

250 948 544 1026 ἀνθρώπων
586 948 736 1017 δόξάν
781 952 855 1016 ὡς
898 951 966 1007 τὰ
1013 950 1222 1029 μεγάλα
1278 949 1615 1028 βλάπτουσαν
1670 949 1900 1031 ἐφυλάτ-

249 1059 396 1111 τετο,
429 1039 526 1095 καί
571 1053 978 1120 μετριοφρονεϊν
1024 1040 1333 1119 ἠπίστατο),
1381 1049 1555 1100 Ταῦτα
1609 1039 1707 1117 μὲν
1754 1039 1896 1114 ἐμοὶ,

250 1126 421 1208 λέγει,
467 1127 716 1186 ἀδύνατα·
772 1131 821 1186 οἱ
876 1128 932 1186 δὲ
972 1138 1065 1188 τοῦ
1122 1138 1350 1209 Χριστοῦ
1404 1131 1663 1207 μάρτυρες
1718 1128 1894 1187 πολλὰ

251 1217 319 1274 ἂν
374 1217 590 1275 τοιαῦτα
631 1219 718 1275 καὶ
774 1219 987 1293 μείζονα
1036 1220 1233 1277 τούτων
1291 1217 1608 1299 ἐργάσασθαι
1660 1218 1887 1281 δυνατοί.

251 1307 435 1371 Οὕτως
488 1309 706 1366 εἰποῦσα
758 1309 832 1372 εὶς
862 1310 955 1365 τὸν
1011 1311 1137 1367 ναὸν
1192 1306 1340 1387 ἄγειν
1383 1307 1584 1366 κελεύει
1633 1308 1731 1377 τὴν
1775 1306 1891 1364 δαι-

1982 689 2247 754 Melanre.
2299 689 2439 752 Eam
2474 691 2673 773 itaque
2716 692 2973 753 afferunt
3003 691 3280 753 tollentes
3330 692 3626 773 manibus,

1980 776 2268 859 lacrymas
2317 779 2505 842 oculis
2535 780 2934 860 eﬂ‘undentes,
2971 789 3034 842 et
3083 780 3262 843 verba
3291 781 3631 844 amittentes

1984 865 2256 946 lacrytnis
2290 869 2475 948 magis
2507 868 2896 932 miserabilia.
2924 868 3030 932 [lla
3057 877 3255 932 autem
3292 871 3628 950 (hominum

1983 955 2144 1019 enim
2194 956 2412 1020 vitabat
2462 958 2734 1037 gloriam,
2770 965 2831 1019 ut
2878 977 3009 1039 qum
3053 977 3332 1039 magnum
3386 961 3634 1024 afferret

1984 1044 2289 1121 damnum,
2323 1047 2711 1128 modesteque
2757 1066 2827 1109 ac
2881 1047 3186 1110 moderate
3239 1065 3304 1110 se
3333 1048 3623 1127 gerebat).

1976 1132 2114 1197 Htec
2144 1135 2407 1216 quidem,
2441 1137 2652 1217 inquit,
2687 1156 2719 1198 a
2754 1155 2847 1198 me
2879 1155 2996 1197 non
3030 1146 3280 1217 possunt
3309 1156 3429 1198 non
3464 1139 3627 1212 ﬁeri,

1977 1225 2196 1288 Christi
2227 1244 2365 1287 vero
2421 1239 2708 1306 martyres
2740 1226 2866 1287 haec
2898 1234 2957 1288 et
2985 1225 3075 1288 bis
3120 1227 3345 1306 majora
3377 1235 3630 1307 possunt

1975 1314 2349 1377 facere.Cum
2382 1315 2469 1377 sic
2514 1314 2784 1390 dixisset,
2816 1314 3242 1377 daemoniacam
3293 1315 3430 1376 duci
3454 1315 3631 1395 jubet

251 1403 522 1474 μυνῶσαν.
564 1404 668 1456 Τοῦ
729 1395 785 1454 δὲ
828 1403 935 1455 τῶν
992 1397 1155 1477 ἁγίων
1213 1399 1359 1462 εὐθὺς
1414 1396 1591 1455 ελαίου
1659 1394 1891 1484 λαϐοῦσα

1982 1403 2042 1464 in
2070 1404 2379 1484 templum.
2414 1405 2561 1468 Cum
2591 1404 2667 1465 de
2695 1412 3035 1465 sanctorum
3066 1414 3261 1466 autem
3295 1405 3426 1467 oleo
3457 1394 3628 1467 sum-

246 1487 339 1545 καὶ
397 1485 492 1543 τοῦ
566 1490 666 1552 τῆς
721 1486 1029 1561 καμνούσης
1090 1487 1356 1562 στόματος
1428 1485 1680 1561 ἁψαμένη
1751 1483 1896 1561 λαμ-

1985 1483 2217 1572 psisset,
2248 1500 2305 1554 et
2335 1510 2403 1555 os
2442 1493 2764 1555 laborantis
2796 1491 3106 1574 tetigisset,
3140 1493 3360 1555 claram
3415 1493 3633 1556 emittit

243 1575 383 1655 πρὰν
434 1575 669 1655 ἐπιφέρει
731 1574 936 1663 ῳῳνῆν,
999 1574 1090 1634 Ἐν
1146 1584 1224 1651 τῷ
1265 1576 1485 1651 ὀνόματι
1533 1574 1711 1663 Ἰησοῦ
1768 1582 1896 1653 Χρι-

1982 1599 2187 1643 vecem
2225 1602 2238 1642 :
2292 1583 2354 1642 In
2382 1582 2625 1643 nomine
2648 1584 2790 1644 Jesu
2822 1581 3067 1656 Christi,
3100 1581 3331 1663 dicens,
3366 1601 3432 1644 os
3464 1589 3630 1645 tuum

243 1672 398 1742 στοῦ,
457 1662 711 1744 λέγουσα,
757 1661 1013 1730 διάνοιξον
1072 1686 1167 1723 σου
1222 1667 1285 1722 τὸ
1343 1664 1540 1741 στόμα.
1593 1661 1896 1721 Ἠκολούθει

1985 1672 2173 1752 aperi.
2228 1672 2450 1751 vocem
2495 1680 2690 1733 autem
2746 1690 2853 1733 vox
2901 1670 3096 1733 statim
3150 1681 3241 1733 est
3288 1661 3628 1748 consecuta,

242 1753 301 1811 δέ
343 1758 686 1843 παραχρῆμα
726 1758 794 1829 τῇ
840 1758 993 1843 φωνῇ
1034 1755 1069 1823 ἡ
1118 1754 1281 1843 γονὴ,
1327 1759 1397 1830 τῇ
1437 1753 1718 1843 παρὰντῖις
1748 1751 1896 1831 ἁγίας

1983 1767 2203 1823 sanctae
2237 1779 2441 1823 vocem
2470 1777 2584 1822 vox
2634 1769 2892 1840 aegrotae,
2929 1768 2986 1822 et
3016 1759 3260 1823 incitata
3313 1769 3404 1822 est
3433 1760 3635 1841 lingua

247 1845 284 1912 ἡ
346 1848 446 1911 τῆς
521 1842 803 1914 νοσούσης,
851 1842 943 1899 καί
998 1845 1034 1911 ἡ
1098 1842 1311 1920 γλῶττα
1366 1843 1498 1922 πρὸς
1560 1842 1896 1922 εὐχαριστίαν

1982 1850 2056 1912 ad
2108 1850 2369 1929 agendas
2414 1850 2653 1930 gratias,
2689 1859 2747 1912 et
2808 1849 3040 1911 daemon
3086 1849 3317 1925 aberat,
3353 1857 3412 1912 et
3461 1852 3635 1915 cibus

244 1932 518 2012 ἣρέθιστο,
552 1933 641 1990 καὶ
683 1934 712 1989 ὁ
769 1930 969 2007 δαίμων
1026 1931 1196 2021 ᾁπῆν,
1228 1933 1321 1990 καὶ
1374 1933 1415 2021 ἡ,
1467 1932 1638 2021 τροιρη
1677 1932 1896 2021 ,σύναμα

1982 1938 2163 2002 simul
2211 1939 2438 2018 aderat,
2472 1947 2532 2003 et
2565 1939 2830 2001 divinum
2888 1954 3107 2000 nomen
3139 1957 3245 2021 per
3279 1939 3470 2020 ipsam
3501 1941 3636 2020 glo-

251 2028 460 2103 παρῆν,
524 2024 610 2079 καὶ
679 2022 742 2078 τὸ
812 2024 955 2079 θεῖον
1020 2018 1088 2077 δι’
1161 2021 1328 2090 αὐτὴν
1382 2019 1555 2097 ὄναμα
1614 2017 1896 2097 δοξαζόμε-

1988 2027 2358 2092 riﬁcabatur.

255 2134 347 2170 νον
376 2111 444 2179 ἦν
455 2159 470 2175 ,

343 2206 453 2290 ΔΓ,
513 2199 690 2269 ’Ἄλλη
743 2223 825 2265 τις
881 2200 1013 2280 γυνὴ
1079 2200 1277 2257 κύουσα
1330 2200 1626 2279 πικροτέρῳ
1685 2200 1896 2259 θανάτοι

2067 2206 2335 2272 XXXlll.
2355 2207 2636 2281 Quaadam
2665 2207 2782 2269 alia
2814 2207 3032 2270 mulier
3046 2209 3293 2290 gravida
3321 2209 3382 2270 in
3399 2210 3635 2290 partum

260 2289 550 2371 περιέτυχε
603 2292 768 2363 τόκῳ.
816 2291 952 2369 Πρὸς
1015 2289 1117 2369 γὰρ
1173 2293 1251 2364 τῷ
1297 2292 1490 2347 τίκτειν
1521 2294 1679 2360 αὐτῆς
1750 2311 1896 2358 γενο-

1990 2297 2200 2361 incidit
2231 2309 2422 2360 morte
2452 2296 2849 2362 acerbiorem.
2886 2297 3031 2360 Nam
3054 2289 3189 2362 cum
3213 2300 3336 2381 jam
3371 2305 3632 2380 pareret,

262 2379 431 2457 μένης
486 2382 548 2436 τὸ
601 2378 824 2458 ἔμϐρυον
897 2376 1039 2436 ἔνδον
1098 2377 1244 2435 οὔπω
1314 2379 1569 2468 προελθὸν
1638 2378 1896 2441 ετελεύτα.

1988 2385 2290 2468 fcetus,qui
2313 2386 2575 2449 nondum
2597 2397 2990 2468 processerat,
3014 2387 3175 2450 intus
3195 2376 3323 2450 erat
3340 2376 3632 2467 mortuus,

263 2469 360 2527 καῖ
418 2469 483 2537 ἧν
528 2470 562 2538 ἦ
596 2468 802 2548 γαστὴρ
846 2474 941 2546 τῇς
1000 2469 1202 2545 μητρὸς
1245 2474 1323 2542 τῷ
1364 2467 1508 2526 παιδὶ
1557 2469 1747 2548 τάφος⁶
1803 2473 1896 2537 ἧκε

1990 2467 2234 2555 eratque
2287 2478 2487 2540 matris
2535 2467 2736 2538 uterus
2786 2477 3129 2559 sepulcrum
3179 2477 3308 2541 ﬁlii.
3359 2476 3639 2540 Pervenit

263 2562 540 2648 τοιγαροῦν
588 2561 622 2626 ἡ
670 2558 767 2627 τῆς
825 2558 1075 2634 γυναικὸς
1130 2559 1369 2638 συμφορὰ
1428 2560 1513 2616 καὶ
1557 2557 1721 2639 μέχρι
1785 2565 1896 2615 Με-

1985 2569 2182 2648 itaque
2217 2567 2516 2629 calamitas
2565 2568 2771 2628 matris
2803 2557 2991 2648 usque
3039 2567 3111 2629 ad
3145 2585 3321 2630 aures
3364 2568 3632 2630 Melanaa.

259 2649 451 2716 λάνης.
528 2639 590 2705 Ἠ
646 2648 701 2704 δὲ
762 2647 877 2738 λίαν
919 2645 1224 2738 περιαλγὴςΔ
1267 2661 1522 2726 γεγονυῖα
1573 2650 1668 2705 κκῖ
1710 2648 1896 2716 ἐπίσης

1981 2639 2311 2721 Illa-autem
2346 2656 2513 2719 valde
2539 2656 2698 2735 gravi
2728 2639 2935 2719 dolore
2955 2656 3182 2732 alfecta,
3209 2665 3265 2719 et
3286 2657 3537 2738 perinde
3565 2675 3634 2717 ac

253 2745 323 2816 τῇ
380 2738 665 2818 πασχούσῃ
731 2736 830 2805 τὴν
880 2734 1105 2813 καρδίαν
1174 2734 1509 2817 ὀδυνηθεϊσα,
1556 2738 1657 2805 τὴν
1724 2738 1896 2796 οὶκίαν

1980 2738 2107 2828 ipsa
2128 2765 2259 2828 qua;
2282 2734 2612 2826 patiebatur
2636 2745 2917 2825 cruciata,
2950 2744 3111 2807 venit
3130 2734 3323 2808 statim
3355 2745 3427 2807 ad
3450 2745 3633 2819 mdes,

255 2832 328 2893 ὣς
390 2829 563 2909 τάχος
594 2823 994 2902 καταλαμϐάνει
1052 2825 1171 2883 ἔνθα
1224 2828 1315 2883 τὸν
1365 2824 1595 2884 κίνδυνον
1644 2826 1896 2903 ὑπέμενεν

1989 2823 2049 2898 in
2098 2823 2313 2916 quibus
2345 2836 2673 2916 periculum
2705 2823 2913 2897 adibat
2956 2833 3191 2908 mulier,
3228 2851 3631 2915 magnumque

254 2921 291 2990 ή
357 2918 517 2997 γυνὴ,
582 2917 672 2973 καὶ
713 2917 775 2973 τὸ
849 2914 990 2992 μέγα
1046 2915 1322 2995 φάρμακον
1378 2914 1617 2990 ἒσκύαζε,
1662 2915 1763 2983 τὴν
1819 2918 1896 2972 εὖ·

1992 2914 2491 2988 medicamentum
2544 2922 2769 3005 paravit
2797 2924 3151 2986 orationem.
3204 2914 3348 2997 Quae
3376 2914 3639 2986 vero’la-

256 3010 391 3090 χήν.
444 3000 506 3064 Ἠ
550 3004 606 3062 δέ
649 3006 949 3082 κάμνουσα,
986 3002 1141 3079 μόλις
1187 3005 1253 3060 τὰ
1301 3002 1462 3083 χείλη
1505 3003 1896 3096 διρισαλιεύουσα1

1992 3014 2260 3096 borabat,
2288 3015 2380 3075 vix
2408 3000 2674 3076 membra
2698 3031 2962 3089 movens,
2992 3031 3111 3075 non
3143 3021 3372 3093 poterat
3393 3013 3635 3095 quidem

257 3099 572 3178 φθέγγεσθαι
632 3096 730 3171 μὲν
783 3093 879 3151 οὒκ
934 3094 1089 3173 εἶχε,
1126 3099 1205 3168 τῷ
1261 3095 1506 3173 σχήματι
1550 3091 1604 3149 δὲ
1660 3095 1746 3150 καὶ
1788 3106 1896 3155 τοῖς

1995 3104 2155 3187 loqui
2184 3126 2199 3181 ;
2245 3091 2452 3166 babitu
2484 3112 2683 3166 autem
2715 3111 2777 3165 et
2804 3103 2994 3164 oculis
3046 3091 3331 3166 ﬂebiliter
3359 3091 3428 3166 et
3464 3105 3641 3166 mise-

259 3185 558 3266 ὀφθαλμοῖς
605 3183 870 3274 λοίκτρόνῂ
945 3204 996 3239 τι
1090 3183 1180 3239 καὶ
1248 3183 1533 3261 περιπαθὲς
1616 3181 1896 3259 βλιὲποδσα1

1992 3181 2263 3257 rabiliter
2286 3194 2548 3274 intuens,
2573 3192 2884 3255 videbatur
2904 3192 3129 3269 dicere,
3154 3192 3462 3257 Miserere.
3485 3193 3638 3266 Quid

256 3275 541 3349 Ἐλέησον,
601 3272 777 3364 λέγειν
806 3360 820 3364 _
846 3271 1023 3364 ἔῴκει.
1082 3271 1142 3330 Τί
1198 3271 1372 3340 οὖν”ἦ
1453 3271 1712 3350 μεγάλη;
1775 3274 1896 3352 Πρὸς

1995 3302 2134 3364 ergo
2190 3301 2400 3363 magna
2430 3271 2708 3346 Melana?
2759 3279 2962 3345 Oculis
3005 3281 3067 3343 in
3099 3283 3311 3348 ccelum
3364 3282 3634 3359 sublatis,

265 3364 485 3434 οὓρανὸν
526 3364 585 3420 τὸ
615 3362 767 3439 όμμα
801 3360 1021 3440 διάρασα
1077 3363 1169 3416 καί
1214 3361 1313 3429 τὴν
1366 3361 1557 3438 ἑαυτῇς
1585 3363 1758 3433 ζώνην
1816 3361 1896 3417 λύ-

1995 3360 2128 3437 cum
2153 3360 2360 3434 zonam
2384 3390 2549 3435 suam
2583 3371 2878 3448 salvisset,
2910 3371 3107 3434 statim
3141 3372 3393 3452 imponit
3415 3372 3470 3432 ei
3500 3390 3635 3449 qua:

267 3475 407 3510 σασα
439 3458 505 3529 τῇ
559 3450 753 3532 σχεδὸν
815 3455 974 3529 νεκρᾷ
1031 3452 1177 3514 εῦθὺς
1236 3449 1551 3517 ἐπιτίθησιν
1617 3456 1761 3531 εἶτα,
1814 3452 1896 3509 Κα

1995 3479 2121 3528 erat
2166 3465 2290 3526 fere
2324 3474 2573 3527 mortua.
2608 3463 2837 3526 Deinde
2895 3481 3028 3524 cum
3061 3449 3336 3524 dixisset:
3370 3465 3505 3544 Ipsa
3534 3463 3642 3525 fuit

262 3540 418 3621 αὕτη,
454 3542 645 3621 φησίν,
677 3543 711 3610 ἡ
744 3539 887 3612 ζώνη
949 3538 1185 3618 μεγάλου
1233 3561 1325 3615 μοι
1356 3538 1533 3615 δῶρων
1584 3539 1790 3617 ἀνδρὸς,
1823 3541 1896 3596 εἷ-

1990 3555 2137 3617 mibi
2165 3555 2393 3616 donum
2428 3553 2624 3632 magni
2652 3554 2784 3628 viri,
2819 3562 2876 3615 et
2900 3552 3007 3629 qui
3039 3570 3168 3614 eam
3201 3552 3379 3613 fuerit
3399 3538 3637 3613 'conse-

258 3633 486 3711 πούσης,
520 3632 607 3687 καὶ
663 3628 691 3685 ὅ
723 3651 785 3707 γε
832 3630 1029 3695 ταύτης
1057 3629 1238 3708 τυχὼν
1296 3628 1391 3684 ούκ
1419 3628 1759 3694 ἀποτεύξεται
1808 3628 1896 3695 τῆς

1989 3651 2179 3719 cutus,
2216 3663 2333 3705 non
2360 3628 2745 3705 frustrabitur
2774 3628 3103 3714 curatione,
3138 3642 3330 3702 statim
3379 3649 3438 3701 et
3472 3658 3635 3701 mor-

258 3722 474 3790 ἰάσεως,
508 3720 694 3776 αύτίκα
752 3719 837 3774 καὶ
886 3719 978 3774 τὸν
1035 3719 1221 3795 νεκρὸν
1277 3716 1477 3792 ἐξέθορε
1525 3738 1582 3774 τε
1627 3719 1714 3774 καὶ
1765 3717 1896 3774 ἀπε-

1991 3716 2363 3812 ῑυιιπιόᾸιιοὶῑ
2392 3740 2451 3793 et
2482 3731 2732 3812 peperit,
2760 3738 2820 3791 et
2851 3748 2983 3806 qua:
3008 3729 3269 3809 jaccbat,
3300 3729 3407 3789 fuit
3438 3729 3637 3791 statim

254 3812 489 3888 τίκτετο,
551 3810 639 3865 καὶ
708 3809 739 3876 ἡ
811 3807 1033 3883 κειμένη
1092 3811 1428 3886 παραχρῆμα
1473 3806 1650 3874 πάσης
1721 3805 1896 3873 ὀδύνης

1991 3820 2065 3883 ab
2114 3805 2275 3882 omni
2305 3805 2512 3882 dolore
2544 3805 2817 3881 liberata.
2869 3805 3025 3881 Haec
3044 3819 3135 3879 vel
3170 3805 3277 3896 per
3325 3836 3532 3879 zonam
3564 3818 3636 3880 B.

258 3898 600 3970 ἀπήλλακτο,
649 3903 875 3955 Τοιαῦτα
929 3897 1016 3952 καὶ
1071 3894 1158 3952 διὰ
1216 3900 1315 3961 τῆς
1373 3894 1544 3966 ζώνης
1587 3897 1622 3963 ἡ
1681 3896 1896 3973 μακαρία

1988 3910 2215 3973 Melana
2269 3911 2492 3972 faciens
2550 3909 2859 3984 miracula,
2925 3926 2995 3971 ea
3057 3894 3191 3969 aliis
3252 3906 3632 3970 attribuebat.

261 3989 528 4064 θαυμάσια
597 3985 770 4055 δρῶσα
838 3986 931 4049 τὰς
1015 3985 1242 4064 χάριτας
1312 3990 1416 4040 τῶν
1493 3982 1773 4059 θαδμᾶτων
1839 3986 1896 4040 εἰς

1988 3999 2174 4072 Quam
2206 3999 2390 4061 multa
2442 3999 2590 4060 facta
2623 4006 2764 4059 sunt
2807 3982 2928 4059 illic
2959 3996 3279 4076 ejusmodi,
3314 4015 3443 4077 qute
3492 3998 3640 4060 mihi

255 4079 470 4157 ἐτέρους
526 4076 717 4153 ἀνῆγε,
777 4075 923 4131 Πόσα
972 4073 1177 4141 ἐκείνης
1230 4082 1467 4148 τοιαῦτα,
1498 4076 1574 4128 ὧν
1623 4076 1682 4130 οὗ
1737 4095 1896 4153 προσ-

1992 4107 2109 4151 non
2166 4088 2304 4151 licet
2335 4107 2493 4150 nunc
2540 4087 2857 4167 attingere,
2891 4073 3022 4148 cum
3059 4073 3346 4166 prolixam
3397 4105 3640 4150 cernam

260 4167 377 4234 ἤχει
437 4189 528 4241 μοι
562 4171 648 4222 νῦν
703 4165 981 4234 ἅπτεσθαι,
1016 4165 1075 4219 τὸ
1125 4164 1301 4238 μῆκος
1362 4163 1550 4240 ὁρῶντι
1600 4164 1693 4219 τοῦ
1744 4161 1896 4240 λόγου

1990 4182 2338 4260 orationem,
2375 4187 2432 4239 et
2462 4161 2747 4239 remissus
2775 4161 2898 4256 jam
2928 4161 3073 4237 mibi
3104 4176 3181 4237 sit
3222 4176 3463 4257 Spiritus
3496 4194 3640 4256 pro-

255 4258 343 4312 καὶ
401 4255 601 4312 ἄτοπον
653 4252 757 4322 ἤδη
784 4261 860 4327 τῷ
911 4253 1100 4322 πλήθει
1154 4257 1260 4308 τῶν
1306 4252 1597 4330 εἰρημένων
1642 4252 1896 4328 πνέοντις

1991 4278 2122 4349 pter
2153 4252 2595 4330 multitudinem
2632 4252 2839 4330 eorum
2880 4284 3011 4346 quae
3040 4265 3197 4326 dicta
3228 4252 3384 4327 sunt.
3418 4252 3535 4327 Sed
3569 4283 3643 4327 ex

256 4343 409 4402 Ἀλλ’
453 4346 590 4419 ὑμᾶς
619 4365 681 4420 γε
731 4356 846 4406 τοῖς
879 4340 981 4409 ἤδη
1014 4340 1258 4419 λεχθεῖσι
1307 4342 1395 4397 καὶ
1425 4341 1544 4419 περὶ
1598 4346 1702 4397 τῶν
1733 4340 1896 4397 ἄλλων

1990 4340 2086 4432 iis,
2112 4376 2241 4438 quae
2263 4358 2415 4419 dicta
2446 4365 2605 4431 sunt,
2632 4356 2798 4419 vobis
2819 4340 2993 4419 facile
3025 4354 3164 4416 licet
3193 4353 3422 4432 reliqua
3444 4354 3641 4433 conji-

259 4435 488 4505 εἰκάζειν
547 4434 713 4512 εἰκὸς,
774 4431 953 4509 ὥσπερ
1009 4429 1060 4496 ἐξ
1117 4430 1297 4509 ὀλίγου
1365 4431 1628 4509 γεύματος
1690 4433 1745 4487 τὸ
1804 4438 1896 4487 πᾶν

1992 4429 2153 4523 cere,
2173 4455 2232 4508 ut
2262 4448 2363 4527 qui
2395 4467 2465 4509 ex
2499 4429 2732 4510 modico
2762 4453 2937 4524 gustu
2977 4451 3165 4507 totum
3193 4429 3592 4523 cognoveriti's
3618 4462 3635 4523 ;

259 4521 545 4600 ἐγνωκόσι·
600 4524 693 4578 τοῦ
734 4521 835 4600 γὰρ
885 4525 1043 4579 αὐτοῦ
1098 4523 1271 4591 πίθου,
1317 4521 1504 4597 φήσειε
1555 4541 1668 4593 τις,
1703 4522 1788 4576 καὶ
1844 4522 1896 4576 τὲ

1993 4554 2065 4597 ex
2096 4509 2305 4597 eodem
2340 4538 2496 4597 enim
2529 4536 2711 4617 dolio,
2746 4509 2963 4599 dixerit
2999 4509 3321 4616 quispiam,
3356 4540 3445 4594 est
3491 4509 3639 4594 reli;

259 4610 475 4669 λοιπόν.
539 4610 699 4668 ἰτέον
753 4611 924 4666 τοίνυν
976 4608 1061 4664 ἐπὶ
1118 4609 1214 4674 τὴν
1271 4607 1522 4676 τελευτὴν
1575 4608 1729 4687 ὀλίγα
1770 4611 1896 4686 πρό-

1994 4647 2199 4709 quum.
2232 4626 2506 4687 Eundum
2551 4634 2641 4687 est
2672 4607 2809 4705 ergo
2841 4625 2911 4686 ad
2963 4607 3370 4696 doceo-essum,
3401 4621 3448 4682 si
3482 4621 3642 4702 prius

258 4722 409 4780 τερον
437 4700 760 4779 προσθέντας
780 4706 856 4772 τῷ
886 4697 1206 4776 διηγήματι,

1994 4697 2317 4777 narritioni
2349 4730 2532 4794 pauca
2556 4697 2979 4791 adjece'rimus.

340 4789 480 4851 AA’.
541 4790 694 4847 Ἐπεὶ
765 4789 865 4868 γὰρ
923 4788 1223 4867 ἐφειστήκει
1283 4787 1343 4842 τὸ
1400 4785 1575 4862 τέλος,
1616 4789 1702 4844 καὶ
1757 4796 1896 4846 τοῦτ(

2072 4803 2326 4867 XXXIV.
2351 4785 2497 4865 Cum
2533 4785 2689 4862 enim
2712 4803 2947 4863 adesset
2977 4801 3133 4873 ﬁnis,
3157 4809 3215 4861 et
3245 4800 3294 4860 is
3324 4806 3483 4861 esset
3508 4799 3638 4859 Me-

265 4879 602 4958 προέγνωστο
662 4879 730 4947 τῇ
775 4877 1014 4956 Malim,
1078 4876 1256 4954 ὥσπερ
1301 4897 1382 4942 τις
1440 4875 1675 4944 ἀθλητὴς
1744 4877 1896 4957 ἐγγυ-

1995 4898 2134 4956 1311ῑὲ
2168 4898 2567 4969 przecognitus,
2594 4903 2649 4952 et
2671 4903 2940 4966 tanquam
2974 4892 3180 4950 athleta
3214 4893 3490 4963 quispiam
3522 4904 3639 4948 non

263 4969 393 5046 τέρω
443 4971 734 5048 γενόμενος
797 4978 890 5026 τοῦ
954 4967 1234 5046 στεφάνου,
1288 4963 1493 5040 μᾶλλον
1539 4965 1777 5042 ἔσπευδε,
1824 4968 1896 5025 κα

1995 4963 2199 5064 procul
2232 4963 2465 5042 abesset
2495 4998 2529 5041 a
2558 4963 2803 5057 corona,
2836 4976 3023 5053 magis
3044 4975 3382 5050 festinabat,
3411 4984 3637 5064 etcum

256 5064 333 5132 τῷ
389 5056 494 5126 ἤδη
541 5071 793 5135 παρεῖναι
820 5056 1026 5137 ἔχαιρε,
1087 5061 1358 5133 περιιοῦσα
1410 5056 1497 5112 καὶ
1538 5056 1660 5120 τοὺς
1710 5055 1896 5121 ἄλλους

1980 5055 2103 5153 jam
2137 5070 2346 5133 adesse
2380 5068 2686 5131 laetabatur
2721 5087 2735 5130 :
2772 5055 2831 5128 et
2861 5065 3072 5127 obiens
3103 5065 3212 5126 alia
3232 5064 3373 5153 loca
3419 5060 3639 5123 Iliero-

255 5153 354 5215 τῆς
412 5138 759 5223 Ἰερουσαλημ
815 5152 1031 5224 τόπους,
1102 5142 1345 5219 Βηθλέεμ
1412 5165 1471 5200 τε
1535 5144 1739 5211 ἐκείνην
1813 5149 1896 5201 καὶ

1980 5138 2388 5240 ἐοΙςηιοτυῐη,
2425 5168 2483 5219 et
2535 5157 2842 5219 Be'ltleem
2897 5153 3053 5214 illam
3103 5163 3161 5214 et
3210 5151 3535 5228 Galilaeam,
3582 5158 3642 5240 et

257 5236 543 5295 Γαλιλαίαν
598 5241 686 5295 καὶ
744 5236 843 5294 ὅσα
915 5242 1023 5294 τῶν
1082 5234 1230 5310 πέριξ
1288 5235 1375 5292 καὶ
1434 5235 1614 5311 κύκλῳ
1693 5258 1896 5315 περιπο·

2002 5234 2460 5332 quaecunquein
2487 5245 2689 5308 orbem
2714 5242 3082 5332 circumibat,
3119 5260 3189 5332 ea
3217 5250 3500 5332 tanquam
3516 5237 3641 5299 ani-

254 5327 419 5386 λοῦσα
460 5376 475 5400 ,
548 5328 783 5405 καθάπερ
867 5325 1147 5406 ἐμψύχους
1223 5326 1343 5415 περὶ
1423 5325 1521 5382 τὶν
1606 5324 1896 5402 ἂπαδημίαε

2001 5324 2156 5401 mata
2171 5324 2465 5401 salutabat.
2493 5337 2553 5397 in
2582 5329 3081 5415 peregrinatione.
3115 5331 3258 5393 Cum
3291 5326 3636 5390 advenisset

255 5417 547 5489 ἠσπάζετο.
614 5422 719 5484 Τῆς
772 5418 880 5474 τῶν
934 5416 1216 5494 γενεθλίων
1248 5413 1303 5470 δέ
1359 5420 1449 5470 τοῦ
1482 5416 1731 5490 Σωτῆρος
1792 5417 1896 5474 ἐπι-

1998 5438 2191 5491 autem
2244 5428 2373 5490 dies
2434 5413 2640 5489 natalis
2692 5421 3038 5500 Servatoris,
3074 5419 3148 5482 ad
3209 5434 3476 5498 praesepe
3526 5435 3638 5478 cu-

258 5507 462 5575 στέσης
508 5508 708 5586 ἡμέρας
783 5507 868 5564 ἐπὶ
943 5507 1036 5574 τὴν
1097 5505 1300 5584 φάτνην
1374 5505 1461 5561 καὶ
1519 5506 1582 5560 τὸ
1649 5507 1896 5577 σπήλαιοπ

1998 5519 2184 5581 currit
2213 5526 2270 5579 et
2300 5516 2672 5598 speluncam,
2709 5521 2772 5574 et
2824 5509 3196 5598 consobrina:
3226 5505 3394 5589 dicit,
3425 5524 3640 5598 senon

260 5596 389 5683 ἔθει,
422 5599 513 5656 καὶ
566 5603 635 5672 τῆ
690 5594 941 5680 ἀδελφιδῆ,
972 5595 1152 5682 φράζει
1210 5597 1282 5659 ὡς
1342 5592 1513 5657 οὐκέτι
1557 5595 1756 5669 ταύτην
1811 5602 1896 5660 αὖ·

1995 5607 2253 5693 amplius
2284 5592 2416 5671 esse
2444 5605 2658 5670 festum
2691 5620 2823 5667 cum
2857 5601 2942 5664 eis
2974 5597 3427 5663 celebraturam.
3490 5595 3636 5660 Cum
