4020 6142
358 246 468 313 791
1279 244 1561 311 MENSIS
1617 238 2050 308 DECEMBER.
2096 240 2284 306 VITA
2337 239 2399 303 S.
2444 241 2807 307 MELAN/E.
3634 238 3762 304 79?.

361 398 502 463 ergo
535 386 655 444 tota
683 383 862 444 nocte
883 378 1003 443 illic
1032 378 1329 459 vigilasset
1352 379 1413 440 in
1442 377 1759 458 spelunca,
1783 377 1882 440 die
1913 394 2000 437 se-

2088 388 2201 442 τοῖς
2258 376 2595 454 συνεορτάσω
2642 376 2738 445 τὴν
2789 375 3034 448 τελετήν.
3084 377 3286 443 Νυκτὸς
3315 376 3403 434 οὗν
3431 376 3583 445 ὅλης
3643 375 3767 432 ἐκεῖ

363 470 564 553 quenti
597 469 759 532 vadit
795 469 865 533 ad
894 468 1081 531 aedem
1116 469 1293 550 primi
1320 471 1613 548 martyris,
1639 476 1697 529 et
1726 486 1859 528 cum
1882 465 2000 528 illic

2088 472 2162 541 τῷ
2209 464 2457 539 σπηλαίῷ
2502 466 2958 545 ἑπαγρυπνήσασα
3006 472 3074 543 τῇ
3115 468 3249 543 μετὰ
3304 469 3508 535 ταύτην
3567 467 3653 530 εἰς
3699 466 3769 522 τὸ

360 567 790 644 pernoctasset,
827 567 885 622 et
915 559 1131 621 librum
1172 557 1529 638 sumpsisset
1558 557 1619 618 in
1651 575 1883 634 manus,
1918 556 2000 618 eis

2088 561 2176 612 τοῦ
2244 556 2686 634 πριοτομάρτυρος
2773 557 2911 634 ἱερὸν
2986 554 3316 636 ἀφικνεῖται,
3383 556 3628 614 κάκεῖσέ
3706 576 3770 611 τε

359 642 505 730 legit
525 658 772 712 mortem
796 648 970 730 primi
996 647 1292 729 martyris.
1318 645 1545 708 Deinde
1578 667 1712 709 cum
1745 647 2000 725 adjecis-

2088 642 2561 723 διανυκτερεύσασα
2632 668 2718 702 και
2780 646 2934 725 χερσὶ
2994 648 3055 703 τὸ
3118 644 3317 723 βιϐλίον
3366 644 3621 704 λαϐοὗσα
3669 646 3770 702 τὸν

362 748 476 820 set,
509 756 609 801 eas
658 756 776 799 non
805 737 1060 818 amplius
1091 754 1223 797 esse
1254 737 1412 797 illam
1457 735 1762 797 audituras
1792 735 2000 811 legen-

2088 741 2180 790 τοῦ
2228 734 2675 812 πρωτομάρτυρο.;
2722 737 2909 801 αὖταῖς
2957 735 3181 793 θάνατον
3251 735 3560 814 ὑπανέγνω.
3617 736 3775 793 Εἶτα

362 836 507 905 tem,
541 836 849 908 postquam
900 823 1043 886 vidit
1077 843 1176 909 eas
1205 829 1461 904 graviter
1498 824 1680 898 ferre,
1713 824 1871 906 quod
1906 824 2000 884 tli-

2088 827 2378 901 προσθεῖσα
2422 824 2493 886 ὡς
2556 823 2729 881 οὐκέτι
2784 825 2980 891 ταύτης
3044 825 3507 903 ἀναγινωσκούσης
3581 824 3772 880 ἀκού-

363 927 521 981 ctum
553 917 745 978 fuerat
774 913 1138 995 (sentiebant
1169 915 1333 977 enim
1367 915 1504 994 quid
1530 914 1641 975 sibi
1674 915 1847 976 vellet
1878 915 2000 975 haec

2088 934 2293 991 σονται,
2327 912 2441 968 ἐπεὶ
2490 912 2629 990 ἑώρα
2673 912 2880 988 βαρέως
2929 913 3090 978 αὒτὰς
3142 915 3203 972 τὸ
3244 914 3399 991 ῥηθὲν
3449 913 3774 989 δεξαμένας

362 1006 593 1088 dicens)
634 1027 647 1069 :
679 1005 780 1067 illa
811 1022 1018 1066 rursus
1048 1004 1424 1085 coepitverba
1454 1003 1526 1066 ad
1559 1022 1658 1066 eas
1690 1004 1909 1077 facere,
1944 1011 2000 1065 et

2088 999 2338 1080 (ᾔσθοντο
2393 1002 2492 1079 γαρ
2545 1003 2594 1059 τί
2649 1001 2897 1077 βούλεται
2956 1001 3148 1070 δηλοῦν
3225 1013 3389 1062 ταῦτα
3454 1002 3769 1081 λέγουσα),

357 1097 539 1159 corda
561 1113 760 1157 earum
795 1094 1096 1157 consolata
1128 1103 1216 1156 est
1241 1094 1433 1156 verbis
1464 1093 1855 1175 spiritalibus:
1880 1093 1998 1172 Ego

2088 1091 2256 1157 εκείνη
2307 1090 2399 1146 τόν
2452 1112 2508 1146 τε
2560 1091 2719 1167 λόγον
2774 1090 2921 1154 εὐθὺς
2972 1091 3325 1167 ἀνελάμϐανε,
3358 1093 3445 1148 καὶ
3486 1091 3596 1158 τοὶς
3660 1094 3774 1149 αὗ·-

357 1184 621 1268 quidem,
646 1184 875 1259 dicens,
899 1202 932 1244 o
958 1182 1348 1253 charissimaa,
1375 1202 1407 1243 a
1426 1183 1591 1243 vobis
1610 1184 1732 1263 jam
1755 1183 1996 1256 recedo,

2088 1182 2188 1253 τῷν
2230 1178 2440 1257 καρδίας
2496 1180 2697 1257 ῥήμασι
2760 1195 3143 1257 πνευματικοῖς
3201 1182 3536 1261 παρεκάλει,
3605 1181 3774 1258 Ἐγὼ

362 1294 496 1337 cum
549 1275 663 1337 hoc
692 1275 771 1336 ita
819 1273 941 1337 Deo
986 1272 1175 1334 visum
1222 1272 1320 1336 sit.
1356 1273 1475 1333 Vos
1529 1291 1667 1334 vero
1699 1272 1781 1333 ita
1827 1272 1998 1332 vitam

2088 1268 2207 1348 μὲν,
2239 1268 2284 1324 ὦ
2329 1268 2604 1350 φίλταται,
2635 1270 2873 1348 φήσασα,
2930 1270 3015 1349 ἀφ’
3071 1273 3219 1347 ὑμῶν
3267 1268 3370 1338 ἤδη
3413 1273 3767 1350 πορεύομαι,

356 1366 536 1446 agite,
590 1373 867 1445 tanquam
920 1360 1313 1444 prazsentibus
1374 1370 1432 1422 et
1488 1361 1856 1424 intuentibus
1897 1361 2000 1423 Dei

2088 1361 2167 1431 τῷ
2216 1364 2332 1431 Θεῷ
2381 1365 2535 1416 τοῦτο
2591 1358 2798 1416 δοκοῦν·
2847 1362 3007 1435 ὑμεῖς
3050 1359 3105 1415 δὲ
3160 1359 3280 1417 ἀλλ’
3324 1362 3428 1416 ὑπὸ
3482 1373 3619 1424 τοῖς
3666 1363 3773 1418 τοῦ

357 1454 570 1536 oculis,
607 1455 708 1536 qui
756 1452 1142 1530 cogitationes
1171 1460 1472 1514 scrutatur
1522 1460 1579 1513 et
1611 1452 1774 1513 videt
1804 1454 2000 1513 corda.

2092 1453 2224 1504 Θεοῦ
2292 1449 2488 1536 ζήσατε
2558 1446 2883 1527 ὀφθαλμοῖς,
2944 1450 3000 1514 ὃς
3074 1451 3162 1506 καὶ
3220 1448 3514 1529 λοφισμοὺς
3564 1451 3771 1528 ἐρευνᾷ

350 1544 500 1607 Eum
527 1535 695 1624 ergo,
727 1553 791 1607 ut
812 1541 955 1604 dicit
978 1541 1270 1622 Propheta
1287 1543 1339 1618 8,
1376 1539 1538 1603 vobis
1569 1548 1706 1602 ante
1750 1550 2000 1602 vestrum

2088 1537 2187 1593 καί
2257 1535 2470 1615 καρδίας
2519 1540 2637 1615 ὁρᾷ.
2696 1545 2862 1597 Τοῦτο
2919 1538 3009 1596 οὖν
3064 1536 3150 1594 δια
3217 1541 3415 1604 παντὸς
3467 1541 3615 1597 κατὰ
3666 1541 3768 1596 τὸν

357 1642 743 1715 conspectum
768 1639 1197 1714 proponentes,
1223 1638 1281 1692 et
1313 1639 1505 1693 castas
1535 1631 1766 1693 animas
1796 1640 1853 1693 et
1879 1647 2000 1692 cor-

2092 1628 2402 1707 Προφήτην,
2460 1627 2686 1685 ἐνώπιον
2743 1631 3112 1707 προορώμεναι
3167 1628 3263 1693 τάς
3321 1649 3380 1685 τε
3443 1629 3642 1709 ψυχὰς
3705 1628 3768 1684 ἓν

357 1742 506 1806 pora
534 1721 612 1785 ab
643 1723 805 1784 omni
837 1720 970 1783 labe
1002 1719 1224 1782 munda
1254 1729 1638 1784 conservate:
1676 1728 1734 1782 et
1762 1720 1811 1781 si
1857 1738 1997 1800 pro-

2089 1717 2272 1794 ἁγνείᾳ
2326 1718 2415 1776 καὶ
2456 1717 2587 1774 αὒτά
2616 1739 2678 1796 γε
2737 1719 2802 1775 τὰ
2851 1717 3074 1791 σώματα
3130 1718 3294 1795 ῥύπου
3348 1720 3554 1784 παντὸς
3596 1719 3763 1776 ἀνώ-

356 1805 491 1897 pter
516 1830 708 1876 meam
744 1810 1133 1892 privationem
1188 1810 1421 1872 tristitia
1451 1809 1629 1871 corda
1660 1817 1851 1873 vestra
1880 1829 1996 1889 pu-

2088 1827 2211 1881 τερα
2270 1808 2656 1886 συντηρήσατε⁶
2720 1807 2814 1868 κᾶν
2875 1829 2925 1863 τι
2989 1805 3074 1863 διὰ
3135 1808 3234 1874 τὴν
3293 1808 3425 1881 ἒμήν
3486 1807 3760 1886 στέρησιν

353 1904 609 1985 pugerit,
640 1902 691 1963 si
711 1899 871 1963 illius
900 1898 1067 1961 vobis
1095 1898 1290 1962 veniat
1316 1900 1376 1961 in
1410 1908 1695 1976 mentem,
1727 1898 1995 1983 protinus

355 1992 499 2055 satis
529 2008 801 2070 magnam
833 1988 1145 2050 invenietis
1174 1989 1668 2052 consolationem.

433 2168 663 2235 XXXV.
715 2170 864 2236 Cum
913 2167 999 2232 sic
1051 2167 1319 2245 dixisset,
1383 2168 1668 2250 templum
1731 2163 1996 2245 ingredi-

350 2271 472 2338 tur,
507 2268 568 2324 et
596 2278 734 2323 cum
768 2259 837 2321 ad
901 2258 1266 2340 precandum
1297 2257 1658 2320 constitisset
1690 2274 1708 2320 :
1743 2254 1998 2318 Domine

349 2354 559 2427 Deus,
636 2347 919 2426 dicebat,
994 2367 1168 2430 quem
1243 2367 1351 2428 ego
1426 2346 1577 2425 elegi
1652 2345 1726 2409 ab
1798 2345 1991 2419 initio,

351 2460 527 2524 quem
582 2458 691 2521 ego
745 2447 805 2502 et
851 2439 1079 2521 nuptiis
1126 2446 1186 2501 et
1228 2439 1447 2500 divitiis
1496 2446 1556 2499 et
1603 2435 1809 2515 gloriae
1841 2453 1995 2516 prae—

347 2531 459 2595 tuli
514 2538 574 2594 et
621 2529 1043 2612 voluptatibus,
1097 2529 1194 2592 cui
1240 2527 1313 2590 ab
1372 2535 1503 2588 ortu
1554 2542 1772 2605 corpus
1825 2541 1994 2584 com-

346 2620 623 2685 mendavi
681 2627 739 2680 et
799 2618 1096 2699 spiritum,
1133 2617 1301 2695 cujus
1348 2622 1508 2676 metu
1558 2613 1710 2674 ossis
1760 2627 1999 2691 semper

343 2709 600 2772 adhaesit
665 2707 829 2770 carni
911 2722 1106 2779 mere,
1184 2704 1284 2784 qui
1359 2702 1606 2764 tenuisti
1684 2703 1995 2762 dexteram

344 2816 563 2878 meam,
591 2804 650 2859 et
673 2796 734 2856 in
768 2793 1017 2856 consilio
1066 2802 1164 2856 tuo
1195 2791 1492 2855 deduxisti
1532 2810 1651 2873 me,
1678 2801 1738 2853 tu
1762 2806 1998 2872 quoque

344 2904 506 2950 nunc
534 2884 744 2949 exaudi
776 2902 982 2946 vocem
1032 2901 1255 2958 meam,
1290 2889 1350 2943 et
1378 2882 1505 2944 haec
1557 2882 1833 2962 lacrymae
1865 2897 1996 2941 mo-

342 2981 527 3039 veant
557 2976 779 3037 ﬂuenta
813 2985 930 3036 tum
973 2970 1425 3049 misericordias,
1461 2980 1521 3034 et
1552 2971 1816 3033 omnium
1853 2987 1997 3050 pec-

343 3076 611 3128 catorum
642 3067 843 3126 sordes
873 3075 988 3126 tam
1008 3067 1359 3124 voluntarias
1389 3080 1561 3137 quam
1586 3066 2003 3125 involuntarias

2077 1897 2111 1964 ἡ
2180 1894 2321 1963 λύπη
2390 1897 2486 1962 τὰς
2557 1898 2701 1972 ὑμῶν
2759 1895 2978 1975 δριμύξῃ
3037 1895 3278 1972 καρδίας,
3338 1896 3460 1954 ἀλλ’
3521 1898 3752 1954 ἐκεῖνον

2077 1984 2162 2043 ἐπὶ
2207 2006 2324 2045 νουν
2382 1985 2611 2067 ἔχουσαι
2665 1988 2851 2054 ικανὴν
2911 1986 3107 2051 εὐθέως
3161 1987 3410 2066 εὑρήσετε
3462 1988 3569 2056 τὴν
3628 2010 3749 2045 πα-

2082 2073 2342 2149 ράκλησιν
2356 2119 2372 2137 .

2164 2164 2295 2229 ΛΕ¹,
2365 2164 2544 2230 Οὕτως
2620 2166 2840 2224 εἰπουσα
2905 2166 3129 2222 εἴσεισιν
3199 2168 3273 2230 εἰς
3332 2168 3395 2224 τὸ
3463 2169 3607 2246 ἱερὸν
3652 2169 3747 2226 καὶ

2082 2256 2212 2334 πρὸς
2271 2257 2608 2335 εὐχαριστίαν
2681 2262 2873 2332 στᾶσα,
2943 2255 3206 2330 Δέσποτα,
3261 2254 3440 2335 ἱλεγεν
3502 2258 3531 2314 δ
3579 2260 3742 2331 Θεὸς,

2081 2347 2139 2403 ὃν
2187 2345 2296 2424 ἐγὼ
2326 2344 2377 2411 ἐξ
2406 2346 2581 2424 ἀρχῆς
2627 2344 2876 2420 εἱλόμην,
2927 2347 2985 2401 ὃν
3027 2346 3115 2403 καὶ
3163 2346 3337 2425 γάμου
3369 2348 3455 2404 καὶ
3502 2346 3743 2406 πλούτου

2080 2437 2168 2492 καὶ
2216 2435 2367 2502 δόξης
2426 2457 2515 2491 και
2558 2432 2761 2502 ἣδονῶν
2812 2436 3169 2516 προετίμῆσα,
3203 2439 3347 2510 ᾧπερ
3396 2436 3459 2493 ἐκ
3510 2444 3738 2514 γενετῆς

2081 2526 2167 2581 καὶ
2230 2529 2387 2599 σῶμα
2443 2524 2751 2600 παρεθέμην
2802 2525 2889 2581 καὶ
2940 2534 3143 2600 πνεῦμα
3204 2527 3263 2581 οὗ
3322 2533 3400 2598 τῷ
3650 2526 3737 2585 διὰ

2080 2613 2276 2677 παντὸς
2320 2611 2584 2683 ἐκολλήθη
2632 2635 2735 2688 μου
2807 2616 2867 2670 τδ
2926 2616 3112 2671 ὀστοῦν
3168 2620 3235 2691 τῇ
3294 2616 3449 2692 σαρκὶ
3512 2619 3540 2672 ὃ
3596 2640 3727 2694 κρα-

2079 2704 2248 2771 τήσας
2303 2723 2407 2771 μου
2446 2706 2545 2772 τῆς
2609 2701 2777 2769 δεξιᾶς
2836 2702 2931 2760 καί
2994 2704 3050 2760 ὲν
3110 2709 3177 2780 τῇ
3232 2703 3400 2783 βουλῇ
3455 2704 3717 2785 ὂδηγιίσας

2083 2814 2173 2870 με,
2222 2792 2379 2856 αὒτὸς
2436 2815 2537 2868 μου
2583 2792 2673 2850 καὶ
2715 2799 2804 2849 νῦν
2860 2793 3164 2852 εἰσάκουσον
3221 2795 3323 2859 τῆς
3381 2797 3595 2874 φωνῆς,
3636 2798 3721 2853 καὶ

2082 2880 2276 2961 δάκρυα
2331 2888 2495 2941 ταῦτα
2569 2884 2664 2949 τῆς
2733 2883 2830 2951 σῆς
2901 2882 3296 2963 εὐσπλαγχνίας
3349 2885 3628 2952 κινησάτω
3667 2887 3728 2942 τα

2082 2970 2261 3048 ῥεῖθρα
2311 2972 2396 3028 καὶ
2463 2982 2584 3035 τοὺς
2656 2972 2850 3049 ῥύπους
2907 2971 3019 3028 ὅσοι
3078 2973 3137 3029 τέ
3181 2996 3285 3049 μου
3344 2973 3576 3031 ἑκούσιοι
3648 2977 3733 3033 καὶ

2085 3058 2200 3118 ὅσοι
2244 3060 2478 3118 ἀκούσιοι
2534 3062 2638 3121 τῶν
2703 3062 3129 3142 ἁμαρτημάτων,
3162 3063 3425 3141 κάθαρων.
3456 3064 3558 3132 τὴν
3602 3069 3732 3145 πρὸς

349 3172 614 3236 expurga
649 3176 662 3213 :
696 3155 896 3235 praebe
944 3151 1089 3213 mihi
1123 3150 1195 3213 ad
1230 3158 1285 3213 te
1314 3151 1429 3214 iter
1456 3151 1679 3232 absque
1710 3152 1830 3215 ulla
1861 3173 2000 3234 per-

2088 3171 2145 3205 σε
2202 3151 2416 3228 πορείαν
2486 3150 2758 3232 ἀτάραχον
2830 3174 2921 3226 μοι
2995 3152 3275 3231 παράσχου
3323 3155 3409 3209 καὶ
3484 3152 3731 3230 ἀνεμπό-

348 3243 693 3309 turbatione
741 3250 801 3305 et
830 3247 976 3303 citra
1006 3240 1192 3302 ullum
1228 3240 1746 3320 impedimentum.
1787 3245 1877 3306 Ne
1908 3263 2005 3307 me

346 3333 654 3397 retineant
681 3332 861 3413 hujus
882 3329 1037 3392 acris
1061 3329 1198 3391 mali
1216 3329 1539 3391 daemones.
1562 3329 1730 3393 Nosti
1753 3334 2004 3396 mortale

347 3443 383 3487 ο
403 3422 780 3501 immortalis,
809 3419 936 3483 scis
964 3438 999 3481 ο
1022 3418 1330 3480 hominum
1362 3421 1856 3495 amator,nullum
1891 3424 2004 3486 ho—

346 3514 572 3578 minem
592 3529 723 3575 esse
742 3510 872 3572 sine
891 3507 1191 3572 sordibus.
1234 3506 1446 3570 Nullus
1471 3509 1650 3589 est,in
1677 3529 1851 3590 quem
1888 3532 2006 3574 non

344 3602 534 3686 possit
581 3601 844 3682 arripere
874 3616 1076 3661 ansam
1139 3597 1543 3673 adversarius,
1578 3617 1689 3661 nec
1720 3599 1773 3660 si
1822 3601 2001 3664 vitam

344 3692 587 3775 quidem
618 3690 832 3752 habeat
853 3706 973 3750 uno
1002 3687 1102 3750 die
1135 3686 1497 3748 dimensam.
1525 3687 1638 3750 Sed
1671 3695 1729 3749 tu
1757 3690 2003 3766 quidem

349 3799 480 3842 cum
503 3798 627 3842 mea
661 3784 853 3840 omnia
887 3780 1245 3852 despexeris,
1277 3782 1414 3837 siste
1446 3794 1539 3838 me
1569 3782 1842 3839 mundam
1875 3792 2005 3841 ante

348 3880 514 3934 tuum
546 3868 830 3932 tribunal.
863 3866 947 3930 Ea
976 3868 1378 3947 sic'precante
1411 3866 2001 3949 cumlacrymis,cum

350 3959 620 4023 nondum
652 3964 943 4020 cessasset
971 3974 1168 4035 orare,
1189 3957 1405 4019 horror
1434 3974 1649 4037 corpus
1678 3959 1807 4037 ejus
1835 3958 2003 4020 inva-

345 4048 459 4125 dit,
491 4046 784 4128 etincipit
813 4045 1056 4126 quidem
1088 4053 1394 4124 aegrotare,
1438 4065 1556 4108 non
1589 4055 1781 4109 cessat
1808 4056 2004 4110 autem

351 4138 625 4203 laborare
657 4186 673 4214 ,
733 4135 841 4198 sed
878 4135 1145 4216 quamvis
1193 4135 1274 4197 ita
1305 4142 1463 4198 esset
1494 4136 1726 4211 atl‘ecta,
1760 4136 1881 4198 ibat
1930 4138 2004 4200 ad

353 4236 643 4292 consueta
671 4226 923 4301 cantica,
957 4233 1016 4288 et
1044 4225 1220 4287 simul
1272 4226 1522 4306 hymnos
1556 4226 1841 4305 psallebat
1875 4246 2003 4289 ma-

352 4318 611 4381 tutinos:
648 4333 905 4397 cumque
932 4314 1008 4377 de
1037 4315 1237 4377 anima
1265 4322 1327 4375 et
1347 4314 1536 4375 salute
1566 4315 1816 4376 multum
1850 4324 2006 4378 esset

350 4406 788 4490 philosophata,
821 4414 881 4467 et
931 4422 1104 4467 suum
1137 4421 1374 4482 gregem
1430 4402 1713 4485 allocuta,
1746 4422 1882 4466 eum
1932 4405 2002 4467 ad

351 4469 630 4559 iirtutem
678 4495 1012 4569 incitasset,
1048 4469 1168 4553 ltisv
1200 4469 1385 4553 ﬁnitis
1432 4510 1566 4553 cum
1602 4511 1667 4555 se
1698 4469 2073 4557 lsensisseto

2087 3237 2261 3295 διστον
2311 3240 2390 3315 μὴ
2418 3240 2737 3320 κατάσχωσι
2786 3262 2852 3317 με
2883 3242 2931 3297 οἰ
2960 3243 3052 3298 τοῦ
3093 3242 3245 3320 ἀέρος
3281 3243 3463 3300 τούτου
3509 3245 3732 3323 πονηροὶ

2087 3327 2353 3409 δαίμονες,
2388 3328 2652 3407 ἔγνωκας,
2682 3331 2927 3405 ἀθάνατε,
2961 3331 3052 3387 τὰν
3102 3332 3315 3399 θνητόν⁸
3352 3332 3582 3391 οἷδαστὰ
3628 3341 3730 3390 τῶν

2087 3418 2398 3496 ἀνθρώπων,
2445 3420 2804 3501 φιλάνθρωπε,
2863 3422 2936 3483 ὡς
3003 3418 3165 3482 οδδεὶς
3238 3419 3489 3501 ἅσπιλος,
3565 3421 3731 3486 οὒδεὶς

2089 3505 2328 3574 ἄληπτος
2369 3521 2492 3572 ταῖς
2547 3517 2641 3566 τοῦ
2672 3508 3037 3585 ἀντικειμένου
3078 3506 3273 3572 λαϐαῖς
3316 3507 3421 3565 οὔδ’
3453 3509 3514 3566 ἂν
3558 3511 3734 3590 ἡμέρᾳ

2089 3601 2185 3671 μιᾷ
2233 3599 2329 3664 τὴν
2359 3598 2499 3668 ζωὴν
2554 3599 2720 3677 σχοίη
2775 3597 3270 3676 συμμετρουμένην,
3318 3596 3486 3655 Ἀλλὰ
3547 3602 3612 3657 σύ
3670 3622 3731 3678 γε

2086 3685 2258 3741 πάντα
2315 3708 2417 3762 μοι)
2467 3687 2700 3766 παριδὼν
2749 3687 2978 3766 καθαρὰν
3009 3691 3084 3760 τῷ
3126 3688 3205 3762 σῷ
3261 3709 3329 3763 με
3385 3688 3728 3767 παράστησον

2087 3775 2312 3851 βήματι.
2379 3784 2604 3834 Τοιαῦτα
2662 3778 2794 3853 μετὰ
2852 3775 3084 3854 δακρύων
3143 3778 3587 3857 προσευχομένης
3646 3781 3732 3836 καὶ

2089 3862 2235 3920 ούπω
2278 3868 2376 3933 τῆς
2439 3865 2605 3945 εὑχῆς
2649 3865 3021 3941 παυσαμένης,
3075 3866 3233 3947 φρίκη
3284 3867 3347 3923 τὸ
3402 3868 3560 3944 σῶμα
3602 3869 3732 3925 ταύ-

2088 3974 2186 4020 της
2230 3952 2615 4029 ὑπολαμϐένει·
2662 3957 2752 4012 καὶ
2823 3962 2915 4013 τοῦ
2960 3956 3056 4031 μὲν
3123 3956 3303 4014 νοσεῖν
3346 3955 3598 4036 ἄρχεται,
3647 3965 3734 4015 τώ

2088 4040 2143 4099 δέ
2190 4046 2375 4101 πονεῖν
2458 4042 2573 4100 ούδέ
2641 4046 2814 4125 βραχὺ
2892 4047 3140 4121 παύεται,
3215 4044 3353 4102 ἀλλὰ
3408 4046 3503 4102 καῖ
3566 4046 3732 4110 οὕτως

2089 4131 2292 4213 ἔχουσα
2334 4133 2420 4192 ἐπὶ
2472 4134 2568 4198 τὰς
2617 4137 2857 4206 συνήθεις
2915 4135 3001 4212 ᾔει
3055 4135 3218 4210 ᾠδὰς,
3262 4137 3349 4192 καὶ
3386 4137 3507 4199 τοὺς
3553 4138 3733 4217 ὀρθρι-

2088 4223 2207 4287 νοὺς
2263 4221 2587 4300 συνέψαλλεν
2639 4223 2853 4300 ὕμνουςσ
2913 4225 2999 4281 καὶ
3054 4223 3232 4281 πολλὰ
3283 4226 3403 4303 περί
3446 4246 3504 4280 τε
3547 4230 3734 4306 ψυχῆς

2087 4313 2179 4369 καὶ
2227 4315 2495 4391 σωτηρίας
2563 4312 2971 4394 φιλοσοφήσασα
3029 4314 3117 4371 καὶ
3177 4321 3253 4390 τῷ
3304 4318 3537 4391 ποιμνίω
3600 4316 3735 4373 ταύ-

2086 4423 2184 4468 της
2253 4401 2608 4483 διαλεχθεῖσα
2676 4404 2764 4461 καὶ
2845 4405 2976 4483 πρὸς
3063 4404 3256 4483 ἀρετὴν
3340 4402 3690 4483 παραθήξασα
3718 4453 3733 4484 ,

2092 4492 2226 4567 μετὰ
2297 4493 2357 4549 τὸ
2414 4492 2567 4555 τέλος
2636 4493 2834 4550 τούτων
2893 4491 3246 4560 ἕκλειπούσης
3317 4491 3497 4570 ὥσπερ
3539 4493 3735 4560 ἑαυτῆς

355 4584 535 4648 veluti
567 4583 975 4658 deﬁcientem,
1021 4581 1267 4642 vidisset
1295 4588 1489 4644 autem
1524 4600 1625 4645 eas
1650 4602 1784 4661 quae
1814 4586 1867 4646 ei
1901 4604 2000 4666 pa-

2094 4581 2400 4658 αἱσθομένη,
2459 4581 2575 4640 ἐπεὶ
2641 4595 2766 4645 ταῖς
2839 4582 2926 4639 ὕπ’
3002 4582 3164 4651 αὑτὴν
3207 4583 3559 4657 μοναζούσαις
3630 4584 3735 4660 βα·-

352 4672 594 4751 rebant,
628 4672 969 4747 monachas,
1006 4669 1266 4750 graviter
1314 4670 1472 4733 ferre
1513 4691 1582 4734 se
1630 4672 1707 4736 ab
1764 4691 1835 4736 ea
1881 4674 2000 4736 dis-

2092 4671 2320 4746 ρυτάτην
2363 4674 2526 4740 αὐτῆς
2578 4673 2717 4751 ἐώρα
2759 4673 2859 4740 τὴν
2918 4669 3168 4738 διάξευξιν
3229 4672 3540 4751 γινομένην,
3598 4670 3734 4728 πολ-

350 4762 546 4848 jungi,
602 4761 806 4824 multis
849 4758 1048 4823 verbis
1104 4778 1205 4823 eas
1257 4760 1582 4837 consolata,
1633 4763 1840 4825 dicens
1893 4782 2000 4825 non

2091 4758 2214 4823 λοὺς
2270 4761 2357 4818 καὶ
2406 4763 2547 4827 αὖθις
2603 4765 2677 4829 εἶς
2737 4762 3040 4840 παραίνεσιν
3083 4759 3272 4840 λόγους
3328 4762 3616 4840 κινήσασα,
3648 4762 3734 4819 καὶ

360 4859 637 4936 oportere
686 4850 766 4912 ita
810 4868 1064 4913 moerere
1117 4857 1176 4912 et
1227 4851 1452 4931 lugere,
1486 4851 1621 4913 dato
1644 4854 1766 4932 jam
1826 4853 2000 4917 desu-

2095 4850 2201 4926 μὴν
2249 4848 2363 4907 δεῖν
2399 4852 2565 4918 οὕτως
2622 4851 2891 4930 ὀδύρεσθαι
2947 4853 3033 4907 καὶ
3084 4854 3294 4907 πενθεῖν
3356 4853 3595 4926 εἰποῦσα,
3644 4858 3736 4908 τοῦ

357 4961 467 5026 per
517 4942 692 5024 signo
724 4940 1154 5021 emigrationis,
1190 4940 1389 5003 divina
1439 4940 1655 5005 Christi
1684 4944 1865 5005 sumit
1910 4962 2000 5006 sa-

2094 4936 2362 5014 συμϐόλου
2407 4938 2512 5008 ἢδη
2558 4946 2656 5009 τῆς
2694 4939 2995 5016 ἀποδημίας
3054 4936 3273 5019 ἄνωθεν,
3306 4938 3582 5016 δεδομένου
3633 4947 3736 4997 τῶν

358 5039 689 5097 crementa.
2090 5030 2244 5086 θείων
2274 5028 2669 5105 μεταλαμϐάνέι
2699 5037 2790 5088 τοῦ
2818 5037 3047 5109 Χριστοῦ
3075 5029 3403 5110 μυστηρίων.

435 5118 692 5186 XXXVI.
749 5120 893 5184 Cum
926 5129 1123 5183 autem
1156 5139 1290 5183 cum
1329 5121 1610 5200 pontiﬁce
1646 5122 2000 5185 Eleuthero~

2170 5119 2324 5196 ag".
2387 5119 2802 5199 Παραγενομένῳ
2843 5118 2899 5176 δὲ
2942 5120 3029 5177 καὶ
3090 5125 3160 5192 τῷ
3229 5119 3484 5201 ἆφχιερεῖ
3540 5117 3731 5177 Ἐλευ-

355 5210 533 5291 polis,
566 5210 671 5288 qui
699 5209 772 5271 ad
806 5228 932 5272 eam
970 5229 1103 5272 cum
1143 5218 1262 5272 toto
1293 5211 1455 5273 clero
1491 5220 1754 5295 venerat,
1783 5211 1884 5274 ditt
1910 5212 2000 5274 lo-

2088 5210 2448 5292 θερουπόλεως
2504 5211 2595 5267 σὺν
2653 5212 2813 5268 παντὶ
2867 5215 2943 5284 τῷ
3008 5207 3214 5287 κλήρῳ,
3277 5207 3453 5266 πολλὰ
3510 5209 3734 5282 κάκείνῳ

359 5310 490 5360 cata
519 5299 595 5360 de
626 5298 753 5361 suis
789 5298 1068 5378 gregibus
1100 5299 1285 5360 multa
1328 5300 1603 5364 mandata
1634 5301 1917 5378 dedisset,
1949 5311 2000 5365 et

2088 5299 2573 5382 προσδιαλεχθεῖσα
2620 5301 2709 5357 καὶ
2757 5301 2876 5379 περὶ
2938 5300 3042 5356 τῶν
3086 5298 3343 5375 ποιμνίων
3386 5301 3553 5366 αὐτῆς
3609 5299 3730 5356 ἐπι-

356 5404 491 5448 cum
517 5387 935 5468 multiquoque
958 5387 1055 5449 alii
1085 5389 1512 5452 conﬂuxissent
1529 5391 1817 5473 (exceptis
1839 5391 2000 5454 enim

2088 5392 2365 5468 σκήψασα,
2439 5388 2654 5447 πολλῶν
2748 5387 2801 5445 δὲ
2886 5389 2974 5446 καὶ
3050 5386 3226 5444 ἄλλων
3308 5386 3732 5466 συνερρυηκότων

434 5545 467 5593 3
494 5542 647 5606 Psal.
683 5560 799 5619 xvt,
837 5547 935 5608 15.
