4022 6146
238 282 361 349 793

1095 284 1481 352 ADDENDA.
1533 317 1600 333 -
1649 286 2116 351 MARTYRIUM
2163 287 2223 350 S.
2264 287 2747 353 ‘SEBASTIANI.

3488 285 3608 354 ’794

242 418 414 503 (πλὴν
458 421 558 501 γὰρ
600 420 792 501 ὀλίγων
851 428 1044 500 μικροῦ
1084 420 1280 486 πάντες
1338 424 1385 479 οἱ
1430 421 1574 495 πέριξ
1629 421 1920 501 συνέδρω]

1969 421 2289 484 admodum
2324 422 2551 503 paucis,
2584 440 2795 485 omnes
2827 421 2928 505 qui
2958 420 3349 487 circumcirca
3373 421 3605 485 habita-

237 533 343 587 μον
376 511 501 568 ὅσον
528 533 587 568 τε
617 514 675 568 tv
704 511 952 592 ἀσκήσει,
983 513 1073 568 καὶ
1114 509 1239 569 ὅσον
1281 511 1335 568 ἐν
1381 512 1573 590 μιγάσι
1617 514 1710 569 καὶ
1760 512 1882 569 ὅσον

236 600 295 657 ἓν
336 604 503 680 ἱεροῖς
544 601 582 669 ἢ
632 601 720 659 καὶ
780 599 955 664 ἄλλως
987 600 1042 656 ἐν
1076 598 1378 663 πολιτικοῖς
1422 601 1539 682 ἦν),
1581 607 1880 680 κοινωφελῆ

232 692 322 747 καὶ
381 693 513 766 πρὸς
566 691 785 753 τούτους
868 691 1214 765 ποιησαμένη
1286 693 1615 768 παραίνεσιν,
1678 689 1881 771 ἐξαιρέ-

226 800 337 845 τως
381 777 436 835 δὲ
480 781 611 858 πρὸς
664 779 764 845 τήν
814 776 1121 858 ἀδελφιδῆν,
1182 782 1484 859 περιπαθῶς
1524 779 1659 858 ἄγαν
1687 780 1772 836 ἐπὶ
1803 784 1880 854 τῷ

228 872 498 948 χωρισμῷ
541 868 744 935 ταύτης
787 867 1152 944 διακειμένην,
1188 867 1380 925 ἔπειτα
1433 869 1520 926 καὶ
1574 870 1704 947 πρὸς
1736 869 1878 928 πάν-

230 979 327 1022 τας
384 955 653 1035 ὀδυνηρῶς
713 956 963 1037 ἔχοντας,
1022 957 1266 1037 ἐσχάτην
1322 959 1522 1025 ταύτην
1591 959 1881 1017 ἀνειποῦσα

235 1046 437 1125 φωνὴν.
497 1052 584 1117 Τῷ
644 1046 817 1124 Κυρίῳ
877 1044 1072 1126 ἔδοξεν,
1137 1045 1275 1104 οὕτω
1329 1048 1418 1105 καὶ
1476 1048 1709 1124 ἐγένετο,
1784 1050 1882 1117 τὴν

232 1136 384 1213 ἁγίαν
413 1134 622 1202 ἐκείνην
650 1136 742 1192 καὶ
770 1136 916 1214 ἱερὰν
973 1135 1149 1216 ἀφῆκε
1206 1137 1418 1216 ψυχὴν,
1464 1135 1567 1204 ἤδη
1612 1139 1730 1216 περὶ
1784 1140 1883 1205 τὴν

231 1224 478 1304 ἐσχάτην
532 1224 628 1282 τοῦ
687 1223 1013 1304 Δεκεμϐρίου
1073 1227 1265 1301 μηνὸς,
1332 1223 1483 1291 ὄντος
1543 1227 1718 1305 ἣμέρᾳ
1775 1238 1884 1286 Κυ-

230 1320 420 1392 ριακῇ,
468 1322 572 1373 Τοῦ
610 1311 666 1369 δὲ
711 1314 922 1371 καὶτὸν
966 1316 1151 1393 νεκρὸν
1217 1315 1396 1395 ὥσπερ
1436 1315 1553 1379 ἔθος
1597 1316 1882 1396 εὐσχημό-

233 1426 325 1468 νος
381 1407 596 1471 τεθῆναι
641 1403 788 1458 οὐδὲν
839 1402 977 1468 ὅλως
1035 1403 1326 1482 ἀλλοτρίων
1377 1410 1576 1485 χειρῶν
1643 1405 1879 1481 ἐδέησεν,

231 1490 358 1549 ἄλλ’
414 1491 473 1548 αί
521 1514 579 1548 τε
628 1504 817 1572 χεῖρες
869 1494 1185 1568 αὐτομάτως
1238 1498 1374 1570 αὒτῇ
1417 1501 1492 1569 τῷ
1536 1496 1717 1564 στήθει
1747 1497 1886 1553 κατὰ

239 1586 441 1660 σχῆμα
496 1581 771 1655 ἐτέθησαν,
833 1583 925 1638 καὶ
975 1586 1023 1639 οἱ
1059 1582 1216 1648 πόδες
1262 1582 1407 1657 μάλα
1468 1590 1672 1659 σεμνῶς
1703 1583 1883 1642 διετά-

233 1674 433 1747 θησαν,
478 1671 545 1727 τὰ
573 1670 809 1751 βλέφαρά
850 1693 908 1727 τε
964 1672 1143 1751 ὥσπερ
1204 1675 1276 1737 εἰς
1332 1672 1409 1729 ἔτι
1451 1680 1620 1746 ζῶσα,
1680 1674 1884 1754 εὐφυῶς

1966 511 2128 592 bant,
2164 521 2281 572 tam
2307 512 2406 592 qui
2436 530 2502 575 se
2532 519 2859 593 separatim
2893 513 3270 585 exercebant.
3301 530 3475 594 quam
3506 513 3607 594 qui

1967 602 2369 664 communiter
2396 601 2697 677 vivebant,
2734 609 2793 664 et
2825 602 3169 683 quicunque
3197 610 3367 665 erant
3395 602 3607 665 sacrati

1965 691 2216 767 ordinis,
2236 700 2413 773 atque
2443 690 2593 753 adeo
2645 692 2746 772 qui
2797 702 2965 754 erant
2996 693 3174 755 etiam
3207 693 3363 756 cives
3393 691 3611 775 oppida

1964 781 2326 862 habitantes)
2351 800 2484 843 cum
2518 782 2590 843 ad
2626 800 2729 843 eos
2752 784 2808 843 in
2834 800 3151 844 commune
3197 783 3403 844 utilem
3430 783 3610 846 fecis-

1966 879 2056 932 set
2086 870 2894 953 admonitionem,przecipue
2916 890 3054 933 vero
3072 871 3144 933 ad
3161 874 3604 949 consobrinam,

1969 977 2101 1039 quae
2124 968 2367 1040 propter
2387 962 2514 1041 ejus
2537 961 2973 1041 separationem
2998 961 3168 1023 valde
3218 968 3343 1023 erat
3368 968 3610 1043 pertur-

1965 1048 2124 1121 bata,
2153 1057 2210 1110 et
2232 1049 2452 1112 deinde
2481 1050 2555 1112 ad
2583 1052 2921 1133 omnes,qui
2948 1051 3152 1115 dolore
3172 1051 3603 1124 efﬁciebantur,

1968 1146 2293 1201 extremam
2312 1139 2467 1201 hanc
2488 1157 2689 1201 vocem
2715 1141 2887 1201 eﬂ‘ata
2912 1161 2925 1201 :
2955 1139 3115 1203 Sicut
3144 1141 3398 1203 Domino
3416 1140 3604 1202 visum

1967 1238 2079 1303 est,
2108 1227 2188 1288 ita
2218 1228 2431 1289 factum
2462 1236 2571 1304 est,
2605 1238 2867 1289 sanctam
2894 1229 3052 1290 illam
3079 1236 3136 1290 et
3157 1246 3383 1292 sacram
3413 1228 3608 1290 emisit

1967 1318 2253 1393 animam,
2288 1317 2496 1378 ultimo
2529 1318 2625 1380 die
2651 1319 2873 1379 mensis
2894 1318 3260 1393 Decembris,
3284 1337 3419 1380 cum
3453 1325 3610 1380 esset

1968 1404 2097 1467 dies
2127 1406 2584 1470 Dominicus.Ut
2615 1415 2809 1469 autem
2843 1426 3058 1487 corpus
3081 1416 3309 1487 apte,ut
3341 1426 3469 1468 mos
3493 1415 3606 1481 est,

1967 1504 2026 1556 et
2054 1495 2275 1557 decore
2326 1505 2812 1577 componeretur,
2874 1497 3025 1558 nihil
3077 1515 3226 1578 opus
3257 1496 3368 1557 fuit
3396 1497 3608 1559 alienis

1968 1584 2266 1662 manibus,
2303 1586 2407 1649 sed
2439 1594 2496 1648 et
2546 1605 2757 1648 manus
2805 1605 2927 1648 suaa
2978 1595 3190 1667 sponte
3240 1586 3464 1666 pectori
3495 1587 3609 1648 ho-

1968 1683 2136 1736 neste
2165 1683 2334 1737 erant
2356 1675 2666 1756 impositae,
2708 1676 2891 1756 pedes
2922 1684 3115 1737 autem
3158 1685 3327 1737 erant
3356 1675 3607 1757 extensi,

234 1760 378 1838 ἄγαν
439 1758 739 1839 φιλοσόφως
782 1762 993 1835 μύσασα
1035 1761 1123 1828 ἦν.
1161 1760 1241 1818 Δι’
1296 1761 1427 1829 ὅλης
1459 1765 1546 1820 οὗν
1574 1766 1672 1830 τῆς
1702 1766 1920 1847 νυκτὸς,

1969 1774 2033 1827 ut
2061 1763 2350 1839 decebat;
2386 1765 2708 1846 supercilia
2758 1782 2897 1827 vero
2955 1763 3203 1845 perinde
3233 1783 3301 1826 ac
3332 1767 3380 1826 si
3415 1764 3611 1826 adhuc

235 1849 465 1923 ᾄσαντες
524 1848 609 1907 ἐπ’
666 1853 801 1927 αὐτῇ
860 1851 927 1907 τὰ
983 1850 1378 1928 νενομισμένα,
1436 1851 1552 1932 ἄρτι
1610 1855 1729 1930 περὶ
1790 1855 1885 1922 τὴν

1969 1854 2218 1935 viveret,
2255 1861 2390 1933 apte
2421 1861 2483 1915 et
2510 1855 2817 1933 eleganter
2845 1860 3013 1915 erant
3042 1852 3261 1917 clausa.
3291 1854 3436 1917 Cum
3469 1871 3608 1933 ergo

232 1938 311 1996 ἕω
338 1945 409 2016 τῇ
452 1946 528 2018 γῇ
586 1940 866 2012 κρύπτουσι
908 1943 1008 2007 τὴν
1064 1947 1169 1997 τῶν
1216 1939 1450 2018 οὔρανῶν
1493 1941 1662 2006 ὅντως
1710 1941 1879 2018 ἀξίαν,

226 2041 354 2093 τοῖς
382 2031 502 2086 ἰεκεῖ
555 2027 812 2104 θαλάμοις
864 2031 1114 2087 οἰκοῦσαν
1171 2031 1264 2087 καὶ
1300 2037 1395 2087 τοῦ
1452 2033 1628 2111 φωτὸς
1681 2031 1884 2090 ἐκείνου

228 2116 500 2185 διηνεκῶς
555 2117 919 2176 ἀπολαύουσαι
979 2121 1053 2183 εἰς
1110 2115 1261 2184 δόξαν
1325 2121 1557 2200 Πατρὸος²
1621 2123 1738 2179 rio?)
1796 2124 1885 2179 καὶ

224 2207 384 2286 ἁγίου
446 2206 775 2281 Πνεύματος,
839 2207 924 2265 νῦν
982 2209 1068 2265 καὶ
1097 2207 1200 2284 ἀεὶ,
1262 2209 1347 2266 καὶ
1401 2211 1474 2273 εἰς
1531 2211 1654 2277 τοὺς
1687 2212 1880 2279 αἰῶνας

223 2302 337 2354 τῶν
369 2296 601 2358 αἰώνων.
638 2293 838 2373 Ἀμήν,

1970 1951 2089 2005 tota
2117 1951 2294 2006 nocte
2324 1962 2506 2023 super
2536 1962 2665 2006 eam
2714 1962 2820 2025 pro
2845 1960 3010 2005 more
3031 1943 3417 2018 cecinissent,
3452 1944 3615 2004 circa

1965 2050 2239 2095 auroram
2265 2050 2395 2094 eam
2425 2042 2601 2096 terra)
2644 2033 2948 2108 mandant,
2982 2050 3112 2114 quae
3132 2033 3295 2095 coelis
3317 2040 3444 2095 erat
3468 2048 3612 2093 vere

1966 2122 2166 2202 digna,
2195 2129 2256 2184 et
2276 2141 2410 2200 qua:
2432 2123 2555 2185 illic
2582 2124 2642 2185 in
2669 2122 2943 2185 thalamis
2975 2121 3220 2196 habitat,
3257 2131 3320 2183 et
3342 2121 3475 2184 luce
3508 2121 3611 2182 illa

1961 2212 2199 2274 assidue
2225 2211 2468 2295 fruitur,
2500 2213 2572 2275 ad
2603 2213 2851 2294 gloriam
2887 2212 3076 2276 Patris
3108 2220 3167 2274 et
3197 2211 3327 2274 Filii
3360 2220 3419 2273 et
3466 2210 3609 2291 Spi-

1959 2301 2108 2363 ritus
2142 2302 2351 2380 sancti,
2386 2321 2544 2375 nunc
2574 2313 2630 2367 et
2659 2320 2900 2386 semper
2930 2309 2986 2364 et
3011 2301 3073 2364 in
3102 2302 3317 2364 saecula
3345 2300 3608 2364 saeculo-

1957 2409 2113 2455 rum.
2147 2392 2369 2455 Amen.

1047 2564 3593 2605 mw

1228 2720 2590 2927 ADDENDA.

921 3240 1682 3395 MENSUS
1830 3248 2920 3401 JANUARIUS

488 3664 1133 3765 ΜΑΡΤΥΡΙΟΝ
1207 3671 1432 3757 ΤΟΥ
1501 3674 1832 3761 ΔΓΙΟΥ
1900 3679 2088 3762 ΚΑΙ
2148 3680 2685 3798 ΕΝΔΟΞΟΥ
2750 3679 3347 3778 ΜΑΡΤΥΒΟΣ

1266 3854 2546 4020 ΣΕΒΑΣΤΙΑΝΟΥ.

611 4305 1282 4395 MARTYRIUM
1379 4309 1778 4398 SANCTI
1876 4306 2012 4397 ET
2111 4311 2560 4402 INCLYTI
2660 4314 3234 4402 MARTYRIS

1308 4513 2287 4679 SEBASTIA
2315 4524 2455 4678 N
2466 4523 2540 4679 Ι

880 4751 977 4815 ET
1021 4749 1197 4818 EJUS
1254 4751 1643 4828 SOCIORUM,
1693 4753 1895 4828 ZOES,
1940 4755 2297 4820 TRAGLINI
2352 4756 2974 4839 lTBANQUlLLlNl],

558 4857 1041 4937 NICOSTBATI,
1117 4858 1435 4940 CLAUDII,
1500 4859 2313 4946 CASTORIS,.TIBURTII,
2360 4862 2738 4942 CASTULLI,
2815 4860 3295 4940 MARCELLINI,

1712 4967 1808 5030 ET
1852 4965 2117 5035 MARCI.

928 5146 1130 5215 (Latine
1157 5163 1239 5221 ap.
1270 5145 1476 5204 Surium
1504 5145 1564 5204 ad
1594 5146 1727 5203 diem
1756 5146 1827 5204 20
1855 5147 2065 5206 Januar.
2099 5148 2269 5206 Graece
2309 5167 2368 5207 ex
2400 5148 2512 5206 cod.
2550 5148 2711 5206 Paris.
2758 5147 2939 5217 1195.)

309 5446 407 5511 Α’.
459 5448 676 5508 Πολλῶν
707 5451 841 5510 κατὰ
868 5450 1153 5532 διαφόρους
1217 5455 1429 5535 καιροὺς
1477 5454 1613 5512 κατὰ
1659 5459 1882 5526 Χριστοῦ

224 5539 319 5596 καὶ
375 5540 485 5596 τῶν
539 5540 738 5597 ἐκείνου
781 5541 1060 5616 μανέντων
1129 5546 1488 5625 θεραπευτῶν,
1551 5543 1879 5612 Διοκλητια-

230 5628 321 5693 νὸς
371 5629 459 5688 καὶ
521 5628 848 5708 Μαξιμιανὸς
901 5633 936 5701 ἡ
996 5630 1256 5716 ἐπίσημος
1318 5634 1375 5691 ὲν
1416 5648 1607 5701 κακοῖς
1666 5634 1879 5715 ξυνωρὶς

2045 5452 2089 5514 Ι.
2123 5453 2271 5515 Cum
2334 5452 2501 5515 multi
2560 5452 2810 5517 diversis
2876 5447 3267 5531 temporibus,
3321 5445 3612 5508 adversus

1963 5543 2259 5607 Christum
2292 5550 2349 5606 et
2403 5543 2684 5607 adversus
2735 5541 2898 5604 illius
2948 5537 3209 5601 asseclas
3255 5534 3614 5605 insanierint

1962 5633 2366 5700 Diocletianus
2396 5642 2454 5697 et
2476 5633 2889 5709 Maximianus,
2936 5629 2999 5693 in
3030 5627 3198 5693 malis
3230 5645 3336 5710 par
3366 5626 3606 5717 impro-
