4022 6146
235 273 356 340 797

1077 277 1545 341 MARTYRIUM
1591 277 1650 340 S.
1700 274 2151 341 SEBASTIANI
2197 275 2292 338 ET
2356 273 2757 338 SOCIORUM.

3488 275 3608 344 798

235 411 338 486 μὲν
393 413 594 491 ἔρημοι
652 409 852 470 παίδων
905 411 1214 490 γενόμενον,
1261 412 1359 479 τὴν
1414 410 1468 468 δὲ
1527 413 1693 470 οἰκίαν
1749 411 1876 490 πρὸς

1962 409 2242 490 produxi.
2269 407 2386 472 Cur
2417 414 2669 469 mortem
2703 405 3130 486 amplectimini
3163 407 3608 472 voluntariam?

233 500 546 577 ἀλλοτρίους
605 500 932 578 μεταϐᾶσαν,
988 503 1077 559 καὶ
1125 503 1262 567 ἴσως
1320 503 1443 565 τοὺς
1514 501 1888 579 μισουμένους,

233 593 332 651 ἅτε
375 593 498 655 τοὺς
559 593 776 658 οἰκείους
834 591 1202 671 κληρονόμους
1276 592 1352 667 μὴ
1413 592 1666 672 ἔχουσαν.
1705 593 1802 650 Καὶ
1864 593 1890 647 ὁ

230 683 335 756 μὲν
401 681 580 759 πατὴρ
650 683 907 744 τοιούτοις
1002 682 1130 737 τισὶν
1213 679 1445 760 ἐπλήρου
1516 683 1608 737 τὸν
1677 681 1888 758 θρῆνον·

231 771 454 850 ἑτέρωθι
506 770 559 826 δὲ
591 773 625 839 ἡ
681 772 864 849 μήτηρ
895 783 1012 833 τοῖς
1073 768 1209 835 ὅνοξι
1235 779 1333 837 την
1382 771 1558 845 κόμην
1589 791 1887 849 σπαραετο-

231 860 371 936 μένη
435 861 646 918 καὶτοῦ
687 860 892 918 κόλπου
922 861 1268 940 προτείνουσα
1312 863 1432 923 τοὺς
1480 862 1736 935 μαστοὺς,
1783 865 1888 916 τῶν

233 949 326 1008 ὡδί
555 957 575 966 ν
689 950 739 1006 ’λ
1036 951 1045 968 ε
1148 956 1174 966 υ
1271 948 1303 1006 ἂ
1342 948 1372 1005 λ
1518 950 1542 1006 ι
1644 948 1719 1005 δ’-

333 973 432 1007 νων
488 972 580 1008 του
637 973 706 1030 γα
744 972 900 1016 ακτος
959 973 1048 1007 και
1107 972 1212 1006 των
1307 975 1339 1029 γ
1375 973 1448 1006 ων
1547 974 1572 1005 ν
1675 971 1886 1026 ακρυσιν

239 1041 598 1116 δπεμὶμνεσκε
687 1039 885 1118 πόνων,
965 1042 1052 1097 οὓς
1131 1041 1249 1112 περὶ
1325 1039 1419 1106 τὴν
1506 1037 1887 1118 παιδοτροφίαν

240 1129 516 1210 ἠνέσχέτο.
580 1130 709 1192 Τοὺς
741 1129 988 1192 τεκόντας
1041 1127 1095 1184 δὲ
1147 1127 1306 1185 πάλιν
1351 1141 1602 1206 γυναῖκες
1635 1129 1722 1185 καὶ
1765 1129 1888 1184 παί-

237 1219 340 1276 δων
384 1218 581 1288 ἄνηϐος
645 1220 807 1300 χορὸς
863 1216 1156 1299 διεδέχετο,
1189 1220 1240 1274 αἱ
1285 1219 1380 1294 μὲν
1425 1219 1490 1276 τὰ
1535 1219 1629 1286 τῆς
1663 1219 1885 1298 χηρείας

234 1309 378 1366 δεινὰ
447 1308 854 1387 καταλέγουσαι,
903 1309 949 1364 οἱ
1003 1307 1057 1364 δέ
1113 1307 1429 1388 φθέγγεσθαι
1476 1309 1552 1384 μὴ
1605 1306 1879 1383 δυνάμενοι

233 1398 472 1456 ἂτενέσιν
528 1397 732 1473 ὄμμασι
791 1397 912 1460 τοὺς
1003 1397 1230 1476 πατέρας
1302 1395 1750 1476 προσϐλέποντες,
1811 1398 1880 1461 εἷς

231 1489 458 1564 μνήμην
517 1488 702 1552 αὖτοὺς
761 1485 856 1554 τῆς
919 1487 1166 1565 ὀρφανίας
1226 1485 1501 1566 ἀνέφερον.
1569 1487 1706 1564 Πρὸς
1754 1485 1881 1541 τού-

227 1600 340 1640 τοις
402 1574 588 1652 ὅμιλος
647 1575 921 1650 ὁμηλίκων
982 1577 1070 1632 καὶ
1126 1575 1293 1656 φίλων
1351 1577 1552 1655 παρῆν,
1606 1572 1881 1649 Ἀναμνή-

226 1671 416 1741 σθητε,
448 1665 715 1746 λέγοντες,
747 1666 844 1732 τῆς
905 1663 1076 1732 καλῆς
1130 1663 1249 1740 μετ’
1282 1663 1532 1735 ἀλλήλων
1583 1661 1878 1740 διατριϐἧς⁶

224 1757 514 1827 ἐννοήσατε
571 1757 631 1812 τὸ
708 1753 873 1832 γλυκὺ
928 1753 1083 1812 τούτο
1140 1760 1277 1834 φῶς,
1339 1757 1399 1811 οὗ
1467 1767 1584 1820 τοῖς
1659 1750 1879 1810 λαϐοῦσι

1975 501 2096 561 Cur
2152 498 2223 560 ad
2255 496 2480 559 obitum
2537 497 2827 559 festinatis
2885 498 3326 561 immaturum?
3379 498 3613 562 Parcite

1973 590 2178 650 formae
2207 596 2439 650 vestrae.
2478 587 2705 650 Parcite
2752 589 3069 668 juventuti.
3103 587 3190 650 Ne
3222 606 3316 649 me
3366 588 3614 666 quidem

1973 677 2316 759 despiciatis
2349 676 2617 739 orbatum
2665 677 2800 738 ﬁliis
2835 695 2847 736 :
2884 677 3125 738 domum
3181 686 3374 739 autem
3408 678 3465 739 in
3499 695 3618 758 qua

1973 769 2115 829 estis
2147 769 2404 847 educati,
2439 774 2846 828 transeuntem
2878 766 2948 828 ad
2981 766 3232 848 alienos,
3265 775 3324 828 et
3362 785 3466 828 eos
3499 768 3616 829 for-

1973 864 2129 917 tasse
2159 856 2263 934 qui
2297 855 2464 916 nobis
2487 863 2619 916 sunt
2643 854 2802 929 odio,
2827 863 2890 916 ut
2914 875 3043 935 quae
3073 875 3213 918 suos
3246 875 3364 918 non
3399 854 3614 918 habeat

1969 945 2258 1008 haeredes.
2313 945 2382 1006 Et
2433 954 2602 1026 pater
2642 945 2880 1025 quidem
2915 946 3002 1006 sic
3030 963 3196 1006 suam
3236 945 3505 1025 implevit
3533 945 3614 1008 la-

1972 1036 2418 1098 mentationem.
2454 1034 2541 1097 Ex
2594 1033 2710 1096 alia
2744 1053 2876 1095 vero
2937 1043 3102 1115 parte
3133 1042 3324 1096 mater
3378 1053 3608 1096 comam

1967 1124 2194 1186 vellens
2228 1124 2550 1204 unguibus,
2587 1134 2644 1186 et
2666 1143 2696 1185 e
2719 1124 2852 1186 sinu
2886 1125 3194 1205 porrigens
3225 1125 3430 1197 ubera,
3469 1143 3607 1202 par-

1973 1221 2118 1289 tum,
2154 1225 2211 1277 et
2245 1214 2355 1289 lac,
2393 1224 2449 1276 et
2503 1213 2650 1276 alios
2691 1213 2923 1276 labores
2955 1233 3103 1294 quos
3156 1213 3218 1274 in
3251 1213 3323 1274 iis
3381 1213 3610 1274 alendis

1967 1311 2330 1383 susceperat,
2365 1303 2679 1365 revocabat
2707 1305 2762 1362 in
2799 1303 3166 1383 memoriam;
3197 1302 3337 1382 quid
3373 1320 3490 1362 non
3512 1301 3607 1363 di-

1967 1411 2131 1466 cens,
2168 1393 2310 1473 quid
2343 1412 2458 1454 non
2488 1393 2710 1454 faciens
2742 1412 2811 1455 ex
2841 1393 2913 1454 iis
2940 1412 3070 1473 quae
3093 1399 3341 1473 possunt
3375 1409 3611 1453 movere

1965 1481 2038 1542 ad
2065 1482 2570 1544 misericordiam?
2593 1485 2726 1546 Post
2749 1491 3023 1564 parentes
3045 1490 3242 1544 autem
3273 1499 3478 1542 rursus
3508 1499 3609 1542 se-

1967 1572 2300 1651 quebantur
2332 1591 2543 1634 uxores
2572 1581 2628 1634 et
2657 1573 2878 1635 chorus
2910 1570 3289 1652 impuberum
3322 1571 3604 1646 filiorum;

1964 1660 2081 1722 illae
2104 1661 2339 1740 quidem
2366 1670 2783 1724 enumerantes
2819 1662 2969 1724 mala
2999 1661 3327 1736 viduitatis;
3348 1659 3411 1722 hi
3438 1677 3602 1732 vero,

1964 1750 2240 1828 quoniam
2295 1751 2563 1812 nondum
2601 1752 2765 1829 loqui
2821 1761 3112 1832 poterant,
3148 1749 3391 1812 intentis
3420 1749 3608 1812 oculis

223 1861 421 1927 πεῖραν
478 1847 666 1924 ἀνιαρὰ
694 1845 907 1903 πάντως
968 1846 1001 1912 ἡ
1036 1844 1310 1922 σνέρησις.
1370 1844 1586 1909 Τούτοις
1617 1843 1755 1900 ἅπαν
1814 1844 1876 1898 τὸ

1961 1840 2261 1900 intuentes
2309 1849 2607 1921 parentes,
2645 1841 2954 1902 orbitatem
2989 1842 3076 1903 eis
3126 1841 3492 1902 reducebant
3541 1837 3604 1900 in

223 1937 491 2012 δωμάτιον
550 1937 754 2010 θρήνων
815 1933 1081 2003 ἐπλήσθη·
1131 1937 1204 1998 ὡς
1258 1935 1344 1990 καὶ
1400 1936 1520 1999 τοὺς
1566 1931 1874 2012 εἰρημένους

223 2027 460 2094 ἀθλητὰς
517 2025 698 2102 πηγὰς
763 2023 972 2103 ἀφιέναι
1029 2021 1292 2101 δακρύων·
1344 2023 1474 2102 ὅπερ
1529 2021 1652 2080 ἰδὼν
1683 2025 1710 2079 ὁ
1769 2043 1872 2078 πα-

226 2118 411 2194 κάριος
469 2111 846 2185 Σεϐαστιανὸς,
904 2113 990 2170 καὶ
1047 2111 1217 2174 δείσας
1276 2113 1354 2189 μὴ
1413 2116 1488 2187 τῷ
1558 2111 1727 2185 οἴκτῳ
1769 2131 1876 2187 μα-

224 2204 568 2270 λακισθέντες
621 2201 852 2280 προδῶσι
905 2201 1005 2270 τὴν
1062 2199 1348 2282 εθσεϐειαν,
1403 2203 1528 2266 στὰς
1592 2201 1646 2258 ἐν
1703 2199 1874 2277 μέσῳ,

225 2298 316 2353 καὶ
343 2307 464 2360 τοῖς
509 2315 638 2370 μασι
672 2291 973 2372 καταφανὴς
1026 2291 1263 2370 γεγονὼς
1293 2293 1366 2354 ὡς
1418 2291 1727 2370 Χριστιανὸς
1758 2289 1873 2362 εἴη,

216 2382 457 2444 τοιοῖσδε
528 2383 659 2460 πρὸς
731 2382 852 2442 τοὺς
925 2385 1269 2459 παρεστῶτας
1353 2381 1597 2459 ἒχήσατο
1669 2379 1872 2456 λόγοις·

1960 1931 2336 2004 memoriam,
2362 1932 2551 1992 etalia
2576 1949 2710 2012 quze
2737 1939 3201 1992 consentaneum
3244 1937 3333 1992 est
3360 1930 3433 1990 iis
3463 1947 3604 1990 eve-

1959 2019 2110 2092 nire,
2145 2019 2247 2098 qui
2281 2021 2341 2080 in
2376 2020 2484 2082 hac
2514 2029 2686 2082 (etate
2719 2039 2836 2082 non
2861 2030 3145 2083 curantur
3175 2029 3232 2082 et
3261 2019 3601 2081 defendun-

1957 2114 2055 2168 tur
2094 2125 2126 2168 a
2158 2109 2522 2187 parentibus.
2570 2109 2673 2172 His
2716 2109 3040 2172 accedebat
3071 2109 3242 2171 turba
3286 2107 3599 2191 aequalium

1961 2203 2019 2258 et
2040 2197 2395 2272 amicorum,
2423 2217 2557 2273 qua;
2583 2199 2820 2261 dicebat
2849 2221 2862 2263 :
2894 2198 3315 2262 Recordamini
3341 2197 3604 2277 pulchrae

1962 2293 2020 2346 et
2041 2285 2324 2364 jucunda
2355 2288 2487 2349 vitae
2538 2306 2716 2365 quam
2747 2288 2902 2349 inter
2930 2307 3038 2350 nos
3064 2289 3442 2368 degebamus.
3478 2285 3601 2348 Ve-

1960 2375 2082 2437 niat
2114 2374 2282 2438 vobis
2332 2377 2392 2438 in
2425 2385 2684 2440 mentem
2719 2379 2816 2439 lux
2869 2379 3084 2458 suavis,
3117 2397 3292 2459 quam
3324 2377 3426 2458 qui
3471 2381 3610 2437 sunt

217 2477 471 2557 experti,
507 2482 592 2537 est
616 2473 862 2536 omnino
902 2473 988 2536 eis
1019 2473 1335 2536 molestum
1369 2491 1436 2536 ea
1470 2472 1708 2555 privari.
1745 2471 1890 2534 Cum
1925 2469 2050 2532 haec
2081 2469 2169 2532 sic
2221 2469 2587 2546 dicerentur,
2624 2478 2744 2532 tota
2774 2471 2986 2533 domus
3015 2479 3139 2534 erat
3170 2471 3346 2552 plena
3371 2471 3607 2532 lamen-

217 2564 563 2638 tationibus,
599 2562 748 2626 adeo
781 2571 845 2624 ut
874 2563 1024 2625 dicti
1049 2562 1284 2625 athletae
1311 2564 1655 2625 emitterent
1679 2562 1871 2624 fontes
1901 2560 2319 2640 lacrymarum,
2345 2569 2403 2622 et
2437 2561 2922 2641 discerperentur
2948 2580 3152 2622 eorum
3186 2561 3412 2622 viscera
3438 2579 3606 2621 com-

214 2655 625 2718 miseratione.
689 2651 860 2725 Quod
915 2651 1163 2730 quidem
1197 2671 1331 2715 cum
1382 2652 1909 2714 animadvertisset
1969 2649 2176 2711 beatus
2231 2648 2619 2712 Sebastianus
2652 2659 2709 2712 et
2757 2650 3049 2713 timuisset
3079 2669 3153 2712 ne
3200 2649 3609 2712 misericordia

216 2743 469 2807 emolliti
525 2741 852 2826 proderent
883 2744 1190 2824 pietatem,
1227 2751 1388 2804 stans
1442 2741 1502 2803 in
1558 2741 1777 2819 medio,
1815 2747 1874 2802 et
1929 2749 2132 2820 aperte
2182 2741 2508 2802 ostendens
2538 2739 2814 2800 omnibus
2867 2759 2930 2801 se
2964 2757 3096 2802 esse
3151 2738 3546 2802 Christianum
3588 2759 3603 2816 ;

211 2851 410 2916 neque
442 2837 601 2895 enim
637 2831 1021 2895 existimabat
1045 2838 1331 2912 oportere
1360 2849 1423 2893 se
1455 2831 1677 2912 celare,
1711 2828 1864 2911 apud
1899 2846 2004 2890 eos
2033 2833 2128 2908 qui
2161 2827 2410 2890 aderant
2439 2828 2633 2890 verbis
2667 2838 2755 2892 est
2785 2848 2923 2891 usus
2952 2828 3249 2910 ejusmodi
3284 2850 3296 2888 :

295 2927 384 2986 E'.
422 2929 480 2986 Εἰ
513 2925 610 3001 μὲν
665 2925 925 3005 μόνιμος,
961 2927 1034 2988 ὡς
1067 2927 1234 2998 οὗτοι,
1269 2925 1361 2982 καὶ
1405 2923 1749 2991 ἁτελεύτητος
1807 2923 1870 2990 ἦν

2033 2922 2108 2985 ν.
2144 2920 2206 2985 Si
2225 2921 2454 2984 stabilis
2485 2923 2724 3004 quidem
2759 2933 2818 2986 et
2849 2925 3040 3006 ﬁrma,
3070 2943 3102 2986 ο
3126 2943 3250 3000 vos,
3289 2933 3446 2986 esset
3478 2924 3605 2988 hzec

214 3021 240 3074 ὁ
270 3018 453 3098 παρὼν
513 3015 651 3092 βίος,
685 3013 920 3072 ἐδοκεῖτε
955 3013 1016 3070 ἂν
1075 3013 1210 3080 ἴσως
1241 3015 1419 3071 εἰκότα
1469 3029 1669 3091 ποιεῖν,
1705 3012 1874 3070 τοιού-

1961 3011 2092 3092 vita,
2126 3020 2185 3072 et
2231 3010 2291 3072 in
2323 3031 2501 3073 omne
2534 3031 2718 3074 wvum
2769 3013 3215 3096 extenderetur,
3255 3012 3602 3074 videremini

213 3129 304 3164 του
369 3107 570 3170 πάθους
615 3105 738 3167 τοὺς
800 3103 1036 3172 ἀθλητὰς
1105 3102 1517 3180 ἆποτρέποντες’
1575 3103 1688 3160 ἐπεὶ
1726 3101 1780 3158 δὲ
1809 3101 1873 3157 τὰ

1961 3100 2205 3163 fortasse
2252 3101 2446 3163 facere
2483 3111 2906 3178 consentanea,
2941 3103 3014 3166 ab
3059 3105 3153 3166 his
3200 3103 3605 3185 perpetiendis

212 3195 450 3274 πάρόντα
492 3195 578 3272 ῥεῖ
643 3195 732 3251 καὶ
787 3170 1146 3272 παρέρχεται,
1193 3170 1282 3249 καὶ
1337 3193 1448 3269 βίος
1497 3195 1632 3268 ἡμῖν
1693 3191 1871 3268 ἕτερος

1961 3197 2288 3252 avertentes
2317 3190 2589 3252 athletas.
2644 3193 2793 3253 Cum
2825 3170 3022 3255 autem
3057 3170 3259 3255 eorum
3311 3170 3439 3273 quae
3470 3201 3608 3255 sunt

218 3283 523 3363 διαδέχεται
570 3282 926 3349 ἀτελεύτητός
978 3303 1032 3338 τε
1088 3283 1174 3338 καὶ
1229 3281 1527 3360 ἅῤῥευστος,
1561 3283 1697 3345 τίνος
1759 3281 1872 3360 χά-

225 3396 307 3446 ριν
389 3373 581 3429 πείθειν
635 3371 966 3451 ἐπιχειρεῖτε
1054 3371 1174 3436 τοὺς
1232 3371 1496 3448 γενναίους
1577 3370 1874 3449 ἀγωνιστὰς

224 3462 340 3519 τῶν
391 3463 652 3536 μενόντων
709 3480 1014 3539 προκρινειν
1079 3461 1142 3518 τὰ
1197 3458 1594 3534 διαπίπτοντας
1654 3459 1726 3516 ’Ἡ
1783 3463 1874 3518 οὐκ

225 3551 347 3608 ἴστε
407 3550 485 3607 ὅτι
541 3552 639 3627 μὲν
699 3554 889 3609 παθεῖν
950 3550 1078 3628 ὑπὲρ
1124 3555 1348 3628 Χριστοῦ
1393 3549 1490 3616 τὴν
1548 3551 1651 3604 τῶν
1714 3547 1874 3626 ούρα-

219 3647 329 3698 νῶν
393 3639 640 3719 προξενεῖ
723 3637 1014 3718 βασιλείαν,
1088 3640 1149 3694 τὸ
1227 3636 1280 3692 δὲ
1338 3637 1659 3714 ἀρνήσασθαι
1720 3639 1875 3694 αὐτὸν

225 3731 329 3798 τὴν
393 3731 592 3797 ταύτης
652 3729 914 3786 ἔκπτωσιν
999 3740 1111 3790 τοῖς
1169 3726 1585 3806 ἀπαρνουμένοις
1646 3724 1872 3800 δίδωσις

219 3844 247 3876 α
311 3806 496 3883 ⁸Ὀστιςζ
555 3820 678 3898 γὰρ,
716 3842 741 3874 ii
812 3819 992 3898 φησίν,
1061 3841 1087 3871 α
1125 3817 1406 3894 ἂρνήσεταί
1447 3837 1514 3890 με
1586 3814 1876 3892 ἔμπροσθεν

208 3910 316 3967 τῶν
383 3908 693 3986 ἀνθρώπων,
761 3907 1057 3985 ἀρνήσομαι
1137 3907 1291 3964 αὐτὸν
1351 3905 1502 3982 κάγὼ
1569 3903 1863 3981 ἒμπρσσθεν

207 4007 302 4056 τοῦ
361 3999 566 4078 Πατρός
629 4019 729 4072 μου
771 4004 864 4052 τοῦ
917 3996 971 4051 ἐν
1027 4007 1144 4057 τοῖς
1189 3995 1454 4071 οὐρανοῖς.
1495 4012 1523 4051 ι
1578 3992 1743 4049 Ἀλλά
1799 3991 1863 4059 δὴ

212 4086 486 4144 δεδοίκατε
544 4087 623 4161 μὴ
679 4084 856 4142 οὖκέτι
917 4083 1123 4140 ἔσονται
1173 4083 1319 4138 τόνδε
1373 4083 1461 4137 τὸν
1506 4082 1616 4158 βίον
1670 4081 1866 4138 ἀπολι-

222 4178 420 4252 μόντες
460 4196 478 4254 ;
511 4173 654 4254 Ἐγώ
697 4172 884 4232 τού-τού
945 4173 1234 4250 ἐγγυητήςο
1269 4171 1347 4227 ὅτι
1384 4173 1455 4234 εἷς
1489 4171 1670 4248 ἑτέραν
1726 4171 1869 4256 ζωὴν

219 4267 363 4340 μετὰ
427 4266 527 4333 τὴν
603 4265 836 4320 ἐντεῦθεν
903 4260 1216 4338 ἆπαλλογὴν
1274 4263 1549 4338 γινόμεθα,
1609 4259 1727 4316 ἔνθα
1776 4261 1871 4328 τὴν

224 4352 464 4431 ἀμοιϐὴν
524 4376 629 4409 των
673 4352 824 4430 ἔργον
867 4350 1088 4414 ἕκαστος
1145 4348 1398 4425 λήψεται,
1432 4349 1548 4406 ἔνθα
1599 4351 1686 4405 καὶ
1733 4349 1872 4406 οὗτοι

1958 3280 2296 3360 przesentia,
2324 3279 2472 3340 nihil
2504 3279 2582 3342 sit
2614 3281 2849 3343 ﬁrmum
2887 3299 2954 3343 ac
2989 3281 3226 3362 stabile,
3255 3284 3440 3343 ﬂuant
3471 3300 3609 3344 vero

1956 3386 2024 3428 ac
2055 3367 2320 3430 ferantur
2349 3369 2574 3447 omnia,
2614 3380 2670 3432 et
2728 3371 2842 3433 alia
2877 3390 2983 3432 nos
3017 3372 3133 3433 vita
3165 3372 3437 3452 excipiat,
3475 3390 3608 3452 qua)

1958 3477 2077 3518 non
2132 3469 2223 3520 est
2252 3460 2408 3520 ﬂuxa
2440 3477 2550 3522 nec
2606 3479 2864 3541 unquam
2899 3461 3163 3522 desinit:
3221 3479 3328 3521 cur
3360 3461 3430 3521 ad
3481 3461 3607 3522 hch

1957 3547 2253 3608 attrahitis
2304 3549 2486 3608 fortes
2519 3558 2576 3610 et
2620 3569 2874 3627 generos
2903 3551 3172 3630 athletas,
3207 3551 3294 3610 eis
3339 3550 3605 3610 suaden-

1959 3647 2052 3696 tes
2082 3646 2143 3696 ut
2185 3644 2459 3698 maneant
2513 3638 2568 3696 in
2627 3638 2700 3698 iis
2749 3657 2862 3718 que
2912 3639 3207 3711 videntur,
3242 3647 3302 3698 et
3353 3656 3424 3698 ea
3473 3657 3605 3718 qum

1959 3725 2245 3785 decidunt
2296 3724 2607 3803 praeferant
2639 3726 2710 3786 iis
2738 3745 2869 3806 qua:
2919 3735 3159 3788 manent
3189 3726 3214 3786 ἲ
3243 3728 3330 3788 An
3365 3727 3603 3789 nescitis

1958 3813 2113 3893 quod
2144 3831 2250 3893 pro
2297 3812 2530 3876 Christo
2561 3814 2797 3891 quidem
2831 3816 2946 3896 pati
2979 3815 3320 3876 conciliabit
3351 3834 3599 3894 regnum

1957 3901 2414 3962 ccelorumzeum
2442 3911 2634 3963 autem
2664 3921 2879 3982 negare
2903 3914 2958 3965 et
2990 3905 3242 3986 prodere
3273 3913 3599 3984 certamen,

1948 3991 2086 4051 facit
2133 4000 2194 4051 ut
2224 3993 2324 4071 qui
2361 3992 2448 4053 sic
2479 3993 2804 4071 cogitarunt
2858 3994 2929 4054 ab
2963 4015 3030 4056 eo
3064 3994 3384 4057 excidant?
3431 4017 3460 4054 α
3493 3995 3601 4067 Qui

1952 4085 2138 4160 enim,
2174 4080 2386 4160 inquit,
2416 4100 2508 4143 me
2541 4082 2841 4160 negaverit
2870 4102 3068 4146 coram
3088 4084 3456 4165 hominibus,
3486 4103 3596 4163 ego

1954 4189 2188 4249 quoque
2218 4187 2350 4230 eum
2386 4171 2611 4248 negabo
2657 4190 2854 4233 coram
2887 4172 3061 4234 Patre
3091 4193 3244 4248 meo,
3283 4174 3386 4250 qui
3420 4183 3509 4235 est
3541 4175 3601 4235 in

1956 4259 2124 4320 cmlis
2158 4262 2204 4320 1.
2244 4285 2268 4313 ι
2309 4259 2422 4320 Sed
2458 4261 2678 4321 timetis
2730 4279 2806 4322 ne
2836 4261 2953 4322 sint
2984 4263 3225 4324 omnino
3270 4263 3509 4343 perituri
3545 4273 3602 4324 et

1953 4366 2072 4412 non
2102 4348 2353 4428 amplius
2401 4349 2582 4409 futuri
2627 4350 2727 4427 qui
2767 4351 2945 4411 vitam
2974 4361 3320 4432 przesentem
3347 4351 3601 4432 relique-

220 4449 683 4511 κατασκηνοῦντες
763 4441 849 4497 καὶ
907 4443 1121 4518 Χριστῷ
1195 4440 1588 4519 εὔφραινόμενοι
1656 4440 1872 4514 μεμνής

1961 4445 2119 4501 runt?
2141 4438 2255 4499 Sed
2289 4457 2395 4517 ego
2425 4440 2603 4519 hujus
2632 4459 2762 4501 sum
2800 4441 3133 4520 ﬁdejussor:
3161 4461 3268 4520 ego
3301 4442 3459 4502 hunc
3493 4461 3598 4501 vo-

223 4554 410 4591 σονται
467 4533 554 4589 καὶ
609 4529 805 4608 γονέων
871 4530 958 4586 καὶ
1027 4527 1227 4586 παίδων
1291 4529 1380 4584 καί
1454 4534 1740 4605 γυναικῶν,
1804 4529 1868 4583 τὰ

1961 4527 2042 4588 bis
2073 4537 2292 4588 metum
2327 4528 2544 4590 adimo.
2581 4527 2717 4590 Haec
2747 4540 2836 4591 est
2867 4531 3022 4591 enim
3073 4549 3302 4591 summa
3335 4539 3394 4592 et
3424 4538 3600 4610 caput

213 4622 436 4702 χρηστᾶ
491 4622 673 4685 αὐτοῖς
731 4617 1079 4684 ἐξαιτοῦντες.
1143 4619 1408 4674 Παύσασθε
1459 4619 1548 4674 οὖν
1579 4615 1861 4696 ,δακρύον-

1961 4624 2166 4678 nostra:
2211 4617 2390 4678 ﬁdei:
2427 4619 2539 4680 hoc
2574 4619 2892 4697 persuadet
2939 4629 2999 4680 ut
3031 4628 3263 4681 terrena
3298 4603 3600 4700 despicia-

216 4733 308 4777 τες
365 4710 457 4767 καὶ
515 4708 939 4786 μαλακωτέρους
993 4719 1113 4772 ταῖς
1170 4708 1478 4785 προθῠμίαις
1538 4705 1722 4769 αὖτοὺς
1781 4705 1871 4783 ἐρ-

236 4800 552 4877 γαζόμενοι.
601 4799 855 4855 ’Ἔσονται
887 4799 986 4876 γὰρ
1027 4799 1154 4871 ὑμῖν
1197 4801 1431 4864 σωτῆρες
1466 4797 1558 4850 καί
1621 4796 1870 4873 φύλακες,

231 4897 324 4946 νῦν
397 4889 493 4964 μὲν
567 4886 803 4966 ἀοράτως
876 4886 1281 4967 ἐπιφοιτῶντάς,
1331 4885 1465 4961 μετὰ
1521 4883 1575 4939 δὲ
1631 4887 1729 4952 τὴν
1786 4888 1876 4942 τοῦ

219 4979 342 5052 βίου
400 4974 682 5033 καταλυσιν
740 4976 812 5039 εἷς
880 4975 974 5039 τὰς
1034 4976 1270 5037 αἰωνίους
1322 4973 1602 5054 δεχόμενοι
1674 4976 1870 5041 σκηνὰς

222 5064 770 5146 συγκοινωνησονται,
858 5064 1041 5128 αὒτοῖς
1125 5069 1222 5130 τῆς
1306 5063 1685 5138 τερπνότητος.
1777 5067 1876 5122 Καὶ

213 5165 380 5214 ταῦτα
410 5156 508 5231 μὲν
540 5156 672 5233 πρὸς
705 5154 830 5216 τοὺς
863 5153 1203 5220 ἐληλυθότας,

1956 4722 2112 4781 mus,
2150 4705 2304 4786 quod
2343 4716 2652 4787 postquam
2677 4708 2817 4769 hinc
2845 4711 3299 4779 excesserimus,
3326 4709 3396 4771 ad
3425 4710 3600 4771 aliam

1955 4812 2158 4855 sumus
2207 4795 2378 4854 vitam
2415 4797 2738 4871 transituri,
2785 4799 2840 4857 in
2890 4817 3002 4878 qua
3051 4799 3477 4860 convenienter
3525 4799 3599 4859 iis

1955 4903 2076 4959 qua
2100 4902 2243 4958 gessi
2262 4890 2333 4942 rit
2360 4889 2596 4959 accipiet
2629 4892 3026 4961 unusquisque
3056 4893 3600 4954 remunerationem.

1955 4971 2057 5033 ubi
2089 4971 2147 5032 hi
2175 4991 2409 5052 quoque
2441 4972 2772 5034 habitantes
2804 4983 2861 5034 et
2891 4994 3022 5035 cum
3063 4976 3297 5038 Christo
3330 4976 3596 5036 laetantes

1953 5061 2498 5124 recordabunturet
2532 5073 2850 5142 parentum
2872 5072 2927 5124 et
2951 5064 3203 5125 ﬁliorum
3238 5074 3295 5126 et
3320 5083 3594 5145 uxorum,

1955 5151 2108 5213 bona
2130 5150 2200 5212 iis
2227 5151 2617 5231 postulantes,
2653 5159 2709 5212 et
2741 5152 2864 5213 suis
2894 5152 2964 5213 ad
2994 5152 3174 5214 Deum
3209 5153 3596 5234 supplicatio-

204 5247 386 5310 nibus
441 5247 671 5310 facilem
703 5247 790 5309 eis
837 5246 1010 5307 vitam
1043 5244 1398 5328 praebentes.
1445 5245 1709 5311 Desinite
1736 5264 1874 5326 ergo
1918 5247 2060 5308 ﬂere
2091 5254 2146 5306 et
2197 5243 2447 5306 athletas
2478 5243 2777 5325 emollire,
2813 5257 2872 5308 et
2903 5265 2936 5306 a
2981 5261 3251 5326 prompto
3285 5258 3344 5307 et
3391 5247 3594 5330 alacri,

221 5336 407 5398 animi
459 5335 661 5398 studio
692 5336 1019 5398 retardare.
1053 5334 1181 5397 Non
1229 5337 1386 5398 enim
1420 5355 1522 5398 vos
1579 5340 1821 5398 omnino
1853 5337 2213 5416 relinquent,
2251 5335 2425 5396 etiam
2479 5335 2526 5394 si
2559 5335 2671 5396 hoc
2723 5335 3008 5416 videatur,
3041 5335 3144 5397 sed
3196 5346 3372 5397 erunt
3402 5353 3596 5399 serva-

235 5436 398 5489 tores
432 5434 491 5488 et
536 5427 836 5507 custodes,
865 5443 1023 5488 nunc
1055 5425 1299 5503 quidem
1330 5430 1408 5487 ita
1437 5427 1825 5490 adventantes
1851 5436 1909 5489 ut
1941 5446 2056 5488 non
2083 5423 2296 5486 cadant
2344 5423 2454 5484 sub
2487 5433 2813 5507 aspectum,
2839 5434 2966 5509 post
2999 5426 3130 5488 vitae
3161 5435 3354 5488 autem
3377 5426 3598 5490 exitum

280 5603 300 5654 ¹
336 5601 537 5671 Matth.
573 5621 630 5678 x,
668 5601 772 5672 33.
