4022 6146
409 275 529 345 799

1580 274 1963 345 ADDENDA.
2019 313 2097 324 —
2156 276 2291 345 JAN
2304 279 2604 344 UARIUS.

3650 272 3782 339 800

409 414 475 480 in
522 424 773 481 aeternas
804 418 1196 502 suspicientes
1227 414 1563 481 mansiones
1594 435 1724 478 cum
1760 418 1847 480 eis
1905 416 2318 481 delectationis
2346 416 2577 481 futuros
2625 415 2963 499 participes.
2998 414 3069 479 Et
3098 414 3223 480 haec
3275 412 3517 498 quidem
3546 414 3619 479 ad
3665 433 3782 478 eos

414 508 513 589 qui
545 519 853 574 venerant.

499 601 591 665 Vl.
667 602 1007 667 Orationem
1066 620 1203 664 vero
1275 621 1483 664 rursus
1553 611 1906 666 convertens
1975 603 2108 666 adA

413 690 598 756 fortes
655 701 713 755 et
766 712 1089 772 generosos
1143 692 1415 773 athletas,
1467 691 1610 754 dixit
1654 714 1666 751 :
1729 690 1957 756 Videtis
2013 713 2047 754 ο

414 781 632 846 Christi
694 783 957 856 milites,
1026 781 1238 844 callida
1310 783 1547 862 maligni
1618 783 1879 858 inventa,
1945 802 2053 865 per

414 891 547 953 quae
611 881 859 934 conatur
923 890 1023 935 vos
1093 890 1127 933 a
1187 879 1382 933 vestra
1434 873 1626 935 salute
1696 871 2052 936 abducere?

415 961 581 1036 Quod
634 962 792 1024 enim
830 981 935 1041 per
963 970 1256 1023 tormenta
1303 961 1499 1023 facere
1529 980 1646 1023 non
1699 963 1906 1043 potuit,
1942 964 2055 1025 hoc

416 1059 601 1113 tentat
650 1051 887 1113 efﬁcere
937 1070 1042 1133 per
1088 1060 1315 1112 vestros
1361 1051 1749 1114 necessarios.
1806 1052 1921 1115 Sed
1983 1072 2057 1114 ne

416 1141 700 1219 ignoretis
726 1160 826 1202 vos
858 1142 988 1220 ejus
1040 1140 1289 1202 consilia
1320 1140 1577 1202 scientes
1612 1159 1745 1202 eum
1778 1141 2057 1203 omnibus

414 1228 606 1291 modis
628 1230 922 1311 insidiari,
948 1237 1006 1293 et
1028 1229 1305 1292 omnibus
1335 1249 1434 1292 vos
1464 1230 1704 1309 aggredi
1736 1231 2049 1307 machinis,

411 1318 512 1401 qui
554 1339 710 1382 nunc
742 1339 977 1401 quoque
1010 1339 1142 1382 cum
1177 1318 1321 1380 vidit
1365 1338 1467 1381 vos
1502 1323 1735 1382 venisse
1766 1321 1837 1382 ad
1873 1322 2050 1381 linem

410 1410 823 1484 certaminum,
845 1419 904 1472 et
934 1428 1050 1470 non
1074 1408 1271 1471 ferens
1303 1408 1564 1471 dedecus
1589 1409 1745 1490 quod
1765 1409 1839 1470 sit
1868 1410 2052 1471 victus

412 1506 721 1580 postquam
744 1499 925 1560 multa
960 1498 1122 1560 vobis
1154 1497 1540 1574 malaintulit,
1578 1499 1772 1559 studet
1806 1509 1936 1581 post
1967 1500 2054 1559 vi-

414 1588 658 1649 ctoriam
683 1608 783 1650 vos
817 1588 1045 1670 privare
1075 1587 1359 1668 praemiis,
1383 1595 1450 1648 ut
1474 1596 1688 1669 praeter
1712 1587 1771 1650 id
1806 1588 1962 1669 quod
1986 1607 2055 1650 ex

412 1679 675 1758 acceptis
706 1678 890 1758 plagis
922 1677 1071 1739 nihil
1104 1678 1310 1738 essetis
1348 1676 1735 1752 lucrifacturi,
1773 1686 2059 1757 praetcrea

414 1764 709 1830 Christum
771 1786 1008 1849 quoque
1057 1767 1360 1828 amittatis.
1394 1766 1518 1828 Hoc
1571 1774 1659 1827 est
1688 1768 1843 1829 enim
1899 1768 2057 1829 illius

412 1876 583 1939 opus,
608 1864 666 1918 et
696 1860 890 1937 gravia
920 1856 1166 1934 inferre,
1196 1866 1253 1917 et
1286 1875 1411 1918 eam
1438 1875 1567 1938 quae
1598 1856 1739 1919 hinc
1768 1856 2058 1937 accipitur

2212 605 2316 680 ς’.
2376 607 2510 683 Πρὸς
2568 603 2623 662 δὲ
2673 607 2792 669 τοὺς
2852 608 3117 685 γενναίους
3171 604 3494 684 ἀγωνιστὰς,
3559 592 3785 682 Ὀρᾶτε,

2134 697 2313 771 εἶπεν,
2374 699 2417 754 ὡ
2475 703 2791 774 στρατιῶται
2841 699 2932 753 τοῦ
2975 693 3224 775 Χριστόὖ,
3284 701 3350 750 τα
3410 701 3502 753 τοῦ
3544 696 3794 769 πονῆροῦ

2135 789 2434 867 σοφίσματα
2478 786 2544 844 δι’
2589 788 2661 844 ὦν
2725 790 2860 863 ὑμᾶς
2903 786 3001 853 τῆς
3056 786 3321 865 σωτηρίας
3382 782 3793 851 ἐιποδουγ).ἧσαι

2136 878 2339 953 ζητέϊς
2402 875 2469 937 ”Ο
2504 878 2600 956 γὰρ
2659 876 2743 934 διὰ
2796 882 2901 932 τῶν
2957 876 3200 953 βασάνων
3235 875 3327 932 οὒκ
3381 873 3591 955 ἔπραξε,
3627 885 3799 934 τοῦτο

2138 966 2222 1024 διὰ
2280 975 2382 1025 τῶν
2448 965 2761 1035 ἐπιτηδείων
2822 967 3005 1023 ἆνΰσαι
3063 971 3329 1043 πειρᾶται.
3406 963 3554 1021 Ἀλλ’
3624 966 3798 1038 ὑμεῖς

2138 1081 2199 1135 γε
2271 1059 2347 1134 μὴ
2422 1058 2721 1136 ἀγνοησητε
2795 1058 2948 1113 αὐτοῦ
3025 1055 3093 1111 τὰ
3161 1052 3515 1134 βουλεύματα,
3587 1053 3798 1117 εἰδότες

2137 1148 2218 1205 ὅτι
2278 1154 2407 1204 πᾶσι
2477 1148 2691 1224 τρόποις
2766 1148 2900 1222 ἡμῖν
2974 1143 3323 1224 ἐπιϐουλεύει,
3399 1144 3455 1206 ὃς
3527 1151 3615 1201 νῦν
3658 1143 3798 1201 ἰδὼν

2136 1240 2267 1311 πρὸς
2358 1240 2417 1294 τὸ
2486 1236 2636 1301 τέλος
2693 1244 2798 1293 τῶν
2863 1236 3080 1314 ἀγώνων
3155 1234 3403 1299 ἐλθόντας
3459 1234 3617 1313 ὑμᾶς,
3702 1236 3798 1292 καὶ

2134 1329 2233 1387 τὴν
2289 1328 2452 1397 ἧτταν
2511 1329 2589 1404 μὴ
2633 1327 2803 1407 φέρων
2861 1324 3068 1383 σπεύδει
3128 1323 3264 1401 μετᾶ
3306 1325 3400 1405 τῂν
3446 1330 3550 1380 τῶν
3595 1323 3794 1382 δεινῶν

2136 1419 2408 1497 καρτερίαν
2470 1431 2718 1496 σνερπέσαι
2775 1422 2880 1473 τῶν
2937 1414 3214 1492 βραϐείων,
3267 1413 3344 1470 ἔτι
3390 1413 3444 1470 δὲ
3512 1416 3601 1471 καὶ
3645 1424 3793 1490 Χρι-

2137 1514 2286 1562 στοῦ·
2325 1509 2477 1563 τοῦτο
2520 1508 2619 1585 γὰρ
2674 1504 2824 1583 ἔργον
2855 1502 3010 1560 αὖτοῧ
3068 1502 3255 1559 καὶτὰ
3298 1499 3438 1557 δεινὰ
3490 1500 3792 1582 ἐπιφέρειν,

2137 1595 2288 1653 Ἀλλ’
2348 1598 2501 1672 ὑμεῖς
2552 1601 2712 1663 στῆτε
2744 1595 2995 1672 γενναίως
3041 1592 3175 1649 κατᾶ
3217 1596 3316 1660 τῆς
3376 1589 3645 1666 μεθοδείας
3697 1600 3795 1650 τοῦ

2138 1684 2406 1759 διαϐόλου,
2455 1689 2544 1743 καὶ
2602 1687 2678 1761 μή
2726 1691 2802 1758 τῷ
2845 1681 2990 1764 φόϐῳ
3047 1683 3143 1751 τῆς
3206 1680 3511 1746 τελευταίας
3566 1682 3793 1760 πληγῆς

2136 1779 2205 1843 ἧς
2236 1776 2404 1850 μόνης
2461 1777 2488 1832 ὁ
2520 1776 2706 1855 ἐχθρὸς
2737 1775 2937 1854 κύριος,
2970 1775 3068 1838 τὴν
3124 1776 3228 1828 τῶν
3273 1771 3506 1846 οὗρανῶν
3550 1771 3795 1849 πρόησθε

2137 1865 2432 1942 βασιλείαν,
2466 1869 2532 1933 ἧς
2603 1876 2795 1943 τυχεῖν
2848 1863 2944 1937 μὲν
2981 1860 3156 1917 καλῶν
3212 1860 3271 1916 τὸ
3317 1858 3630 1940 ἀκρότατον,
3664 1859 3795 1917 δια-

411 1947 720 2010 utilitatem
757 1946 1123 2010 intercidere
1168 1947 1241 2008 iis
1280 1946 1381 2027 qui
1437 1946 1726 2007 laborant.
1788 1945 1902 2011 Sed
1952 1966 2056 2009 vos

2140 1959 2409 2032 μαρτῆσαι
2469 1952 2522 2008 δὲ
2582 1951 2726 2009 ὠδὶν
2784 1950 3122 2027 ἀθλιώτερον
3182 1950 3397 2013 Τούτοις
3453 1951 3545 2005 τοῦ
3603 1972 3794 2022 μακα-

413 2054 544 2097 cum
571 2040 692 2097 haec
721 2040 934 2110 sciatis,
957 2040 1192 2097 restitite
1215 2039 1434 2097 fortiter
1471 2036 1694 2095 insidiis
1720 2039 2053 2109 adversarii,

412 2143 612 2206 neque
642 2124 864 2205 parcite
886 2123 1163 2186 carnibus
1188 2141 1321 2200 quae
1351 2123 1525 2205 paulo
1559 2132 1691 2201 post
1713 2130 1848 2185 sunt
1878 2125 2054 2187 inter-

411 2214 582 2277 iturae
617 2233 633 2291 ;
689 2232 883 2295 neque
923 2222 1081 2275 metu
1124 2213 1351 2275 ultima:
1383 2213 1563 2293 plaga:
1606 2220 1695 2290 (ea
1727 2214 1885 2275 enim
1932 2215 2055 2277 sola

415 2310 503 2367 est
532 2303 592 2365 in
624 2303 853 2366 inimici
887 2304 1204 2385 potestate)
1230 2302 1457 2384 prodite
1488 2319 1733 2383 regnum
1761 2303 2051 2366 caelorum

414 2392 728 2473 etgloriam
757 2401 813 2456 et
833 2394 1046 2456 saecula
1066 2399 1542 2474 permanentem,
1566 2412 1744 2470 quam
1774 2414 2049 2473 magnum

412 2482 652 2564 quidem
677 2493 764 2545 est
792 2483 1031 2564 assequi
1052 2492 1108 2545 et
1138 2501 1481 2564 supremum
1509 2481 1796 2543 bonorum
1830 2502 1845 2557 ;
1883 2484 1954 2545 ab
1986 2502 2055 2546 ea

2139 2044 2247 2122 ρίου
2332 2040 2687 2099 Σεϐαστιανοῦ
2755 2044 3265 2119 προθυμοποιοῦντες
3336 2042 3457 2102 τοὺς
3553 2036 3793 2105 ἆθλητᾶς

2137 2138 2230 2190 τοῦ
2305 2140 2573 2213 Χριστοῦ,
2631 2137 2742 2207 φῶς
2821 2131 3094 2209 οὖρανόθεν
3167 2129 3321 2185 αὖτὸν
3397 2128 3790 2205 περιήσεραψε,

2138 2223 2225 2278 καὶ
2307 2222 2510 2289 νεανίας
2580 2221 2729 2300 eiiqu
2802 2218 3193 2297 λαμπροφορῶν
3276 2218 3465 2274 τούτου
3552 2216 3791 2284 πλησίον

2139 2312 2330 2384 ἑστὼς,
2382 2313 2455 2373 ὼς
2520 2309 2718 2374 πάντας
2762 2309 2883 2373 τοὺς
2952 2306 3160 2369 ἰδόντας
3215 2305 3652 2384 καταπλαγῆναι,
3705 2308 3789 2363 mi

2137 2406 2234 2467 τῆς
2294 2397 2488 2457 ἄνωθεν
2545 2400 2763 2479 χάριτος
2796 2398 2949 2478 ἔργον
2979 2406 3133 2455 τοῦτο
3165 2393 3491 2474 ὁμολογῆσαι
3524 2397 3548 2451 ὲ
3581 2418 3789 2474 πιμαρ-

2139 2489 2395 2566 τυρούσης
2468 2489 2544 2563 τῷ
2624 2485 2765 2567 ἆνδρὶ
2844 2486 2937 2554 τὴν
3012 2484 3285 2556 ἀλήθειαν,
3353 2481 3786 2553 Ἐπηκολούθῃσε

411 2582 604 2636 autem
630 2572 917 2636 recedere
944 2582 1032 2635 est
1058 2574 1234 2650 longe
1280 2571 1704 2632 miserrimum.
1753 2573 1888 2634 Haec
1919 2592 2051 2633 cum

2140 2576 2192 2632 δέ
2249 2600 2301 2633 τι
2357 2579 2444 2634 καὶ
2499 2576 2698 2655 ἕτερον,
2747 2578 2775 2632 ὃ
2826 2577 3061 2651 μάλιστα
3112 2576 3231 2639 τοὺς
3288 2572 3551 2652 παρόντὰς
3611 2572 3784 2630 ἔπεισε

411 2662 637 2726 diceret
658 2663 867 2724 beatus
885 2661 1296 2742 Sebastianus,
1328 2668 1387 2722 et
1411 2668 1745 2741 promptum
1778 2671 1833 2722 et
1860 2662 2056 2722 alacre

2141 2669 2288 2740 μόνῳ
2331 2670 2406 2741 τῷ
2436 2665 2669 2741 ἀληθινῷ
2699 2665 3051 2745 προσανέχειν
3084 2670 3221 2737 Θεῷ.

411 2758 594 2820 animi
624 2757 885 2819 studium
918 2756 1156 2818 coulirtr
1173 2765 1303 2817 aret
1334 2755 1547 2819 Christi
1579 2755 1840 2833 athletis,
1876 2756 2105 2819 dicitur
2139 2758 2328 2820 lucem
2359 2776 2494 2819 eum
2526 2756 3021 2833 circumfulsisse,
3055 2763 3113 2817 et
3145 2756 3329 2816 visum
3364 2771 3505 2817 esse
3537 2762 3778 2817 stantem

411 2866 597 2930 prope
628 2866 762 2908 eum
787 2847 1092 2926 juvenem,
1126 2854 1183 2906 et
1216 2864 1426 2925 magno
1458 2851 1636 2908 vestis
1669 2846 1989 2927 splendore
2048 2847 2462 2928 refulgentem,
2497 2848 2647 2909 adeo
2677 2854 2741 2908 ut
2784 2864 2993 2908 omnes
3024 2845 3123 2924 qui
3156 2844 3432 2908 viderunt
3461 2844 3785 2925 obstupue-

410 2938 551 3010 rint,
586 2943 645 2998 et
670 2953 949 3017 supernae
970 2935 1171 3015 gratim
1200 2935 1312 2996 hoc
1366 2953 1497 2998 esse
1530 2953 1678 3017 opus
1709 2936 1960 2998 confessi
2010 2935 2253 3012 fuerint,
2289 2955 2422 3018 quas
2452 2935 2856 2998 testimonium
2887 2932 3119 2997 ferebat
3149 2951 3286 2994 eum
3319 2932 3543 2995 dixisse
3575 2933 3790 2995 verita-

409 3035 552 3090 tem.
597 3023 735 3088 Haec
766 3023 922 3088 aliud
953 3043 1189 3107 quoque
1221 3033 1311 3087 est
1358 3033 1741 3087 consecutum
1778 3026 2025 3107 dignum
2061 3026 2220 3107 quod
2266 3025 2504 3089 dicatt'ir
2535 3033 2594 3088 et
2624 3030 2929 3087 memoriae
2960 3022 3274 3085 mandetur
3306 3043 3320 3101 ;
3356 3022 3516 3104 quod
3547 3023 3788 3104 quidem

410 3134 512 3179 eos
542 3115 644 3196 qui
665 3115 911 3177 aderant
944 3115 1193 3177 maxime
1217 3115 1286 3176 ad
1321 3115 1500 3177 ﬁdem
1533 3114 1794 3190 adduxit,
1831 3124 1887 3177 et
1918 3115 2209 3194 persuasit
2238 3126 2301 3178 ut
2328 3117 2522 3178 solum
2555 3117 2741 3179 Deum
2789 3113 3197 3178 attendcrcnt.

488 3208 613 3274 VII.
652 3207 931 3281 Quaedam
964 3210 1120 3270 enim
1158 3210 1373 3271 mulier
1400 3210 1515 3272 Zoe
1548 3209 1811 3280 nomine,
1838 3210 2056 3289 conjux

2219 3201 2298 3273 Z'.
2333 3210 2469 3279 Γυνὴ
2526 3210 2625 3287 γὰρ
2653 3230 2734 3273 τις
2792 3209 2912 3276 Ζωὴ
2944 3207 3175 3283 τοῦνομα
3207 3208 3424 3286 σύζυγος
3483 3209 3788 3288 Νικοστρᾶ-

408 3297 743 3380 Nicostrati,
777 3297 878 3380 qui
929 3297 1200 3361 ordinem
1235 3297 1539 3360 obtinebat
1582 3299 1908 3379 primicerii
1943 3301 2056 3379 (est

2140 3307 2252 3376 τοῦ,
2288 3301 2344 3363 ὃς
2388 3300 2485 3368 τὴν
2514 3305 2607 3355 τοῦ
2665 3298 3060 3377 πριμικηρινίου
3118 3296 3261 3362 τάξιν
3317 3296 3548 3377 ἐπεῖχεν
3589 3298 3673 3375 (ἓν
3730 3295 3787 3355 δὲ

411 3397 608 3453 autem
642 3388 764 3450 haec
797 3406 914 3449 una
942 3386 1197 3467 dignitas
1230 3406 1301 3449 ex
1335 3388 1405 3448 iis
1440 3405 1571 3468 qum
1602 3396 1743 3451 sunt
1764 3386 1873 3450 sub
1899 3407 2053 3469 prat-

2140 3393 2225 3446 καὶ
2270 3394 2425 3446 τοῦτο
2467 3394 2573 3444 τῶν
2603 3387 2704 3443 ὑπὸ
2736 3387 2834 3454 τὴν
2880 3386 3181 3466 ὲπαρχικὴν
3215 3386 3381 3465 χεῖρα
3414 3384 3785 3466 ἀξιωμάτων),

407 3478 684 3558 tectura),
719 3496 850 3539 cum
883 3478 943 3538 in
976 3457 1209 3556 gravem
1271 3457 1545 3538 morbum
1578 3457 1915 3558 incidisset,
1934 3497 2053 3539 non

2140 3479 2398 3554 νοσήματι
2482 3483 2838 3557 περιπεσοῦσα
2909 3457 3087 3550 δεινῷ,
3145 3457 3456 3554 φθέγγεσθαι
3514 3457 3614 3549 μὲν
3694 3457 3793 3535 obit

406 3579 625 3645 poterat
658 3570 888 3643 quidem
920 3569 1074 3642 loqui
1102 3586 1290 3644 neque
1314 3569 1503 3628 cordis
1534 3578 1720 3627 motus
1743 3568 2052 3641 explicare:

2140 3565 2372 3646 ἐδύνατο,
2433 3566 2657 3622 συνιέναι
2735 3564 2789 3621 δὲ
2864 3566 2951 3621 καὶ
3029 3563 3237 3621 ἀκούειν
3295 3566 3400 3620 τῶν
3481 3562 3792 3642 λεγομένων

407 3657 739 3737 intelligere
766 3675 907 3718 vero
941 3665 1001 3719 et
1031 3657 1241 3719 audire
1272 3675 1402 3737 quae
1452 3654 1802 3717 dicebantur
1833 3663 2056 3736 poterat

2141 3655 2409 3715 ἀκώλυτον
2465 3655 2594 3735 εἶχε
2638 3655 2739 3723 τὴν
2781 3653 3056 3721 αἴσθησιν.
3120 3651 3287 3733 Αὕτη,
3335 3653 3391 3709 ἐν
3434 3659 3509 3728 νῷ
3556 3651 3792 3711 λαϐοῦσα

409 3748 558 3811 citra
610 3747 794 3809 ullum
854 3745 1373 3827 impedimentum.
1429 3744 1513 3807 Ea
1569 3753 1774 3807 mente
1828 3745 2056 3823 agitans

2140 3747 2205 3804 τὰ
2267 3753 2358 3803 τοῦ
2425 3744 2682 3822 μακαρίου
2746 3740 3106 3801 Σεϐασττανοῦ
3151 3743 3363 3820 ῥήματα
3420 3742 3493 3817 (ἐν
3564 3742 3665 3822 γὰρ

407 3836 587 3900 verba
644 3835 799 3898 beati
855 3834 1189 3898 Sebastiani
1223 3834 1690 3912 (custodiebatur
1723 3835 1882 3896 enim
1913 3853 2056 3896 san-

2142 3836 2278 3909 οἷκίᾳ
2323 3835 2484 3903 αὒτῆς
2538 3833 2823 3907 ἐτηροῦντο
2866 3836 2914 3889 οἱ
2947 3832 3132 3911 ἅγιοι),
3178 3845 3295 3897 τοῖς
3338 3829 3639 3911 ὀφθαλμοῖς
3699 3831 3793 3888 ἑν-

411 3928 489 3991 cti
521 3927 582 3988 in
620 3929 747 4005 ejus
778 3926 954 3987 domo
1003 3944 1138 3988 cum
1170 3925 1269 3988 illa
1325 3944 1440 3987 non
1472 3935 1669 4007 posset
1700 3923 1898 4003 lingua
1941 3925 2051 3986 ad—

2140 3927 2354 3983 νεύουσα
2414 3930 2564 3999 πᾶσι,
2599 3923 2698 3990 τὴν
2760 3924 2924 4004 χεῖρά
2957 3943 3010 3978 τε
3057 3921 3378 3996 ἐπισείουσα,
3426 3921 3515 3978 καὶ
3545 3928 3652 3977 τῶν
3698 3931 3798 3981 τοῦ

411 4015 617 4080 mirari
648 4023 712 4076 ut
744 4034 874 4096 quae
904 4023 1065 4077 recte
1095 4014 1252 4076 dicta
1285 4023 1508 4092 essent,
1545 4014 1734 4075 oculis
1783 4032 2053 4076 annuens

2140 4018 2284 4096 ἁγίου
2354 4011 2529 4070 ποδῶν
2602 4011 2905 4091 ἁπτομένη,
2968 4008 3132 4088 κήρυξ
3202 4010 3289 4066 καὶ
3365 4014 3623 4066 σιωπῶσα
3693 4016 3794 4077 τῆς

409 4105 710 4181 omnibus,
739 4113 799 4165 et
827 4123 1067 4167 manum
1100 4104 1372 4186 quatiens
1403 4122 1470 4165 ac
1496 4103 1687 4166 sancti
1717 4103 1901 4184 pedes
1930 4111 2054 4164 tan-

2140 4105 2384 4172 ἀληθείας
2441 4103 2664 4181 ἐγίνετο.
2731 4102 2910 4165 Συνεὶς
2973 4100 3060 4157 οὖν
3119 4100 3325 4162 ἐκεῖνος
3377 4101 3406 4155 ὁ
3456 4099 3609 4164 θεῖος
3659 4100 3795 4177 ἀνὴρ

408 4214 557 4276 gens
591 4193 1020 4277 propemodum
1055 4212 1164 4276 per
1195 4203 1355 4257 muta
1384 4194 1536 4255 facta
1578 4210 1776 4254 vocem
1812 4190 2048 4267 edebat,

2140 4196 2208 4256 ὡς
2266 4193 2539 4271 οὖρανόθεν
2594 4192 2659 4260 ἦν
2716 4191 2809 4247 τοῦ
2864 4189 3080 4268 γυναίου
3128 4191 3162 4258 ἡ
3224 4189 3456 4263 κίνησις,
3487 4189 3577 4244 καὶ
3620 4187 3791 4245 θέλων

408 4293 468 4349 et
492 4294 694 4349 tacens
721 4292 849 4347 erat
878 4283 1249 4366 prmdicatrix
1280 4283 1537 4363 pietatis.
1572 4285 1714 4345 Cum
1734 4289 1929 4341 autem
1966 4281 2054 4341 in-

2140 4282 2360 4346 πολλοὺς
2422 4283 2496 4347 εἰς
2570 4282 2855 4360 ἐπίγνωσιν
2911 4277 2996 4335 διὰ
3050 4285 3144 4337 τοῦ
3201 4280 3464 4355 θαύματος
3540 4277 3787 4357 ἆγαγειν,

408 4375 737 4437 tellexisset
784 4375 871 4436 vir
901 4374 1001 4436 ille
1050 4373 1283 4434 divinus
1316 4390 1433 4433 non
1490 4370 1619 4432 sine
1669 4371 1774 4432 Dei
1806 4370 2052 4433 numine

2140 4377 2207 4434 είς
2263 4371 2426 4447 μέσον
2485 4371 2646 4438 αὖτῆν
2701 4372 2891 4436 στῆναι
2954 4368 3194 4442 κελεύει,
3256 4368 3485 4454 καὶοτὸν
3562 4370 3789 4447 Χριστὸν

410 4470 631 4525 moveri
682 4463 1019 4537 mulierem,
1081 4469 1140 4522 et
1183 4460 1365 4522 vellet
1421 4459 1778 4539 agnitionem
1835 4459 2051 4521 multos

2140 4459 2402 4530 ὀνιιμτίσας
2479 4461 2539 4515 τὸ
2606 4458 2793 4515 λαλεῖν
2879 4459 3010 4535 αὖτῇ
3083 4461 3415 4538 παραχρῆμα
3482 4459 3782 4538 χαρίζεται·

409 4552 709 4615 adducere
737 4570 843 4631 per
874 4550 1254 4623 miraculum,
1272 4549 1446 4629 jubet
1473 4568 1600 4611 eam
1646 4555 1800 4610 stare
1829 4547 1888 4609 in
1922 4568 2052 4609 me-

2140 4549 2265 4629 ὅπερ
2326 4552 2353 4605 ὁ
2413 4548 2768 4621 Νικόστρατος
2838 4545 2960 4603 ἰδὼν
3030 4546 3193 4614 ἀνῆκε
3252 4547 3348 4623 μὲν
3407 4551 3515 4602 τῶν
3577 4545 3783 4621 δεσμῶν

414 4641 535 4711 dio,
566 4641 873 4703 etChristo
900 4638 1142 4701 nomine
1167 4638 1455 4710 invocato,
1484 4638 1537 4700 ei
1567 4638 1788 4718 statim,
1811 4638 2056 4715 largitur

2140 4640 2257 4702 τοὺς
2319 4639 2520 4717 ἁγίους,
2571 4638 2893 4716 συγγνώμην
2953 4635 3008 4693 δὲ
3054 4637 3128 4694 ὧν
3190 4638 3262 4701 εἷς
3323 4636 3510 4701 αὐτοὺς
3570 4635 3785 4709 ἐπλημ-

411 4739 476 4793 ut
506 4730 800 4812 loquatur.
833 4728 998 4802 Quod
1033 4727 1272 4806 quidem
1306 4739 1368 4791 ut
1398 4728 1639 4791 vidisset
1671 4728 2051 4807 Nicostratus,

412 4828 647 4882 sanctos
669 4818 909 4900 quidem
944 4818 1153 4883 laxavit
1183 4838 1214 4880 e
1245 4818 1520 4893 vinculis,
1550 4817 1729 4899 petita
1756 4826 1951 4879 autem
1982 4815 2055 4878 ab

415 4909 504 4971 eis
536 4911 702 4972 venia
720 4909 875 4991 quod
901 4909 962 4971 in
993 4927 1095 4971 eos
1122 4908 1285 4989 prius
1306 4908 1668 4989 deliquisset,
1703 4907 1930 4987 rogavit
1956 4925 2057 4968 eos

412 5009 478 5062 ut
505 4998 739 5063 abirent
769 4999 978 5080 procul
1006 5018 1039 5060 a
1067 4999 1323 5063 civitate.
1359 4998 1479 5061 Illis
1508 5016 1648 5060 vero
1688 5015 1897 5077 preces
1927 4997 2054 5077 ejus

412 5108 533 5153 non
582 5089 1060 5171 admittentibus,
1093 5088 1197 5151 sed
1258 5088 1594 5152 dicentibus
1652 5105 1716 5149 se
1747 5104 1866 5147 non
1924 5103 2057 5148 esse

415 5197 579 5241 suam
628 5179 964 5260 prodituros
996 5178 1388 5253 nobilitatem,
1421 5196 1534 5239 nec
1566 5175 1802 5239 coronis
1834 5183 2052 5256 marty-

414 5269 489 5331 rii
543 5268 675 5330 aliis
705 5287 839 5330 esse
869 5287 1161 5342 cessuros,
1195 5267 1397 5329 Essem
1445 5267 1569 5341 ille,
1606 5265 1817 5347 inquit,
1849 5283 2057 5327 revera

416 5357 578 5437 felix,
619 5363 665 5418 si
696 5376 872 5419 causa
902 5367 1110 5418 vestrm
1139 5358 1344 5417 salutis
1379 5355 1723 5418 athleticum
1756 5363 2059 5415 certamen

418 5444 813 5525 suscepissem
838 5454 896 5507 et
929 5464 1123 5507 meum
1177 5446 1527 5524 sanguinem
1568 5464 1668 5523 pro
1703 5443 1866 5504 vobis
1905 5445 2057 5504 eﬂ‘u-

419 5534 737 5607 dissem,ut
756 5535 963 5597 sordes
979 5534 1265 5595 malorum
1291 5534 1594 5595 abluerem
1615 5534 1893 5613 quasjam
1915 5533 2059 5594 mihi

417 5623 635 5685 inussit
654 5621 988 5684 dannonum
1023 5622 1444 5686 ministerium.
1479 5623 1597 5685 Sed
1622 5623 1671 5684 si
1704 5623 1839 5694 hoc,
1868 5622 2058 5704 aiunt,

2139 4728 2342 4805 μέλησε
2416 4730 2543 4805 πρὶν
2628 4727 2997 4797 αἰτιασάμενος
3033 4774 3048 4799 ,
3114 4724 3257 4794 ἠξίου
3326 4725 3539 4782 ἀπιέναι
3616 4724 3787 4804 πόῤῥω

2139 4826 2229 4877 τού
2287 4815 2498 4882 ἄστεος.
2564 4817 2679 4874 Τὼν
2722 4815 2884 4892 δὲμὴ
2937 4814 3298 4893 βουλομένων,
3334 4813 3471 4871 ἀλλὰ
3519 4813 3786 4893 λεγόντων

2140 4912 2211 4972 ὼς
2272 4911 2344 4966 Οὐ
2385 4910 2491 4963 τῶν
2538 4911 2873 4986 μαρτυρικὼν
2931 4905 3199 4962 στεφάνων
3261 4902 3458 4981 ἑτέροις
3514 4926 3784 4984 παραχω-

2138 5000 2397 5076 ρήσομεν,
2452 4990 2521 5052 Ἦ
2593 4996 2716 5074 γὰρ,
2792 4995 3148 5072 Νιιὸστρατος
3221 4992 3347 5071 ἔφη,
3407 4993 3673 5072 μακάριος
3728 4995 3786 5048 ἂν

2139 5088 2284 5163 εἴην,
2331 5088 2375 5143 εί
2432 5090 2528 5153 τῆς
2586 5086 2733 5154 ὑμῶν
2790 5082 2968 5140 ἕνεκεν
3018 5084 3278 5161 σωνηρίας
3320 5083 3382 5138 τὸ
3436 5082 3591 5158 ἡμῶν
3656 5086 3789 5156 αἷμα

2138 5176 2352 5257 ὲξέχεα,
2411 5175 2550 5232 ὥστε
2605 5172 2962 5230 ἀπολύνασθαι
3017 5173 3110 5229 τὸν
3168 5172 3327 5250 ῥύπον
3384 5171 3445 5226 δν
3488 5193 3580 5247 μοι
3624 5193 3786 5248 προε-

2139 5268 2353 5334 ξένησεν
2410 5268 2444 5333 ἡ
2501 5264 2605 5321 τῶν
2662 5261 2925 5338 δαιμόνων
2969 5262 3250 5337 ὑπηρεσία.
3303 5259 3454 5318 Ἀλλ’
3498 5262 3542 5317 εί
3606 5263 3788 5319 τούτου

2140 5357 2281 5437 φασὶ,
2318 5352 2501 5432 βούλει
2564 5365 2773 5432 νυχετν,
2809 5352 2921 5433 χρὴ
2982 5356 3235 5431 πρότερον
3274 5351 3395 5416 τοὺς
3426 5349 3478 5405 ἒν
3525 5348 3787 5431 διωξόροις

2141 5449 2373 5524 εἱρκταῖς
2489 5444 2845 5519 τηρουμένους
2930 5442 3147 5497 ἐνταῦθα
3231 5443 3620 5517 συναθροῒσαι,
3704 5441 3783 5494 καὶ

2142 5534 2306 5609 δῶρον
2352 5531 2537 5594 αὖτοὺς
2597 5538 2673 5604 τῷ
2734 5538 2849 5605 Θεῷ
2906 5530 3295 5611 φροσαγαγεῖν,
3328 5530 3454 5585 εἶτα
3508 5530 3598 5586 καὶ
3654 5530 3780 5607 πρὸς

2142 5626 2202 5681 τὸ
2235 5622 2557 5696 ποθὸύμενον
2588 5618 2740 5683 τέλος
2772 5619 2968 5680 ἐλθεῖν.

422 5717 509 5780 vis
537 5716 844 5799 consequi,
879 5733 1126 5781 necesse
1156 5725 1247 5779 est
1269 5725 1334 5781 ut
1354 5718 1453 5781 hic
1482 5717 1645 5799 prius
1665 5732 1987 5796 congreges
2018 5734 2120 5781 eos
2134 5714 2237 5800 qui
2257 5720 2320 5777 in
2349 5712 2597 5777 diversis
2618 5723 2932 5779 servantur
2951 5711 3296 5779 carceribus
3327 5717 3388 5775 et
3414 5727 3518 5775 cos
3540 5710 3776 5776 domum
