4022 6146
240 296 353 367 801
1082 292 1559 364 MARTYRIUM
1605 296 1668 361 S.
1713 284 2167 361 SEBASTIANI
2231 292 2329 357 ET
2373 286 2776 357 SOCIORUM.
3493 290 3611 359 802

239 431 364 494 Deo
396 431 633 493 offeras.
664 429 895 494 Deinde
926 429 1104 492 etiam
1135 428 1337 492 venias
1366 428 1436 490 ad
1471 429 1648 490 ﬁnem
1681 447 1860 509 quem
1895 427 2223 504 desideras,
2261 436 2323 489 ut
2353 428 2490 489 hinc
2523 427 2812 507 majorem
2844 424 3067 488 habeas
3098 423 3403 499 ﬁduciam,
3439 432 3504 486 ut
3532 445 3611 509 qu

240 540 363 582 non
392 521 584 581 solum
615 520 746 600 ipse
771 539 872 600 pro
904 520 1136 582 Christo
1167 519 1544 600 saeriﬁceris,
1577 507 1894 582 sed—etiam
1928 524 2111 578 totum
2146 518 2422 597 populum
2457 516 2509 578 ei
2541 534 2647 597 per
2675 517 2849 579 tidem
2881 515 3184 579 concilies.
3468 510 3471 511 ⁷
3586 507 3590 512 ’

322 615 418 677 11’.
470 616 626 680 Εὐθὺς
674 619 761 672 οὖν
817 619 844 671 ὁ
902 616 1256 694 Νικόστρατος
1300 614 1470 671 ἐτέλει
1524 617 1583 670 τὸ
1614 636 1879 693 προστατ-

2047 610 2352 676 VlI[.Cum
2386 612 2510 672 haec
2540 610 2716 671 verba
2740 609 3008 672 audisset
3029 607 3421 685 Nicostratus,
3459 608 3614 672 nihil

236 706 489 780 τὸμενον,
550 706 647 763 καῗ
703 705 905 768 πάντας
965 705 1084 766 τοὺς
1145 704 1198 760 ἐν
1242 705 1459 779 δεσμοῖς
1491 705 1564 769 εἷς
1610 705 1698 761 τὸν
1731 708 1879 760 οἷκον

1975 708 2273 762 cunctatus
2294 699 2435 761 fecit
2456 699 2610 780 quod
2633 697 2962 777 jubebatur
2996 720 3010 761 :
3039 707 3251 761 etcum
3278 716 3490 761 omnes
3513 700 3613 781 qui

240 799 402 853 αὐτοῦ
444 795 682 872 ἀγαγὼν,
744 806 862 857 τοῖς
907 792 1089 849 ἐκεῖσὲ
1142 800 1475 872 Χριστιανοῖς
1516 790 1876 871 ἐγκατέμιξεν,

1975 802 2133 852 erant
2163 791 2222 851 in
2256 789 2505 850 vinculis
2528 788 2800 852 duxisset
2823 794 2883 848 in
2908 787 3152 850 domum
3179 789 3607 865 suam,admis-

238 883 307 942 Οἳ
369 886 505 961 παρὰ
557 891 650 941 τοῦ
693 883 951 962 μακαρίου
1008 881 1365 940 Σεϐαστιανοῦ
1421 884 1512 940 τὸν
1582 880 1743 961 λόγον
1795 880 1877 938 δι-

1975 883 2084 942 cuit
2108 879 2180 941 iis
2205 880 2304 960 qui
2326 878 2449 940 illic
2475 886 2643 941 erant
2664 878 3035 940 Christianis.
3071 876 3339 950 Quicum
3384 877 3608 942 abeato

240 967 525 1050 δαχθέντες
580 977 681 1039 τῆς
737 969 1003 1035 εὐσεϐείας
1062 972 1501 1049 προεκαθαίροντο
1564 973 1637 1036 εἷς
1680 970 1878 1028 ὑποδο-

1975 973 2292 1031 Sebastiano
2323 972 2653 1029 didicissent
2674 972 2908 1029 Verbum
2937 973 3209 1038 veritatis,
3236 973 3343 1043 ipsi
3374 971 3611 1044 quidem

246 1060 353 1139 χὴν
410 1068 501 1118 τοῦ
550 1062 942 1139 βαπτίσματος.
1007 1062 1316 1140 Χρωμάτιος
1373 1059 1427 1117 δὲ
1476 1063 1504 1117 6
1542 1066 1640 1128 τῆς
1672 1059 1879 1121 πόλεως

1975 1057 2209 1138 iejuniis
2234 1065 2511 1120 vacantes
2542 1064 2602 1118 et
2632 1054 2939 1136 precibus,
2974 1054 3506 1135 praepurgabantur
3533 1056 3609 1118 ad

247 1149 511 1230 ἔπαρχος,
568 1153 734 1207 ταῦτα
792 1152 972 1226 μαθὼν
1004 1197 1022 1228 ,
1079 1152 1171 1206 σὺν
1214 1152 1348 1228 ὀργῇ
1394 1148 1599 1207 κελεύει
1648 1147 1884 1223 Κλαυδίῳ

1975 1154 2398 1222 suscipiendum
2422 1148 2942 1221 baptismum.Cum
2966 1154 3157 1207 autem
3182 1149 3479 1220 praefectus
3507 1164 3609 1207 ur-

249 1241 668 1317 Κομενταρησίῳ
724 1240 938 1319 ταχέως
1010 1241 1101 1296 τὸν
1173 1243 1532 1318 Νικτῖστρατον
1615 1239 1882 1318 ἀγαγεῖν,

1975 1235 2064 1297 bis
2096 1235 2472 1298 Chromatius
2501 1234 2831 1297 audivisset
2861 1250 3071 1295 omnes
3102 1251 3235 1294 reos
3280 1253 3314 1293 a
3360 1233 3610 1295 vinculis

244 1330 335 1384 καὶ
390 1327 608 1408 ἀχθέντι
651 1327 795 1406 λέγει
854 1331 996 1405 αὐτῷ
1031 1345 1044 1358 ’
1108 1329 1224 1387 Ἵνα
1289 1331 1360 1403 τί,
1408 1330 1591 1386 ἀνοσία
1651 1327 1883 1408 κεφαλὴ,

1975 1325 2194 1387 laxatos
2221 1325 2443 1387 versari
2465 1326 2525 1385 in
2549 1325 2725 1386 domo
2756 1321 3097 1397 Nicostrati,
3132 1322 3338 1384 dolore
3361 1323 3608 1386 affectus

244 1418 372 1481 τοὶς
416 1418 471 1473 ἐν
531 1416 920 1498 δεσμωτηρίοις
964 1419 1164 1484 πάντας
1221 1421 1276 1475 ἐν
1334 1425 1409 1492 τῷ
1454 1425 1531 1493 σῷ
1573 1417 1710 1493 οἴκῳ
1759 1440 1885 1474 συν-

1975 1414 2139 1494 iubet
2158 1414 2405 1476 Claudio
2431 1412 2974 1476 Commentariensi
2995 1430 3128 1473 eum
3162 1411 3458 1474 adducere
3481 1431 3609 1474 ma-

244 1507 554 1584 ἧθροισας;
612 1505 673 1565 ’0
727 1505 783 1563 δὲ
826 1508 1284 1588 παρακροΰσασθαι
1343 1508 1476 1572 τέως
1553 1511 1708 1567 αὐτὸν
1758 1511 1889 1586 βου-

1975 1522 2087 1583 gna
2127 1504 2458 1566 celeritate.
2493 1501 2606 1575 Qui
2637 1521 2770 1564 cum
2801 1502 3009 1563 fuisset
3055 1500 3348 1563 adductus
3390 1502 3516 1564 haec
3553 1501 3610 1564 ei

247 1593 506 1672 λόμενος,
553 1595 690 1652 οὕτω
750 1604 1018 1677 νουνεχῶς
1050 1598 1430 1677 ἀποκρίνεται·
1496 1601 1568 1657 Οὐ
1613 1620 1886 1678 καταφρο-

1975 1593 2158 1658 dicit:
2198 1593 2337 1669 Cur,
2374 1612 2407 1654 o
2436 1600 2614 1673 caput
2643 1591 3029 1672 impium,eos
3065 1591 3166 1671 qui
3198 1591 3451 1653 erantin
3472 1609 3609 1653 car-

248 1687 382 1761 νών,
425 1686 470 1743 ὦ
520 1684 765 1762 δικαστὰ,
819 1689 919 1754 τῆς
966 1693 1067 1754 σῆς
1099 1687 1330 1753 ἐξουσίας
1361 1689 1434 1750 εἰς
1493 1696 1646 1746 τοῦτο
1700 1687 1884 1763 ἦλθον,

1975 1681 2212 1744 ceribus
2234 1681 2586 1762 congregari
2607 1681 2800 1743 fecisti
2825 1680 2987 1743 domi
3020 1688 3134 1743 tuae
3156 1678 3308 1743 ?Ille
3335 1699 3469 1744 vero
3502 1698 3610 1742 vo-

246 1773 389 1831 ἆλλὰ
447 1777 660 1846 μείζονα
702 1782 1048 1854 Χριστιανοῖς
1106 1776 1378 1835 ἐπιτείνων
1425 1779 1516 1834 τὸν
1564 1775 1749 1857 φόϐον,
1795 1777 1888 1833 ’ἱνα

1975 1772 2102 1835 lens
2136 1771 2374 1834 interim
2407 1790 2541 1833 eum
2575 1770 2878 1852 decipere,
2912 1769 3212 1850 sapienter
3240 1769 3326 1832 sic
3354 1788 3610 1851 respon-

245 1864 344 1928 τάς
398 1865 772 1942 ἒπηρτημένας
803 1870 986 1930 αὐτοῖς
1043 1867 1302 1943 βασάνους
1360 1867 1414 1923 ἐν
1472 1866 1886 1945 ἑτέροις.ὂρῶν-

1975 1862 2056 1923 dit
2092 1883 2105 1924 :
2142 1860 2270 1923 Non
2304 1871 2491 1942 tuam,
2523 1879 2557 1922 ο
2589 1860 2796 1940 judex,
2830 1859 3167 1940 despiciens
3222 1867 3605 1941 potestatem;

245 1973 337 2019 τες
389 1966 504 2019 τοῖς
559 1960 666 2011 τῶν
722 1954 984 2032 βασιλέων
1045 1959 1298 2013 πεισθῶσι
1377 1957 1714 2030 θεσπίσμασι.
1777 1962 1886 2022 Τῆς

1975 1956 2099 2025 quis
2122 1957 2274 2013 enim
2306 1965 2463 2012 tanta
2487 1963 2636 2012 esset
2657 1953 2892 2011 audacia
2919 1954 2944 2008 τ
2976 1953 3073 2009 sed
3106 1953 3408 2011 intendens
3447 1952 3611 2010 Chrio

247 2042 484 2108 ἐπινοίας
540 2046 710 2099 τοίνυν
780 2045 1053 2117 θαυμάσας
1114 2048 1270 2104 αὐτὸν
1342 2046 1370 2101 ὃ
1432 2044 1693 2124 ἔπαρχος,
1743 2044 1891 2101 οῧπω

1975 2040 2179 2103 stianis
2200 2040 2488 2120 majorem
2523 2047 2744 2101 metum
2778 2038 3199 2119 supplicii,hoc
3220 2055 3356 2100 cum
3379 2056 3617 2116 aggres-

245 2131 351 2209 γὰρ
382 2132 481 2199 τὴν
525 2132 736 2200 ἀπάτην
796 2134 978 2208 συνίει,
1040 2136 1169 2213 πρὸς
1213 2137 1303 2190 τὸν
1348 2134 1502 2191 οἶκον
1560 2135 1768 2191 ἀπιέναι
1802 2155 1891 2190 ιε-

1975 2149 2074 2191 sus
2108 2152 2121 2189 :
2155 2139 2219 2191 ut
2247 2148 2378 2210 quae
2412 2128 2498 2191 eis
2546 2127 2939 2190 imminebant
3000 2136 3292 2190 tormenta
3347 2128 3615 2191 videntes

247 2220 392 2278 λεύει
426 2243 440 2256 ·
473 2221 535 2280 Ὀ
566 2221 620 2277 δὲ
655 2222 890 2297 Κλαυδίῳ
924 2226 1339 2299 Κομενταρησίῳ
1389 2222 1575 2279 οἴκαδε
1622 2224 1889 2280 συναπιὼν

1975 2221 2031 2281 in
2064 2219 2222 2294 aliis,
2262 2218 2676 2292 extimescant,
2711 2226 2768 2279 et
2797 2227 3040 2297 parcant
3070 2217 3330 2278 decretis
3358 2217 3614 2298 impera-

248 2310 495 2389 διηγεῖτο
536 2315 596 2368 τὸ
638 2320 729 2369 τοῦ
774 2315 1033 2392 μακαρίου
1077 2311 1435 2370 Σεϐαστιανοῦ
1495 2313 1758 2392 φιλόθεον,
1803 2313 1891 2368 καὶ

251 2400 401 2464 ὅπως
453 2402 517 2457 τὰ
558 2401 785 2480 μέγιστα
839 2404 983 2480 παρὰ
1064 2416 1183 2467 τοῖς
1267 2402 1542 2479 βασιλεῦσι
1605 2400 1889 2475 δυνάμενος

254 2488 480 2567 παρεῖδε
522 2491 609 2548 καὶ
661 2490 814 2557 δόξαν
873 2494 956 2549 χοὶ
999 2491 1228 2549 πλοῦτον
1288 2495 1382 2548 καὶ
1426 2490 1756 2569 δυναστείαν,
1807 2491 1893 2546 οιαὶ

259 2585 348 2634 νῦν
390 2578 590 2635 σύνεστι
646 2588 1005 2658 Χριστιανοῖς,
1055 2580 1314 2637 διδάσκων
1360 2581 1547 2644 αὐτοὺς
1605 2581 1706 2647 τὴν
1737 2579 1891 2636 εὗσέ-

255 2663 406 2722 ϐειαν
458 2669 546 2725 καὶ
598 2671 689 2726 τὸν
738 2668 897 2749 λόγον
942 2672 1042 2738 τὴς
1101 2670 1349 2738 ἀληθείας
1393 2668 1707 2747 παραδόξοις
1764 2669 1893 2726 θαύ-

256 2777 390 2831 μασι
418 2754 669 2833 βεϐαιῶν.

1976 2322 2193 2373 torum.
2227 2309 2373 2386 Ejus
2405 2308 2601 2388 itaque
2625 2305 2873 2384 'ingenii
2923 2306 3225 2368 solertiam
3286 2306 3612 2370 admiratus

1975 2398 2288 2479 praefectus
2320 2397 2506 2471 urbis,
2544 2396 2813 2458 fraudem
2867 2396 3025 2458 enim
3078 2415 3195 2458 non
3248 2395 3615 2474 intelligebat

1969 2488 2146 2567 jussit
2169 2486 2367 2550 redire
2394 2486 2660 2547 domum.
2689 2482 2795 2545 Ille
2817 2491 3014 2545 autem
3042 2486 3283 2546 domum
3305 2494 3614 2547 revertens

1974 2577 2149 2639 simul
2182 2595 2315 2638 cum
2379 2573 2626 2637 Claudio
2677 2572 3237 2649 Commentariensi,
3273 2574 3529 2637 narravit
3556 2573 3613 2637 ei

1977 2667 2254 2746 pietatem
2285 2665 2440 2726 beati
2458 2662 2793 2725 Sebastiani
2816 2663 3077 2743 :etquod
3101 2681 3234 2724 cum
3259 2670 3417 2725 esset
3436 2673 3613 2725 notus

1975 2755 2434 2835 imperatoribus
2458 2761 2521 2814 et
2544 2754 2596 2813 ei
2619 2753 2690 2814 ab
2714 2752 2835 2815 illis
2860 2753 3109 2814 maxima
3129 2751 3447 2815 haberetur
3466 2752 3613 2814 ﬁdes

251 2849 602 2929 despexerit
651 2851 923 2930 gloriam,
958 2860 1015 2914 et
1044 2870 1210 2933 opes,
1244 2860 1302 2914 et
1333 2850 1683 2933 potentiam,
1718 2857 1777 2913 et
1806 2868 1964 2912 nunc
2012 2857 2284 2911 versetur
2312 2867 2446 2910 cum
2477 2848 2850 2923 Christianis,
2884 2866 2986 2909 eos
3017 2848 3338 2910 exhortans
3369 2866 3386 2928 ;
3420 2855 3482 2910 et
3526 2846 3616 2909 eis

252 2938 523 3000 animum
569 2940 796 3003 addens
827 2941 901 3003 ad
936 2940 1237 3022 pietatem,
1268 2948 1328 3003 et
1356 2940 1540 3021 signis
1567 2958 1701 3019 quae
1751 2948 1887 3002 sunt
1917 2945 2123 3001 contra
2152 2937 2518 3018 opinionem,
2549 2945 2607 2999 et
2637 2936 2942 3000 miraculis
2978 2935 3223 2999 verbum
3255 2934 3615 2999 conﬁrmem

249 3028 536 3093 veritatis.

335 3125 423 3185 ϐ’.
475 3124 684 3184 Τούτων
727 3126 955 3189 ἀκούσας
1009 3129 1034 3184 6
1069 3124 1326 3191 Κλαύδιος
1357 3123 1613 3202 δρομαῖος
1642 3124 1887 3206 ἂφικνεῖ-
1911 3138 1951 3188 C

253 3238 342 3273 ται
384 3217 514 3293 πρὸς
571 3215 670 3282 τὴν
715 3216 905 3295 οἰκίαν,
959 3217 1046 3275 καὶ
1087 3217 1209 3280 τοὺς
1269 3213 1357 3273 δύο
1414 3212 1591 3273 λαϐὼν
1617 3216 1782 3290 υἱοὺς,
1816 3216 1891 3273 ὧν

255 3307 285 3362 6
338 3304 435 3380 μὲν
491 3307 754 3381 νοσήματι
814 3306 1047 3387 χαλεπῷ
1089 3308 1149 3363 τὸ
1210 3315 1305 3365 τοῦ
1359 3303 1594 3385 ὕδρωπος
1625 3306 1893 3381 προσεπά-

254 3393 428 3473 λαιεν,
465 3396 492 3450 6
549 3392 601 3450 δὲ
655 3395 778 3460 ὅλος
823 3397 1147 3477 τραυματίας
1190 3394 1256 3463 ἧν
1313 3398 1400 3453 καὶ
1459 3394 1887 3473 λελεπρωμένος,

255 3481 383 3552 ἦλθε
438 3485 567 3561 πρὸς
627 3485 1008 3566 Νικόστρατον,
1067 3483 1189 3542 ἔνθα
1256 3485 1392 3553 ἦσαν
1435 3485 1522 3543 καὶ
1565 3485 1733 3562 ἅγιοι,
1804 3488 1892 3542 ναὶ

249 3573 428 3630 πεσὼν
487 3575 560 3638 εἰς
610 3580 712 3651 γῆν
769 3577 1077 3654 προσεκύνει
1133 3575 1327 3639 ἀὐτοὺς
1354 3622 1369 3648 ,
1434 3573 1712 3651 ὁμολογῶν
1790 3577 1889 3643 τὴν

250 3661 519 3720 εὐσέϐειαν
589 3666 676 3720 καὶ
733 3670 838 3722 τῶν
896 3668 1020 3722 υἱῶν
1098 3665 1378 3744 θεραπείαν
1443 3664 1733 3734 ἐπιζητῶν,
1795 3664 1889 3727 Ὠς

248 3754 340 3809 οὖν
398 3750 540 3808 ἅπαν
596 3753 658 3809 τὸ
702 3753 913 3830 οἴκημα
955 3751 1154 3832 ἀνδρῶν
1226 3755 1313 3811 καὶ
1364 3758 1625 3831 γυναικῶν
1686 3751 1890 3830 πλῆρες

249 3842 318 3910 ἦν
370 3841 477 3899 τῶν
527 3840 822 3919 δεξαμένων
852 3842 940 3900 τὸν
984 3842 1144 3922 λόγον
1174 3849 1274 3911 τῆς
1328 3843 1579 3921 πίστεως,
1614 3839 1890 3919 Πολύκαρ-

250 3931 354 3995 πός
411 3953 494 3996 τις
550 3932 683 4010 ἀνὴρ
726 3930 946 4001 εὐσεϐὴς
1006 3935 1094 3990 καὶ
1151 3930 1499 4013 πρεσϐύτερος
1540 3932 1636 4000 τὴν
1689 3934 1890 4009 ἱερατι-

250 4022 354 4087 κήν
407 4018 608 4088 στολὴν
663 4021 1011 4098 ἐνδυσάμενος
1069 4023 1156 4079 καὶ
1228 4023 1323 4087 τὰς
1374 4022 1614 4091 συνήθεις
1672 4018 1891 4085 τελέσας

249 4110 419 4188 εὐχὰς
473 4117 551 4185 τῷ
594 4112 715 4186 θείῳ
754 4113 958 4176 πάντας
1016 4112 1348 4189 βαπτίσματι
1418 4109 1643 4168 τελειοῖο
1702 4110 1818 4186 μεθ’
1863 4110 1892 4165 ὃ

247 4200 371 4264 τοὺς
430 4199 485 4255 ἐν
568 4200 856 4266 ἀσθενείαις
938 4200 1344 4278 ἐξεταζομένους
1419 4200 1484 4269 ἦν
1541 4199 1673 4258 ἰδεῖν
1731 4200 1891 4279 ῥῶσιν

241 4287 508 4355 λαϐόντας
538 4294 626 4349 καὶ
672 4290 940 4362 ἀλλήλους
971 4294 1103 4372 πρὸς
1147 4294 1244 4361 τὴν
1279 4291 1500 4359 ἄθλησιν
1544 4292 1889 4372 παραθήγον-

240 4401 367 4443 τας.
419 4380 578 4438 Ἐπεῖ
630 4379 686 4438 δὲ
737 4383 765 4437 ὃ
808 4378 972 4446 δοθεὶς
1023 4386 1205 4446 αὐτοῖς
1265 4383 1440 4459 καιρὸς
1483 4381 1578 4449 τῆς
1623 4378 1889 4447 ἀναϐολῆς

242 4465 556 4547 διέρῤευσεν,
617 4473 644 4527 6
700 4471 941 4550 ἔπαρχος
1023 4469 1387 4550 Τραγκυλῖνον
1445 4469 1890 4547 μετακαλεσάμε-

241 4580 333 4621 νος
377 4561 470 4615 τὸν
516 4560 876 4636 Μαρκελλίνου
919 4561 1009 4617 καὶ
1043 4563 1255 4639 Μάρκου
1308 4560 1538 4639 πατέρα,
1597 4560 1746 4618 οὕπω
1789 4561 1889 4639 γὰρ

244 4649 365 4727 ᾔδει
409 4651 491 4708 ὅτι
538 4652 787 4719 ιιᾶκεῖνος
834 4654 1150 4723 Χριστιανός
1202 4652 1335 4728 ἐστι,
1371 4652 1516 4733 λέγει
1569 4653 1732 4727 αὒτῴ-
1769 4651 1891 4709 ’Ἔτι

249 4742 298 4798 οἱ
353 4741 457 4798 υἱοί
493 4762 586 4799 σου
644 4742 920 4800 ἀπειθοῦσι
973 4743 1120 4800 θύσαι
1164 4754 1279 4808 τοῖς
1322 4746 1464 4804 θεοῖς
1502 4760 1518 4818 ;
1561 4744 1621 4801 Ὃ
1656 4741 1710 4799 δὲ
1759 4743 1890 4819 πρὸς

251 4832 435 4899 αὐτὸν,
463 4830 750 4913 Μακάριοι,
783 4836 961 4913 εἶπεν,
1022 4833 1221 4890 ἐκεῖνοι
1277 4834 1377 4899 τῆς
1433 4832 1687 4898 τοιαύτης
1744 4832 1891 4910 γνώο

252 4942 387 4994 μης,
448 4918 530 4977 ὅτι
585 4924 685 4989 ταῖς
737 4920 946 4990 πλάνης
1005 4920 1426 5000 ἀπαλλαγέντες,
1484 4921 1584 4989 τὴν
1640 4918 1891 4991 ἀλήθειαν

252 5007 518 5089 ἔγνωσαν,
550 5009 690 5085 κάμὲ
732 5012 864 5090 πρὸς
921 5012 1118 5078 ταύτην
1171 5009 1484 5090 ὠδήγησαν,
1530 5011 1593 5069 ’0
1650 5011 1889 5089 ἔπαρχος

248 5098 433 5156 εἶπεν·
469 5097 675 5164 ’Ὄντως
723 5097 789 5168 δὴ
839 5101 928 5158 καὶ
969 5102 1130 5166 αὐτὸς
1184 5098 1488 5168 ἡλλοιώθης
1544 5100 1640 5164 τὰς
1698 5099 1889 5179 φρένας

246 5187 434 5267 λόγοις
494 5188 798 5257 ἀπατηλοῖς
872 5191 1006 5270 πρὸς
1089 5192 1185 5259 τήν
1271 5188 1632 5265 κακοδαίμονα
1692 5189 1888 5256 ταύτην

244 5276 532 5356 θρησκείαν
590 5277 957 5358 μεταϐαλὼνς
1018 5280 1114 5339 Καὶ
1170 5281 1198 5335 ὁ
1270 5278 1661 5358 Τρσγκυλῖνος,
1715 5281 1887 5358 Εἶχον

246 5368 369 5443 μὲν,
406 5368 558 5447 φησὶ,
592 5370 680 5425 καὶ
710 5370 865 5435 αὐτός
917 5392 1046 5427 ποτε
1105 5368 1242 5426 οὕτω
1288 5368 1534 5449 γνώμης,
1567 5371 1613 5423 ὦ
1642 5367 1882 5436 δικαστὰ,

246 5457 334 5514 καὶ
391 5459 738 5534 Χριστιανοὺς
801 5458 1100 5517 ἀπατᾶσθαι
1175 5458 1416 5535 ἐνόμιζον
1450 5477 1465 5492 ⁸
1524 5457 1646 5515 ἐπεὶ
1709 5455 1762 5513 δὲ
1810 5464 1887 5533 τῷ

246 5545 474 5625 γενναίῳ
549 5545 803 5627 ἐνέτυχον
879 5546 1219 5621 Σεϐαστιανῷ
1273 5545 1417 5627 ἀνδρὶ
1473 5559 1755 5628 περιφανεῖ
1801 5548 1886 5605 οιαὶ

246 5633 547 5719 προσφιλεῖ
618 5650 737 5704 τοῖς
796 5647 1071 5722 κρατοῦσι,
1128 5636 1254 5715 παρ’
1334 5640 1493 5700 αὖτοῧ
1553 5659 1611 5697 τε
1666 5637 1732 5695 τὰ
1787 5644 1885 5708 τῆς

2054 3122 2297 3185 ΙΧ.Ηωο
2320 3140 2452 3185 cum
2477 3120 2799 3184 audivisset
2820 3119 3102 3185 Claudius
3125 3126 3184 3181 et
3203 3127 3613 3184 essetconsau-

1976 3214 2164 3277 ciatus
2199 3211 2424 3276 Christi
2456 3210 2786 3288 desiderio,
2818 3209 3039 3274 cursim
3074 3208 3316 3272 domum
3340 3211 3523 3290 venit,
3552 3219 3616 3273 et

1976 3305 2210 3368 duobus
2266 3306 2527 3385 acceptis
2584 3303 2745 3379 ﬁliis,
2799 3321 2868 3366 ex
2924 3301 3136 3384 quibus
3194 3301 3344 3364 alter
3372 3302 3615 3384 quidem

1976 3393 2423 3459 conflictabatur
2479 3411 2614 3456 cum
2672 3392 2834 3473 gravi
2866 3391 3073 3455 morbo
3106 3391 3409 3473 hydropis,
3456 3392 3614 3455 alter

1974 3495 2172 3548 autem
2198 3493 2330 3548 erat
2348 3491 2504 3548 totus
2527 3484 2836 3545 ulcerosus
2866 3491 2926 3545 et
2954 3483 3251 3562 leprosus,
3276 3482 3508 3544 accedit
3533 3481 3611 3543 ad

1972 3576 2370 3637 Nicostratum
2422 3573 2578 3653 apud
2634 3591 2813 3654 quem
2873 3580 3041 3634 erant
3089 3574 3322 3646 sancti;
3373 3579 3431 3632 et
3473 3587 3611 3632 cum

1974 3664 2293 3725 cecidisset
2351 3664 2412 3723 in
2455 3670 2698 3742 terram,
2752 3660 3037 3722 adorabat
3088 3661 3272 3740 ipsos,
3323 3658 3615 3722 conﬁtens

1975 3752 2282 3833 pietatem,
2315 3758 2374 3814 et
2408 3760 2620 3832 petens
2651 3760 2713 3811 ut
2755 3756 3104 3812 curarentur
3131 3747 3261 3811 ﬁlii.
3296 3747 3441 3810 Cum
3472 3765 3612 3827 ergo

1976 3850 2096 3904 tota
2115 3841 2329 3902 domus
2347 3849 2502 3902 esset
2526 3840 2702 3920 plena
2723 3838 2866 3901 viris
2891 3847 2947 3900 et
2969 3836 3449 3919 mulieribus,qui
3469 3856 3607 3899 ver-

1974 3930 2114 3992 bum
2140 3928 2279 3991 ﬁdei
2296 3928 2955 4009 susceperant,quidam
2974 3927 3327 4009 Polycarpus
3350 3926 3606 4009 virpius,

1975 4029 2034 4083 et
2055 4019 2492 4102 presbyteratus
2513 4018 2857 4097 dignitatem
2880 4025 3215 4093 assecutus,
3246 4016 3401 4079 stola
3420 4034 3617 4080 sacer-

1974 4111 2156 4173 dotali
2185 4108 2452 4189 indutus,
2486 4108 2741 4189 peractis
2771 4106 3074 4170 consuetis
3127 4106 3431 4187 precibus,
3467 4125 3613 4188 per-

1973 4200 2095 4263 ﬁcit
2119 4217 2329 4262 omnes
2358 4199 2557 4260 divino
2588 4197 2965 4278 baptismate.
2997 4194 3315 4276 Postquam
3347 4214 3481 4259 cum
3513 4197 3618 4276 qui

1975 4288 2184 4351 morbo
2216 4287 2564 4351 laborabant
2593 4288 2906 4349 sanitatem
2944 4292 3428 4367 recuperassent,
3460 4291 3520 4347 et
3547 4303 3614 4347 se

1972 4378 2227 4442 invicem
2285 4378 2741 4441 exhortarentur
2795 4378 2868 4439 ad
2934 4373 3317 4457 suscipienda
3379 4373 3615 4436 fortiter

1973 4469 2604 4550 certamina,quoniam
2640 4467 3108 4549 praeterfluxerat
3134 4465 3294 4546 quod
3324 4464 3381 4527 ei
3407 4464 3613 4527 datum

1913 4552 1955 4603 ο
1973 4560 2168 4623 fuerat
2188 4568 2424 4638 tempus
2448 4558 3100 4638 dilationis,prtefectus
3124 4552 3613 4618 accersitoTran-

1975 4649 2228 4727 quillino
2260 4659 2425 4731 patre
2454 4648 2786 4710 Marcellini
2834 4655 2892 4708 et
2919 4645 3120 4726 Marci,
3157 4644 3423 4708 nondum
3453 4645 3613 4707 enim

1975 4738 2201 4801 sciebat
2220 4740 2383 4801 illum
2406 4737 2758 4816 religionem
2782 4744 2990 4798 tenere
3011 4735 3404 4799 Christianam
3420 4733 3613 4814 ejecto

1975 4831 2138 4890 cultu
2166 4827 2648 4901 simulacrorum,
2682 4825 2825 4886 dicit
2865 4822 2921 4885 ei
2958 4843 2972 4886 ;
3029 4823 3321 4886 Adhucne
3368 4822 3453 4885 tui
3504 4821 3614 4883 ﬁlii

1973 4925 2251 4980 recusant
2280 4916 2356 4977 iis
2380 4914 2717 4977 sacriﬁcare
2748 4920 3204 4975 contemnentes
3226 4913 3395 4990 jussa
3416 4913 3611 4991 impe-

1974 5013 2268 5070 ratorum?
2290 5010 2392 5067 Ille
2414 5024 2547 5066 vero
2571 5007 3094 5077 dixit,respondens
3123 5022 3136 5057 :
3164 5006 3321 5064 Beati
3344 5004 3613 5076 illi,quod

1974 5096 2094 5160 sint
2121 5098 2183 5158 in
2216 5096 2325 5158 hac
2353 5093 2676 5170 sententia,
2711 5101 2768 5155 et
2817 5092 2889 5154 ab
2921 5109 3127 5154 errore
3155 5090 3389 5152 liberati
3421 5090 3610 5169 ipsam

1970 5186 2313 5266 agnoverint
2342 5185 2679 5258 veritatem,
2715 5190 2773 5245 et
2811 5182 2902 5243 vix
2935 5200 3028 5244 me
3059 5180 3297 5243 tandem
3349 5179 3424 5241 ad
3471 5197 3605 5241 eam

1971 5272 2518 5340 deduxerint.Dixit
2542 5272 2858 5354 praefectus
2882 5269 3078 5333 urbis:
3104 5268 3258 5348 Ergo
3283 5277 3345 5331 tu
3369 5286 3608 5350 quoque

1969 5384 2176 5428 revera
2236 5365 2578 5427 immutatus
2636 5382 2671 5425 a
2726 5371 2927 5425 mente
2986 5358 3357 5433 discessisti,
3411 5357 3608 5420 verbis

1969 5454 2224 5518 credens
2257 5453 2590 5534 fallacibus,
2623 5463 2683 5516 et
2703 5452 2775 5515 ad
2804 5454 2954 5515 hanc
2976 5449 3277 5523 infelicem
3303 5448 3606 5512 traductus

1967 5544 2316 5624 religionem
2337 5543 2367 5605 ‘2
2387 5542 2540 5606 Dixit
2562 5542 3030 5624 Tranquillinus:
3046 5538 3221 5602 Eram
3243 5556 3351 5619 ego
3371 5556 3610 5620 quoque

1967 5633 2288 5719 aliquando
2319 5633 2381 5697 in
2411 5634 2521 5698 hac
2550 5632 2847 5699 sententia
2875 5652 2908 5696 ο
2933 5630 3144 5715 judex,
3193 5637 3255 5694 et
3309 5628 3411 5712 qui
3456 5625 3608 5692 reli-
