4022 6146
460 301 577 380 803

1623 309 2008 375 ΑΒΒΕΝΒΑ.
2076 344 2146 355 -
2212 303 2662 376 JANUARIUS.

3695 303 3792 377 804

467 445 702 523 gionem
726 445 1108 509 sectabantur
1123 440 1512 506 Christianam
1536 438 1864 502 arbitrabar
1881 440 2100 521 decipi,

2188 443 2411 509 πίστεως
2468 443 2632 522 ἔγνων
2676 446 2748 506 ὡς
2804 444 2973 518 σεμνά
3036 464 3153 500 τινα
3213 445 3300 500 καὶ
3358 443 3635 524 σεϐάσμια,
3691 445 3794 501 ἀλλ’

467 546 520 593 et
544 554 656 596 non
691 555 811 596 esse
843 554 992 597 sanze
1025 537 1249 593 mentis.
1279 535 1579 606 Postquam
1605 543 1792 590 autem
1808 535 2101 605 egregium

465 624 722 684 conveni
755 619 1396 694 Sehastianum,virum
1432 617 1750 696 insignem,
1776 625 1832 676 et
1867 617 1964 696 qui
1989 625 2098 691 est,

461 721 523 770 ut
549 714 679 778 scis,
709 729 918 787 magno
940 713 1126 770 studio
1148 710 1672 781 imporatoribus,et
1697 709 1767 765 ab
1788 710 1908 778 ipso
1933 708 2101 766 didici

465 817 641 878 quam
675 801 749 860 sit
780 802 1028 861 honesta
1086 805 1142 858 et
1203 795 1542 856 veneranda
1597 793 1768 867 fides,
1802 800 1859 854 et
1890 811 2008 854 non
2039 803 2104 854 ut

464 895 666 950 nostra
698 887 1062 969 superstitio,
1095 884 1334 946 sordida
1365 892 1421 946 et
1453 884 1677 958 odiosa,
1708 883 1887 943 didici
1915 901 2101 964 expe-

461 977 676 1037 rientia
707 996 882 1058 quem
941 979 1125 1038 Deum
1177 973 1376 1034 colere
1437 980 1726 1053 oporteat.
1779 970 1965 1042 Quem
2001 974 2102 1052 qui

459 1063 752 1142 ignorant,
787 1069 832 1127 si
865 1066 949 1126 fas
981 1069 1056 1125 sit
1085 1064 1311 1138 dicere,
1346 1071 1484 1124 sunt
1537 1070 1778 1142 propter
1835 1079 2100 1123 errorem

459 1154 857 1225 miserabiles,
895 1162 954 1217 et
982 1173 1050 1216 eo
1085 1153 1271 1231 magis
1295 1152 1454 1232 quod
1489 1152 1603 1212 sibi
1635 1150 1948 1212 videantur
1969 1169 2102 1212 esse

455 1245 752 1324 sani,cum
777 1264 895 1306 non
922 1245 1043 1305 sint
1063 1243 1192 1304 sani
1237 1241 1535 1303 sensibus.
1563 1240 1716 1302 Dixit
1745 1239 1912 1300 urbis
1945 1258 2101 1320 prae-

459 1332 686 1394 fectus:
714 1333 1209 1413 Dic,quibusnam
1239 1329 1434 1391 verbis
1457 1328 1710 1390 credens
1733 1335 1833 1389 aut
1853 1327 2018 1389 factis
2039 1346 2104 1389 es

460 1420 610 1482 adeo
644 1429 924 1502 mutatus,
960 1429 1019 1482 ut
1049 1439 1185 1482 eum
1238 1437 1342 1499 pro
1399 1421 1518 1480 Deo
1551 1417 1770 1479 habeas
1803 1417 1904 1498 qui
1937 1426 2102 1480 actus

457 1511 568 1570 fuit
599 1511 659 1572 in
693 1530 960 1584 crucem,
995 1517 1051 1569 ct
1078 1509 1194 1571 alia
1224 1525 1436 1588 passus
1475 1516 1562 1569 est
1593 1507 1767 1588 plena
1797 1507 2014 1588 probro
2048 1518 2106 1572 et

2185 537 2288 613 οὔχ
2331 539 2421 590 οἷα
2480 535 2546 590 τὰ
2588 533 2837 610 ὑμέτερα,
2899 534 3104 611 ῥυπαρά
3148 555 3203 589 τε
3248 536 3334 590 καὶ
3393 534 3620 610 ἔμμυσα,
3664 536 3797 608 πείρᾳ

2185 624 2471 698 μεμάθηκα
2513 625 2627 681 τίνα
2670 621 2754 680 δεῖ
2785 621 2956 680 σέϐειν
3001 625 3154 702 Θεὸν,
3187 624 3244 680 ὃν
3293 626 3342 680 οἱ
3395 624 3713 701 ἀγνοοῦντες,
3761 625 3798 680 εἰ

2185 713 2261 788 μὴ
2314 712 2583 790 τολμηρὸν
2614 713 2812 782 εἰπεῖν,
2847 712 3065 769 έλεεινοὶ
3097 717 3191 779 τῆς
3224 712 3460 792 πλάνης,
3493 712 3554 769 Ὀ
3585 711 3798 793 ἔπαρχος

2185 801 2309 859 εἶπε
2341 821 2353 834 ⁸
2415 807 2511 860 Καὶ
2566 803 2669 858 τίσι
2727 801 2909 880 λόγοις
2963 802 2997 871 ἢ
3075 801 3249 880 ἔργοις
3317 801 3628 877 πειθόμειος
3681 802 3800 858 οὕτω

2185 890 2518 966 μετεϐλήθης
2577 893 2650 956 ὡς
2706 894 2789 946 καῖ
2851 898 2967 965 Θεῷ
3039 891 3396 971 προσανέχειν
3444 892 3544 946 ὑπὸ
3603 893 3802 969 σταυρὸν

2184 980 2413 1061 Ιελθόντι,
2471 985 2557 1037 καὶ
2607 978 2776 1036 τᾶλλα
2827 983 3044 1037 παθόντι
3093 981 3160 1036 τὰ
3189 978 3560 1052 ἐπονείδιστα;
3594 989 3801 1058 Τραγκυ-

2185 1069 2335 1134 λῖνος
2382 1071 2538 1126 εἶπεν
2568 1086 2581 1100 ’
2623 1071 2678 1126 Ei
2706 1069 3029 1134 ἀνεξικάκως
3060 1068 3270 1140 ἤκουες,
3309 1068 3355 1124 ὦ
3387 1065 3626 1142 δικαστὰ,
3657 1067 3802 1133 ἔδειξα

2185 1158 2246 1214 ἄν
2303 1181 2384 1216 σοι
2431 1160 2522 1215 τὸν
2565 1158 2962 1238 ἓσταυρωμένον
2991 1166 3175 1215 τοῦτον
3204 1160 3297 1214 τὸν
3331 1158 3464 1214 Θεὸν
3494 1157 3616 1213 ὄντα
3643 1156 3802 1224 ἀληθι-

2186 1249 2274 1302 νὸν
2328 1249 2422 1304 καί
2477 1248 2654 1314 πάσης
2717 1248 2944 1324 ἀοράτου
2989 1249 3074 1303 καὶ
3119 1250 3315 1324 ὁρατῆς
3349 1245 3666 1316 δεσπόζοντα
3706 1247 3799 1303 κτί-

2183 1357 2340 1400 σεως.
2408 1336 2466 1392 Ὀ
2526 1335 2766 1416 ἔπαρχος
2827 1337 2952 1393 εἶπε
2979 1355 2994 1371 ⁸
3055 1337 3200 1392 Μετὰ
3257 1334 3560 1414 παρρησίας
3587 1383 3602 1408 ,
3655 1333 3798 1411 μηδὲν

2185 1423 2634 1500 ὑποστειλάμενος
2679 1426 2878 1504 φράσον
2922 1427 3083 1500 ἡμῖν,
3118 1425 3234 1497 ἵνα,
3269 1425 3313 1480 εἰ
3365 1423 3544 1489 καλῶς
3603 1423 3708 1503 ἒ-(ει
3744 1425 3799 1480 τὰ

2185 1521 2276 1571 τοῦ
2306 1521 2437 1572 Θεοῦ
2475 1537 2590 1590 σου,
2618 1514 3031 1588 κοινωνήσωμέν
3063 1536 3147 1570 σοι
3178 1519 3276 1580 τῆς
3310 1515 3617 1591 θρησκείας.

459 1603 757 1666 dedecore
788 1611 814 1667 ?
867 1604 1026 1667 Dixit
1053 1603 1495 1683 Tranquillinus
1532 1620 1544 1664 :
1603 1603 1665 1665 Si
1698 1621 1814 1662 non
1850 1603 2156 1685 iracunde,
2191 1606 2294 1667 sed
2355 1607 2645 1686 patienter
2673 1613 2731 1667 et
2785 1605 3014 1685 placide
3046 1623 3142 1667 me
3184 1603 3508 1685 audiveris,
3538 1623 3572 1666 ο
3615 1603 3797 1684 iudex,

460 1693 770 1755 ostendam
807 1692 908 1754 tibi
940 1694 1098 1754 hunc
1143 1691 1487 1754 cruciﬁxum
1521 1710 1723 1754 verum
1753 1709 1888 1754 esse
1919 1695 2130 1769 Deum,
2166 1703 2222 1757 et
2263 1697 2448 1759 Deum
2485 1695 2667 1756 totius
2710 1702 2955 1772 naturas,
2996 1702 3110 1756 tam
3147 1713 3278 1776 quae
3309 1707 3399 1756 εει
3429 1693 3796 1774 aspectabilis,

456 1800 635 1862 quam
670 1801 800 1863 quae
851 1801 969 1843 non
1001 1781 1158 1843 cadit
1200 1781 1311 1842 sub
1343 1791 1674 1862 aSpectum.
1710 1779 1866 1842 Dixit
1897 1783 2207 1862 praefectus
2243 1805 2256 1847 :
2290 1783 2396 1847 Dic
2436 1783 2609 1847 nobis
2639 1783 2828 1848 libere
2873 1794 2937 1847 et
2967 1783 3111 1846 nihil
3143 1783 3429 1860 reticens,
3458 1791 3517 1845 et
3545 1783 3595 1845 si
3619 1801 3707 1846 res
3731 1783 3799 1844 tui

454 1870 561 1933 Dei
597 1871 750 1933 bene
783 1889 847 1932 se
877 1870 1156 1948 habeant,
1182 1871 1372 1932 simus
1396 1887 1503 1931 nos
1534 1888 1768 1950 quoque
1799 1871 1943 1932 socii
1976 1878 2093 1933 tuae
2126 1873 2455 1951 religionis.

539 1964 610 2025 X.
636 1965 794 2026 Dixit
819 1963 1268 2046 Tranquillinus
1303 1986 1316 2024 :
1353 1963 1645 2036 Quoniam
1704 1972 1792 2026 est
1824 1963 1969 2026 mihi
2003 1965 2094 2027 fa-

2261 1969 2324 2031 l’.
2357 1968 2720 2046 Τραγκυλῖνος
2776 1968 2931 2024 εἶπεν
2967 1985 2980 1999 ⁸
3015 1969 3078 2027 ’0
3112 1968 3343 2046 Χριστὸς
3386 1969 3562 2041 οὗτος,
3595 1966 3794 2046 ἔπαρχε,

461 2061 554 2115 cta
611 2053 847 2116 dicendi
897 2063 1156 2134 potestas
1187 2073 1221 2115 a
1272 2061 1369 2115 tua
1426 2053 1907 2130 mansuetudine,
1959 2053 2098 2115 audi

461 2143 667 2224 paucis
723 2145 1064 2224 mysterium
1113 2141 1347 2206 consilii
1399 2151 1456 2204 et
1504 2142 1852 2205 mcenomiae
1901 2144 2099 2205 carnis

456 2240 748 2313 suscepta:
781 2251 794 2295 :
831 2241 889 2295 et
917 2234 1073 2295 scies
1103 2233 1372 2308 omnino,
1407 2233 1519 2294 nisi
1560 2232 1709 2294 velis
1753 2231 1948 2294 libens
1979 2251 2100 2294 cm-

458 2323 648 2384 cutire
677 2323 750 2384 ad
782 2323 1108 2398 veritatem,
1143 2322 1371 2384 nullam
1401 2317 1578 2384 aliam
1612 2321 1964 2400 religionem
1993 2340 2095 2384 ca-

453 2428 592 2473 rere
621 2429 828 2474 errore
857 2421 1246 2494 praeterquam
1279 2411 1545 2473 solorum
1594 2409 2095 2473 Christianorum.

455 2496 566 2562 Hic
597 2500 864 2564 Christus
911 2521 1087 2582 quem
1139 2519 1240 2562 vos
1295 2499 1678 2564 insectamini
1737 2499 2096 2576 maledictis,

455 2607 591 2651 cum
626 2599 783 2652 esset
807 2589 971 2652 Deus
1000 2588 1072 2651 ab
1106 2590 1301 2670 initio,
1337 2589 1396 2650 in
1446 2605 1629 2666 quem
1665 2605 1785 2648 non
1815 2587 1972 2649 cadit
1999 2587 2098 2649 in-

455 2679 689 2753 teritus,
723 2687 782 2742 et
811 2679 915 2758 qui
947 2679 1160 2740 mutari
1192 2696 1311 2739 non
1365 2684 1560 2757 potest
1615 2685 1674 2738 et
1726 2675 1987 2752 alterari,
2043 2686 2102 2740 et

457 2773 555 2848 qui
589 2776 679 2830 est
713 2786 954 2848 semper
986 2785 1120 2829 cum
1157 2769 1337 2830 Patre
1369 2775 1428 2828 et
1458 2765 1704 2848 Spiritu,
1732 2772 1791 2827 et
1819 2765 1952 2845 ipse
1980 2785 2103 2827 om-

455 2856 555 2919 nia
589 2856 883 2937 produxit.
920 2857 1186 2919 Primum
1218 2855 1460 2936 quidem
1503 2855 1806 2935 angelicas
1841 2862 2102 2935 potestao

455 2953 546 3007 tes
576 2943 885 3023 caelestes;
920 2944 1139 3006 deinde
1196 2953 1396 3006 autem
1458 2945 1615 3006 hunc
1669 2943 1982 3016 mundum,
2040 2955 2103 3007 et

455 3041 824 3114 postremum
856 3034 1150 3096 inducens
1185 3033 1488 3096 hominem
1528 3052 1540 3094 :
1597 3051 1773 3115 quem
1803 3041 1860 3094 et
1891 3052 2102 3095 manus

453 3141 577 3185 sua;
606 3123 1124 3203 ornateﬁictione,
1158 3132 1217 3185 et
1265 3141 1468 3202 regem
1523 3122 1833 3185 constituit
1891 3141 2099 3185 eorum

453 3230 584 3294 quae
613 3212 834 3274 suntin
864 3223 1026 3275 terra
1059 3230 1072 3272 :
1109 3219 1167 3274 et
1197 3231 1334 3274 cum
1397 3230 1535 3275 eum
1586 3211 1658 3274 ad
1714 3210 2099 3274 habitandum

2182 2060 2239 2114 ὃν
2295 2060 2451 2134 ὑμεῖς
2494 2057 2892 2137 βλασφημεῖτε,
2928 2059 3056 2121 Θεὸς
3087 2059 3162 2114 ὢν
3210 2057 3305 2114 ἀπ’
3359 2058 3539 2137 ἀρχῆς
3571 2057 3796 2136 ἄφθαρτός

2180 2169 2238 2204 τε
2295 2151 2382 2204 καὶ
2431 2147 2800 2222 ἀναλλοίωμος
2854 2149 2942 2204 καὶ
2999 2155 3075 2222 τῷ
3134 2148 3300 2224 Πατρὶ
3361 2147 3698 2226 συνυπάρχων
3722 2148 3793 2202 καὶ

2185 2238 2470 2312 Πνεύματι,
2531 2237 2596 2292 τᾶ
2676 2236 2852 2292 πάντα
2907 2235 3259 2315 παρήγαγεν,
3323 2239 3625 2308 ὑποστήσας
3680 2242 3793 2314 πρῶ·

2181 2348 2271 2384 τον
2310 2327 2408 2403 μὲν
2450 2327 2543 2389 τὰς
2602 2323 2888 2404 ἀγγελικὰς
2942 2323 3189 2402 δυνάμεις
3232 2327 3324 2383 καὶ
3379 2326 3663 2404 οὖρανίους,
3694 2325 3792 2380 εἶτα

2179 2413 2327 2472 τόνδε
2374 2416 2464 2471 τὸν
2521 2414 2791 2494 δρώμενον
2844 2416 3070 2495 κόσμον,
3131 2415 3221 2471 καὶ
3269 2413 3584 2472 τελευταῖον
3607 2415 3690 2470 τὸν
3717 2411 3790 2469 ἄν·

2179 2508 2387 2582 θρωπον
2419 2518 2434 2534 ⁸
2497 2505 2553 2560 ὃν
2608 2505 2694 2560 καὶ
2738 2505 2893 2582 χερσὶ
2949 2502 3269 2584 διαπλάσας,
3327 2503 3552 2581 βασιλέα
3599 2504 3693 2560 τῶν
3724 2501 3790 2558 ἐπὶ

2182 2592 2280 2670 γῆς
2368 2595 2642 2660 καθίστησι
2730 2594 2818 2650 καὶ
2912 2600 2988 2668 τῷ
3072 2590 3381 2670 παραδείσῳ
3459 2592 3785 2672 ἐγκατοικίσας

2185 2680 2386 2738 κελεύει
2446 2681 2655 2738 πάντων
2714 2682 2814 2758 μὲν
2881 2683 3168 2740 ἀπολαύειν
3228 2689 3338 2741 τῶν
3399 2682 3576 2740 ἐκεῖσε
3623 2686 3778 2761 φυτῶν,

2183 2771 2299 2834 ἐνὸς
2357 2770 2412 2826 δὲ
2471 2772 2634 2846 μόνου
2705 2770 3028 2851 ἀπέχεσθαι,
3112 2769 3379 2828 παιδεύων
3458 2771 3610 2828 αὐτὸν
3676 2769 3780 2845 πρὸς

2181 2861 2448 2928 ὑπακοὴν,
2487 2859 2640 2918 Ἀλλ’
2672 2861 2758 2927 εἷς
2793 2868 2900 2919 τῶν
2931 2860 3314 2942 ἀρχαγγέλων,
3357 2867 3460 2930 τῆς
3507 2865 3639 2924 θείας
3663 2856 3784 2923 δόξης

2184 2949 2252 3006 δι’
2310 2949 2551 3028 ἔπαρσιν,
2617 2951 2732 3026 μεθ’
2788 2951 2847 3008 οὗ
2897 2950 3176 3008 ἐπεστάτει
3231 2951 3510 3029 τάγματος
3566 2947 3787 3024 ἐκπεσὼν,

2185 3043 2280 3099 οὒκ
2339 3038 2518 3120 ἔφερεν
2584 3043 2708 3120 ὁρᾷν
2784 3041 2874 3097 τὸν
2948 3039 3218 3119 ἄνθρωπον
3277 3039 3614 3115 ᾡκειωμένον
3673 3042 3784 3108 Θεῷ.

2184 3127 2342 3186 ’Όθεν
2395 3127 2600 3185 ἐλπίσιν
2650 3127 2958 3196 ἂπατηλαῖς
3039 3127 3137 3185 καί
3192 3129 3238 3203 ᾧ
3297 3129 3460 3194 αὐτὸς
3516 3125 3787 3184 ἒκπέπτωκε

2183 3217 2364 3297 τρόπῳ
2422 3220 2521 3285 τῆς
2567 3219 2710 3282 θείας
2768 3217 2922 3286 δόξης
2968 3216 3310 3298 ἀπογυμνοῖ,
3366 3220 3456 3276 καὶ
3513 3219 3603 3274 τοῦ
3651 3233 3790 3292 παρα·

452 3300 707 3390 Ιοεεεεθι
737 3303 797 3362 in
830 3301 1128 3390 paradiso,
1164 3301 1266 3362 dat
1295 3301 1351 3363 ei
1383 3301 1750 3390 mandatum,
1788 3301 2100 3390 utfruatur

2183 3305 2352 3364 δείσου
2396 3309 2482 3364 καὶ
2528 3312 2627 3374 τῆς
2687 3307 2974 3372 ἀθανασίας
3017 3307 3301 3383 ἀλλοτριοῖ
3326 3354 3344 3384 ,
3433 3307 3695 3365 κάντεῦθεν
3743 3300 3790 3357 οὗ

456 3389 696 3470 quidem
730 3389 1012 3452 omnibus
1063 3408 1196 3470 quae
1253 3391 1312 3450 in
1363 3407 1435 3451 eo
1489 3396 1628 3450 sunt
1656 3387 1992 3466 arboribus,
2027 3389 2100 3452 ab

2183 3395 2416 3454 διέλιπεν
2470 3396 2619 3463 οὗτος
2675 3397 2774 3466 τὴν
2831 3402 2938 3455 τῶν
2997 3397 3285 3475 ἀνθρώπων
3353 3399 3508 3476 φύσιν
3561 3391 3790 3454 ποικίλοις

456 3496 570 3540 una
600 3487 797 3541 autem
828 3479 953 3540 sola
982 3479 1299 3552 abstineat,
1345 3496 1481 3540 eum
1533 3477 1816 3540 erudiens
1845 3478 1920 3538 ad
1951 3477 2100 3539 obe-

2183 3484 2520 3565 περιϐάλλων
2565 3498 2783 3559 κακοῖς,
2846 3487 2917 3551 ὡς
2975 3485 3280 3554 ἀποστῆσαι
3342 3488 3440 3562 μὲν
3485 3492 3574 3543 τοῦ
3601 3502 3792 3546 πεποιη-

451 3567 831 3645 dientiam,et
863 3568 1090 3648 majora
1109 3583 1438 3647 procurans
1463 3584 1570 3648 per
1591 3565 2098 3630 observationem.

2183 3581 2340 3643 κότος
2387 3583 2542 3658 Θεοῦ,
2602 3577 2674 3640 είς
2736 3573 2940 3634 εἴδωλα
2996 3573 3050 3630 δὲ
3111 3589 3446 3654 καταγαγεῖν
3502 3575 3585 3631 καὶ
3627 3567 3794 3652 χειρῶν

453 3657 573 3721 Sed
605 3676 760 3719 unus
793 3658 891 3720 cui
923 3658 1217 3736 obtigerat
1247 3656 1566 3738 imperium
1591 3657 1651 3716 in
1681 3656 1982 3734 angelicos
2005 3675 2100 3718 or-

2183 3669 2499 3744 πλάσματα.
2528 3656 2697 3723 τ”Οθεν
2751 3665 2840 3720 καὶ
2896 3663 3058 3740 νόμος
3113 3665 3243 3743 πρὸς
3307 3662 3580 3743 διόρθωσιν
3604 3659 3792 3728 δίδοται,

452 3747 648 3828 dines,
682 3746 755 3808 ad
786 3746 993 3808 vitium
1027 3747 1348 3827 impulsus,
1385 3755 1442 3808 et
1485 3747 1682 3808 divina
1710 3745 1923 3827 gloria,
1959 3765 2100 3827 pro-

2183 3759 2272 3817 καί
2324 3755 2599 3837 προφῆται
2630 3755 2883 3831 βοηθοῦσι
2915 3761 2991 3829 τῷ
3018 3761 3114 3812 τοῦ
3171 3761 3304 3812 Θεοῦ
3349 3755 3640 3829 πλάσματι.
3673 3745 3796 3837 Ἐπεί

453 3845 586 3916 pter
639 3835 981 3912 elationem,
1017 3853 1154 3897 cum
1211 3853 1281 3896 eo
1334 3834 1543 3896 ordine
1595 3834 1692 3897 cui
1742 3834 2098 3914 imperabat,

455 3926 737 4004 privatus,
794 3943 911 3986 non
973 3923 1304 4004 patiebatur
1362 3924 1666 3986 hominem
1733 3925 1933 3984 videre
1977 3926 2099 3986 Deo

453 4030 587 4076 esse
626 4014 1038 4092 conjunctum,
1074 4021 1132 4075 et
1163 4012 1234 4074 ad
1266 4012 1481 4075 cretum
1516 4012 1675 4074 unde
1701 4012 1832 4092 ipse
1864 4011 2100 4074 cecide-

451 4110 545 4164 rat
601 4102 797 4163 evehi.
857 4101 1027 4164 Unde
1087 4102 1265 4164 etiam
1325 4103 1526 4164 invido
1558 4103 1620 4162 in
1655 4120 1792 4162 eum
1823 4103 2100 4182 conjecto

453 4190 649 4266 oculo,
675 4209 782 4271 spe
810 4191 1002 4254 fallaci
1037 4199 1094 4252 et
1124 4210 1194 4252 eo
1228 4193 1404 4253 modo
1437 4210 1554 4271 quo
1589 4191 1718 4270 ipse
1776 4191 2097 4265 ceciderat,

455 4279 656 4345 divina
689 4300 825 4342 eum
857 4281 1043 4360 gloria
1071 4281 1306 4361 spoliat,
1339 4289 1400 4343 et
1449 4297 1482 4340 a
1538 4280 1667 4341 loco
1715 4279 1817 4358 qui
1849 4281 1903 4341 ei
1929 4281 2101 4342 datus

453 4371 649 4432 fuerat
673 4369 744 4431 ad
778 4369 1198 4443 habitandum,
1237 4378 1296 4431 et
1339 4368 1412 4429 ab
1449 4370 1893 4430 immortalitate
1922 4371 2102 4433 etﬁcit

455 4460 742 4520 alienum.
779 4461 993 4536 Neque
1022 4474 1162 4518 vero
1194 4457 1244 4516 is
1275 4456 1492 4519 deinde
1521 4456 1847 4518 intermisit
1899 4459 2092 4521 homi-

2182 3847 2236 3905 δὲ
2292 3835 2412 3910 τοῖς
2449 3835 2714 3925 Ὕχείροσιν
2771 3845 3067 3901 ἒπετείνετο
3099 3890 3115 3918 ,
3178 3845 3336 3909 αὐτὸς
3395 3846 3424 3900 ὁ
3475 3844 3566 3900 τοῦ
3619 3835 3791 3911 Πατρὸς

2183 3935 2476 4016 μονογενὴς
2511 3935 2633 3998 Υἱὸς
2693 3933 2780 3990 ἐπί
2821 3934 2919 4002 τῆς
2975 3938 3077 4011 γῆς
3127 3932 3300 4013 ὤφθη,
3336 3933 3425 3990 καί
3467 3931 3598 3988 κατὰ
3649 3925 3794 3982 πάντα

2180 4015 2639 4103 ἡμῖνίὸμοιωθεὶς
2699 4023 2868 4102 χωρὶς
2925 4023 3182 4101 ἁμαρτίας
3259 4024 3354 4079 τόν
3409 4043 3468 4079 τε
3520 4015 3792 4077 ἀποστάτην

2183 4118 2270 4173 καὶ
2312 4114 2434 4177 τοὺς
2479 4111 2566 4168 ὁπ’
2598 4114 2755 4170 αὐτὸν
2793 4112 2927 4188 μετὰ
2957 4113 3207 4188 σώματος
3267 4113 3514 4185 νικήσας,
3548 4106 3627 4172 οὓς
3665 4105 3792 4177 ὑμεῖς

2182 4205 2403 4281 ἡγεῖσθε
2457 4202 2631 4281 θεοὺς,
2676 4203 2808 4278 πρὸς
2863 4202 2962 4269 τὴν
3043 4202 3274 4281 ἀρχαίαν
3356 4203 3502 4275 ἡμᾶς
3572 4191 3790 4267 επανάγει

2185 4293 2472 4372 εύγένειαν,
2535 4289 2629 4346 καί
2687 4289 2850 4346 πάλιν
2919 4292 3050 4369 πρὸς
3115 4293 3206 4347 τὸν
3286 4290 3492 4368 Πατέρα
3547 4284 3670 4362 μετὰ
3715 4283 3789 4372 tot?

2182 4380 2606 4459 προσλήμματος
2668 4377 2856 4458 ἄνεισι,
2919 4379 3036 4456 μεθ’
3099 4379 3158 4437 οὔ
3201 4381 3288 4436 καὶ
3348 4379 3454 4446 ἥξει
3504 4373 3672 4450 πάλιν,
3717 4365 3788 4422 καίἶ

2181 4478 2285 4528 πᾶν
2319 4472 2380 4527 τὸ
2413 4467 2633 4545 πλάσμα
2676 4469 2902 4546 συνάξει,
2937 4467 3112 4548 λόγων
3143 4466 3312 4526 δῶσον
3341 4468 3414 4525 ὧν
3465 4465 3520 4522 εὖ
3565 4463 3600 4531 ἢ
3639 4460 3787 4516 κακῶς

453 4565 597 4609 num
633 4555 900 4609 naturam
935 4554 996 4607 in
1027 4545 1180 4607 mala
1233 4545 1352 4606 sibi
1404 4545 1656 4607 invicem
1714 4548 2099 4615 succedentia

2183 4558 2522 4639 διεπράξατο.

455 4641 806 4716 immittere,
842 4647 910 4701 ut
959 4656 1090 4720 qua:
1119 4658 1152 4730 a
1178 4657 1440 4730 superna
1468 4659 1579 4721 ope
1613 4649 1774 4703 esset
1823 4641 2122 4727 destituta,
2158 4653 2308 4716 adeo
2336 4659 2398 4713 ut
2427 4649 2724 4712 hominem
2759 4649 3071 4713 adduxerit
3107 4669 3141 4713 a
3186 4650 3309 4714 Deo
3334 4647 3438 4730 qui
3464 4663 3594 4710 eum
3644 4653 3784 4702 crea-

453 4737 546 4792 rat
578 4739 636 4790 et
667 4730 1023 4819 formaverat
1056 4749 1069 4791 :
1101 4727 1419 4819 deduxerit
1450 4748 1589 4792 vero
1623 4730 1696 4792 ad
1729 4731 2048 4798 simulacra
2079 4748 2436 4804 etmanuum
2469 4740 2773 4819 ﬁgmenta,
2807 4751 2864 4802 et
2893 4740 3161 4803 effecerit
3190 4747 3255 4802 ut
3272 4727 3372 4802 res
3399 4743 3593 4800 creata
3617 4732 3787 4819 insur-

456 4828 626 4897 geret
675 4818 958 4880 adversus
989 4826 1344 4910 creatorem.
1377 4818 1527 4910 Hinc
1559 4820 1651 4882 lex
1695 4820 1833 4882 data
1867 4831 1959 4885 est
1984 4827 2058 4888 ad
2119 4815 2553 4894 correctionem
2590 4849 2602 4893 :
2642 4837 2701 4891 et
2733 4815 3036 4910 prOphetaa
3065 4847 3240 4910 opem
3289 4828 3524 4890 fuerunt
3551 4824 3650 4885 Del
3681 4815 3785 4910 ⁸ίὶε-

455 4916 694 5002 ιῐιεηιο,
716 4918 779 4971 et
809 4927 943 4970 cum
976 4918 1134 5002 esset
1166 4909 1412 5002 morbus
1459 4909 1942 5002 immedicabilis,
1977 4925 2036 4979 et
2078 4919 2150 4982 ad
2192 4920 2491 4983 deteriora
2543 4905 2989 5001 extenderetur,
3021 4905 3154 5002 ipse
3185 4916 3379 4982 Patris
3408 4913 3580 4976 Filius
3605 4905 3784 4996 unisej

450 4998 612 5091 nitus
639 4998 802 5060 visus
835 5007 924 5061 est
975 4999 1036 5061 in
1071 5007 1343 5091 terra,_et
1381 4999 1443 5060 in
1475 4999 1753 5091 omnibus
1785 5009 1875 5062 est
1905 5004 2158 5071 effectus
2203 5009 2419 5072 similis
2451 5007 2624 5070 nobis
2681 5007 2910 5088 absque
2951 4998 3218 5091 peccato,
3251 5015 3313 5070 et
3367 5021 3499 5069 cum
3529 5015 3654 5091 enin
3702 5004 3784 5072 ιιω

452 5087 776 5182 defecerat,
812 5096 871 5151 et
921 5107 1027 5182 eos
1063 5089 1161 5182 qui
1220 5089 1363 5182 ejus,
1378 5098 1594 5182 parent
1646 5089 1928 5171 imperio,
1964 5114 2098 5159 cum
2132 5117 2382 5182 corpore
2441 5097 2709 5173 vicisset,
2740 5087 2890 5180 quos
2928 5087 3036 5160 vos
3089 5097 3235 5160 deos
3264 5113 3396 5159 esse
3455 5087 3668 5174 putatis;
3698 5091 3784 5142 ¹¹⁰⁵

451 5177 528 5239 ad
579 5179 881 5269 antiquam
913 5179 1153 5269 reduxit
1206 5178 1600 5254 nobilitatem,
1635 5189 1697 5243 et
1725 5198 1930 5244 rursus
1960 5177 2257 5252 ascendit'
2287 5189 2360 5251 ad
2395 5190 2634 5252 Patrem
2665 5177 2800 5250 cum
2851 5205 2922 5250 eo
2950 5187 3108 5269 quod
3159 5183 3671 5269 assumpserat,_et_
3701 5183 3781 5228 vo-

454 5273 578 5418 nipt
625 5269 751 5418 hqec
781 5268 895 5330 vita
923 5267 1234 5344 dissoluta,
1269 5277 1328 5330 et
1380 5269 1770 5350 congregabit
1799 5290 1980 5337 omne
2033 5277 2408 5360 ﬁgmentum,
2441 5277 2720 5342 daturum
2749 5259 3044 5343 rationem
3095 5293 3304 5340 eorum
3335 5259 3465 5358 qua
3490 5266 3620 5333 fecit
3657 5259 3782 5323 bene

454 5372 522 5418 ve
577 5375 673 5418 ma
697 5379 757 5418 θ.

451 5359 542 5418 vel
577 5359 757 5420 male.

535 5449 632 5514 Xl.
666 5450 802 5513 Haec
826 5459 984 5527 sunt,
1017 5470 1053 5514 ο
1075 5450 1285 5531 judex,
1311 5470 1528 5516 arcana
1549 5455 1917 5523 mconomim.
1953 5457 2099 5522 Pro-

2262 5462 2374 5527 lA’.
2419 5468 2616 5544 Ταῦτα,
2663 5465 2709 5520 ὦ
2737 5460 2982 5538 δικαστᾶ,
3036 5463 3102 5520 τὰ
3143 5466 3241 5530 τῆς
3297 5454 3582 5544 οἰκονομίας
3633 5436 3777 5518 ἀπόῤ⁶

455 5547 777 5633 ptereaest
801 5550 859 5604 et
883 5559 1047 5633 crux,
1082 5551 1142 5633 et
1173 5559 1353 5619 mors,
1389 5553 1448 5633 et
1472 5543 1803 5626 sepultura,
1835 5566 1968 5629 quae
1995 5567 2098 5611 vos

2183 5552 2335 5629 ρητα.
2387 5553 2482 5609 Διὰ
2545 5541 2701 5612 τοῦτο
2743 5553 2989 5633 σταυρὸς,
3035 5551 3132 5610 καί
3191 5551 3433 5628 θάνατος,
3502 5541 3606 5633 κξῖ-
3632 5549 3775 5633 ταφξῒι

455 5617 592 5691 cum
627 5627 860 5690 Christo
892 5618 1178 5708 objicitis,
1211 5617 1825 5696 non‘anima'dvertiti's
1853 5617 1956 5699 vos
1985 5655 2095 5718 per

2183 5617 2244 5698 ἶ-
2266 5644 2423 5720 ὑμεῖς
2456 5648 2534 5718 τῷ
2563 5648 2771 5723 Χριστῷ
2801 5617 2890 5701 ἐπί
2917 5617 3104 5721 ἆέιμίᾳ
3151 5617 3491 5722 προφέροντες
3543 5629 3620 5688 διὰ
3668 5617 3774 5678 τού·
