4022 6146
249 320 370 388 805

1094 315 1562 384 MARTYRIUM
1611 311 1670 382 S.
1734 307 2187 381 SEBASTIANI
2231 315 2328 380 ET
2373 313 2775 382 SOCIORUM.

3499 323 3617 390 806

245 483 344 516 του
401 457 664 515 δεικνόετε
727 460 880 514 αὑτοῦ
925 459 986 513 16
1045 454 1354 530 σεϐάσμιον,
1403 458 1459 512 Εἰ
1517 457 1618 533 γαρ
1676 456 1762 511 καὶ
1818 454 1891 517 ὠς

1987 459 2031 512 et
2058 469 2162 530 per
2181 469 2311 531 quas
2332 452 2702 531 contemptui
2727 452 3310 526 habetis,ostendere
3328 473 3461 517 eum
3487 475 3619 521 esse

248 548 529 628 ἄνθρωπος
574 548 858 620 πέπονθεν,
895 546 1010 604 ἀλλ’
1048 546 1327 623 ἐγήγερται
1364 549 1435 610 ὡς
1488 547 1616 610 θεός
1651 563 1664 576 ⁸
1713 547 1756 600 εἷ
1812 546 1898 600 διαὶ

245 641 410 713 ὑμεῖς
454 637 673 718 ἀφέντες
720 639 783 692 τὰ
838 640 968 692 Θεὸν
1015 635 1170 692 αὑτὸν
1229 641 1582 714 περισπῶντα,
1631 649 1745 696 τοῖς
1803 635 1897 700 τῆς

248 729 664 804 ἀν’)ρωπότητος
717 726 1148 804 ἐγκαταμένετε,
1212 725 1311 792 τὴν
1385 726 1684 799 οἰκονομίαν
1745 725 1900 781 αὑτοῦ

245 820 342 874 καὶ
394 817 665 873 ἀσθένειαν
728 816 1102 893 λογιζόμενοι,
1163 816 1246 870 καθ
1308 813 1422 873 οὑδὲ
1477 815 1540 868 τὰ
1595 811 1900 890 παραδόξως

245 907 370 963 τότε
431 908 515 962 οιαὶ
602 915 688 964 νῦν
748 905 800 960 ἐν
887 909 965 977 τῷ
1028 905 1250 978 ὀνόματι
1322 907 1480 962 αὑτοῦ
1550 900 1898 979 ἐνεργούμενα

251 995 506 1051 πέπεικεν
569 995 704 1068 ὑμᾶς
765 994 865 1067 ὀψέ
921 1013 1050 1048 ποτε
1109 993 1400 1070 ἐπιγνῶναι
1461 993 1551 1047 τὸν
1594 989 1894 1049 πλάσαντα.

254 1083 329 1140 ’Ἠ
374 1085 478 1164 οὑχ
522 1087 646 1162 ὁρᾷς
707 1083 826 1145 οἷος
871 1083 1024 1160 καγὼ
1075 1081 1135 1138 ἐκ
1177 1086 1275 1148 τῆς
1319 1082 1446 1159 πρὸς
1494 1083 1651 1137 αὑτὸν
1695 1083 1896 1155 ὁμολο-

263 1178 379 1253 γίας
434 1175 519 1230 καὶ
552 1180 643 1230 τοῦ
671 1174 1035 1249 βαπτίσματος
1071 1171 1406 1250 ἀναπέφηνα,
1442 1172 1469 1226 6
1521 1169 1648 1243 πρὶν
1704 1191 1896 1247 παρει-

256 1265 414 1339 μένος
445 1265 532 1320 καὶ
562 1260 698 1338 μηδέ
733 1260 958 1338 βαδίζειν
989 1257 1184 1340 σχεδὸν
1215 1258 1503 1332 δυνάμενος
1541 1277 1556 1334 ;

1980 541 2298 602 colendum
2332 551 2388 600 et
2421 541 2846 604 venerandum.
2885 541 2945 603 Si
2999 543 3158 604 enim
3193 562 3404 624 passus
3436 553 3526 606 est
3557 557 3620 606 ut

1982 631 2182 703 homo,
2219 631 2545 691 resurrexit
2579 639 2637 691 ut
2670 630 2863 707 Deus;
2899 632 3129 694 etiamsi
3164 652 3264 695 vos
3295 635 3517 696 relictis
3551 636 3623 697 iis

1982 738 2112 798 quae
2141 729 2278 780 sunt
2308 719 2662 793 excelsiora,
2715 729 2772 780 et
2816 740 2945 801 quae
2998 739 3134 784 eum
3181 734 3386 800 aperte
3435 723 3621 786 Deum

1985 809 2325 882 ostendunt,
2361 809 2717 870 remaneatis
2749 809 2806 869 in
2839 811 2912 871 iis
2941 829 3072 887 quas
3107 824 3244 874 sunt
3273 813 3616 885 humiliora,

1981 899 2111 978 ejus
2135 899 2194 958 in
2215 899 2486 959 homines
2506 898 2933 977 benignitatem
2959 911 3016 961 et
3037 903 3428 963 ceconomiam
3449 921 3623 981 repu-

1981 995 2174 1050 tantes
2203 986 2764 1066 imbecillitatem,et
2797 1008 2988 1069 neque
3015 1010 3197 1069 opera
3225 992 3618 1071 admirabilia,

1983 1096 2118 1155 quae
2153 1086 2210 1138 et
2241 1086 2376 1137 tunc
2410 1085 2467 1138 et
2501 1096 2658 1138 nunc
2691 1078 2840 1138 fiunt
2869 1078 2928 1139 in
2985 1079 3116 1157 ejus
3148 1081 3416 1154 nomine,
3453 1081 3623 1143 vobis

1984 1168 2220 1230 tandem
2241 1175 2662 1247 persuaserunt
2686 1168 2901 1228 intueri
2930 1168 3000 1228 ad
3029 1169 3330 1231 veritatem
3359 1182 3416 1231 et
3439 1190 3620 1250 agno-

1983 1276 2152 1320 scere
2185 1266 2540 1318 creatorem.
2568 1259 2656 1318 An
2687 1276 2802 1318 non
2834 1257 2996 1318 vides
3029 1259 3218 1338 qualis
3249 1277 3361 1337 ego
3389 1278 3624 1340 quoque

259 1363 590 1420 evaserium
651 1375 724 1416 ex
757 1354 1131 1417 confessione
1182 1354 1312 1432 ejus
1343 1361 1400 1414 et
1453 1353 1808 1432 baptismate
1847 1355 1945 1436 qui
2009 1359 2171 1434 prius
2222 1371 2382 1413 eram
2447 1352 2731 1414 membris
2762 1352 3083 1414 dissolutus
3133 1363 3189 1415 et
3220 1354 3308 1415 vix
3362 1363 3624 1434 poteram

252 1445 492 1526 ingredi
527 1446 540 1504 !

341 1542 444 1602 ω’.
495 1542 644 1600 Ἐπεὶ
685 1547 840 1598 τοῦτο
905 1543 932 1597 6
983 1540 1220 1620 ἔπαρχος
1253 1539 1444 1606 ἤκουσε
1488 1541 1575 1595 καὶ
1613 1541 1672 1596 τὸ
1704 1539 1896 1607 ἀληθὲς

249 1638 357 1700 τῆς
430 1631 690 1696 εόσεϐείας
777 1631 940 1710 σαφὲς
1026 1628 1368 1708 ἐδιδάσκετο,

249 1726 600 1798 παρεστῶτας
660 1721 1027 1794 ποιησάμενος
1064 1769 1080 1800 ,
1141 1719 1298 1776 καλεῖ
1357 1720 1448 1774 τὸν
1504 1719 1891 1799 Τραγκυλῖνον,

2056 1536 2180 1598 ΧΠ.
2217 1538 2534 1617 Postquam
2591 1537 2717 1597 btec
2769 1535 2992 1598 audivit
3056 1536 3387 1617 prmfectus,
3447 1540 3626 1601 tacuit

1463 1627 1700 1686 ἐκποδὼν
1779 1631 1898 1695 τοὺς

1987 1626 2322 1706 aliquandiu
2358 1635 2415 1686 et
2445 1645 2578 1686 cum
2615 1643 2746 1705 qua:
2792 1624 2945 1687 dicta
3001 1626 3237 1688 fuerant
3269 1627 3468 1688 animo
3498 1629 3627 1706 agi-

1979 1724 2155 1777 tasset
2189 1725 2244 1776 et
2275 1715 2519 1777 vidisset
2549 1733 2645 1776 res
2695 1714 2890 1775 verbis
2923 1734 3277 1797 congruere,
3313 1725 3372 1778 et
3406 1718 3624 1779 verita-

248 1814 343 1869 καὶ
385 1811 528 1890 λέγει
574 1812 717 1883 αὑτῷ
745 1831 760 1847 ·
796 1810 958 1887 Ὀρῶ,
994 1807 1209 1889 ἀδελφέ,
1242 1809 1323 1864 ὅτι
1357 1809 1452 1865 οὒκ
1473 1807 1634 1872 ἄλλος
1666 1808 1700 1875 ἢ
1733 1807 1894 1884 μόνος

1987 1814 2097 1866 tem
2133 1805 2441 1883 religionis
2474 1825 2544 1865 ex
2603 1803 2914 1865 miraculis
2945 1815 3149 1884 aperte
3188 1805 3525 1881 didicisset,
3559 1806 3633 1868 iis

248 1901 405 1967 οὗτος
449 1902 604 1978 Θεὸς,
661 1903 688 1956 6
749 1899 874 1978 παρ’
933 1901 1081 1974 ὑμῶν
1137 1899 1616 1977 προσκυνούμενος,
1663 1899 1808 1977 ᾧπερ
1853 1900 1896 1954 εἰ

1987 1895 2078 1975 qui
2132 1895 2381 1956 aderant
2413 1893 2679 1970 semotis,
2717 1903 2884 1954 vocat
2947 1892 3452 1975 Tranquillinum,
3487 1905 3545 1956 et
3577 1896 3632 1958 ei

248 1990 432 2068 βούλει
484 1990 621 2065 κάμὲ
678 1987 990 2062 προσελθεῖν
1027 2037 1043 2068 ,
1104 1995 1191 2044 νῦν
1252 1989 1350 2061 μὲν
1410 1986 1556 2043 ἄπιθι
1625 1987 1678 2042 ἐν
1724 1986 1894 2060 όιποῤ⁹

1987 1985 2128 2045 dicit
2160 2005 2172 2041 :
2204 1983 2418 2058 Video,
2452 1983 2656 2064 frater,
2692 2001 2825 2044 esse
2855 2003 3123 2063 magnam
3154 1984 3628 2047 Christianorum

251 2082 438 2159 ῥήτοις
491 2078 634 2158 ἔχων
684 2080 744 2134 τὸ
807 2078 1054 2154 βούλημα
1115 2075 1302 2132 οἴκαδε
1338 2123 1354 2149 ,
1399 2082 1467 2152 τῇ
1509 2075 1562 2130 δὲ
1610 2075 1732 2142 ἑξῆς
1776 2078 1896 2136 τοὺς

1987 2074 2358 2152 religionem,
2397 2081 2453 2133 et
2484 2091 2600 2133 non
2650 2092 2785 2136 esse
2819 2073 3001 2134 alium
3037 2075 3221 2136 Deum
3248 2084 3467 2152 praeter
3496 2093 3628 2136 eum

252 2171 437 2246 ἁγίους
490 2166 689 2248 λαϐὼν,
737 2170 823 2232 οὓς
877 2167 1198 2245 προεστάναι
1262 2165 1365 2246 φὴς
1413 2169 1517 2221 τῶν
1551 2164 1896 2242 συνειλεγμέ-

1987 2163 2172 2223 solum
2216 2163 2314 2242 qui
2349 2181 2381 2223 a
2412 2160 2579 2223 vobis
2630 2161 2931 2225 adoratur.
2967 2162 3028 2224 Si
3062 2181 3202 2241 ergo
3235 2165 3320 2224 vis
3353 2182 3447 2224 me
3477 2184 3628 2244 quo-

254 2280 362 2314 νων
420 2263 798 2336 Χριστιανῶν,
859 2257 1025 2334 ἄγαγε
1084 2257 1216 2333 πρὸς
1275 2277 1341 2330 με
1400 2254 1634 2311 σπεύδων
1700 2253 1900 2328 μηδένα

253 2347 470 2412 τούτους
526 2345 678 2404 ἰδεῖν.
732 2345 924 2402 Μέλλώ
970 2347 1068 2423 γὰρ
1129 2345 1281 2423 κᾶγὼ
1337 2343 1404 2400 δι’
1456 2343 1670 2400 ἐκείνων
1726 2365 1896 2422 προσ-

256 2439 492 2515 αχθῆναι
539 2437 768 2512 Χριστῷ,
821 2437 966 2493 Μετὰ
1004 2442 1167 2492 ταῦτα
1225 2437 1252 2490 6
1297 2433 1658 2513 Τραγκυλῖνος
1692 2435 1762 2496 εἷς
1807 2434 1898 2488 τὸν

258 2529 421 2584 αὑτοῦ
460 2529 608 2582 οἰκον
659 2525 849 2606 ἐλθὼν,
894 2527 984 2583 καὶ
1023 2525 1089 2581 τὰ
1135 2526 1272 2580 κατὰ
1336 2525 1426 2580 τὸν
1483 2523 1721 2603 ἔπαρχον
1781 2537 1896 2586 τοῖς

252 2615 427 2691 ἁγίοις
483 2616 765 2695 γνωρίσας,
801 2616 1124 2694 εὖφροσύνης
1169 2615 1384 2676 τούτους
1435 2613 1640 2691 πληροῖ
1693 2613 1896 2688 μαθόν-

247 2725 350 2768 τας
392 2706 483 2760 τὸν
527 2704 781 2783 πρότερον
812 2703 1046 2771 διώοιτην
1075 2705 1264 2781 θερμὸν
1323 2703 1578 2777 ἐσόμενοι
1635 2703 1758 2759 ὅσον
1803 2702 1892 2758 οὕ-

246 2815 339 2850 πω
395 2794 489 2862 τῆς
549 2792 816 2858 εὐσεϐείας
857 2793 1185 2871 ἀγωνιστήν.
1217 2792 1376 2850 ⁹Ὀθεν
1402 2793 1500 2866 μὲν
1535 2791 1777 2866 ψαλμοῖς
1809 2792 1896 2847 καὶ

246 2883 435 2958 ὕμνοις
472 2885 571 2951 τὴν
622 2884 784 2942 νύκτα
825 2889 998 2940 πᾶσαν
1027 2881 1333 2960 διήνεγκαν,
1369 2882 1454 2938 καὶ
1485 2881 1596 2956 ἅμα
1631 2885 1775 2956 πρωϊ
1808 2879 1901 2936 λα-

248 2970 361 3028 ϐὼν
390 2975 418 3028 ὑ
477 2973 840 3052 Τραγκυλῖνος
872 2973 989 3035 τοὺς
1023 2971 1200 3049 ἁγίους
1236 2968 1589 3026 Σεϐαστιανὸν
1620 2971 1704 3026 καὶ
1737 2969 1902 3026 Πολύ-

254 3083 458 3130 καρπον
517 3063 649 3137 πρὸς
691 3062 781 3118 τόν
819 3060 1059 3140 ἔπαρχον
1091 3060 1336 3139 ἔρχεται,
1397 3059 1484 3122 οὸς
1517 3058 1722 3123 ἐκεῖνος
1750 3056 1896 3133 ἰδὼν,

257 3149 452 3218 ἀνέστη
495 3152 582 3207 καὶ
642 3157 749 3206 τῶν
799 3149 974 3206 ποδῶν
1025 3153 1196 3208 αὐτῶν
1227 3150 1592 3227 ἐφαψάμενος,
1626 3147 1799 3203 ἑδεῖτό
1840 3168 1958 3234 τεῦ

257 3241 596 3320 κατεχούσης
627 3239 782 3296 νόσου
813 3238 1212 3316 ἀπαλλαγῆναι,
1246 3235 1342 3296 Ἠν
1374 3239 1473 3315 γὰρ
1523 3240 1582 3294 τὸ
1618 3239 1774 3313 σῶμα
1813 3236 1902 3292 αὑ-
1939 3234 1944 3238 ’

262 3350 358 3386 του
389 3328 779 3408 σεσωρευμένον
809 3330 884 3393 εἷς
935 3329 1122 3406 ὄγκους
1173 3328 1411 3391 ἅπαντας
1478 3327 1897 3406 πεπωρωμένον,

269 3419 344 3482 ὼς
414 3418 639 3475 ἐντεῦθεν
684 3423 827 3492 αὐτῷ
872 3417 1122 3497 βραδεῖαν
1151 3421 1237 3474 καὶ
1267 3415 1510 3496 ναρκώδη
1555 3418 1651 3484 τὴν
1695 3417 1902 3482 κίνησιν

268 3509 522 3587 γίνεσθαι,
557 3515 670 3567 Τῶν
721 3506 771 3564 δὲ
825 3506 1264 3587 ὑπισχνουμένων
1307 3509 1405 3574 τὴν
1436 3507 1579 3562 ἴασιν
1613 3507 1656 3562 εἰ
1688 3505 1739 3572 ἐξ
1769 3505 1900 3573 ὅλης

264 3595 478 3675 καρδίας
535 3598 808 3654 πιστεύσοι
873 3602 950 3669 τῷ
1035 3604 1150 3670 Θεῷ
1186 3644 1200 3670 ,
1260 3601 1408 3676 φωνῇ
1467 3595 1677 3672 μεγὲλη
1749 3599 1901 3651 τοῦτο

262 3687 702 3762 ἀνωμολόγησεν,
737 3685 904 3744 Ἀλλὰ
957 3687 1047 3743 οιαὶ
1106 3687 1171 3742 τὰ
1201 3685 1254 3742 ὲν
1288 3693 1362 3760 τῷ
1391 3685 1530 3757 οἴκῳ
1559 3687 1714 3742 αὑτοῦ
1745 3683 1902 3749 ξόανα

260 3778 387 3842 ταῖς
442 3777 550 3833 τῶν
609 3777 773 3854 ἁγίων
816 3777 1108 3847 ὑποθήγαις
1165 3776 1472 3854 συντρίψας,
1518 3775 1604 3832 καὶ
1652 3776 1726 3837 ὡς
1771 3781 1901 3853 χοῦν

1981 2271 2096 2332 que
2126 2252 2196 2312 ad
2249 2271 2382 2312 eum
2415 2251 2729 2327 accedere,
2765 2259 2825 2312 et
2873 2269 3006 2312 esse
3052 2263 3243 2314 tecum
3281 2253 3627 2333 participem

1983 2349 2098 2402 tua;
2128 2341 2456 2418 religionis,
2493 2359 2651 2401 nunc
2681 2340 2922 2422 quidem
2969 2340 3066 2401 abi
3116 2341 3387 2421 domum,
3420 2361 3626 2404 secre-

1983 2440 2108 2492 tum
2141 2439 2348 2491 tenens
2382 2431 2722 2492 consilium.
2778 2430 3050 2492 Crastino
3099 2439 3298 2490 autem
3331 2431 3430 2492 die
3464 2439 3628 2493 acci-

1983 2521 2152 2600 piens
2184 2528 2450 2594 sanctos,
2479 2539 2628 2596 quos
2661 2518 2811 2581 dicis
2861 2537 3118 2598 prmesse
3149 2519 3417 2582 collectis
3456 2519 3632 2583 Chri-

1980 2611 2208 2676 stianis,
2243 2608 2357 2669 duc
2391 2608 2462 2669 ad
2495 2627 2609 2683 me,
2658 2607 2924 2670 adhibito
2957 2608 3152 2670 studio
3205 2627 3282 2670 ne
3336 2609 3468 2689 quis
3522 2627 3631 2672 eos

1981 2697 2194 2759 videat.
2229 2695 2372 2758 Nam
2406 2715 2512 2776 ego
2544 2715 2780 2777 quoque
2811 2715 2942 2758 sum
2977 2697 3210 2759 Christo
3244 2717 3350 2778 per
3377 2697 3512 2759 illos
3533 2699 3620 2760 of-

1981 2787 2282 2861 ferendus,
2319 2787 2525 2849 relicto
2559 2804 2764 2848 errore
2811 2788 3296 2850 simulacrorum.
3334 2786 3474 2848 Post
3503 2788 3630 2850 haec

1985 2895 2125 2955 ergo
2147 2875 2394 2938 dimisso
2421 2876 2840 2951 consilio,cum
2872 2876 2932 2937 in
2964 2876 3205 2938 domum
3237 2893 3402 2938 suam
3427 2877 3628 2938 venis-

1983 2974 2072 3027 set
2097 2965 2628 3044 Tranquillinus,et
2657 2965 2880 3026 sanctis
2915 2973 3215 3027 narrasset
3236 2967 3631 3046 quemadmo-

1981 3057 2121 3117 dum
2148 3055 2386 3117 locutus
2415 3055 2626 3116 fuisset
2651 3075 2785 3117 cum
2813 3056 3119 3136 praefecto,
3148 3065 3206 3117 et
3237 3056 3636 3136 quemadmo-

1986 3144 2126 3206 dum
2187 3144 2242 3206 ei
2305 3153 2679 3224 persuaserat
2736 3153 2800 3206 ut
2855 3145 3212 3224 religionem
3272 3157 3632 3226 sequeretur

1945 3215 1962 3236 ’
1988 3215 2409 3308 Christianam,
2447 3233 2646 3295 effecit
2678 3243 2739 3295 ut
2768 3215 3221 3314 onines‘magna
3253 3215 3635 3298 afﬁcerentur

1985 3323 2210 3398 laetitia,
2246 3342 2378 3385 cum
2412 3323 2794 3386 rescivissent
2824 3324 3103 3405 eum,qui
3140 3325 3302 3404 prius
3335 3334 3461 3387 erat
3493 3345 3632 3407 per-

1985 3422 2269 3494 secutor,
2330 3413 2590 3476 futurum
2651 3431 2850 3475 acrem
2909 3415 3264 3476 Christianis
3319 3414 3632 3478 athletam.

1985 3503 2177 3575 Quare
2205 3521 2340 3564 cum
2376 3520 2492 3564 nox
2550 3501 2651 3564 illa
2709 3503 2922 3564 fuisset
2979 3510 3331 3582 consumpta
3379 3505 3436 3564 in
3471 3504 3633 3584 psal-

1990 3593 2101 3653 mis
2131 3604 2188 3653 et
2221 3592 2474 3673 hymnis,
2504 3591 2608 3654 ubi
2660 3592 2790 3653 dies
2820 3592 3080 3664 advenit,
3115 3592 3419 3671 accipiens
3443 3595 3634 3656 Tran-

1987 3681 2274 3762 quillinus
2305 3689 2546 3742 sanctos
2578 3681 2995 3744 Sebastianum
3029 3689 3086 3742 et
3111 3679 3498 3762 Polycarpum
3525 3683 3638 3746 sic-

1987 3782 2048 3832 ut
2078 3771 2132 3831 ei
2159 3770 2420 3849 juSserat
2453 3770 2791 3850 praefectus,
2827 3769 3082 3846 abiitin
3139 3769 3380 3831 domum
3435 3789 3631 3835 suam.

256 3865 544 3940 λεπτύνας,
580 3865 714 3944 ἔργῳ
744 3865 842 3932 τὴν
875 3867 1050 3922 πίστιν
1077 3863 1396 3929 ἐπεδείξατο.

1987 3859 2145 3932 Quos
2174 3878 2306 3921 cum
2341 3858 2584 3920 vidisset
2613 3859 2938 3937 ingressos,
2972 3859 3323 3935 surrexit,et
3353 3879 3488 3922 cum
3519 3881 3632 3943 pe-

252 3959 364 4022 des
428 3979 632 4023 eorum
667 3960 980 4039 tetigisset,
1013 3958 1242 4037 rogavit
1292 3967 1356 4020 ut
1380 3959 1629 4020 salutem
1684 3963 2124 4039 assequeretur,
2161 3960 2218 4014 et
2251 3951 2604 4015 liberaretur
2654 3954 2727 4014 ab
2757 3972 2827 4015 eo
2880 3953 3088 4014 morbo
3120 3973 3236 4034 quo
3279 3953 3582 4018 laborabat
3618 3978 3635 4034 ;

253 4057 382 4112 erat
428 4049 588 4112 enim
623 4066 836 4129 corpus
887 4051 1015 4126 ejus
1042 4057 1227 4112 totum
1287 4049 1664 4110 tumefactum
1699 4055 1756 4108 et
1806 4043 2102 4117 mutilum,
2136 4042 2284 4104 adeo
2337 4050 2398 4103 ut
2431 4060 2498 4103 ex
2552 4043 2663 4104 hoc
2695 4042 2747 4103 ei
2796 4042 2969 4104 fieret
3021 4041 3222 4104 tardus
3253 4054 3311 4103 et
3370 4045 3636 4125 torpidus

258 4147 476 4203 motus.
529 4139 672 4201 Cum
706 4139 748 4200 ii
783 4147 979 4201 autem
1032 4137 1320 4200 dixissent
1350 4137 1478 4199 fore
1529 4145 1593 4198 ut
1621 4138 1679 4198 ei
1710 4134 1979 4198 membra
2022 4132 2418 4206 solverentur,
2451 4129 2500 4192 si
2533 4149 2603 4193 ex
2638 4139 2756 4193 toto
2809 4131 2988 4193 corde
3019 4131 3141 4194 Deo
3193 4133 3488 4215 crederet,
3524 4138 3638 4198 hoc

257 4251 404 4296 voce
438 4231 768 4294 clarissima
794 4241 884 4294 est
915 4233 1247 4308 confessus,
1282 4231 1572 4310 abnegata
1607 4231 1911 4312 impietate
1942 4227 2422 4290 simulacrorum.
2457 4226 2582 4288 Nec
2608 4225 2719 4287 hoc
2751 4225 2969 4303 solum,
2998 4225 3102 4287 sed
3137 4229 3311 4288 etiam
3345 4246 3477 4289 cum
3508 4228 3638 4310 ipsa

261 4327 606 4389 daemonum
655 4326 971 4389 simulacra
1000 4344 1133 4408 quae
1189 4334 1356 4387 erant
1385 4325 1543 4387 domi
1576 4325 1728 4406 ejus,
1761 4333 2102 4388 sanctorum
2156 4320 2398 4382 monitis
2446 4319 2658 4381 ductus
2689 4319 3062 4382 contrivisset
3120 4328 3178 4381 et
3209 4320 3268 4383 in
3322 4321 3626 4400 pulverem

263 4419 738 4496 comminuisset,
762 4419 1022 4482 ostendit
1053 4419 1353 4481 sincerum
1381 4436 1530 4498 opus
1561 4417 1722 4480 fidei.

348 4514 429 4571 ll"
443 4562 458 4577 .
507 4515 672 4572 ’Ένθα
723 4517 810 4572 καὶ
858 4516 1058 4593 γίνεταί
1084 4537 1134 4570 τι
1170 4514 1331 4592 λόγου
1365 4516 1452 4569 καὶ
1485 4515 1706 4589 μνήμης
1739 4513 1899 4579 ἄξιον,

2070 4510 2216 4574 ΧΙΙΙ.
2253 4509 2379 4583 Quo
2413 4518 2682 4590 tempore
2715 4509 2776 4570 fit
2823 4513 2998 4569 etiam
3052 4506 3336 4588 quiddam
3392 4508 3636 4588 dignum

263 4603 571 4678 Τιϐούρτιος
644 4606 746 4684 γὰρ
817 4608 844 4661 6
901 4605 1010 4668 υἱὸς
1087 4604 1426 4682 Χρωματίου,
1501 4602 1576 4659 ἔτι
1637 4605 1754 4681 περὶ
1811 4604 1910 4670 τὴν

263 4697 440 4751 πίστιν
483 4692 775 4773 ἀμφίϐολος
825 4693 922 4773 ὢν,
970 4694 1086 4750 ἐπεὶ
1127 4694 1192 4749 τὰ
1237 4694 1335 4765 μὲν
1387 4691 1523 4748 ἄλλα
1566 4701 1661 4750 106
1711 4695 1908 4770 πατρὸς

263 4782 467 4840 εἴδωλα
523 4781 819 4861 συνετρίϐη,
868 4782 920 4840 ἓν
978 4781 1030 4838 δέ
1089 4805 1140 4838 τι
1201 4783 1499 4857 θαυμαστὸν
1559 4781 1910 4838 ὑπολέλειπτο

263 4872 420 4952 ἔργον
473 4873 528 4930 ἐν
584 4877 628 4947 ᾧ
687 4879 830 4930 πᾶσα
887 4871 1198 4951 ἀστρολογία
1265 4874 1352 4928 καὶ
1414 4873 1448 4939 ἡ
1506 4874 1613 4928 τῶν
1655 4871 1908 4949 οὐρανίων

263 4963 475 5029 κίνησις
557 4963 623 5031 ἧν
657 5011 673 5037 ,
759 4976 878 5026 τοῖς
964 4961 1147 5025 ἄλλοις
1231 4958 1650 5040 ἐπιδυσχεράνας
1750 4959 1908 5016 αὑτοῦ

261 5053 594 5132 περιείχετο,
656 5053 741 5109 καὶ
798 5052 894 5109 οὒκ
970 5051 1059 5108 εἴα
1139 5048 1388 5127 πρότερον
1461 5047 1798 5128 συντριϐῆναι
1873 5049 1906 5116 ἢ

261 5155 456 5220 πεῖραν
513 5139 582 5197 δι’
641 5144 797 5200 αὑτοῦ
851 5148 956 5199 τῶν
1026 5142 1190 5220 ἁγίων
1248 5139 1458 5214 λαϐεῖν,
1505 5141 1592 5196 καὶ
1630 5137 1768 5218 ἔργῳ
1809 5139 1900 5214 βε-

263 5231 555 5299 ϐαιωθῆναι
624 5233 756 5310 πρὸς
817 5234 915 5300 τὴν
978 5228 1290 5288 εὐσέϐειαν·
1341 5232 1427 5287 καὶ
1497 5228 1562 5296 δὴ
1625 5226 1904 5292 κλιϐάνους

262 5321 495 5400 ἐνεγκὼν
552 5323 640 5378 καὶ
705 5328 806 5401 πῦρ
873 5320 1218 5400 ὑποστρώσας
1277 5320 1410 5378 ὥστε
1470 5321 1902 5398 πυρακτωθῆναι,

263 5410 408 5490 λέγει
452 5423 571 5476 τοῖς
628 5411 798 5488 ἁγίοις
834 5429 847 5444 ⁸
899 5409 1051 5468 "Icta
1101 5416 1283 5490 σαφῶς
1340 5413 1436 5484 ὡς,
1465 5416 1558 5467 τοῦ
1601 5406 1766 5468 καλοῦ
1791 5408 1908 5464 τού-

263 5508 358 5559 του
401 5497 764 5578 συντριϐέντος
820 5501 998 5580 ἔργου,
1063 5501 1106 5556 εἰ
1139 5501 1235 5575 μὲν
1266 5500 1448 5577 ῥῶσιν,
1482 5500 1557 5562 ὼς
1586 5498 1903 5578 ὑπέσχεσθε,

269 5592 298 5646 6
341 5590 470 5666 ἐμὸς
518 5588 657 5666 εὕροι
721 5591 921 5668 πατὴρ,
988 5589 1188 5658 ἄληθὴς
1239 5590 1428 5665 ἔσομαι
1491 5588 1641 5668 οιᾶγὼ
1685 5591 1912 5652 Χριστοῦ

267 5681 519 5763 μαθητής
557 5699 570 5714 ·
632 5682 676 5737 εἰ
730 5677 784 5738 δὲ
844 5681 930 5739 καὶ
987 5679 1124 5759 μετὰ
1174 5678 1274 5750 τὴν
1323 5679 1514 5739 τούτου
1555 5675 1835 5762 συντριϐὴν
1876 5678 1912 5747 ἡ

1993 4601 2152 4680 quod
2185 4599 2420 4661 dicatur
2477 4607 2538 4659 et
2595 4597 2902 4659 memorizn
2959 4598 3295 4660 mandetur.
3329 4596 3638 4662 Tiburtius

1991 4689 2151 4750 enim
2179 4689 2338 4750 filius
2369 4687 2696 4751 Chromatii
2726 4687 2919 4748 adhuc
2970 4686 3279 4749 dubitabat
3309 4687 3370 4748 in
3401 4687 3538 4764 ﬁde,
3578 4699 3638 4750 et

1992 4798 2124 4839 cum
2159 4777 2402 4840 vidisset
2431 4777 2543 4838 alia
2573 4777 2818 4858 quidem
2873 4776 3196 4838 simulacra
3261 4778 3447 4855 patris
3506 4797 3638 4840 esse

1991 4867 2267 4947 contrita,
2303 4883 2485 4926 unum
2517 4866 2712 4927 adhuc
2744 4882 2875 4924 esse
2921 4865 3220 4944 reliquum
3252 4884 3402 4945 opus
3434 4866 3636 4928 admi-

1991 4955 2179 5016 rabile
2210 4955 2268 5014 in
2301 4974 2416 5035 quo
2449 4963 2578 5015 erat
2625 4953 2908 5014 universa
2970 4953 3294 5032 astrologia
3341 4962 3398 5015 et
3439 4970 3638 5017 motus

1991 5042 2470 5119 ccelestiunt,alla
2501 5061 2634 5104 esse
2659 5042 2912 5104 contrita
2935 5060 3090 5121 aegre
3121 5043 3463 5123 ferens,hoc
3494 5044 3626 5104 ulti-

1989 5152 2148 5195 mum
2167 5131 2659 5213 amplectebatur,
2693 5140 2750 5192 et
2780 5149 2901 5192 non
2934 5133 3096 5211 prius
3127 5131 3184 5191 id
3219 5131 3452 5193 sinebat
3479 5151 3632 5194 con—

1988 5229 2121 5300 teri,
2157 5243 2334 5303 quam
2370 5241 2473 5302 per
2504 5224 2698 5300 ipsum
2729 5221 3060 5302 accepisset
3089 5229 3428 5283 sanctorum
3457 5240 3638 5304 eXpe-

1989 5313 2356 5386 rientiam,et
2379 5331 2559 5390 opere
2583 5313 2969 5374 confirmatus
2994 5310 3204 5374 fuisset
3224 5310 3299 5373 ad
3324 5311 3633 5393 pietatem;

1993 5409 2206 5465 etcum
2238 5411 2508 5466 curasset
2531 5401 2871 5465 atferendos
2892 5401 3191 5482 clibanos,
3222 5410 3285 5462 et
3316 5403 3402 5464 eis
3436 5408 3638 5482 ignem

1995 5496 2400 5554 substravisset
2427 5504 2494 5554 ut
2531 5496 3040 5560 succenderentur,
3066 5494 3206 5552 dicit
3235 5499 3486 5554 sanctis:
3521 5496 3642 5555 Hoc

1997 5580 2174 5644 velim
2203 5580 2593 5663 sciatis,quod
2626 5582 2739 5644 hoc
2771 5581 3020 5663 pulchro
3061 5581 3317 5642 contrito
3350 5599 3556 5662 opere,
3590 5582 3641 5644 si

1998 5671 2221 5738 sanitas
2251 5670 2493 5754 quidem
2560 5672 2741 5736 fuerit
2792 5676 3063 5740 restituta
3118 5669 3275 5753 patri
3329 5689 3462 5738 meo
3491 5673 3658 5736 sicut
