4022 6146
422 281 537 348 807
1576 278 1962 341 ADDENDA.
2027 311 2102 321 —
2162 277 2192 339 .l
2200 277 2302 341 AN
2311 275 2615 341 UARIUS.
3654 277 3751 347 808

426 418 566 481 estis
598 414 867 498 polliciti,
903 432 1004 476 cro
1038 415 1168 496 ipse
1199 414 1437 493 quoque
1468 428 1640 472 verus
1698 411 1914 473 Christi
1962 413 2058 474 di-

2146 414 2296 478 νόσος
2341 415 2650 494 ἐπικρατοίη
2683 423 2748 494 τῇ
2779 416 3025 495 ὁρωμένη
3054 416 3220 494 ταύτῃ
3250 415 3368 494 δίκῃ
3425 419 3496 482 ὡς
3527 418 3757 476 ἀπατεῶ-

424 507 710 586 scipulus,
777 523 1026 568 excussa
1091 502 1505 565 dubitatione:
1562 501 1651 561 sin
1706 509 1899 563 autem
1935 503 2062 582 ejus

2149 527 2238 567 νας
2294 508 2428 580 ὕμᾶς
2488 505 2728 582 ἐμϐαλῶ.
2781 507 2840 564 Ὀ
2890 508 2987 582 μὲν
3033 511 3120 564 οὖν
3177 508 3352 585 πατὴρ
3385 505 3656 565 διεκώλυεν
3681 515 3760 569 αὖ·

427 598 668 659 morbus
700 595 1000 657 duraverit
1033 602 1346 675 postquam
1387 591 1443 650 id
1483 590 1904 671 interierit,vos
1931 593 2062 663 huic

2149 596 2239 650 τὸν
2297 600 2396 661 τῆς
2455 596 2708 662 τοιαύτης
2764 599 2948 675 πείρας
3020 597 3341 676 ἀπέχεσθαι,
3404 599 3465 654 Οἱ
3520 595 3574 652 δὲ
3614 598 3763 676 ἅγιοι,

426 687 582 768 quod
641 685 876 748 videtur
932 683 1222 763 supplicio
1280 679 1590 760 subjiciam
1649 688 1924 761 tanquam
1957 682 2062 744 de-

2152 683 2244 740 ἃτε
2306 691 2421 758 Θεῷ
2478 683 2817 764 πεποιθότες,
2871 686 2966 748 τὰς
3024 689 3285 755 συνθήκας
3335 683 3576 760 ἀσμένως
3630 685 3766 752 δεξά-

428 784 720 857 ceptores.
751 775 854 838 llis
885 773 1079 835 verbis
1111 770 1304 849 dictis,
1345 779 1510 849 pater
1559 770 1804 850 quidem
1855 771 2062 850 prohi-

2149 793 2320 848 μενοι,
2367 775 2499 852 πρὸς
2551 781 2706 831 τοῦτο
2764 775 3100 834 κατένευςαν.
3171 776 3244 833 Οὗ
3309 773 3619 851 γενομένου,
3672 783 3769 853 φῶς

429 867 606 929 bebat
657 885 790 926 cum
847 864 918 925 ad
969 862 1143 924 talem
1201 861 1403 922 venire
1435 860 1887 940 experientiam,
1921 880 2062 923 san-

2149 864 2294 928 εὒθὺς
2339 862 2673 942 περιέλαμψε
2726 865 2818 920 τὸν
2863 865 3212 942 Χρωμάτιον,
3273 867 3363 920 καὶ
3431 866 3632 926 νεανίας
3683 865 3771 930 τὴν

427 956 510 1018 cti
532 972 671 1016 vero
707 953 968 1016 libenter
997 959 1240 1031 accepta
1266 949 1610 1011 conditione
1637 948 1780 1028 (non
1799 951 1960 1012 enim
1983 951 2070 1011 di-

425 1045 572 1106 vina)
602 1043 801 1104 virtuti
834 1049 1102 1122 poterant
1134 1059 1252 1100 non
1319 1038 1621 1119 credere),
1655 1039 1942 1118 urgebant
1959 1041 2068 1120 ju-

425 1151 632 1196 venem
662 1133 736 1194 ad
768 1150 917 1212 opus
946 1129 1400 1192 conterendum.
1437 1126 1608 1200 Quod
1658 1147 1794 1190 eum
1847 1130 2067 1192 factum

426 1230 603 1302 esset,
666 1222 764 1284 lux
825 1221 1017 1282 statim
1075 1217 1468 1281 circumlulsit
1521 1216 1954 1300 Chromatium,
2013 1228 2071 1280 et

428 1313 676 1394 pulcher
705 1328 999 1393 apparens
1029 1309 1383 1371 adolescens
1415 1307 1562 1369 dixit
1593 1308 1645 1368 ei
1683 1329 1694 1366 :
1730 1307 1944 1370 Beatus
2007 1327 2072 1372 es

425 1401 581 1484 quod
607 1402 837 1464 Christo
872 1399 1201 1470 credidisti,
1236 1397 1336 1479 qui
1369 1415 1527 1458 nunc
1558 1396 1718 1457 misit
1750 1416 1845 1458 me
1874 1397 1945 1458 ad
1981 1407 2062 1471 te,

2149 952 2290 1029 ὥραν
2333 951 2576 1032 λαμπρὸς
2635 955 2808 1031 ὀφθεὶς
2840 955 2997 1011 εἶπεν
3026 953 3167 1028 αὒτῷ
3202 969 3215 983 ⁶
3251 953 3523 1030 Μακάριος
3579 952 3656 1029 εἴ,
3699 953 3772 1010 δτι

2150 1041 2458 1104 ἐπίστευσας
2517 1048 2596 1116 τῷ
2641 1047 2871 1121 Χριστῷ,
2919 1045 2975 1104 ὃς
3022 1050 3110 1100 νῦν
3170 1041 3478 1100 ἀπέσταλκε
3535 1064 3600 1114 με
3653 1044 3770 1120 πρὸς

2155 1131 2212 1187 σὲ
2270 1130 2444 1190 δοῦναί
2475 1154 2557 1188 σοι
2602 1137 2700 1199 τῆς
2729 1133 3064 1211 κατεχούσης
3112 1134 3268 1188 νόσου
3311 1131 3654 1209 ἀπαλλαγήν.
3687 1135 3770 1190 Καὶ

2152 1223 2263 1297 ἅμα
2321 1226 2396 1294 τῷ
2451 1220 2598 1300 λόγῳ
2657 1224 2686 1289 ἦ
2731 1228 2836 1278 τῶν
2890 1221 3068 1297 μελῶν
3119 1222 3338 1299 πάρεσις
3372 1218 3664 1295 διαλέλυτο,
3694 1222 3771 1276 καὶ

2151 1313 2219 1377 ἧν
2260 1309 2392 1366 ἰδεῖν
2434 1310 2524 1366 τὸν
2567 1311 2686 1388 πρὶν
2743 1309 2898 1385 μόλις
2957 1309 3232 1386 βαδίζοντα
3260 1309 3463 1388 ἐλάφου
3497 1307 3640 1376 δίκην
3665 1310 3770 1366 τότε

2154 1398 2466 1473 ἀλλόμενον.
2534 1397 2651 1477 Ἐφ’
2805 1399 3163 1477 καταπλαγεὶς
3220 1401 3248 1454 ὁ
3306 1396 3614 1474 Τιϐούρτιος
3665 1411 3768 1461 τοῖς

425 1501 488 1554 ut
511 1492 645 1553 dem
671 1490 777 1552 tibi
800 1489 1214 1550 liberationem
1242 1506 1275 1548 a
1300 1487 1506 1548 morbo
1529 1505 1643 1567 quo
1674 1486 2062 1560 teneris.Quaa

2151 1489 2322 1567 ἁγίοις
2380 1488 2698 1562 προσπίπτει
2733 1537 2749 1562 ,
2823 1491 2953 1545 Θεὸν
3036 1487 3286 1555 ἀληθινὸν
3359 1487 3639 1566 ὁμολογῶν
3691 1490 3769 1544 τὸν

425 1581 598 1642 simul
631 1589 805 1661 atque
837 1579 992 1641 dicta
1018 1579 1206 1648 fuere,
1235 1577 1524 1638 dissoluta
1550 1588 1636 1636 est
1660 1575 2062 1640 membrorum

2153 1581 2402 1658 Χριστὸν,
2460 1580 2548 1635 καὶ
2605 1576 2854 1653 δεόμενος
2917 1586 3006 1635 τοῦ
3048 1579 3184 1634 θείου
3242 1591 3438 1656 τυχεῖν
3487 1578 3766 1653 βαπτίσμα·

424 1669 740 1745 mutilatio,
774 1677 832 1731 et
863 1668 1078 1730 licebat
1124 1667 1324 1728 videre
1356 1685 1489 1728 eum
1525 1667 1624 1747 qui
1657 1667 1819 1747 prius
1850 1667 1943 1729 vix
1969 1667 2062 1728 in-

2151 1691 2262 1731 τος.
2299 1670 2359 1725 Ol.
2403 1668 2542 1745 ἁγίοι
2601 1669 2773 1726 τοίνυν
2835 1667 2926 1724 σὺν
2979 1666 3145 1743 ἡδονῇ
3183 1668 3510 1744 τεταγμένον
3554 1669 3687 1742 αῦτῷ
3723 1688 3771 1723 τε

423 1761 811 1834 grediebatur,
840 1767 1110 1831 tanquam
1135 1773 1368 1814 cervum
1392 1765 1528 1815 tunc
1558 1758 1784 1814 saltare.
1820 1759 2060 1828 Propter

2148 1756 2245 1814 καὶ
2304 1763 2382 1830 τῷ
2440 1757 2598 1834 πατρὶ
2637 1755 2816 1821 δόντες
2844 1758 3027 1834 καιρὸν
3058 1757 3196 1813 ὥστε
3239 1758 3330 1812 τὸν
3363 1755 3424 1814 ἐκ
3476 1766 3570 1815 τοῦ
3608 1757 3772 1836 προτέ-

423 1847 581 1926 quod
604 1846 793 1907 fertur
817 1844 1186 1925 stupefactus
1213 1842 1525 1904 Tiburtius
1560 1843 1830 1923 protinus
1860 1862 2062 1908 accur-

2149 1867 2238 1925 ρου
2279 1848 2394 1922 βίου
2445 1845 2719 1922 μολυσμὸν
2778 1845 3205 1920 ἀποπλύνασθαι,
3263 1852 3360 1903 τοῦ
3425 1847 3564 1902 θείου
3608 1848 3771 1908 αὐτοὺς

426 1935 600 2010 risse,
627 1943 1044 1996 etsanctorum
1071 1933 1254 2014 pedes
1278 1931 1836 2012 tangentem,Deum
1859 1951 2062 1998 verum

2148 1935 2449 2001 καταξιοῦσι
2510 1935 2750 2012 λουτροῦ.
2790 1937 2886 1992 Καὶ
2939 1937 3075 2011 μετὰ
3131 1943 3299 1992 ταῦτα
3352 1937 3607 2017 προφάσει
3637 1936 3770 1994 νόσου

420 2024 757 2086 confessum
819 2042 952 2084 esse
1009 2023 1332 2093 Christum,
1370 2029 1427 2083 et
1484 2041 1726 2101 rogasse
1781 2031 1845 2084 ut
1875 2025 1946 2087 ab
1978 2027 2062 2089 eis

2149 2026 2248 2092 τὴν
2289 2033 2382 2082 τοῦ
2432 2025 2674 2104 ἐπάρχου
2717 2028 2894 2104 ἀρχὴν
2940 2025 3362 2100 ἂποσεισάμενος
3402 2028 3430 2081 ὁ
3481 2027 3769 2104 Χρωμάτιος

420 2122 840 2194 assequeretur
871 2112 1250 2192 baptismum.
1277 2111 1479 2172 Laetati
1509 2121 1708 2173 autem
1743 2117 1930 2176 sancti
1956 2117 2058 2195 ju-

2147 2113 2323 2192 (οὔπω
2354 2117 2453 2193 γὰρ
2485 2113 2725 2171 ἐϐούλετο
2760 2119 3060 2192 γνωσθῆναι
3101 2115 3258 2171 αὐτοῦ
3305 2116 3406 2176 τὴν
3465 2116 3767 2195 μετάθεσιν),

422 2203 589 2265 venis
641 2203 990 2279 mutatione,
1053 2203 1229 2282 eique
1285 2209 1344 2264 et
1405 2202 1557 2283 patri
1607 2202 1742 2264 dato
1791 2212 2063 2285 tempore

425 2291 748 2374 praestituto
779 2300 840 2353 ut
873 2291 1082 2354 sordes
1105 2310 1173 2354 ex
1227 2291 1422 2371 priore
1470 2292 1586 2355 vita
1612 2301 1918 2374 susceptas
1951 2295 2060 2356 ab-

421 2383 677 2456 luerent,
712 2381 910 2444 divino
959 2400 1062 2443 eos
1111 2380 1428 2460 dignantur
1480 2380 1797 2461 baptismo.
1829 2382 1898 2444 Et
1929 2393 2065 2464 post

421 2473 545 2534 haec
579 2471 954 2534 Chromatius
984 2479 1268 2550 praetextu
1330 2470 1550 2544 morbi,
1587 2470 1849 2549 praefecti
1900 2474 2065 2535 urbis

2146 2207 2231 2260 καὶ
2289 2211 2462 2261 πᾶσαν
2521 2205 2620 2268 τὴν
2677 2209 2863 2274 κτῆσιν
2947 2219 3065 2268 τοῖς
3151 2203 3424 2280 δεομένοις
3486 2207 3768 2284 σκορπίσας,

2147 2307 2262 2358 τοῖς
2321 2315 2378 2349 τε
2451 2292 2661 2358 δούλοις
2732 2294 3024 2372 ἐλευθερίαν
3099 2295 3427 2374 παρασχὼν,
3491 2297 3552 2351 τὸ
3606 2294 3767 2350 λοιπὸν

2147 2388 2309 2450 συνῆν
2367 2384 2488 2447 τοῖς
2535 2385 2738 2462 ἁγίοις,
2801 2382 2960 2441 πλέον
3020 2385 3152 2462 πρὸς
3198 2384 3295 2450 τὴν
3347 2381 3613 2441 εὐσέϐειαν
3655 2382 3766 2448 ὁδη-

2148 2480 2401 2551 γούμενος
2412 2517 2426 2533 .

422 2566 712 2647 depositio
745 2566 1083 2645 magistratu
1131 2565 1414 2642 (noudum
1466 2563 1624 2626 enim
1657 2564 1886 2626 volebat
1917 2584 2082 2627 suam
2116 2566 2393 2644 cognosci
2425 2565 2834 2647 mutationem)
2868 2573 2928 2627 et
2973 2565 3384 2645 indigentibus
3412 2565 3538 2628 suis
3563 2563 3768 2646 dispar.

423 2663 507 2725 sis
559 2659 960 2740 facultatiqus,
997 2670 1057 2720 et
1102 2659 1173 2719 iis
1229 2659 1327 2734 qui
1370 2658 1580 2738 jugum
1620 2657 1930 2720 trahebant
1997 2658 2292 2721 servitutis
2347 2659 2724 2722 manumissis
2756 2668 2815 2722 et
2855 2659 3141 2736 liberatis,
3178 2660 3382 2737 iisque
3428 2660 3610 2723 veluti
3650 2657 3762 2736 qui-

422 2755 676 2818 busdam
709 2753 984 2834 primitiis
1032 2755 1157 2816 Deo
1187 2752 1422 2832 oblatis,
1459 2751 1747 2834 deinceps
1776 2753 2120 2817 versabatur
2173 2769 2309 2817 cum
2341 2756 2588 2835 sanctis,
2623 2753 2829 2817 dicens
2875 2754 3016 2818 ﬁdei
3045 2753 3366 2834 rationem,
3403 2762 3467 2818 et
3496 2753 3567 2817 ad
3608 2753 3756 2835 pieta-

421 2859 541 2913 tem
575 2849 770 2911 adbuc
807 2850 993 2927 magis
1021 2846 1508 2911 confirmabatur.

506 2943 665 3006 XIV.
698 2942 814 3005 Sed
850 2943 921 3004 iis
954 2943 1193 3024 quidem
1217 2942 1416 3004 resita
1439 2961 1503 3005 sc
1527 2942 1826 3005 habebant
1860 2964 2062 3025 quam-

2239 2944 2350 3005 Μ’.
2412 2943 2564 3002 Ἀλλ’
2609 2949 2728 3025 εἶχε
2778 2945 2874 3022 μὲν
2905 2946 3042 3004 οὕτω
3071 2955 3235 3005 ταῦτα
3277 2947 3388 3012 ἕως
3437 2946 3655 3024 Καρῐνος
3689 2944 3766 3005 τὰς

419 3034 522 3098 diu
551 3034 805 3097 Carinus
851 3033 1280 3095 administravit
1329 3033 1547 3097 Gallias
1578 3034 1681 3114 qui
1713 3033 2059 3097 Christianis

2151 3033 2376 3100 Γαλλίας
2434 3033 2642 3092 διεῖπεν
2678 3086 2690 3110 ,
2737 3035 2796 3100 ὃς
2855 3035 3233 3116 μαλακώτερον
3278 3038 3410 3102 τοῖς
3458 3033 3766 3116 Χριστιὰνοῖς

421 3123 718 3187 mitiorem
751 3123 1001 3184 faciebat
1032 3124 1538 3204 persecutionem,
1567 3142 1824 3204 parcens
1855 3125 2062 3187 amicis

2146 3124 2310 3182 ἐποίει
2353 3126 2444 3181 τὸν
2489 3122 2749 3204 διωγμόν.
2784 3125 2944 3183 Ἐπεὶ
3003 3125 3057 3182 δὲ
3103 3127 3256 3192 οὗτος
3297 3125 3600 3201 ἐτεθνήκει,
3636 3124 3768 3201 βαρύ-

422 3214 524 3295 qui
547 3221 715 3276 erant
736 3212 892 3275 inter
912 3212 1068 3274 illos.
1109 3216 1427 3294 Postquam
1453 3221 1649 3275 autem
1675 3213 1778 3276 ille
1817 3215 2063 3295 quidem

421 3304 597 3365 vitam
623 3302 798 3378 ﬁniit,
827 3302 907 3381 pii
935 3319 1080 3364 vero
1114 3303 1345 3365 nullum
1373 3301 1668 3364 habebant
1695 3303 1794 3385 qui
1826 3322 1929 3367 eos
1950 3305 2061 3367 de-

420 3393 718 3463 feuderet,
781 3393 978 3474 erupit
1041 3393 1101 3452 in
1152 3411 1254 3454 eos
1304 3394 1532 3471 gravior
1583 3394 1941 3474 persecutio,
2006 3403 2064 3456 et

420 3482 715 3544 columnae
737 3481 958 3563 ubique
991 3481 1373 3562 erigebantur
1404 3501 1510 3562 per
1536 3491 1713 3544 totam
1740 3484 2057 3560 civitatem,

419 3572 478 3634 in
511 3571 744 3650 plateis,
775 3573 834 3634 in
859 3572 1148 3652 fontibus,
1181 3575 1239 3632 in
1273 3572 1435 3649 foris,
1462 3573 1520 3634 in
1556 3574 1776 3653 quibus
1804 3574 1894 3636 eis
1924 3575 2059 3655 qui‘

417 3663 552 3724 dem
584 3662 686 3743 qui
717 3662 828 3724 diis
860 3661 1724 3739 sacriﬁcabant,concedebant
1759 3674 1818 3726 et
1846 3682 2060 3745 aquam

421 3770 662 3814 sumere
695 3760 754 3812 et
777 3751 929 3814 alias
979 3771 1076 3813 res
1110 3753 1352 3815 venales
1385 3773 1400 3814 :
1437 3772 1540 3816 eos
1569 3764 1767 3817 autem
1815 3755 1915 3836 qui
1943 3773 2062 3816 non

420 3841 726 3922 parebant,
765 3851 979 3921 praeter
1000 3851 1218 3904 cratera
1250 3844 1611 3918 mala,etiam
1637 3845 1839 3907 vacuis
1854 3843 2060 3906 dimit-

423 3930 626 3992 tebant
654 3931 1127 3995 manibus.Tunc
1158 3950 1298 4008 ergo
1330 3934 1724 4011 Chromatius,
1751 3953 1895 3995 usus
1925 3952 2062 3995 con-

421 4019 555 4080 silio
581 4019 768 4101 illius,
800 4021 902 4100 qui
935 4021 1260 4084 Romanam
1294 4023 1537 4102 regebat
1579 4025 1916 4099 ecclesiam,
1946 4043 2059 4085 no-

422 4127 560 4172 men
593 4115 646 4172 ei
677 4121 811 4175 erat
838 4113 1044 4195 Gaius,
1077 4116 1334 4196 primum
1399 4117 1638 4196 quidem
1674 4117 1915 4178 domum
1949 4117 2058 4177 du-

421 4218 562 4262 cens
592 4219 799 4262 omnes
830 4201 1363 4281 Christianos,illos
1382 4205 1714 4286 accipiebat
1737 4205 1912 4267 bonis
1941 4207 2064 4268 suis

2143 3235 2294 3292 τερος
2337 3213 2454 3271 κατ’
2493 3219 2666 3273 αὐτῶν
2709 3213 2905 3294 ἐῤῥάγη
2969 3213 3227 3294 διωγμὸς,
3279 3217 3377 3273 καὶ
3421 3215 3608 3284 στῆλαι
3649 3235 3764 3270 παν·

2145 3310 2319 3384 ταχοῦ
2359 3304 2457 3372 τῆς
2516 3304 2724 3367 πόλεως
2771 3302 2984 3378 Ῥώμης
3015 3306 3395 3386 ἀνηγείροντο,
3430 3305 3485 3362 ἐν
3542 3301 3762 3382 ἀγοραῖς,

2145 3393 2198 3450 ἐν
2247 3399 2479 3474 πηγαῖς,
2539 3394 2592 3450 ἐν
2636 3394 3011 3474 πολητηρίοις,
3073 3395 3195 3452 ἔνθα
3252 3397 3382 3462 τοὺς
3441 3396 3539 3469 μὲν
3575 3395 3765 3453 θύοντας

2338 3507 2356 3518 ρ
2396 3489 2448 3518 Τ.
2631 3508 2648 3524 κ
2697 3487 2708 3507 Ι
2899 3508 2911 3518 .
2970 3487 2984 3506 \
3043 3483 3121 3506 (ΙΝ-
3379 3488 3392 3506 \
3490 3492 3515 3502 ιν
3615 3483 3638 3504 ,Ι

2145 3497 2263 3548 τοῖς
2305 3488 2446 3545 θεοι,
2507 3506 2840 3566 συνεχωρουν
2901 3507 2986 3542 και
3041 3503 3224 3552 υοατος
3301 3507 3395 3542 και
3448 3508 3554 3542 των
3610 3482 3764 3539 αλλων

2147 3572 2598 3650 μεταλαμϐάνειν,
2644 3576 2764 3638 τοὺς
2821 3572 2878 3629 δὲ
2921 3575 3257 3641 ἀπειθοῦντας
3307 3587 3498 3638 κεναῖς
3547 3572 3767 3644 ἀπέπεμ-

2144 3687 2246 3722 πον
2275 3681 2398 3732 ταῖς
2450 3667 2626 3746 χερσί.
2691 3666 2822 3724 Τότε
2881 3667 3051 3722 τοίνυν
3117 3674 3437 3744 Χρωματιος
3495 3659 3763 3740 σύμϐουλον

2144 3753 2318 3811 λαϐὼν
2373 3757 2464 3812 τὸν
2521 3756 2780 3836 ἱεράρχην
2835 3762 2934 3824 τῆς
2965 3757 3192 3822 πόλεως.
3227 3761 3391 3820 Γάϊος
3424 3760 3562 3828 αὖτῷ
3591 3753 3761 3822 ὄνομα,

2143 3851 2352 3922 πρῶτον
2411 3845 2508 3920 μὲν
2561 3847 2764 3909 πάντας
2827 3849 3164 3925 Χριστιανοὺς
3220 3848 3290 3912 εἷς
3320 3847 3420 3914 τὴν
3450 3845 3614 3903 οἰκίαν
3640 3842 3762 3919 ἀγα-

2144 3935 2254 4012 γὼν
2285 3940 2445 3991 πᾶσιν
2491 3933 2746 4001 ἐδεξιοῦτο
2783 3950 2895 4001 τοῖς
2951 3939 3195 4017 ἀγαθοῖς,
3247 3935 3344 3993 καὶ
3401 3938 3496 3992 οὒκ
3537 3931 3623 3989 εἴα
3649 3952 3762 4007 προ·

2147 4023 2344 4080 ϐαίνειν
2394 4033 2486 4082 τοῦ
2542 4023 2828 4106 δωματίου,
2889 4029 3047 4084 τοῦτο
3087 4027 3189 4105 γὰρ
3255 4023 3643 4102 ἀσφαλέστερον
3691 4017 3765 4075 διὰ

2146 4114 2268 4177 τοὺς
2313 4115 2714 4193 ἀσθενεστέρους
2770 4116 3054 4195 ἐγίνωσκεν
3087 4132 3102 4147 ⁸
3160 4115 3274 4172 ἐπεὶ
3317 4114 3374 4171 δὲ
3413 4118 3518 4194 οὐχ
3561 4113 3671 4169 οἷόν
3713 4128 3763 4163 τε

2144 4205 2212 4269 ἦν
2271 4205 2542 4262 λανθάνειν
2585 4205 2671 4261 ἐπὶ
2700 4204 2832 4262 πολὺ
2894 4203 2978 4262 διὰ
3014 4208 3075 4262 τὸ
3119 4204 3344 4286 σφοδρὸν
3389 4204 3484 4260 τοῦ
3525 4201 3760 4279 διωγμοῦ,

423 4289 699 4352 omnibus
728 4291 1144 4373 impertineus,
1195 4313 1388 4375 neque
1419 4294 1654 4356 sinebat
1686 4314 1788 4357 eos
1818 4313 1855 4357 e
1883 4294 2060 4356 domo

2146 4292 2226 4359 εἴς
2282 4317 2333 4351 τι
2390 4296 2495 4353 τῶν
2540 4298 2868 4375 προαστείων
2927 4296 3065 4374 ἔγνω
3107 4295 3372 4376 ἀπαίρειν,
3425 4294 3556 4372 πρός
3606 4311 3659 4347 τε
3709 4289 3762 4343 τδ

421 4380 647 4459 egredi,
681 4381 784 4442 sed
825 4400 928 4443 eos
957 4383 1194 4444 volebat
1250 4384 1409 4444 intus
1459 4383 1671 4445 sedere
1705 4404 1719 4445 :
1757 4385 1868 4446 hoc
1899 4385 2056 4447 enim

417 4469 643 4530 sciebat
666 4488 797 4531 esse
823 4471 1006 4532 tutius
1031 4480 1274 4553 propter
1292 4471 1740 4536 imbecilliores.
1764 4472 1880 4536 Sed
1904 4494 2060 4556 quo-

418 4558 576 4620 niam
605 4577 724 4619 non
749 4569 977 4637 poterat
1000 4561 1131 4622 ﬁeri
1157 4570 1219 4622 ut
1240 4560 1342 4622 diu
1367 4562 1641 4636 laterent,
1677 4566 1877 4626 omnia
1898 4565 2058 4627 enim

419 4647 906 4728 deprehendebat
933 4649 1088 4710 acris
1120 4652 1477 4731 persecutio,
1513 4653 1723 4714 statuit
1763 4655 2062 4734 proﬁcisci

420 4738 479 4799 in
515 4737 832 4816 quemdam
867 4740 1221 4820 montem,in
1254 4759 1371 4822 quo
1401 4741 1486 4804 illi
1535 4750 1666 4804 erat
1710 4743 2059 4823 praediolum

418 4835 616 4908 aptum
651 4834 708 4888 et
743 4827 815 4889 ad
849 4827 1332 4904 latendum,etad
1365 4831 1588 4896 fructus
1615 4833 2056 4914 percipiendos,

421 4935 554 4979 cum
594 4917 938 4981 Christianis
983 4918 1478 4983 imbecillioribus
1512 4940 1524 4982 :
1563 4928 1620 4984 et
1650 4921 1770 4984 illic
1803 4925 2065 5003 effugere

423 5005 884 5087 periculum.Et
943 5017 1251 5090 postquam
1304 5010 1417 5073 hoc
1476 5011 1584 5073 fuit
1643 5020 1946 5090 statutum,
2007 5025 2067 5078 et

423 5097 641 5159 Christi
665 5098 917 5179 populus
940 5097 1048 5160 fuit
1071 5101 1131 5161 in
1162 5099 1308 5163 duas
1335 5109 1530 5181 partes
1561 5101 1808 5178 divisus,
1847 5121 2062 5186 nempe

418 5187 482 5248 in
513 5205 642 5250 eam
677 5207 809 5268 quas
867 5189 1164 5269 manebat,
1201 5198 1260 5251 et
1307 5210 1436 5253 eam
1468 5210 1600 5272 quae
1633 5191 1865 5254 volebat
1893 5212 2064 5258 rece-

417 5275 583 5353 dere,
619 5277 730 5338 luit
760 5277 918 5340 inter
965 5277 1204 5341 beatum
1236 5280 1648 5344 Sebastianum
1699 5289 1758 5343 et
1782 5280 2058 5365 Polycar-

419 5385 558 5445 pum
597 5365 912 5428 laudabilis
943 5369 1366 5449 controversia,
1399 5390 1529 5450 qua)
1560 5371 1674 5434 tale
1705 5371 1907 5435 habuit
1937 5375 2059 5438 ini-

424 5454 595 5526 tium,
631 5463 691 5515 et
722 5473 789 5516 ex
823 5456 937 5518 hoc
972 5465 1130 5518 mota
1149 5458 1466 5520 est.Diviso
1499 5461 1659 5522 enim
1697 5462 1914 5542 populo
1947 5483 2061 5527 ne-

422 5560 592 5604 cesse
616 5552 738 5605 erat
756 5561 860 5606 eos
880 5564 1138 5626 quoque,
1174 5553 1238 5609 ut
1268 5549 1366 5628 qui
1399 5549 1507 5610 soli
1542 5550 1678 5613 aliis
1703 5563 2053 5634 praeessent,

2146 4385 2326 4442 λαθεῖν
2403 4387 2492 4442 καὶ
2571 4388 2704 4464 πρὸς
2787 4392 2962 4443 πᾶσαν
3044 4385 3383 4466 καρποφορὰν
3457 4379 3758 4466 ἐπιτήδειον,

2145 4476 2280 4550 μετὰ
2337 4481 2444 4531 τῶν
2491 4475 2874 4553 ἀσθενεστέρων
2919 4465 3272 4555 Χριστιανῶν,
3333 4475 3555 4532 κάκεῖσε
3610 4465 3760 4526 διαδι-

2144 4565 2387 4645 δράσκειν
2441 4567 2531 4622 τὸν
2588 4564 2847 4628 κίνδυνον.
2910 4565 3060 4624 Ἐπεὶ
3117 4564 3174 4622 δὲ
3204 4569 3232 4622 ὁ
3264 4566 3356 4622 τοῦ
3400 4570 3625 4644 Χριστοῦ
3646 4558 3758 4619 λαὸς

2145 4659 2217 4720 εἷς
2267 4654 2356 4712 δύο
2412 4655 2548 4734 μέρη
2603 4653 2848 4735 διῇρητο,
2897 4656 2980 4720 εἵς
3029 4677 3085 4712 τε
3127 4657 3191 4713 τὸ
3246 4654 3404 4732 μένον
3447 4655 3534 4711 καὶ
3588 4653 3657 4714 εἰς
3705 4649 3758 4703 τὸ

2143 4745 2352 4803 ἀπιέναι
2411 4744 2754 4821 βουλόμενον,
2803 4745 3012 4824 ἐγένετό
3067 4766 3146 4812 τις
3211 4743 3404 4821 μεταξὺ
3447 4747 3552 4801 τῶν
3606 4759 3759 4818 μακα-

2147 4837 2270 4912 ρίων
2355 4833 2706 4894 Σεϐαστιανοῦ
2809 4837 2897 4892 καὶ
2993 4834 3341 4913 Πολυκάρπου
3423 4829 3757 4907 ἐπαινουμένη

2147 4923 2368 5004 διαφορά
2405 4942 2420 4956 ⁸
2465 4927 2560 4982 τοῦ
2588 4925 2688 5004 γὰρ
2745 4925 2878 4982 λαοῦ
2907 4925 3256 5004 διαιρεθέντος
3306 4923 3407 4982 ἔδει
3439 4924 3526 4982 καὶ
3565 4921 3760 4980 τούτους

2145 5015 2237 5072 ἅτε
2296 5017 2402 5072 τῶν
2451 5012 2628 5071 ἄλλων
2680 5015 3014 5096 προῦχοντας
3063 5014 3328 5086 ἀλλήλους
3384 5012 3755 5093 διαζευχθῆναι,

2146 5106 2235 5161 καὶ
2293 5105 2385 5160 τὸν
2445 5105 2542 5179 μὲν
2583 5118 2702 5169 τοῖς
2761 5105 3126 5180 ἀποδημοῦσιν
3190 5104 3520 5178 ἀκολουθεῖν,
3576 5105 3662 5159 τὸν
3710 5098 3757 5154 δὲ

2144 5193 2659 5275 συγκαταλειφθῆναι
2703 5208 2822 5260 τοῖς
2868 5195 3136 5272 μένουσιν.
3193 5196 3507 5276 Ἀμφότεροι
3559 5191 3614 5250 δὲ
3665 5209 3753 5246 πο-

2141 5287 2350 5350 θοῦντες
2408 5291 2500 5342 τοῦ
2570 5287 2853 5363 μαρτυρίου
2910 5286 3214 5367 μετασχεῖν
3239 5335 3254 5361 ,
3307 5287 3548 5363 ἑκάτερος
3601 5280 3756 5358 μένειν

2146 5373 2420 5449 ἐϐούλετο,
2479 5376 2566 5433 καὶ
2610 5373 2844 5434 κίνδυνον
2873 5379 3066 5456 ἡγεῖτο
3109 5376 3418 5457 διαμαρτεῖν
3475 5383 3569 5446 τῆς
3613 5368 3755 5437 ἀθλῆ-

2143 5490 2304 5531 σεως.
2365 5465 2536 5524 Ἀλλὰ
2593 5470 2794 5536 ταῦτην
2845 5467 3047 5547 ἀγαθὴν
3078 5467 3185 5547 ’ἑριν
3244 5468 3355 5528 λύει
3398 5467 3555 5531 Γάΐος
3605 5461 3750 5524 οὕτως

2142 5559 2304 5616 εἰπών
2338 5574 2352 5590 ⁶

426 5653 463 5701 a
491 5653 556 5697 se
597 5634 848 5698 invicem
899 5638 1222 5721 disjungui,
1257 5650 1317 5704 et
1363 5642 1614 5706 alterum
1669 5645 1914 5725 quidem
1961 5654 2130 5733 sequi
2163 5670 2289 5717 eam
2333 5661 2562 5734 partem
2597 5669 2729 5734 qum
2778 5650 3197 5722 abscedebata
3247 5655 3491 5731 civitate,
3524 5652 3744 5716 alteram
