4022 6146
212 274 330 351 809

1043 269 1514 347 MARTYRIUM
1573 282 1634 348 S.
1691 261 2143 348 SEBASTIANI
2188 281 2285 346 ET
2347 282 2744 348 SOCIORUM.

3461 293 3580 359 810

212 427 410 482 autem
468 419 726 500 relinqui
757 437 891 481 cum
935 435 1006 480 ea
1035 437 1167 497 qum
1217 416 1516 506 manebat.
1548 417 1617 478 Hi
1671 434 1811 479 vero
1842 417 2106 478 volentes
2158 416 2332 506 ambo
2364 416 2568 479 subire
2626 419 3000 497 martyrium,
3036 420 3267 484 volebat
3320 430 3577 506 uterque

213 527 454 571 manere
489 531 502 569 :
555 518 614 571 et
644 508 970 589 periculum
1022 505 1394 569 existimabat
1427 526 1544 568 non
1575 506 1742 569 adire
1799 513 2121 568 certamen.
2161 505 2277 569 Sed
2309 507 2462 568 hanc
2516 506 2732 570 bonam
2767 507 2928 572 litem
2982 511 3281 592 componit
3309 505 3493 576 Gaius
3517 515 3580 576 in

213 598 476 660 medium
509 598 864 679 procedens,
897 605 955 658 et
984 596 1140 676 apud
1167 613 1271 658 eos
1300 595 1498 657 verbis
1527 602 1698 658 utens
1724 593 2018 675 ejusmodi
2055 617 2068 657 :

288 683 397 756 IE'.
473 694 530 750 Εἰ
590 694 688 768 μὲν
758 693 850 769 μία
922 693 987 760 ἧν
1072 692 1206 770 πρὸς
1289 691 1553 768 σωτηρίαν
1598 690 1850 778 ,φέρουσα

2018 688 2141 753 XV.
2178 689 2238 752 Si
2259 708 2376 751 una
2409 689 2673 772 quidem,
2701 709 2734 752 ο
2760 689 2937 766 beati,
2965 692 3053 755 via
3077 703 3233 758 esset
3256 715 3387 778 qua)
3416 697 3583 761 ducit

207 781 344 857 ὁδὸς,
422 782 467 837 ὦ
548 781 821 859 μακάριοι,
885 779 1063 842 καλῶς
1151 782 1213 836 ἂν
1301 779 1459 858 εἶχε)
1547 777 1684 834 οὕτω
1756 784 1857 845 τῆς

207 870 481 940 ἆθλήσεων
536 869 941 950 ἀντεχομένοις,
1011 869 1105 926 ’ίνα
1165 868 1244 944 μὴ
1301 873 1401 934 τῆς
1465 869 1727 948 σωτηρίας
1799 867 1859 923 ἐκ

207 961 431 1027 πέσητε.
467 958 626 1016 Ἐπεῖ
677 958 734 1015 δὲ
766 960 853 1014 καὶ
883 961 918 1026 ἡ
958 958 1080 1022 τοῖς
1124 957 1412 1036 ὁμολογίας
1443 965 1594 1015 τοῦτο
1652 955 1856 1013 δίδωσιν

211 1054 275 1116 ἦν
329 1051 417 1105 καὶ
479 1046 688 1122 μᾶλλον
757 1045 1147 1125 ἀσφαλεστέραν
1209 1043 1332 1102 οἶδα
1395 1047 1483 1103 καὶ
1563 1045 1852 1125 ἀκίνδυνον,

216 1138 259 1193 τί
313 1137 390 1212 μὴ
446 1137 546 1204 τὴν
607 1135 884 1216 διαμάχην
936 1135 1288 1199 ἀπολιπόντες
1332 1149 1712 1215 παραχωρεῖτε
1755 1135 1856 1191 ἆλ-

211 1224 390 1292 λήλοις
437 1228 536 1292 τῆς
582 1227 868 1291 ἐπαινετῆς
922 1222 1224 1302 διαιρέσεως
1261 1245 1276 1303 ς
1326 1227 1398 1282 Ού
1444 1227 1542 1302 γὰρ
1584 1223 1726 1281 ὅσιον
1771 1227 1856 1289 οὓς

209 1320 281 1385 τῷ
330 1322 540 1391 Χριστῷ
598 1316 894 1390 συνήψατε,
945 1317 1154 1378 τούτους
1208 1313 1568 1390 ἆπαιμάντους
1615 1314 1852 1392 ἀφεῖναι.

212 1403 376 1459 Λοκεῖ
424 1400 475 1458 δέ
506 1425 594 1477 μοι
645 1401 850 1478 μᾶλλον
891 1400 1239 1479 Πολύκαρπον
1290 1417 1406 1464 τοῖς
1457 1403 1666 1460 ἀπιοῦσι
1723 1423 1852 1459 συν-

209 1490 460 1548 απελθεῖν
539 1493 793 1572 ἱερωσύνῃ
876 1490 1269 1570 διαλάμποντα,
1334 1492 1420 1547 καὶ
1489 1492 1667 1546 ἱκανὸν
1728 1490 1854 1546 ὅντα

207 1580 386 1644 καλῶς
451 1579 599 1660 ἄγειν
657 1581 869 1643 αὺτούς.
944 1588 1118 1638 Ταῦτα
1200 1590 1291 1636 τοῦ
1349 1579 1610 1655 μακαρίου
1690 1582 1851 1636 Γαίου

209 1671 472 1746 εἰπόντος,
523 1673 608 1728 καὶ
651 1672 866 1727 πάντων
909 1683 1026 1734 τοῖς
1071 1669 1380 1747 λεγομένοις
1439 1669 1846 1744 ἐπινευσάντων,

208 1753 511 1838 Ῠιϐούρτιος
557 1763 585 1816 ὁ
641 1761 749 1824 υἱὸς
794 1759 1106 1840 Χρωματίου
1149 1758 1294 1828 ἠξίου
1326 1759 1403 1834 μὴ
1451 1755 1847 1834 συναποδημεῖν

205 1855 278 1922 τῷ
345 1852 526 1930 πατρὶ,
573 1848 708 1906 ἀλλὰ
737 1853 805 1926 τῇ
866 1849 1019 1906 πόλει
1049 1848 1446 1926 ἐγκαταμένειν,
1480 1850 1565 1905 καὶ
1609 1849 1698 1903 τὸν
1755 1855 1847 1904 τοῦ

205 1939 488 2017 μαρτυρίου
559 1938 866 2018 ἐκδέχεσθαι
940 1940 1218 2018 στέφανον.
1295 1941 1392 1994 Καὶ
1452 1938 1844 2017 συγχωρήσαν-

200 2051 290 2091 τος
343 2029 436 2085 τοῦ
469 2032 634 2086 Γαῖου
679 2028 762 2085 διὰ
809 2031 904 2097 τὴν
956 2028 1164 2096 πολλὴν
1207 2037 1298 2085 τοῦ
1347 2025 1527 2102 παιδὸς
1577 2027 1840 2103 ἔνστασιν,

1940 779 2009 838 ad
2035 778 2312 869 salutem,
2338 798 2446 840 nec
2471 789 2670 859 posset
2703 779 2800 861 qui
2820 780 2892 842 ab
2917 800 2988 844 ea
3015 795 3276 847 errasset
3295 794 3581 869 consequi

1943 886 2011 928 ea
2082 887 2213 948 quae
2286 867 2726 943 desiderantur,
2788 878 2947 932 recte
3014 871 3262 936 haberet
3329 894 3428 938 vos
3496 867 3582 939 ita

1939 965 2102 1018 arcte
2160 965 2364 1019 tenere
2397 958 2860 1020 decertationem
2911 977 2986 1022 ne
3016 979 3049 1022 a
3094 962 3284 1024 salute
3333 964 3580 1028 excide-

1938 1046 2106 1107 retis.
2143 1043 2258 1108 Sed
2294 1066 2424 1107 cum
2482 1047 2595 1108 hoc
2626 1066 2865 1128 quoque
2894 1048 3176 1128 largiatur
3205 1050 3297 1113 via
3341 1053 3577 1116 confes-

1938 1134 2145 1211 sionis,
2203 1154 2375 1216 quam
2406 1135 2530 1198 scio
2581 1155 2712 1198 esse
2743 1137 3017 1199 tutiorem
3077 1149 3135 1201 et
3167 1141 3360 1202 minus
3409 1142 3573 1221 peri-—

1939 1224 2228 1298 culosam,
2260 1243 2367 1286 cur
2422 1243 2562 1299 non,
2597 1226 2815 1287 omissa
2857 1230 3254 1305 contentione,
3291 1230 3575 1293 laudabili

1941 1313 2231 1374 divisiore
2284 1313 2495 1374 ceditis
2525 1315 2675 1376 alter
2721 1314 2936 1377 alteri?
2985 1315 3110 1378 Non
3158 1319 3316 1379 enim
3345 1318 3432 1381 fas
3483 1327 3574 1382 est

1939 1421 2086 1482 quos
2118 1403 2347 1465 Christo
2379 1402 2789 1481 conjunxistis,
2815 1423 2916 1465 eos
2945 1405 3284 1486 relinquere
3315 1408 3445 1470 sine
3476 1429 3577 1489 pa-

1935 1499 2095 1552 store
2148 1499 2205 1553 et
2236 1489 2457 1571 absque
2495 1499 2687 1554 vestra
2718 1494 3041 1555 curatione.
3102 1493 3350 1558 Videtur
3377 1507 3574 1560 autem

1936 1581 2083 1641 mihi
2117 1581 2310 1661 potius
2338 1579 2723 1662 Polycarpum
2757 1602 2873 1643 una
2914 1583 3002 1645 ire
3033 1603 3168 1646 cum
3219 1585 3574 1649 abeuntibus

1934 1677 1991 1730 ut
2024 1671 2123 1750 qui
2145 1669 2222 1732 sit
2243 1676 2299 1730 et
2321 1670 2650 1731 sacerdotio
2676 1670 2949 1753 insignis,
2977 1680 3033 1734 et
3053 1671 3126 1734 ad
3143 1692 3246 1735 eos
3269 1673 3575 1738 ducendos

1932 1759 2006 1819 sit
2051 1759 2298 1820 idoneus
2331 1767 2388 1820 et
2437 1758 2832 1822 instituendos
2863 1760 2922 1821 in
2973 1762 3217 1842 pietate.
3251 1762 3386 1826 Haec
3437 1784 3573 1828 cum

1930 1847 2138 1910 beatus
2169 1848 2418 1910 dixisset
2451 1847 2628 1910 Gaius
2659 1858 2717 1909 et
2756 1868 2965 1912 omnes
3011 1859 3212 1913 essent
3242 1854 3472 1915 assensi
3502 1855 3576 1916 iis

1931 1956 2058 2018 quae
2083 1937 2452 2014 dicebantur,
2487 1935 2791 1999 Tiburtius
2859 1939 3015 2001 [ilius
3065 1939 3386 2002 Chromatii
3415 1941 3577 2005 vole-

1931 2026 2028 2088 bat
2079 2047 2193 2088 non
2228 2046 2343 2087 una
2373 2046 2506 2088 cum
2545 2036 2707 2107 patre
2757 2028 3065 2106 recedere,
3101 2029 3204 2090 sed
3241 2048 3482 2094 manere
3513 2032 3576 2094 in

201 2120 227 2174 ὁ
283 2118 382 2192 μὲν
439 2119 498 2174 τὸ
551 2117 736 2174 λοιπὸν
795 2119 953 2187 συνῆν
997 2130 1112 2183 τοῖς
1169 2119 1337 2196 ἁγίοις
1402 2119 1488 2173 καὶ
1553 2118 1682 2194 πρὸς
1739 2118 1838 2184 την

1938 2117 2076 2178 urbe
2126 2126 2183 2177 et
2231 2116 2505 2196 accipere
2555 2135 2833 2178 coronam
2887 2118 3174 2200 martyrii,
3225 2127 3284 2182 et
3330 2139 3466 2184 cum
3512 2119 3574 2182 id

201 2205 420 2275 ἅθλῆσιν
468 2205 806 2284 ἡτοιμαξετοο
867 2206 923 2262 δὲ
973 2229 1231 2286 μακαριος
1289 2205 1451 2270 Γάϊος
1497 2207 1621 2270 τοὺς
1665 2228 1836 2262 κατα-

1938 2206 2320 2268 :oncessisset
2360 2206 2538 2266 Gaius
2588 2213 2834 2286 propter
2871 2225 3140 2285 magnam
3176 2210 3571 2271 constantiam

201 2296 505 2376 λειφθέντας
550 2310 778 2374 μακροῖς
825 2319 930 2353 τισι
979 2295 1156 2374 λόγοις
1210 2297 1338 2375 πρὸς
1372 2297 1490 2360 τοὺς
1543 2293 1834 2373 προκειμέ-

1938 2295 2338 2367 tdolescentis,
2373 2294 2473 2355 ille
2504 2294 2744 2374 quidem
2778 2294 3064 2376 deinceps
3095 2305 3222 2357 erat
3261 2316 3380 2360 una
3436 2317 3570 2361 cum

201 2408 319 2450 νους
403 2385 738 2465 ἐπιθαῤῥύνας
837 2387 1044 2462 ἀγῶνας
1079 2433 1095 2459 ,
1177 2388 1263 2442 καὶ
1334 2382 1668 2462 Μαρκελλῖον
1741 2405 1838 2460 μεν

1938 2384 2134 2458 sancti,
2159 2383 2355 2447 divino
2379 2401 2671 2445 accensus
2697 2383 3020 2460 desiderio,
3045 2395 3105 2446 et
3135 2385 3571 2466 propemodum

201 2476 291 2531 καὶ
353 2475 563 2553 Μάρκον
617 2481 694 2549 τῷ
736 2481 841 2530 τῶν
886 2473 1144 2532 διακόνων
1199 2473 1456 2552 τάγματι,
1501 2474 1589 2530 τὸν
1636 2471 1689 2528 δὲ
1733 2473 1849 2529 τού-

204 2585 314 2619 των
371 2563 568 2636 πατέρα
623 2569 699 2637 τῷ
747 2569 853 2620 τῶν
910 2561 1273 2642 πρεσϐυτέρων
1316 2561 1682 2640 ἐγκαταλέξαι,
1743 2568 1850 2617 Σε-

204 2650 488 2710 ϐαστιανὸν
549 2652 600 2708 δὲ
670 2653 759 2710 τὸν
817 2651 1054 2729 ἀοίδιμον
1119 2658 1211 2719 τῆς
1283 2651 1565 2718 ἐκκλησίας
1639 2649 1848 2707 ἔκδικον

205 2744 570 2818 καταστήσας,
620 2743 710 2799 σὺν
769 2742 952 2806 αὺτοῖς
1028 2743 1286 2820 ὁσημέραι
1330 2737 1549 2818 διέτριϐε
1606 2741 1849 2806 νηστείας

209 2831 534 2912 σχολάζουσι
597 2833 682 2888 καὶ
733 2844 1091 2912 προσευχαῖς,
1123 2833 1217 2888 καὶ
1266 2832 1360 2888 τοῦ
1403 2836 1534 2886 Θεοῦ
1582 2827 1849 2903 δεομένοις

202 2926 288 2978 τὸν
351 2923 677 2999 μαρτυρικὸν
729 2919 1084 2987 ἀναδάσασθαι
1142 2922 1418 3000 στέφανον.
1481 2918 1627 2983 Τινὲς
1659 2916 1712 2973 δὲ
1758 2917 1848 2972 νό-

202 3031 313 3074 σοις
385 3007 714 3066 πὸλυειδέσιν
801 3007 1106 3083 ἐξετόμενοι
1189 3008 1352 3085 λάθρα
1445 3008 1576 3082 πρὸς
1662 3007 1847 3068 αὖτοὺς

202 3097 576 3177 ἀφικνούμενοι
661 3099 837 3176 ὑγιεῖς
929 3097 1358 3175 ἀπηλλάττοντο,
1442 3096 1529 3151 καὶ
1606 3094 1847 3168 θαύματα

201 3187 323 3266 παρ’
401 3187 574 3244 αὐτῶν
635 3186 873 3244 ἐτελεῖτο
943 3185 1234 3266 παράδοξα,
1296 3186 1370 3241 ὦν
1436 3184 1503 3240 τὰ
1561 3183 1658 3258 μὲν
1712 3181 1848 3238 ἄλλα

1933 2492 2086 2554 :egre
2116 2473 2312 2534 ferens
2332 2472 2487 2553 quod
2510 2491 2628 2533 non
2652 2472 2826 2536 citius
2850 2472 3184 2536 mitteretur
3211 2473 3285 2536 ad
3316 2474 3570 2537 stadium

1933 2561 2378 2624 decertationis.
2433 2560 2648 2623 Beatus
2691 2570 2888 2624 autem
2941 2560 3146 2643 Gaius,
3183 2581 3314 2624 cum
3349 2582 3450 2626 eos
3473 2564 3574 2644 qui

1931 2659 2368 2731 remanserant,
2399 2650 2491 2711 ad.
2523 2651 2825 2730 proposita
2881 2649 3193 2713 subeunda
3243 2653 3573 2715 certamina

1934 2742 2160 2823 prolixa
2212 2741 2622 2803 conﬁrmasset
2654 2741 2942 2814 oratione,
2978 2747 3038 2803 et
3067 2741 3408 2803 Marcellum
3444 2744 3574 2820 qui-

1931 2832 2066 2893 dem
2119 2839 2175 2892 et
2208 2833 2467 2892 Marcum
2502 2829 2562 2890 in
2597 2829 2868 2891 ordinem
2921 2830 3332 2906 diaconorum,
3364 2849 3572 2893 eorum

1931 2934 2116 2981 autem
2150 2930 2362 2993 patrem
2388 2923 2446 2979 in
2468 2923 2932 2994 presbyterorum
2963 2922 3574 2996 rctulisset,inc|ytum

1931 3029 2066 3071 vero
2089 3008 2502 3071 Sebastianum
2537 3008 2806 3070 ecclesiae
2832 3005 3207 3071 delensorem
3239 3013 3574 3073 constituis-

1931 3108 2043 3175 set,
2078 3117 2209 3160 cum
2249 3098 2336 3158 eis
2368 3096 2704 3158 versabatur
2733 3096 2997 3178 quotidie
3040 3098 3383 3162 vacantibus
3406 3101 3572 3179 jeju-

1933 3189 2046 3250 niis
2077 3185 2539 3259 etorationibus,
2567 3194 2624 3248 et
2653 3185 2841 3248 Deum
2871 3185 3216 3265 rogantibus
3241 3198 3304 3249 ut
3336 3187 3570 3250 fortiter

199 3278 479 3356 παρήσω,
536 3277 745 3356 φεύγων
809 3283 898 3332 τοῦ
968 3275 1128 3355 λόγου
1207 3273 1518 3354 προσκορές·
1597 3273 1710 3334 ἐνὸς
1793 3269 1846 3327 δὲ

1938 3297 1995 3340 se
2026 3285 2303 3356 gererent
2336 3277 2394 3336 in
2426 3274 2851 3337 certaminibus
2874 3284 2936 3337 et
2970 3276 3305 3352 tormentis,
3337 3285 3395 3339 et
3417 3277 3575 3338 redi-

200 3367 367 3439 μόνου
397 3364 880 3440 ἐπιμνησθήσομαι.

1925 3368 2217 3428 mirentur
2267 3383 2489 3426 corona
2519 3364 2801 3445 martyrii.
2852 3364 2926 3426 Et
2959 3365 3044 3426 illi
3094 3364 3336 3446 quidem
3386 3365 3448 3427 in
3474 3366 3572 3438 his

201 3464 398 3521 erant.
451 3455 694 3528 Quidam
727 3464 921 3518 autem
970 3456 1071 3536 qui
1103 3474 1236 3518 cum
1269 3457 1426 3519 varis
1459 3462 1683 3524 morbis
1732 3461 2250 3532 conﬂictabantur,
2287 3458 2435 3520 clam
2470 3457 2541 3518 ad
2575 3476 2677 3520 eos
2724 3459 3100 3540 accedentes,
3131 3458 3260 3520 sani
3305 3467 3574 3521 reverte-

195 3545 438 3620 bantur,
473 3553 529 3606 et
566 3545 783 3607 ﬁebant
823 3545 894 3606 ad
924 3545 1009 3606 eis
1040 3545 1328 3608 miracula
1358 3569 1373 3620 ;
1411 3567 1541 3628 quae
1573 3564 1740 3616 erant
1767 3560 1973 3616 contra
2022 3549 2392 3629 opinionem,
2424 3566 2676 3626 quorum
2709 3546 2820 3608 alia
2853 3547 3094 3626 quidem
3128 3551 3571 3627 pratermittam

194 3634 387 3696 vitans
417 3633 746 3696 satietatem
780 3633 1089 3696 orationis.
1123 3633 1306 3696 Unius
1337 3654 1474 3698 vero
1508 3643 1837 3722 meminere
1870 3656 2044 3720 quam
2078 3644 2286 3716 potero
2321 3635 2697 3698 brevissime.

284 3731 413 3806 1g".
478 3731 682 3790 Κατιὼν
712 3731 840 3787 ποτε
873 3733 899 3785 ὁ
930 3728 1230 3808 Τιϐούρτιος
1274 3729 1334 3786 ἐκ
1361 3737 1463 3793 τῶς
1510 3735 1697 3811 οἰκίας,
1733 3736 1852 3794 ἔνθα

198 3820 337 3889 ἦσαν
369 3823 419 3878 οἱ
473 3821 641 3899 ἃγιοι,
674 3817 889 3899 ἐνέτυχέ
934 3841 1035 3876 που
1077 3818 1212 3875 κατᾶ
1262 3820 1359 3886 τὴν
1410 3821 1606 3903 ἀγορὰν
1635 3824 1744 3884 ἅνω
1799 3825 1852 3892 ἐξ

200 3912 366 3987 ὕψους
423 3910 662 3985 πεσόντι,
722 3911 808 3966 καὶ
868 3908 1005 3966 οὕτω
1062 3908 1244 3974 δεινῶς
1315 3907 1522 3990 ἔχοντι,
1586 3916 1658 3978 ὡς
1730 3916 1848 3980 τοὺς

196 3996 535 4067 ἐπιτηδείους
611 3997 938 4076 ἀπογνόντας
1018 3998 1173 4057 αὐτοῦ
1232 4000 1329 4066 τὴν
1401 4005 1690 4080 σωτηρίαν,
1760 4012 1848 4061 τοῦ

197 4091 368 4171 τάφου
439 4087 601 4164 μόνου
655 4090 741 4144 καὶ
796 4092 897 4155 τῆς
956 4088 1098 4153 ὁσίας
1156 4089 1468 4167 φροντίζειν.
1540 4091 1849 4160 Πλησιάσας

201 4181 288 4237 οὖν
348 4186 431 4254 τῷ
492 4177 717 4254 κειμένῳ
762 4178 850 4234 καὶ
894 4176 989 4245 τὴν
1054 4179 1253 4247 συνήθη
1303 4177 1388 4235 ἐπ’
1432 4183 1575 4254 αὐτῷ
1631 4181 1849 4248 τελέσας

197 4269 400 4350 εὐχὴν,
465 4268 588 4346 ὑγιᾶ
643 4273 828 4323 τοῦτον
909 4279 1025 4330 τοῖς
1103 4268 1458 4338 προσήκουσιν
1539 4269 1847 4347 ἀποδίδωσι,

194 4362 331 4438 πρὸς
377 4359 471 4421 οὓς
501 4357 587 4413 καὶ
642 4357 822 4435 φησίν*
881 4357 936 4413 El
965 4353 1210 4432 βούλεσθε
1260 4359 1346 4414 καὶ
1375 4359 1530 4434 ὑμεῖς
1589 4360 1852 4440 παράδοξα

194 4446 326 4528 ἔργα
388 4445 596 4526 τελεῖν,
642 4445 956 4502 πιστεύσατε
1013 4451 1089 4518 τῷ
1133 4451 1364 4527 Χριστῷ,
1408 4446 1534 4527 παρ’
1579 4452 1638 4506 οὗ
1693 4451 1853 4526 κάμοὶ

190 4536 360 4594 τῶνδε
424 4542 531 4591 τῶν
587 4535 868 4610 Θαδμάτων
922 4536 956 4602 ἡ
1000 4532 1242 4610 δύναμις.
1303 4535 1453 4593 Ἐπεὶ
1491 4535 1545 4593 δὲ
1597 4539 1852 4616 πειθομέ-

193 4648 314 4691 νους
373 4622 520 4682 εἶδεν
579 4623 745 4704 αύτῷ,
805 4624 934 4701 πρὸς
1006 4623 1166 4680 Γᾶϊον
1238 4623 1440 4703 ἤγαγεν
1499 4629 1683 4705 εἰπὼν,
1751 4630 1852 4685 Ag-

193 4738 301 4796 χου
365 4714 608 4792 τούτους,
676 4713 841 4792 πάτερ
892 4714 1054 4792 τίμιε,
1112 4715 1198 4778 οὓς
1267 4712 1335 4769 δι’
1409 4717 1541 4792 ἐμοῦ
1620 4720 1853 4796 σήμερον

196 4805 210 4814 .
269 4805 280 4814 .
323 4802 348 4814 -
533 4805 546 4814 .
606 4808 644 4814 _.
788 4803 797 4814 .
913 4795 957 4814 ο-
1032 4802 1073 4814 -.
1346 4803 1358 4814 .
1568 4808 1581 4814 _
1656 4807 1667 4814 .
1833 4808 1843 4814 .

2015 3729 2164 3792 XVI.
2195 3727 2578 3790 Descendens
2629 3727 2944 3808 aliquando
2977 3727 3180 3790 beatus
3210 3725 3516 3790 Tiburtius
3542 3747 3576 3791 ο

1935 3820 2111 3882 domo
2136 3819 2196 3879 in
2224 3836 2336 3898 qua
2362 3825 2530 3877 erant
2558 3817 2772 3898 sancti,
2796 3816 3009 3879 incidit
3041 3817 3102 3877 in
3124 3816 3250 3878 foro
3281 3818 3340 3878 in
3373 3816 3573 3878 humi-

1934 3928 2074 3971 nem
2101 3908 2202 3988 qui
2233 3925 2300 3968 ex
2328 3906 2445 3967 alto
2476 3906 2797 3986 ceciderat,
2832 3913 2890 3968 et
2937 3924 2969 3966 e
3000 3923 3139 3968 casu
3178 3913 3291 3967 tam
3326 3904 3480 3968 male
3509 3923 3575 3967 se

1933 3998 2206 4073 habebat,
2243 4003 2310 4057 ut
2341 3997 2473 4075 ejus
2501 3995 2823 4056 necessarii
2871 3995 3253 4075 desperantes
3285 3993 3360 4056 de
3390 3995 3580 4057 salute

1933 4088 2278 4168 sepulcrum
2325 4086 2516 4146 solum
2549 4092 2606 4144 et
2655 4083 2812 4161 justa
2861 4091 2912 4144 ei
2959 4084 3231 4146 facienda
3271 4091 3574 4148 curarent.

1934 4179 2081 4240 Cum
2104 4175 2300 4256 itaque
2323 4173 2379 4234 ei
2403 4173 2500 4254 qui
2521 4171 2760 4252 jacebat
2783 4172 3404 4254 appropinquasset,et
3426 4191 3577 4234 con-

1932 4275 2128 4329 suetas
2147 4280 2470 4346 supereum
2488 4280 2694 4342 preces
2712 4261 2976 4341 fecisset,
2997 4261 3255 4323 reddidit
3273 4261 3578 4323 hominem

1937 4374 2146 4417 sanum
2180 4356 2252 4415 iis
2285 4352 2384 4434 qui
2416 4352 2486 4413 ad
2513 4370 2647 4413 eum
2682 4351 3026 4428 attinebant,
3048 4349 3194 4412 adeo
3227 4349 3576 4413 corrobora-

1937 4455 2057 4508 tum
2083 4445 2454 4506 invocatione
2478 4439 2738 4502 nominis
2758 4439 2996 4520 Christi,
3018 4447 3083 4501 ut
3113 4459 3221 4502 nec
3247 4440 3299 4501 ei
3329 4438 3576 4521 quidem

1936 4535 2236 4596 videretur
2261 4531 2374 4594 tale
2402 4530 2543 4613 quid
2567 4530 2811 4591 omnino
2833 4529 3150 4604 accidisse,
3174 4529 3379 4592 Posset
3408 4547 3576 4591 cura-

1936 4625 2158 4686 tionem
2212 4629 2406 4684 autem
2440 4621 2572 4699 ejus
2603 4620 2704 4698 qui
2762 4619 3084 4696 ceciderat,
3111 4619 3424 4682 accersitis
3451 4618 3583 4700 ejus

1936 4710 2286 4782 necessariis
2331 4708 2637 4770 Tiburtius
2667 4707 2811 4768 dicit
2842 4707 2928 4768 eis
2962 4725 2974 4770 :
3031 4707 3095 4770 Si
3124 4708 3300 4770 vultis
3347 4725 3584 4790 quoque

193 4795 478 4884 ἐκέρδανεν
526 4805 554 4858 ὁ
605 4803 854 4881 Χριστός,
913 4795 970 4859 Ὀ
1027 4802 1083 4857 δὲ
1139 4803 1460 4882 κατηχήσας
1528 4807 1714 4872 αὐτοὺς
1764 4795 1850 4864 καὶ

1938 4820 2070 4866 esse
2095 4801 2404 4862 effectores
2447 4813 2651 4858 rerum
2682 4795 3147 4876 admirabilium,
3183 4797 3416 4859 Christo
3447 4815 3583 4858 cre-

195 4896 272 4970 τῷ
327 4894 459 4966 θείῳ
485 4890 774 4956 τελειώσας
822 4891 1145 4968 βαπτίσματι
1175 4905 1293 4958 τοῖς
1341 4893 1556 4958 λοιποῖς
1587 4896 1850 4976 συγκατέ-

1938 4893 2084 4965 dite,
2117 4908 2150 4951 a
2177 4886 2334 4970 quod
2363 4885 2434 4976 ad
2468 4903 2563 4945 me
2592 4902 2826 4964 quoque
2846 4884 3106 4976 profecta
3137 4894 3226 4947 est
3253 4887 3377 4976 hinc
3393 4886 3582 4947 virtus

197 4983 349 5059 μιξεν
387 4980 587 5060 ἁγίοις,
651 4979 798 5037 Ἀλλ’
832 4979 934 5049 ἤδη
984 4981 1164 5058 καιρὰς
1196 4983 1367 5039 εἰπεῖν
1420 4983 1564 5050 ὅπως
1591 4971 1674 5042 τὸ-
1701 4985 1850 5050 τέλος

1939 4978 2380 5041 miraculorum.
2417 4975 2737 5060 Postquam
2763 4989 2904 5032 vero
2936 4971 3076 5032 vidit
3101 4973 3490 5034 assentientes
3517 4979 3583 5034 et

195 5073 486 5144 ἀπήντησε
529 5069 635 5134 τῶς
685 5070 980 5139 ἀθλήσεως
1039 5071 1068 5125 ὃ
1124 5067 1188 5135 δὴ
1215 5073 1303 5127 καὶ
1348 5075 1558 5144 ποιήσω
1586 5081 1692 5132 τῶν
1749 5073 1850 5130 ἅλ-

1939 5076 2238 5150 parentes,
2273 5082 2376 5126 eos
2405 5063 2630 5124 ducens
2658 5059 2730 5121 ad
2762 5060 3148 5150 Gaiumidicit
3178 5062 3233 5123 ei
3267 5081 3280 5124 :
3330 5060 3582 5150 Suscipe

193 5161 308 5219 λων
339 5159 606 5240 ἀφέμενος
619 5207 630 5219 .

1938 5148 2072 5235 hos,
2093 5153 2432 5219 venerande
2459 5159 2644 5232 pater,
2673 5166 2820 5228 quos
2851 5148 3030 5211 hodie
3049 5168 3157 5230 per
3189 5167 3285 5212 me
3309 5149 3582 5212 Christus

197 5253 513 5318 uerifecit.
570 5252 676 5314 llle
724 5259 922 5316 autem
973 5261 1281 5337 postquam
1330 5254 1371 5315 ii
1423 5255 1672 5319 verbum
1735 5254 1877 5317 ﬁdei
1935 5249 2306 5327 didicissent,
2343 5243 2566 5337 divino
2598 5241 2956 5337 baptismate
2997 5241 3287 5337 initia-tos,
3324 5242 3582 5337 commi-

198 5350 326 5406 cuit
379 5342 517 5405 aliis
548 5341 798 5419 sanctis,
835 5330 1077 5425 propter
1123 5330 1250 5406 haec
1283 5344 1404 5406 Deo
1454 5364 1635 5426 agens
1684 5344 1926 5425 gratias,
1966 5343 2065 5422 qui
2119 5339 2264 5400 facit
2320 5331 2699 5426 admirabilia
2757 5333 2818 5426 in
2847 5331 3126 5394 omnibus
3174 5330 3586 5426 invocantibus

191 5435 427 5517 ipsum.
491 5431 616 5506 Sed.
631 5432 756 5512 jam
811 5420 1050 5514 tempus
1079 5442 1170 5496 est
1209 5420 1518 5498 narrandi'
1549 5420 2040 5507 dece'rtationem,
2075 5438 2134 5492 et
2183 5427 2457 5508 quisnam
2505 5421 2639 5486 ﬁnis
2697 5421 3022 5504 unicuique
3054 5421 3318 5487 evenerit
3355 5442 3372 5504 ;
3427 5420 3586 5502 quod

199 5523 470 5606 quidem.
483 5520 694 5584 faciam
723 5521 855 5584 aliis
883 5520 1140 5606 omissis;

281 5617 399 5678 IZ'.
453 5605 517 5675 Ἠ
572 5614 975 5698 μακαριωτάτη⁹
1025 5618 1148 5687 Ζωὴ
1191 5619 1245 5679 ἐν
1289 5622 1358 5699 τῇ
1403 5621 1543 5701 σορῷ
1599 5643 1729 5681 ποτε
1771 5621 1864 5680 τοῦ

538 5725 800 5789 PATROL.
846 5727 961 5793 GR.
1006 5726 1215 5792 CXVI.

2022 5611 2204 5678 XVII.
2239 5606 2588 5674 Beatissima
2613 5604 2732 5671 Zoe
2764 5623 2942 5671 orans
2970 5605 3288 5689 aliquando
3318 5605 3393 5668 ad
3429 5603 3590 5668 locu-

3108 5713 3186 5776 26
