4022 6146
416 337 524 402 811

1577 317 1963 392 ADDENDA.
2030 359 2106 371 —
2174 318 2622 390 JANUARIUS.

3674 305 3804 377 8ιῖ

412 481 538 534 tum
569 469 819 553 apostoli
852 461 1010 532 Petri
1043 462 1114 532 ab
1145 467 1346 548 impiis
1397 461 2058 553 comprehenditurrEt

2147 459 2440 518 ἀποστόλου
2474 459 2669 536 Πέτρου
2726 451 3138 534 προσευχομένη
3183 450 3324 530 παρὰ
3378 457 3483 508 τῶν
3534 448 3809 506 δυσσεϐὦν

418 552 677 643 primum
706 559 943 641 quidem
983 559 1234 620 adducta
1276 556 1351 617 ad
1376 555 1778 634 magistratum
1805 552 2056 626 vicinize,

417 639 476 712 et
529 639 940 711 tantummodo
966 647 1199 726 jubenti
1233 654 1289 706 et
1342 651 1403 705 ut
1454 643 1818 705 sacrificaret
1861 649 2064 710 statuae
2093 639 2106 642 ’

419 738 622 802 Martis
641 755 771 817 quae
799 737 920 796 illic
947 738 1157 807 stabat,
1186 752 1319 795 cum
1342 732 1680 794 verecunde
1714 729 2064 811 respondis-

420 835 554 889 set:
611 827 757 890 Eum
819 827 1010 885 Venus
1043 823 1228 902 magis
1271 821 1659 883 declaraverit
1691 839 1867 900 quam
1928 837 2061 899 ego,

421 920 518 976 illa
555 918 623 974 de
654 926 850 973 caetero
874 916 1103 987 quidem
1134 917 1341 972 mansit
1373 923 1564 972 tacens
1595 922 1649 971 et
1679 914 1873 971 oculos
1903 909 2067 968 humi

415 1003 705 1081 deﬁgens.
739 999 844 1062 Ille
874 1007 1072 1061 autem
1109 1000 1222 1060 hoc
1246 998 1402 1060 dicto
1435 999 1910 1077 efferatusjussit
1939 1012 2066 1056 eam

414 1092 632 1152 servari
649 1090 708 1149 in
727 1107 970 1152 carcere
999 1088 1390 1161 tutissimo,et
1411 1105 1604 1169 neque
1622 1087 1818 1147 lucem
1843 1084 2067 1163 videre,

413 1182 610 1258 neque
640 1178 802 1238 cibos
833 1195 1095 1239 sumere.
1133 1175 1361 1238 Deinde
1394 1194 1528 1235 cum
1576 1193 1674 1236 sex
1710 1174 1840 1234 dies
1868 1181 2032 1234 trans
2057 1206 2070 1218 ο

416 1267 634 1345 egisset
663 1267 721 1326 in
753 1267 863 1327 hac
889 1265 1228 1339 afﬂictione,
1254 1264 1506 1344 septimo
1535 1261 1955 1324 transmittitur
1990 1261 2063 1321 ad

416 1355 753 1435 praefectum
786 1353 1148 1416 Flavianum.
1178 1353 1443 1425 Quicum
1479 1360 1606 1432 post
1640 1351 1852 1412 multas
1883 1351 2065 1410 inter-

412 1445 750 1522 rogationes
808 1443 1056 1504 vidisset
1110 1460 1240 1504 eam
1293 1459 1411 1502 non
1467 1459 1642 1521 posse
1693 1437 2063 1519 persuaderi,

409 1531 580 1612 jubet
611 1549 740 1592 eam
791 1531 853 1591 in
885 1531 1079 1610 aliqua
1111 1531 1230 1591 alta
1277 1529 1490 1590 arbore
1523 1547 1555 1589 a
1586 1527 1778 1608 capite
1812 1545 2072 1606 suspen-

415 1639 564 1701 sam,
617 1629 675 1682 et
728 1621 914 1680 multo
973 1619 1138 1680 fumo
1205 1618 1435 1680 inferne
1496 1613 2073 1695 sullumigatam,sic

417 1710 589 1771 linire
618 1708 820 1770 vitam.
855 1707 924 1768 Et
944 1707 1043 1769 illa
1061 1707 1300 1788 quidem
1321 1708 1408 1768 sic
1442 1705 1742 1785 migratad
1769 1704 2069 1766 Christum

415 1797 841 1859 desideratum.
903 1795 1188 1858 Crudeles
1239 1805 1433 1856 autem
1465 1794 1808 1874 parricidae
1855 1809 2070 1870 corpus

2146 547 2592 624 συλλαμϐάνεται,
2626 548 2712 603 καὶ
2762 553 2837 620 τῷ
2870 544 3090 622 ἄρχοντι
3150 543 3247 607 τῆς
3302 541 3565 618 γειτονίας
3623 560 3810 617 προσ-

2146 639 2354 714 άγεται.
2411 635 2686 693 Κελεύοντι
2752 633 2840 691 οὖν
2899 635 3040 706 αύτῷ
3091 637 3167 703 τῷ
3230 629 3406 685 ἐκεῖσε
3460 635 3552 684 τοῦ
3608 626 3813 702 ’Ἄρεος

2145 708 2408 801 ἀνδριάντι
2455 729 2604 780 θῦσαι
2656 724 2773 800 μετ’
2808 720 2978 783 αἰδοῦς
3025 722 3242 775 εἰποῦσα
3301 719 3372 778 ὡς
3411 708 3471 772 Ἠ
3519 713 3815 797 Ἀσροδίτη

2151 813 2353 890 μᾶλλον
2416 814 2656 892 τέρψειεν
2711 819 2894 869 τοῦτον
2951 809 2986 877 ἢ
3058 807 3187 887 ἐγὼ,
3243 808 3277 873 ἡ
3342 806 3440 881 μὲν
3496 806 3557 860 τὸ
3612 804 3816 860 λοιπὸν

2152 902 2385 980 ἐσιώπα,
2441 903 2506 957 τὰ
2565 901 2780 976 ὄμματα
2825 901 2898 961 εἷς
2955 903 3058 976 γῆν
3119 893 3405 974 ἐρείδουσα·
3467 896 3494 949 ὁ
3556 893 3608 948 δὲ
3667 894 3814 980 πρὸς

2151 994 2240 1047 τὸν
2300 979 2461 1067 λόγον
2516 990 2700 1047 τούτον
2751 988 3001 1066 ἀγριάνας
3058 983 3302 1040 ἐκέλευσε
3345 982 3508 1049 αὐτὴν
3550 979 3815 1060 ἀσφαλῶς

2152 1084 2442 1159 τηρεῖσθαι
2500 1081 2588 1159 καὶ
2647 1080 2784 1154 μήτε
2842 1083 2954 1155 φῶς
3012 1078 3159 1152 ὃρᾷν,
3222 1075 3359 1146 μήτε
3408 1072 3586 1128 σιτίων
3629 1091 3818 1145 μετα-

2157 1153 2463 1242 λαμϐάνειν,
2524 1153 2614 1232 ηΕΞ
2653 1153 2722 1222 δὲ
2782 1153 3095 1222 διελθουσῶν
3150 1165 3366 1241 ἡμερῶν
3425 1164 3502 1217 τῶ
3571 1161 3814 1239 ἐπάρχῳ

2151 1255 2435 1331 Φλαϐιανῷ
2492 1258 2930 1336 παραπέμπεταιο
2984 1256 3040 1316 ὃς
3087 1254 3402 1309 ἀπειθούσαν
3453 1250 3618 1316 αὐτὴν
3677 1248 3818 1305 ἰδὼν

2153 1347 2426 1403 ἐκέλευσεν
2481 1346 2566 1401 ἐπί
2621 1367 2763 1409 τινος
2823 1343 3031 1420 ὑψηλοῦ
3088 1341 3297 1420 δένδρου
3370 1341 3508 1397 κατὰ
3562 1338 3820 1418 κεφαλῆς

2151 1436 2535 1512 ἀναρτηθεϊσαν
2594 1436 2681 1490 καὶ
2737 1432 2922 1507 πολλῴ
2964 1438 3040 1506 τῷ
3101 1434 3284 1504 διαπνῷ
3340 1431 3572 1486 κάτωθεν
3628 1450 3814 1484 κατα.

2155 1524 2476 1599 πνεομένην,
2539 1522 2701 1588 οὕτως
2752 1523 3060 1578 ἀποθανεῖν.
3126 1522 3320 1577 Τούτου
3391 1517 3444 1574 δὲ
3515 1516 3816 1596 γενομένου

2155 1615 2202 1668 οἶ
2260 1614 2529 1692 μιαιφόνοι
2581 1619 2657 1686 τῷ
2690 1613 2895 1686 σώματι
2954 1611 3154 1677 ταύτης
3213 1608 3354 1664 λίθον
3406 1605 3813 1685 προσδήσαντες

2153 1702 2290 1757 κατὰ
2347 1709 2438 1758 τοῦ
2489 1699 2731 1779 Τιϐέρεος
2774 1701 3098 1770 ἀκοντίζουσι
3156 1697 3422 1774 ποταμοῦ,
3454 1697 3519 1753 τὰ
3574 1695 3813 1775 μέγιστα

2155 1796 2466 1866 ζημιοόντες
2499 1791 2858 1866 Χριστιανούς.

418 1890 550 1968 ejus
578 1895 958 1968 acceperunt,
993 1895 1050 1948 et
1106 1887 1304 1966 lapide
1339 1887 1393 1948 ei
1425 1904 1686 1967 appenso
1720 1885 1781 1946 in
1813 1883 2076 1945 Tiberim
2129 1883 2424 1962 injiciunt,
2461 1883 2863 1944 existimantes
2914 1882 3040 1944 fore
3069 1890 3132 1943 ut
3177 1880 3264 1943 sic
3294 1897 3414 1942 non
3460 1885 3810 1961 appareret,

417 1987 480 2038 et
509 1994 628 2038 non
660 1985 816 2039 esset
849 1976 1201 2039 Christianis
1231 1975 1578 2037 morborum
1615 1975 2135 2036 medicamentum.

495 2068 700 2132 XVIII.
732 2071 1045 2148 Postquam
1072 2086 1210 2129 vero
1230 2067 1416 2129 beatae
1443 2067 1591 2129 Zoes
1607 2068 1943 2148 martyrium
1962 2067 2071 2128 fuit
2095 2078 2130 2126 Β

415 2157 636 2219 sanctis
696 2158 1018 2235 cognitum,
1070 2157 1130 2217 id
1191 2175 1402 2218 omnes
1461 2155 1610 2216 adeo
1670 2156 1934 2217 incitavit
1992 2155 2061 2217 ad

417 2246 676 2306 similem
692 2245 980 2316 zelum,ut
996 2245 1449 2327 Tranquillinus
1462 2245 1678 2307 dixerit
1694 2243 1871 2306 beato
1885 2246 2067 2306 Seba-

419 2337 631 2399 stiano:
659 2335 864 2406 Vides,
891 2335 1133 2396 domine
1167 2334 1270 2416 mi,
1301 2334 1803 2415 quemadmodum
1832 2333 2068 2395 femina;

418 2441 590 2485 sexus
615 2426 1059 2485 imbecillitatem
1085 2437 1350 2498 prompto
1375 2437 1427 2483 et
1451 2427 1624 2484 alacri
1656 2427 1847 2484 animo
1871 2440 2064 2484 corro—

418 2512 982 2589 borantes,coronas
1008 2512 1560 2591 praeripiuntﬂuod
1579 2511 1754 2571 simul
1777 2519 1952 2591 atque
1975 2510 2068 2570 di-

416 2602 603 2664 xisset
632 2602 810 2662 domo
842 2619 1143 2680 egressus,
1169 2609 1227 2660 et
1254 2601 1500 2661 veniens
1522 2599 1592 2659 ad
1624 2598 1881 2660 loculum
1908 2599 2067 2661 beati

417 2690 671 2770 apostoli
701 2688 868 2749 Pauli
893 2688 1103 2748 orandi
1146 2705 1347 2764 causa,
1373 2695 1621 2768 repente
1653 2686 1760 2748 fuit
1788 2706 2066 2768 compre-

417 2780 665 2857 hensus,
701 2785 754 2836 et
811 2775 1111 2854 lapidibus
1143 2775 1391 2836 obrutus
1438 2775 1655 2855 jacitur
1685 2776 1743 2836 in
1774 2775 2064 2842 Tiberim.

418 2865 608 2943 Hujus
662 2882 883 2942 corpus
913 2863 1279 2927 Nicostratus
1311 2873 1367 2925 et
1418 2863 1694 2926 Claudius
1724 2865 1897 2926 simul
1930 2885 2064 2928 cum

418 2957 671 3013 Castorio
698 2957 767 3013 ad
790 2957 945 3028 ripas
966 2965 1285 3028 quaerentes
1313 2966 1371 3013 ut
1393 2958 2065 3030 mandarentsepulturaa.

418 3040 668 3102 veniunt
724 3043 786 3102 in
846 3060 1022 3103 manu
1083 3060 1286 3104 eorum
1349 3046 1447 3123 qui
1508 3043 1967 3122 insidiabantur,
2002 3053 2063 3107 et

417 3129 580 3191 ducti
609 3129 681 3189 ad
716 3132 1087 3210 praefectum,
1117 3131 1266 3192 adeo
1297 3149 1408 3193 nec
1439 3131 1673 3194 blandis
1695 3131 2066 3212 verbis,{nec

416 3217 598 3277 minis
657 3235 768 3279 nec
819 3218 955 3278 ullis
1008 3217 1326 3279 insultibus
1385 3219 1648 3280 converti
1701 3231 1968 3298 potuere,
2003 3229 2066 3281 ut

2234 2067 2342 2126 lH’.
2401 2069 2495 2130 Ὠς
2567 2066 2654 2123 οὖν
2709 2067 2770 2122 τὸ
2835 2065 3119 2145 μαρτύριον
3176 2064 3272 2132 τῆς
3333 2063 3591 2142 μακαρίας
3650 2067 3812 2130 Ζωῆς

2148 2169 2265 2220 τοῖς
2337 2158 2504 2235 ἁγίοις
2567 2155 2828 2233 ἐγνώσθη,
2890 2155 3139 2212 τοσοῦτον
3199 2155 3441 2216 ἅπαντας
3501 2155 3630 2231 πρὸς
3711 2154 3810 2208 τὸν

2149 2244 2336 2321 ὅμοιον
2385 2244 2641 2323 παρὲσιηξε
2695 2244 2879 2323 ζῆλον,
2932 2244 3070 2300 ὥστε
3121 2250 3212 2300 τὸν
3257 2241 3620 2320 Τραγκυλῖνον
3673 2242 3814 2320 πρὸς

2147 2335 2239 2390 τὸν
2269 2335 2528 2412 μακάριον
2575 2332 2957 2407 Σεϐαστιανὸν,
2993 2325 3172 2412 Ὁρᾷς,
3203 2335 3248 2387 ὦ
3300 2331 3440 2409 κύριέ
3499 2353 3626 2404 μου,
3659 2329 3810 2393 ὅπως

2151 2426 2203 2478 αἱ
2259 2436 2508 2501 γυναῖκες
2567 2422 2628 2478 τὰ
2687 2428 2784 2490 τῆς
2857 2424 3060 2501 φύσεως
3127 2419 3339 2481 ἀσθενὲς
3398 2426 3466 2496 τῇ
3537 2422 3808 2495 προθυμιᾳ

2150 2509 2505 2590 ἐπιῤῥώσασαι
2593 2512 2712 2575 τοὺς
2795 2512 3081 2591 στεφάνους
3183 2509 3599 2589 προαρπάζουσι.
3708 2509 3808 2565 Καὶ

2149 2600 2261 2676 ἅμα
2318 2607 2394 2673 τῷ
2425 2599 2570 2678 λόγῳ
2601 2602 2694 2657 τοῦ
2753 2599 3020 2675 δωματίου
3051 2598 3299 2677 ἐξελθὼν,
3331 2599 3420 2654 καὶ
3451 2597 3506 2654 ἐν
3535 2603 3604 2674 τῇ
3657 2602 3808 2678 σοφῷ

2150 2692 2243 2746 τού
2299 2691 2560 2768 μακαρίου
2631 2688 2930 2745 ἀποστόλου
2988 2688 3196 2748 Παύλου
3265 2691 3570 2768 προσευχῆς
3640 2687 3807 2766 χάριν

2150 2779 2452 2858 γενόκενος,
2511 2779 2656 2840 εὒθὺς
2731 2776 3158 2853 συλλαμϐάνεται
3189 2825 3205 2853 ,
3267 2779 3355 2834 καὶ
3423 2777 3582 2839 λίθοις
3624 2796 3801 2830 κατα-

2150 2867 2380 2932 λευσθεὶς
2438 2875 2512 2942 τῷ
2564 2867 2774 2945 ῥηθέντι
2831 2866 3088 2923 ἐκδίδοται
3147 2871 3397 2941 ποταμῷ.
3483 2865 3677 2922 Τούτου
3732 2865 3800 2919 τὸ

2149 2957 2300 3032 σῶμο
2351 2958 2704 3036 Νικόσνρατος
2763 2959 2850 3014 καὶ
2911 2954 3167 3021 Κλαύδιος
3226 2955 3338 3032 ἅμα
3382 2955 3613 3029 Κάστορι
3655 2953 3804 3030 παρᾶ

2146 3047 2239 3107 τὰς
2271 3045 2437 3126 ὄχθας
2481 3049 2759 3117 ζητοῦντες
2807 3053 2900 3103 τοῦ
2949 3056 3195 3121 ποταμοῦ
3222 3047 3362 3103 ὣστε
3411 3043 3589 3101 δοῦναι
3628 3048 3800 3122 ταφῆ,

2148 3134 2202 3190 ἐν
2235 3137 2387 3214 χερσὶ
2425 3137 2532 3192 τῶν
2576 3134 2778 3192 ἀσεϐῶν
2835 3136 3090 3214 γίνονται,
3132 3135 3219 3191 καὶ
3263 3135 3394 3214 πρὸς
3439 3135 3528 3189 τὸν
3558 3131 3802 3210 ἔπαρχον

2149 3223 2428 3302 ἀχθέντες,
2508 3223 2622 3280 ἐπεὶ
2702 3224 2897 3288 πάσαις
2983 3221 3313 3302 προσϐολαῖς
3388 3221 3802 3300 ἀπερίτρεπτοι-

418 3305 734 3385 praefectus
762 3305 1090 3367 admiratus
1137 3306 1556 3384 significaverit
1587 3308 1712 3370 hare
1740 3308 2062 3387 imperato-

2150 3311 2422 3391 ὤφθησαν,
2458 3311 2692 3370 κελεύσει
2738 3311 3016 3392 βασιλικῇ,
3049 3313 3184 3388 μετὰ
3225 3313 3286 3368 τὸ
3317 3309 3519 3376 πολλὰς
3559 3309 3802 3377 ὕποστῆ-

417 3392 606 3467 ribus,
633 3403 688 3454 et
719 3393 790 3454 ab
832 3393 920 3455 eis
949 3395 1249 3474 acceperit
1280 3395 1644 3457 sententiam
1679 3398 1740 3457 in
1768 3396 1902 3457 illos
1935 3415 2069 3475 quae

2151 3422 2236 3456 ναι
2267 3402 2558 3480 μάστιγας,
2593 3401 2894 3465 θαλαττίοις
2938 3399 3225 3458 ἐκδίδονται
3255 3401 3473 3476 κύμασι,

406 3487 490 3546 sic
520 3485 772 3546 habebat
807 3504 821 3548 :
872 3486 986 3548 Eos
1021 3487 1119 3568 qui
1171 3506 1289 3548 non
1323 3497 1531 3569 parent
1564 3489 1754 3550 edicto
1787 3499 2012 3552 nostrae
2045 3491 2393 3566 divinitatis,
2447 3500 2505 3554 et
2547 3492 2758 3554 nolunt
2789 3493 2904 3554 diis
2933 3493 3294 3574 sacrificare,
3319 3491 3604 3572 jubemus
3658 3509 3799 3554 cum

406 3584 498 3635 ter
528 3574 747 3636 fuerint
773 3577 1097 3639 examinati
1151 3579 1488 3654 tormentis,
1524 3579 1769 3642 marinis
1801 3580 2036 3643 tandem
2087 3581 2236 3643 tradi
2290 3581 2595 3657 ﬂuctibus,
2628 3581 2745 3643 nisi
2777 3583 3041 3660 castigati
3088 3582 3411 3663 supplices,
3440 3581 3626 3644 nostri
3677 3581 3803 3642 im-

405 3664 559 3752 perii
609 3665 899 3726 cesserint
931 3667 1227 3743 potestati.
1286 3668 1406 3730 Hac
1441 3685 1580 3748 ergo
1627 3678 1873 3750 accepta
1932 3671 2249 3752 sententia,
2284 3671 2624 3751 praefectus,
2660 3681 2972 3752 postquam
3007 3670 3206 3733 multis
3257 3673 3343 3734 eis
3374 3671 3554 3733 illatis
3606 3669 3802 3752 plagis

404 3751 550 3814 vidit
577 3770 679 3814 eos
709 3773 826 3814 non
860 3755 1076 3817 cedere
1109 3773 1220 3818 nec
1248 3755 1549 3838 inclinari,
1585 3758 1850 3822 serviens
1877 3759 2139 3823 decretis
2174 3761 2626 3840 imperatorum,
2661 3779 2794 3841 quae
2821 3761 2894 3822 ab
2918 3760 3038 3823 illis
3069 3760 3183 3822 lata
3212 3760 3426 3838 fuerat,
3457 3759 3518 3826 in
3547 3751 3796 3823 sanctos

406 3844 750 3922 pronuntiat
783 3843 1162 3905 sententiam.
1197 3843 1268 3906 Et
1298 3846 1382 3907 illi
1415 3847 1658 3925 quidem
1687 3848 1773 3910 sic
1800 3849 2198 3911 consummati
2220 3849 2530 3929 jacinntur
2558 3849 2620 3910 in
2653 3867 2839 3912 mare.

404 4019 417 4030 .
477 3934 611 4030 XlX.
645 3933 947 3994 Curtuatus
973 3946 1161 3995 autem
1185 3939 1272 3995 vir
1303 3940 1538 4012 quidem
1571 3955 1631 3997 re
1660 3941 1890 4012 quidem
1923 3957 2056 4000 vera

2222 3942 2329 4005 16’.
2371 3949 2760 4023 Κουρτουνᾶτος
2808 3941 2952 4023 (sic)
3005 3943 3057 4001 δέ
3088 3967 3169 4009 τις
3214 3945 3347 4024 ἀνὴρ
3385 3942 3635 4013 δυσσεϐὴς
3685 3945 3792 4021 μὲν

401 4020 643 4112 impius,
679 4021 879 4098 specie
907 4041 1046 4084 vero
1078 4023 1212 4103 pius
1245 4033 1302 4086 et
1330 4044 1393 4086 se
1425 4025 1828 4089 Christianum
1863 4027 2055 4089 simu-

2147 4037 2204 4109 τῇ
2263 4020 2504 4112 ἀληθείᾳ,
2552 4020 2819 4112 σχήματιή
2855 4031 2910 4089 δὲ
2969 4033 3190 4103 εὐσεϐὴς
3248 4020 3335 4092 καί
3378 4035 3467 4091 τὸν
3527 4020 3793 4112 Χριστια-

403 4106 537 4205 lans
585 4126 719 4206 cum
751 4127 816 4170 se
868 4112 1171 4173 retulisset
1230 4115 1288 4174 in
1322 4133 1633 4176 nnmerum
1683 4125 2049 4193 sanctorum,

2147 4106 2322 4196 rtvapbv
2377 4106 2823 4198 ὑποκρινύμενος,
2887 4136 3002 4188 τοῖς
3074 4124 3241 4202 ἁγίοις
3298 4124 3483 4181 ἑαυτὸν
3553 4106 3794 4202 ἐγκατα-

397 4197 576 4292 factis
599 4197 743 4276 ipsis
773 4200 1018 4278 przebuit
1052 4202 1483 4292 suspicionem.
1517 4202 1660 4292 Nam
1693 4213 1750 4265 et
1780 4205 2053 4284 positura

2147 4208 2314 4291 λέξας,
2375 4208 2546 4289 ἔργοις
2618 4197 2816 4274 αὐτοῖς
2876 4197 3132 4292 παρεῖχε-
3173 4215 3233 4269 τὸ
3291 4211 3527 4270 ὕποπτον
3593 4197 3670 4289 ’τῇ
3727 4232 3787 4268 τε

401 4285 757 4365 capillorum
791 4307 919 4368 quae
951 4308 1056 4368 par
1088 4299 1214 4351 erat
1246 4291 1606 4353 elaboratior
1653 4301 1712 4354 et
1743 4294 1920 4354 nimis
1953 4313 2055 4356 ac-

2147 4285 2412 4378 περιέργῳ⁷
2445 4285 2559 4356 ⁷’τῶν
2617 4305 2820 4380 τριχῶν
2892 4285 3086 4375 θέὰαξ
3117 4309 3192 4377 τῷ
3261 4322 3319 4358 τε
3375 4285 3655 4380 τροφηλῷν
3691 4299 3791 4368 τῆς

401 4383 626 4474 curata,
659 4381 964 4474 victusque
993 4379 1170 4438 nimis
1202 4380 1398 4441 mollis
1427 4388 1482 4440 et
1511 4381 1822 4463 delicatus,
1856 4392 1914 4444 et
1942 4385 2059 4447 alia

2147 4386 2343 4455 διαίτης
2420 4389 2507 4445 καὶ
2565 4395 2632 4466 τῇ
2690 4379 2826 4456 ἄλλη
2902 4389 3124 4466 ἀιόσμῳ
3179 4379 3490 4470 ἀναστροφῇ
3549 4391 3790 4468 ὑπήγετο

401 4465 648 4558 minime
671 4465 1339 4558 honestaconversatio,
1373 4468 1602 4531 induxit
1622 4489 1726 4532 eos
1757 4472 1859 4553 qui
1887 4473 2054 4535 vide-

2147 4477 2254 4542 τοὺς
2309 4479 2541 4555 ὁρῶντας
2592 4475 2894 4554 ἀπατηλὸν,
2930 4477 3059 4558 ὅπερ
3099 4465 3204 4554 δῆν,
3243 4465 3494 4558 θιγεῖσθαι
3539 4480 3630 4535 τὸν
3676 4465 3786 4536 *ἄν-

401 4549 567 4631 bant,
605 4561 671 4613 ut
698 4553 754 4614 id
777 4553 934 4646 quod
965 4563 1113 4628 erat,
1144 4555 1585 4646 fraudulentum
1614 4549 1916 4622 hominem
1941 4582 2050 4643 pu-

2147 4549 2367 4641 ipw‘nov'.
2430 4571 2502 4626 Ού
2557 4565 2690 4623 πολὺ
2747 4568 2810 4623 τὸ
2857 4549 3042 4643 μέσον,
3076 4549 3318 4625 καὶ-τδν
3377 4568 3637 4646 μακάριον
3687 4577 3785 4627 Τι-

402 4648 590 4700 tarent
642 4651 715 4740 ,οι
768 4641 1174 4740 deceptorem.
1236 4643 1362 4706 Non
1417 4651 1665 4710 multum
1715 4641 2058 4714 intercessit

2147 4651 2376 4733 ἕούρτιον
2457 4653 2511 4711 ἕν
2565 4677 2667 4712 τινι
2713 4657 2816 4711 τῶν
2875 4658 3028 4733 ἱερῶν
3085 4657 3252 4714 οἴκων
3319 4658 3611 4738 εὗχόμενον
3666 4670 3784 4720 τοῖς

402 4732 690 4821 temporis
749 4739 807 4791 et
841 4750 974 4792 cum
1037 4732 1286 4794 vidisset
1320 4735 1559 4797 beatum
1617 4737 1956 4801 Tiburtium
1990 4741 2049 4802 in

2147 4741 2405 4798 Βυσσεϐεσι
2471 4745 2856 4819 καταμηνύσας
2937 4744 3365 4821 συλλαμϐάνεται
3464 4747 3549 4802 κὰὶ
3626 4747 3782 4810 αὒτὸς

400 4818 649 4897 quadam
684 4836 851 4880 sacra
873 4821 1000 4882 aede
1027 4830 1318 4898 orantem,
1337 4832 1395 4886 et
1417 4845 1552 4887 eum
1579 4827 1900 4890 indicasset
1931 4830 2047 4890 im-

397 4906 536 4986 piis,
569 4907 699 4987 ipse
729 4927 964 4988 quoque
997 4913 1532 4991 comprehenditur
1562 4916 1738 4976 simul
1770 4937 1904 4979 cum
1937 4917 2046 4979 Ti-

399 4995 616 5057 burtio.
651 4995 775 5058 Hoc
803 4998 961 5058 enim
988 4999 1067 5060 ita
1101 5000 1350 5075 volebat,
1383 5013 1448 5063 ut
1470 5022 1666 5083 neque
1697 5004 2047 5069 Christianis

393 5083 694 5146 videretur
715 5104 846 5147 esse
878 5087 1234 5165 proditor,et
1258 5109 1388 5151 cum
1424 5093 1565 5154 satis
1597 5111 1706 5174 per
1727 5093 1929 5156 ludum
1955 5095 2040 5156 si-

396 5175 704 5250 mulasset,
737 5176 824 5236 sic
874 5176 1454 5258 deprehenderetur.
1488 5184 1630 5245 Cum
1678 5182 1875 5264 itaque
1904 5183 2042 5247 Fla-

380 5263 588 5324 vianus
619 5274 949 5345 utrumque
979 5277 1248 5329 curasset
1290 5270 1419 5331 sisti
1449 5271 1522 5332 ad
1555 5290 1728 5334 suum
1758 5263 2037 5350 tribunal,

375 5349 532 5439 dicit
550 5353 855 5416 Curtuato:
890 5352 1040 5414 Num
1067 5362 1127 5417 tu
1156 5373 1390 5436 quoque
1407 5377 1512 5439 pro
1544 5358 1666 5422 Deo
1691 5361 1876 5424 habes
1899 5349 2040 5425 cru?

371 5438 653 5505 citixum?
684 5443 828 5503 Cum
856 5442 908 5502 is
936 5453 1135 5505 autem
1171 5438 1538 5510 subridendo
1572 5448 1838 5527 dixisset,
1874 5471 1939 5515 se
1971 5454 2036 5514 il-

2135 4832 2270 4888 ἑκὼν
2350 4833 2485 4907 μετὰ
2539 4831 2863 4910 Τιϐούρτιον,
2927 4834 3020 4890 ἵνα
3094 4837 3232 4911 μήτε
3313 4834 3576 4914 προδότης
3636 4835 3779 4892 εἶναι

2131 4918 2254 4997 δόξῃ
2311 4927 2674 5000 Χριστιανοϊς,
2708 4924 2794 4979 καὶ
2833 4924 2931 4992 τὴν
2996 4924 3351 5002 προσποίησιν
3404 4927 3597 4988 ἱκανῶς
3659 4923 3778 4980 δια-

2129 5010 2313 5075 παίξας
2391 5011 2528 5068 οὕτω
2605 5015 2902 5092 φανερωθῇο
2985 5012 3281 5079 Φλαϐιανὸς
3341 5015 3428 5071 οὖν
3506 5013 3779 5090 ἑκατέρους

2126 5103 2204 5172 τῷ
2259 5101 2404 5173 οἰκίῳ
2462 5102 2938 5177 παραστησάμενος
2993 5103 3222 5183 βήματι,
3271 5101 3414 5181 λέγει
3472 5109 3545 5178 τῷ
3602 5112 3780 5182 Κουρ-

2127 5189 2386 5263 τουνάτῳ·
2449 5190 2536 5257 Μὴ
2598 5188 2695 5246 καῖ
2757 5191 2819 5246 σὺ
2861 5197 2937 5266 τῷ
2985 5191 3367 5270 ἐσταυρωμὲνῳ
3424 5191 3777 5271 προσανέχεις

2129 5283 2297 5352 Θεῷ;
2363 5284 2465 5336 Τοῦ
2536 5275 2591 5334 δὲ
2662 5279 2799 5355 μετὰ
2852 5277 3198 5356 μειδιάματος
3251 5281 3489 5344 εἰπόντος
3569 5279 3778 5338 ἐκεῖνον

2126 5365 2376 5444 ἡγεῖσθαι
2429 5369 2558 5425 Θεὸν
2616 5368 2673 5424 ὃν
2731 5371 2758 5425 ὁ
2821 5369 3079 5447 μακάριος
3139 5368 3290 5436 οὗτος
3347 5370 3626 5448 κηρύττὲι,
3684 5371 3776 5427 τὸν

2127 5452 2426 5534 Τιϐούρτιον
2484 5463 2560 5531 τῷ
2612 5455 2850 5532 δακτύλῳ
2911 5454 3102 5538 δείξας,
3159 5455 3488 5538 δυσχεράνας
3560 5460 3588 5513 ὁ
3643 5461 3774 5514 θαυ-

366 5533 487 5628 tum
523 5527 869 5628 cristimaore
900 5529 1089 5592 Deum
1121 5550 1299 5611 quem
1328 5535 1430 5596 hic
1459 5535 1691 5613 beatus,
1713 5541 2036 5604 ostendens

2147 5527 2327 5609 ιαστδς
2387 5527 2590 5608 νεανίας
2667 5545 2760 5602 ἐπὶ
2824 5527 2899 5622 ⁷τῇ
2967 5527 3199 5623 τοσαύτῃ
3259 5527 3562 5624 ⁷δεινιέοκρίσιει,
3626 5545 3770 5626 λέγει

360 5611 544 5694 digito
574 5613 940 5700 Tiburtium,
972 5635 1130 5704 aegre
1165 5619 1366 5684 ferens
1397 5611 1784 5690 admirabilis
1815 5629 2030 5694 udole-

2147 5631 2280 5707 ὐτῷ.
2341 5635 2430 5702 Μὴ
2477 5633 2830 5715 παραλογίζου
2875 5611 3100 5716 σαυτὸν,
3132 5611 3199 5691 ὦΓ
3225 5611 3608 5716 Κουρτουνᾶτε,
3640 5611 3718 5694 λα
3759 5662 3786 5696 ν
