4020 6142
211 306 330 390 813
1054 325 1520 389 MERTYRIUM
1568 327 1627 387 s.
1685 323 2135 391 SABASTIANI
2195 329 2292 392 ET
2337 326 2737 394 scamnum.
3460 328 3578 405 814

213 455 391 513 θάνειν
431 457 489 510 ἒν
534 453 708 518 δόλοις
752 455 1078 534 πειρώμενος
1115 472 1130 486 ⁵
1179 455 1348 520 οὐδεὶς
1411 458 1692 515 συνεσθίων
1723 456 1854 535 πόρ-

1945 474 2120 520 scens
2153 468 2370 523 tantam
2399 462 2934 539 simulationem,et
2957 463 3046 526 ira
3075 476 3273 529 motus
3293 467 3436 531 dicit
3469 472 3524 532 ei
3561 492 3576 534 :

213 567 330 607 ναις
383 545 472 600 καὶ
506 544 688 619 μέθαις
722 545 948 624 χαίρων,
983 546 1070 601 καὶ
1099 542 1271 602 τᾶλλα
1326 545 1574 621 πράττων
1617 545 1854 625 ἀναίδην,

1944 545 2034 636 Ne
2073 549 2324 628 teipsum
2358 551 2645 630 decipias,
2701 571 2736 613 ο
2787 554 3096 636 Curtuate,
3134 562 3368 618 tentans
3398 558 3585 625 latere

214 635 290 689 ὧν
340 633 428 690 καὶ
473 633 570 699 τὴν
615 635 837 707 μδήμην
908 640 1074 710 μισῶ,
1126 641 1356 709 Χριστοῦ
1415 635 1661 710 μαθητὴς
1719 635 1854 690 εἶναι

1945 635 2004 694 in
2031 636 2405 701 dolis.Nemo
2427 640 2526 719 qui
2549 640 2809 702 vescitur
2830 659 2944 702 una
2965 633 3098 704 cum
3130 647 3576 727 meretricibus,

209 720 450 778 δύναται.
499 721 573 778 ’Ή
617 721 832 798 ἅγνὸεῖν
865 723 1010 796 ἡμᾶς
1040 719 1220 784 δοκεῖς
1271 725 1385 782 οἷος
1446 726 1524 797 εἷ,
1583 724 1672 779 καὶ
1713 723 1854 785 ὅπως

1945 734 2006 784 et
2030 734 2372 816 perseverat
2395 727 2454 788 in
2474 728 2593 788 vini
2617 731 2858 808 potione
2882 748 3074 811 usque
3095 733 3169 794 ad
3203 719 3578 816 ebrietatem,

212 812 305 867 τὸν
350 810 468 885 ἐμοὶ
528 807 738 876 ἥδιστον
794 809 1106 871 ἐϐούλευσας
1165 811 1412 898 θάνατον,
1473 811 1530 876 ὃς
1605 831 1672 886 με
1720 812 1854 890 ταχὺ

1947 822 2006 874 et
2036 813 2151 875 alia
2181 814 2316 876 facit
2346 807 2748 896 impudenter,
2782 807 3038 898 quorum
3073 822 3162 882 vel
3207 825 3397 886 solum
3452 807 3584 889 me;

208 909 304 958 τοῦ
360 897 614 956 ταπεινοῦ
695 899 880 956 τούτου
966 900 1213 974 σώματος
1292 897 1542 970 διαζεύξει
1567 947 1584 976 ,
1647 901 1733 956 καὶ
1781 907 1854 972 τῷ

1944 901 2192 993 minisse
2220 903 2534 979 abhorreo,
2545 913 2742 986 potest
2763 897 2897 968 esse
2918 906 3138 970 Christi
3167 910 3586 993 discipulus,et

211 986 527 1063 ποθουμένῳ
558 992 779 1062 συνάψει
810 994 1020 1065 Χριστῷ
1054 1005 1069 1062 ;

1943 990 2183 1068 gloriari
2216 993 2374 1054 illius
2405 1011 2511 1074 pro
2543 994 2716 1056 nobis
2766 997 3274 1076 perpessionibus.
3322 986 3586 1067 Putasne

219 1098 328 1174 nos
382 1079 660 1174 ignorare
709 1079 1050 1174 qualis_s_is,
1084 1089 1151 1174 et
1188 1081 1690 1174 quemadmodum
1738 1081 1892 1174 mihi
1905 1084 2411 1164 jucundissimam
2461 1094 2710 1148 mortem
2745 1087 2828 1148 sis
2883 1089 3278 1167 machinatus,
3313 1111 3446 1174 quae
3492 1113 3588 1158 me

216 1169 530 1262 celerrime
561 1167 836 1229 liberabit
861 1167 939 1262 ad
971 1170 1080 1262 hoc
1135 1171 1346 1232 humili
1383 1189 1637 1251 corpore
1669 1181 1730 1262 et
1750 1171 2084 1262 conjunget
2112 1174 2343 1262 Christo
2373 1192 2550 1254 quem
2585 1174 2864 1237 desidero
2884 1182 2912 1238 ?
2939 1176 3085 1239 Nam
3117 1181 3213 1259 qui
3247 1167 3592 1262 exspectari-

209 1274 312 1349 tur
344 1257 643 1320 cruciatus
669 1265 728 1318 et
757 1256 1104 1349 multiplicia
1135 1271 1454 1349 tormenta,
1483 1279 1518 1323 a
1548 1279 1645 1321 me
1673 1260 1945 1322 ridentur
1967 1271 2026 1320 et
2050 1261 2344 1323 habentur
2367 1262 2648 1324 ludibrio.
2674 1265 2882 1344 Neque
2902 1266 3060 1327 enlm
3087 1256 3267 1330 timeo
3289 1256 3586 1349 exsilium,

208 1347 453 1408 domum
479 1364 670 1408 meam
693 1354 904 1425 sponte
930 1346 1129 1410 dimisi
1151 1348 1506 1429 volentibus;
1532 1368 1649 1410 non
1673 1349 1895 1429 ignem,
1929 1369 2048 1411 non
2083 1351 2465 1431 ﬂagella,non
2487 1352 2711 1432 aliquid
2733 1353 2891 1414 aliud
2920 1372 2988 1415 ex
3011 1357 3238 1435 asperis
3258 1367 3316 1420 et
3346 1346 3588 1422 terribiL

207 1436 369 1499 libus
402 1455 648 1517 quorum
677 1436 823 1497 mihi
849 1437 1020 1498 minae
1045 1437 1438 1502 intentantur.
1479 1439 1835 1502 Redduntur
1863 1442 2020 1501 enim
2054 1441 2180 1501 haec
2211 1442 2412 1501 omnia
2433 1441 2759 1503 imbecillia
2791 1451 2849 1504 et
2881 1442 3102 1506 debilia
3124 1446 3320 1508 divino
3342 1450 3584 1515 auxilio.

296 1526 393 1588 K'.
431 1524 729 1590 Φλαϐιανὸς
761 1527 888 1582 εἶπε
916 1545 930 1561 ·
967 1535 1130 1586 Τοῦτο
1161 1530 1256 1603 μὲν
1287 1529 1412 1609 ἄφες
1446 1530 1657 1608 ληρεῖν,
1692 1533 1737 1585 ὧ
1768 1539 1855 1586 Τι-

208 1615 425 1695 ϐούρτιε
461 1634 478 1652 ο
549 1615 670 1690 ἐμοὶ
712 1613 766 1670 δὲ
823 1619 1137 1693 πειθόμενος
1192 1632 1374 1698 φεῖσαι
1436 1619 1533 1686 τῆς
1590 1619 1852 1697 εὐγενείας

205 1728 304 1762 σου
361 1708 447 1762 καὶ
491 1705 584 1772 τῆς
629 1704 903 1778 νεότητος,
952 1708 1147 1782 καὶμὴ
1204 1709 1294 1763 τὸν
1339 1705 1692 1764 ἐπονείδιστον
1725 1716 1852 1766 τοῦ-

204 1817 301 1852 τον
331 1795 548 1871 ἆσπάσῃ
600 1793 848 1855 θάνατον.
895 1787 953 1852 Ὀ
997 1793 1051 1850 δὲ
1096 1797 1227 1873 πρὸς
1281 1796 1439 1854 αὐτόν
1473 1815 1488 1832 ⁸
1543 1797 1616 1852 Οὒ
1669 1799 1846 1874 τοῦτο,

202 1885 391 1963 φησὶν,
437 1883 694 1962 αἰσχύνη,
724 1886 770 1939 ὦ
798 1882 1042 1958 δικαστὰ,
1077 1885 1148 1941 ἐνὶ
1193 1891 1349 1955 ζῶντι
1393 1884 1663 1960 λατρεύειν
1711 1892 1847 1959 Θεῷ,

205 1973 346 2029 ἀλλὰ
389 1970 599 2047 δαίμοσι
646 1971 738 2029 καὶ
804 1976 1021 2039 θνητοῖς
1072 1973 1368 2051 ἀνθρώποις
1431 1974 1491 2030 ἐκ
1539 1976 1723 2030 παθῶν
1764 1995 1852 2029 τι-

205 2063 503 2138 μωμένοις,
539 2063 626 2126 οὓς
657 2064 703 2118 οἱ
731 2060 971 2125 σέϐοντες
1004 2061 1230 2120 ἐλεεινοί
1275 2063 1376 2119 καὶ
1425 2064 1633 2141 θρήνων
1693 2062 1849 2138 ἄξιοι,

207 2151 263 2208 ἐν
322 2151 411 2216 οἷς
472 2160 852 2228 προσκυνοῦσιν
899 2151 1304 2226 ἀτιμαζόμενοι,
1356 2151 1489 2208 Τότε
1541 2154 1568 2207 6
1614 2149 1852 2230 ἔπαρχος

210 2247 285 2314 τῷ
314 2243 464 2316 θυμῷ
487 2241 680 2314 ζήσας,
744 2239 1020 2296 ἐκέλευσεν
1079 2238 1337 2316 ἄνθρακας
1397 2243 1706 2320 ὶνεχθῆναι,
1763 2243 1851 2297 καὶ

207 2328 355 2408 λέγει
398 2329 542 2403 αὐτῷ
581 2345 594 2359 ⁸
639 2327 797 2385 Ἐλοῦ
839 2337 1045 2404 σεαυτῷ
1073 2375 1090 2404 ,
1157 2327 1300 2386 δυεῖν
1357 2326 1598 2408 θάτερον,
1644 2328 1680 2397 ἢ
1731 2342 1850 2394 τοῖς

209 2420 358 2480 θεοῖς
411 2421 584 2495 θῦσαι,
617 2417 653 2486 ἢ
683 2418 790 2475 τῶν
818 2418 1088 2497 ἀνθράκων
1148 2431 1372 2496 γυμνοῖς
1429 2417 1681 2486 ἐπιϐῆναι
1743 2441 1851 2475 πο-

215 2508 320 2568 σίν,
388 2497 446 2564 Ὀ
503 2507 556 2562 δὲ
613 2507 871 2586 μακάριος
953 2505 1258 2582 Τιϐούρτιος
1336 2511 1560 2586 σταυρὸν
1614 2506 1851 2587 χαράξας

215 2595 347 2663 ἔστη
393 2595 570 2653 ἐπάνω
625 2598 821 2670 αὐτῶν,
853 2598 935 2654 καὶ
969 2595 1110 2675 λέγει
1143 2601 1219 2670 τῷ
1247 2597 1473 2676 ἐποίρχῳ
1502 2613 1516 2629 ⁸
1580 2598 1723 2652 Μάθε
1766 2599 1852 2652 νῦν

209 2685 281 2742 δι’
324 2685 478 2762 ἐμοῦ,
526 2684 606 2743 ὅτι
663 2689 826 2762 μόνος
887 2693 1039 2749 οὖτος
1097 2689 1224 2750 Θεὸς
1285 2686 1574 2759 ἀληθινὸς,
1629 2686 1687 2740 ὃν
1745 2685 1854 2762 ἐγὼ

206 2772 374 2850 σέϐω,
407 2778 494 2832 καὶ
537 2783 693 2854 γενοῦ
723 2776 823 2851 ὀψὲ
851 2776 981 2832 ποτὲ
1033 2777 1370 2853 Χριστιανὸς,
1416 2776 1478 2831 τὸ
1535 2775 1724 2838 σκότος
1757 2775 1851 2841 τῆς

206 2861 452 2928 ἀσεϐείας
497 2864 689 2928 λιπών,
742 2867 804 2922 '0
853 2865 909 2919 δὲ
963 2862 1136 2925 δείσας
1180 2865 1259 2937 μή
1303 2877 1421 2926 τοῖς
1461 2864 1706 2944 θαύμασι.
1724 2863 1851 2919 τού-

205 2975 320 3017 τοις
381 2955 719 3032 ὅπαγάγηται
761 2953 993 3016 πολλοὺς
1038 2955 1170 3032 πρὸς
1229 2954 1328 3020 τὴν
1386 2951 1677 3022 εὐσέϐειαν,
1727 2951 1850 3008 ἐκέ-

204 3042 394 3102 λευσεν
466 3043 776 3123 ἀπαχθέντα
845 3049 1028 3099 τοῦτον
1089 3041 1266 3120 πόρῤω
1325 3048 1418 3098 τοὺ
1478 3039 1662 3104 ἄστεος
1721 3039 1851 3119 ξίφει

2021 1527 2317 1590 XX.Dixit
2336 1530 2648 1592 Flavianus
2679 1529 2830 1594 :Has
2859 1533 3101 1610 quidem
3127 1553 3314 1614 nugas
3337 1540 3528 1614 mitte,
3552 1560 3586 1602 ο

1940 1616 2174 1680 Tiburti
2201 1639 2218 1691 ;
2254 1619 2400 1680 mihi
2433 1629 2628 1680 autem
2665 1638 2902 1699 parens,
2931 1640 3108 1700 parce
3143 1630 3258 1686 tua;
3288 1625 3586 1691 nobilitati

1937 1716 1994 1768 et
2021 1708 2318 1786 juventuti
2352 1715 2507 1770 etne
2539 1709 3060 1788 probrosissimam
3117 1713 3268 1775 hanc
3327 1725 3581 1779 mortem

1937 1797 2340 1876 amplecteris.
2376 1798 2482 1860 Ille
2506 1816 2646 1859 vero
2677 1799 3052 1879 reapondens
3075 1801 3219 1863 dixit
3253 1820 3267 1866 :
3302 1805 3432 1866 Non
3467 1813 3580 1883 est,

1936 1885 2152 1965 inquit,
2191 1887 2474 1966 probrum
2507 1905 2576 1948 ac
2606 1888 2890 1968 dedecus,
2926 1908 2960 1948 ο
2985 1890 3190 1967 Judex,
3223 1893 3448 1956 servire
3478 1896 3586 1957 uni

1935 1973 2057 2035 Deo
2083 1975 2322 2048 viventi,
2358 1976 2464 2036 sed
2495 1975 2868 2038 ilaemonibus
2900 1985 2958 2038 et
3010 1979 3364 2042 mortalibus
3395 1983 3588 2044 homi-

1935 2063 2112 2124 nibus
2143 2063 2242 2144 qui
2275 2065 2644 2125 honorantur
2675 2083 2747 2125 ex
2791 2065 2950 2126 vitiis
2973 2112 2992 2138 ,
3049 2085 3200 2146 quos
3249 2070 3352 2149 qui
3380 2070 3585 2132 colunt

1935 2159 2074 2212 sunt
2098 2152 2472 2213 miserabiles
2495 2162 2553 2214 et
2590 2153 2753 2230 digni
2776 2154 2877 2232 qui
2901 2154 3217 2233 lugeantur
3245 2176 3262 2232 ;
3302 2169 3367 2219 ut
3388 2162 3488 2239 qui
3520 2160 3581 2222 in

1933 2239 2008 2300 iis
2027 2259 2157 2320 quae
2175 2240 2770 2319 adorantignominia
2797 2241 3157 2319 afﬁciantur,
3191 2251 3252 2306 et
3282 2249 3372 2308 sui
3406 2265 3580 2311 erro-

1933 2329 2019 2390 ris
2042 2329 2382 2390 mercedem
2421 2329 2562 2390 hinc
2591 2329 2912 2409 accipiant.
2947 2329 3152 2392 Honor
3181 2335 3338 2394 enim
3371 2353 3580 2398 eorum

1936 2418 2039 2498 qui
2068 2418 2516 2498 adorantur,est
2544 2418 2910 2480 contumelia
2935 2436 3146 2481 eorum
3171 2423 3576 2500 quiadorant:

1937 2517 1995 2571 et
2025 2525 2273 2588 peccare
2305 2507 2459 2587 apud
2493 2510 2654 2587 ipsos
2675 2516 2919 2569 voratur
2935 2508 3158 2571 cultus.
3183 2510 3352 2573 Tunc
3375 2513 3585 2592 praefe-

1937 2605 2068 2661 ctus
2097 2596 2188 2658 ira
2235 2597 2469 2658 fervens
2511 2597 2692 2676 jussit
2747 2596 2950 2658 aﬂ'erri
2999 2597 3316 2675 carbones,
3349 2610 3412 2662 et
3438 2602 3583 2664 dicit

1939 2687 1990 2747 ei
2030 2707 2042 2748 :
2072 2684 2237 2764 Elige
2269 2685 2375 2746 tibi
2405 2684 2668 2757 alterum,
2697 2703 2731 2746 e
2761 2684 3089 2760 duobus,ut
3117 2688 3211 2749 vel
3245 2688 3361 2750 diis
3385 2691 3580 2752 sacri-

1937 2775 2103 2846 ﬁces,
2138 2773 2227 2834 vel
2259 2791 2440 2852 super
2479 2772 2772 2835 carbones
2801 2773 2979 2834 nudis
3029 2775 3272 2837 incedas
3303 2776 3579 2856 pedibus.

1936 2865 2152 2924 Beatus
2182 2870 2377 2924 autem
2437 2862 2744 2924 Tiburtius
2790 2881 2924 2924 cum
2972 2862 3208 2943 signum
3239 2866 3432 2928 crucis
3462 2869 3580 2929 im-

1937 2950 2273 3030 pressisset,
2310 2952 2470 3012 stetit
2501 2969 2680 3031 supra
2713 2951 2880 3030 ipsos
2938 2961 2996 3013 et
3055 2953 3200 3014 dixit
3249 2955 3527 3034 praefecto
3561 2975 3578 3020 :

1938 3039 2086 3100 Vide
2117 3058 2278 3100 nunc
2311 3039 2370 3099 in
2404 3058 2498 3101 me
2521 3048 2740 3120 quanta
2765 3041 2842 3101 sit
2876 3040 3015 3102 ﬁdei
3069 3045 3354 3122 potentia,
3402 3053 3462 3106 et
3484 3046 3582 3108 di-

203 3135 482 3204 τμηθῆναι
537 3133 638 3199 τήν
720 3130 978 3211 κεφαλήν,
1044 3132 1142 3189 Καὶ
1211 3133 1240 3187 6
1314 3131 1412 3206 μὲν
1478 3137 1632 3188 τοῦτο
1688 3129 1852 3208 πέρας

1943 3147 2038 3190 sce
2060 3129 2213 3189 hunc
2230 3128 2421 3190 solum
2446 3147 2578 3190 esse
2602 3147 2807 3190 verum
2849 3128 3036 3191 Deum
3063 3149 3240 3212 quem
3265 3151 3374 3212 ego
3406 3135 3536 3196 colo
3561 3156 3579 3216 ;

203 3220 294 3302 εὕρ
302 3222 437 3278 ίσκει
467 3223 560 3278 τοῦ
587 3221 725 3299 βίου.

1939 3227 1998 3280 et
2023 3217 2261 3280 efﬁcere
2314 3217 2554 3280 tandem
2619 3218 2989 3281 Christianus
3020 3221 3289 3284 excussis
3324 3223 3586 3286 tenebris

203 3312 560 3394 impietatis.
617 3313 725 3375 Ille
750 3329 890 3376 vero
920 3311 1138 3373 timens
1186 3328 1262 3372 ne
1290 3310 1384 3372 his
1435 3309 1736 3372 miraculis
1794 3311 2012 3374 multos
2049 3312 2362 3374 induceret
2407 3311 2480 3373 ad
2533 3317 2830 3391 pietatem,
2862 3312 3042 3392 jussit
3074 3323 3138 3376 ut
3188 3316 3587 3380 adduceretur

203 3401 423 3486 procul
453 3420 490 3464 a
517 3401 749 3465 civitate
777 3409 834 3464 et
858 3400 946 3463 illi
975 3409 1152 3481 caput
1180 3407 1609 3480 amputaretur.
1643 3397 1712 3461 Et
1742 3399 1841 3461 ille
1864 3400 2104 3481 quidem
2131 3401 2352 3464 invenit
2384 3401 2542 3463 hunc
2571 3402 2701 3462 vitae
2733 3402 2942 3465 ﬁnem.

285 3499 436 3561 ΚΜ.
500 3497 632 3554 Μετ’
685 3499 844 3554 αὒτὸν
887 3495 942 3552 δὲ
987 3497 1076 3552 καὶ
1121 3494 1423 3558 Κάστουλος
1483 3498 1512 3552 6
1569 3493 1855 3570 ὃιαιτάριος

203 3588 531 3668 συλληφθεὶς
589 3587 725 3662 μετὰ
802 3584 1032 3648 πολλούς
1122 3606 1180 3640 τε
1252 3585 1509 3660 βασάνους
1566 3584 1618 3639 ἐν
1677 3584 1858 3654 λάκκῳ

200 3678 445 3757 βληθεὶς,
478 3677 594 3733 ἐκεῖ
623 3673 842 3746 τελευτᾷ
870 3676 960 3731 τὸν
991 3674 1124 3750 βίον,
1171 3674 1264 3729 καί
1319 3673 1515 3748 μάρτυς
1559 3677 1638 3744 τῷ
1687 3671 1858 3749 Κυρίῳ

202 3767 564 3846 προσάγεται.
615 3763 738 3822 ’Ἔτι
809 3761 862 3818 δὲ
917 3765 1004 3820 καὶ
1063 3760 1430 3841 Μαρκελλῖνος
1500 3761 1586 3817 καὶ
1644 3761 1856 3837 Μάρκος

203 3860 251 3915 οἱ
313 3869 558 3934 γενναῖοι
614 3859 712 3921 τῆς
783 3849 1044 3915 εὐσεϐείας
1117 3851 1406 3931 ἀγωνισταὶ
1485 3849 1852 3929 συσχεθέντες,

202 3945 302 4003 ναὶ
369 3947 492 4009 τοὺς
571 3942 736 4007 πόδας
808 3941 960 4009 ἥλοις
1035 3939 1377 4018 διαπαρέντες
1453 3939 1538 3997 ἐπὶ
1607 3945 1856 3996 τοσοῦτον

203 4034 464 4094 ἵστασθαι
506 4035 648 4112 παρὰ
716 4039 808 4090 τοῦ
859 4029 1161 4102 δικάζοντος
1221 4031 1693 4110 προσετάχθησαν,
1757 4027 1857 4091 ἕως

206 4140 336 4191 τοῖς
392 4129 537 4188 θεοῖς
568 4125 814 4182 θύσωσιν.
873 4123 933 4179 Οἱ
988 4119 1042 4176 δὲ
1097 4119 1149 4176 ἐν
1197 4120 1363 4196 ταύτῃ
1394 4126 1462 4194 τῇ
1493 4116 1857 4199 χαλεπωτάτῃ

203 4215 431 4293 βασάνῳ
459 4216 544 4294 τὸ,
597 4236 626 4269 α
673 4210 806 4269 Ἰδοὺ
849 4209 914 4279 δὴ
956 4210 1007 4267 τί
1048 4209 1212 4266 καλὸν
1255 4210 1290 4278 ἢ
1321 4210 1372 4266 τί
1409 4210 1656 4288 τερπνὸν,
1692 4231 1720 4264 ι
1770 4209 1856 4264 καὶ

201 4306 274 4362 τὰ
325 4303 449 4372 ἑξῆς
509 4301 842 4381 ἐπιλέγοντες
878 4347 894 4380 ,
957 4299 1188 4380 λόγχαις
1246 4301 1310 4356 τὸ
1383 4298 1693 4357 τελευταῖον
1762 4297 1856 4358 τὰς

204 4394 448 4472 πλευρὰς
502 4390 762 4472 νυγέντες,
823 4393 898 4455 ὡς
968 4393 996 4447 6
1057 4391 1324 4469 Χριστὸς,
1375 4389 1502 4467 ὑπὲρ
1563 4392 1622 4445 οὒ
1693 4393 1856 4444 ταῦτα

206 4484 486 4562 ἔπασχον,
516 4480 725 4561 ἀφῆκαν
757 4481 818 4536 τὸ
847 4485 1077 4554 πνεῦμα.

2019 3493 2170 3555 XXI.
2204 3493 2344 3555 Post
2374 3510 2509 3554 eum
2536 3501 2732 3554 autem
2755 3495 3056 3556 Castullus
3087 3495 3390 3558 diaetarius
3421 3517 3584 3560 com-

1940 3583 2297 3663 prehensus,
2358 3581 2517 3662 apud
2576 3599 2756 3661 quem
2820 3582 3141 3644 manebant
3199 3586 3390 3646 sancti
3448 3594 3584 3666 post

1940 3669 2265 3733 Chromatii
2296 3671 2742 3747 emigrationem
2774 3687 2807 3729 e
2839 3669 3103 3752 civitate,
3135 3681 3193 3733 et
3237 3680 3369 3752 post
3399 3674 3585 3736 multa

1942 3767 2237 3820 tormenta
2268 3761 2570 3838 projectus
2619 3758 2680 3818 in
2739 3757 2957 3828 lacum,
3023 3759 3146 3821 illic
3198 3761 3328 3822 ﬁnit
3377 3763 3579 3824 vitam.

1939 3846 2240 3909 Praeterea
2271 3865 2407 3908 vero
2438 3845 2821 3909 Marcellinus
2869 3855 2928 3906 et
2956 3849 3190 3910 Marcus
3219 3850 3440 3930 egregii
3471 3867 3583 3912 ve-

1939 3937 2130 3998 ritatis
2161 3936 2418 4016 athletae,
2451 3935 2870 4014 comprehensi
2915 3944 2974 3996 et
3005 3937 3187 4016 pedes
3215 3939 3401 4001 clavis
3430 3959 3579 4001 con-

1941 4025 2063 4105 ﬁxi,
2091 4025 2244 4104 jussi
2272 4032 2414 4088 sunt
2465 4043 2500 4086 a
2556 4023 2757 4104 iudice
2791 4026 3001 4088 tandiu
3029 4035 3209 4106 stare,
3244 4029 3436 4091 donec
3465 4029 3584 4090 diis

1940 4115 2265 4179 tribuerint
2286 4117 2572 4176 honorem
2602 4115 2704 4194 qui
2726 4113 2816 4175 eis
2860 4114 3134 4177 debetur.
3171 4116 3264 4179 llli
3293 4127 3486 4180 autem
3519 4120 3584 4182 in

1942 4205 2054 4267 hoc
2084 4213 2378 4267 tormento
2412 4205 2562 4266 adeo
2593 4203 2956 4266 intolerabili
2989 4226 3002 4268 :
3035 4230 3062 4261 α
3093 4209 3249 4269 Ecce
3279 4226 3455 4288 quam
3480 4208 3586 4270 boa-

1941 4312 2081 4355 num
2113 4303 2172 4356 et
2201 4313 2376 4374 quam
2403 4293 2734 4374 jucundum
2759 4293 2849 4370 2,»
2887 4304 2947 4358 et
2977 4313 3112 4374 quae
3142 4295 3433 4378 deinceps
3482 4315 3583 4359 se-

1939 4396 2224 4465 quuntur,
2259 4383 2618 4456 dictitantes,
2643 4383 2734 4445 eis
2760 4390 3062 4464 postremo
3093 4384 3318 4448 lanceis
3346 4387 3583 4465 punctis

1939 4472 2250 4548 lateribus,
2287 4474 2437 4534 sicut
2461 4471 2734 4535 Christus
2753 4489 2857 4552 pro
2879 4492 2995 4554 quo
3019 4475 3142 4537 haec
3175 4474 3582 4556 patiebantur,

205 4577 547 4639 emiserunt
593 4572 889 4654 spiritum.
927 4572 1124 4651 Atque
1154 4571 1238 4633 illi
1269 4569 1511 4651 quidem
1543 4585 1752 4630 omnes
1803 4584 1874 4628 eo
1906 4565 2081 4628 modo
2127 4583 2302 4646 quem
2342 4566 2599 4628 diximus
2634 4569 3047 4649 consummati,
3084 4568 3292 4631 hostiae
3319 4568 3392 4632 ab
3423 4575 3586 4636 omni

205 4656 348 4730 labe
379 4673 442 4727 et
469 4661 944 4744 reprehensione
973 4660 1184 4723 aliena:
1211 4659 1394 4723 oblati
1423 4665 1561 4721 sunt
1587 4657 1862 4720 Domino.

292 4753 426 4815 KB'.
484 4743 838 4814 Σεϐαστιανὸς
869 4751 924 4808 δὲ
978 4754 1006 4809 ὁ
1049 4752 1418 4821 γενναιότατος
1478 4749 1854 4826 μετάπεμπτος

2021 4743 2195 4806 XXII.
2230 4743 2617 4806 Sebastianus
2648 4753 2843 4806 autem
2869 4745 3580 4830 longe'generosissimus,

209 4844 589 4917 Διοκλητιανῷ
644 4849 721 4918 τῷ
775 4840 991 4920 βασιλεῖ
1051 4843 1313 4921 γεγονὼς,
1365 4839 1479 4896 ἐπεὶ
1509 4837 1748 4918 παρέστη
1783 4841 1860 4907 τῷ

205 4933 446 5010 ϐήματι,
486 4932 616 5012 φησὶ
656 4933 789 5010 πρὸς
847 4932 1002 4990 αὐτὸν
1063 4933 1090 4986 ὁ
1135 4931 1405 5009 τύραννος·
1455 4928 1566 4985 Οὐκ
1617 4927 1724 5003 ἐγώ
1774 4945 1858 4998 σε,

205 5027 254 5081 ὦ
287 5019 638 5097 Σεϐαστιανὲ,
669 5020 756 5078 διὰ
787 5021 1046 5098 μεγίστης
1095 5022 1230 5098 ἦγον
1277 5019 1462 5098 τιμῆς,
1516 5018 1604 5074 καί
1655 5037 1736 5072 σοι
1794 5015 1859 5070 τὰ

206 5118 312 5182 τῆς
366 5111 546 5191 ἀρχῆς
600 5108 803 5184 μᾶλλον
849 5109 1176 5185 intersum;
1239 5109 1336 5166 Καὶ
1415 5113 1502 5163 νῦν
1575 5107 1624 5161 τί
1681 5104 1860 5161 παθὼν

206 5205 349 5282 πρὸς
394 5201 656 5268 τοσαύτην
689 5198 1020 5266 ἐξεκυλίσθης
1053 5199 1332 5274 ἀπόνοιαν,
1393 5195 1528 5254 ὥστε
1581 5196 1669 5252 καὶ
1727 5194 1862 5250 κατὰ

207 5298 315 5360 τῆς
379 5295 480 5354 σῆς
519 5296 685 5365 ζωῆς,
730 5291 818 5346 ναὶ
860 5290 996 5346 κατὰ
1035 5296 1129 5347 τοῦ
1168 5291 1298 5364 ἒμοῦ
1354 5287 1575 5366 κράτους
1617 5285 1859 5341 ἀπαυθα-

210 5381 532 5452 διάζεσθαις
595 5377 950 5443 Σεϐαστιανὸς
1008 5379 1172 5436 εἶπε·
1235 5379 1366 5436 Τότε
1421 5376 1518 5452 μὲν
1547 5375 1777 5453 ἀγνοῶν,
1819 5375 1865 5427 ὦ

209 5468 461 5548 βασιλεῦ,
521 5471 612 5525 τὸν
669 5470 821 5532 ὄντος
881 5471 1037 5548 Θεὸν,
1083 5483 1200 5532 τοῖς
1243 5479 1361 5531 σοῖς
1399 5464 1696 5522 ὑπέκυπτον
1728 5461 1862 5518 ἁλο-

212 5560 422 5640 γίστοις
477 5557 715 5638 τάγμασι
747 5575 762 5590 ⁸
829 5565 917 5616 νῦν
964 5557 1019 5614 δὲ
1071 5558 1228 5614 αὐτὸν
1277 5555 1545 5634 ἐπιγνοὺς,
1607 5549 1862 5630 παρεῖδον

297 5705 329 5753 ε
360 5705 516 5771 Psal.
545 5720 790 5782 cxxxiii,
821 5709 883 5767 t.

1942 4834 2191 4895 ultimus
2218 4833 2290 4895 ad
2315 4833 2603 4912 supplicia
2631 4842 2993 4908 reservatus,
3027 4835 3156 4913 ipse
3182 4855 3423 4917 quoque
3450 4837 3584 4914 glo-

1943 4924 2105 4985 riose
2137 4922 2400 5001 suscepit
2452 4940 2731 4984 coronam
2782 4924 3065 5003 martyrii.
3100 4926 3288 4996 Quem
3321 4943 3458 4986 cum
3489 4944 3588 4987 ac-

1944 5011 2224 5074 cersisset
2245 5009 3114 5088 Diocletianus,etjussissetad
3129 5030 3303 5074 suum
3325 5012 3585 5076 tribunal

1944 5100 2119 5173 sistit,
2141 5099 2290 5160 dixit
2306 5098 2363 5159 ei
2393 5120 2406 5157 :
2434 5097 2563 5160 Non
2585 5116 2693 5178 ego
2720 5108 2843 5175 te,o
2867 5098 3304 5175 Sebastiane,in
3329 5102 3587 5164 maximo

1945 5191 2174 5252 honore
2187 5187 2505 5251 habebam:
2524 5196 2582 5249 et
2602 5187 2708 5248 tibi
2724 5188 3043 5268 imperium
3061 5191 3245 5269 magis
3257 5208 3438 5271 quam
3452 5191 3587 5255 aliis

1945 5277 2264 5342 credebam
2291 5276 2315 5339 ?
2346 5275 2417 5338 Et
2449 5296 2610 5339 nunc
2642 5278 2744 5357 qui
2774 5277 2991 5341 factum
3024 5287 3138 5360 est,
3166 5289 3230 5341 ut
3261 5280 3333 5342 ad
3367 5289 3586 5344 tantam

1947 5369 2029 5431 sis
2057 5367 2472 5448 pessumdatus
2503 5368 2850 5441 amentiam,
2886 5375 2950 5428 ut
2980 5377 3186 5432 contra
3216 5378 3375 5432 tuam
3412 5371 3588 5434 vitam

1946 5467 2004 5520 et
2044 5475 2235 5518 meam
2273 5460 2594 5537 potentiam
2651 5465 2706 5519 te
2767 5457 3100 5537 petulanter
3155 5471 3215 5522 et
3266 5459 3595 5525 insolenter

1945 5553 2166 5629 geras?
2198 5546 2355 5610 Dixit
2384 5545 2768 5610 Sebastianus
2799 5567 2812 5607 :
2839 5549 3008 5609 Tunc
3037 5548 3306 5629 quidem,
3341 5568 3374 5612 ο
3406 5549 3592 5634 impe-
