4022 6146
384 307 500 373 815
1542 298 1928 363 ADDENDA.
2004 327 2082 340 —-
2140 288 2596 360 JANUARIUS.
3636 298 3752 366 sio
3824 274 3827 275 ί

382 447 566 516 rator,
611 455 746 502 cum
782 454 984 500 verum
1008 434 1196 498 Deum
1220 433 1561 514 ignorarem
1595 440 1655 493 et
1683 448 1874 494 essem
1909 430 2026 491 im-

2113 431 2199 486 καὶ
2257 428 2485 486 πλοῦτον
2537 431 2624 487 καὶ
2681 430 2832 496 δόξαν
2919 435 3005 489 καὶ
3087 435 3149 490 τὰ
3209 433 3296 491 ἐπὶ
3355 435 3456 513 γῆς
3519 436 3749 512 ἃπαντα,

385 530 637 610 plicalus
668 544 877 588 errore
927 525 1403 598 simulacrorum,
1444 520 1882 610 inconsiderate
1914 518 2029 610 tuis

2113 521 2347 587 ποθήσας
2390 519 2456 574 τὰ
2497 520 2570 584 είς
2633 521 2711 576 ἀεὶ
2769 520 3084 594 διαμένοντα
3139 523 3329 600 ἀγαθὰ,
3393 525 3426 578 ἃ
3485 538 3604 587 τοῖς
3661 527 3753 580 τὸν

379 608 564 698 jussis
597 615 927 677 serviebam
959 632 974 689 ;
1010 631 1166 674 nunc
1226 629 1364 672 vero
1395 629 1530 672 cum
1565 608 1773 698 agnovi
1805 608 2025 698 verita-

2113 609 2336 683 Χριστὸν
2392 610 2670 686 ἀγαπῶσιν
2703 611 3044 685 ἡτοίμασται,
3104 613 3303 676 Μανίας
3355 614 3455 692 γὰρ
3512 614 3754 693 ἐσχάτης

385 697 599 782 tem,et
625 723 800 786 quem
826 722 922 765 me
946 703 1132 764 Deum
1155 700 1353 762 colere
1373 708 1664 780 oporteat,
1690 697 1945 786 despexi,
1970 707 2029 757 et

2113 697 2286 786 θεοὺς,
2313 698 2570 774 ἡγεῖσθαι
2630 705 2830 778 χειρῶν
2885 701 3230 778 ἀνθρωπίνων
3298 701 3426 781 ἔργα
3491 703 3645 782 κωφᾶ
3699 724 3756 758 τε

385 796 615 857 divitias
641 783 705 856 et
738 792 982 872 gloriam
1011 798 1068 852 et
1091 789 1209 852 alia
1231 787 1452 870 quibus
1474 787 1636 868 prius
1670 785 2025 866 resplende-

2113 786 2200 841 καὶ
2245 783 2382 848 ὅλως
2427 787 2739 854 ἀναίσθητα.
2790 788 3011 860 Τούτρις
3063 791 3090 845 ὁ
3149 790 3396 868 τύραννος
3463 792 3538 853 εἷς
3595 792 3757 868 ὀργὴν

387 881 910 964 bam,desiderans
941 897 1012 941 ea
1042 897 1172 959 quas
1199 886 1438 940 manent
1471 885 1529 939 et
1557 895 1676 938 non
1704 876 2026 964 perfluunt,

2113 874 2370 952 κινηθεὶς,
2442 873 2715 931 ἐκέλευσεν
2782 876 2940 933 αὑτὸν
2997 877 3052 932 ἐν
3112 878 3261 953 μέσῳ
3314 887 3390 952 τῷ
3446 877 3610 952 πεδίῳ
3664 880 3759 936 οἶα

384 962 750 1052 ιιιιεορειειιιι
807 977 944 1030 sunt
997 970 1066 1030 iis
1125 969 1222 1048 qui
1281 967 1583 1028 Christum
1619 963 1892 1040 diligunt.
1929 962 2029 1052 Est

2115 963 2318 1018 σκοπὸν
2361 963 2575 1019 τεθέντα
2635 964 2865 1031 πολλοῖς
2908 981 3025 1029 τοῖς
3084 966 3260 1043 βέλεσι
3317 969 3625 1044 βὶλλεσθαιο
3673 970 3762 1024 καὶ

384 1050 562 1122 enim,
605 1066 888 1120 extrema;
943 1058 1221 1118 amentia:
1279 1055 1426 1116 deos
1489 1059 1699 1134 putare
1758 1070 1860 1114 eos
1932 1051 2029 1132 qui

2117 1050 2303 1110 τούτου
2360 1053 2645 1129 γενομένου
2698 1051 2940 1119 δόξαντες
2998 1058 3045 1112 οἱ
3093 1055 3354 1130 ὑπηρέται
3407 1060 3757 1132 νενεκρῶσθαι

385 1150 526 1212 facti
557 1157 696 1210 sunt
717 1166 787 1208 ex
807 1146 1107 1226 lapidibus
1140 1155 1202 1208 et
1234 1145 1348 1207 alia
1373 1142 1730 1224 quaeinterit
1760 1143 2029 1222 materia,

2115 1141 2208 1198 τὸν
2239 1140 2390 1218 ἅγιον
2433 1141 2649 1220 ἀφέντες
2679 1142 2940 1209 ἀπῆλθον.

389 1253 450 1308 et
479 1245 774 1307 honorare
804 1260 984 1323 epera
1015 1259 1292 1304 maxuum
1345 1239 1652 1301 hominum
1683 1257 1813 1319 qua:
1861 1238 2035 1317 paulo
2066 1255 2174 1318 pos
2218 1252 2339 1296 non
2368 1244 2562 1296 erunt.
2620 1233 2724 1296 His
2753 1235 2944 1297 verbis
2993 1236 3064 1299 atl
3095 1237 3244 1300 iram
3289 1245 3484 1300 motus
3516 1237 3756 1302 Diocle-

385 1336 582 1396 tianus
607 1331 787 1412 jussit
817 1350 952 1393 eum
983 1331 1044 1392 in
1070 1330 1266 1392 medio
1296 1345 1506 1409 campo
1539 1336 1816 1408 tanquam
1838 1343 2086 1406 scopum
2119 1323 2489 1407 propositum
2522 1323 2724 1386 multis
2754 1327 2976 1405 sagittis
3005 1327 3146 1408 peti.
3181 1327 3348 1400 Quod
3375 1344 3507 1390 cum
3534 1329 3752 1391 factum

386 1430 563 1501 esset,
599 1421 874 1484 arbitrati
905 1419 1190 1482 satellites
1221 1425 1494 1480 sanctum
1528 1436 1658 1480 esse
1691 1422 2012 1488 mortuum,
2045 1432 2115 1477 eo
2146 1413 2392 1476 dimisso
2423 1422 2822 1476 recesserunt.

465 1513 677 1578 XXIII.
728 1515 874 1577 Cum
927 1532 1042 1574 nox
1094 1520 1291 1574 autem
1347 1511 1708 1590 advenisset,
1761 1510 2028 1590 profecta

2192 1507 2318 1567 Kl".
2385 1510 2583 1572 Νυκτὸς
2641 1505 2686 1564 δ’
2745 1509 3129 1589 ἐπιγενομένης
3187 1516 3504 1591 πορευθεῖσα
3567 1517 3596 1583 ἧ
3657 1523 3755 1572 τοῦ

385 1606 601 1684 conjux
660 1602 916 1666 diaatarii
975 1602 1036 1663 in
1093 1620 1414 1682 campum,
1499 1610 1564 1661 ut.
1620 1600 1750 1678 ejus
1809 1617 2027 1680 corpus

2113 1595 2396 1676 διαιταρίου
2461 1599 2682 1676 σύζυγος
2751 1599 2839 1656 ἐπὶ
2891 1602 2952 1657 τὸ
3016 1599 3216 1681 πεδίον,
3277 1601 3415 1659 ὥστε
3471 1603 3634 1678 θάψαι.
3691 1606 3754 1660 τὸ

385 1695 698 1756 mandaret
729 1693 1073 1773 sepulturae,
1109 1701 1167 1752 et
1224 1697 1359 1750 cum
1393 1708 1529 1751 eum
1565 1688 1887 1750 invenisset
1916 1687 2026 1750 ad-

2113 1689 2266 1762 σῶμα
2321 1690 2501 1766 αὐτοῦ,
2560 1689 2648 1744 καὶ
2706 1691 2878 1758 ζῶντα
2934 1691 3176 1768 εὑροῦσα,
3224 1694 3355 1768 πρὸς
3419 1694 3519 1760 τὴν
3577 1694 3748 1749 οἰκίαν

385 1786 503 1846 huc
538 1783 751 1853 vivum,
784 1781 1029 1843 deduxit
1058 1779 1328 1886 domum,
1363 1788 1422 1840 et
1473 1779 1625 1879 intra
1660 1777 1834 1839 breve
1869 1785 2028 1886 item-

2113 1775 2387 1886 απήγαγε,
2433 1777 2520 1836 καὶ
2563 1775 2627 1884 οὔ
2670 1776 2872 1886 ᾗόλίγου
2927 1787 3123 1859 χρόνου
3180 1781 3240 1837 τὸ
3301 1782 3555 1859 ὑγιαίνειν
3609 1786 3755 1857 αύτῷ

388 1893 498 1955 pus
520 1872 780 1935 reddidit
804 1888 1036 1933 sanum.
1063 1866 1189 1931 Hoc
1211 1887 1346 1930 cum
1377 1867 1764 1930 rescivissent
1785 1867 2026 1947 quidam

390 1981 462 2024 ex
486 1960 836 2024 Christianis
859 1968 919 2023 et
941 1959 1012 2020 ad
1039 1976 1178 2020 eum
1211 1955 2030 2028 accessissent,obsecrabant

390 2058 456 2112 ut
481 2050 670 2112 abiret
691 2069 726 2112 a
750 2049 1006 2128 civitate,
1042 2066 1117 2109 ne
1143 2049 1196 2109 si
1224 2064 1431 2108 rursus
1459 2046 1856 2127 apparuisset,
1893 2045 2030 2125 plu-

389 2139 556 2202 ribus
579 2137 891 2202 tormentis
913 2137 1388 2200 aflicereturJlIe
1411 2144 1605 2198 autem
1633 2153 1752 2197 non
1771 2134 1947 2196 modo
1965 2152 2030 2195 se

392 2246 512 2290 non
534 2227 788 2305 abdidit,
815 2227 920 2289 sed
942 2227 1120 2288 etiam
1140 2234 1304 2288 stans
1320 2225 1381 2287 in
1403 2225 1523 2288 alta
1546 2224 1798 2305 quadam
1823 2224 2027 2303 domo,

391 2335 456 2380 se
495 2316 990 2397 praetereuntibus
1040 2316 1292 2379 ostendit
1343 2313 1829 2396 imperatoribus.
1878 2314 2026 2375 Eum

390 2425 523 2470 cum
557 2405 806 2468 vidisset
834 2405 1240 2469 Diocletianus
1272 2412 1330 2467 et
1353 2406 1424 2467 ad
1474 2423 1540 2467 se
1585 2402 2026 2476 accersivisset,

390 2496 532 2559 dicit
560 2496 657 2558 ei:
690 2495 820 2558 Non
853 2514 918 2558 es
949 2505 1011 2558 tu
1041 2493 1455 2573 Sebastianus,
1513 2512 1690 2574 quem
1724 2511 1832 2554 nos
1866 2492 2030 2572 prius

385 2587 676 2666 jussimus
705 2584 966 2646 interfici
994 2582 1269 2662 sagittis?
1300 2583 1465 2657 Sum,
1502 2582 1718 2658 inquit,
1755 2599 1788 2641 o
1838 2581 2031 2661 impe-

387 2685 592 2754 rator;
652 2681 710 2735 et
767 2691 863 2735 me
892 2672 1200 2734 suscitavit
1230 2670 1583 2734 Dominusa
1635 2670 1907 2750 mortuis,
1968 2677 2030 2732 ut

391 2781 715 2841 cognoscas
735 2780 872 2824 eum
907 2778 1041 2823 esse
1074 2759 1400 2838 Deum,qui
1430 2759 1569 2822 fecit
1598 2761 1888 2841 omnia,et
1909 2778 2028 2821 non

389 2850 644 2930 amplius
701 2850 862 2912 colas
920 2851 1187 2930 impuros
1243 2849 1567 2925 daemones,
1603 2868 1858 2927 quorum
1891 2869 2024 2911 cum

387 2941 588 3002 sonitu
617 2939 838 3021 peribit
864 2940 1174 3004 memoria.
1208 2939 1376 3002 Tunc
1411 2940 1460 3002 is
1481 2939 1662 3019 jussit
1691 2946 1896 3002 sancto
1929 2948 2025 3001 to-

391 3039 514 3092 tum
549 3047 764 3110 corpus
793 3030 974 3091 clavis
1005 3029 1291 3092 contundi
1322 3047 1391 3092 ac
1415 3029 1655 3110 conﬁgi,
1681 3041 1740 3090 et
1772 3031 1858 3092 sic
1891 3047 2025 3090 eum

393 3138 426 3182 e
455 3120 572 3180 vita
601 3120 918 3184 excedere.

2113 1865 2424 1945 ἐχαρίσατο.
2472 1866 2622 1932 Τινὲς
2664 1865 2719 1922 δὲ
2764 1868 2869 1924 τῶν
2920 1875 3249 1945 Χριστιανῶν
3296 1877 3451 1928 τοῦτο
3495 1872 3752 1948 μαθόντες

2111 1955 2342 2013 ἱκέτευον
2395 1954 2591 2034 ἀπᾶραι
2636 1965 2727 2014 τοῦ
2771 1957 2981 2037 ἄστεος,
3027 1957 3122 2014 ’ίνα
3164 1960 3242 2034 μὴ
3286 1958 3443 2015 πάλιν
3496 1963 3757 2040 φωραθεὶς

2111 2043 2326 2102 πλείοσι
2388 2058 2508 2107 ταῖς
2567 2046 2818 2122 βασάνοις
2875 2045 3166 2125 παραδοθῇ.
3242 2040 3300 2106 Ὀ
3357 2048 3412 2104 δὲ
3475 2053 3536 2108 οὗ
3593 2054 3758 2124 μόνον

2116 2137 2211 2192 οὐκ
2254 2133 2564 2213 ἐκρύπτετο,
2617 2135 2754 2194 ἀλλὰ
2803 2139 2889 2194 καὶ
2921 2137 3006 2194 ἐπί
3037 2159 3183 2203 τινος
3238 2135 3506 2214 δωματίου
3545 2141 3758 2216 ὑψηλοῦ

2115 2225 2268 2298 στὰς,
2336 2232 2581 2302 παριοῦσι
2633 2239 2754 2291 τοῖς
2829 2227 3132 2304 βασιλεῦσιν
3202 2226 3450 2296 ἐπίδηλος
3528 2233 3753 2308 γίνεται,

2111 2321 2307 2372 Τοῦτον
2393 2312 2515 2388 ἰδὼν
2602 2315 2981 2383 Διοκλητιανὸς
3080 2319 3168 2374 καὶ
3237 2319 3752 2395 μεταπεμψάμενος,

2110 2401 2252 2480 λέγει
2314 2405 2456 2477 αύτῷ
2489 2421 2506 2441 ⁸
2565 2405 2638 2462 Οὑ
2695 2407 2758 2460 σὺ
2815 2409 2871 2461 εἴ
2927 2403 3301 2477 Σεϐαστιανὸς,
3336 2408 3394 2463 ὃν
3433 2409 3594 2482 ἡμεῖς
3651 2407 3754 2476 ἤδη

2111 2491 2365 2573 πρότερον
2423 2493 2814 2561 ἀποκτανθῆναι
2884 2508 3002 2556 τοῖς
3074 2495 3283 2572 βέλεσιν
3342 2495 3753 2573 ἐκελεύσαμενς

2115 2570 2172 2638 Ὀ
2217 2570 2296 2656 δὲ,
2364 2581 2506 2658 Ἐγώ
2569 2583 2700 2657 εἶμι,
2759 2582 3001 2660 βασιλεῦ,
3049 2570 3174 2664 ἔφη,
3235 2587 3322 2642 καὶ
3366 2583 3549 2665 ἤγειρέ
3600 2570 3673 2661 με
3725 2590 3753 2644 ὁ

2115 2670 2300 2749 Κύριος
2332 2691 2434 2745 μου
2469 2670 2528 2727 ὲκ
2571 2678 2676 2728 τῶν
2720 2679 2918 2749 νεκρῶν
2961 2672 3053 2728 ’ίνα
3084 2675 3222 2752 γνῷς
3267 2673 3346 2731 ὅτι
3403 2676 3554 2740 οὗτός
3611 2675 3754 2732 ἐστιν

2111 2759 2140 2814 ὃ
2182 2759 2395 2815 πάντων
2439 2761 2592 2834 Θεὸς,
2638 2761 2733 2818 καὶ
2778 2761 2972 2838 μηκέτι
3002 2763 3282 2843 προσέχῃς
3339 2776 3460 2830 τοῖς
3517 2764 3751 2843 ἀκαθάρ-

2109 2869 2222 2913 τοις
2282 2847 2516 2923 δαίμοσι.
2567 2853 2696 2909 Τότε
2739 2851 2942 2908 κελεύει
2985 2851 3237 2930 ροπσίλοις
3295 2852 3437 2910 ἅπαν
3493 2853 3554 2909 τὸ
3596 2856 3754 2930 σῶμα

2110 2937 2492 3002 καταξανθέντα
2521 2940 2613 2997 τὸν
2640 2939 2815 3020 ἅγιον,
2849 2940 2989 2998 οὕτω
3017 2941 3202 3018 βιαίως
3234 2943 3547 3004 ἀποθανεῖν,

471 3207 683 3274 XXIV.
717 3209 1032 3291 Postquam
1056 3227 1196 3290 ergo
1255 3209 1354 3272 hic
1400 3207 1607 3270 beatus
1657 3207 1927 3287 migravit
1953 3206 2028 3269 ad

2197 3202 2330 3268 KA’.
2393 3206 2492 3264 Καὶ
2549 3209 2686 3282 μετὰ
2740 3207 2838 3276 τὴν
2893 3208 3078 3273 τούτου
3126 3207 3380 3279 τελευτὴν
3439 3211 3486 3269 oi
3518 3213 3620 3290 μὲν
3648 3215 3758 3272 ὑπ-

393 3299 735 3370 Dominum,
770 3298 1056 3361 satellites
1108 3299 1347 3380 quidem
1401 3298 1532 3378 ejus
1585 3315 1802 3378 corpus
1848 3304 2032 3359 noctu

391 3388 782 3465 sustulerunt,
815 3397 873 3450 et
897 3389 954 3449 in
980 3389 1296 3465 quamdam
1330 3391 1586 3449 cloacam
1622 3387 2026 3466 projeeerunt,

392 3495 527 3538 cum
561 3477 647 3538 sic
671 3477 948 3557 jussisset
979 3485 1284 3558 tyrannus.
1339 3474 1613 3538 Timebat
1664 3476 1822 3536 enim
1875 3495 1952 3538 ne
1981 3473 2033 3536 si

390 3566 772 3647 fuissetapud
800 3567 1166 3630 Christianos
1195 3575 1254 3628 et
1272 3568 1495 3628 faceret
1527 3563 2030 3640 miracula,eliam

395 3664 529 3736 post
557 3655 870 3718 decessum
906 3657 1121 3718 multos
1151 3655 1473 3718 abduceret
1521 3673 1556 3716 a
1585 3655 1920 3717 simulacris
1973 3663 2036 3716 et

397 3745 782 3824 persuaderet
828 3754 892 3808 ut
945 3745 1135 3808 Deum
1190 3746 1457 3808 colerent
1507 3744 1865 3808 Sebastiani.
1925 3743 2035 3806 Hic

395 3847 590 3894 autem
624 3834 835 3898 beatus
861 3835 924 3897 iu
958 3843 1246 3897 nocturna
1295 3834 1528 3897 visione
1569 3851 1866 3915 apparens
1898 3850 2032 3893 mu-

399 3921 531 3984 lieri
561 3923 792 3985 cuidam
825 3925 1001 3987 clarae
1031 3931 1088 3986 et
1119 3925 1354 4005 piae-,cui
1387 3943 1606 3987 nomen
1635 3930 1766 3986 erat
1787 3921 2032 4002 Lucina,

398 4010 546 4072 dicit
568 4013 625 4073 ei
653 4031 668 4076 :
700 4012 866 4076 Vade
923 4015 997 4076 ad
1061 4015 1218 4076 hunc
1251 4014 1472 4090 locum,
1508 4020 1568 4075 et
1595 4012 1800 4093 accipe
1821 4029 2037 4092 corpus

399 4118 597 4161 meum
631 4110 688 4162 et
733 4103 797 4164 id
847 4104 1033 4184 sepeli
1068 4105 1124 4165 in
1149 4123 1221 4167 ea
1250 4123 1380 4185 qum
1411 4104 1633 4164 dicitur
1661 4102 1899 4182 Crypta,
1960 4098 2035 4162 ad

2111 3295 2321 3375 ηρέται,
2372 3301 2466 3352 τοῦ
2515 3297 2768 3375 τυράννου
2827 3297 3175 3364 κελεύσαντος
3203 3343 3220 3376 ,
3281 3301 3344 3357 τὸ
3401 3307 3557 3378 σῶμα
3599 3305 3762 3363 αὑτοῦ

2113 3386 2314 3465 νύκτωρ
2358 3385 2600 3465 ἄραντες,
2660 3387 2746 3453 εἷς
2787 3408 2906 3446 τινα
2948 3390 3055 3446 τῶν
3122 3390 3406 3466 ὑπονόμων
3460 3393 3762 3471 ῥίπτουσιν,

2113 3474 2206 3532 ἵνα
2263 3475 2340 3551 μὴ
2370 3476 2613 3551 θαύματα
2655 3476 2838 3534 τελοῦν
2880 3478 2976 3535 καῗ
3008 3480 3142 3556 μετᾶ
3173 3480 3272 3547 τὴν
3301 3479 3558 3554 διάζευξιν
3614 3484 3759 3542 πολ-

2115 3563 2238 3627 λοὺς
2294 3565 2579 3643 ἀποστήσῃ
2637 3567 2746 3623 τῶν
2801 3565 3053 3631 εἰδώλων,
3112 3570 3171 3626 Ὀ
3221 3567 3276 3626 δὲ
3309 3572 3572 3650 μακάριος
3603 3576 3760 3639 οὗτος

2117 3654 2300 3720 νυκτὸς
2332 3655 2537 3730 γυναικί
2565 3677 2668 3712 τινι
2699 3657 2803 3714 τῶν
2851 3656 3134 3733 ἐπισήμων
3191 3661 3278 3715 καὶ
3327 3658 3555 3717 εὐσεϐῶν
3591 3661 3759 3743 (Λου-

2115 3743 2237 3810 κίνη
2319 3743 2510 3823 ὄνομα)
2570 3746 2844 3812 ἒπιφανεὶς
2871 3791 2888 3818 ,
2975 3745 3120 3826 λέγει
3201 3751 3337 3825 αὐτῇ
3374 3763 3388 3780 ⁶
3467 3753 3758 3829 Πορεύθητι

2117 3832 2255 3889 κατὰ
2311 3829 2460 3889 τόνδε
2498 3834 2588 3890 τὸν
2631 3836 2817 3909 τόπον,
2876 3835 2962 3892 καὶ
3019 3833 3252 3894 λαϐοῦσα
3298 3839 3360 3895 τὸ
3415 3845 3572 3916 σῶμα
3627 3864 3753 3918 μου,

2115 3921 2284 3998 θάψον
2335 3927 2404 3998 τῇ
2461 3922 2675 4003 Κρυπτῇ
2732 3922 3000 4003 λεγομένῃ
3045 3926 3187 3999 παρὰ
3240 3927 3364 3992 τοὺς
3425 3928 3593 3994 πόδας
3647 3937 3760 3988 τῶν

2115 4009 2453 4074 ἀποστόλων.
2490 4002 2554 4069 Ἠ
2596 4010 2651 4068 δὲ
2705 4002 2978 4071 ἀναστᾶσα
3033 4014 3127 4072 καί
3188 4015 3450 4093 γενομένη
3498 4018 3632 4098 πρὸς
3663 4021 3758 4077 τὸν

2115 4101 2407 4182 ὑπόνομον,
2464 4101 2598 4190 ἦρεν,
2671 4101 2875 4160 ἐκεῖθεν
2951 4104 3013 4160 τὸ
3090 4110 3247 4181 σῶμα
3301 4114 3396 4164 τοῦ
3465 4109 3754 4190 μάρτυρος,

395 4191 580 4269 pedes
605 4192 1031 4272 apostolorum.
1062 4191 1168 4254 Illa
1199 4211 1336 4254 vero
1397 4209 1532 4253 cum
1595 4189 1951 4250 surrexisset
1979 4195 2029 4248 et

2121 4191 2207 4246 καὶ
2267 4191 2379 4248 καθ’
2439 4190 2499 4246 ὃν
2547 4189 2734 4262 εἴρηκε
2789 4194 2954 4250 τόπον
3003 4195 3031 4249 ὁ
3092 4195 3290 4274 μάρτυς
3356 4189 3648 4274 ἰπιμελῶς
3679 4201 3771 4258 καὶ

393 4279 657 4368 venisset
687 4281 748 4342 in
780 4281 974 4343 locum
1009 4283 1066 4342 in
1097 4302 1212 4362 quo
1244 4288 1371 4342 erat
1414 4280 1638 4355 cloaca,
1686 4277 1928 4340 sustulit
1959 4277 2029 4338 il-

2118 4279 2357 4355 κοσμίως
2413 4279 2714 4347 κηδεύσασα
2745 4328 2760 4355 ,
2848 4282 3132 4362 παρέμεινε
3208 4291 3284 4360 τῷ
3354 4286 3503 4366 τάφῳ
3559 4288 3767 4368 ἡμέρας

393 4366 514 4429 line
544 4388 761 4449 corpus
792 4377 1154 4451 martyris,et
1175 4388 1310 4430 cum
1334 4369 1392 4430 in
1419 4368 1550 4430 loco
1572 4386 1748 4449 quem
1783 4366 2029 4448 dixerat,

2119 4369 2426 4456 τριάκοντα.
2465 4371 2562 4427 Καὶ
2615 4391 2746 4428 ποτε
2803 4384 2924 4436 ταῖς
2982 4370 3292 4440 ἐκκλησίαις
3356 4377 3571 4454 εἰρήνης
3630 4366 3768 4456 βρα-

394 4456 524 4535 ipsa
548 4457 870 4536 diligenter
901 4467 959 4520 et
1017 4459 1347 4521 honorifice
1396 4477 1532 4521 eum
1565 4457 1918 4538 sepeliisset,
1961 4456 2029 4518 ad

2117 4454 2384 4526 ϐεοθείσης
2421 4507 2435 4533 ,
2496 4461 2632 4537 ἱερὸν
2701 4462 3109 4540 φροντιστήριον
3192 4463 3298 4531 τὴν
3359 4465 3528 4521 οἰκίαν
3597 4454 3761 4534 αὐτῆς

395 4547 734 4624 sepulcrum
767 4549 1098 4628 permansit
1131 4548 1370 4627 triginta
1393 4548 1543 4628 dies;
1570 4557 1634 4609 et
1657 4565 1790 4610 cum
1825 4547 2029 4608 fuisset

2118 4552 2483 4623 ποιησαμένη,
2515 4547 2616 4612 ἕως
2646 4549 2744 4624 μὲν
2775 4551 2864 4607 οὖν
2893 4551 2970 4624 τῷ
3013 4551 3110 4626 βίῳ
3167 4559 3361 4628 περιῆν
3407 4567 3526 4619 τοῖς
3577 4553 3775 4629 δεομέ-

397 4634 636 4696 tandem
689 4655 798 4716 pax
828 4637 1063 4699 reddita
1096 4637 1391 4712 ecclesiis,
1445 4638 1548 4698 illa
1598 4637 1838 4699 domum
1870 4654 2029 4697 suam

2121 4659 2232 4702 νοις
2277 4637 2497 4717 ἐπήρκει
2541 4639 2888 4720 ἆφθονωτάτῃ
2920 4641 3062 4720 χειρί
3099 4659 3112 4674 °
3172 4641 3481 4700 τελευτῶσα
3529 4644 3610 4718 δὲ,
3657 4651 3770 4701 πᾶ-

392 4722 536 4786 fecit
576 4743 813 4788 sacrum
875 4724 1322 4802 monasterium,
1355 4735 1417 4788 et
1471 4726 1734 4807 quandiu
1793 4725 2029 4806 quidem

2120 4748 2217 4783 σαν
2272 4726 2373 4793 τὴν
2427 4729 2617 4794 κτῆσιν
2649 4727 2814 4797 αῦτῆς
2859 4737 3202 4808 Χριστιανοϊς
3235 4728 3565 4810 ἐδωρήσατο,
3605 4730 3763 4799 δοξά-

393 4811 504 4874 fuit
528 4813 583 4874 ei
618 4814 733 4876 vita
781 4824 1111 4896 superstes,
1146 4815 1479 4894 largissima
1540 4834 1719 4878 manu
1750 4832 2028 4876 securre-

2118 4822 2278 4887 ζουσα
2321 4815 2528 4895 Πατέρα
2571 4817 2659 4874 καὶ
2705 4819 2825 4875 Υἱὸν
2880 4817 2973 4874 καὶ
3033 4817 3184 4896 ἅγιον
3215 4827 3450 4896 Πνεῦμα,
3482 4822 3581 4890 τὴν
3640 4823 3764 4895 μίαν

393 4900 497 4963 bat
521 4904 854 4983 egentibus.
883 4904 1129 4976 Quando
1161 4912 1358 4967 autem
1394 4924 1426 4967 e
1457 4904 1572 4966 vita
1597 4902 1871 4978 excessit,
1908 4921 2029 4965 om-

2116 4904 2344 4972 θεότητά
2399 4927 2456 4962 τε
2515 4907 2602 4964 καὶ
2665 4905 2926 4988 δύναμιν,
2989 4909 3025 4984 ᾗ
3084 4908 3275 4988 πρέπει
3315 4909 3437 4977 δόξα
3462 4956 3479 4987 ,
3542 4912 3759 4990 κράτος,

393 5009 503 5054 nes
533 5010 671 5054 suas
701 4993 1011 5056 facultates
1065 4996 1126 5056 in
1178 5002 1528 5057 testamento
1585 4993 1825 5056 donavit
1855 4992 2029 5056 Chri-

2117 4995 2275 5070 τιμὴ,
2309 5001 2398 5052 νῦν
2427 4996 2515 5053 καὶ
2543 4995 2655 5071 ἀεῖ,
2688 4998 2777 5054 καὶ
2825 4999 2896 5062 εἰς
2939 4997 3063 5062 τοὺς
3108 4999 3304 5065 αἰῶνας
3361 5006 3468 5058 τῶν
3529 4999 3757 5063 αἰώνων.

394 5081 603 5145 stianis
635 5101 649 5146 :
682 5084 755 5146 ad
788 5085 1034 5164 gloriam
1069 5083 1400 5148 Servatoris
1447 5087 1634 5146 nostri
1681 5086 1822 5146 Jesu
1851 5081 2034 5145 Chri-
2117 5082 2316 5161 Ἀμήν.

393 5170 492 5320 sAli,
531 5172 626 5234 cui
681 5173 871 5254 gloria
925 5184 984 5237 et
1014 5174 1276 5257 potentia
1306 5173 1366 5236 in
1397 5174 1616 5237 saecula
1644 5173 2026 5236 saeculorum.

446 5277 606 5320 men.

446 5277 606 5326 men.
