4022 6146
229 310 233 313 ’
301 296 421 363 817

306 431 1646 471 m

763 492 1576 802 MENSIS

1269 305 1687 373 CERTAMEN
1738 309 1794 373 S.
1859 309 2109 374 BLASII
2155 311 2256 376 ET
2298 308 2708 376 SOCIORUM.

1719 630 3212 810 FEBRUARIUS.

3553 313 3671 381 818

1652 440 3669 479 mm

711 1342 945 1429 TOM
1040 1346 1378 1434 ΑΓΙΟΥ
1471 1349 1658 1433 ΚΑΙ
1765 1349 2302 1439 ΕΝΔΟΞΟΥ
2411 1352 3268 1444 ΙΕΡΟΜΑΡΤΥΡΟΣ

1649 1565 2419 1699 ΒΛΑΣΙΟΥ

1324 1806 1712 1860 ΒΗΙΣΚΟΠΟΥ
1762 1808 2166 1862 ΓΕΝΟΜΕΝΟΥ
2221 1805 2645 1866 ΣΕΒᾹΣΤΕΙΑΣ
2657 1853 2672 1868 .

1611 2138 2367 2255 CERTAMEN

873 2365 1270 2456 SANCTI
1366 2368 1504 2455 ET
1586 2366 2108 2461 GLORIOSI
2191 2371 3113 2465 HIEROMARTYRIS

609 2595 1237 2745 BLASII
1358 2597 2213 2745 EPISCOPI
2335 2600 3443 2813 SEBASTEIE

1733 2846 1829 2910 ET
1873 2847 2252 2914 SOCIORUM

733 3005 935 3079 (latine
960 3006 1090 3081 apud
1117 3006 1321 3066 Surlum
1351 3008 1412 3066 ad
1436 3007 1571 3065 diem
1601 3005 1635 3064 3
1661 3006 1955 3077 Februarii;
1988 3009 2160 3069 Graece
2188 3028 2250 3069 ex
2283 3012 2395 3070 cod.
2423 3027 2523 3071 ms.
2556 3013 2695 3073 1452
2726 3014 2895 3072 saeculi
2922 3013 3100 3072 decimi
3123 3015 3244 3091 [1]).

397 3317 480 3378 A'.
539 3317 727 3377 Ἦνίκα
784 3319 813 3374 ὁ
854 3317 1037 3396 καιρὸς
1095 3320 1202 3373 τῶν
1250 3313 1479 3373 εἰδώλων
1523 3315 1798 3396 ἐπεκράτει
1858 3317 1945 3374 καὶ

2105 3316 2151 3379 Ι.
2185 3317 2311 3392 Quo
2344 3328 2614 3403 tempore
2643 3320 2874 3401 vigebat
2899 3321 3092 3384 cultus
3121 3321 3675 3399 simulacrorum,et

316 3408 510 3465 πολλοὶ
551 3407 809 3485 ἅνθρωποι
867 3405 1142 3477 πλάσμασι
1201 3406 1288 3462 καὶ
1361 3405 1613 3479 κτίσμασι
1682 3407 1948 3483 προεσκύ-

320 3519 462 3570 νουν,
507 3496 625 3553 τότε
680 3495 823 3563 ἤνθει
882 3497 970 3551 καὶ
1028 3496 1063 3561 ἡ
1110 3494 1285 3555 πίστις
1333 3496 1542 3551 πάντων
1596 3501 1705 3551 τῶν
1758 3495 1947 3574 ἁγίων,

316 3585 433 3661 μεθ’
490 3588 564 3641 ὤν
606 3587 694 3642 καὶ
752 3586 787 3652 ἡ
837 3590 931 3641 τοῦ
988 3583 1139 3658 ἁγίου
1194 3583 1280 3638 καὶ
1331 3580 1536 3648 ἐνδόξου
1580 3583 1949 3661 ίερομάρτυρυς

318 3674 562 3737 Βλασίοο,
624 3673 788 3736 Οὗτος
832 3673 931 3750 γὰρ
975 3675 1002 3728 ὁ
1046 3670 1191 3735 ὅσιος
1246 3673 1334 3728 καὶ
1381 3673 1553 3746 τίμιος
1616 3672 1748 3747 ἀνὴρ
1804 3670 1950 3728 Βλά-

318 3785 431 3829 σιος
492 3763 663 3819 πάντα
719 3763 811 3818 τὸν
869 3761 1067 3840 χρόνοι
1120 3760 1216 3826 τῆς
1268 3764 1410 3829 ζωῆς
1466 3760 1622 3816 αἰιτού
1646 3758 1807 3826 ἤπιον
1831 3759 1950 3816 δια-

315 3855 500 3930 γωγὴν
543 3853 734 3924 ζήσας,
768 3852 842 3913 ὡς
875 3850 928 3906 ἐν
970 3854 1049 3922 τῷ
1104 3846 1227 3905 Ἰὼϐ
1254 3848 1553 3926 γέγραπται
1601 3847 1672 3914 ἧν
1728 3843 1947 3916 ἄκακος,

314 3940 618 4016 ἄμεμπτος,
698 3937 973 4011 ἀληθινὸς,
1060 3936 1340 4007 θεοσεϐὴς,
1432 3937 1772 4016 ἀπεχόμενος
1844 3936 1951 3993 ἀπὸ

312 4031 510 4092 παντὸς
563 4034 799 4105 πονηροῦ
851 4027 1163 4104 πράγματος
1198 4042 1212 4056 '
1270 4025 1386 4082 ὅθεν
1440 4023 1525 4080 διὰ
1581 4026 1673 4081 τὸν
1722 4027 1951 4100 καθαρὸν

307 4121 395 4176 καὶ
452 4117 811 4184 ἀνεπίληπτον
867 4119 1025 4174 αὗτοὸ
1081 4115 1218 4190 βίον,
1279 4116 1327 4170 οἱ
1378 4112 1432 4170 ἐν
1488 4112 1555 4189 τῇ
1586 4112 1740 4170 πόλει
1771 4112 1947 4170 Σεϐα-

308 4210 452 4280 στεὶᾳ
506 4206 601 4273 τῆς
663 4202 1035 4263 Καππαδοκίας
1090 4206 1278 4260 πιστοὶ
1355 4203 1791 4282 προεχειρίσαντο
1846 4202 1947 4258 αὒ-

309 4298 402 4353 τδν
459 4297 531 4360 εἷς
594 4294 901 4351 ἐπίσκοπον.
963 4292 1024 4349 ’0
1085 4291 1139 4347 δὲ
1193 4292 1450 4366 μακάριος
1514 4290 1739 4354 Βλάσιος
1782 4290 1948 4373 φοϐη-

312 4386 418 4442 Θεὶς
472 4389 581 4440 τῶν
636 4385 757 4438 τότε
800 4382 1132 4461 κρατούντων
1195 4381 1292 4447 τὴν
1345 4379 1586 4437 ἀσέϐειαν
1631 4380 1725 4437 καῖ
1768 4403 1946 4458 παρα-

314 4475 520 4548 νομίαν,
570 4471 813 4530 ἀπελθὼν
869 4475 926 4528 ὲν
981 4477 1057 4544 τῷ
1086 4466 1194 4549 ὀ¹ρει
1252 4476 1328 4543 τῷ
1386 4468 1660 4549 λεγομένῳ
1718 4471 1944 4547 Ἀργέῳ,

315 4565 442 4637 ᾠκει
500 4561 554 4617 ἐν
593 4559 862 4635 σπηλαίῳ.
930 4561 1027 4617 Καὶ
1083 4560 1414 4637 συνήρχοντο
1483 4560 1614 4637 πρὸς
1670 4560 1825 4615 αὐτὸν
1882 4560 1948 4614 τὰ

2034 3407 2202 3468 multi
2233 3408 2507 3472 homines
2536 3409 2863 3472 adorabant
2892 3410 3167 3488 ﬁgmenta
3206 3418 3262 3472 et
3291 3429 3388 3474 res
3419 3420 3669 3479 creatas.

2034 3502 2175 3557 tunc
2196 3496 2374 3559 etiam
2400 3498 2650 3561 ﬂorebat
2672 3499 2821 3561 fides
2843 3498 3108 3561 omnium
3134 3508 3503 3583 sanctorum,
3537 3519 3669 3562 cum

2035 3584 2251 3663 quibus
2301 3586 2449 3648 ﬁdes
2509 3606 2745 3668 quoque
2800 3587 2989 3650 sancti
3038 3595 3095 3649 et
3125 3586 3367 3666 gloriosi
3398 3587 3672 3668 martyris

2034 3671 2240 3734 Blasii.
2274 3674 2379 3735 llic
2412 3693 2552 3754 ergo
2575 3684 2816 3738 sanctus
2839 3683 2896 3737 et
2913 3673 3286 3736 venerandus
3307 3676 3395 3737 vir
3413 3675 3668 3755 Blasius,

2035 3778 2166 3820 cum
2201 3768 2321 3823 toto
2370 3769 2640 3843 tempore
2698 3765 2870 3825 vitam
2936 3764 3161 3843 egisset
3210 3771 3580 3825 mansuetam
3614 3772 3674 3825 et

2033 3847 2261 3930 mitem,
2291 3851 2444 3912 sicut
2472 3852 2759 3932 scriptum
2792 3860 2882 3914 est
2940 3853 2999 3912 in
3032 3849 3165 3925 Job,
3200 3861 3326 3914 erat
3360 3853 3669 3932 innocens,

2032 3937 2383 4018 inculpatus,
2421 3957 2620 4020 verus,
2656 3941 2789 4021 pius
2821 3948 2880 4002 et
2911 3940 3565 4022 religiosus,abstinens
3594 3941 3668 4004 ab

2032 4026 2197 4088 omni
2225 4047 2406 4109 opere
2439 4029 2614 4090 malo.
2651 4028 3051 4102 Quamobrem
3086 4039 3327 4111 propter
3350 4049 3556 4112 puram
3592 4032 3669 4093 vi-

2030 4122 2147 4176 tam
2179 4125 2236 4177 et
2266 4134 2400 4195 quae
2433 4117 2581 4178 nulli
2629 4117 2823 4180 afﬁnis
2877 4127 3008 4180 erat
3050 4118 3536 4199 reprehensioni,
3570 4120 3672 4200 qui

2031 4205 2093 4265 in
2148 4205 2380 4266 civitate
2438 4203 2717 4268 Sebastea
2775 4206 3163 4288 Cappadociae
3212 4216 3381 4269 erant
3436 4208 3666 4280 lideles,
3773 4230 3777 4234 ·

2032 4311 2168 4355 eum
2197 4295 2877 4376 crearuntepiscopum.
2941 4293 2998 4355 Is
3048 4302 3241 4355 autem
3278 4296 3576 4376 profectus
3608 4296 3669 4358 in

2032 4390 2316 4456 montem,
2356 4383 2455 4464 qui
2506 4383 2722 4446 dicitur
2772 4388 3026 4465 Argeos,
3063 4382 3366 4445 habitabat
3413 4384 3474 4444 in
3529 4403 3671 4466 spe-

2032 4470 2226 4533 lunca.
2262 4473 2521 4554 feraeque
2553 4472 2627 4534 ad
2684 4491 2820 4535 eum
2867 4470 3325 4549 conveniebant,
3360 4480 3420 4534 et
3471 4472 3543 4535 ab
3598 4492 3669 4535 eo

2031 4558 2540 4622 benedicebantur
2571 4579 2586 4623 :
2623 4563 2749 4624 etsi
2780 4561 3122 4642 contigisset
3155 4578 3332 4621 unam
3364 4579 3433 4624 ex
3464 4561 3554 4623 eis
3585 4562 3674 4624 in-

314 4651 472 4729 ἄγρια
526 4656 658 4729 ζῶα,
692 4650 779 4705 καὶ
821 4647 1132 4726 εὐλογοῦντο
1174 4646 1265 4702 ὑπ’
1311 4650 1633 4721 «5106,11!
1678 4648 1721 4702 εἷ
1755 4645 1946 4714 συνέϐη

2037 4648 2231 4709 cidere
2262 4648 2321 4708 in
2379 4649 2510 4728 ejus
2567 4649 3040 4726 meditationem,
3105 4657 3381 4730 tanquam
3440 4651 3673 4713 ratione

316 4740 373 4796 ἓν
431 4739 482 4807 ἐξ
537 4739 709 4796 αὐτῶν
779 4736 1071 4816 ἀδολεσχίᾳ
1127 4748 1442 4815 περιπεσεῖν
1510 4736 1689 4814 ὥσπερ
1758 4736 1950 4815 λογικὰ

321 4828 611 4906 παρέμενον
680 4834 749 4905 τῇ
806 4826 1053 4899 σπηλαίῳ
1086 4839 1100 4854 ⁸
1177 4826 1264 4881 καὶ
1322 4825 1366 4879 εἰ
1434 4827 1512 4899 μὴ
1584 4823 1807 4881 ἐπετίθει
1863 4823 1954 4880 ἔπ’

313 4920 446 4976 αὐτὰ
474 4922 573 4985 τὴν
601 4930 767 4997 χεῖρα
798 4918 826 4973 ὁ
851 4914 1001 4994 ἅγιος
1032 4913 1263 4992 εδλογῶν
1306 4914 1461 4989 αὐτὰ,
1524 4914 1618 4970 οὒκ
1647 4913 1950 4992 ἀνεχώρουν

313 5007 410 5064 ἀπ’
437 5007 615 5066 αὐτοῦ.

397 5095 478 5153 Β’.
514 5095 604 5153 Ἐν
633 5094 686 5151 δὲ
715 5107 838 5158 ταῖς
887 5092 1111 5170 ἡμέραις
1156 5089 1377 5154 ἐκείναις
1424 5089 1698 5147 Ιικέλευσεν
1763 5090 1951 5169 Ἀγρι-

314 5183 514 5247 κόλαος
569 5187 598 5241 ὁ
652 5184 871 5262 ἡγεμὼν
940 5181 1252 5260 ἀγρευθῆναι
1323 5182 1434 5251 ζῶα
1511 5177 1823 5236 παντοδαπὰ
1880 5181 1951 5243 είς

313 5274 670 5353 θηριομαχίαν
721 5275 807 5329 καὶ
869 5269 1137 5328 ἀνάλωσιν
1191 5275 1300 5325 τῶν
1364 5269 1486 5325 τότε
1553 5268 1951 5346 μαρτυρούντων

315 5364 504 5440 ἁγίων,
557 5364 643 5419 καὶ
716 5359 1009 5427 ἐξελθόντες
1067 5360 1114 5414 οἱ
1169 5358 1415 5435 θηρευταὶ
1492 5356 1548 5414 ἐν
1604 5368 1720 5423 τοῖς
1779 5355 1952 5435 ὀρεσιν

314 5451 474 5520 ἦλθον
525 5452 613 5507 καὶ
671 5451 725 5506 ἐν
793 5450 962 5523 τούτῳ
1036 5452 1112 5522 τῷ
1178 5444 1293 5524 ὄρει
1376 5451 1449 5520 τῷ
1509 5444 1953 5521 ἐπονομαζομένῳ

2036 4736 2316 4816 ριέοόίιω,
2350 4737 2776 4816 exspectabant
2805 4740 2879 4800 ad
2911 4742 3285 4818 speluncam,
3321 4745 3379 4799 et
3408 4738 3523 4800 nisi
3555 4745 3671 4802 Im-

2037 4825 2332 4904 posuissct
2383 4825 2470 4886 eis
2530 4844 2762 4902 manus,
2822 4845 2923 4889 eas
2978 4826 3367 4903 benedicens,
3403 4837 3667 4902 asancto

2035 4913 2283 4974 minime
2314 4912 2696 4977 recedebant.

2112 5089 2258 5153 I[.In
2287 5089 2407 5151 illis
2436 5096 2634 5152 autem
2658 5088 2868 5151 diebus
2882 5088 3061 5168 jussit
3093 5106 3311 5167 praeses
3328 5089 3672 5168 Agricolaus

2034 5179 2165 5258 capi
2191 5196 2368 5238 omne
2397 5196 2585 5255 genus
2631 5176 3003 5249 animalium,
3056 5186 3122 5237 ut
3151 5177 3363 5252 sancti,
3399 5180 3499 5258 qui
3531 5186 3673 5241 tunc

2034 5275 2224 5344 erant,
2263 5277 2545 5347 martyres
2575 5266 2651 5330 ab
2683 5265 2769 5328 eis
2799 5273 3390 5343 consumerentur,et
3416 5284 3550 5327 cum
3586 5266 3673 5329 eis

2034 5356 2463 5436 depugnarent.
2501 5354 2569 5416 In
2624 5363 2854 5416 montes
2885 5371 3022 5415 vero
3058 5353 3286 5434 egressi
3337 5361 3670 5435 venatores,

2036 5453 2323 5507 venerunt
2352 5444 2529 5507 etiam
2559 5444 2620 5506 in
2654 5442 3075 5524 montem,qui
3132 5441 3352 5504 dicitur
3412 5445 3670 5524 Argeus,

400 5630 484 5715 (1)
513 5624 805 5697 Barduius
830 5625 904 5695 ad
940 5643 1038 5703 an,
1073 5621 1190 5686 316
1219 5622 1347 5689 haec
1376 5630 1509 5686 acta
1538 5639 1607 5687 ex
1636 5621 1939 5705 Metaphr.
1972 5639 2096 5688 non
2123 5621 2186 5687 in
2217 5619 2496 5685 omnibus
2525 5621 2792 5703 agnoscit
2812 5618 3070 5685 sincera.
