4020 6142
404 291 522 360 819
1555 287 1914 351 ADDENDA
1927 329 1940 344 .
1991 317 2057 330 -—
2107 281 2611 346 FEBRUAPJUS.
3673 265 3782 333 8?0

405 421 472 484 in
501 441 617 503 quo
649 419 870 484 latebat
893 425 1135 482 sanctus
1165 425 1222 480 et
1265 416 1636 481 venerandus
1667 416 1754 477 vir
1785 415 2040 482 Blasiiis.

2152 419 2353 499 Αργέῳ,
2413 419 2466 474 ἑν
2523 421 2568 492 ᾧ
2621 415 2908 493 ἐκρύπτετο
2967 417 2994 470 ὁ
3039 411 3184 503 ὅσιος
3238 408 3361 503 καί-
3407 411 3589 503 ’ξίμίίξς
3662 409 3782 503 διήῆ

407 497 555 574 Cum
578 519 770 573 autem
794 508 1371 590 appropinquassent
1410 506 1735 585 speluncas,
1769 517 1828 569 et
1859 510 2045 571 vidis-

2150 497 2217 567 tat‘t
2301 510 2588 571 ἐπίσκοπος
2671 505 2921 568 Βλάσιος.
2985 501 3088 560 Καὶ
3173 504 3247 564 ὡς
3342 497 3688 565 ἐπλησίασαν
3745 497 3787 552 εί

407 610 541 664 sent
568 600 632 661 in
657 600 784 680 ejus
817 584 1088 677 ingressu
1108 584 1558 658 multitudinem
1580 599 1898 673 agrestium
1924 599 2052 660 ani-

2150 600 2378 676 Ιηρευταὶ
2437 597 2490 652 ἐν
2519 603 2595 670 τῷ
2624 593 2870 667 σπηλαίῳ
2927 593 3013 649 καὶ
3073 589 3219 648 εἶδον
3275 589 3421 666 πρὸς
3484 587 3555 655 τῇ
3614 584 3790 659 εἰσόδῳ

409 689 676 763 malium,
711 705 843 768 quae
867 685 1138 748 astabant
1166 697 1230 746 et
1261 683 1923 754 exsiliebant,dixerunt
1949 688 2048 748 in-

2150 693 2294 747 ιῦτοῦ
2351 689 2532 759 πλήθη
2593 687 2786 766 ἀγρίων
2841 684 2990 756 ζώων
3048 680 3419 768 παρεστώτων
3480 680 3574 768 καὶ
3645 700 3793 756 σκιρ-

410 786 505 840 ter
521 765 766 848 se.Quid
788 777 902 838 hoc
927 774 1042 836 sibi
1065 772 1218 835 vult?
1231 781 1286 834 et
1307 791 1440 834 cum
1463 772 1761 834 venissent
1785 777 2050 856 propius,

2150 779 2375 858 ιώντων,
2439 782 2595 834 εἷπον
2639 765 2768 854 πρὸς
2828 772 3093 842 ἀλλήλους
3130 787 3143 800 ⁸
3195 771 3252 828 Τί
3320 767 3389 858 div
3447 765 3614 858 θέλοι-
3645 775 3793 824 τοῦτο

408 867 765 930 invenerunt
793 866 949 925 intra
973 862 1318 942 speluncam
1343 869 1609 922 sanctum
1633 853 1918 937 Blasi’um,
1953 853 2050 926 se;

2150 868 2280 924 εἶναι
2319 853 2372 940 ;⁷
2395 867 2481 922 καὶ
2540 853 2778 928 ἐλθόντες
2821 861 3206 938 πλησιέστερον
3239 873 3252 888 ⁸
3313 856 3476 934 εὗρον
3534 853 3680 910 ἕνδον
3708 862 3793 911 τοῦ

412 958 658 1020 dentem
688 963 964 1034 tanquam
993 954 1055 1013 in
1106 953 1392 1023 thalamo,
1433 961 1491 1012 et
1523 951 1881 1013 dividentem
1915 955 2052 1014 uni-

2150 955 2396 1023 ιπηλαίευ
2453 956 2544 1012 τὸν
2597 955 2747 1031 ἅγιον
2809 951 3036 1008 Βλάσιον
3069 949 3247 1027 ὥσπερ
3281 946 3342 1003 ἰν
3402 944 3635 1020 θαλάμῳ
3690 945 3790 999 τινί

416 1048 630 1124 cuiqﬂe
659 1044 719 1104 id
747 1033 904 1123 quod
937 1050 1064 1103 erat
1110 1045 1163 1104 ei
1224 1060 1394 1122 opus,
1429 1059 1534 1119 per
1566 1040 2048 1104 benedictionem

2150 1047 2433 1121 ιαθήμενον
2490 1043 2584 1100 καὶ
2653 1044 2714 1098 τὸ
2787 1038 3042 1121 χρειῶδες
3133 1038 3350 1108 ἑκάστῳ
3412 1033 3794 1124 διανεμόμενον

416 1123 592 1214 atque
624 1133 986 1206 curationes,
1044 1142 1102 1193 et
1147 1130 1271 1192 Deo
1306 1129 1650 1190 fundentem
1683 1150 1909 1210 preces.
1947 1132 2056 1205 Qui

2150 1132 2224 1190 Βιά
2251 1155 2309 1189 τε
2354 1133 2449 1201 τῆς
2478 1131 2716 1210 εὐλογίας
2770 1132 2859 1186 καὶ
2907 1137 3013 1184 τῶν
3062 1129 3276 1204 ἰάσεων,
3321 1126 3417 1181 καὶ
3470 1124 3570 1186 τὰς
3633 1123 3790 1200 εὐχὰς

417 1211 615 1284 statim
636 1220 1314 1298 reversi,renuntiarunt
1337 1219 1572 1298 prarsidi
1598 1220 1912 1298 Agricolae
1931 1241 2060 1302 quae

2150 1224 2303 1278 αὺτοῦ
2345 1219 2658 1279 ἀποδιδόντα
2715 1221 2790 1294 τῷ
2841 1219 2978 1292 Θεῷ.
3057 1218 3152 1274 Καὶ
3237 1214 3444 1302 εὒθὲως
3534 1211 3789 1302 θποστρέ-

431 1311 720 1374 viderant.
758 1309 983 1371 Praeses
1004 1327 1144 1370 vero
1161 1308 1335 1388 jussit
1360 1308 1560 1387 plures
1582 1309 1798 1372 milites
1821 1298 2062 1373 cum—eis

2150 1318 2338 1386 ψαντες
2393 1311 2724 1389 ἀπήγγειλαν
2755 1310 2830 1383 τῷ
2860 1307 3084 1386 ἡγεμόνι
3133 1301 3486 1381 Ἀγρικολάῳ
3536 1299 3572 1356 ἂ
3627 1298 3785 1358 εἶδον.

426 1401 822 1482 proﬁcisci,ut
853 1416 1244 1480 quoscunque
1272 1398 1393 1459 illic
1423 1397 1790 1460 invenissent
1813 1400 2062 1462 latentes

2150 1399 2205 1458 Ὀ
2257 1401 2311 1456 δὲ
2370 1401 2587 1480 ἡγεμὼν
2660 1396 2867 1454 ἐκέλευε
2939 1396 3270 1472 στρατιώτας
3334 1390 3597 1452 πλείονας
3657 1411 3788 1461 συμ-

413 1479 890 1565 Christianos,ad
924 1507 1062 1550 eum
1096 1487 1491 1548 adducerent.
1516 1487 1740 1548 Euntes
1771 1497 1964 1551 autem
2001 1491 2061 1550 in

2150 1494 2458 1569 πορευθῆναι
2519 1491 2726 1565 αὐτοῖς,
2783 1487 2876 1542 είνα
2934 1484 3086 1545 ὅσους
3149 1479 3239 1538 ἒάν
3305 1479 3542 1558 εὕρωσιν
3618 1479 3791 1534 ἐκεῖσε

415 1585 703 1654 montem,
737 1578 838 1659 qui
859 1577 1027 1639 missi
1061 1577 1296 1638 fuerant
1330 1576 1637 1650 milites,et
1656 1577 1908 1654 ingressi
1932 1597 2062 1658 spe-

2150 1568 2485 1658 Χριστιανοὺς
2575 1574 2963 1653 κρυπτομένους
3046 1573 3291 1649 ἀγάγωσι
3391 1571 3534 1646 πρὸς
3619 1568 3787 1629 αοῖιτόν,

413 1667 675 1744 luncam,
707 1667 1069 1729 invenerunt
1117 1665 1308 1727 solum
1370 1673 1670 1748 sanctum,
1699 1674 1965 1727 orantem
2005 1678 2062 1730 et

2150 1669 2242 1725 Καὶ
2299 1665 2612 1729 ἀπελθόντες
2663 1666 2710 1719 οἱ
2762 1660 3154 1736 ἀπεσταλμένοι
3223 1664 3563 1735 στρατιῶται
3622 1659 3674 1712 ἓν
3721 1663 3789 1728 τῷ

415 1756 756 1818 laudantem
789 1756 1133 1831 Dominum,
1169 1764 1228 1816 et
1258 1754 1537 1816 dixerunt
1567 1755 1621 1815 ei
1656 1745 1670 1814 ε’
1705 1753 2004 1834 Egredere
2040 1781 2054 1829 ;

2150 1754 2277 1834 ὄρει,
2350 1758 2436 1812 καὶ
2493 1753 2814 1818 εἰσελθόντες
2891 1749 3035 1806 ἔνδον
3125 1747 3216 1805 τοῦ
3290 1745 3578 1813 σπηλαίου
3650 1745 3789 1822 εὖρον

412 1854 582 1907 vocat
612 1852 667 1907 te
697 1861 938 1926 praeses.
974 1845 1121 1905 Cum
1175 1861 1278 1904 eos
1333 1859 1474 1904 vero
1527 1843 1773 1905 vidisset
1819 1854 2058 1906 sanctus

412 1933 668 2009 Blasius,
702 1933 877 1994 valde
908 1932 1142 1996 laatatus
1172 1940 1350 2012 est-,et
1380 1933 1560 1994 dixit:
1585 1931 1826 2007 Adeste,
1853 1952 2057 1996 eamus

413 2021 619 2096 simul,
656 2039 689 2082 o
721 2019 853 2097 ﬁlii,
885 2019 1003 2082 mei
1037 2021 1194 2082 enim
1229 2020 1577 2082 recordatus
1608 2031 1699 2082 est
1746 2021 2053 2084 Dominus.

413 2110 481 2173 In
510 2110 620 2172 hac
649 2111 807 2170 enim
867 2118 1042 2170 nocte
1105 2119 1196 2172 ter
1256 2108 1401 2170 mihi
1451 2111 1744 2189 apparuit.
1799 2111 2053 2173 dicens:

418 2199 788 2280 Surge,oﬂ'er
808 2198 952 2260 mihi
974 2199 1268 2260 sacriﬁcia
1285 2217 1389 2278 pro
1417 2217 1579 2260 more
1604 2201 1688 2261 tui
1712 2202 2055 2263 sacerdotii.

415 2292 592 2354 Nunc
618 2287 897 2364 ergo,iilii
923 2287 1064 2359 mei,
1099 2287 1252 2349 bene
1275 2288 1543 2351 venistis.
1570 2288 1858 2351 Dominus
1890 2308 2057 2354 meus

410 2377 586 2441 Jesus
617 2377 887 2440 Christus
913 2377 991 2438 sit
1021 2378 1357 2440 vobiscum.

2133 2378 2306 2458 λέγων
2339 2399 2353 2413 ’

2140 1832 2303 1920 μόνον
2358 1846 2450 1900 τὸν
2504 1845 2655 1923 ἅγιον
2715 1841 2943 1899 Βλάσιον
2997 1837 3452 1916 προσευχόμενον
3513 1836 3602 1923 καί
3647 1832 3790 1898 δοξο-

2140 1933 2398 2011 λογοῦντα
2443 1935 2534 1989 τὸν
2556 1921 2778 2012 Κύριον,
2810 1933 2897 1986 καὶ
2929 1929 3087 1986 εἶπον
3132 1929 3265 2004 πρὸς
3321 1925 3515 1983 αὐτόν·
3571 1921 3786 1988 ’Ἔξελθε

2141 2025 2194 2080 ἐν
2253 2024 2458 2101 τάχει·
2518 2011 2679 2078 καλεῖ
2733 2041 2791 2076 σε
2837 2023 2864 2075 ὁ
2920 2017 3164 2096 ἡγεμών,
3213 2013 3368 2072 Ἰδὼν
3424 2011 3480 2069 δὲ
3533 2013 3710 2074 αὐτοὺς
3762 2014 3786 2066 ὁ

2141 2113 2294 2191 ἅγιος
2355 2112 2579 2176 Βλάσιος
2609 2111 2788 2190 ἒχάρη
2833 2109 2991 2182 πάνυ,
3038 2105 3134 2164 καὶ
3164 2104 3294 2161 εἶπε
3337 2123 3353 2139 ⁶
3393 2104 3583 2176 Δεῦτε,
3614 2102 3782 2173 τέκνα,

2141 2205 2475 2280 πορευθῶμεν
2532 2201 2644 2275 ἅμα
2679 2216 2691 2229 ·
2783 2197 3022 2273 ἐμνήσθη
3099 2195 3198 2273 γὰρ
3279 2215 3390 2269 μου
3471 2191 3778 2280 σήμερονὸ

2140 2292 2323 2367 Κύριος
2361 2309 2376 2324 ⁸
2425 2290 2477 2345 ἐν
2521 2291 2620 2368 γὰρ
2669 2288 2833 2363 ταύτῃ
2896 2292 2964 2362 τῇ
3019 2285 3162 2341 νυκτὶ
3221 2282 3404 2362 ἐφάνη
3466 2303 3559 2356 μοι
3623 2279 3779 2354 τρίτον

2417 2377 2672 2442 Ἀναστὰς
2733 2374 3057 2455 προσένεγκέ
3116 2395 3205 2447 μοι
3265 2371 3457 2432 θυσίας
3535 2369 3665 2425 κατὰ
3717 2369 3770 2423 τὸ

417 2471 533 2537 ἔθος
589 2477 684 2538 τῆς
741 2473 1028 2550 ἱερωσύνης
1088 2494 1203 2532 σου.
1264 2478 1367 2529 Νῦν
1439 2472 1546 2544 οὖν,
1607 2473 1747 2528 τενία
1798 2493 1920 2544 μου,
1981 2471 2156 2536 καλῶς
2214 2471 2422 2538 ἤλθετε·
2483 2473 2510 2527 ὃ
2581 2471 2767 2547 Κύριος
2819 2490 2918 2540 μου
2991 2465 3195 2533 Ἰησοῦς
3250 2464 3489 2542 Χριστός
3539 2461 3628 2527 εἴη
3677 2463 3776 2536 μεθ’

414 2563 560 2624 ὑμῶν
570 2609 584 2624 .

487 2585 584 2624 ων.

446 2585 590 2712 PLIII.
626 2651 778 2711 Dum
811 2655 1014 2711 autem
1047 2647 1162 2727 ipsi
1193 2649 1487 2727 venirent,
1519 2649 1579 2708 in
1615 2647 1704 2708 via
1741 2655 2056 2709 converte-

412 2738 632 2800 bantur
653 2737 908 2816 gentiles
929 2736 999 2796 ad
1026 2736 1133 2797 Dei
1159 2735 1560 2814 cognitionem
1602 2755 1707 2816 per
1728 2738 1859 2815 ejus
1891 2755 2056 2798 man-

2223 2649 2303 2710 Γ’.
2339 2649 2430 2708 Ἐν
2460 2648 2514 2706 δὲ
2547 2650 2622 2723 τῷ
2651 2647 2900 2728 ἔρχεσθαι
2944 2644 3133 2707 αὐτοὺς
3188 2642 3242 2699 ἐν
3300 2648 3373 2719 τῇ
3408 2640 3516 2716 δδῷ
3546 2639 3768 2716 ἐπέστρε-

2142 2761 2238 2813 φον
2271 2737 2544 2808 Ἐλλήνων
2590 2735 2782 2798 παῖδες
2829 2737 2902 2799 εἰς
2953 2733 3278 2810 θεογνωσίαν
3327 2731 3416 2787 διὰ
3469 2736 3568 2797 τῆς
3617 2728 3765 2805 πραό-

415 2825 798 2889 suetudinem
832 2833 891 2886 et
919 2825 1526 2886 doctrinam.Etenim
1562 2844 1670 2906 per
1699 2827 1827 2906 ejus
1854 2845 2060 2905 preces

2150 2850 2302 2896 τητος
2357 2830 2515 2884 αὐτοῦ
2594 2827 2682 2881 καὶ
2757 2821 3116 2884 διδασκαλίας,
3199 2823 3304 2878 Καὶ
3385 2821 3490 2898 γὰρ
3562 2816 3638 2873 διὰ
3685 2819 3770 2869 τῶν

416 2912 666 2976 faciebat
687 2912 975 2974 Dominus
999 2915 1358 2976 curationes:
1389 2904 1599 2976 etcum
1628 2915 1698 2976 ad
1722 2904 2058 2976 eumaﬂ‘er—

2150 2917 2567 2974 ἂκαταπαύσιων
2630 2918 2788 2972 αὐτοῦ
2833 2917 3144 2990 προσευχῶν
3188 2911 3284 2966 καὶ
3360 2907 3596 2978 δεήσεων
3635 2904 3774 2963 ἰάσεις

414 3009 624 3063 rentur
651 3001 1026 3094 aegroti,_eis
1078 3005 1393 3083 imponens
1448 3022 1681 3094 manus,
1728 3003 2062 3094 dimittebat

2150 3005 2382 3062 ἐπετέλει
2440 3009 2466 3060 b
2531 3006 2740 3080 Κύριος,
2819 3003 2902 3057 καὶ
2975 2989 3431 3078 προσφερομένων
3507 2994 3642 3068 αὖτῷ
3696 2989 3772 3066 ἆῤ-

416 3107 616 3153 sanos.
651 3091 784 3152 Non
836 3091 1030 3152 solum
1087 3100 1284 3153 autem
1319 3093 1559 3154 curabat
1597 3093 1894 3173 homines,
1957 3094 2062 3155 sed

419 3178 596 3240 etiam
626 3178 896 3256 jumenta
925 3189 985 3240 et
1016 3179 1262 3240 bestias.
1297 3179 1442 3241 Cum
1490 3181 1689 3260 itaque
1721 3182 2067 3258 contigisset

425 3267 683 3346 aliquem
710 3285 776 3328 os
807 3266 1223 3346 devorare,vel
1251 3268 1477 3347 aliquid
1497 3269 2066 3349 ejusmodi,repente

422 3355 497 3416 ad
523 3372 659 3415 eum
692 3355 1025 3416 aﬂ‘erebant
1055 3355 1407 3435 patientem,
1440 3365 1498 3417 et
1529 3374 1636 3436 per
1667 3365 1899 3418 sanctas
1929 3377 2067 3420 suas

427 3461 642 3524 preces
673 3461 808 3504 eum
842 3443 1042 3506 statim
1080 3443 1371 3505 reddebat
1402 3462 1635 3505 sanum.
1666 3445 1920 3524 Contigit
1949 3447 2063 3507 ita-

425 3548 568 3610 que,
603 3539 670 3594 ut
698 3531 860 3592 ﬁlius
893 3531 1203 3610 cujusdam
1237 3532 1528 3606 mulieris,
1565 3551 1694 3611 quae
1723 3551 1856 3594 eun.
1890 3535 2068 3596 habe-

424 3620 525 3682 bat
552 3619 823 3694 unicum,
857 3629 1083 3700 partem
1137 3620 1318 3700 piscis
1348 3620 1691 3692 comedens,
1730 3640 1796 3682 os
1819 3635 2068 3703 repente

427 3708 765 3784 devoraret,
790 3720 851 3771 et
884 3716 1082 3770 mutus
1144 3717 1434 3772 maneret.
1472 3709 1617 3771 Cum
1679 3728 1818 3788 ergo
1884 3722 2070 3776 mater

422 3796 597 3877 pueri
631 3797 706 3858 de
736 3806 943 3858 sancto
977 3795 1324 3877 audivisset,
1361 3816 1494 3858 eum
1545 3799 1782 3860 allatum
1817 3803 2069 3882 projecit

2145 3096 2359 3172 ῥώστων
2417 3094 2665 3154 ἐπιτιθεὶς
2736 3087 2820 3146 ἐπ’
2894 3090 3080 3152 αὖτοὺς
3165 3088 3258 3150 τὰς
3347 3099 3550 3166 χεῖρας
3628 3084 3775 3157 ὑγιεῖς

2146 3170 2406 3240 ἀπέλυσεν
2494 3181 2731 3245 ἅπαντας
2766 3198 2782 3216 ο
2851 3179 2909 3234 οῦ
2967 3176 3128 3251 μόνον
3183 3174 3238 3230 δὲ
3315 3177 3442 3237 τοὺς
3502 3170 3774 3250 ἀνθρώπους

2147 3274 2285 3344 ἰᾶτο,
2341 3269 2480 3327 ἀλλά
2529 3272 2618 3328 καὶ
2678 3269 2742 3326 τὰ
2796 3269 2969 3337 κτήνη
3041 3267 3129 3323 καὶ
3187 3266 3252 3320 τὰ
3309 3263 3508 3342 ἄλογα,
3562 3251 3648 3324 Ὠς
3699 3255 3773 3312 οὖν

2149 3360 2355 3438 ἐγένετό
2389 3382 2505 3416 τινα
2549 3361 2733 3416 ὀστοῦν
2791 3369 3076 3413 καταπιεῖν
3136 3354 3172 3422 ἢ
3221 3352 3367 3411 ἄλλο
3399 3375 3451 3408 τι
3487 3352 3591 3407 τῶν
3621 3344 3774 3404 τοιού·

2147 3471 2251 3504 των
2297 3449 2543 3529 ἐξαίφνης
2583 3495 2598 3522 ,
2661 3447 2845 3524 ἔφερον
2905 3445 3036 3520 πρὸς
3110 3444 3269 3500 αὐτὸν
3339 3444 3433 3498 τὸν
3497 3439 3776 3516 πάσχοντα,

2149 3540 2236 3594 καὶ
2296 3535 2378 3593 διὰ
2423 3523 2533 3603 ’τῆς
2609 3523 2761 3614 ἁγίας
2831 3533 2988 3591 αὐτοῦ
3059 3538 3384 3612 προσευχῆς
3467 3531 3590 3606 ὅγιῆ
3644 3523 3780 3580 αὐτὸν

2150 3632 2488 3706 παραχρῆμα
2547 3624 2898 3682 ἀποκαθίστα.
2958 3623 3116 3680 “Οθεν
3191 3618 3394 3687 συνέϐη
3468 3623 3576 3712 καὶ.
3608 3633 3778 3712 γυναξο

2153 3705 2244 3781 κός
2299 3738 2437 3778 τινος
2471 3716 2578 3771 υἱὸν
2629 3717 2888 3791 μενογενῆ
2947 3711 3099 3768 οὒτὸν
3154 3709 3398 3788 ἐχούσης
3460 3705 3638 3786 ἰχθύος
3688 3705 3773 3774 μὲ-

2152 3829 2239 3884 ρος
2294 3805 2530 3861 ἐσθίοντα
2587 3803 2772 3881 ἀθρόον
2832 3803 3016 3857 ὀστοῦν
3095 3806 3390 3856 καταπιεῦν
3441 3798 3525 3852 καὶ
3581 3793 3767 3884 ἄφωνον

420 3886 496 3948 ad
529 3887 659 3965 ejus
692 3885 876 3966 pedes
909 3885 1534 3960 semimortuum,cum
1561 3887 1704 3949 ﬂetu
1733 3889 1994 3953 clamans
2011 3902 2070 3954 et

2153 3873 2356 3970 μεῖναι.
2418 3898 2483 3950 Ἣ
2545 3873 2873 3968 οὗν-μήτηρ
2925 3896 3017 3946 τοῦ
3091 3886 3279 3953 παιδὸς
3352 3887 3618 3942 ἆκοῦσασα
3665 3873 3769 3970 περὶ

421 3973 630 4035 dicens
657 3982 863 4035 sancto
892 3992 906 4036 :
930 3973 1214 4036 Miserere
1239 3975 1354 4035 mei
1377 3974 1506 4045 ﬁlii.
1537 3994 1703 4036 serve
1737 3975 2068 4044 Servatoris

2154 3994 2242 4042 τοῦ
2298 3983 2447 4061 ἁγίου
2495 3982 2754 4060 ἐνέγκασα
2811 3981 2965 4037 αὐτὸν
3051 3977 3262 4057 έῤῥιψεν
3326 3977 3381 4033 ἐν
3449 3986 3564 4035 τοῖς
3637 3964 3774 4024 ποσὶν

424 4062 616 4122 nostri
641 4064 782 4124 .lesu
839 4061 1082 4138 Christi,
1120 4072 1209 4124 est
1240 4063 1400 4124 enim
1434 4065 1578 4126 mihi
1615 4065 1909 4144 unigena;
1937 4089 2062 4131 nar-

2161 4074 2316 4131 αὖτοῧ
2380 4075 2634 4142 ἧυιιθανῆ,
2686 4071 2865 4147 βοῶσα
2937 4069 3072 4142 μετὰ
3129 4065 3373 4145 ὀδυρμῶν
3431 4065 3517 4120 καὶ
3572 4058 3773 4147 λέγουσι

423 4151 698 4234 ravitque
737 4159 967 4226 sancto,
995 4153 1138 4232 quid
1177 4153 1300 4215 ﬁlio
1330 4172 1437 4215 suo
1470 4163 1716 4234 repente
1739 4157 2056 4221 accidisset

2161 4165 2237 4237 τῷ
2294 4163 2426 4240 ἁγίῳ
2447 4179 2460 4192 ·
2498 4145 2755 4226 Ἐλέησόν
2790 4180 2891 4234 μου
2920 4160 3015 4214 τὸν
3044 4157 3177 4230 υἱόν,
3211 4153 3363 4215 δοῦλε
3410 4153 3504 4209 τοῦ
3544 4145 3771 4240 Σωτῆρος

427 4243 683 4305 Sanctus
712 4249 911 4304 autem
967 4242 1078 4304 Dei
1139 4250 1199 4304 et
1232 4260 1481 4320 magnus
1511 4243 1791 4305 sacerdos
1824 4245 2054 4310 Blasius

2170 4234 2555 4328 ημῶν-Ἰησοῦ
2625 4256 2852 4322 Χριστοῦ
2885 4262 2898 4277 ⁸
2961 4245 3043 4301 ὅτι
3101 4244 3402 4323 μονογενὴς
3465 4238 3552 4328 μοί
3601 4234 3766 4328 iam:

427 4349 608 4392 manu
631 4332 908 4412 imposita
931 4331 1160 4410 gutturi
1186 4319 1384 4411 pueri,
1410 4331 1496 4391 sic
1517 4331 1726 4412 oravit,
1752 4336 2062 4398 extendens

2163 4319 2252 4398 καὶ
2312 4338 2606 4418 διηγήσατο
2678 4319 2760 4411 τῷ
2835 4337 2970 4413 ἁγίῳ
3049 4335 3107 4392 τὸ
3165 4319 3371 4403 συμϐάν
3429 4326 3661 4418 ἐξαίφνης
3699 4319 3769 4418 ’τῷ

426 4421 491 4481 in
518 4399 736 4480 coelum
767 4399 996 4494 oculos,
1033 4429 1092 4480 et
1137 4399 1263 4481 Deo
1321 4399 1530 4480 dicens
1565 4437 1578 4480 :
1617 4399 1730 4491 Qui
1759 4421 1854 4495 iis,
1889 4425 1988 4504 qui
2022 4435 2062 4487 tt

2162 4433 2330 4506 τέκνῳ
2379 4399 2564 4497 αῦτῆς.
2599 4420 2658 4487 Ὀ
2711 4427 2766 4483 δὲ
2817 4399 2969 4504 ἅγιος
3037 4435 3132 4485 τοῦ
3190 4431 3323 4482 Θεοῦ
3379 4424 3467 4478 καὶ
3511 4414 3666 4512 μέγας
3699 4410 3766 4512 ἷξ⁴

428 4507 788 4601 invocabant
833 4509 906 4601 _i_n
966 4507 1238 4580 veritate,
1292 4514 1510 4586 praesto
1562 4507 1720 4569 fuisti
1750 4510 2062 4590 adjutor,t

2163 4523 2279 4601 ρεὺς
2305 4504 2579 4595 ὟΒλσσιος,
2655 4517 2851 4579 ὲπιθείς
2928 4516 3027 4583 τὴν
3099 4527 3263 4595 χεῖρα
3333 4508 3490 4571 αὐτοῦ
3531 4504 3624 4601 ⁸ἐπὶ
3677 4504 3766 4601 ’τὸν

429 4593 878 4670 Servator,audi
903 4613 1064 4657 meas
1088 4585 1386 4674 preces,et
1415 4602 1643 4678 spinam
1677 4585 1911 4662 inﬁxam
1940 4585 2062 4666 huit

2161 4585 2356 4686 λαιμὸν
2410 4609 2503 4666 τοῦ
2557 4605 2767 4678 παιδὸς,
2826 4603 3160 4682 προσηύξατο
3233 4601 3399 4664 οὕτως
3433 4645 3449 4676 ,
3522 4585 3766 4686 éVI-“lvf‘

433 4701 646 4777 puero,
678 4693 778 4745 tua
813 4702 947 4764 qute
975 4672 1420 4765 sub—aspectum
1447 4672 1593 4748 'non
1625 4689 1803 4770 cadit,
1837 4691 2062 4769 virtute,

2159 4672 2265 4765 sic.
2293 4699 2378 4755 τὸν
2443 4699 2661 4777 οὐρανὸν
2691 4698 2751 4752 τὸ
2793 4672 2945 4771 ὄμμα
3001 4695 3160 4751 αὐτοῦ
3201 4694 3295 4748 καὶ
3343 4687 3511 4765 λέγων
3530 4679 3658 4777 ’πρὸς
3688 4672 3764 4726 τὸν

438 4764 497 4835 ei
528 4772 887 4848 exime,eum
915 4791 1131 4835 curans
1163 4764 1264 4851 ;et
1293 4775 1368 4836 de
1416 4784 1654 4856 caetero,
1684 4764 1816 4839 cum
1867 4799 1973 4842 seu
2017 4764 2062 4845 ir.

2162 4764 2292 4848 Getiv
2318 4806 2336 4826 °
2369 4788 2430 4846 Ὀ
2475 4764 2593 4851 τοῖς
2648 4764 3087 4859 ἐπικαλουμένοις
3143 4804 3202 4838 σε
3265 4779 3319 4836 ἐν
3359 4764 3572 4841 ἀληθείᾳ
3601 4764 3763 4860 c6???-

437 4860 954 4954 hominib_us,___s_eu
988 4868 1048 4924 in
1082 4864 1304 4945 pueris,
1337 4881 1444 4926 seu
1465 4865 1526 4926 in
1556 4863 1766 4928 bestiis
1792 4869 1908 4931 tale
1933 4873 2062 4950 quid

2162 4902 2262 4954 μος
2323 4877 2501 4954 ἰατρὸς
2574 4875 2859 4953 γενόμενος
2918 4872 3122 4948 σωτὴρ,
3194 4862 3487 4926 ἐπάκουσόν
3534 4875 3635 4954 μου

431 4951 777 5030 contigerit,
800 4951 925 5012 illic
942 4960 1139 5014 autem
1163 4954 1512 5016 recordatus
1528 4955 1707 5016 fuerit
1728 4945 2062 5036 aliquis—me

2161 4945 2512 5037 δεήσεως-καὶ
2555 4945 2652 5031 τίῆν
2683 4964 3018 5040 ἐμπαγεϊσαν
3045 4958 3275 5015 ἄκανθαν
3306 4962 3379 5029 τῷ
3435 4945 3573 5006 παιδὶ
3622 4945 3765 5045 τόιξτῳ

439 5045 923 5132 nominis,dicens
946 5060 961 5102 :
989 5045 1581 5113 Deus,intercessione
1602 5049 1753 5105 servi
1775 5051 1854 5106 tui
1878 5053 2050 5111 Blasii

2163 5055 2370 5132 ἀοράτῳ
2400 5075 2492 5109 σου
2521 5052 2735 5126 δυνάμει
2767 5048 2928 5128 ἄφελε
2959 5047 3010 5113 ἐξ
3061 5048 3218 5103 ἀῦτοῦ
3277 5043 3550 5132 ἰασάμενος
3597 5041 3758 5132 ξθξθῗι

443 5131 716 5191 accelera
743 5136 910 5192 tuum
935 5132 1222 5194 auxilium
1251 5151 1263 5192 :
1292 5131 1381 5193 fac
1410 5132 1602 5193 citoin
1623 5151 1692 5194 eo
1712 5137 2062 5199 curationen

2163 5117 2250 5201 καλ
2304 5117 2394 5198 ὲάν
2453 5141 2559 5197 ἀπὸ
2622 5117 2706 5196 τοῦ
2762 5117 2848 5194 νῦν
2890 5137 2927 5204 ἢ
2983 5137 3037 5192 ἐν
3085 5135 3377 5211 ἀνθρώποις
3421 5129 3456 5192 ἦ
3507 5122 3558 5177 ἐν
3595 5117 3761 5192 βρέφ⁶⁴

442 5217 517 5313 ad
547 5217 795 5296 gloriam
825 5227 884 5280 et
905 5219 1195 5282 honorem
1222 5221 1412 5282 sancti
1435 5220 1518 5281 tui
1543 5221 1836 5304 nominis;
1873 5233 1926 5286 et
1948 5245 2062 5288 cun

2164 5254 2268 5305 σιν,
2333 5230 2368 5298 ἢ
2407 5228 2460 5285 ἐν
2504 5230 2717 5298 κτήνεσι
2772 5228 2823 5283 τὶ
2865 5230 3106 5282 τοιοῦτον
3167 5220 3340 5298 συμϐῇ
3388 5232 3536 5283 ποτε,
3565 5217 3762 5313 μνιὲμρῖ

445 5293 574 5384 ipse
591 5306 718 5369 haec
743 5306 1011 5388 dixisset,
1046 5326 1295 5388 puerum
1336 5308 1533 5370 statim
1583 5328 1793 5371 sanum
1823 5293 2058 5376 restitui

2165 5293 2334 5376 νεύσει
2397 5316 2451 5374 δέ
2493 5339 2573 5382 τις
2603 5320 2722 5374 εκεῖ
2749 5321 2844 5372 τοῦ
2885 5311 3144 5388 ὀνόματός
3197 5320 3298 5386 μου
3325 5305 3488 5381 λέγων
3523 5315 3534 5328 ·
3565 5293 3620 5346 Ὀ
3647 5293 3756 5385 θεξπ

445 5391 602 5453 sicut
637 5393 825 5472 prius,
861 5403 920 5456 et
948 5387 1085 5457 eum
1118 5395 1381 5457 reddidit
1413 5398 1586 5458 matri
1619 5416 1762 5474 suae,
1787 5419 1891 5465 ore
1922 5422 2062 5465 nun-

2163 5413 2232 5484 τῇ
2292 5404 2542 5485 πρεσϐείᾳ
2590 5413 2682 5463 τοῦ
2741 5403 2926 5460 δούλου
2979 5387 3073 5458 σου
3130 5398 3359 5487 Βλασίου
3406 5387 3756 5487 ’τάχιξνονηῗλξ

442 5459 838 5573 quamsilente
863 5487 1037 5545 Deum
1075 5488 1401 5573 laudantem
1435 5498 1604 5573 atque
1643 5459 2054 5562 81οὲίὲιώόίξῶ

2175 5459 2232 5484 ἰ·
2297 5459 2540 5485 ’γη-υτ
2603 5459 2677 5463 ην
2751 5459 2756 5460 γ
2813 5459 2818 5460 γ
2882 5459 2885 5460 ν
3481 5459 3545 5487 η.

2160 5497 2408 5573 βοήθειάν
2461 5517 2580 5573 σου,
2638 5493 2823 5558 εὐθέως
2883 5493 3106 5558 ποίησον
3161 5487 3247 5544 ἐπ’
3309 5481 3458 5542 αὐτὸν
3498 5490 3600 5573 τηνι
3631 5459 3751 5573 ἴαῗὲ

443 5565 764 5634 Hominum
786 5577 982 5632 autem
1003 5589 1281 5634 sermone
1303 5557 1719 5637 celebrabatur
1735 5574 1843 5639 Dei
1863 5588 2062 5661 martyt

2161 5557 2426 5652 εἷς-δόξαν
2480 5557 2579 5642 καὶ,
2615 5584 2776 5660 τιμὴν
2813 5557 2920 5642 τοῦ
2977 5578 3236 5658 ὀνόματός
3282 5593 3394 5635 σου.
3459 5562 3549 5622 Καὶ
3588 5557 3636 5609 ὲν
3685 5557 3748 5613 τῲ
