4022 6146
250 293 362 358 821

1229 292 1646 361 CERTAMEN
1686 296 1746 359 S.
1790 296 2038 361 BLASII
2082 300 2182 362 ET
2226 300 2625 365 SOCIORUM.

3501 305 3618 370 822

251 442 424 486 ειπεῐν
457 428 612 485 αὒτὸν
642 427 809 486 ταῦτα
849 429 1090 506 παραυτά
1134 427 1540 496 ἀποκατέστησε
1588 431 1679 488 οιὸν
1730 430 1886 490 παῖδα

1981 441 2040 495 et
2069 433 2386 516 episcopus
2423 435 2670 512 Blasius,
2724 453 2843 497 non
2893 437 3083 499 solum
3145 435 3464 514 Sebasteae,
3508 441 3613 501 sed

248 515 372 594 ὕγιῆ
403 520 473 580 ὡς
506 519 564 574 τὸ
594 519 870 597 πρότερον,
927 518 1012 576 καὶ
1072 515 1344 574 ἀπέδωκεν
1400 519 1554 575 αῦτὸν
1606 526 1676 597 τῇ
1733 523 1896 600 μητρὶ

251 607 408 664 αῦτοῦ
454 606 695 684 ἀσιγήτῳ
745 606 971 683 στόματι
1030 609 1276 664 αἰνοῦντα
1329 607 1422 664 καΐ
1478 606 1756 679 δοξάζοντα
1805 611 1897 666 τόν

1979 521 2153 584 etiam
2184 523 2481 674 lficplpoli.
2505 523 2643 586 Erat
2658 525 2816 587 enim
2842 526 3110 588 eruditus
3133 526 3308 588 etiam
3328 526 3390 588 in
3410 527 3610 589 scien-

1979 612 2056 674 tia
2086 630 2204 674 met
2228 630 2300 674 en
2347 614 2386 672 i.

1979 612 2056 674 tia
2086 612 2386 674 medendi.

250 702 401 761 Θεύν.
470 699 788 769 Διεϐεϐόητο
833 701 887 758 δὲ
929 704 956 758 6
1011 708 1104 759 τοῦ
1149 707 1280 758 Θεοῦ
1336 702 1535 781 μάρτυς
1595 705 1679 758 καὶ
1737 703 2023 765 ἐπισκοπος
2082 706 2303 772 Βλοίσιος
2347 707 2404 763 οῦ
2448 708 2610 783 μόνον
2665 708 2718 762 ἐν
2776 713 2842 774 τῆ
2899 706 3208 785 Σεϐαστείᾲ,
3242 710 3379 767 ἀλλά
3425 684 3512 769 καὶ
3557 712 3612 769 ἐν

245 796 316 867 τῇ
349 789 651 848 Νικοπόλει·
686 789 1102 867 πεπαιδευμένος
1134 790 1233 869 γὰρ
1261 791 1325 858 ἧν
1356 793 1382 847 6
1413 789 1609 870 μᾶρτυς
1640 793 1724 848 καὶ
1755 793 1852 860 τὴν
1880 794 2120 874 ἰατρικὴν
2151 796 2478 864 ἐπιστήμην.

329 882 414 945 Δ’.
451 881 595 940 Κατά
627 880 679 936 δὲ
712 883 809 950 τὴν
841 881 958 938 ὁδὸν
1007 883 1302 962 ἐρχομένου
1347 889 1438 939 τοῦ
1493 884 1643 960 ἁγίου
1693 883 1884 952 συνέϐη

245 978 502 1050 πενιχρᾶς
561 993 702 1034 τινος
760 973 1006 1048 γυναικὸς
1073 971 1164 1028 ἕνα
1233 983 1423 1051 χοῖρον
1494 972 1726 1052 ἐχούσης
1800 975 1885 1031 καὶ

244 1060 411 1136 μηδὲν
495 1061 668 1137 ἕτερον
751 1060 1086 1136 κεκτημένης
1171 1061 1336 1128 αῦτῆς
1409 1062 1711 1140 ἀρπαγῆναι
1781 1064 1882 1118 ὑπὸ

243 1150 423 1210 λύκου·
479 1152 514 1218 ἡ
573 1148 628 1205 δὲ
683 1152 815 1228 γυνὴ
872 1152 1039 1216 πιστὴ
1103 1149 1228 1205 οὖσα
1284 1149 1578 1224 προσῆλθεν
1626 1157 1701 1225 τῷ
1750 1152 1883 1227 ἁγίῳ

243 1241 461 1319 μάρτυρι
510 1240 644 1295 κατὰ
699 1245 790 1294 τοῦ
844 1238 1026 1316 θηρός.
1092 1233 1149 1297 Ὀ
1210 1236 1262 1293 δὲ
1320 1237 1470 1314 ἅγιος
1530 1245 1624 1295 τοῦ
1658 1247 1882 1315 Χριστοῦ

239 1325 403 1408 ἱερεῦς
460 1330 544 1385 καὶ
596 1329 806 1406 Μάρτυς
859 1327 1081 1389 Βλάσιος
1133 1326 1511 1403 ὑπομειδιάσας
1564 1327 1663 1408 ἔφη
1720 1331 1874 1405 αὖτῇ²

237 1420 328 1486 Μῆ
388 1417 573 1485 λυποῦ,
635 1417 804 1494 γύναι,
865 1415 1002 1491 μηδὲ
1056 1415 1265 1494 δάκρυε·
1315 1417 1730 1473 ἀποκαθίσταται
1780 1419 1880 1495 γὰρ

236 1529 328 1563 σοι
385 1509 412 1562 6
467 1518 658 1586 χοῖρος
704 1512 808 1577 ζῶν
857 1505 942 1561 καὶ
989 1502 1248 1572 ἀϐλαϐής.
1303 1507 1401 1563 Καὶ
1430 1504 1630 1584 ἤρχετο
1672 1508 1698 1560 6
1729 1505 1878 1583 ἅγιος

237 1596 320 1653 ἐπὶ
353 1598 452 1660 τῆς
485 1593 626 1652 ὁδοῦ·
667 1597 826 1652 αὐτοῦ
879 1592 935 1650 δέ
991 1595 1076 1650 ἐπὶ
1117 1594 1215 1660 τῆν
1274 1592 1569 1672 ὁδοιπορίαν
1627 1593 1878 1650 σπεύδον-

233 1708 327 1746 τος
383 1687 412 1740 6
442 1684 597 1748 λύκος
630 1681 838 1752 ἀϐλαϐῆ
891 1681 1204 1762 διαφυλάξας
1257 1686 1349 1739 τὸν
1406 1696 1624 1764 χοῖρον,
1667 1681 1881 1740 ἀπέδω-

233 1797 328 1832 κεν
380 1773 536 1830 αὒτὸν
594 1779 661 1850 τῇ
733 1775 878 1852 χήρα
949 1772 1179 1850 γυναικί.
1258 1771 1592 1836 Εἰσελθόντος
1665 1771 1719 1828 δὲ
1790 1775 1882 1828 τοῦ

232 1865 389 1943 ἁγίου
437 1862 658 1919 Βλασίου
689 1861 741 1918 ἐν
791 1867 861 1938 τῇ
931 1860 1260 1940 μητροπόλει
1319 1859 1606 1934 Σεϐαστείᾳ
1663 1860 1877 1919 ἒκέλευ-

232 1975 326 2009 σεν
388 1955 414 2008 6
471 1953 684 2030 ἡγεμὼν
745 1951 1095 2027 Ἀγρικύλαος
1152 1949 1413 2026 βληθῆναι
1480 1952 1635 2006 αὑτὸν
1703 1951 1756 2006 ἐν

233 2040 466 2120 φυλακῇ.
533 2039 636 2099 Καῖ
696 2045 764 2116 τῇ
820 2038 942 2105 ἑξῆς
1005 2040 1221 2103 καθίσας
1280 2038 1365 2100 ἐπὶ
1412 2046 1506 2095 τοῦ
1554 2040 1796 2115 βήματος
1853 2041 1880 2094 'o

233 2130 437 2209 ἅρχωι,
498 2128 768 2184 ἐκέλευσεν
827 2129 1057 2208 ἀχθῆναι
1115 2127 1206 2183 τὸν
1260 2127 1411 2206 ἅγιον
1469 2126 1720 2189 Βλάσιον.
1778 2133 1879 2185 Τοῦ

227 2219 284 2276 δὲ
334 2219 701 2297 παραστάντος
760 2216 881 2274 ἰδὼν
937 2218 1094 2275 αὐτὸν
1147 2219 1173 2273 6
1232 2218 1449 2294 ἡγεμὼν
1505 2215 1696 2294 ἤρξατο
1727 2223 1878 2294 πρῶ-

227 2332 321 2366 τον
377 2308 623 2373 θωπείαις
680 2309 974 2387 κεχρῆσθαι
1036 2309 1167 2384 πρὸς
1228 2305 1405 2381 αὒτὸν,
1462 2308 1550 2362 καὶ
1612 2305 1880 2383 προτέρως

231 2398 395 2455 αὺτὸν
464 2397 750 2462 ἀσπάξεται
835 2395 1005 2474 λέγων
1040 2413 1053 2425 ·
1131 2395 1367 2474 Χαίροις,
1459 2395 1881 2472 προσφιλέστατε

233 2486 456 2565 ΒΛᾶσιε,
517 2486 629 2564 φὶλε
690 2485 796 2542 τῶν
847 2485 979 2541 θεῶν
1033 2486 1118 2540 καί
1162 2484 1411 2561 ἡμέτερε.
1487 2475 1545 2540 ’0
1603 2483 1658 2539 δὲ
1729 2483 1880 2562 ἅγιος

235 2575 464 2639 Βλάσιος
493 2573 634 2652 λέγει
692 2577 855 2646 αῦτῷ·
917 2575 1129 2651 Χαίροις
1180 2575 1268 2629 καὶ
1325 2574 1409 2646 σὺ,
1461 2573 1703 2650 κράτιστε
1746 2575 1880 2650 ἦγε-

234 2664 374 2740 μών⁹
410 2665 487 2739 μῆ
518 2663 640 2742 λέγε
671 2664 856 2728 αὖτοὺς
914 2663 1061 2726 θεοὺς
1121 2661 1257 2717 ἀλλά
1313 2659 1557 2734 δαιμόνια
1614 2661 1884 2737 ἀκάθαρτα

233 2755 320 2810 καί
382 2753 613 2830 πονηρὰ,
673 2752 827 2808 ἅτινα
882 2757 959 2824 τῷ
1009 2751 1200 2822 αἰωνίῳ
1256 2750 1344 2806 καὶ
1373 2749 1708 2821 ἀτελευτήτῳ
1765 2749 1885 2825 πυρὶ

235 2841 693 2920 παραδοθήσονται
757 2841 888 2916 μετᾶ
946 2845 1050 2894 τῶν
1120 2837 1425 2913 σεϐομένων
1482 2837 1632 2894 αὐτά·
1689 2844 1883 2911 Θυμω-

235 2935 341 2996 θεὶς
414 2929 468 2988 δὲ
541 2935 570 2986 6
640 2930 855 3007 ἡγεμὼν
917 2928 1008 2985 ἐπὶ
1083 2929 1287 2989 τούτοις
1354 2925 1598 2984 ἒκὲλευσε
1665 2924 1884 3002 βάκλοις

241 3021 438 3098 ἀργίοις
525 3020 806 3076 τύπτεσθαι
852 3017 1032 3080 αὐτόν,
1107 3016 1224 3072 Ἐπὶ
1297 3014 1527 3076 πολλαῖς
1599 3012 1653 3070 δὲ
1724 3013 1884 3093 ὥραις

1904 1836 1942 1884 Β

2047 882 2146 947 IV.
2181 885 2244 946 In
2278 884 2492 947 itinere
2522 901 2655 946 vero
2686 884 3054 963 ingrediente
3097 896 3321 962 sancto,
3360 891 3610 969 contigit

1967 979 2035 1034 ut
2087 971 2394 1052 cujusdam
2454 974 2830 1053 paupercula),
2886 974 3172 1050 mulieris,
3236 995 3366 1057 quae
3422 997 3606 1041 unum

1966 1060 2221 1121 habebat
2278 1080 2523 1140 porcum
2585 1068 2642 1122 et
2707 1063 2855 1123 nihil
2907 1063 3103 1139 aliud,
3160 1067 3606 1146 porcusalupo

1963 1156 2292 1229 raperetur.
2327 1149 2536 1210 Mulier
2557 1159 2780 1230 autem,
2807 1169 2939 1231 quae
2960 1159 3086 1212 erat
3115 1152 3331 1225 ﬁdelis,
3357 1155 3611 1217 accessit

1963 1237 2036 1298 ad
2066 1246 2332 1300 sanctum
2369 1247 2686 1318 martyrem
2724 1248 2929 1301 contra
2961 1240 3168 1304 feram.
3195 1241 3444 1305 Sanctus
3468 1262 3607 1306 vero

1965 1325 2178 1388 Christi
2236 1326 2516 1388 sacerdos
2576 1337 2633 1388 et
2690 1336 2913 1409 martyr
2969 1328 3198 1390 Blasius
3262 1331 3605 1410 subridens,

1967 1414 2191 1476 dixitoi
2220 1433 2232 1478 :
2266 1414 2350 1475 Nc
2383 1415 2463 1475 sis
2496 1414 2704 1488 tristii,
2743 1435 2774 1477 o
2809 1417 3041 1492 mulier,
3080 1437 3190 1479 nec
3237 1420 3606 1498 lacrymeris.

1962 1503 2091 1564 Tibi
2126 1503 2285 1564 enim
2309 1504 2592 1565 reddetur
2622 1523 2835 1584 porcus
2877 1506 3038 1568 vivus
3083 1518 3141 1568 et
3170 1508 3410 1569 illaasus.
3447 1507 3603 1571 San-

1963 1600 2094 1654 ctus
2137 1601 2332 1654 autem
2364 1596 2542 1674 coepit
2595 1593 2709 1655 iter
2762 1595 3014 1673 ingredi.
3073 1595 3155 1656 Eo
3206 1615 3340 1659 vero
3394 1600 3602 1677 ingre-

1964 1680 2184 1756 diente,
2236 1681 2435 1760 lupus,
2491 1682 2591 1761 qui
2625 1701 2872 1760 porcum
2905 1684 3154 1746 illaesum
3210 1705 3603 1750 conservave-

1961 1779 2073 1846 rat,
2109 1789 2240 1831 eum
2273 1770 2536 1832 reddidit
2560 1771 2768 1834 viduae.
2795 1775 3066 1851 Ingresso
3098 1782 3293 1838 autem
3319 1783 3519 1838 sancto
3543 1783 3604 1836 in

1966 1859 2340 1938 metropolim
2377 1858 2742 1933 Sebasteam,
2772 1862 2948 1938 jussit
2980 1880 3197 1943 praeses
3250 1865 3605 1944 Agricolaus

1962 1966 2096 2008 eum
2121 1947 2337 2027 conjici
2366 1948 2422 2008 in
2456 1948 2809 2010 custodiam.
2849 1948 2955 2012 Die
2998 1967 3145 2013 vero
3196 1959 3468 2029 sequenti
3499 1972 3601 2014 se-

1962 2036 2110 2097 dens
2142 2055 2357 2115 praeses
2390 2037 2449 2097 in
2482 2037 2786 2111 tribunali,
2833 2037 3011 2118 jussit
3058 2039 3274 2102 adduci
3333 2049 3603 2102 sanctum

1960 2125 2247 2204 Blasium.
2303 2129 2446 2189 Cum
2503 2125 2553 2185 is
2609 2133 2809 2188 autem
2865 2127 3170 2203 astitisset,
3214 2128 3420 2190 videns
3467 2149 3603 2191 eum

1967 2232 2206 2295 prases,
2241 2215 2419 2294 carpit
2452 2214 2706 2292 primum
2742 2235 2875 2277 cum
2901 2235 2970 2278 eo
2990 2235 3166 2296 agere
3193 2217 3516 2293 blanditiis,
3549 2229 3608 2279 et

1965 2304 2128 2382 prius
2183 2321 2316 2364 eum
2378 2303 2614 2377 salutat,
2678 2303 2920 2365 dicens:
2986 2305 3174 2380 Salve,
3257 2306 3607 2369 charissima

1964 2391 2148 2472 Blasi,
2181 2391 2426 2452 deorum
2463 2391 2654 2452 amice
2714 2401 2772 2452 et
2829 2402 3055 2456 noster.
3111 2393 3362 2456 Sanctus
3414 2403 3609 2456 autem

1965 2481 2197 2542 Blasius
2229 2479 2372 2542 dicit
2402 2485 2455 2540 ei
2484 2501 2497 2543 :
2533 2480 2703 2541 Salve
2737 2488 2795 2542 tu
2828 2501 3087 2561 quoque,
3116 2501 3334 2562 praeses
3360 2482 3606 2563 optime.

1965 2567 2051 2629 Ne
2084 2586 2185 2629 eos
2217 2585 2350 2628 vero
2395 2566 2559 2628 dicas
2589 2567 2756 2648 deos,
2807 2569 2913 2629 sed
2945 2569 3238 2630 daemonia
3266 2590 3280 2629 :
3314 2589 3446 2650 quae
3475 2572 3612 2646 qui-

1967 2657 2102 2718 dem
2137 2655 2443 2717 tradentur
2473 2655 2594 2731 igni
2619 2664 2841 2718 aeterno
2874 2676 3007 2717 cum
3040 2658 3136 2737 iis,
3162 2658 3260 2738 qui
3283 2676 3352 2719 ea
3383 2660 3606 2721 colunt.

1968 2745 2072 2807 His
2104 2762 2325 2826 praeses
2384 2745 2473 2806 ira
2519 2748 2805 2824 percitus,
2859 2746 3036 2824 jussit
3087 2764 3220 2806 eum
3279 2746 3612 2824 agrestibus

1971 2834 2196 2895 baculis
2227 2833 2552 2894 verberari.
2587 2834 2786 2898 Multis
2815 2844 3011 2896 autem
3062 2833 3226 2896 horis
3268 2835 3614 2896 verberatus

1971 2929 2190 3001 martyr
2243 2920 2459 2982 Christi
2515 2921 2772 2994 Blasius,
2829 2921 2975 2982 dicit
3034 2920 3312 3001 praesidi:
3346 2921 3392 2984 Ο
3449 2921 3611 2983 nullo

1969 3029 2146 3072 sensu
2181 3010 2428 3090 praedite
2462 3019 2518 3071 et
2549 3011 2831 3089 deceptor
2880 3010 3237 3089 animarum,
3293 3018 3460 3090 putas
3517 3028 3613 3071 me

237 3110 566 3183 τυπτόμενος
625 3111 653 3164 6
709 3114 799 3163 τοῦ
861 3113 1086 3185 Χριστοῦ
1159 3105 1357 3181 μάρτυς
1440 3103 1666 3166 Βλάσιος
1743 3102 1884 3181 λέγει

1974 3119 2078 3180 per
2094 3107 2191 3160 tua
2218 3106 2509 3160 tormenta
2533 3099 2829 3160 abducere
2851 3117 2883 3159 a
2907 3098 3008 3160 Dei
3036 3099 3154 3159 mei
3187 3099 3563 3160 confessione
3582 3105 3610 3160 ?

236 3199 367 3272 πρὸς
401 3199 487 3254 τόν
532 3196 796 3275 ἡγεμόνα·
851 3197 1160 3260 Ἀναίσθητε
1219 3194 1306 3250 καὶ
1362 3197 1554 3270 ψυχῶν
1613 3192 1882 3264 ἀπατεὼν,

237 3289 462 3368 ἀφιστᾷν
523 3307 586 3361 με
648 3285 874 3360 νομίζεις
928 3282 1012 3338 διὰ
1067 3289 1172 3338 τῶν
1229 3281 1472 3358 βασάνων
1531 3303 1622 3336 σου
1671 3280 1730 3336 ἐκ
1788 3286 1886 3346 τῆς

1968 3188 2085 3251 Sed
2117 3207 2236 3250 non
2269 3197 2458 3269 potes.
2491 3187 2690 3249 Habeo
2725 3189 2882 3248 enim
2913 3186 3115 3248 Jesum
3145 3187 3470 3258 Christum,
3513 3191 3614 3267 qui

1970 3296 2066 3339 me
2098 3279 2465 3339 corroborat.
2500 3279 2585 3339 De
2615 3283 2830 3338 caetero
2865 3275 2954 3337 fac
2985 3275 3142 3356 quod
3172 3276 3430 3337 volueris
3457 3317 3474 3335 .

241 3386 336 3436 τοῦ
404 3385 536 3434 Θεοῦ
591 3400 689 3452 μου
732 3374 1043 3453 ὁμολογίας.
1105 3372 1253 3431 Ἀλλ’
1305 3377 1363 3432 οὒ
1427 3371 1664 3429 δύνασαι·
1727 3372 1843 3452 ἔχω
1901 3373 1999 3451 γὰρ
2055 3374 2146 3428 τὸν
2205 3368 2588 3444 ἐνδυναμοῦντοί
2644 3391 2709 3443 με
2768 3369 2975 3435 Ἰησοῦν
3017 3369 3265 3446 Χριστόν.
3324 3371 3394 3426 T6
3433 3369 3623 3426 λοιπὸν

245 3477 386 3524 ποίει
417 3467 444 3522 ὃ
473 3465 645 3542 βουλει
656 3514 670 3528 ,

375 3560 389 3579 ι
449 3551 462 3572 ε
575 3557 615 3578 «κ
691 3560 704 3580 9
807 3557 832 3579 ν
1150 3557 1163 3576 9
1242 3554 1294 3576 ρ’
1544 3557 1556 3574 ρ
1694 3555 1708 3575 \

330 3571 365 3618 E
395 3608 408 3621 .
467 3571 536 3623 Ως
570 3575 624 3614 οε
658 3580 751 3615 ουκ
813 3578 1035 3636 ισχυσεν
1071 3557 1098 3612 6
1141 3577 1490 3620 ασεοεστατος
1537 3577 1756 3632 ηγεμων
1787 3575 1891 3629 με-

240 3654 502 3719 ταστῆσαι
538 3650 690 3707 αὐτὸν
738 3648 844 3704 ἀπὸ
886 3651 983 3715 τῆς
1041 3645 1094 3702 ἐν
1153 3647 1362 3724 Χριστῷ
1419 3645 1670 3717 πίστεως,
1733 3643 1892 3699 πάλιν

243 3739 518 3797 ἐκέλευσεν
589 3737 950 3815 ἀπενεχθῆναι
1024 3736 1180 3791 αὐτὸν
1251 3734 1304 3788 ἐν
1375 3737 1451 3805 τῷ
1520 3731 1886 3809 δεσμωτηρίῳ,

244 3833 489 3886 Μαθοῦσα
520 3825 572 3882 δὲ
604 3830 638 3895 ἡ
702 3824 922 3893 εὒσεϐἡς
989 3831 1148 3903 γραῦς
1221 3825 1308 3878 καὶ
1378 3823 1525 3900 χήρα
1595 3823 1725 3898 γυνὴ
1795 3822 1892 3887 τὴν

243 3918 522 3996 καρτερίαν
606 3918 692 3972 καὶ
775 3915 1048 3990 ὑπομονὴν
1122 3915 1212 3968 τοῦ
1297 3912 1444 3988 ἁγίου
1521 3910 1893 3987 ἱερομάρτῦρος

245 4007 471 4064 Βλασίου
502 4005 590 4061 καὶ
641 4016 738 4072 τὴν
795 4003 1034 4079 ἔμμονῆν
1094 4006 1194 4068 τῆς
1233 4000 1455 4060 πίστεως
1518 3997 1697 4075 αὐτοῦ,
1757 3997 1894 4076 σφά-

244 4095 375 4162 ξασα
407 4097 493 4151 τὸν
525 4106 718 4173 χοῖρον
749 4094 808 4148 ὃν
840 4090 1072 4148 ἀπέλαϐε
1134 4088 1277 4160 παρά
1331 4094 1422 4144 τοῦ
1483 4088 1643 4162 θηρὸς
1687 4085 1770 4143 διὰ
1799 4090 1894 4151 τῆς

245 4191 337 4240 τοῦ
407 4183 557 4262 ἁγίου
628 4183 886 4260 μάρτυρος
955 4179 1237 4257 ἒπιταγῆς,
1307 4178 1394 4232 καὶ
1476 4174 1723 4250 ἐψήσασα
1795 4176 1891 4241 τὴν

246 4273 485 4351 κεφαλὴν
515 4273 602 4328 καὶ
652 4272 773 4332 τοὺς
831 4267 1020 4342 πόδας,
1083 4269 1166 4322 καὶ
1225 4264 1458 4343 βαλοῦσα
1533 4267 1586 4320 ἒν
1644 4265 1895 4336 κανισκίῳ

246 4367 309 4420 ὲκ
361 4369 464 4418 τῶν
524 4362 840 4437 σπερμάτων
897 4363 996 4424 τῆς
1058 4359 1157 4434 γῆς
1210 4359 1308 4411 καὶ
1367 4353 1562 4431 ἅτέρων
1623 4355 1782 4410 τινῶν
1834 4355 1896 4408 ὲκ

2056 3555 2126 3616 ν.
2155 3557 2297 3617 Cum
2324 3557 2522 3613 autem
2550 3569 2667 3611 non
2689 3549 2976 3629 potuisset
2998 3547 3218 3627 impius
3241 3564 3460 3626 praeses
3482 3566 3617 3608 eum

1975 3661 2008 3703 a
2038 3643 2154 3703 ﬁde
2185 3641 2506 3714 abducere,
2535 3638 2710 3718 jussit
2744 3656 2876 3699 eum
2912 3654 3120 3697 rursus
3152 3635 3287 3695 duci
3321 3635 3382 3694 in
3415 3652 3620 3695 carce-

1976 3749 2124 3791 rem.
2162 3730 2306 3792 Cum
2333 3747 2470 3789 vero
2491 3726 2824 3806 accepisset
2846 3724 2946 3805 pia
2975 3742 3122 3785 anus
3147 3733 3205 3784 et
3231 3723 3405 3784 vidua
3435 3724 3622 3784 sancti

1979 3817 2246 3898 martyris
2276 3815 2454 3878 Blasii
2479 3815 2872 3884 tolerantiam,
2911 3813 3126 3890 eteius
3175 3811 3312 3872 ﬁdei
3339 3818 3620 3873 constan-

1979 3907 2141 3985 tiam,
2175 3924 2308 3966 cnm
2348 3904 2668 3965 occidisset
2700 3920 2970 3981 porcum,
3024 3918 3200 3979 quem
3228 3919 3260 3960 a
3291 3899 3418 3962 fera
3445 3918 3620 3961 acce-

1982 4011 2145 4075 perat
2169 3994 2340 4073 jussu
2374 3991 2558 4052 sancti
2594 3990 2883 4070 martyris.
2939 3997 2995 4050 et
3043 3988 3299 4049 coxisset
3350 3996 3524 4066 caput
3565 3997 3623 4050 et

1983 4084 2252 4162 pedes,et
2274 4083 2332 4142 in
2357 4080 2679 4142 canistrum
2715 4079 2953 4156 iecisset
2973 4095 3039 4138 cx
3067 4075 3393 4137 seminibus
3419 4085 3612 4156 terrae,

1978 4180 2040 4234 et
2068 4171 2366 4252 aliquibus
2392 4169 2524 4231 aliis
2546 4187 2617 4229 ex
2641 4185 2748 4228 sua
2771 4173 3116 4246 paupertate
3142 4183 3275 4225 cum
3302 4163 3614 4238 fructibus,

1977 4277 2301 4340 cereosque
2329 4257 2724 4332 accendisset,
2760 4254 2950 4316 attulit
2979 4252 3051 4314 ad
3085 4259 3616 4340 sanctumimarty-

1977 4368 2102 4412 rem
2139 4339 2222 4410 in,
2244 4346 2596 4421 custodiam,
2631 4353 2688 4406 et
2733 4341 2991 4421 procidit
3017 4340 3090 4402 ad
3124 4341 3254 4419 ejus
3282 4339 3478 4418 rades,
3512 4357 3615 4400 ro-

247 4453 344 4519 τῆς
417 4451 593 4511 πενίας
658 4450 822 4516 αῦτῆς
901 4447 1037 4523 μετά
1106 4447 1192 4500 καὶ
1263 4445 1500 4522 ὀπώρας,
1575 4445 1766 4522 κηρούς
1837 4465 1886 4498 τε

1977 4457 2121 4519 gans
2147 4446 2210 4499 ut
2239 4455 2308 4499 ex
2343 4437 2429 4498 eis
2461 4441 2744 4496 sumeret.
2769 4432 2912 4494 Cum
2940 4429 3157 4523 gratias
3181 4434 3378 4523 autem
3405 4427 3622 4523 egisset

248 4514 432 4615 ἅιίιασα
500 4514 832 4616 προσήνεγκε
1050 4533 1184 4612 ἁγίῳ
1257 4514 1494 4610 μάρτυρι
1550 4532 1603 4587 ἐν
1650 4514 1745 4607 ’τῇ
1795 4557 1886 4610 φυ-

1978 4514 2239 4603 sanctus,
2277 4537 2338 4588 et
2371 4546 2440 4587 ex
2473 4526 2560 4585 eis
2590 4522 2962 4616 sumpsisset,
2989 4527 3064 4616 et
3105 4517 3430 4616 benedixit,
3480 4525 3538 4578 et
3566 4514 3622 4577 ei

249 4629 412 4705 λακῇ,
445 4631 531 4685 καὶ
576 4629 899 4704 προσέπεσεν
959 4629 1099 4697 αὒτῷ
1157 4621 1380 4692 δεομένη
1453 4622 1538 4677 καὶ
1593 4622 1886 4678 ἱκετεύουσα

1982 4617 2297 4689 mandavit,
2332 4614 2575 4676 dicens:
2615 4610 2844 4684 Mulier,
2881 4608 2941 4705 in
2989 4607 3100 4705 hoc
3154 4605 3356 4667 habitu
3405 4621 3618 4705 perage

251 4715 574 4795 μεταλαϐεῖν
606 4716 656 4781 ἐξ
685 4720 882 4774 αῦτών.
953 4712 1361 4792 Εῦχαριστήσας
1417 4707 1471 4764 δέ
1532 4711 1558 4764 6
1614 4710 1765 4786 ἅγιος
1807 4719 1886 4768 τοῦ

1981 4707 2098 4768 mei
2127 4701 2776 4770 commemorationem,
2819 4705 2876 4758 et
2904 4698 2964 4756 in
2993 4696 3169 4795 domo
3198 4703 3298 4755 tua
3336 4711 3459 4792 non
3487 4689 3616 4790 .de-

251 4782 476 4885 ‘Xptatoﬁ
563 4806 873 4884 ἱερομάρτυς
962 4782 1184 4863 Βλάσιος
1271 4797 1364 4854 καί
1450 4782 1762 4872 μεταλαϐὼν
1845 4795 1886 4862 ἐξ

1982 4797 2140 4856 ﬁciet
2171 4810 2347 4854 omne
2378 4791 2600 4850 bonum
2633 4805 2666 4847 a
2699 4789 2819 4848 Deo
2852 4782 3167 4883 meo..Sed
3201 4791 3260 4842 et
3303 4782 3350 4842 si
3402 4782 3536 4878 quis
3562 4788 3619 4840 te

255 4900 425 4954 αῦτῶν
503 4897 791 4974 εὒλὸγησεν
853 4893 1013 4959 αὑτὴν
1073 4893 1159 4946 καὶ
1219 4885 1322 4944 εἶθ’
1382 4886 1546 4952 οὕτως
1605 4887 1886 4943 ἐνετείλατι

1982 4884 2094 4943 hoc
2128 4882 2298 4940 modo
2326 4878 2584 4949 imitans,
2619 4872 2737 4934 mei
2766 4871 3060 4951 peregerit
3091 4871 3614 4974 commemoratio-

256 4986 392 5061 αῦτῇ
446 4955 651 5061 λέγων’.
693 4983 872 5053 Γύναι,
906 4981 1079 5054 τούτῳ
1110 4985 1184 5051 τῷ
1241 4978 1486 5056 σχήματι
1539 4976 1769 5032 ἐπιτέλει
1802 4977 1886 5046 τήπ

1986 4989 2145 5044 nem,
2208 4965 2450 5028 habebit
2496 4983 2529 5025 a
2566 4964 2686 5024 Deo
2739 4978 2880 5061 meo
2925 4966 3276 5061 perpetuum
3309 4955 3528 5061 donum
3562 4959 3622 5013 et

260 5045 479 5150 μνήμην
511 5043 633 5150 μου,
687 5075 776 5128 καὶ
834 5075 892 5129 οῦ
951 5069 1028 5144 μὴ
1071 5065 1293 5141 ἒκλείψῃ
1348 5065 1408 5121 ἐκ
1463 5071 1553 5121 τοῦ
1611 5064 1763 5121 οἴκου
1811 5087 1886 5121 σοι

1988 5043 2476 5120 benedictionem
2514 5049 2791 5111 omnibus
2825 5045 3035 5106 diebus
3049 5047 3326 5104 vitzesuae.
3343 5043 3416 5103 Et
3435 5057 3620 5150 vejne-

261 5126 472 5150 r‘"|t'""
511 5126 633 5150 δ”ννῗ
847 5126 887 5129 ⁷-
951 5126 961 5144 Ι
1017 5126 1028 5136 “
1232 5126 1293 5141 ιε’

260 5165 569 5243 ἀγαθωσύνη
631 5170 774 5220 πᾶσα
828 5161 969 5238 παρά
1026 5165 1116 5215 τοῦ
1175 5154 1305 5212 Θεοῦ
1362 5178 1485 5230 μου,
1545 5154 1680 5211 ἀλλὰ
1736 5155 1823 5211 καὶ
1853 5155 1886 5209 ε⁷

1988 5146 2170 5208 randa
2201 5143 2440 5243 quidem
2474 5139 2660 5243 illanet
2690 5136 2861 5243 beata
2891 5151 3060 5243 anus:
3085 5126 3618 5243 acpepto-mgndna‘to

262 5277 339 5317 τις
398 5253 724 5329 μιμούμενός
783 5272 842 5306 σε
900 5248 1072 5321 τούτῳ
1125 5252 1201 5331 τῷ
1257 5243 1438 5322 τρόπῳ
1497 5243 1739 5300 ἐπιτελεῖ
1809 5244 1906 5310 τῆν

212 5389 214 5391 .
265 5345 484 5417 μνήμην
537 5365 662 5417 μου,
723 5337 1066 5395 ἀνέκλειπτον
1131 5333 1233 5398 ἕξει
1291 5332 1388 5398 τὴν
1446 5332 1586 5410 παρὰ
1630 5341 1724 5391 τοῦ
1780 5338 1910 5388 Θεοῦ

266 5453 367 5503 μου
424 5429 620 5508 δωρεὰν
686 5429 773 5484 καὶ
836 5425 1080 5501 εὐλογίαν
1140 5421 1310 5485 πάσας
1389 5419 1483 5482 τὰς
1543 5419 1744 5497 ἡμέρας
1815 5421 1911 5486 τῆς

267 5520 405 5596 ζωῆς
458 5523 637 5580 αὐτοῦ.
705 5517 803 5574 Καὶ
860 5517 894 5581 ἡ
953 5513 1048 5590 μὲν
1121 5511 1269 5592 τιμία
1324 5511 1410 5565 καὶ
1466 5509 1696 5590 μακαρία
1751 5514 1910 5588 γραῦς

345 5615 366 5663 ι
411 5612 615 5683 Matth.
651 5626 811 5692 xm,
848 5608 943 5674 13.

1991 5255 2025 5298 a
2053 5214 2254 5296 sancto
2285 5237 2537 5309 martyre
2569 5225 2784 5299 Blasio,
2814 5225 3002 5283 Deum
3039 5216 3471 5309 laudans,iabiit
3490 5214 3622 5309 laeta

1992 5325 2054 5385 in
2111 5324 2352 5384 domum
2413 5303 2603 5390 suam,
2663 5323 2721 5375 et
2777 5311 3021 5391 impleta
3049 5308 3154 5370 fuit
3198 5309 3258 5368 in
3311 5308 3424 5368 hac
3457 5303 3626 5364 beata

1993 5412 2170 5474 vidua
2218 5409 2544 5489 Scriptura,
2607 5419 2736 5482 quae
2788 5399 2931 5461 dicit
2962 5418 3042 5489 ελ»
3090 5395 3329 5458 Dicetur
3372 5391 3619 5472 ubique,

1995 5502 2136 5566 fecit
2167 5501 2314 5582 ipsa,
2349 5487 2422 5559 ad
2454 5495 2582 5574 ejus
2615 5489 2960 5552 memoriam
2987 5487 3036 5561 ι,
3071 5510 3098 5543 ι»
