4022 6146
396 341 515 408 825
1362 331 1777 398 CERTAMEN
1824 329 1884 392 S.
1932 327 2180 391 BLASII
2224 325 2321 387 ET
2368 322 2768 387 SOCIORUM.
3644 318 3762 384 826

394 491 515 543 τοῖς
545 481 715 552 θεοῖς,
748 474 835 534 καὶ
893 480 1063 531 σῶσαι
1112 473 1204 535 τάς
1262 469 1442 550 ψυχὰς
1499 467 1643 541 δμῶν
1685 472 2032 544 περιπατοῦσι

2120 459 2449 534 iis,babens
2470 458 2621 521 duos
2645 455 3092 537 pueros,rapuit
3111 455 3362 552 linteum
3388 462 3453 552 et
3467 455 3674 535 injecit
3697 458 3757 518 in

393 568 452 624 ἐν
480 573 548 642 τῇ
581 548 760 642 ὀθόνη,
790 565 826 632 ἢ
869 563 948 639 μὴ
978 548 1694 638 βουλομέναιςηπειραθῆναι
1725 567 1844 618 τοῖς
1875 556 2030 642 ἡτοι-

2120 556 2409 612 fornacem
2433 562 2486 610 et
2501 553 2553 608 id
2572 551 3090 609 combussit.Pueri
3109 560 3296 608 autem
3311 548 3575 642 dicebant
3593 552 3757 608 matri

391 613 909 732 ἕκασμίέιιιοιςῊὺμῖιν⁷
937 613 948 630 Ι
979 613 1375 728 Ικολαστηρίοις,
1451 613 1556 702 illi:
1614 643 1668 700 δὲ
1741 642 1828 732 ἐξ-
1862 641 2032 732 αὐτῶν

2120 637 2590 696 sua:Veneranda
2609 645 2784 693 mater
2799 645 2987 692 nostra
3002 650 3094 701 ,ne
3110 637 3266 693 sinas
3284 649 3390 691 nos
3415 634 3471 689 in
3492 633 3758 692 hacterra

388 718 593 827 έχούσα
635 718 814 801 παιδία
857 741 948 798 δύο
1003 718 1283 818 ἁρπάσασα
1335 738 1432 804 τὴν
1490 733 1680 800 ὀθόνην
1729 730 2032 806 ἐμϐαλοῦσα

2120 724 2387 785 interire:
2405 725 2510 784 sed
2525 722 2822 801 quomodo
2838 740 2944 783 nos
2959 720 3276 801 implevisti
3295 718 3544 798 pulchro
3559 724 3617 779 et
3631 736 3760 780 sua-

389 811 467 901 ei;
512 837 611 903 τὴν
674 839 897 910 κάμινον
967 829 1289 887 κατέκαυσεν
1362 827 1546 896 αύτήν,
1608 824 1683 881 Τὰ
1737 822 1792 878 δὲ
1849 819 2032 879 παιδία

2120 818 2358 879 vissimo
2381 825 2480 878 tuo
2500 817 2778 890 lacte,nos
2801 815 3232 896 quoqueimple
3245 833 3428 895 regno
3453 811 3757 875 calorum.

389 929 552 986 εἷπον
619 905 758 1005 πρὸς*
806 925 904 992 τὴν
965 922 1171 1000 μητέρα
1241 920 1432 976 αὒτῶν·
1510 917 1670 992 Τιμία
1731 917 1886 1005 ἡμῷν
1953 918 2145 1005 μῆτερ,
2201 912 2304 1005 ,μὴ
2378 911 2588 1005 ἀφήσῃς
2665 910 2780 1005 ἐπὶ.-
2821 915 2919 976 τῆς
2991 909 3102 1005 γῆς.
3159 908 3393 1005 ταύτης.
3441 905 3755 987 ἀπογέσθαι,

389 1016 513 1076 ἀλλ’
565 1019 640 1079 ὡς
663 996 672 1005 ’
699 996 995 1080 ἐνέπλησας
1042 996 1184 1086 ἡμᾶς
1241 1019 1333 1068 τοῦ
1395 1007 1562 1066 καλοῦ
1617 1005 1706 1063 καὶ
1776 1001 1967 1061 ἀδόλου
2024 1003 2110 1059 καὶ
2166 1000 2491 1080 γλυκυτάτου
2545 1020 2638 1055 σου
2694 997 2981 1078 γάλακτος,
3045 996 3208 1064 ούτως
3267 996 3544 1074 ἔμπλησον
3613 1004 3758 1076 ἡμᾶς

389 1109 482 1165 καὶ
511 1111 609 1174 τῆς
638 1103 906 1182 βασιλείας
937 1106 1041 1158 τῶν
1071 1102 1323 1176 οὐρανῶν,

479 1220 572 1280 Η¹.
609 1221 671 1279 Ὀ
729 1218 783 1275 δὲ
840 1219 1059 1297 ἡγεμὼν
1117 1213 1360 1272 ἐκέλευσε
1422 1213 1783 1292 κρεμασθῆναι
1848 1208 2032 1280 αὖτάς,

395 1313 486 1370 καὶ
541 1310 741 1378 ξέεσθαι
798 1312 970 1367 αὑτῶν
1031 1307 1124 1370 τὰς
1205 1304 1402 1382 σάρκας
1466 1301 1601 1377 μετὰ
1658 1304 1764 1356 τῶν
1817 1299 2034 1354 κτενίων

393 1406 506 1459 τῶν
566 1399 834 1478 σηδηρῶν.
895 1399 954 1455 Οἱ
1013 1395 1066 1453 δὲ
1112 1399 1426 1474 στρατιῶται
1483 1389 1735 1469 ἐθεώρουν
1794 1387 1874 1443 ὅτι
1923 1386 2035 1442 ἀντὶ

393 1493 631 1562 α’ίματος
683 1475 822 1568 γάλα
895 1485 1067 1565 ἕῤῥεον
1132 1486 1181 1541 αἱ
1252 1483 1443 1561 σάρκες
1531 1483 1723 1538 αὐτῶν.
1785 1480 1858 1568 O6

393 1580 536 1637 ἀλλά
593 1565 707 1636 καὶ-
737 1581 787 1633 αἱ
846 1576 1036 1654 σσίρκες
1095 1575 1263 1631 αὐτῶν
1309 1571 1555 1648 ὶωρῶντο
1612 1567 1850 1644 λαμπραὶ
1911 1565 2036 1620 ὡσεὶ

390 1671 558 1750 χιὼν,
607 1667 688 1725 ὅτι
739 1653 956 1746 ἄγγελοι
1015 1669 1201 1743 Κυρίου
1242 1659 1584 1750 κατελθόντες
1628 1658 1717 1750 καὶ
1772 1653 2033 1750 θεραπεύ-

391 1742 583 1821 σαντες
640 1742 832 1832 ἔλεγον
865 1755 1054 1816 αὖταῖς
1093 1742 1108 1783 έ
1157 1752 1245 1818 Μὴ
1289 1746 1537 1828 φοϐεῖσθε
1563 1763 1576 1778 ⁸
1626 1748 1653 1802 6
1714 1742 1878 1808 καλὸς
1932 1743 2032 1832 γὰρ

2197 1204 2352 1270 VIII.
2377 1203 2600 1266 Prases
2634 1211 2827 1267 autem
2856 1204 3031 1284 jussit
3061 1222 3160 1268 eas
3191 1206 3500 1286 suspendi,
3550 1215 3610 1269 et
3652 1225 3758 1270 ea-

2116 1313 2248 1357 rum
2272 1294 2744 1357 carneslacerari
2763 1293 3096 1370 pectinibus
3120 1293 3762 1359 ferreis.Videbantveo

2118 1403 2184 1446 ro
2203 1386 2424 1446 milites
2443 1403 2510 1446 ex
2535 1403 2734 1446 earum
2757 1384 3035 1446 carnibus
3049 1385 3392 1448 manerelac
3409 1405 3512 1466 pro
3526 1386 3762 1466 sangui-

2118 1492 2217 1537 ne.
2254 1474 2406 1546 Quin
2441 1476 2617 1536 etiam
2654 1492 2855 1536 earum
2887 1492 3099 1536 carnes
3143 1475 3545 1537 cernebantur
3574 1485 3636 1538 ut
3663 1476 3759 1538 nix

2116 1563 2409 1626 candida.
2443 1564 2656 1643 Angeli
2692 1565 2850 1626 enim
2884 1563 3145 1641 Domini,
3175 1565 3274 1645 qui
3299 1566 3757 1643 descenderant,

2115 1671 2254 1714 cum
2288 1672 2388 1715 eas
2427 1661 2758 1729 curassent,
2817 1653 3094 1717 dicebant
3148 1661 3284 1718 eis:
3335 1655 3420 1718 Ne
3472 1657 3752 1720 timeatis.

2114 1741 2311 1804 Bonus
2343 1744 2502 1805 enim
2562 1743 2880 1826 operarius
2939 1762 3074 1805 cum
3129 1753 3330 1808 astate
3376 1745 3670 1828 inceperit
3700 1754 3758 1808 et

392 1848 620 1927 ἐργάτης
679 1830 963 1924 ἀρξάμενος
993 1841 1049 1898 ἐν
1096 1841 1231 1920 θέρει
1287 1841 1376 1896 καὶ
1417 1835 1663 1927 τελέσας,
1725 1834 1813 1927 καὶ
1874 1830 2030 1927 εὔλο-

2120 1832 2462 1927 perfecerit,
2495 1839 2552 1894 et
2581 1851 2615 1927 a
2645 1832 2892 1894 domino
2922 1833 3126 1927 operis
3171 1834 3756 1927 fueritbenedictus,

392 1921 573 2016 ᾖθεὶς
618 1921 760 2013 παρὰ
800 1939 893 1989 τοῦ
951 1929 1256 2010 ἐργοδότου,
1313 1929 1400 1985 καὶ
1461 1923 1638 2016 λαϐὼν
1697 1924 1787 2016 τον
1842 1921 2034 2016 μισθὲν

392 2007 575 2101 αὐτοῦ,
638 2007 840 2104 χαίρων
888 2007 1165 2100 πορεύεται
1219 2020 1292 2083 εἷς
1346 2019 1438 2074 τὸν
1483 2015 1638 2072 οἶκον
1683 2015 1868 2070 αὑτοῦ.
1914 2007 2037 2104 ⁸Ού-

393 2137 501 2180 τως
560 2097 681 2170 οὖν-
705 2097 792 2170 καὶ
846 2097 1002 2188 ὑμεῖς
1057 2108 1380 2187 ἀγωνίσασθε
1407 2154 1423 2187 ,
1511 2105 1656 2166 ὅπως
1727 2097 2036 2188 ἀπολάϐητε

395 2205 539 2283 παρὰ
597 2202 689 2260 τοῦ
745 2187 996 2279 Σωτῆρος
1053 2201 1208 2274 ἡμῶν
1251 2195 1430 2264 Ἰησοῦ
1486 2201 1715 2283 Χριστοῦ
1765 2191 1863 2283 την
1892 2187 2036 2283 ἀἰώ-

395 2275 507 2354 νιόν
562 2294 649 2348 καὶ
678 2275 1026 2358 ἀτελεύτητον
1075 2289 1242 2359 ζωήν.
1305 2285 1434 2344 Τότε
1479 2286 1506 2341 6
1548 2282 1771 2362 ἡγεμὼν
1816 2275 2037 2336 ἐκέλευ-

399 2405 490 2442 σεν
534 2381 936 2461 κατενεχθείσας
1000 2378 1160 2442 αὒτὰς
1231 2377 1492 2452 βληθῆναι
1547 2373 1602 2430 ὲν
1672 2377 1742 2448 τῇ
1802 2369 2033 2461 καμίνῳἲ

394 2475 493 2532 Καὶ
550 2458 847 2548 βληθέντων
908 2469 1078 2525 αὐτῶν
1129 2464 1317 2530 εὒθὲως
1372 2464 1571 2530 ἐπαύθη
1646 2462 1708 2518 τὸ
1772 2465 1895 2538 πῦρ,
1949 2458 2038 2513 καὶ

390 2559 744 2631 ἐξεϐλήθησαν
827 2558 888 2615 ἐκ
966 2563 1064 2624 τῆς
1139 2555 1359 2632 καμίνου
1431 2558 1482 2610 αἱ
1555 2551 1704 2630 ἅγιαι
1783 2559 2033 2628 γυναῖκες

387 2647 642 2713 ἀϐλαϐεῖς
684 2645 1046 2726 φυλαχθεῖσαι
1102 2650 1172 2719 τῇ
1229 2650 1320 2700 τοῦ
1371 2642 1556 2719 Κυρίου
1607 2640 1814 2718 χάριτι.
1877 2635 2032 2713 Λέγει

384 2741 474 2797 οὖν
529 2739 661 2815 πρὸς
705 2736 865 2800 αύτάς
897 2737 924 2790 6
961 2733 1173 2811 ἡγεμών
1208 2746 1222 2762 ⁸
1277 2729 1694 2810 Ἀποῤῥίψαντες
1738 2728 1832 2788 τὰς
1890 2745 2031 2802 γοη·ο

384 2828 527 2892 τείας
583 2827 732 2902 ὑμῶν
774 2823 1092 2903 προσέλθετε
1148 2821 1238 2878 καὶ
1289 2821 1478 2878 θύσατε
1537 2831 1654 2882 τοῖς
1697 2819 1842 2877 θεοῖς
1902 2834 2028 2889 μου.

384 2920 446 2975 Αἱ
503 2914 558 2972 δὲ
611 2914 759 2994 ἅγιαι
818 2913 954 2972 ἑπτὰ
1011 2923 1263 2990 γυναῖκες
1341 2911 1414 2973 ὣς
1479 2907 1529 2973 ἐξ
1584 2907 1702 2968 ἑνὸς
1764 2903 2033 2994 στόματος

2118 1930 2176 1983 et
2194 1921 2532 1984 mercedem
2557 1923 2692 2003 ejus
2715 1922 3214 2002 acceperit.latns
3234 1923 3393 1986 vadit
3423 1926 3480 1986 in
3513 1925 3756 1987 domum

2118 2011 2414 2074 suamSic
2439 2029 2580 2091 ergo
2603 2029 2704 2073 vos
2726 2030 2963 2091 quoque
2985 2011 3286 2075 decertate
3308 2022 3365 2076 et
3385 2033 3420 2076 a
3449 2013 3762 2078 Servatore

2119 2109 2324 2161 nostro
2345 2101 2375 2164 J
2384 2120 2486 2162 esu
2511 2101 2744 2165 Christo
2764 2109 3044 2164 aternam
3077 2111 3136 2166 et
3155 2123 3289 2184 qua
3312 2123 3612 2186 nunquam
3648 2106 3761 2167 de-

2120 2189 2262 2252 sinit
2282 2191 2468 2253 vitam
2493 2191 2991 2272 accipiatis.Tunc
3011 2210 3226 2273 prases
3239 2195 3419 2275 jussit
3449 2213 3548 2257 eas
3568 2195 3758 2276 depo-

2122 2278 2264 2342 sitas
2280 2281 2396 2360 jaci
2424 2281 2482 2341 in
2515 2281 2838 2344 caminum.
2873 2282 3017 2345 Cum
3045 2291 3241 2344 autem
3269 2285 3448 2364 jacta
3480 2285 3756 2365 fuissent,

2121 2369 2392 2448 protinus
2407 2369 2656 2432 cessavit
2678 2370 2924 2450 ignis,et
2946 2371 3154 2451 ejecta
3173 2382 3399 2435 suntex
3422 2374 3662 2437 fornace
3679 2374 3759 2436 il-

2120 2456 2274 2519 lasa
2285 2461 3356 2524 conservatasanctamulieres.l)icit
3368 2481 3503 2524 vero
3515 2463 3600 2525 eis
3615 2483 3763 2545 pra-

2119 2565 2236 2609 ses:
2259 2547 2523 2628 Abjectis
2542 2549 2753 2611 vestris
2769 2549 3470 2630 prastigiis,accedite,et
3483 2553 3597 2614 diis
3611 2555 3760 2616 meis

2115 2637 2711 2701 sacrificate.Sancta
2723 2648 2918 2702 autem
2934 2648 3158 2720 septem
3177 2642 3758 2725 mulieres,tanquam

2114 2745 2233 2787 uno
2256 2745 2362 2788 ore
2379 2728 2658 2791 dixerunt
2682 2729 2758 2792 ei:
2785 2729 2871 2792 Ne
2893 2731 2996 2791 tibi
3021 2733 3172 2792 bene
3196 2733 3329 2805 sit,o
3345 2731 3427 2793 fili
3444 2732 3759 2813 diaboli,ut

2115 2834 2224 2876 nos
2249 2817 2660 2898 relinquamus
2698 2818 3022 2882 Dominum
3067 2828 3335 2882 nostrum
3358 2819 3561 2884 Jesum
3585 2821 3760 2885 Chri-

2115 2911 2296 2986 stum,
2331 2913 2388 2968 et
2419 2906 2739 2970 adoremus
2771 2908 3001 2990 lapides
3033 2917 3090 2972 et
3129 2909 3311 2991 ligna,
3338 2927 3470 2992 qua
3501 2921 3642 2972 sunt
3672 2914 3762 2974 si-

387 3007 545 3064 εῖπον
589 2991 732 3080 αύτῷ
761 3021 775 3035 ⁸
824 3004 911 3074 Μή
955 3023 1037 3060 σοι
1069 3000 1290 3080 γένηται
1336 3005 1512 3069 τοῦτο,
1547 2996 1683 3054 κύων
1739 2991 2032 3070 ςιιὶμοπότα³

2120 2993 2345 3056 militer
2375 3002 2552 3076 atque
2584 3005 2670 3078 tu,
2704 2997 2886 3059 surda
2921 3007 2977 3060 et
3008 2999 3172 3060 nullo
3195 2991 3373 3062 sensu
3401 3000 3760 3080 pradita.De

382 3097 476 3154 ’ίνα
518 3097 682 3171 ἣμεῖς
743 3091 1150 3167 καταλείψωμεν
1210 3092 1302 3146 τὸν
1360 3089 1550 3166 Κύριον
1603 3086 1760 3160 ἡμῶν
1826 3081 2032 3171 Ἰησοῦν

2120 3090 2334 3144 catero
2365 3083 2457 3146 fac
2487 3086 2549 3146 in
2581 3105 2712 3161 nos,
2775 3087 2930 3168 quod
2981 3088 3151 3150 velis.
3189 3091 3337 3153 Nam
3384 3107 3494 3152 nos
3523 3109 3760 3170 quoque

387 3168 638 3264 Xptat6v,
697 3184 787 3241 καὶ
831 3181 1285 3262 προσκυνήσωμεν
1327 3177 1497 3241 λίθους
1556 3177 1650 3232 καὶ
1689 3171 1814 3264 ξύλα
1861 3168 2032 3264 ’ὅμοιά

2120 3178 2340 3264 vocata
2365 3191 2574 3237 sumus
2595 3181 2655 3264 in
2678 3194 2928 3256 regnum
2964 3177 3276 3240 calorum.
3310 3168 3587 3241 Tuncira
3617 3168 3757 3260 per-

390 3258 485 3335 σόυ
534 3258 687 3355 κωσά
740 3275 837 3330 καὶ
877 3258 1204 3338 ἀναίσθητα.
1253 3269 1324 3327 Τὸ
1367 3266 1556 3324 λοιπὸν
1588 3266 1727 3322 ποίει
1770 3263 1799 3318 ὃ
1853 3258 2032 3355 βούλει

2120 3258 2271 3355 citus
2293 3263 2682 3355 prases,tulit
2699 3265 2756 3326 in
2783 3283 2884 3328 eas
2905 3268 3290 3331 sententiam:
3316 3275 3374 3330 et
3395 3258 3760 3348 accipientes

391 3368 465 3429 εἷς
521 3347 662 3440 ἡμᾶς
699 3379 714 3396 ⁸
752 3363 839 3419 καὶ
886 3361 986 3439 γὰρ
1029 3361 1114 3417 καὶ
1162 3361 1326 3434 ἡμεῖς
1377 3353 1706 3431 κεκλημέναι
1757 3349 1915 3426 ἐσμὲν
1979 3347 2032 3404 ἐν

2120 3366 2216 3440 eas
2235 3349 2804 3428 lictores,duxerunt
2821 3373 2922 3418 eas
2945 3355 3016 3418 ad
3037 3356 3230 3419 locum
3251 3357 3339 3420 eis
3360 3347 3752 3439 propositum.

395 3464 465 3534 τῇ
514 3438 750 3534 βασιλείᾳ
803 3438 908 3510 τῶν
968 3457 1220 3531 οὐρανῶν.
1269 3452 1399 3508 Τότε
1459 3447 1681 3528 χολέας⁶
1738 3447 1765 3502 6
1827 3441 2046 3519 ἡγεμών
2089 3438 2285 3499 ἔδωκεν
2349 3446 2445 3513 τὴν
2505 3449 2623 3504 κατ’
2670 3450 2841 3505 αὖτῶν
2885 3450 3176 3528 ἀμόνρασιν,
3222 3453 3309 3507 καὶ
3353 3448 3602 3518 λαϐόντες
3661 3459 3755 3516 οὒ-

395 3531 489 3611 τάς
515 3531 566 3604 ὀἱ
597 3544 752 3621 δῆμοι
785 3543 1066 3622 ἀπήγαγον
1098 3541 1182 3597 ἐπὶ
1211 3541 1300 3597 τὸν
1331 3539 1673 3619 προκείμενον
1706 3533 1897 3595 αύταῖς
1930 3531 2116 3589 τὸπον.

473 3665 556 3722 Θ’.
592 3667 654 3722 Αἱ
683 3662 739 3719 δὲ
770 3661 918 3741 ἅγιαι
948 3661 1082 3718 ἐπτά
1113 3673 1364 3739 γυναῖκες
1393 3659 1636 3717 ἐλθοῦσαι
1696 3656 1750 3711 ἐν
1807 3660 1882 3726 τῷ
1937 3653 2026 3707 τό·

387 3761 474 3830 πῴ
528 3759 575 3828 ᾧ
633 3751 858 3828 ἔμελλον
919 3751 1247 3808 τελειοῦσθαι
1301 3747 1631 3826 παρεκάλουν
1660 3747 1778 3810 τοῦς
1809 3742 2029 3817 δημίους

387 3844 638 3923 λέγουσαι
670 3857 685 3874 ⁸
765 3843 1164 3921 Συγχωρήσατε
1254 3842 1390 3916 ἡμῖν
1480 3835 1861 3916 προσεύξασθαι
1947 3831 2030 3887 ἐπὶ

387 3920 578 4012 μικρόν
614 3951 630 3968 ⁸
675 3935 763 3989 καὶ
820 3920 1062 3988 κλίνασαι
1120 3931 1188 3986 τὰ
1230 3931 1429 4008 γόνατα
1468 3932 1638 3986 αὐτῶν
1687 3925 1772 3980 ἐπὶ
1805 3923 1900 3989 τὴν
1930 3920 2030 3997 γῆν

389 4010 550 4082 εἷπον
609 4022 772 4087 οὕτως
805 4040 823 4058 ο
865 4019 998 4086 Δόξα
1029 4041 1111 4076 σοι
1141 4024 1219 4092 τῷ
1271 4017 1490 4097 μεγάλῷ
1529 4016 1620 4072 καί
1674 4010 2036 4086 δεδοξασμένῳ

391 4116 547 4189 ἡμῶν
611 4117 748 4185 Θεῷ,
796 4110 916 4177 δόξα
961 4132 1046 4166 σοι
1075 4116 1150 4183 τῷ
1193 4107 1522 4186 βασιλεύοντι
1555 4107 1626 4169 εἷς
1678 4106 1870 4166 αἰῶνας
1917 4100 2032 4167 ’[η-

394 4210 486 4260 σοῦ
518 4209 766 4280 Χριστοῦ,
802 4199 923 4265 δόξα
953 4222 1038 4256 σοι
1067 4207 1143 4272 τῷ
1173 4202 1316 4274 ἡμᾶς
1377 4197 1656 4254 καλέσαντι
1716 4192 1768 4249 ἐν
1807 4199 1876 4268 τῇ
1933 4189 2035 4262 ὁδῷ

396 4297 493 4359 τῆς
553 4291 884 4368 ἀγαθότητος
928 4311 1044 4350 σου.
1105 4287 1193 4351 Τίς
1248 4289 1346 4365 γὰρ
1401 4289 1517 4348 θεὸς
1564 4285 1732 4364 μέγας
1783 4287 1855 4348 ὡς
1901 4283 1962 4338 σὺ
2007 4284 2033 4336 6

403 4382 528 4444 Θεὸς
575 4381 755 4459 ἡμῶν,
816 4385 843 4435 ὁ
900 4377 1244 4458 ἀποχωρίσας
1290 4379 1431 4452 ἡμᾶς
1481 4377 1542 4432 ἐκ
1573 4383 1664 4432 τοῦ
1695 4375 1914 4437 σκότους
1947 4373 2035 4428 καὶ

394 4469 621 4534 κα)έσας
679 4471 752 4532 είς
810 4469 872 4524 τὸ
929 4471 1040 4544 φῶς
1099 4468 1160 4522 τὸ
1217 4466 1474 4533 ἀληθινὸν
1531 4468 1619 4522 καὶ
1661 4465 2031 4540 γλδκύτατον;

2196 3652 2292 3714 ΙΧ.
2330 3657 2560 3718 Sancta
2591 3668 2784 3719 autem
2819 3667 3046 3738 septem
3082 3660 3367 3722 mulieres
3395 3678 3528 3722 cum
3557 3662 3756 3724 venis-

2118 3754 2252 3803 sent
2281 3743 2354 3804 ad
2389 3745 2608 3826 locum,
2645 3750 2704 3808 in
2751 3768 2868 3828 quo
2900 3757 3068 3810 erant
3111 3751 3618 3828 consummanda,
3652 3769 3754 3813 ro-

2115 3839 2326 3910 garunt
2381 3833 2642 3910 lictores,
2701 3836 3016 3898 dicentes:
3056 3838 3376 3900 Concedite
3436 3839 3629 3914 nobis,
3693 3849 3756 3903 ut

2121 3939 2439 4001 parumper
2469 3942 2782 4001 precemur
2815 3945 2828 3984 :
2859 3934 2914 3986 et
2947 3927 3110 3988 ﬂexis
3143 3929 3201 3988 in
3228 3937 3444 3989 terram
3479 3927 3752 4009 genibus,

2118 4015 2202 4071 sic
2233 4009 2508 4073 dixerunt
2541 4031 2554 4075 :
2586 4013 2784 4076 Gloria
2816 4014 3168 4096 tibi,magno
3195 4025 3253 4079 et
3280 4019 3608 4096 glorificato
3643 4038 3753 4080 no-

2119 4107 2238 4160 stro
2268 4103 2427 4177 Deo;
2457 4102 2644 4181 gloria
2667 4105 2770 4164 tibi
2795 4104 3158 4186 Cliriste,qui
3183 4125 3400 4186 regnas
3421 4109 3481 4168 in
3513 4109 3751 4183 saecula,

2119 4191 2217 4270 qui
2252 4209 2360 4252 nos
2393 4191 2614 4254 vocasti
2670 4193 2730 4254 in
2791 4195 2940 4254 viam
2993 4195 3275 4258 bonitatis
3326 4206 3460 4258 tua.
3497 4197 3636 4269 Quis
3669 4207 3757 4259 est

2119 4283 2274 4342 enim
2305 4300 2572 4362 magnus,
2598 4282 2751 4343 sicut
2781 4291 2839 4343 tu
2875 4286 3032 4346 Deus
3064 4286 3395 4366 noster,qni
3427 4305 3534 4346 nos
3563 4287 3756 4347 fecisti

2115 4371 2400 4432 recedere
2433 4389 2466 4432 a
2499 4371 2794 4452 tenebris,
2827 4381 2884 4434 et
2917 4375 3129 4436 vocasti
3165 4393 3274 4435 nos
3306 4375 3380 4435 ad
3420 4394 3615 4436 veram
3654 4376 3753 4436 lu-

2117 4478 2248 4520 cem
2283 4467 2343 4521 et
2375 4461 2837 4524 suavissimam?
2886 4463 3290 4535 Quamobrem
3350 4483 3626 4544 rogamus
3674 4474 3750 4540 te,

399 4562 492 4614 Διὸ
534 4556 758 4632 δεόμεθά
800 4578 919 4630 σου,
977 4556 1152 4631 Κύριε,
1205 4557 1588 4632 συναρίθμησον
1647 4555 1732 4610 καὶ
1794 4555 1935 4627 ἡμᾶς
1978 4549 2032 4606 ἐν

2120 4549 2393 4623 Domine,
2427 4569 2534 4611 nos
2565 4570 2934 4613 connumera
2964 4571 3097 4614 cum
3143 4554 3331 4633 prima
3365 4563 3626 4634 martyre
3660 4564 3759 4617 tua

393 4652 460 4724 τῇ
515 4648 640 4724 ἁγίᾳ
694 4645 791 4701 καῖ
842 4644 1246 4724 πρωτομάρτυρί
1288 4666 1382 4700 σου
1428 4642 1603 4719 Θέκλῃ
1659 4638 2032 4721 προσδεχόμε-

395 4758 480 4800 νος
539 4737 636 4804 τὴν
679 4732 959 4812 πρεσϐείαν
1015 4733 1108 4791 τοῦ
1151 4733 1443 4790 ὁσιωτάτου
1485 4733 1681 4810 πατρὸς
1725 4731 1884 4804 ἡμῶν
1937 4728 2032 4785 καί

393 4823 644 4900 ποιμένος
703 4823 930 4880 Βλασίου
986 4828 1079 4879 τοῦ
1121 4821 1489 4900 ὁδηγήσαντος
1549 4822 1693 4898 ἡμᾶς
1746 4821 1877 4898 πρὸς
1935 4820 2034 4877 τὴν

389 4904 607 4982 ἄθλησιν
673 4922 871 4980 ταύτην
931 4913 1017 4969 καὶ
1082 4911 1375 4968 ἀπόλαυσιν
1455 4917 1553 4978 τῆς
1641 4911 1852 4966 αἰωνίου
1940 4930 2032 4964 σου

391 5002 557 5073 ζωῆς.
622 5008 800 5061 Ταῦτα
857 5003 1029 5058 τοίνυν
1099 5000 1376 5075 εὐξάμεναι
1434 5003 1486 5056 αἱ
1565 4998 1710 5078 ἅγιαι
1783 5010 2031 5076 γυναῖκες

391 5093 478 5148 καὶ
527 5090 821 5147 ἀναστᾶσαι
869 5091 930 5147 ὶκ
984 5096 1076 5146 τοῦ
1135 5087 1375 5168 ἐδάφους,
1431 5091 1520 5147 καὶ
1581 5088 1874 5145 ἐκτείνασαι
1935 5087 2030 5150 τὰς

391 5193 583 5259 χεῖρας
647 5181 816 5236 αὐτῶν
861 5180 951 5236 καὶ
1010 5178 1357 5236 ἀνανεύσασαι
1407 5180 1530 5244 τοὺς
1589 5179 1892 5256 ὀφθαλμοὺς
1955 5178 2027 5241 εἰς

390 5272 478 5325 τὸν
524 5271 743 5347 ούρανὸν
799 5268 852 5326 ἐν
912 5270 1112 5344 καθαρᾷ
1167 5267 1350 5346 καρδίᾳ
1399 5270 1485 5325 καὶ
1536 5275 1632 5343 μιᾷ
1688 5273 1843 5348 ψυχῇ
1875 5271 2030 5323 εἷπον

389 5361 520 5435 πρὸς
577 5360 670 5414 τὸν
722 5357 901 5414 Θεόν⁶
956 5357 1090 5423 Δόξα
1135 5379 1242 5438 σοι,
1292 5359 1444 5436 Κύριε
1496 5361 1522 5414 6
1581 5360 1707 5422 Θεὸς
1771 5361 1945 5432 ἡμῶν,
2002 5359 2029 5412 6

391 5447 721 5512 καταξιώσας
779 5448 924 5522 ἡμᾶς
1006 5449 1077 5510 είς
1164 5448 1223 5503 τὸ
1300 5449 1666 5524 θυσιαστήριά-α
1724 5468 1817 5503 σου
1873 5446 2028 5502 τοῦτο

393 5538 732 5613 παραστῆναι
777 5537 852 5600 ὼς
910 5535 1162 5600 ἀσπίλους
1193 5535 1427 5610 ἀμνάδας
1457 5538 1543 5592 καὶ
1573 5535 1814 5615 λογικάς.
1851 5536 2024 5614 Πρόσ-

388 5622 534 5692 δεξαι
566 5624 674 5709 οὖν,
745 5623 1020 5702 Δέσποτα,
1083 5626 1171 5681 καὶ
1229 5626 1322 5689 τὰς
1401 5625 1580 5707 ψυχὰς
1632 5627 1786 5702 ἡμῶν
1846 5625 1898 5681 ἐν
1953 5631 2028 5702 τῷ

2116 4638 3167 4719 Thecla,accipiensintercessionem
3193 4643 3551 4705 sanctissimi
3574 4646 3759 4722 patris

2117 4729 2306 4789 nostri
2339 4738 2398 4789 et
2430 4728 2682 4808 pastoris
2713 4729 2912 4804 Blasii,
2947 4732 3051 4810 qui
3092 4733 3337 4794 deduxit
3371 4752 3478 4794 nos
3505 4734 3576 4794 ad
3605 4735 3758 4795 hanc

2118 4818 2418 4878 veritatem
2479 4828 2534 4877 et
2593 4817 2932 4878 fruitionem
2989 4822 3119 4881 vita
3149 4829 3407 4882 aterna.
3446 4821 3582 4882 Hac
3619 4842 3750 4882 cum

2116 4912 2334 4967 sancta
2363 4906 2613 4968 fuissent
2659 4915 2912 4986 precata
2962 4909 3267 4989 mulieres,
3303 4917 3361 4969 et
3392 4929 3425 4970 e
3455 4911 3583 4970 solo
3615 4929 3756 4971 sur-

2116 4995 2498 5070 rexissent,et
2530 5013 2738 5056 manus
2763 5013 2902 5056 suas
2932 4998 3358 5073 extendissent,
3393 5007 3454 5058 et
3476 4999 3666 5059 oculis
3697 5000 3758 5060 in

2115 5085 2331 5146 calum
2363 5084 2791 5166 suspexissent,
2829 5085 3050 5146 mundo
3077 5088 3262 5148 corde
3293 5099 3353 5148 et
3401 5105 3518 5148 uno
3554 5087 3755 5150 animo

2117 5175 2236 5236 Deo
2268 5174 2545 5236 dixerunt
2579 5193 2591 5234 :
2639 5174 2843 5236 Gloria
2887 5174 3014 5248 tibi,
3051 5174 3302 5236 Domine
3335 5175 3492 5237 Deus
3526 5186 3748 5259 noster,

2115 5264 2211 5344 qui
2247 5283 2353 5326 nos
2386 5265 2660 5340 dignatus
2717 5283 2780 5326 es
2834 5263 3050 5327 sistere
3080 5265 3152 5327 ad
3188 5265 3342 5328 hanc
3371 5275 3528 5328 tuam
3563 5285 3751 5348 aram,

2115 5362 2390 5430 tanquam
2423 5373 2607 5433 agnas
2638 5355 3046 5416 immaculatas
3089 5369 3147 5416 et
3180 5355 3419 5417 ratione
3453 5357 3750 5438 praditas,

2114 5451 2344 5502 nostras
2377 5462 2612 5523 quoque
2644 5442 2870 5504 animas
2890 5444 3124 5524 suscipe
3147 5443 3208 5504 in
3241 5445 3467 5507 calesti
3501 5453 3597 5507 tua
3628 5464 3751 5520 ara,

2112 5538 2177 5592 ut
2208 5531 2402 5591 bonus
2433 5539 2491 5590 et
2519 5533 2830 5611 benignus.
2868 5533 3038 5595 Pueri
3072 5540 3270 5594 autem
3295 5535 3650 5597 accedentes
3675 5537 3750 5597 ad

2114 5628 2387 5699 matrem,
2423 5621 2704 5682 dixerunt
2736 5621 2793 5684 ei
2827 5643 2841 5684 :
2876 5624 3087 5704 Mater,
3139 5641 3380 5688 corona
3421 5625 3596 5689 nobis
3619 5632 3760 5689 sunt
