4048 6136
408 266 523 339 827
1569 268 1958 337 ADDENDA.
1989 304 2068 317 --
2103 272 2613 340 FEBRUARIUS.
3661 281 3771 350 828

410 412 627 490 paratas
649 402 805 488 Apud
838 405 1029 470 Deum
1090 402 1425 496 caelestem.
1460 402 1580 468 Nos
1611 424 1751 496 ergo
1786 413 1843 469 et
1877 424 2036 469 com-

2133 406 2424 486 ἐπουρανίῳ
2478 431 2572 466 σου
2622 410 2976 487 θυσιαστηρίῳ
3051 413 3123 475 ὡς
3188 413 3375 492 ἀγαθὸς
3437 416 3529 472 καὶ
3585 415 3767 496 φιλάν-

412 497 629 561 menda
648 496 1022 586 sanctissimo
1041 502 1099 556 et
1119 494 1255 557 forti
1276 495 1823 586 athletae,episcopo
1846 505 2036 559 nostrc

2131 500 2360 575 θρωπος,
2430 499 2506 558 Τὰ
2558 497 2613 555 δὲ
2674 498 2863 556 παιδία
2920 500 3280 579 προσελθόντα
3340 510 3408 581 τῇ
3437 503 3541 577 ἰδίᾳ
3594 494 3771 586 μητέρι

407 597 465 650 et
495 587 717 669 pastori
746 585 969 650 Blasio.
1001 587 1169 649 Tunc
1211 585 1537 665 spiculalor
1577 584 1830 647 abscidit
1858 587 2036 668 capit:

2135 588 2294 645 εἶπον
2356 588 2490 665 αὐτῇ
2523 608 2535 622 ·
2600 596 2808 670 Μῆτερ,
2870 593 2915 648 οἱ
2974 591 3220 672 στέφανοι
3252 593 3405 669 τημῶν
3449 584 3771 670 ἕτοιμοιείσι

413 685 640 759 septem
687 684 1026 738 sanctarum
1089 674 1431 751 mulierum,
1463 682 1519 736 et
1548 673 1782 737 occulte
1809 675 2036 738 fuerunt

2135 677 2278 754 παρὰ
2336 683 2412 751 τῷ
2472 678 2765 755 ἐπουρανίῳ
2819 686 2936 754 Θεῷ
2970 695 2984 710 ’
3061 681 3296 758 παράθου
3347 682 3443 739 οὖν
3497 686 3640 758 ᾕμᾶς
3706 692 3774 760 τῷ

409 775 854 830 consummatae.

2134 766 2417 843 ἁγιωτάτῳ
2444 771 2540 823 κα³ι
2580 770 2802 845 γενναίῳ
2834 767 3041 847 ἀθλητῇ
3082 776 3172 826 τοῦ
3229 778 3481 850 Χριστοῦ,
3538 778 3617 846 τῷ
3654 776 3770 829 ism-

408 864 595 936 σκόπῳ
649 862 803 936 ἡμῶν
857 861 944 917 καὶ
1001 857 1149 932 καλῷ
1192 856 1404 932 ποιμένι
1466 856 1674 933 Βλασίῳ
1701 866 1777 933 τῷ
1828 858 2072 933 ἁοιὸίμῳ,
2132 860 2262 920 Τότε
2320 863 2348 917 6
2405 861 2782 942 σπεκουλάτωρ
2811 863 3044 941 ἀπέτεμε
3075 864 3169 928 τὰς
3224 864 3460 945 κεφαλὰς
3491 873 3599 923 τῶν
3649 855 3773 925 ὲπττὶ

406 952 568 1030 ἁγίων
607 956 891 1028 γυναικῶν,
939 951 1030 1005 καί
1076 947 1456 1014 ἐτελειώθησαν
1489 946 1543 1002 ἐν
1578 948 1747 1026 Κυρίῳ
1777 952 1905 1023 μηνὶ
1933 948 2290 1030 Φεϐρουαρίῳ.

484 1039 556 1104 Χ.
590 1043 728 1100 Post
759 1039 884 1099 btec
913 1044 1110 1100 autem
1137 1033 1308 1116 jubet
1352 1053 1570 1115 przeses
1601 1043 1869 1098 sanctum
1901 1037 2039 1100 Bla-

403 1129 556 1192 sium
583 1128 751 1191 educi
771 1147 804 1190 ο
826 1126 1116 1189 custodia.
1151 1124 1279 1199 Quo
1305 1124 1697 1206 educto,dicit
1718 1126 1771 1187 ei
1797 1144 1810 1188 :
1837 1127 2041 1189 Diisne

403 1217 578 1279 modo
598 1217 919 1291 sacrificas,
948 1234 1147 1277 annon
1166 1222 1194 1278 ?
1217 1214 1371 1278 Dicit
1397 1216 1453 1276 ei
1486 1222 1728 1276 sanctus
1757 1214 1986 1278 Blasius
2023 1239 2037 1280 :

398 1306 600 1384 Miser,
633 1327 767 1369 cum
801 1306 882 1368 sis
914 1325 1131 1381 caecus,
1183 1324 1303 1366 non
1345 1304 1509 1365 vides
1560 1322 1759 1365 veram
1817 1305 2035 1368 lucem.

400 1395 542 1471 Quis
562 1397 724 1460 enim
752 1397 953 1470 homo,
979 1398 1083 1473 qui
1109 1397 1293 1457 Deum
1315 1394 1506 1455 vivum
1528 1412 1789 1475 unquam
1815 1413 2037 1474 cogno-

400 1484 502 1561 vit,
538 1491 784 1548 mortuis
833 1484 1167 1547 simulacris
1198 1483 1513 1558 sacrificat,
1552 1492 1655 1544 aut:
1684 1502 1753 1544 ea
1785 1484 2042 1546 adorat?

398 1573 488 1637 Tu
509 1594 646 1655 ergo
668 1574 931 1638 tenebris
953 1573 1214 1635 involute
1240 1572 1542 1655 etinique,
1578 1573 1732 1634 scias
1764 1582 1820 1634 te
1854 1574 2038 1636 Deum

396 1666 589 1727 vivum
630 1665 805 1727 dimis
837 1665 980 1739 isse,
1015 1673 1074 1725 et
1117 1664 1370 1724 adorare
1403 1661 1635 1742 lapides
1670 1662 1835 1723 nullo
1865 1681 2042 1724 sensu

399 1754 827 1834 praeditosSed
869 1772 977 1833 ego
1017 1771 1133 1813 non
1169 1751 1393 1813 timebo
1428 1751 1617 1812 minas
1643 1760 1794 1812 tuas.
1828 1750 1904 1814 Ut
1957 1752 2045 1813 vis

401 1859 565 1920 ergo,
601 1860 696 1904 me
740 1849 972 1923 torque.
1004 1840 1202 1902 Trade
1234 1838 1340 1900 tibi
1401 1858 1612 1900 carnes
1646 1857 1848 1901 meas:
1889 1843 2044 1904 Deus

398 1939 595 1992 autem
630 1929 808 1992 habet
839 1930 1052 1990 anima}
1070 1937 1441 2009 potestatem.
1478 1927 1704 1989 Praeses
1728 1928 1871 1990 dicit
1901 1948 2040 1991 san-

402 2024 498 2081 cto
536 2037 549 2081 :
580 2016 638 2080 Si
669 2027 725 2080 te
757 1993 1160 2099 projecero'in
1193 2016 1413 2097 lacum,
1445 2017 1586 2098 quid
1622 2015 1724 2078 tibi
1755 2017 2038 2098 proderit,
2071 1993 2102 2040 Β

400 2125 577 2190 quem
602 2108 776 2183 dicis,
808 2106 1096 2184 Christus,
1148 2125 1328 2186 quem
1378 2106 1556 2168 etiam
1594 2106 1855 2169 adoras?
1885 2108 2042 2169 Dixit

399 2205 639 2258 sanctus
688 2197 971 2259 Blasius:
1029 2194 1198 2258 Caece
1262 2201 1319 2256 et
1352 2195 1515 2256 nullo
1558 2212 1734 2257 sensu
1768 2196 2033 2276 praedite,

395 2285 737 2348 adulterina
756 2284 988 2362 adoras,
1023 2294 1080 2348 et
1137 2292 1306 2366 putas
1355 2293 1413 2346 te
1459 2303 1594 2346 esse
1625 2284 1875 2349 salvum.
1912 2287 2035 2365 Ego

399 2382 594 2437 autem
619 2374 916 2437 Christum
950 2374 1138 2437 vivum
1179 2373 1405 2441 colens,
1442 2393 1560 2436 non
1594 2375 1898 2436 ostendam
1926 2375 2033 2436 tibi

397 2466 458 2527 in
491 2483 643 2546 aqua
698 2465 802 2528 Dei
861 2464 980 2527 mei
1035 2464 1327 2525 virtutes?
1376 2461 1543 2524 Tunc
1590 2462 1768 2543 jussit
1818 2482 2035 2544 praeses

395 2573 528 2617 eum
567 2554 687 2634 jaci
746 2555 804 2615 in
866 2554 1085 2616 lacum.
1140 2552 1397 2614 Sanctus
1451 2570 1589 2612 vero
1637 2552 2032 2631 praeveniens,

396 2643 726 2723 obsignavit
754 2661 962 2722 aquam
995 2664 1008 2705 :
1034 2660 1165 2721 qua;
1189 2641 1352 2702 stetit
1372 2640 1623 2721 perinde
1650 2658 1716 2700 ac
1747 2639 1794 2700 si
1827 2638 2035 2700 fuisset

396 2751 563 2812 pons.
596 2732 946 2811 Sedensque
967 2729 1028 2791 in
1062 2728 1260 2790 medio
1294 2727 1635 2805 lacus,dixit
1670 2728 1983 2790 lictoribus
2018 2747 2031 2787 :

395 2821 456 2883 Si
486 2819 719 2882 habetis
752 2820 917 2900 deos,
966 2817 1265 2880 ostendite
1297 2836 1504 2879 eorum
1536 2816 1809 2891 virtutes,
1847 2825 1904 2878 et
1935 2835 2036 2878 vos

395 2926 632 2989 quoque
652 2906 1058 2984 ingredimini.
1096 2904 1431 2983 Slatimque
1456 2905 1705 2984 ingressi
1736 2906 2036 2984 sex.nginta

396 3004 457 3059 et
509 3006 643 3059 octo
694 2996 830 3077 viri,
883 2995 1179 3058 submersi
1234 3002 1374 3056 sunt
1429 2996 1485 3056 in
1517 2994 1811 3074 profundo
1842 3013 2032 3075 aquae.

396 3086 562 3148 Tunc
577 3085 820 3165 angelus
837 3084 1072 3146 Domini
1090 3084 1467 3146 descendens
1491 3083 1562 3144 ad
1587 3083 2035 3157 sanctum,dicit

395 3177 448 3238 ei
486 3192 501 3238 :
538 3173 733 3239 Gratia
753 3175 930 3256 plena
952 3182 1009 3237 et
1031 3173 1309 3255 praeclara
1349 3173 1570 3249 anima,
1608 3173 1712 3236 Dei
1743 3172 2029 3254 pontifex,

2204 1041 2267 1103 ι’.
2325 1041 2470 1097 Μετὰ
2528 1040 2582 1097 δὲ
2639 1049 2805 1099 ταῦτα
2861 1041 3064 1099 κελεύει
3095 1046 3122 1100 6
3150 1046 3366 1123 ἡγεμὼν
3419 1047 3658 1126 ἀχθῆναι
3686 1050 3770 1105 τὸν

2126 1130 2274 1208 ἅδιον
2335 1129 2558 1186 Βλάσιον
2592 1129 2651 1187 ἐκ
2708 1131 2802 1199 τῆς
2855 1139 3105 1211 φρουρᾶς.
3168 1133 3456 1214 Ἀχθὲντος
3503 1136 3558 1191 δὲ
3623 1139 3767 1195 αὐτοῦ

2126 1221 2249 1274 εἶπε
2294 1220 2424 1296 πρὸδ
2477 1220 2629 1275 αὐτόν
2665 1240 2679 1256 ⁸
2745 1220 2852 1277 Κᾶν
2911 1220 3022 1299 ἄρτι
3067 1223 3202 1288 θύεις
3250 1237 3361 1286 τοῖς
3419 1227 3572 1288 θεοῖς
3602 1226 3637 1294 ἢ
3665 1226 3766 1303 οὖς

2127 1308 2281 1385 Λέγει
2334 1310 2465 1387 πρὸς
2526 1309 2681 1364 αὐτὸν
2736 1311 2764 1365 6
2822 1309 2971 1387 ἅγιος
3033 1312 3254 1376 Βλάσιος
3293 1332 3305 1346 ·
3342 1312 3533 1370 Ἀθλιε
3580 1314 3763 1395 τυφλὸς

2123 1395 2196 1453 ὢν
2240 1401 2342 1477 οὐχ
2387 1399 2511 1475 ὁρᾷς
2555 1399 2616 1454 τὸ
2646 1403 2757 1478 φῶς
2788 1404 2881 1455 τοῦ
2926 1406 3058 1455 Θεοῦ
3104 1402 3166 1457 τὸ
3217 1400 3493 1468 ἀληθινόν.
3533 1403 3622 1467 Τίς
3674 1404 3763 1481 γὰρ

2124 1484 2413 1561 ἀνθρώπων
2472 1486 2599 1542 ποτὲ
2631 1487 2888 1564 γνωρίσας
2937 1491 3067 1545 Θεὸν
3125 1495 3321 1564 ζῶντα,
3387 1489 3627 1557 εἰδώλοις
3678 1514 3760 1548 νε-

2124 1588 2275 1651 κροῖς
2335 1576 2442 1630 θύει
2500 1574 2533 1643 ἢ
2586 1589 2923 1655 προσκυνεϊ;
2993 1579 3065 1633 Σὺ
3117 1578 3227 1658 οὖν,
3281 1579 3630 1656 ἐσκοτισμὲνε
3677 1581 3763 1638 καῖ

2128 1662 2317 1742 ἅνομε,
2363 1666 2521 1741 γνῶθι
2580 1663 2662 1721 ὅτι
2720 1667 2851 1720 Θεὸν
2904 1672 3077 1738 ζῶντα
3151 1667 3363 1747 ἀφῆκας
3396 1717 3413 1742 ,
3475 1672 3566 1727 καὶ
3612 1668 3763 1735 λίθοις

2127 1755 2466 1822 ἀναισθήτοις
2524 1767 2865 1833 προσκυνεῖς.
2930 1755 3078 1813 Ἀλλ’
3132 1757 3239 1837 ἐγὼ
3284 1757 3343 1816 0-3
3401 1758 3762 1836 φοϐηθήσομαι

2126 1844 2220 1907 τὰς
2267 1842 2491 1907 ἀπειλάς
2537 1867 2652 1902 σου.
2688 1845 2783 1908 Ὠς
2839 1844 3012 1909 θέλεις
3069 1849 3179 1919 οὖν,
3215 1846 3385 1911 οὕτως
3438 1869 3508 1921 με
3557 1849 3763 1924 βασάνιυ

2127 1954 2243 1995 σον,
2281 1932 2384 1997 Τὰς
2416 1934 2612 2012 σάρκας
2657 1956 2758 2009 μου
2790 1932 3120 2013 παραδίδωμί
3148 1957 3238 1992 σοι
3275 1956 3289 1970 ·
3331 1936 3432 2005 τῆς
3478 1934 3535 1992 δὲ
3592 1941 3762 2016 ψυχῆς

2128 2024 2155 2078 6
2201 2023 2329 2082 Θεὸς
2375 2020 2682 2093 ἐξουσιάζει.
2741 2021 2801 2081 Ὀ
2843 2025 3062 2102 ἡγεμὼν
3093 2023 3241 2104 λέγει
3275 2027 3410 2102 πρὸς
3451 2027 3546 2082 τὸν
3571 2025 3714 2102 ἅγιον
3744 2041 3758 2056 '

2125 2108 2248 2169 Ἐὰν
2280 2112 2417 2189 ῥίψω
2448 2133 2505 2166 σε
2562 2111 2616 2166 ἐν
2660 2133 2727 2188 τῃ
2779 2111 2963 2188 λίμνῃ,
3010 2114 3060 2168 τί
3114 2134 3172 2168 σε
3227 2112 3493 2193 ὠφελήσῃ
3546 2113 3635 2170 Eni
3676 2114 3758 2170 τοῧ

2120 2199 2304 2264 ὕδατος
2360 2200 2417 2255 ὃν
2472 2199 2645 2278 λέγεις
2705 2202 2950 2280 Χριστὸν,
2998 2202 3056 2257 ὃν
3129 2202 3217 2258 καὶ
3274 2216 3653 2279 προσκυνεϊςς
3700 2206 3754 2260 Ὀ

2120 2289 2269 2367 ἃγιος
2329 2288 2554 2352 Βλάσιος
2587 2290 2739 2346 εἶπεν
2776 2307 2791 2325 ⁹
2825 2289 2996 2369 male
3052 2289 3147 2346 καί
3200 2290 3514 2371 ἆναίσθητε,
3548 2290 3753 2357 κίϐδηλα

2119 2390 2432 2453 προσκυνεῖς
2497 2376 2705 2455 ἄψυχα,
2753 2378 2842 2434 καὶ
2914 2379 3139 2453 νομίζεις
3200 2383 3443 2446 σωθῆναι
3478 2400 3492 2413 ·
3556 2379 3658 2457 ἐγὼ
3705 2378 3753 2433 δὲ

2120 2472 2235 2539 Θεῷ
2263 2472 2419 2536 ζῶντι
2464 2466 2730 2541 λατρεύων
2762 2468 2820 2522 οὗ
2851 2463 3000 2531 δείξω
3042 2488 3129 2523 σοι
3187 2468 3278 2529 τὰς
3323 2468 3424 2524 τοῦ
3485 2475 3612 2524 Θεοῦ
3663 2489 3753 2542 μου

2118 2553 2361 2627 δυνάμεις
2407 2557 2462 2609 εν
2505 2560 2581 2626 τῷ
2606 2552 2751 2610 ὕδατι
2787 2574 2804 2631 ;
2853 2553 2984 2612 Τότε
3043 2555 3131 2612 οὗν
3186 2554 3471 2612 ἐκέλευσεν
3500 2559 3527 2612 ὁ
3552 2556 3753 2634 ἡγεμὼν

2118 2641 2380 2719 βληθῆναι
2434 2644 2589 2699 αὖτὸν
2620 2640 2674 2696 ἐν
2730 2649 2793 2718 τῇ
2837 2642 3022 2719 λίμνῃ.
3067 2643 3133 2701 Ὀ
3172 2643 3227 2700 δὲ
3280 2644 3442 2722 ἅγιος
3494 2643 3750 2722 προλαϐὼν

2119 2732 2535 2811 κατεσφράγισεν
2592 2734 2652 2786 τὸ
2703 2730 2860 2809 ὕδωρ.
2929 2734 3026 2790 Καὶ
3083 2736 3267 2791 τούτου
3318 2734 3613 2810 γενομένου
3640 2734 3746 2799 ’ἔστη

2119 2818 2296 2899 ὥσπερ
2351 2821 2574 2901 γέφυρα,
2607 2822 2705 2876 καὶ
2755 2824 3027 2886 καθεσθείς
3063 2823 3159 2880 ἀνὰ
3195 2823 3358 2899 μέσον
3426 2829 3527 2891 τῆς
3583 2822 3742 2895 λίμνης

2119 2910 2147 2964 6
2192 2909 2451 2987 μακάριος
2498 2908 2727 2970 Βλάσιος
2762 2910 2886 2966 εἷπε
2920 2912 3052 2989 πρὸς
3083 2913 3205 2974 τοὺς
3235 2911 3494 2987 δημίουςο
3531 2913 3585 2970 El
3616 2910 3741 2989 ἔχετε

2118 2998 2289 3072 θεοὺς,
2350 2996 2546 3064 δείξατε
2603 2999 2698 3061 τὰς
2760 2997 3005 3073 δυνάμεις
3079 3003 3250 3057 αὐτῶν
3281 3048 3297 3074 ,
3358 3002 3460 3058 καί
3516 2998 3744 3057 εἰσέλθετε

2117 3090 2203 3142 καὶ
2263 3088 2418 3162 ὑμεῖς
2472 3085 2573 3143 ὦδε
2653 3089 2782 3165 πρός
2841 3110 2931 3164 με.
3008 3091 3104 3147 Καὶ
3191 3088 3393 3155 εὐθέως
3455 3088 3746 3148 εἰσελθόντες

2115 3175 2518 3242 ἑξηκονταοκτὼ
2576 3174 2755 3255 ἄνδρες
2798 3179 3286 3245 κατεποντίσθησαν
3331 3181 3416 3246 εἰς
3474 3181 3565 3236 τὸν
3615 3177 3747 3254 βυθὸν

395 3265 683 3343 egredere
714 3283 785 3326 ex
823 3282 998 3344 aqua,
1034 3269 1094 3324 et
1130 3263 1336 3341 accipe
1367 3280 1401 3323 a
1430 3265 1554 3325 Deo
1616 3261 1721 3322 tibi
1769 3269 2028 3342 paratam

2124 3274 2204 3324 τοῦ
2263 3262 2474 3330 ὕδατος.
2531 3267 2662 3325 Τότε
2723 3266 2953 3344 ἄγγελος
3014 3269 3202 3346 Κυρίου
3288 3269 3565 3326 κατελθὼν
3631 3263 3742 3341 πρὸς

395 3361 672 3416 aeternam
696 3371 1002 3415 coronam.

2107 3353 2199 3409 τὸν
2254 3352 2405 3431 ἅγιον
2466 3355 2608 3433 λέγει
2667 3354 2809 3428 αότῷ
2844 3372 2858 3387 ⁶
2924 3356 3350 3436 Κεχαριτωμένη
3416 3361 3512 3413 καὶ
3543 3352 3736 3431 λαμπρὰ

401 3449 576 3529 ψυχὴ,
623 3449 870 3528 ἀρχιερεῡ
911 3454 1003 3505 τοῦ
1048 3447 1201 3521 Θεοῦ,
1261 3445 1432 3511 ἔξελθε
1477 3444 1537 3500 ἐκ
1592 3451 1682 3502 τοῦ
1738 3443 1947 3519 ὕδατος,
2006 3447 2090 3503 καὶ
2151 3444 2494 3522 ἀπολάμϐανε
2551 3448 2643 3504 τὸν
2704 3448 2845 3525 παρὰ
2900 3455 2992 3504 τοῦ
3051 3454 3182 3503 Θεοῦ
3230 3470 3314 3504 σοι
3372 3445 3742 3524 ἡτοιμασμένον

396 3538 654 3616 στέφανον
686 3538 919 3600 αἰώνιον,

473 3629 570 3692 Xl.
603 3631 856 3691 Sanctus
902 3636 1098 3690 autem
1151 3626 1382 3689 Blasius
1430 3645 1563 3688 cum
1599 3644 1666 3686 ex
1700 3643 1853 3702 aqua
1892 3645 2029 3688 sur-

2199 3628 2311 3687 lA'.
2348 3628 2407 3687 Ὀ
2466 3628 2519 3685 δὲ
2569 3630 2717 3708 ἅγιος
2763 3628 2990 3694 Βλάσιος
3047 3629 3279 3692 ἀναστὰς
3310 3631 3422 3690 ἀπὸ
3463 3633 3554 3687 τοῦ
3579 3626 3742 3689 ὕδατος

395 3723 668 3796 rexisset,
718 3727 995 3800 tanquam
1039 3735 1221 3798 super
1271 3725 1491 3779 terram
1553 3713 1909 3789 ambulans,
1944 3723 2034 3777 est

2124 3719 2420 3796 περιπατῶν
2478 3722 2549 3784 ὡς
2581 3720 2666 3775 ἐπὶ
2702 3725 2806 3797 γῆς
2832 3718 3048 3786 ἐξῆλθεν
3100 3716 3368 3794 ἀϐλαϐὴς,
3422 3720 3509 3776 καὶ
3553 3715 3742 3788 ἔλαμψε

397 3823 695 3889 egressus,
718 3816 775 3870 et
805 3806 1177 3887 resplenduit
1200 3805 1383 3868 facies
1401 3806 1532 3885 ejus
1556 3807 1708 3867 sicut
1729 3805 1850 3878 lux,
1882 3805 2030 3866 adeo

2124 3808 2175 3862 τὸ
2226 3808 2508 3886 πρόσωπον
2571 3812 2730 3867 αὒτοῦ
2787 3807 2966 3887 ὥσπερ
3025 3809 3135 3888 φῶς
3168 3856 3185 3887 ,
3258 3807 3401 3866 ὥστε
3483 3804 3743 3880 θαυμάζειν

392 3905 457 3959 ut
486 3897 877 3971 mirarentur,
910 3897 1009 3977 qui
1060 3913 1197 3960 eum
1257 3895 1559 3957 videbant.
1614 3896 1841 3957 Prwses
1892 3912 2032 3956 vero

2124 3897 2233 3957 τοὺς
2294 3899 2525 3976 ὁρῶντας
2572 3899 2728 3960 αὐτὸς
2773 3898 2999 3958 πάντας.
3050 3896 3108 3954 Ὀ
3142 3894 3196 3952 δὲ
3227 3899 3450 3975 ἡγεμὼν
3479 3897 3599 3953 εἶπε
3626 3892 3742 3970 πρὸς

393 3986 543 4050 dixit
572 3987 626 4048 ei
657 3988 961 4061 :Adeone,
992 4005 1026 4046 ο
1059 3984 1527 4059 miser,statuisti
1558 3983 1672 4046 diis
1705 4002 1821 4045 non
1840 3984 2032 4046 sacri-

2124 3985 2273 4042 αὐτόν
2311 4002 2323 4016 ⁹
2373 3987 2632 4043 Τοσοῦτον
2690 3986 2919 4064 ἔκρινας,
2955 3984 3126 4065 ἄθλιε,
3171 3993 3265 4044 τοῦ
3317 3988 3400 4061 μὴ
3442 3989 3584 4043 θῦσαι
3639 3990 3742 4038 τοῖς

392 4077 618 4138 ﬁcere?
674 4076 833 4139 Dixit
890 4084 1132 4137 sanctus
1178 4075 1413 4138 Blasius
1462 4096 1475 4138 :
1538 4073 1724 4148 Scias,
1786 4085 2033 4154 tyranne

2124 4079 2261 4139 θεοῖς
2296 4095 2312 4145 ;
2349 4066 2407 4132 Ὀ
2438 4074 2589 4153 ἅγιος
2636 4073 2861 4138 Βλάσιος
2918 4075 3046 4132 εἶπε
3076 4091 3089 4106 ⁸
3144 4077 3400 4151 Γίνωσκε,
3434 4075 3640 4147 τύραννε
3667 4066 3742 4121 καὶ

394 4164 769 4246 sanguivore,
806 4183 899 4227 me
931 4183 1064 4227 esse
1093 4182 1328 4226 servum
1363 4162 1605 4239 Christi,
1641 4170 1697 4223 et
1730 4180 2031 4242 nunquam

2124 4165 2408 4242 αἱμοπότα,
2441 4162 2523 4220 ὅτι
2570 4172 2795 4244 Χριστοῦ
2851 4162 3037 4226 δοῦλός
3091 4167 3224 4244 εἶμι,
3263 4166 3352 4222 καὶ
3384 4165 3442 4222 οὗ
3486 4163 3587 4220 θύω
3627 4155 3740 4246 ,δαί-

394 4245 762 4318 daemonibus
786 4273 918 4317 esse
938 4254 1435 4317 sacrificaturum.
1459 4255 1625 4314 Tunc
1656 4252 1742 4312 ira
1776 4249 2036 4329 percitus

2124 4257 2242 4328 μοσί
2294 4274 2447 4317 ποτε.
2509 4253 2639 4312 Τότε
2683 4252 2918 4334 χολέσας
2961 4272 2974 4286 ·
3019 4255 3047 4309 ὀ
3077 4255 3298 4332 ἡγεμὼν
3334 4253 3499 4311 ἔδωκε
3527 4245 3636 4306 κατ’
3665 4246 3741 4300 αὖ-

395 4362 635 4424 praeses,
670 4343 804 4404 tulit
832 4344 892 4405 in
924 4361 1059 4405 eum
1082 4340 1464 4414 sententiam,
1485 4339 1695 4401 dicens
1726 4359 1742 4401 :
1776 4338 2030 4414 Blasius,

2124 4351 2206 4400 τοῦ
2236 4343 2334 4410 τὴν
2391 4343 2659 4423 ἀπόφασιν
2692 4342 2863 4423 λέγων
2897 4359 2912 4373 ⁸
2970 4342 3196 4407 Βλάσιος
3222 4346 3248 4399 6
3308 4342 3436 4419 ἐμοὶ
3474 4333 3737 4424 ἀπειθήσας

394 4419 497 4510 qui
533 4433 679 4493 mihi
709 4452 828 4494 non
861 4432 1074 4512 paruit,
1105 4440 1164 4492 et
1194 4432 1615 4509 imperatorem
1644 4427 2028 4508 contempsit,

2124 4433 2204 4489 καὶ
2257 4441 2351 4491 τοῦ
2408 4419 2790 4511 αὐτοκράτορος
2872 4432 3132 4510 βασιλέως
3217 4431 3612 4513 καταφρονήσας
3664 4419 3739 4513 διξῖ

395 4507 455 4584 et
484 4521 629 4582 deos
681 4507 918 4602 probris
967 4520 1189 4601 aﬂ‘ecit,
1242 4507 1305 4582 et
1360 4518 1664 4597 sexaginta
1718 4526 1848 4579 octo
1880 4507 2035 4579 viros

2124 4521 2238 4586 τοὺς
2297 4522 2446 4583 θεοὺς
2492 4527 2723 4578 πλεῖστα
2763 4520 3030 4597 ἀτιμάσας
3078 4522 3164 4579 καὶ
3193 4521 3316 4584 τοὺς
3362 4507 3737 4587 ἐξηκοντκοκτὼ

397 4598 902 4691 ροῐάἰάἰιξειδάίο
932 4598 1243 4671 truncetur
1271 4607 1465 4687 capite
1505 4607 1679 4670 simul
1711 4626 1845 4670 cum
1876 4608 2034 4669 duo-

2124 4608 2306 4688 ἄνδρας
2359 4609 2413 4666 ἒν
2461 4615 2539 4683 τῷ
2598 4611 2738 4687 βυθῷ
2794 4616 2895 4678 τῆς
2950 4610 3159 4684 -λίμνης
3238 4608 3551 4684 ἀπολέσας,
3605 4598 3734 4691 Δξίφει

394 4687 510 4762 bus
528 4687 1014 4779 pueris.Accepta
1036 4706 1234 4760 autem
1260 4697 1577 4778 sententia,
1605 4715 1739 4787 cum
1773 4696 2036 4787 venisset

2124 4696 2484 4774 ἂποτμηθήτω
2527 4698 2625 4766 τὴν
2681 4697 2921 4778 κεφαλὴν
2969 4699 3082 4773 ἅμα
3152 4713 3270 4760 τοῖς
3342 4696 3452 4755 δυσὶ
3509 4687 3734 4787 παιδίοίςξ

395 4788 469 4850 ad
500 4773 716 4863 lccum,
752 4773 1209 4862 stans'sanctus,
1242 4794 1517 4868 precatus
1548 4773 1639 4848 est
1687 4785 2031 4859 Dominum,

2124 4773 2306 4845 Λαϐὼν
2351 4785 2404 4843 δὲ
2446 4788 2543 4855 τὴν
2600 4773 2865 4866 ἀπόφασιν
2924 4789 2952 4844 ὀ
2995 4787 3282 4867 μακάριος,
3331 4784 3426 4844 καΐ
3469 4780 3637 4868 ἐλθὼν-
3663 4773 3738 4828 ἐπὶ

396 4877 602 4941 dicens
631 4898 646 4942 :
671 4878 920 4940 Domine
936 4877 1094 4941 Deus
1116 4865 1420 4950 virtutum,
1454 4876 1554 4956 qui
1583 4893 1678 4937 me
1705 4874 1969 4936 liberasti
2001 4892 2035 4936 a

2124 4879 2211 4934 τὸν
2267 4877 2455 4950 τόπον,
2501 4876 2628 4941 στὰς
2685 4865 2731 4933 67
2777 4876 2931 4955 ἅγιος
2991 4865 3327 4954 προσηύξαέο
3386 4875 3514 4952 πρὸς
3573 4865 3737 4965 Ιξύριον

396 4966 871 5050 simulacris,qui
904 4967 1180 5029 tenebras
1212 4965 1404 5029 fecisti
1437 4951 1655 5036 lucem,
1688 4971 1746 5025 et
1768 4981 2036 5025 errorem

2124 4965 2296 5042 λέγων
2330 4987 2346 5003 θ
2386 4966 2538 5042 Κύριε
2569 4967 2595 5021 6
2629 4967 2759 5029 Θεὸς
2787 4951 2897 5023 τῶν
2939 4951 3237 5042 δυνᾶμεων,
3275 4968 3303 5023 6
3360 4951 3637 5051 ῥυσσίμενός
3678 4964 3735 5051 iis

395 5041 865 5137 veritatem,'qui
924 5055 1103 5119 sedes
1153 5073 1338 5135 super
1370 5053 1717 5134 Cherubim,
1750 5060 1812 5114 et
1841 5052 2036 5132 aperis

2124 5041 2230 5110 διπὸ
2273 5060 2378 5110 τῶν
2422 5041 2674 5127 εἰδώλων,
2709 5055 2737 5111 6
2766 5055 2828 5110 τὸ
2882 5041 3078 5118 σκότος
3122 5059 3235 5133 φῶς
3281 5041 3505 5122 ποιήσας
3547 5041 3737 5137 καὶέὶει

396 5122 1048 5222 οδιειτδοῐοεόἆειοτιιιη,
1083 5146 1186 5225 qui
1224 5122 1499 5206 extendis
1543 5122 1746 5205 arcum
1781 5122 1946 5204 tuu'm
1978 5140 2036 5202 in

2126 5141 2332 5211 πλάνην
2367 5122 2702 5221 ἆλῆθειανίό
2753 5141 3051 5219 καθήμενος
3096 5122 3275 5200 ἐπάνω
3323 5147 3426 5198 τῶν
3480 5122 3731 5225 γέρουϐἶμξ

402 5254 580 5298 manu
604 5243 723 5312 tua,
753 5219 1173 5316 quidiabolum
1197 5233 1481 5295 humilem
1511 5244 1570 5294 et
1588 5231 1884 5311 abjectum
1906 5230 2036 5292 red-

2126 5231 2215 5288 καὶ
2261 5231 2484 5308 ἀνοίγων
2569 5219 2933 5310 καταρράκτας
2993 5231 3247 5308 οὗρανῶν,
3324 5232 3351 5286 6
3412 5219 3632 5282 ἐκτείνας
3684 5228 3736 5316 ξο

400 5323 628 5399 didisti,
662 5337 720 5385 et
776 5315 1097 5385 draconem
1149 5321 1466 5401 confixisti,
1500 5321 1639 5383 audi
1675 5339 1769 5382 me
1798 5338 2036 5381 servum

2124 5318 2271 5385 τάξον
2330 5341 2423 5376 σου
2482 5317 2536 5375 ἒν
2568 5326 2637 5396 τῇ
2676 5320 2821 5399 χειρί
2863 5342 2980 5395 σου,
3014 5323 3042 5377 ὁ
3085 5321 3176 5377 τὸν
3219 5315 3464 5378 διάϐολον
3493 5315 3734 5366 ταπεινω-

404 5419 591 5485 tuum,
624 5419 684 5473 et
705 5417 1043 5493 quicunque
1064 5411 1136 5473 ad
1161 5411 1310 5472 hanc
1323 5428 1486 5472 aram
1506 5417 1662 5471 tuam
1695 5408 2036 5483 accesserit,

2125 5431 2245 5477 σας,
2309 5409 2397 5464 καὶ
2460 5409 2550 5464 τὸν
2607 5406 2863 5487 δράκοντα
2895 5408 3235 5484 καθηλώσας,
3272 5401 3620 5493 ἐπήκοόςῃμξιυ
3648 5405 3729 5463 γε·

403 5507 464 5558 et
486 5486 906 5577 quamctinque
928 5486 1159 5580 spinam
1179 5507 1280 5560 aut
1299 5518 1365 5561 os
1381 5498 1774 5572 devoraverit,
1806 5505 1908 5560 aut
1937 5516 2036 5558 va-

2127 5503 2217 5555 νοῦ
2271 5507 2363 5556 τοῦ
2391 5495 2575 5554 δούλου
2603 5486 2699 5554 σου
2730 5499 2817 5554 καὶ
2846 5498 2992 5565 ὅστις
3022 5498 3085 5555 ἂν
3145 5494 3400 5575 προσέλθῇ
3452 5487 3524 5561 τῷ
3566 5486 3729 5577 θυσίας’

404 5573 523 5647 riis
541 5584 718 5649 fuerit
748 5573 989 5651 vexatus
1011 5587 1258 5667 morbis;
1285 5594 1384 5650 aut
1401 5588 1462 5649 in
1489 5586 1810 5649 afflictione
1835 5585 2036 5667 fuerit,

2126 5587 2325 5667 στηρίῳ
2372 5609 2487 5664 σου,
2547 5587 2716 5664 τούτῳ
2772 5592 2861 5649 καὶ
2946 5590 3148 5649 οἶανοῦν
3186 5573 3194 5575 ἡ
3235 5582 3427 5643 ἄκανθα
3480 5573 3727 5644 ἣ.δο“τ⁰ῧν
