4048 6136
291 291 407 358 829

1267 291 1684 356 CERTAMEN
1730 292 1791 355 S.
1838 286 2085 355 BLASII
2131 287 2230 351 ET
2277 284 2678 352 SOCIORUM.

3539 287 3659 358 830

289 427 566 486 καταποίει
621 426 658 494 ἢ
715 427 984 492 ποικίλαις
1042 429 1218 490 νόσοις
1279 427 1618 505 περιπέσοιῆ
1671 426 1724 484 ἐν
1751 426 1923 502 θλίψει

2012 430 2114 487 aut
2140 422 2202 483 in
2230 420 2582 484 necessitate
2617 421 3074 502 persecutionis,
3126 421 3310 502 imple
3359 424 3642 488 uniuscu-

287 518 322 586 ἢ
364 517 418 574 ἐν
479 517 687 596 ἀνάγκη
745 515 981 596 διωγμοῦ
1037 518 1295 599 ὑπέπίρχοι²
1353 516 1638 595 πλήρωσον
1708 517 1932 577 ἑκάστου

285 609 348 664 τὸ
403 605 617 681 αἴτημα
675 610 774 675 τῆς
829 605 1067 687 καρδίας,
1137 607 1405 682 Δέσποτα,
1464 609 1538 670 ὡς
1590 607 1786 682 ἀγαθὸς
1847 605 1933 660 καὶ

286 695 656 778 φιλάνθρωπος
693 745 710 772 ,
762 697 852 753 καὶ
939 710 1056 761 τοῖς
1113 695 1231 752 κατ’
1297 695 1418 756 ἔτος
1480 694 1776 752 ἐπιτελοῦσι
1833 695 1931 760 τὴν

284 787 511 862 μνήμην
573 807 674 860 μου
702 787 757 842 ἓν
791 783 1035 861 ψαλμοῖς
1088 788 1175 843 καὶ
1216 784 1399 860 ὕμνοις
1457 787 1544 842 καὶ
1599 788 1704 840 τῶν
1761 784 1929 852 πενή-

280 896 387 931 των
434 895 530 931 σου
587 874 949 950 μεμνημένοις
1008 878 1194 949 μισθὸν
1259 874 1493 952 οὒράνιον
1554 871 1789 951 δώρησαι
1847 873 1934 928 καὶ

279 963 420 1036 ζωὴν
465 964 562 1030 τὴν
607 963 818 1019 αἰώνιον
854 982 865 996 ⁶
901 961 982 1020 ὅτι
1057 962 1429 1038 δεδοξασμένος
1483 962 1740 1041 ὑπάρχεις
1796 960 1932 1016 πάν-

280 1074 402 1110 τοτε
455 1060 541 1110 νῦν
603 1054 692 1109 καὶ
734 1054 805 1116 εἷς
872 1053 992 1117 τοὺς
1051 1055 1247 1118 αἰῶνας
1302 1055 1409 1109 τῶν
1467 1051 1698 1113 αἰώνων.
1733 1049 1929 1125 Ἀμήν.

281 1149 458 1201 Ταῦτα
511 1139 566 1197 δὲ
618 1146 776 1200 αὐτοῦ
831 1141 1257 1220 προσευξαμέτου
1301 1139 1563 1208 κατῆλθεν
1620 1143 1648 1197 ὁ
1705 1141 1927 1216 Χριστὸς

277 1231 460 1310 ὥσπερ
502 1229 699 1310 νεφέλη
767 1230 826 1287 ἐκ
895 1241 988 1289 τοῦ
1032 1232 1270 1308 οῦρανοῦ,
1328 1233 1414 1288 καὶ
1458 1230 1770 1287 ἐπεσκίασεν
1827 1231 1927 1285 αὒ-

277 1321 394 1398 τὸν³
451 1321 542 1376 καὶ
595 1318 742 1397 λέγει
801 1321 931 1389 πρὸς
996 1321 1151 1378 αὐτὸν
1209 1323 1236 1376 ὃ
1290 1320 1477 1397 Σωτὴρ
1511 1336 1524 1350 ⁸
1560 1317 1795 1386 Ἀθλητᾶ
1827 1339 1928 1391 μου

276 1409 600 1488 ἦγαπημένε
663 1407 881 1488 Βλάσιε,
926 1409 1101 1465 πάντα
1143 1409 1208 1465 τὰ
1238 1410 1506 1483 αἰτήματα
1552 1409 1722 1464 αὐτῶν
1777 1405 1927 1473 πλη-

275 1498 438 1578 ρώσω
467 1496 550 1560 διὰ
578 1498 661 1577 σὲ³
717 1499 805 1554 καὶ
857 1501 918 1556 οὒ
973 1500 1130 1573 μόνον
1191 1505 1380 1572 ταῦτα,
1418 1497 1556 1554 ἀλλὰ
1607 1497 1696 1554 καὶ
1751 1496 1926 1558 καθὼς

275 1587 495 1654 ἓπηύξω
550 1593 619 1663 τῇ
674 1588 822 1666 χήρα
877 1588 1119 1667 ποιήσω³
1183 1589 1271 1644 καὶ
1330 1585 1606 1664 εῦλογιίσοο
1635 1585 1807 1642 πάντα
1836 1586 1928 1640 τὸν

275 1677 436 1733 οἷκον
496 1677 587 1732 τὸν
643 1683 901 1733 ποιοῦντα
944 1677 1040 1742 τὴν
1085 1677 1309 1751 μνήμην
1343 1698 1458 1750 σου,
1494 1679 1581 1732 καὶ
1610 1675 1675 1731 τὰ
1703 1685 1926 1748 ταμιεῖα

2008 513 2228 593 jusque
2259 509 2456 572 cordis
2511 511 2882 592 petitionem.
2947 511 3218 586 Domine,
3256 519 3317 573 ut
3366 513 3556 576 bonus
3600 523 3657 578 et

2016 601 2280 663 clemens
2314 622 2328 660 :
2363 600 2642 680 quoniam
2688 618 2753 662 es
2783 619 3022 681 semper
3048 602 3466 681 gloriﬁcandus
3497 622 3655 667 nunc

2017 697 2075 750 et
2119 691 2178 751 in
2230 689 2466 751 saecula.
2527 690 2670 750 Cum
2727 690 2851 750 haec
2901 697 3094 751 autem
3145 700 3301 754 esset
3357 702 3651 773 precatus,

2016 778 2286 842 Christus
2316 777 2632 840 descendit
2658 779 2733 840 de
2781 778 2932 840 coelo
2989 787 3263 860 tanquam
3327 781 3538 864 nubes,
3599 791 3658 844 et

2020 885 2154 929 eum
2188 865 2587 942 obumbravit,
2621 877 2678 930 et
2709 867 2854 929 dicit
2875 869 2930 930 ei
2962 867 3270 933 Servator:
3307 871 3533 936 Omnes
3557 893 3657 955 pe-

2017 955 2259 1018 titiones
2293 973 2500 1016 eorum
2555 956 2818 1037 implebo
2872 969 3116 1038 propter
3175 966 3254 1036 te,
3305 961 3525 1024 athleta
3574 963 3656 1025 mi

2019 1044 2258 1107 dilecte.
2290 1042 2416 1106 Non
2451 1045 2800 1136 haecautem
2835 1047 3051 1122 solum,
3077 1049 3183 1111 sed
3217 1054 3390 1112 etiam
3417 1051 3652 1136 faciam,

2015 1141 2079 1194 ut
2111 1143 2386 1215 precatus
2419 1153 2482 1196 es
2512 1135 2723 1214 viduae,
2759 1144 2816 1197 et
2866 1136 3216 1198 benedicam
3268 1159 3505 1203 omnem
3538 1135 3649 1208 do?

2013 1241 2197 1298 mum,
2234 1243 2364 1304 quae
2397 1225 2475 1285 tui
2507 1224 2769 1286 celebrat
2803 1227 3240 1300 memoriam,et
3273 1233 3510 1310 penaria
3540 1254 3648 1295 eo-

2012 1329 2144 1374 rum
2177 1312 2420 1393 replebo
2477 1313 2756 1375 omnibus
2811 1313 2981 1376 bouis
3039 1326 3282 1397 propter
3340 1320 3649 1398 pulchram

2016 1409 2170 1462 tuam
2200 1401 2638 1465 confessionem
2685 1413 2742 1464 et
2772 1404 2976 1480 (idem,
3011 1424 3190 1482 quam
3225 1407 3285 1468 in
3319 1427 3414 1471 me
3446 1409 3648 1472 babes.

2011 1492 2149 1552 Haec
2200 1508 2333 1551 cum
2379 1488 2667 1552 Dominus
2715 1491 2944 1553 locutus
2993 1508 3150 1554 esset
3192 1497 3458 1578 martyri,
3518 1515 3650 1559 cum

2012 1598 2148 1642 eum
2182 1587 2356 1640 antea
2385 1578 2690 1642 eduxisset
2719 1582 3040 1660 spiculator
3101 1601 3133 1645 e
3182 1586 3457 1664 praetorio
3517 1606 3652 1649 cum

2011 1669 2245 1731 duobus
2270 1667 2822 1750 infantibus,capita
2839 1670 2926 1732 eis
2947 1673 3267 1752 amputavit
3290 1673 3350 1733 in
3373 1673 3654 1738 Sebastea

273 1765 456 1824 αὒτῶν
499 1764 766 1841 ἐμπλήσω
820 1765 996 1832 πάσης
1050 1765 1397 1844 ἆγαθωσύδης
1455 1763 1540 1821 διὰ
1597 1764 1698 1832 τὴν
1755 1762 1923 1829 καλὴν

2013 1759 2272 1833 civitate,
2308 1757 2464 1820 intra
2516 1758 2734 1820 moenia
2791 1778 2970 1841 supra
3021 1771 3273 1841 petram,
3332 1764 3649 1827 undecimo

277 1876 374 1912 σου
432 1852 723 1932 ὁμολογίαν
779 1856 866 1910 καὶ
916 1854 1095 1910 πίστιν
1169 1854 1263 1923 τὴν
1329 1856 1401 1918 εἷς
1477 1853 1572 1928 ἐμὲ
1607 1872 1621 1886 ο

271 1945 543 2023 ἡμαρτίας
605 1944 776 2001 αὐτῶν
830 1944 1190 2022 συγχωρήσας
1223 1946 1371 2016 ζωὴν
1419 1943 1630 2000 αἰώνιον
1683 1940 1926 2018 δωρήσοο

272 2056 376 2110 μαι
450 2033 661 2097 αὐτοῖς.
727 2039 903 2090 Ταῦτα
955 2032 1127 2090 τοίνυν
1187 2031 1517 2100 λαλήσαντος
1591 2032 1684 2088 τοῦ
1743 2032 1928 2109 Κυρίου

268 2124 404 2202 πρὸς
465 2124 554 2179 τὸν
605 2121 754 2201 ἅγιον
785 2122 1136 2200 ἱερομάρτυρα
1194 2121 1445 2196 Βλάσιον,
1498 2120 1768 2199 ἐξενέγκας
1828 2121 1922 2175 αὒ-

1688 1853 1777 1908 καὶ
1832 1851 1926 1914 τὰς
2012 1849 2236 1910 mensis
2268 1845 2597 1910 Februarii.
2662 1849 2903 1911 Fideles
2949 1859 3142 1912 autem
3193 1859 3251 1913 et
3282 1851 3361 1932 pii
3397 1854 3505 1914 viri
3540 1873 3649 1935 po-

2012 1948 2260 1999 suerunt
2319 1955 2451 1998 eum
2515 1936 2574 1997 in
2632 1936 2762 2017 ipso
2815 1939 2969 2014 loco,
3026 1939 3126 2002 ubi
3159 1939 3334 2002 etiam
3371 1960 3560 2021 usque
3590 1943 3652 2004 in

2011 2025 2368 2088 hodiernum
2404 2026 2558 2088 diem
2595 2028 2795 2089 multae
2823 2028 3160 2091 curationes
3192 2040 3550 2110 peraguntur
3578 2031 3651 2093 ad

2011 2116 2115 2178 Dei
2145 2113 2421 2194 gloriam.

271 2217 368 2273 τὸν
427 2217 455 2272 ὁ
516 2213 892 2292 σπεκουλάτωρ
950 2215 1042 2272 σὺν
1114 2227 1229 2278 τοῖς
1290 2211 1402 2272 δυσὶ
1457 2214 1701 2293 βρέφεσιν
1755 2215 1816 2268 εκ
1874 2217 1966 2268 τοῦ
2037 2211 2373 2288 προιτωρίου,
2437 2207 2822 2288 ἀπεκεφάλισεν
2879 2212 3066 2275 αὖτοὺς
3125 2213 3178 2268 ἐν
3250 2215 3534 2289 Σεϐαστείᾳ
3589 2224 3654 2294 τῇ

269 2304 430 2363 πόλει
489 2302 595 2360 ἔσω
651 2313 744 2363 τοῦ
802 2305 1015 2384 τείχους
1077 2303 1164 2360 ἐπὶ
1216 2303 1412 2382 πέτρας
1461 2306 1591 2378 μηνὶ
1659 2298 1999 2379 Φεϐρουαρίῳ
2055 2297 2326 2373 ἐνδεκότῃ.
2383 2300 2564 2356 Πιστοὶ
2618 2300 2672 2354 δὲ
2729 2296 2906 2376 ἄνδρες
2959 2301 3046 2357 καὶ
3091 2301 3330 2368 εὒλαϐεϊς
3371 2305 3650 2362 κατέθεντο

271 2393 434 2450 αὒτδν
500 2393 905 2472 ἰνταφιάσαντες
969 2392 1025 2448 ἒν
1101 2391 1245 2466 αὒτῷ
1312 2394 1389 2452 τῶ
1444 2389 1562 2468 μετ’
1634 2389 1937 2467 ἐπιμελείας
1999 2386 2208 2454 πολλῆς
2277 2386 2396 2443 ἔνθα
2454 2389 2540 2444 καὶ
2620 2387 2783 2466 μέχρι
2841 2399 2930 2448 τοῦ
2999 2396 3086 2446 νῦν
3144 2390 3346 2448 πολλαί
3399 2393 3642 2469 δυνάμεις

274 2482 376 2538 καί
405 2481 568 2546 ἰάσεις
595 2480 959 2540 ἓπιτελοῦνται
991 2485 1064 2547 εἷς
1091 2479 1240 2548 δόξαν
1272 2484 1423 2544 Θεοῦ,

358 2569 466 2634 ΙΒ’.
518 2575 765 2628 Μαθοῦσα
823 2570 877 2627 δὲ
920 2570 1016 2628 καΐ
1071 2573 1106 2640 ἡ
1170 2571 1319 2646 τιμία
1378 2571 1463 2628 καὶ
1511 2567 1732 2638 εῦσεϐἠς
1764 2576 1924 2648 γραῦς

269 2661 374 2729 τὴν
431 2658 699 2717 τελείωσιν
755 2662 850 2716 τοῦ
903 2660 1059 2738 ἡγίου
1137 2661 1222 2717 καὶ
1289 2660 1550 2735 μακαρίου
1607 2660 1922 2737 ἱερομάρτυ-

268 2772 362 2830 ρος
424 2748 652 2806 Βλασίου
708 2747 986 2806 ἐπετέλεσε
1039 2749 1139 2816 τὴν
1194 2751 1414 2825 μνήμην
1472 2751 1629 2806 αὒτοῦ
1681 2747 1816 2804 κατᾶ
1864 2750 1923 2804 τὸ

267 2843 469 2920 σχῆμα
522 2840 552 2894 ’ὁ
605 2840 856 2906 εποίησεν
888 2838 942 2895 ἐν
972 2844 1041 2915 τῇ
1098 2837 1308 2918 φυλακῇ
1346 2857 1358 2870 '
1394 2839 1480 2895 καὶ
1515 2841 1570 2896 οὗ
1595 2840 1758 2914 μόνον
1790 2862 1919 2915 συγ-ο

268 2934 512 3007 γενεῦσιν
556 2927 809 3007 ἀπήγαγε
851 2928 946 2992 τὰς
1009 2931 1070 2984 εκ
1125 2928 1234 2984 τῶν
1287 2948 1606 3007 σπερματων
1676 2932 1774 2994 τῆς
1816 2932 1918 3005 γῆς

269 3017 521 3096 εὐλογίας
580 3017 666 3074 καὶ
727 3023 833 3074 τῶν
889 3016 1094 3074 λοιπῶν
1153 3014 1445 3092 ἐδωδίμων,
1492 3015 1629 3076 ἀλλὰ
1685 3017 1784 3096 γὰρ
1833 3017 1920 3073 καὶ

269 3112 404 3163 πᾶσι
449 3103 624 3184 φίλοις
681 3105 770 3161 καὶ
826 3117 1088 3183 γνωστοῖς
1154 3103 1361 3167 οἵτινες
1395 3125 1398 3127 λ
1432 3102 1920 3179 ἀντιμιμησάμενοι

2088 2564 2364 2629 XlI.Cum
2391 2583 2529 2626 vero
2559 2565 2887 2645 accepisset
2917 2569 3253 2630 veneranda
3281 2577 3339 2631 et
3377 2569 3472 2652 pia
3493 2590 3642 2634 anus

2005 2655 2584 2718 consummationem
2611 2653 2764 2716 beati
2787 2656 3058 2736 martyris
3091 2657 3292 2738 Blasii,
3325 2660 3646 2722 celebravit

2009 2745 2136 2825 ejus
2185 2743 2533 2806 memoriam
2567 2763 2636 2805 eo
2669 2745 2809 2819 ritu,
2843 2765 2957 2824 quo
2991 2746 3310 2808 celebravit
3354 2752 3412 2809 in
3442 2759 3643 2810 custo-

2005 2834 2102 2895 dia
2137 2850 2150 2896 :
2187 2841 2246 2894 et
2295 2853 2413 2894 non
2441 2833 2665 2908 _solum
2699 2835 2962 2911 cognatis
2993 2836 3152 2896 misit
3215 2854 3284 2897 ex
3315 2837 3646 2900 seminibus

2005 2931 2180 2984 terrae
2237 2921 2689 2984 benedictiones
2739 2933 2797 2984 et
2852 2941 2922 2984 ex
2979 2924 3254 3006 reliquis,
3303 2927 3408 2988 sed
3471 2929 3642 2989 etiam

2003 3011 2284 3074 omnibus
2312 3011 2662 3084 amicis.Qui
2697 3011 2956 3074 vicissim
2989 3013 3314 3095 imitantes,
3347 3034 3553 3078 rursus
3583 3017 3643 3078 in

2005 3102 2216 3164 eodem
2239 3111 2512 3182 tempore
2529 3101 2891 3163 remiserunt
2910 3121 3028 3163 non
3046 3103 3236 3164 solum
3256 3104 3414 3165 ﬁdeli
3429 3106 3642 3185 viduae,

270 3193 446 3257 πάλαι
478 3193 534 3250 ἐν
568 3200 644 3268 τῷ
669 3200 838 3272 καιρῷ
868 3200 944 3268 τῷ
972 3195 1115 3266 αὓτῷ
1160 3191 1472 3270 ἀνέπεμψαν
1522 3193 1580 3250 οὓ
1638 3193 1800 3267 μόνον
1855 3198 1922 3268 τῇ

2012 3193 2109 3254 sed
2133 3192 2309 3254 etiam
2335 3190 2613 3252 omnibus
2637 3192 2761 3253 suis
2792 3190 3032 3266 umicis,
3067 3201 3124 3252 et
3153 3194 3444 3272 cognatis.
3476 3193 3646 3257 Unde

269 3285 412 3360 αδτῇ
445 3288 610 3359 πιστῂ
665 3282 834 3362 χήρα,
893 3281 1030 3338 ἀλλὰ
1077 3283 1173 3338 καί
1202 3288 1330 3338 πᾶσι
1362 3295 1479 3346 τοϊς
1522 3282 1691 3338 αὸτῶν
1748 3279 1916 3360 φίλοις

268 3375 363 3432 καὶ
417 3371 741 3450 συγγενέσιν.
805 3371 960 3429 ’Ὅθεν
1018 3370 1197 3428 ἔκτοτε
1235 3370 1400 3450 μέχρι
1453 3373 1541 3428 καὶ
1598 3377 1685 3428 νῦν
1743 3367 1916 3426 διεδό-

272 3465 344 3528 θη
379 3462 532 3518 τοῦτο
561 3461 618 3517 τὸ
648 3459 813 3518 καλὸν
855 3461 946 3517 καὶ
994 3460 1190 3537 ἀγαθὸν
1245 3458 1548 3538 δπόδειγμα
1598 3459 1761 3539 μέχρι
1819 3464 1916 3526 τῆς

273 3551 514 3629 σῆμερον
562 3550 616 3607 ἐν
661 3556 790 3606 πᾶσι
852 3562 969 3614 τοῖς
1013 3570 1216 3612 πιστως
1265 3548 1562 3606 ἐπιτελοῦσι
1608 3550 1707 3616 τὴν
1737 3551 1916 3624 τιμίαν

269 3643 362 3698 καὶ
417 3640 620 3708 σεπτὴν
659 3639 880 3716 μνῆμην
931 3646 1025 3696 τοῦ
1083 3639 1232 3716 ἁγίου
1283 3640 1370 3695 καὶ
1420 3638 1624 3705 ἐνδόξου
1668 3639 1915 3716 ἱέρομάρ-

269 3750 429 3809 τυρος
475 3727 698 3784 Βλασίου
736 3729 872 3804 μετὰ
921 3725 1217 3802 λαμπάδων
1264 3727 1357 3784 καί
1415 3728 1594 3804 ὕμνων
1637 3730 1722 3784 καὶ
1778 3729 1916 3782 εὕω-

2003 3281 2178 3344 etiam
2204 3279 2484 3344 traditum
2511 3289 2598 3342 est
2624 3279 2736 3341 hoc
2762 3280 3074 3360 pulchrum
3109 3289 3167 3344 et
3194 3283 3413 3344 bonum
3439 3302 3642 3345 exem-

2003 3371 2162 3451 plum
2195 3387 2386 3446 usque
2411 3369 2470 3429 in
2495 3368 2848 3430 hodiernum
2873 3368 3033 3432 diem
3065 3371 3470 3452 omnibus,qui
3494 3375 3642 3435 ﬁde-

2001 3460 2143 3522 liter
2175 3466 2458 3536 peragunt
2481 3457 2878 3520 venerandam
2905 3460 3249 3521 memoriam
3277 3463 3465 3521 sancti
3492 3479 3647 3521 mar-

2001 3549 2141 3630 tyris
2165 3547 2372 3629 Blasii,
2406 3567 2539 3608 cum
2575 3547 2946 3627 lampadibus
2977 3555 3035 3607 et
3081 3548 3312 3628 hymnis
3346 3557 3403 3610 et
3431 3567 3641 3626 magno

2001 3637 2213 3718 epulo:
2267 3637 2342 3699 ad
2395 3636 2644 3715 gloriam
2697 3636 3120 3714 omnipotentis
3181 3637 3283 3699 Dei
3313 3647 3372 3699 et
3401 3637 3637 3699 Domini

2002 3726 2186 3787 nostri
2241 3723 2380 3787 Jesu
2413 3724 2668 3787 Christi:
2704 3725 2798 3786 cui
2826 3723 3014 3802 gloria
3069 3733 3126 3785 et
3157 3728 3416 3806 potentia
3457 3727 3632 3788 simul

271 3821 402 3899 χίας
446 3815 653 3883 πολλῆς
711 3818 784 3881 εἰς
840 3815 988 3882 δόξαν
1037 3822 1170 3873 Θεοῦ
1219 3819 1636 3897 παντοκράτορος
1667 3817 1755 3873 καὶ
1818 3825 1916 3872 Κυ-

2012 3833 2134 3876 :um
2165 3821 2368 3874 sancto
2399 3821 2457 3874 et
2486 3813 2715 3874 viviﬁco
2749 3813 3000 3893 Spiritu,
3037 3831 3194 3874 nunc
3225 3823 3280 3876 et
3311 3833 3548 3897 semper
3579 3824 3636 3877 et

269 3909 385 3986 ρίου
442 3908 596 3980 ἡμῶν
651 3903 830 3972 Ἰησοῦ
889 3912 1113 3983 Χριστοῦ
1168 3908 1262 3962 τοῦ
1287 3903 1633 3982 δοξαζομὲνιιυ
1683 3905 1736 3961 ἐν
1796 3918 1916 3971 τοῖς

1999 3905 2058 3965 in
2090 3902 2305 3964 saecula
2327 3902 2701 3965 saeculorum.
2739 3903 2954 3963 Amen.

269 4000 446 4078 ἁγίοις
504 3997 682 4054 αὐτοῦ·
719 4000 764 4070 ᾧ
814 3999 846 4065 ἦ
893 3995 1014 4062 δόξα
1068 3997 1154 4053 καὶ
1210 3998 1271 4055 τὸ
1327 3999 1518 4076 κράτος
1551 3998 1662 4076 ἅμα
1721 4002 1797 4074 τῷ
1827 3999 1958 4076 ἁγίῳ
2013 3999 2171 4077 Πατρῖ
2234 3997 2323 4053 σὺν
2380 3997 2457 4071 τῷ
2507 3996 2638 4075 ἁγίῳ
2689 3995 2974 4074 Πνεῦματι,
3008 4001 3094 4052 νῦν
3149 3999 3240 4055 καί
3298 4001 3378 4057 ἀει
3412 4003 3496 4058 καὶ
3555 4002 3627 4065 εἰς

268 4091 394 4152 τοὺς
416 4089 619 4150 ἀἰῶνας
649 4090 756 4143 τῶν
787 4087 1014 4148 αἰώνων.
1047 4082 1244 4161 Ἀμήν,
