4022 6146
291 331 414 398 833

1191 324 1610 391 CERTAMEN
1656 316 1716 384 S.
1765 312 2159 384 ACEPSIMxE
2203 319 2299 382 ET
2347 316 2749 380 SOCIORUM.

3534 315 3649 388 834

283 469 372 544 ριά
412 490 525 526 σου.
560 465 710 523 Ἐπεὶ
743 463 796 520 δέ
841 485 919 528 τις
964 463 1188 532 συνήθης
1220 462 1309 518 καὶ
1365 458 1514 538 φίλος
1565 460 1642 530 τῷ
1686 453 1926 532 μακαρίῳ

2021 471 2043 512 ο
2077 451 2181 524 fili,
2218 451 2770 531 inquit,secundum
2805 450 3044 511 verbum
3073 454 3416 516 tuum.Cum
3451 462 3647 516 autem

287 542 558 632 ὀΑκεψιειιτῖι
619 553 928 632 λεγομένων
999 553 1196 608 τούτων
1260 555 1478 627 παρῆν,
1541 546 1826 604 ἐπίσκοπος
1876 542 1930 596 δε

285 648 380 703 καὶ
422 647 578 710 αὐτὸς
610 646 708 710 τῆς
754 643 808 699 ἐν
853 643 1104 719 γειτόνων
1148 639 1357 702 πόλεως
1400 638 1490 713 ἦν,
1524 637 1681 713 ἡρετο
1712 635 1770 689 τὸ
1800 655 1929 688 παι·

284 735 399 792 δίον
448 731 793 809 ὑπομειδιῶν,
858 731 996 788 Εἷπέ
1041 752 1156 804 μοι,
1198 729 1406 800 τέκνον,
1457 727 1590 795 εἰπὲ,
1644 724 1696 779 εἴ
1739 744 1788 779 τι
1845 723 1932 777 καὶ

285 825 413 896 παρ’
469 825 626 898 ἡμῶν
670 822 930 899 ἔγνωκας.
981 812 1038 876 Ὀ
1081 818 1136 874 δέ
1187 839 1247 896 γε
1304 815 1714 895 θεοφορούμενος
1772 824 1927 882 παῖς,

294 915 394 971 Καί
435 935 540 987 σοι,
589 912 716 990 ἔφη,
757 911 884 987 πρὸς
927 908 1025 977 τήν
1065 906 1220 964 πόλιν
1270 905 1537 962 ἐπανιόντι
1580 903 1680 970 τηρ
1710 902 1808 968 σὴν
1839 904 1933 958 οῦκ

287 1002 492 1068 ἐξέσται
550 1002 751 1066 ταύτην
793 999 948 1070 ἰδεῖν,
995 997 1130 1054 ἄλλα
1173 997 1308 1053 κατὰ
1355 995 1454 1062 τὴν
1503 993 1694 1068 κώμην
1726 990 1930 1065 Ἀθρω-

287 1090 450 1169 δαρὰν
512 1091 827 1153 καταλύσεις
886 1090 978 1143 τὸν
1031 1088 1142 1164 βίον
1175 1104 1188 1117 ⁸
1256 1085 1289 1140 ἃ
1340 1082 1404 1151 δὴ
1474 1086 1561 1138 καὶ
1618 1079 1932 1160 ἀμφοτέροις

282 1183 421 1238 κατὰ
484 1182 582 1247 τὴν
633 1187 725 1236 τοῦ
785 1176 973 1241 παιδὸς
1001 1174 1230 1242 ἐξέϐαινε
1261 1171 1568 1252 πρόρρησιν.
1607 1169 1770 1227 Ἀλλᾶ
1797 1177 1932 1225 ταῦ-

278 1292 346 1327 τα
377 1270 476 1346 μὲν
502 1271 604 1347 πρὸ
633 1276 728 1325 τοῦ
755 1269 846 1324 τὸν
881 1268 1115 1345 μάρτυρα
1148 1263 1534 1342 συλληφθῆναι.

371 1453 455 1509 Γ’.
491 1445 640 1504 Ἐπεὶ
701 1445 755 1502 δὲ
799 1446 886 1502 καὶ
958 1443 1099 1506 ἑάλω
1155 1444 1241 1500 καὶ
1293 1440 1378 1498 διὰ
1429 1440 1525 1508 τῆς
1569 1443 1726 1498 αὐτοῦ
1769 1440 1933 1503 οἰκίας

289 1536 481 1616 ἤγετο,
519 1542 617 1594 τῶν
646 1537 882 1606 συνήθων
914 1557 994 1598 τις
1055 1532 1278 1600 πλησίον
1337 1531 1643 1608 γενόμενος.
1683 1526 1931 1616 Διάταξαι

284 1649 335 1683 τι
367 1627 487 1706 περὶ
515 1633 608 1683 τοῦ
650 1626 825 1704 οἴκου,
860 1647 953 1681 σο)
999 1625 1126 1700 πρὸς
1157 1625 1217 1678 τὸ
1240 1621 1328 1685 οῦς
1374 1622 1513 1692 αῦτῳ
1543 1619 1668 1698 ἔφη,
1729 1617 1790 1675 Ὀ
1848 1615 1929 1696 δὲ,

287 1715 437 1784 Αῦτη
480 1715 516 1784 ἤ
573 1717 735 1795 οἰκία,
779 1722 848 1792 τῇ
894 1715 1033 1794 χειρὶ
1077 1711 1266 1786 δείξας,
1314 1715 1408 1769 οὒκ
1453 1709 1592 1766 ’ἐστιν
1635 1709 1772 1764 οἰκία
1803 1727 1928 1781 μου·

2014 541 2250 620 quidam
2286 541 2589 601 familiaris
2622 549 2677 602 et
2712 541 2939 601 amicus
3000 542 3333 622 Acepsimae
3389 542 3644 619 adesset,

2015 649 2150 692 cum
2187 630 2312 691 haec
2361 629 2707 692 dicerentur
2743 631 2892 709 {erat
2923 649 3059 692 vero
3100 631 3150 692 is
3179 650 3417 713 quoque
3449 633 3653 694 vicinae

2015 719 2267 780 civitatis
2314 720 2679 800 episcopus),
2739 720 3058 780 subridens
3117 721 3344 800 rogavit
3377 740 3648 802 puerum,

2015 808 2219 869 dicens
2254 827 2266 868 :
2301 811 2406 872 Dic
2433 809 2602 890 mihi,
2635 828 2667 866 ο
2702 807 2805 881 fili,
2842 809 3037 870 scisne
3067 809 3143 871 de
3175 809 3348 872 nobis
3377 811 3600 892 aliquid
3628 817 3656 874 ?

2019 901 2172 960 Puer
2197 907 2388 960 autem
2413 917 2446 959 a
2468 897 2589 959 Deo
2616 897 2941 978 inspiratus
2970 919 2982 961 :
3008 899 3137 960 Tibi
3170 901 3652 982 quoque,inquit,

2015 989 2084 1049 ad
2117 998 2272 1049 tuam
2301 987 2576 1048 redeunti
2602 987 3262 1066 civitatem,nonlicebit
3283 1009 3410 1050 eam
3432 989 3652 1064 videre,

2015 1078 2119 1139 sed
2155 1097 2187 1138 e
2222 1083 2333 1136 vita
2367 1076 2617 1139 excedes
2647 1077 2706 1137 in
2759 1095 2929 1157 pago,
3002 1077 3100 1157 qui
3148 1077 3365 1140 dicitur
3409 1078 3654 1141 Ethra-

2015 1167 2220 1228 darau.
2257 1167 2398 1238 Quae
2455 1166 2694 1246 quidem
2757 1165 3044 1227 ambobus
3096 1176 3444 1242 evenerunt,
3505 1169 3657 1230 sicut

2018 1274 2163 1334 puer
2196 1254 2693 1336 prmdixeratSed
2730 1255 2855 1316 hazc
2887 1255 3480 1337 quidem,antequam
3509 1276 3658 1318 mar-

2017 1353 2104 1422 tyr
2133 1353 2291 1407 esset
2315 1345 2808 1424 comprehensus.

2100 1436 2202 1496 Ill.
2236 1436 2378 1496 Cum
2410 1443 2607 1494 autem
2638 1441 2799 1495 esset
2831 1441 3068 1513 captus,
3102 1443 3162 1495 et
3211 1435 3528 1497 duceretur
3550 1453 3657 1515 per

2017 1525 2256 1583 domum
2285 1541 2477 1594 suam,
2515 1541 2699 1602 prope
2732 1523 3027 1585 accedens
3048 1523 3288 1605 quidam
3314 1542 3382 1585 ex
3405 1523 3654 1587 familia-

2015 1612 2184 1674 ribus
2217 1632 2230 1672 :
2261 1614 2517 1691 Dispone
2547 1612 2772 1689 aliquid
2807 1613 2883 1674 de
2932 1613 3111 1674 domo
3159 1625 3279 1688 tua,
3330 1613 3382 1675 ei
3416 1613 3563 1677 dixit
3592 1616 3654 1676 in

2016 1721 2244 1764 aurem.
2282 1701 2387 1762 [lle
2420 1719 2553 1763 vero
2585 1723 2597 1763 :
2624 1701 2784 1770 Haec.
2822 1702 3014 1783 inquit
3037 1703 3223 1780 (illam
3257 1721 3433 1765 manu
3459 1712 3654 1766 osten-

285 1807 396 1885 ἐγὼ
428 1807 528 1884 γὰρ
558 1803 659 1873 ἤδη
703 1791 832 1882 πρὸς
877 1791 978 1871 τήν
1021 1802 1131 1863 ἄνω
1174 1801 1296 1857 ὅσον
1340 1800 1489 1857 οῦπω
1543 1801 1630 1854 καὶ
1690 1797 1931 1872 μετοικί-

2021 1791 2217 1871 dens),
2277 1809 2394 1852 non
2460 1800 2551 1851 est
2605 1791 2860 1872 amplius
2919 1791 3131 1854 domus
3159 1811 3314 1858 mea.
3345 1791 3466 1872 Ego
3492 1795 3653 1858 enim

285 1879 615 1971 ζομαιξἚν
675 1879 756 1971 si
781 1893 934 1950 πόλει
993 1891 1046 1947 δὲ
1092 1888 1257 1969 Ἀρϐῇ
1299 1889 1533 1968 γεγονὼς
1585 1886 1677 1944 γαῖ
1730 1893 1806 1960 τῷ
1829 1892 1933 1943 τῶν

2023 1900 2156 1941 mox
2185 1879 2379 1958 migro
2413 1880 2472 1940 in
2501 1880 2740 1940 domum
2769 1880 3263 1961 supernam.Cum
3292 1891 3485 1944 autem
3507 1884 3655 1944 fuis-

287 1969 476 2062 μάγων
524 1969 754 2063 ἀρχηγῷ
784 1981 1055 2061 παραστάς
1115 1979 1302 2057 (ὄνομα
1355 1978 1498 2063 αῦτῷ
1542 1975 1805 2056 Ἀδραχὸς
1837 1977 1937 2053 γὰρ

2021 1979 2113 2030 set
2133 1969 2190 2029 in
2215 1969 2445 2030 civitate
2470 1969 2742 2045 Arbel,et
2768 1970 3089 2063 productus
3115 1981 3424 2063 essetante
3442 1974 3658 2052 princi-

283 2059 400 2152 ἧν),
439 2076 483 2131 εἷ
515 2059 822 2150 Χριστιανὸς
853 2059 944 2138 εἴη
975 2071 1318 2148 ἒπηρὼτᾶτο.
1383 2059 1473 2132 Ὠς
1518 2064 1572 2122 δὲ
1617 2065 1826 2142 μεγάλῃ
1869 2070 1937 2141 τῇ

2021 2078 2155 2140 pem
2217 2077 2519 2138 magorum
2584 2060 2735 2139 (erat
2791 2078 2932 2122 vero
2964 2062 3018 2122 ei
3051 2080 3268 2122 nomen
3299 2062 3657 2144 Adrachus),

287 2148 444 2242 φωνῇ
488 2148 643 2220 τοῦτο
697 2163 840 2220 εἶναι
885 2159 1312 2236 διωμολόγησεν,
1348 2159 1545 2216 Οῦκοῦν
1576 2155 1771 2224 ἀληθῆ,
1807 2154 1931 2234 ἔφη,

2021 2148 2239 2227 rogavit
2272 2166 2433 2228 eum,
2467 2168 2538 2210 an
2571 2158 2728 2211 esset
2763 2149 3156 2213 Christianus.
3193 2150 3514 2232 Postquam
3547 2171 3658 2214 au-

283 2253 349 2309 τὰ
407 2254 526 2328 περὶ
571 2262 664 2311 σοῦ
692 2251 1055 2332 φημιζόμενα,
1083 2251 1155 2312 ὡς
1200 2246 1490 2324 βασιλικῶν
1521 2267 1577 2301 τε
1610 2244 1731 2311 εἴης
1764 2267 1932 2320 προσ-

2021 2225 2134 2298 tem
2172 2256 2380 2316 magna
2419 2225 2580 2300 lvoce
2636 2239 2748 2300 hoc
2805 2238 3014 2300 fuisset
3044 2225 3396 2304 confessus:
3431 2239 3661 2304 Suntne

282 2341 485 2407 τάξεων
553 2347 920 2420 καταφρονῶν,
979 2341 1064 2395 καὶ
1147 2340 1220 2401 ὡς
1292 2335 1383 2393 ἕνα
1467 2335 1744 2412 κηρύττεις
1809 2333 1934 2388 Θεὸν

2021 2345 2182 2405 ergo,
2217 2326 2432 2406 inquit,
2468 2346 2603 2388 vera
2649 2345 2780 2407 quae
2838 2328 2992 2389 fama
3035 2328 3439 2411 celebrantur,
3499 2329 3657 2411 quod

287 2431 602 2493 ἀπεναντίας
670 2419 744 2504 τῷ
797 2427 1060 2505 βασιλικῷ
1103 2427 1355 2504 δόγματι,
1424 2427 1496 2482 Τὸ
1566 2422 1618 2477 δὲ
1678 2423 1936 2500 μακάριον

2021 2425 2366 2505 contemnas
2415 2419 2580 2496 jussa
2632 2421 2818 2498 regia,
2874 2427 2931 2480 et
2961 2421 3120 2500 quod
3154 2439 3335 2480 unum
3371 2420 3660 2500 praedicas

286 2518 468 2576 ἐκεῖνο
524 2525 690 2598 γῆρας
734 2516 882 2575 οῦδὲν
941 2515 1342 2588 ὑποδειλιάσαν,
1386 2515 1564 2569 Πάντα
1623 2511 1742 2590 ὅσα,
1779 2513 1930 2590 φησὶ,

282 2615 504 2665 τοιαῦτα
532 2610 654 2687 περὶ
703 2606 854 2682 by.th
887 2604 1125 2675 ἀκήκοας
1158 2604 1330 2670 ἀληθῆ
1375 2603 1733 2680 τυγχάνουσιν
1780 2599 1927 2661 ὄντα,

280 2696 420 2755 Ἕνα
461 2697 564 2776 γὰρ
612 2697 862 2768 κηρύσσω
921 2696 1050 2750 Θεὸν
1099 2695 1236 2750 κατὰ
1291 2693 1384 2756 τὰς
1439 2690 1562 2768 παρ’
1599 2693 1750 2762 ἡμῶν
1791 2690 1930 2753 θείας

283 2787 496 2866 Γραφὰς
539 2786 626 2842 καὶ
658 2797 777 2850 τοῖς
824 2787 896 2847 ὡς
953 2783 1048 2859 ἐμὲ
1106 2804 1328 2861 φοιτωσι
1381 2782 1567 2838 τούτου
1609 2776 1930 2856 πρεσϐευτὰς

280 2875 430 2932 εἶναι
474 2881 568 2932 τοῦ
629 2873 890 2952 δόγματος
934 2873 1247 2947 ὑποτίθημι.
1303 2870 1456 2928 Καὶό
1517 2869 1684 2945 μάγος
1724 2887 1736 2900 '
1789 2875 1932 2944 Φρο-

281 2965 433 3035 νήσει
479 2986 540 3020 σε
570 2961 831 3042 διαφέρειν
874 2968 980 3018 τῶν
1023 2961 1236 3018 πολλῶν
1265 2959 1599 3036 ἀκηκόαμεν,
1651 2955 1686 3023 ἦ
1735 2979 1812 3019 τις
1855 2963 1932 3031 τῷ

283 3060 473 3133 μακρῷ
503 3053 685 3133 χρόνῳ
733 3054 819 3109 καὶ
869 3059 936 3128 τῇ
995 3053 1148 3130 πείρᾳ
1205 3047 1537 3127 δοκιμωτὲρα
1597 3047 1926 3106 καθίσταται.

288 3151 388 3201 Νῦν
447 3141 502 3199 δὲ
535 3147 640 3223 οῦχ
685 3141 855 3207 οὕτως
911 3140 1088 3220 ὥσπερ
1130 3139 1432 3214 ἠκούσαμεν
1495 3137 1582 3193 καὶ
1624 3139 1750 3215 δρᾷν
1789 3137 1929 3223 πάρ-

285 3253 392 3289 εστι
432 3250 450 3267 ο
512 3222 772 3288 διάκεισαι
819 3231 917 3309 γὰρ
975 3227 1163 3292 παιδὸς
1236 3228 1576 3307 ἀφραίνοντος
1620 3223 1739 3282 κατ’
1784 3222 1929 3281 οὐδὲν

2017 2504 2202 2565 Deum
2279 2517 2484 2568 contra
2559 2508 2820 2569 edictum
2877 2508 3160 2587 regium?
3226 2511 3407 2572 Beata
3457 2518 3656 2574 autem

2015 2593 2117 2654 illa
2176 2603 2450 2660 senectus
2521 2597 2684 2660 nullo
2760 2597 2974 2658 timore
3052 2599 3288 2674 aﬂ'ecta,
3364 2597 3657 2672 Quaecun-

2017 2701 2154 2761 que,
2200 2684 2412 2766 inquit,
2447 2685 2588 2748 talia
2615 2686 2689 2748 de
2738 2687 2909 2749 nobis
2947 2686 3249 2763 audivisti,
3304 2697 3443 2750 sunt
3493 2707 3652 2751 vera.

2015 2769 2209 2833 Unum
2246 2774 2406 2834 enim
2443 2777 2627 2838 Deum
2658 2776 2918 2855 praedico
2967 2776 3394 2838 convenienter
3424 2778 3495 2840 iis
3529 2796 3662 2859 qua:

2016 2871 2153 2923 sunt
2185 2863 2339 2942 apud
2368 2883 2497 2938 nos,
2533 2862 2883 2945 Scripturis,
2911 2873 2969 2926 et
3005 2866 3093 2926 eis
3125 2867 3228 2946 qui
3256 2866 3330 2928 ad
3385 2885 3480 2928 me
3511 2885 3659 2930 ven-

2015 2950 2212 3028 titant,
2244 2953 2491 3014 consqu
2527 2964 2590 3014 ut
2623 2953 2734 3016 hoc
2757 2953 2971 3034 dogma
3002 2965 3246 3017 teneant
3279 2963 3337 3018 et
3359 2963 3656 3018 tueantur.

2016 3039 2210 3118 Magus
2241 3049 2436 3103 autem
2474 3042 2892 3125 :Audivimus,
2942 3043 3159 3126 inquit,
3218 3054 3274 3107 te
3321 3045 3452 3106 aliis
3497 3065 3658 3128 prae-

2015 3141 2176 3192 stare
2205 3131 2882 3214 prudentia,quaalongo
2913 3143 3180 3216 tempore
3205 3143 3264 3197 et
3295 3135 3662 3217 experientia

2015 3220 2486 3300 comprobatur;
2521 3241 2681 3284 nunc
2721 3240 2859 3284 vero
2913 3242 3058 3305 non,
3107 3225 3259 3286 sicut
3300 3225 3658 3302 audivimus,

287 3321 507 3398 ἄμεινον
539 3336 552 3351 ⁸
604 3320 719 3378 ἒπεί
761 3308 864 3376 που
895 3308 1065 3375 τοῦτο
1108 3317 1366 3381 συνέσεως
1394 3315 1430 3384 ἢ
1461 3314 1640 3378 καλῶς
1694 3314 1927 3394 ἐχούσης

2021 3308 2150 3370 licet
2176 3309 2609 3376 nobisintueri.
2643 3311 2838 3374 Nihilo
2864 3316 3022 3374 enim
3055 3313 3265 3376 melius
3295 3332 3361 3376 es
3386 3313 3656 3396 affectus,

287 3413 498 3490 φρενὸς,
549 3417 624 3485 τῷ
693 3409 986 3486 βασιλικῶν
1072 3405 1352 3486 δογμάτων
1425 3417 1780 3485 καταφρονεῖν
1840 3405 1928 3461 καὶ

2021 3419 2184 3480 quam
2235 3419 2384 3481 puer
2436 3402 2746 3484 insipiens.
2806 3403 2993 3483 Cujus
3043 3409 3132 3466 est
3163 3403 3325 3466 enim
3354 3405 3660 3486 sapientiae

290 3501 366 3575 μὴ
427 3513 746 3578 προσκυνεῖν
791 3497 988 3556 ἐθέλειν
1033 3498 1108 3572 τῷ
1135 3518 1194 3554 τε
1241 3495 1374 3570 ἡλίῳ
1414 3497 1499 3578 καὶ
1529 3502 1605 3569 τῷ
1661 3496 1804 3572 πυρὶ,
1839 3495 1926 3558 οἷς

2021 3499 2110 3552 aut
2135 3508 2294 3552 sanae
2325 3493 2570 3573 mentis,
2603 3491 2844 3554 decreta
2888 3492 3050 3572 regia
3096 3493 3432 3572 despicere,
3467 3503 3526 3555 et
3553 3513 3658 3556 so-

286 3587 419 3657 δῆτα
465 3576 552 3646 καὶ
595 3587 840 3666 βασιλεὺς
886 3589 1044 3652 αὐτὲις
1095 3598 1404 3666 προσκυνεῖ.
1459 3576 1514 3641 Ὀ
1567 3592 1659 3642 τοῦ
1708 3590 1935 3662 Χριστοῦ

2021 3579 2133 3640 lem
2157 3580 2701 3658 splendidissimum
2730 3590 2787 3643 et
2809 3583 3004 3661 ignem
3040 3583 3199 3644 nolle
3221 3582 3496 3658 adorare,
3530 3601 3661 3662 quas

285 3677 566 3760 ἀρχιερεὺς
613 3679 950 3757 ἀπεκρίνατο.
985 3675 1166 3732 Πολλά
1223 3697 1313 3751 μοι
1357 3676 1506 3731 δοκεῖ
1535 3677 1568 3742 ἦ
1627 3679 1733 3729 τῶν
1795 3680 1934 3750 Περ-

284 3775 388 3825 σῶν
437 3769 772 3836 ἀνοηταίνειν
821 3767 970 3846 ἀρχὴ
999 3814 1016 3843 ,
1079 3764 1159 3822 ὅτι
1215 3771 1309 3822 τοῦ
1363 3763 1640 3825 κτίσαντος
1695 3761 1932 3840 ἀφεμένη

285 3855 562 3937 λατρεύειν
620 3856 760 3935 ἔγνω
817 3868 935 3920 τοῖς
1015 3854 1292 3930 κτίσμασι,
1356 3853 1444 3915 Τίς
1512 3853 1611 3930 γὰρ
1670 3852 1933 3930 εὖφρονῶν

283 3949 342 4004 τὸ
396 3954 496 4005 τοῦ
554 3954 686 4004 Θεοῦ
740 3944 898 4010 σέϐας
955 3957 1073 4009 τοῖς
1126 3945 1227 4001 ὕπο
1292 3949 1422 3999 Θεοῦ
1477 3944 1769 4020 περιθεῖναι
1827 3961 1931 3996 πε·-

287 4035 606 4113 ποιημένοις
649 4034 906 4110 ἀνέξοιτο,
955 4035 1134 4112 ὥσπερ
1193 4035 1346 4109 ὑμεῖς
1431 4044 1664 4110 ποιεῖτε,
1739 4029 1933 4086 ἀνόσια

286 4122 533 4202 δρῶντες,
582 4129 669 4182 καὶ
713 4125 868 4186 αῦτός
913 4145 974 4202 γε
1018 4126 1171 4188 οὗτος
1229 4125 1257 4179 ὁ
1314 4121 1565 4200 ὑμέτερος
1632 4118 1928 4199 βασιλεύς,

288 4202 345 4272 Ὀ
404 4215 492 4288 δὲ,
549 4213 768 4272 Ἀνόσια
824 4211 948 4287 δρᾷν
1002 4215 1146 4287 ἡμᾶς
1203 4211 1376 4291 λέγειν
1406 4209 1634 4290 τολμᾷς,
1668 4209 1790 4288 ἔφη,
1822 4231 1928 4276 τη-

286 4300 515 4379 λικούτῳ
566 4313 986 4383 προσκυνοῦδτας
1045 4304 1303 4382 στοιχείῳ
1363 4302 1447 4358 καὶ
1490 4301 1738 4378 ζωογόνῳ
1795 4298 1932 4372 ἡλίῳ

287 4389 660 4473 λατρεύοντας,
715 4393 890 4450 ἀνόσιε
949 4392 1174 4459 τάληθὲς
1228 4393 1289 4448 σὺ
1341 4392 1428 4447 καὶ
1484 4389 1614 4467 λῆρε
1674 4392 1762 4446 καὶ
1818 4412 1930 4464 μα·-

287 4484 428 4539 ταίου
489 4480 760 4559 προστάτα
805 4481 1201 4560 θρησκεύματος
1237 4496 1252 4554 ;
1313 4475 1467 4536 Ἀλλ’
1498 4481 1541 4535 εἰ
1586 4479 1664 4554 μὴ
1709 4486 1782 4552 τῷ
1841 4485 1934 4536 τοῦ

2016 3668 2255 3747 quidem
2280 3669 2408 3748 ipse
2429 3689 2671 3751 quoque
2691 3689 2791 3732 rex
2815 3671 3073 3735 adorat?
3093 3671 3425 3752 Respondit
3445 3673 3662 3734 Christi

2019 3757 2319 3834 pontifex:
2355 3759 2543 3823 Valde
2573 3759 2720 3821 mihi
2768 3759 3000 3822 videtur
3037 3761 3312 3842 desipere
3340 3762 3658 3843 imperium

2016 3848 2355 3928 Persarum,
2379 3849 2535 3928 quod
2564 3849 2808 3912 dimisso
2839 3850 2914 3914 Cr
2928 3850 3438 3926 eatore,statuerit
3461 3850 3661 3914 colere

2019 3953 2114 3998 res
2133 3944 2384 3999 creatas.
2414 3937 2560 4010 Quis
2586 3939 2744 4000 enim
2770 3958 2929 4002 sanae
2952 3940 3166 4002 mentis
3193 3941 3254 4002 in
3275 3940 3541 4002 animum
3570 3940 3659 4003 in-

2014 4024 2272 4102 duxerit,
2309 4026 2416 4089 Dei
2447 4029 2734 4090 honorem
2767 4029 3036 4092 tribuere
3084 4031 3158 4091 iis
3185 4048 3319 4110 quae
3348 4031 3499 4092 facta
3519 4039 3659 4094 sunt

2013 4132 2047 4176 a
2069 4113 2215 4190 Deo,
2251 4115 2409 4178 sicut
2429 4135 2532 4179 vos
2560 4118 2771 4200 facitis,
2799 4135 2902 4180 vos
2931 4119 3115 4200 impie
3147 4129 3444 4198 gerentes,
3472 4129 3532 4182 et
3561 4121 3658 4183 hic

2013 4203 2142 4284 ipse
2170 4223 2276 4266 rex
2313 4213 2552 4268 vester?
2585 4207 2691 4270 Ille
2744 4215 2938 4269 autem
2976 4227 2990 4268 :
3051 4206 3167 4269 Nos
3199 4206 3404 4288 impia,
3440 4206 3654 4288 inquit,

2014 4293 2210 4356 facere
2227 4294 2412 4357 audes
2432 4295 2658 4378 dicere,
2691 4297 2794 4373 qui
2821 4296 2936 4359 tale
2957 4297 3317 4358 elementum
3342 4295 3658 4358 adoramus

2017 4385 2279 4447 etsolem
2311 4385 2606 4448 viviticum
2641 4387 2954 4463 colimus,o
2984 4393 3044 4448 tu
3067 4403 3204 4448 vere
3235 4385 3420 4466 impie
3451 4393 3509 4448 et
3539 4403 3656 4447 nu-

2017 4481 2278 4553 gator,et
2299 4491 2463 4537 vanae
2482 4475 2761 4539 defensor
2782 4476 3086 4555 religionis
3109 4482 3136 4538 ?
3157 4475 3275 4539 Sed
3301 4475 3418 4536 nisi
3441 4483 3499 4537 tu
3522 4493 3659 4537 ces-

285 4570 550 4646 βασιλέως
633 4571 795 4636 εἴξεις
891 4571 1286 4649 προστάγματι,
1375 4569 1464 4624 καὶ
1545 4571 1930 4647 προσκυνήσεις

2021 4564 2168 4625 seris
2191 4565 2388 4644 jussui
2449 4568 2851 4646 imperatoris,
2889 4553 2949 4628 et
2999 4565 3345 4629 adoraveris
3378 4583 3486 4646 eos
3512 4583 3661 4646 quos

290 4662 372 4724 οἷς
427 4660 530 4738 ἄρα
581 4664 678 4717 καὶ
738 4660 894 4722 αὐτὸς
942 4671 1259 4738 προσκυνεῖ,
1303 4657 1417 4716 οὔτε
1465 4658 1527 4713 τὸ
1558 4658 1725 4734 γῆράς
1757 4678 1814 4714 σε
1844 4661 1937 4714 τοῦ

291 4749 368 4822 μή
421 4749 693 4818 ἁνήκεστά
765 4771 823 4806 σε
880 4752 1072 4805 παθεῖν
1131 4747 1506 4828 ἐξαιρήσεται,
1563 4745 1666 4803 οὔθ’
1719 4749 1778 4802 ὃν
1830 4746 1934 4804 λιχ-

290 4839 484 4915 τρεύεις
517 4838 919 4916 ἐσταυρωμένον
951 4839 1103 4895 Θεόν.

373 4927 433 4983 Δ¹
500 4928 636 4985 Εἶνα
680 4931 708 4984 ὃ
760 4931 906 4991 θεῖος
965 4924 1284 5006 πρεσϐύτης,
1349 4927 1720 5006 Ἐμφραχθείη
1753 4948 1846 4984 σου
1877 4927 1936 4983 τὸ

293 5019 480 5095 μιαρὸν
537 5018 733 5095 στόμα,
789 5017 1078 5096 κατάρατε,
1136 5017 1260 5096 ἔφη,
1335 5014 1389 5072 εἴ
1446 5036 1513 5091 με
1579 5013 1758 5077 δοκεῖς
1813 5027 1936 5078 ταῖς

294 5103 550 5170 ἀπειλαῖς
612 5128 706 5166 σου
767 5106 1124 5182 μεταπείθειν,
1197 5105 1336 5161 ὥστε
1386 5104 1633 5183 πατρῴοῦ
1675 5101 1937 5182 δὸγματος

296 5192 614 5275 ἀποστῆναι,
673 5193 702 5250 ὅ
759 5193 1004 5252 παιδόθεν
1096 5194 1419 5269 μεμαθηκὼς
1497 5194 1578 5249 καὶ
1648 5192 1719 5256 εἷς
1780 5190 1938 5262 τήνδε

297 5282 394 5350 τὴν
449 5283 638 5342 πολιὰν
683 5283 880 5347 ἔσωσα.
931 5282 1073 5342 Εἱδέ
1102 5303 1169 5358 με
1223 5279 1340 5340 οὕτε
1392 5282 1454 5339 τὸ
1497 5282 1670 5360 γῆρας
1725 5278 1938 5358 ἐξαιρή-

299 5391 467 5447 σεται,
516 5374 589 5438 ὠς
623 5375 684 5433 σὺ
713 5373 869 5454 ἔφης,
905 5372 1013 5432 οὔθ’
1062 5372 1120 5430 ὅν
1161 5369 1301 5429 σέϐω
1353 5373 1508 5447 Θεὸν,
1543 5391 1647 5428 των
1675 5369 1940 5450 ὑμετέρων

301 5465 520 5541 χειρῶν,
577 5465 637 5522 οὒ
692 5464 836 5539 παρὰ
879 5465 1034 5522 τοῦτο
1090 5474 1283 5542 χεῖρον
1345 5461 1454 5540 ἐγὼ
1498 5467 1592 5518 τοῦ
1647 5459 1939 5538 κρείττονος

304 5547 709 5631 ἀνταλλάξομαι.
751 5553 811 5611 Τί
854 5552 952 5632 γάρ
997 5573 1086 5628 μοι
1143 5552 1230 5610 καὶ
1290 5563 1413 5617 ταῖς
1450 5548 1654 5629 ὀλίγαις
1697 5556 1790 5607 τοῦ
1845 5555 1940 5627 ζῇν

300 5637 520 5720 ἡμέραις
554 5659 573 5725 ς
605 5640 754 5700 Ἐπεὶ
786 5641 907 5720 μετ’
951 5639 1126 5721 ὀλίγον
1175 5641 1238 5698 τὸ
1282 5640 1460 5698 κοινὸν
1504 5647 1659 5698 τοῦτο
1705 5642 1804 5706 τῆς
1835 5638 1939 5721 φύ-

2018 4653 2148 4732 ipse
2171 4654 2400 4729 adorat,
2439 4673 2513 4716 ne
2539 4668 2820 4718 senectus
2850 4657 3090 4737 quidem
3127 4664 3184 4718 te
3214 4655 3665 4738 liberabit,qu0-

2019 4741 2216 4802 minus
2273 4743 2513 4823 patiaris
2568 4747 2911 4822 gravissima
2945 4795 2961 4823 ,
3027 4764 3222 4827 neque
3279 4765 3457 4826 quem
3517 4744 3662 4807 colis

2020 4829 2204 4892 Deum
2237 4833 2613 4896 crucifixum.

2101 4919 2200 4981 IV.
2239 4922 2467 4984 Deinde
2511 4922 2745 4984 divinus
2779 4941 2960 4986 senex
3000 4945 3013 4987 :
3050 4924 3184 4987 Tibi
3228 4923 3568 4986 obstruetur
3597 4942 3664 4986 os

2021 5009 2368 5092 scelestum,
2403 5032 2436 5073 0
2471 5012 2856 5086 exsecrande,
2912 5013 2963 5074 si
3016 5021 3185 5091 putas
3230 5021 3287 5074 te
3342 5013 3458 5075 tuis
3489 5012 3664 5073 minis

2023 5100 2163 5160 mihi
2200 5119 2375 5180 posse
2409 5102 2792 5182 persuadere,
2830 5109 2892 5162 ut
2949 5102 3220 5164 deliciam
3253 5121 3286 5163 a
3330 5102 3521 5182 patrio
3553 5101 3662 5163 d0-

2019 5201 2241 5271 gmate,
2267 5191 2424 5272 quod
2453 5191 2638 5253 didici
2690 5193 2762 5254 ab
2816 5191 3064 5253 ineunte
3095 5199 3287 5268 aetate,
3318 5202 3374 5253 et
3404 5193 3479 5254 ad
3511 5193 3664 5254 hanc

2021 5280 2366 5342 conservavi
2391 5280 2693 5344 canitiem.
2720 5281 2782 5345 Si
2807 5290 3006 5344 autem
3029 5299 3227 5362 neque
3253 5299 3370 5357 me,
3395 5288 3458 5342 ut
3486 5281 3659 5358 dicis,

2023 5371 2242 5450 eripiet
2261 5379 2560 5448 senectus,
2590 5391 2785 5453 neque
2814 5371 3182 5453 Deus,quem
3215 5370 3370 5446 colo,
3393 5389 3426 5432 a
3456 5371 3666 5434 vestris

2023 5460 2320 5542 manibus,
2355 5480 2476 5524 non
2507 5461 2643 5524 ideo
2676 5461 2737 5524 id
2768 5462 2929 5544 quod
2952 5469 3042 5525 est
3093 5460 3491 5543 praestantius,
3528 5480 3668 5524 mu-

2027 5549 2162 5612 tabo
2181 5547 2496 5612 deteriori.
2529 5548 2683 5623 Quid
2710 5552 2869 5614 enim
2897 5568 3032 5614 mea
3056 5552 3304 5615 interest
3328 5549 3527 5615 vivere
3556 5551 3668 5615 hos

2025 5657 2249 5722 paucos
2278 5637 2406 5704 dies
2430 5647 2457 5705 ?
2485 5639 2632 5706 Nam
2665 5641 2840 5724 paulo
2869 5650 3003 5725 post
3039 5641 3215 5708 etiam
3247 5641 3473 5728 absque
3496 5640 3668 5707 vobis
