4048 6136
445 320 560 386 835
1678 317 2064 383 ADDENDA.
2107 350 2186 365 -—
2239 316 2566 384 APRILIS.
3697 321 3801 392 836

443 470 477 512 a
509 471 603 513 me
633 450 905 529 exigetur
933 468 1250 512 commune
1274 450 1385 511 hoc
1411 455 1638 512 naturae
1662 448 2046 514 debitum.No

2140 473 2306 518 ισεως
2335 452 2496 532 χρέος
2524 455 2623 510 καῖ
2653 454 2804 529 ὑμῶν
2855 453 2976 515 ἄνευ
3019 455 3488 532 ἆπαιτηθήσομαι.
3523 462 3598 518 Οὔ
3645 479 3803 537 προσ-

442 540 703 602 adorabo
736 541 948 620 solem,
985 559 1103 600 non
1159 539 1347 600 colam
1397 539 1620 615 ignem.
1672 537 1858 600 Nemo
1891 558 2051 602 mean

2166 544 2380 612 κυνήσω
2407 543 2563 618 ἡλίῳ,
2610 545 2670 600 οὗ
2717 545 2988 623 λατρεύσω
3045 547 3188 621 πυρί.
3237 545 3422 609 Οὗδείς
3488 569 3584 622 μοι
3641 570 3802 606 κατα-

440 629 716 691 irridebit
740 637 1106 691 senectutem
1144 647 1352 704 ;nemo
1381 628 1524 688 mihi
1559 627 1722 689 dabit
1753 627 2051 711 vitio,quo:

2166 630 2379 710 γελάσει
2435 637 2534 699 τῆς
2593 631 2810 713 πολιᾶς,
2871 632 3033 698 ούδεῖς
3092 634 3368 713 ἒγκαλέσει
3436 659 3533 710 μοι
3566 638 3626 692 τὸ
3657 637 3804 716 φιλό-

439 717 550 779 sim
607 718 736 780 vita:
765 718 1040 798 cupidus,
1077 725 1139 777 ut
1191 717 1290 797 qui
1347 717 1509 778 brevi
1563 718 1676 778 vita
1708 718 2051 780 vendiderin

2165 727 2323 794 ζωον,
2354 721 2607 802 βραχείας
2664 724 2830 797 ζωῆς,
2885 723 3093 802 ἂγαθῶν
3144 725 3411 781 τοσούτων
3445 723 3806 800 ἆποδεδομένῳ

441 815 733 868 tantorum
767 807 1057 868 bonorum
1090 805 1816 886 bealitudinem.Propter
1837 807 1962 868 hzec
1995 810 2051 869 ir.

2164 811 2556 888 μακαριότητα.
2617 817 2795 887 Θυμοῦ
2837 811 2921 868 ἐπὶ
2984 813 3190 877 τούτοις
3239 816 3266 868 ὁ
3320 815 3520 891 μιαρὸς
3577 815 3803 888 ὑποπίμ-

435 896 703 975 repletur
722 896 1072 973 sceleratus,
1101 903 1157 956 et
1179 904 1557 956 sacrosancta
1579 905 1857 957 senectus
1882 903 2078 959 statim

440 982 638 1060 ﬂagris
667 982 914 1043 caeditur
944 981 1091 1044 adeo
1124 982 1406 1059 graviter,
1433 992 1497 1044 ut
1525 987 1811 1062 sanguine
1839 984 2077 1064 quidem

433 1079 619 1132 totum
648 1073 836 1132 solum
868 1080 1256 1147 restagnaret,
1317 1073 1522 1133 nullus
1582 1081 1780 1134 autem
1831 1073 2078 1136 relictus

431 1169 586 1222 esset
609 1161 774 1221 locus
798 1161 1066 1240 corporis
1096 1160 1339 1223 illaesus.
1379 1162 1522 1223 Cum
1557 1179 1696 1223 vero
1733 1180 1940 1241 parum
1972 1183 2072 1224 es-

431 1257 522 1311 set
550 1249 847 1311 relaxatus
876 1268 910 1310 a
941 1248 1149 1330 plagis,
1180 1248 1354 1328 jubet
1395 1268 1526 1311 eum
1576 1269 1780 1312 rursus
1813 1252 2068 1315 vinctum

430 1339 657 1400 catenis
679 1337 808 1400 sisti
835 1348 974 1400 ante
1007 1337 1546 1401 tribunal.Dicebat
1569 1349 1766 1401 autem
1797 1358 1808 1400 :
1837 1339 1948 1405 Ubi
1982 1352 2068 1404 est

425 1427 583 1489 Deus
610 1437 762 1502 tuus,
797 1447 970 1508 quem
1004 1427 1172 1502 colis,
1205 1448 1238 1488 ο
1270 1428 1630 1508 Acepsima?
1662 1428 1893 1504 Veniat,
1932 1438 1991 1493 et
2012 1441 2066 1493 te

427 1536 459 1578 e
488 1519 634 1578 meis
657 1519 928 1579 manibus
959 1517 1192 1597 eripiat.
1230 1517 1388 1580 Deus
1423 1537 1613 1596 meus,
1653 1519 1845 1600 inquit
1876 1520 2000 1595 ille,
2035 1540 2068 1582 o

425 1607 915 1680 sceleratissime,
956 1607 1057 1688 qui
1103 1607 1319 1668 caelum
1348 1607 1557 1688 implet
1581 1617 1637 1669 et
1671 1618 1909 1686 terram,
1956 1629 2068 1691 po-

427 1706 539 1757 test
569 1715 662 1758 me
693 1715 726 1758 e
761 1698 873 1758 tuis
905 1696 1180 1758 manibus
1211 1698 1563 1777 eripere.Tu
1591 1708 1785 1760 autem
1821 1718 1954 1760 cum
1987 1701 2070 1761 sis

426 1801 584 1848 terra
616 1795 674 1848 et
699 1787 870 1859 cinis,
901 1787 958 1847 in
1003 1805 1177 1865 quem
1212 1788 1396 1848 audes
1427 1787 1740 1866 superbire
1765 1787 1790 1847 ‘.’
1811 1788 1919 1850 sub
1952 1807 2068 1870 quo

424 1883 726 1937 sternetur
759 1876 1132 1957 putrefactio,
1169 1877 1260 1938 cui
1319 1876 1436 1937 vita
1468 1884 1556 1937 est
1588 1884 1778 1939 morte
1807 1879 2061 1957 gravior,

420 1965 518 2045 qui
557 1966 844 2028 viventem
901 1964 1086 2027 Deum
1148 1985 1269 2027 non
1327 1967 1702 2042 cognoveris.
1745 1969 2066 2048 Pr0pterea

415 2063 696 2132 tanquam
719 2056 826 2115 llos
857 2056 975 2134 agri
996 2055 1486 2127 exsiccaberis,et
1510 2055 1625 2116 vita
1645 2057 2064 2120 miserabiliter

418 2145 904 2218 eversa,traderis
928 2145 1072 2221 igni,
1105 2143 1206 2225 qui
1238 2163 1353 2205 non
1388 2151 1583 2225 potest
1617 2146 1911 2224 exstingui
1950 2168 1961 2208 :
1999 2154 2064 2208 ut

416 2252 594 2314 quem
628 2253 786 2295 nunc
817 2233 1052 2308 adoras,
1087 2233 1211 2294 illic
1244 2251 1310 2295 re
1365 2235 1492 2314 ipsa
1547 2235 1788 2314 punitus
1816 2236 2056 2312 sentias,

415 2341 532 2384 non
555 2340 686 2384 esse
717 2324 914 2402 ignem
957 2322 1168 2397 Deum,
1224 2323 1327 2384 sed
1382 2324 1577 2403 ipsum
1612 2342 1847 2404 quoque
1878 2324 2058 2386 alium

413 2429 590 2472 nosse
611 2412 914 2491 opificem,
947 2412 1051 2491 qui
1081 2419 1171 2474 est
1204 2412 1378 2474 etiam
1411 2411 1568 2474 Deus
1598 2414 1891 2487 omnium,
1922 2431 2060 2491 quae

409 2501 627 2563 cadunt
656 2501 766 2563 sub
799 2511 1130 2582 aspectum.

490 2589 559 2652 V.
593 2589 698 2652 His
730 2592 954 2669 majore
985 2590 1077 2650 ira
1107 2589 1355 2651 incenso
1388 2607 1580 2668 mago,
1616 2590 1916 2667 graviores
1947 2609 2054 2652 ca-

411 2685 565 2740 tenae
581 2686 848 2739 sanctum
874 2677 1362 2756 circumligarunt
1394 2688 1451 2738 et
1477 2695 1608 2738 eum
1642 2687 1778 2738 tunc
1805 2678 2058 2742 interior

408 2767 640 2845 accepit
673 2766 962 2828 custodia.
992 2767 1098 2828 Die
1127 2773 1322 2828 autem
1348 2767 1622 2846 sequenti
1653 2769 2054 2848 comprehen-

406 2874 506 2916 sus
536 2856 712 2916 etiam
743 2854 855 2916 fuit
909 2857 1168 2917 maxime
1202 2856 1580 2917 venerandus
1610 2857 1919 2938 presbyter
1944 2861 2051 2921 Jo-

409 2946 752 3026 seph,ortus
779 2963 846 3006 ex
875 2963 1044 3026 pago,
1076 2945 1175 3026 qui
1211 2953 1450 3008 vocatur
1479 2946 1868 3025 Bethlabuca,
1894 2949 2050 3028 quod

406 3034 740 3114 exponitur,
774 3043 932 3099 recte
957 3035 1319 3108 scribentis;
1353 3036 1482 3116 ipse
1511 3055 1751 3118 quoque
1781 3055 1964 3100 senex
1996 3047 2054 3100 et

398 3125 522 3203 jam
546 3125 703 3187 intra
736 3125 1022 3186 terminos
1053 3125 1390 3205 Davidicos,
1449 3132 1514 3186 ut
1568 3129 1668 3205 qui
1719 3132 1880 3189 esset
1908 3145 2048 3208 sep-

2163 897 2383 973 πλαται,
2421 904 2517 955 καί
2573 899 2784 974 μάστιξι
2843 902 2904 960 τὸ
2961 902 3101 980 ἱερὸν
3143 907 3310 981 γῆρας
3356 902 3513 965 εὐθὺς
3571 912 3803 960 καταικί-

2161 995 2304 1059 ζεται
2363 989 2502 1045 οὕτω
2559 989 2763 1068 βαρέως
2809 990 2946 1046 ὥστε
3005 999 3081 1066 τῷ
3137 993 3318 1067 αἵματι
3365 991 3470 1066 μὲν
3521 991 3661 1047 ἅπαν
3709 1014 3805 1049 πεο

2160 1077 2564 1154 ριλιμνασθῆναι
2623 1081 2688 1136 τὸ
2744 1077 2957 1160 ἔδαφος,
2991 1081 3068 1154 μὴ
3126 1079 3552 1158 καταλειφθῆναι
3583 1079 3637 1135 δὲ
3700 1105 3804 1156 μη.

2158 1164 2276 1223 δέν).
2320 1169 2482 1224 τόπον
2524 1178 2613 1226 τοῦ
2654 1170 2902 1244 σώμανος
2955 1171 3152 1238 ἀπαθῆ.
3195 1171 3376 1249 Βραχὺ
3435 1169 3495 1225 δὲ
3525 1177 3632 1226 τῶν
3663 1173 3801 1239 πλη-

2153 1261 2262 1333 γῶν
2320 1257 2567 1315 ἀνεθέντα
2600 1257 2810 1314 ἁλύσεσι
2872 1258 2984 1315 δυσὶ
3041 1259 3376 1336 περιδεθέντα
3443 1259 3653 1316 κελεύει
3695 1262 3800 1316 πά-

2153 1343 2237 1400 λιν
2300 1353 2376 1418 τῷ
2427 1347 2627 1422 βήματι
2686 1349 3044 1425 παραστῆναι,
3103 1350 3212 1427 καὶ,
3274 1355 3380 1404 Ποῦ
3426 1351 3455 1404 ὁ
3503 1351 3634 1412 Θεός
3688 1372 3794 1428 σου,

2153 1435 2209 1491 ὃν
2254 1433 2406 1511 σέϐῃ,
2441 1435 2761 1512 Ἀκεψιμᾶ;
2817 1436 3018 1515 ἔλεγεν,
3073 1436 3302 1494 Ἐλθέτω
3361 1438 3454 1494 καί
3499 1440 3608 1494 τῶν
3664 1437 3796 1512 ἐμῶν

2154 1531 2352 1602 χειρῶν
2382 1523 2634 1590 ἐξελέσθω
2664 1547 2746 1588 σε.
2783 1527 2842 1584 Ὀ
2873 1526 3026 1601 ἐμὸς,
3083 1527 3208 1606 ἔφη,
3263 1529 3420 1600 Θεὸς,
3475 1527 3789 1606 μιαρώτατε,

2151 1614 2242 1669 τὸν
2272 1613 2490 1689 οὐρανὸν
2551 1613 2770 1690 πληρῶν
2833 1617 2918 1671 καὶ
2969 1617 3067 1682 τὴν
3105 1622 3232 1694 γῆν,
3279 1614 3507 1679 δυνατός
3569 1617 3677 1672 ἐστι
3719 1619 3798 1673 καὶ

2152 1709 2256 1758 τῶν
2314 1707 2420 1758 σῶν
2477 1710 2676 1783 χειρῶν
2721 1703 2983 1769 ἐξελέσθαι
3017 1726 3106 1779 με.
3159 1706 3230 1760 Σὺ
3276 1703 3330 1760 δὲ
3383 1711 3460 1782 γῆ
3491 1707 3580 1761 καὶ
3612 1705 3798 1768 σποδὸς

2154 1793 2228 1848 ὢν
2259 1792 2392 1848 κατὰ
2422 1791 2557 1856 τίνος
2618 1791 2716 1870 ἂρα
2747 1795 2832 1849 καὶ
2884 1792 3089 1867 τολμᾷς
3149 1795 3702 1872 ὑπερηφανεύσεσθαι,
3745 1793 3798 1850 οὗ

2156 1886 2405 1938 ὑποκάτω
2473 1884 2834 1961 στρωθήσεται
2889 1887 3096 1958 σῆψις,
3154 1886 3199 1956 ᾧ
3245 1885 3278 1951 ἡ
3339 1884 3460 1954 ζωὴ
3546 1884 3791 1962 βαρυτέρα

2146 1972 2370 2026 Θανάτου
2427 1971 2516 2026 τὸν
2570 1977 2742 2042 ζῶντα
2818 1972 2896 2046 μὴ
2954 1972 3210 2049 ἐγνωκότι
3267 1972 3425 2034 Θεόν,
3497 1973 3597 2028 Διὰ
3649 1981 3791 2030 τοῦτο

2145 2059 2270 2116 ὡσεὶ
2327 2060 2477 2123 ἄνθος
2535 2067 2627 2116 τοῦ
2684 2059 2846 2138 ἀγροῦ
2917 2061 3084 2126 οὕτως
3145 2063 3490 2138 ζηρανθήσῃ.
3541 2059 3613 2116 ἵν’
3670 2059 3789 2138 ὅπερ

2145 2159 2230 2208 νῦν
2262 2161 2602 2227 προσκυνεῖς,
2665 2155 2819 2206 τοῦτο
2876 2149 2993 2206 ἐκεῖ
3025 2148 3384 2224 κολαζόμενος
3422 2150 3566 2229 ἔργῳ
3622 2151 3786 2225 μάθῃς

2144 2240 2291 2294 οὐτὸ
2349 2244 2449 2314 πῦρ
2501 2241 2641 2294 εἶναι
2687 2239 2840 2314 Θεὸν,
2886 2237 3024 2294 ἀλλὰ
3071 2241 3157 2296 καὶ
3189 2239 3318 2298 αὐτό
3373 2239 3556 2316 ἕτερον
3609 2237 3780 2294 εἰδέναι

2143 2325 2486 2405 δημιουργὸν,
2549 2328 2606 2389 ὃς
2691 2329 2779 2383 καί
2850 2328 3064 2384 πάντων
3147 2330 3258 2384 ἐστὶ
3339 2332 3450 2385 τῶν
3511 2327 3779 2407 ὁρωμένων

2143 2418 2300 2480 Θεὸς.

2220 2592 2300 2655 Ε’.
2335 2594 2550 2658 Τούτοις
2580 2597 2729 2668 θυμῷ
2759 2594 2972 2651 πλείονι
3003 2603 3094 2654 τοῦ
3150 2597 3325 2676 μάγου
3392 2595 3767 2674 διακαυθέντος,

2137 2682 2411 2760 βαρύτεραι
2469 2684 2560 2739 τὸν
2617 2683 2770 2760 ἅγιον
2841 2681 3215 2760 περιεδέσμουν
3297 2685 3542 2757 ἁλύσεις,
3606 2685 3687 2740 καὶ
3740 2682 3772 2748 ἦ

2137 2770 2368 2850 ἐσωτέρα
2428 2770 2562 2834 τέως
2616 2771 2826 2851 φυλακῆ
2897 2771 3209 2852 ὑπεδέχετο,
3267 2782 3346 2852 Τῇ
3417 2774 3470 2830 δὲ
3527 2773 3641 2841 ὲξῆς
3696 2772 3772 2827 καὶ

2137 2862 2164 2916 ὁ
2219 2861 2541 2935 τιμιώτατος
2620 2863 2924 2938 κατεσγέθη
2991 2859 3344 2942 πρεσϐύτερος
3424 2863 3620 2942 Ἰωσὴφ
3675 2861 3769 2916 ἀπὸ

2135 2949 2294 3024 κώμη
2374 2948 2718 3017 Βηθλαϐουκὰ
2803 2949 3139 3025 καλουμένης
3221 2955 3536 3031 ὁρμώμενος
3603 2950 3635 3007 ὅ
3682 2955 3767 3006 τοῦ

2134 3039 2426 3120 γράφοντος
2489 3037 2664 3104 καλῶς
2752 3039 3098 3118 ἑρμηνεύεται
3134 3057 3149 3074 ⁸
3237 3045 3466 3120 γηραιὸς
3517 3040 3569 3097 δὲ
3626 3040 3765 3102 αὐτὸς

2135 3130 2220 3185 καὶ
2275 3135 2382 3185 τῶν
2430 3128 2726 3185 Δαυῖδικῶν
2768 3131 2918 3193 ἒντὸς
2971 3129 3108 3207 ὅρων
3167 3129 3537 3208 ἑϐδομήκοντα
3579 3130 3764 3190 τούτοις

407 3213 668 3292 tuaginta
689 3231 878 3274 annos
909 3222 1100 3276 natus.
1130 3213 1437 3276 Senectuti
1465 3222 1660 3276 autem
1694 3213 1898 3278 decori
1921 3226 2048 3278 erat

2140 3218 2409 3298 ὅπάρχων.
2457 3216 2694 3296 ’Ἐπρεπε
2725 3217 2778 3274 δέ
2835 3241 2922 3282 τις
2950 3219 3028 3293 τῷ
3074 3218 3215 3297 γήρᾳ
3255 3222 3344 3278 καὶ
3376 3223 3535 3301 χάρις
3581 3216 3758 3296 ὠραιό·

407 3303 674 3382 quaadam
695 3303 917 3382 gratia,
951 3311 1011 3365 et
1039 3303 1274 3383 species
1296 3303 1669 3365 venerandos
1693 3322 1872 3366 canos
1902 3305 2045 3366 red-

2140 3327 2228 3372 εης
2258 3327 2316 3362 τε
2373 3307 2468 3374 τὴν
2519 3308 2695 3382 τιμίαν
2755 3307 2948 3364 πολιὰν
2992 3306 3291 3382 ἐπιμᾶλλον
3350 3309 3660 3388 ἐφαίδρυνεν,
3710 3305 3750 3375 ᾧ

404 3391 582 3453 debat
602 3391 1066 3472 laatiores,cujus
1078 3394 1275 3454 anima
1291 3391 1530 3472 quidem
1549 3393 1741 3454 zelum
1761 3393 2042 3474 spirabat,

2140 3393 2291 3466 ζήλου
2351 3396 2448 3470 μὲν
2497 3393 2679 3452 ἔπνεεν
2732 3395 2769 3462 ἡ
2805 3395 2959 3475 ψυχὴ
2991 3397 3202 3454 καὶτοῦ
3234 3405 3566 3476 Χριστιανῶν
3611 3392 3751 3451 ἐκτό-

401 3489 462 3542 et
481 3481 698 3562 dogma.
715 3482 1190 3545 Christianorum
1215 3481 1552 3543 mirandum
1586 3483 1646 3543 in
1671 3484 1912 3544 modum
1935 3485 2045 3546 de-

2140 3507 2242 3548 πως
2303 3486 2597 3563 προίστατο
2673 3483 2939 3562 δόγματος
3014 3489 3360 3566 σωφροσύνης
3420 3509 3477 3544 τε
3531 3480 3755 3557 ἂκριϐοὖς

399 3569 956 3634 fendebat.Summe
974 3589 1111 3632 vero
1135 3572 1184 3632 is
1201 3570 1440 3633 deditus
1461 3579 1590 3634 erat
1613 3573 2039 3652 temperantiae,

2140 3574 2339 3654 εἶ’χετο.
2403 3577 2538 3650 Πρὸς
2595 3581 2752 3630 τοῦτο
2809 3575 2896 3631 καὶ
2950 3577 2977 3631 ὁ
3042 3573 3482 3652 σεϐασμιώτατος
3535 3574 3753 3634 διάκονος

399 3666 457 3722 et
482 3660 904 3724 continebatur
929 3678 1032 3722 cor
1056 3661 1187 3740 ejus
1211 3667 1370 3721 metu
1395 3659 1922 3725 divino.Praeterea
1944 3682 2045 3725 au-

2140 3663 2402 3728 Ἀειθαλᾶς
2463 3660 2912 3744 συλλαμϐάνεται,
2997 3665 3159 3739 κώμη
3243 3675 3433 3725 τοῦτον
3515 3661 3752 3742 ἐθρέψατο

401 3757 517 3811 tem
541 3750 1074 3830 comprehenditur
1094 3750 1268 3812 etiam
1295 3751 1356 3811 in
1381 3750 1588 3830 primis
1618 3751 1900 3814 colendus
1921 3751 2042 3813 dia-

2140 3751 2488 3834 Βηθροαδαρᾶ,
2547 3753 2682 3830 ἀνὴρ
2752 3752 2873 3809 τότε
2936 3753 3195 3829 πνεύματι
3236 3756 3374 3825 ζέων
3419 3757 3504 3812 καὶ
3551 3758 3615 3826 τῇ
3669 3753 3751 3805 τοῦ

395 3857 582 3901 conus
630 3840 934 3902 lEithalas.
992 3840 1144 3902 Eum
1209 3857 1391 3920 pagus
1423 3840 1567 3902 aluit
1599 3839 2035 3922 Bethnoadara,

2140 3850 2356 3921 Κριστοῦ
2417 3842 2600 3921 ἀγάπῃ
2659 3839 2893 3922 σφοδρῶς
2951 3841 3343 3922 ἐκπυρούμενος
3383 3862 3396 3877 ⁸
3461 3840 3749 3920 ἐλεγκτικὸν

392 3929 481 3989 vir
510 3939 565 3990 et
592 3929 804 4008 spiritu
828 3929 1084 4002 fervens,
1110 3937 1168 3990 et
1187 3931 1288 4006 qui
1310 3929 1530 3993 Christi
1552 3931 1841 3992 chaiitate
1870 3931 2038 3994 valde

2140 3932 2172 3988 ἷὲ
2208 3932 2351 4005 αὐτῷ
2378 3934 2438 3988 τὸ
2497 3932 2623 4000 ἦθος
2681 3931 2769 3988 καὶ
2821 3930 3114 4010 παῤῥησίας
3173 3935 3372 4010 μεστὸν
3439 3935 3528 3990 τὸν
3586 3922 3750 3986 Ἠλιοῦ

396 4018 862 4081 accendebatur.
898 4021 1081 4082 Erant
1109 4027 1302 4081 autem
1336 4021 1389 4080 ei
1425 4039 1622 4082 mores
1653 4018 1939 4101 propensi
1962 4022 2035 4082 ad

2140 4029 2210 4079 ςοῦ
2267 4019 2502 4100 μεγάλου
2546 4021 2742 4100 τρόπον
2802 4025 2879 4093 τῷ
2934 4021 3233 4101 ἐλευθερίῳ,
3281 4028 3464 4100 οἶμαι,
3520 4027 3605 4078 τοῦ
3641 4018 3745 4094 βίου

393 4107 856 4185 arguendum,et
878 4108 1040 4188 pleni
1065 4108 1304 4170 dicendi
1327 4108 1596 4171 libertate
1622 4110 1809 4171 instar
1840 4110 2036 4189 magni

2140 4114 2205 4169 ιαὶ
2267 4112 2364 4180 τὴν
2414 4113 2514 4177 τῆς
2569 4111 2750 4190 ψυχῆς
2809 4110 3073 4186 ἑπόμενον
3124 4115 3470 4189 καθαρότητι.
3516 4108 3741 4176 Ἐπήνθει

391 4195 559 4272 Elite,
593 4197 782 4276 utqui
813 4197 967 4272 vitae,
1003 4200 1318 4279 utopinor,
1357 4210 1754 4279 sequerentur
1782 4199 2033 4262 liberta-

2140 4202 2172 4258 ἰέ
2221 4224 2300 4265 τις
2347 4200 2490 4275 αὗτῴ
2548 4202 2636 4256 καὶ
2693 4199 2958 4275 σεμνότης
3016 4201 3078 4258 ἐκ
3139 4202 3356 4260 πάντων
3414 4194 3737 4280 περιποιοῦσα

391 4293 506 4349 tem
542 4295 603 4348 et
630 4286 842 4348 animae
869 4287 1492 4367 puritatem.Florebat
1523 4306 1665 4349 vero
1691 4289 1749 4349 in
1769 4307 1840 4349 eo
1865 4308 2032 4369 qua:-

2140 4298 2192 4366 τῷ
2247 4288 2390 4368 ἀνδρὶ
2445 4291 2506 4346 τὸ
2550 4288 2841 4364 αἰδέσιμον.
2899 4290 3057 4347 Ἐπεὶ
3111 4289 3165 4347 δὲ
3205 4291 3366 4374 ἄμφω
3424 4290 3732 4374 παρέστησαν

389 4375 526 4437 dam
558 4395 798 4456 quoque
828 4377 1100 4455 gravitas,
1137 4396 1272 4454 quae
1303 4378 1362 4438 ei
1402 4377 1758 4441 conciliabat
1787 4377 1859 4439 ab
1895 4398 2030 4440 om-

2140 4385 2192 4454 τῴ
2233 4379 2496 4452 δικάζοντι
2553 4380 2796 4458 βλοσυρῷ
2839 4375 3042 4456 ὄμματι
3106 4383 3238 4458 πρὸς
3294 4370 3476 4447 αὖτοὺς
3518 4370 3730 4434 ἀποϐλέο

386 4465 564 4525 nibus
593 4468 1061 4528 venerationem.
1097 4465 1242 4528 Cum
1295 4477 1494 4527 autem
1551 4465 1727 4528 ambo
1759 4468 2031 4546 producti

2140 4491 2244 4550 mc,
2278 4464 2341 4524 Ὦ
2398 4469 2812 4547 δυσθανάτωτον,
2860 4469 2988 4550 ἔφη,
3021 4471 3199 4550 γένος,
3256 4471 3346 4529 ἵνα
3403 4475 3452 4529 τί
3496 4469 3607 4529 τοὺς
3638 4464 3729 4517 τῶν

386 4551 637 4616 fuissent
660 4565 799 4616 ante
825 4556 1178 4635 judicem,is
1207 4563 1370 4616 torvo
1401 4557 1572 4619 oculo
1603 4575 1706 4618 eos
1729 4557 1969 4620 intuens
2011 4576 2026 4619 :

383 4641 432 4705 0
463 4662 671 4722 genus,
707 4644 918 4725 inquit,
979 4643 1486 4723 perditissimam!
1539 4664 1646 4708 cur
1694 4646 1754 4707 in
1788 4647 2028 4728 simpli-

386 4733 582 4795 ciores
605 4733 878 4796 homines
909 4734 1331 4814 irrepentes,et
1365 4736 1572 4796 vestris
1604 4735 1893 4799 doctrinis
1919 4756 2026 4800 eo-

380 4841 514 4886 rum
549 4823 752 4885 oculos
786 4824 1295 4905 praestringentes,
1345 4823 1642 4886 deducitis
1693 4825 1767 4887 ad
1823 4825 2024 4888 falsam

381 4913 850 4976 Christianorum
875 4913 1226 4993 religionem
1251 4913 1508 4977 ?Beatus
1525 4922 1723 4978 autem
1748 4915 1892 4978 dixit
1923 4919 2026 4980 Jo-

380 5004 529 5085 seph
555 5024 569 5067 :
596 5002 715 5065 Nos
739 5021 848 5064 nec
869 5003 950 5064 uti
974 5003 1434 5084 praestigiismec
1455 5003 1657 5066 fallere
1680 5005 2024 5069 didicimus.

377 5091 599 5155 Verum
632 5102 829 5155 autem
867 5103 927 5154 et
959 5094 1176 5157 stabile
1208 5096 1421 5174 dogma
1470 5093 1886 5170 defendentes,
1921 5113 2025 5158 eos

380 5184 662 5262 quierant
683 5181 840 5244 circa
857 5182 1208 5261 religionem
1228 5181 1584 5245 deducimus
1596 5185 1668 5244 ad
1687 5183 2019 5261 veritatem,

377 5272 662 5334 docentes
683 5272 936 5334 adorare
986 5291 1170 5333 unum
1201 5275 1415 5344 Deum,
1450 5273 1552 5352 qui
1585 5281 1674 5335 est
1704 5291 1839 5335 cum
1889 5273 2024 5335 aliis

2113 4558 2401 4638 ἀνθρώπων
2461 4557 2842 4639 ἂφελεστέρους
2927 4560 3170 4624 δπιόντες
3231 4567 3297 4638 τῇ
3343 4568 3448 4619 τῶν
3496 4565 3723 4632 Χριστια-

2112 4651 2216 4705 νῶν
2275 4649 2504 4726 ὑπάγετε
2563 4649 2866 4726 θρησκείᾳ;
2929 4640 2987 4706 Ὀ
3046 4650 3307 4729 μακάριος
3369 4651 3554 4729 ἔφησεν
3616 4640 3720 4729 Ἰω-

2112 4737 2218 4816 σήφ
2253 4753 2267 4769 ⁰
2319 4725 2513 4814 Ἠμετς
2573 4725 2690 4793 οὔτε
2733 4725 3013 4816 γοητεύειν
3072 4725 3207 4796 ούτε⁷
3248 4725 3452 4813 ἀπατᾷν
3498 4725 3715 4812 μεμαθῆ-

2112 4849 2280 4901 καμεν
2320 4843 2334 4858 ⁸
2371 4827 2600 4894 ἀληθοῦς
2645 4825 2699 4883 δὲ
2732 4829 2820 4884 καὶ
2861 4825 3075 4904 βεϐαίου
3119 4831 3500 4908 προϊστάμενοι
3542 4821 3724 4908 δόγμα-

2110 4939 2199 4980 τος
2229 4923 2350 4982 τοὺς
2382 4915 2764 4991 πλανωμένους
2824 4918 2941 4996 περὶ
2998 4918 3060 4972 τὸ
3113 4905 3274 4981 σέϐας
3317 4905 3720 4999 χειραγωγοῧμεν

2109 5009 2238 5085 πρὸς
2299 5007 2394 5074 τὴν
2453 5005 2729 5077 ἀλήθειαν,
2792 5008 2918 5063 Θεὸν
2972 5005 3066 5062 ἕνα
3131 5005 3462 5068 διδάσκοντες
3513 5013 3718 5100 προσκξιο

2109 5110 2223 5153 νεῖν
2279 5095 2545 5163 δεσπότην
2609 5096 2747 5170 μετὰ
2800 5101 2906 5153 τῶν
2951 5093 3131 5154 ἄλλων
3173 5095 3326 5165 ἡλίου
3357 5118 3410 5153 τι
3438 5092 3520 5149 καὶ
3559 5092 3715 5170 πυρός·

2112 5187 2208 5244 Καὶ
2265 5187 2294 5242 δ
2325 5183 2496 5264 μάγος
2529 5164 2690 5264 φηδίν
2723 5199 2737 5215 ⁹
2788 5189 2956 5241 Ποῖον
2985 5181 3039 5240 δὲ
3089 5182 3261 5263 δόγμα
3317 5181 3552 5250 ἀληθείας
3579 5164 3716 5264 ,ἐχόσ

2107 5275 2266 5352 μενόν
2295 5261 2436 5330 ἔστιν
2485 5261 2615 5351 ὅπερ
2659 5276 2686 5329 ὁ
2741 5274 2920 5341 πάσης
2975 5277 3076 5352 γῆς
3133 5261 3430 5351 βασιλεύων
3473 5261 3616 5352 αὐτός
3664 5271 3714 5308 τε

375 5361 556 5423 rebus
590 5361 876 5424 Dominus
907 5360 1050 5423 solis
1080 5371 1138 5422 et
1167 5360 1341 5440 ignis.
1366 5349 1523 5424 Dixit
1553 5380 1688 5424 vero
1716 5381 1966 5442 magnus
1995 5381 2010 5426 :

2140 5367 2187 5421 αὶ
2219 5367 2530 5442 μεγιστᾶνες
2577 5349 2736 5421 αὐτοῦ
2794 5349 3174 5442 πρεσϐεύουσιν
3231 5362 3265 5432 ἢ
3324 5362 3448 5438 ὅπερ
3497 5349 3702 5455 εὐτελξῐς

376 5447 685 5519 Quodnam
706 5459 902 5512 autem
920 5449 1134 5529 dogma
1153 5458 1244 5511 est
1259 5450 1488 5512 veritati
1510 5451 2016 5514 consentaneum?

2140 5456 2188 5512 αὶ
2215 5450 2548 5530 ἠμελημένοι
2579 5451 2695 5509 καθ’
2730 5453 2874 5529 ἡμᾶς
2932 5453 3052 5520 τοὺς
3109 5451 3474 5529 ἠπατημένους
3524 5447 3700 5517 κηρύτ-

374 5536 538 5610 idne,
569 5539 726 5618 quod
749 5557 853 5601 rex
886 5539 1063 5601 totius
1093 5550 1270 5602 terrae
1315 5539 1449 5620 ipse
1485 5549 1544 5602 et
1573 5542 1704 5621 ejus
1731 5559 2014 5624 proceres
2099 5565 2280 5604 τουσιν
2319 5562 2336 5620 ;

375 5624 806 5703 defendunt,an
836 5629 995 5706 quod
1034 5630 1173 5692 viles
1203 5637 1262 5691 et
1281 5629 1499 5710 abjecti
1531 5631 1830 5710 homines,
1864 5631 2016 5696 sicut

373 5733 501 5795 vos,
538 5715 639 5801 qui
661 5717 893 5798 decepti
925 5719 1091 5799 estis,
1123 5719 1450 5802 praedicant
1471 5719 1502 5782 ?
