4048 6136
310 280 429 356 837

1222 276 1641 348 CERTAMEN
1686 276 1746 344 S.
1792 267 2187 342 ACEPSIMAE
2229 269 2328 339 ET
2379 266 2784 337 SOCIORUM.

3567 267 3684 332 838

391 419 501 494 gl.
565 415 812 479 εδτελεγς
869 411 967 489 μὲν
1029 414 1217 492 ἡμεῖς,
1279 414 1307 469 6
1364 418 1454 470 τοῦ
1510 416 1739 489 Χριστοῦ
1798 411 2008 489 laps-qu

2122 409 2218 471 VI.
2256 410 2424 474 Viles
2444 408 2683 490 quidem
2706 414 2764 470 et
2785 401 3003 487 abjecti
3025 400 3301 494 homines
3326 421 3532 494 sumus
3548 420 3677 494 nos,

310 489 657 588 ἀπεκρίνατο,
689 514 842 563 τοῦτο
899 506 998 570 τῆς
1056 489 1274 568 ἐντολῆς
1336 506 1560 580 Χριστοῦ
1613 498 1956 566 κελευούσης’

2054 500 2347 578 respondit
2393 489 2612 562 Christi
2661 495 3131 588 sacerdos,__hoc_
3163 491 3413 573 jubente
3468 489 3686 588 βίη-ἰεῦ

311 598 429 654 ἐπεὶ
460 585 584 653 νοῦκ
642 595 696 651 ἐν
754 591 967 663 πλούτῳ
1021 592 1108 646 καὶ
1176 587 1515 666 ὑπερηφανίᾳ
1581 585 1864 656 εὐδόκησεν
1934 591 1961 643 6

312 688 444 747 Θεὸς
501 685 657 758 ἡμῶν
713 680 832 738 ὁδον
893 679 1165 758 ἀνθρώπου
1224 679 1640 735 κατευθύνεσθαι’
1703 675 1787 733 διὰ
1834 683 1961 734 τοῦ-

308 797 374 831 το
422 775 510 830 καὶ
560 770 821 833 πολλάκις
870 775 995 846 γοῦν
1054 768 1264 831 ἑκόντες
1321 768 1535 830 ἑαυτοὺς
1589 768 1964 842 τὰπεινοῦμεν,

307 864 378 920 τὰ
448 862 573 917 ὄντα
648 858 848 925 πένησι
934 857 1272 936 προϊέμενοι,
1345 855 1572 913 πλοῦτον
1659 852 1966 917 ἀντιλαϐεῖν

310 953 526 1008 αἰώνιον
584 948 932 1026 ἐκδεχόμενοι
983 947 1071 1001 καὶ
1142 943 1295 1010 δόξαι
1366 945 1466 1012 την
1537 943 1787 1001 οὒδέποτε
1846 942 1966 1000 δια-

311 1041 637 1100 πίπτουσαν,
671 1037 743 1092 Σὺ
775 1034 830 1091 δὲ
883 1037 912 1090 6
968 1033 1054 1090 ἐπὶ
1109 1033 1323 1107 πλούτῳ
1371 1036 1685 1113 προσκαίρῳ
1739 1035 1826 1089 καὶ
1856 1055 1964 1108 μα·-

312 1131 438 1201 ταίᾳ
465 1125 589 1204 δόξῃ
624 1126 687 1184 τὰ
746 1122 955 1201 μεγάλα
1013 1128 1190 1202 φυσῶν
1252 1125 1324 1187 ὡς
1382 1123 1583 1186 καπνὸς
1642 1120 1964 1204 παρελεύσῃ,

315 1218 413 1275 καὶ
435 1219 508 1276 ὡς
541 1202 678 1296 iw};
708 1213 811 1271 ὑπὸ
866 1212 1164 1287 πνεύματος
1204 1209 1598 1290 ,ἐκφυσοηϐήσῃ⁸
1661 1202 1718 1269 Ὀ
1773 1211 1966 1289 μάγος,

318 1305 537 1380 Ὑμεῖς,
608 1305 787 1378 εἶπεν,
861 1302 1002 1375 δκνῳ
1075 1298 1410 1375 δουλούμενοι
1470 1300 1655 1378 ἀργίαν
1725 1321 1783 1355 τε
1853 1299 1972 1377 περὶ

319 1393 566 1458 πλείονος
620 1392 777 1473 ἔργου
847 1391 1150 1465 ποιούμενοι
1225 1388 1573 1468 περιέρχεσθε
1639 1388 1732 1450 τὰς
1805 1388 1970 1452 οἰκίας

320 1484 614 1563 προσαῖταί
645 1501 780 1545 τινες
834 1477 1002 1536 ἄθλιοι
1050 1480 1138 1535 καὶ
1187 1479 1344 1558 χερσὶ
1392 1477 1750 1557 προσέχοντες
1798 1475 1967 1533 ἀλλο-

320 1574 515 1650 τρίαις.
547 1570 666 1650 Ἐφ’
696 1573 741 1645 ᾧ
770 1569 825 1625 δὲ
874 1568 1046 1647 ἐρχῆν
1100 1568 1540 1647 ἐπαισχύνεσθαι,
1604 1567 1777 1640 τούτῳ
1825 1565 1969 1640 μᾶλ-

320 1661 418 1718 λον
446 1663 603 1736 ὑμεῖς
636 1660 993 1738 ἐγκαυχᾶσθε·
1028 1660 1054 1712 6
1102 1658 1203 1735 γὰρ
1261 1656 1490 1718 πλοῦτος
1547 1661 1708 1712 πᾶσιν
1764 1655 1968 1735 ἀνθρώ-

320 1772 445 1815 ποις
471 1748 758 1827 ἒπέραστός
789 1768 845 1803 τε
887 1745 1069 1809 δεινῶς
1131 1747 1219 1801 καὶ
1270 1742 1736 1823 ἀξιὸσπούδαστος,
1787 1744 1847 1801 οὗ
1892 1745 1971 1810 τίς

2047 598 2362 669 praecepto,
2398 588 2674 669 quoniam
2709 604 2827 646 non
2854 584 2916 645 in
2943 583 3169 645 divitiis
3200 590 3263 645 et
3290 580 3573 662 superbia
3592 580 3686 642 vi-

2045 695 2175 737 sum
2207 686 2296 738 est
2326 678 2448 739 Deo
2478 683 2682 737 nostro
2715 673 2866 735 viam
2893 671 3151 734 hominis
3173 669 3527 750 dirigere.Et
3551 669 3687 731 ideo

2047 785 2155 827 nos
2186 784 2340 848 saepe
2373 772 2569 827 nostra
2598 772 2809 845 sponte
2842 781 2949 825 nos
2981 761 3236 824 humiles
3270 757 3688 848 reddimus,i‘a-

2049 847 2293 918 cultates
2327 862 2560 918 nostras
2585 852 2968 934 prodigentes
3021 850 3407 934 pauperibus,
3468 868 3576 930 pro
3616 847 3688 910 iis

2051 963 2159 1006 nos
2188 954 2546 1025 accepturus
2573 952 2824 1005 aeternas
2844 948 3249 1022 exspectantes
3265 940 3516 1002 divitias.
3544 937 3689 1000 Nam

2052 1033 2191 1095 siin
2221 1032 2652 1114 congregandis
2707 1031 2927 1093 divitiis
2985 1030 3246 1093 studium
3303 1046 3685 1110 poneremus,

2055 1131 2281 1185 tantum
2313 1140 2382 1184 ex
2417 1121 2636 1184 nostris
2667 1121 2940 1183 manibus
2984 1118 3282 1182 commodi
3313 1119 3688 1199 percepisse-

2053 1229 2209 1288 mus,
2244 1219 2301 1272 et
2331 1219 2518 1272 tantas
2565 1227 2707 1290 opes
2755 1208 3225 1288 collegissemus,
3281 1216 3526 1288 quantas
3579 1223 3692 1268 nec

2054 1298 2158 1361 tibi
2187 1299 2426 1380 quidem
2459 1300 2619 1374 licet,
2659 1299 2757 1380 qui
2790 1315 2891 1360 eas
2921 1296 3152 1375 colligis
3184 1315 3253 1358 ex
3307 1296 3690 1378 pauperibus,

2056 1395 2115 1450 et
2140 1388 2312 1451 metis
2342 1388 2569 1451 alienos
2601 1387 2856 1450 labores.
2894 1386 3014 1448 Nos
3038 1388 3194 1449 enim
3229 1385 3485 1467 propriis
3509 1384 3692 1447 mani-

2051 1476 2163 1540 bus
2192 1475 2554 1558 laborantes,
2578 1476 2740 1556 juste
2772 1475 3035 1557 quaesitis
3070 1492 3361 1555 pauperes
3416 1474 3689 1554 imperti-

2053 1583 2205 1627 mus.
2240 1564 2360 1628 Vos
2393 1572 2589 1627 autem
2623 1565 2732 1627 soli
2762 1564 3022 1627 avaritiae
3050 1564 3232 1626 dediti
3279 1572 3339 1626 et
3383 1563 3551 1645 plura
3583 1563 3696 1624 ba-

2053 1653 2237 1717 bendi
2267 1654 2600 1735 cupiditati,
2634 1673 2752 1717 non
2784 1656 2972 1716 solum
3004 1654 3149 1716 nihil
3183 1654 3295 1735 ipsi
3339 1651 3693 1735 operamini,

2057 1744 2161 1806 sed
2193 1754 2477 1825 praeterea
2508 1745 2681 1806 etiam
2713 1744 2963 1808 aufertis
2987 1743 3201 1805 aliena.
3236 1741 3526 1816 Quoniam
3558 1759 3696 1804 vero

317 1841 449 1914 ὑμῖν
480 1837 750 1895 πιστεύσει
781 1836 859 1910 μὴ
890 1834 1011 1912 ὲρᾷν
1044 1853 1062 1906 ;
1122 1832 1183 1891 ’0
1245 1832 1530 1913 μακάριος,
1585 1831 1826 1913 Ἐπειδὴ,
1860 1838 1972 1911 φῖλ-
2000 1831 2008 1843 “

2057 1852 2165 1895 nos
2197 1852 2435 1915 quoque
2465 1833 2616 1896 dicis
2645 1852 2846 1896 amare
2869 1833 3108 1895 divitias
3134 1854 3147 1896 :
3185 1831 3580 1914 quodnamin
3612 1831 3696 1893 eis

321 1930 424 2003 σὶν,
480 1926 666 2005 ἀργίαν
722 1927 861 1999 ἡμῖν
918 1921 1216 1995 ὠνείδισας,
1271 1923 1361 1978 καὶ
1413 1922 1701 1999 προσαίτας
1778 1921 1971 1980 ἐκάλε-

2056 1922 2277 1984 bonum
2305 1924 2509 1985 inesse
2539 1923 3102 1998 animadvertentes,
3135 1940 3241 1984 nos
3263 1921 3334 1983 ad
3363 1940 3463 1984 eas
3480 1939 3700 2002 paran-

319 2039 444 2085 σας,
506 2016 716 2094 ἐρωτῶν
771 2014 1000 2087 μάνθανε
1058 2008 1201 2090 παρᾶ
1270 2018 1376 2067 τῶν
1431 2009 1643 2067 εἰδότων
1712 2012 1784 2076 ὡς
1855 2010 1971 2089 εἴγε

2055 2011 2160 2074 das
2189 2012 2586 2092 deﬁgeremus
2608 2016 2636 2072 ?
2664 2013 2793 2073 Non
2825 2022 2962 2074 sunt
3009 2031 3095 2074 eae
3136 2011 3393 2092 fugitiva:
3439 2019 3499 2073 et
3529 2009 3701 2071 valde

322 2106 549 2163 πλοῦτον
578 2103 819 2161 ἀθλοῖσαι
853 2101 938 2158 διὰ
968 2098 1201 2168 σπουδῆς
1230 2102 1369 2174 ἡμῖν
1441 2100 1653 2179 γέγονε,
1718 2106 1970 2158 τοσοῦτον

2054 2099 2374 2164 inﬁdeles?
2404 2102 2535 2163 Non
2569 2101 2748 2163 hodie
2794 2101 3035 2182 quidem
3090 2101 3227 2162 huic
3275 2101 3510 2173 adsunt,
3570 2117 3702 2162 cras

319 2196 385 2251 ἂν
443 2198 552 2251 τῶν
610 2193 884 2271 ἡμετέρων
946 2190 1270 2265 ἂπωνάμεθα
1329 2194 1529 2268 χειρῶν
1570 2188 1690 2252 ὅσος
1749 2188 1864 2246 οὒδὲ
1895 2212 1975 2246 σοι

2064 2207 2199 2251 vero
2221 2190 2562 2270 migrantad
2583 2189 2985 2271 alium,priori
3002 2189 3248 2252 domino
3266 2187 3704 2270 quodammodo

332 2283 531 2364 σχεδὸν
591 2282 872 2357 πρόσεστιν
928 2282 1034 2336 ἀπὸ
1069 2285 1176 2336 τῶν
1238 2280 1486 2348 πενήτων
1536 2279 1693 2334 αὐτὸν
1748 2277 1975 2356 ἐρανιζο-

2058 2279 2392 2358 abnegato?
2442 2278 2571 2341 Non
2626 2296 2901 2356 magnam
2956 2277 3017 2339 in
3072 2298 3232 2353 eum,
3285 2279 3386 2358 qui
3416 2277 3704 2358 possidet,

329 2374 498 2449 μένῷ,
556 2372 750 2434 πόνους
806 2389 865 2426 τε
933 2368 1237 2446 ἀλλοτρίους
1310 2366 1708 2442 καλαμωμένῷ.
1784 2366 1976 2442 Ἡμεῖς

2060 2371 2358 2429 concitant
2385 2366 2717 2430 invidiam?
2744 2366 2873 2430 Non
2906 2386 2989 2430 ea;
3011 2366 3245 2429 labores
3259 2376 3316 2428 et
3335 2368 3488 2429 bella
3500 2374 3705 2446 aperte

332 2462 431 2538 μὲν
489 2461 587 2538 γὰρ
642 2457 794 2522 ἰδίαις
853 2460 1005 2539 χερσὶ
1063 2457 1403 2531 πονούμενοι,
1461 2462 1727 2535 παρισμοῦ
1779 2454 1978 2514 δικαίου

2058 2456 2570 2520 architectantur?
2596 2455 2724 2518 Non
2754 2456 3046 2519 latronum
3081 2466 3138 2519 et
3165 2458 3360 2517 turum
3400 2457 3703 2517 attrahunt

331 2556 683 2622 κοινωνοῦμεν
764 2560 882 2613 τοῖς
969 2544 1258 2622 δεομένοιςο
1335 2547 1492 2621 ὑμεῖς
1568 2544 1623 2600 δὲ
1707 2544 1979 2619 πλεονεξίᾳ

329 2641 700 2717 προσκείμενοι
757 2638 818 2693 οὒ
870 2637 1033 2712 μόνον
1088 2633 1194 2694 οὔδ’
1254 2636 1428 2692 ὁτιοῦν
1482 2636 1627 2691 αὐτοὶ
1674 2636 1973 2712 ἑργάζεσθε,

330 2727 467 2785 ἀλλὰ
499 2729 946 2807 προσαφαιρεῖσθε
976 2728 1064 2782 καὶ
1095 2725 1163 2781 τὰ
1216 2721 1491 2802 ἀλλότρια.
1555 2723 1676 2781 ’Ὁτι
1726 2723 1779 2780 δὲ
1835 2726 1979 2800 ἡμᾶς

333 2816 568 2875 πλούτου
615 2814 749 2894 ἔφης
789 2814 934 2895 ἑρᾷν,
993 2814 1044 2869 τί
1099 2814 1161 2869 τὸ
1219 2814 1414 2887 προσὸν
1472 2812 1654 2885 ἐκείνῳ
1711 2815 1979 2883 κατανοή-

333 2927 522 2969 σαντες
554 2904 771 2982 ἀγαθὸν,
825 2900 1199 2983 προσδεδὲσθαι
1230 2900 1293 2956 ἂν
1346 2905 1489 2976 αὗτῴ
1531 2902 1761 2982 εἴχομεν
1792 2923 1809 2976 ;
1845 2905 1980 2983 Οὗχὶ

332 2993 595 3068 δραπέτης
648 2993 785 3050 ἐστὶν
840 2993 929 3050 καὶ
997 2989 1195 3067 κομιδῆ
1269 2987 1538 3063 ἅπιστοςς
1609 2991 1741 3071 Οὐχὶ
1812 2993 1981 3067 τούτῳ

2061 2546 2267 2608 oculos
2288 2546 2319 2606 ?
2345 2545 2511 2619 Quod
2535 2545 2584 2607 si
2615 2545 2765 2609 dicis
2797 2565 2865 2608 ex
2899 2546 2971 2608 iis
3014 2547 3272 2627 aliquam
3324 2544 3471 2606 oriri
3529 2543 3701 2606 volu-
3746 2560 3766 2570 ‘

2061 2644 2305 2717 ptatem,
2339 2645 2438 2698 aut
2465 2635 2741 2717 gloriam,
2774 2654 3050 2715 magnum
3076 2635 3217 2717 quid
3249 2650 3384 2697 esse
3413 2641 3655 2713 reputas
3675 2637 3705 2695 ’ἲ

2062 2725 2341 2805 quidnam
2376 2743 2445 2786 ea
2474 2724 2708 2787 diﬂ‘eret
2755 2743 2790 2786 a
2833 2724 3084 2786 somniis
3121 2732 3181 2786 et
3217 2721 3493 2786 umbris?
3522 2724 3708 2785 Parva

2062 2813 2256 2875 affecit
2284 2814 2585 2893 voluptate
2620 2834 2636 2891 ;
2664 2814 2885 2877 deinde
2916 2832 3051 2876 cum
3084 2812 3414 2875 adventarit
3434 2828 3702 2892 vespera,

2064 2904 2355 2967 exstincta
2387 2912 2475 2967 est
2507 2913 2564 2967 et
2593 2905 2833 2967 redacta
2862 2904 2923 2965 in
2944 2904 3220 2967 nihilum.
3255 2901 3417 2976 Quod
3451 2902 3500 2963 si
3530 2900 3707 2963 etiam

2062 2993 2125 3055 in
2156 2994 2433 3076 praesenti
2464 2994 2578 3056 vita
2611 3011 2817 3075 parum
2839 2996 3146 3069 manserit,
3172 3011 3331 3055 mors
3359 3002 3557 3054 tamen
3580 2992 3706 3072 jam

330 3083 427 3159 μὲν
480 3081 733 3161 πρόσεστι
786 3103 899 3158 νυν,
959 3081 1134 3154 α’δριον
1195 3076 1252 3134 δὲ
1305 3080 1438 3158 πρὸς
1495 3077 1658 3136 ἄλλον
1688 3088 2008 3162 μεταῳοιτῂ

2063 3081 2407 3161 adveniens,
2442 3102 2571 3145 eam
2604 3101 2840 3166 quoque
2873 3083 3051 3145 habet
3097 3081 3275 3144 simul
3331 3082 3653 3144 abeuntem
3690 3097 3707 3156 ;

332 3174 424 3229 τὸν
481 3172 585 3249 πρὸ
643 3180 740 3229 τοῦ
796 3168 1060 3236 δεσπότην
1116 3168 1295 3247 ὥσπερ
1365 3166 1835 3251 ἓξαρνησάμενοςς
1908 3172 1980 3229 Οὔ

2063 3171 2281 3235 acerba
2311 3180 2513 3235 autem
2545 3173 2836 3255 supplicia
2866 3191 3029 3255 eum,
3087 3172 3190 3253 qui
3217 3190 3282 3235 se
3334 3171 3432 3234 hic
3483 3167 3712 3233 dedidit

327 3261 507 3319 πόνων
568 3258 720 3323 οὗτος
750 3260 838 3316 καὶ
894 3257 1144 3333 πολέμων
1175 3255 1490 3337 δημιουργὸς
1523 3257 1760 3339 ἄντικρυς
1799 3279 1816 3337 ς
1846 3254 1983 3342 Οὐχὶ

2064 3261 2485 3343 voluptatibus,
2525 3254 2815 3325 tenebunt
2843 3254 3151 3345 perpetuo.

328 3352 544 3430 λῃστῶν
597 3350 965 3446 καὲᾔκλεπτῷν
1010 3350 1284 3446 ἄφελκε-ται
1344 3348 1639 3446 ὀφθαλμοὺς
1674 3371 1690 3429 ;
1755 3354 1814 3410 Εἰ
1870 3352 1925 3409 δὲ
1954 3354 2054 3424 τήν
2109 3356 2168 3413 ἐκ
2223 3357 2408 3415 τούτου
2460 3358 2535 3436 φὴ
2605 3357 2641 3426 ἦ
2671 3355 2887 3437 δόξανῇ
2932 3361 3072 3437 μέγα
3102 3378 3151 3413 τι
3187 3355 3284 3423 τὴν
3316 3354 3465 3421 δόξαν
3495 3352 3711 3446 λογίζῃ,

330 3446 384 3502 τί
438 3451 545 3502 τῶν
596 3444 808 3524 ὀνείρων
869 3443 1004 3511 αὕτη
1075 3442 1302 3524 διαφέρει
1357 3444 1445 3501 καὶ
1492 3446 1598 3503 τῶν
1657 3464 1873 3520 σκιων;
1942 3446 2147 3527 Ὀλίγον
2220 3448 2490 3530 εὔφρανεν,
2552 3449 2656 3508 εἶθ’
2730 3450 2956 3529 ἑσπέρας
3010 3447 3441 3524 καταλαϐούσης,
3502 3442 3710 3515 ἀπέσϐη

329 3541 419 3598 καὶ
480 3541 609 3618 πρὸς
666 3540 728 3594 τὸ
791 3539 868 3613 μὴ
927 3538 989 3593 ὃν
1050 3536 1251 3616 ᾤχετο,
1316 3538 1375 3594 Ei.
1418 3535 1473 3593 δὲ
1528 3539 1614 3595 καὶ
1683 3541 1868 3619 μικρόν
1925 3564 1975 3598 τι
2032 3548 2110 3616 τῷ
2164 3546 2382 3622 παρόντι
2440 3545 2539 3621 βίῳ
2587 3546 3030 3624 συμπαραμείνοι,
3078 3541 3197 3602 ἀλλ’
3248 3545 3276 3599 ὁ
3331 3543 3553 3604 Θάνατος
3607 3537 3712 3606 ἤδη

328 3629 647 3690 καταλαϐὼν
699 3632 789 3688 καὶ
840 3634 1003 3699 αὐτὴν
1060 3629 1178 3712 ἔχει
1236 3637 1608 3689 συναπιοῦσαν³
1676 3636 1859 3710 πικραὶ
1917 3631 1972 3690 δὲ
2034 3634 2280 3702 κολάσεις
2336 3639 2427 3695 τὸν
2470 3637 2688 3699 ἐνταῦθα
2744 3651 2866 3700 ταῖς
2919 3635 3140 3703 ἡδοναῖς
3200 3636 3389 3715 εφέντα
3445 3632 3529 3690 διὰ
3571 3654 3711 3691 παν-

330 3727 420 3791 τὸς
450 3723 680 3791 ἕξουσιν,

414 3813 494 3877 Ζ’,
550 3811 701 3872 Οὕτω
756 3810 1056 3892 λεγομένων
1113 3812 1352 3893 ἐγκόψας
1425 3816 1451 3871 6
1523 3814 1712 3894 μάγος,
1786 3814 1981 3879 Ἐάσας

2145 3817 2270 3883 VII.
2306 3818 2449 3883 Haec
2479 3838 2615 3884 cum
2647 3820 2734 3882 sic
2768 3820 3133 3895 dicerentur,
3162 3816 3548 3899 interpellans
3579 3832 3706 3877 ma-

329 3904 455 3968 τούς
485 3904 703 3982 μικροὺς
762 3901 980 3982 λήρους,
1041 3905 1224 3985 φησὶν,
1276 3909 1353 3977 τῷ
1382 3904 1617 3983 μεγίστῳ
1655 3907 1771 3979 Θεῷ
1817 3902 1984 3980 Ἠλίῳ

2061 3927 2203 3988 gus:
2238 3909 2375 3987 Has,
2410 3912 2623 3992 inquit,
2657 3910 2910 3992 prolixas
2942 3912 3179 3972 mittens
3207 3927 3416 3989 nugas,
3453 3907 3709 3969 maximo

330 3994 420 4050 καὶ
476 3998 554 4067 τῷ
611 3991 891 4073 φανοτάτῳ
949 3994 1068 4071 πυρὶ
1123 3993 1219 4061 τὴν
1266 3995 1622 4071 προσκύνησιν
1682 3995 1755 4058 ὡς
1832 3993 1981 4071 θέμις

2064 3998 2178 4061 deo
2208 4001 2320 4060 soli
2351 4008 2410 4062 et
2438 3991 2561 4080 igni
2580 3991 2830 4078 cultum,
2863 4008 2926 4062 ut
2953 4017 3058 4081 par
3081 4010 3191 4075 est,
3209 3998 3444 4061 exhibe.
3470 3996 3560 4059 Ad
3583 3996 3711 4058 haae

330 4082 556 4148 ἀπόδος.
639 4085 778 4165 Πρὸς
829 4083 995 4141 ταῦτα
1026 4085 1115 4153 Μὴ
1173 4083 1381 4154 πλανῶ,
1415 4086 1572 4143 εἶπεν
1602 4088 1629 4142 6
1676 4108 1980 4162 προσκυνη-

2064 4086 2209 4150 dixit
2233 4089 2451 4152 Christi
2478 4090 2795 4153 adorator:
2853 4089 2939 4153 Ne
2970 4106 3156 4169 erres,
3209 4106 3404 4170 neque
3454 4095 3622 4167 putes
3652 4093 3709 4147 te

327 4173 431 4242 τὴς
482 4180 576 4231 τοῦ
634 4175 881 4253 Χριστοῦ,
941 4172 1081 4249 μηδὲ
1137 4181 1289 4232 τοῦτο
1346 4173 1463 4233 οἵου
1518 4175 1802 4235 θεάσασθαί
1851 4197 1981 4233 ποτε

2064 4176 2178 4238 hoc
2198 4195 2458 4258 unquam
2477 4178 2592 4241 tuis
2615 4197 2746 4241 esse
2771 4178 3315 4259 centemplaturum
3335 4176 3559 4238 oculis:
3588 4191 3709 4252 me,

326 4273 452 4326 τοῖς
505 4273 626 4325 σοῖς
693 4260 988 4343 ὀφθαλμοῖς
1045 4260 1406 4321 καταλιπόντα
1464 4285 1533 4340 με
1589 4265 1682 4321 τὸν
1751 4264 1982 4333 ποιητὴν

2062 4265 2330 4347 inquam,
2362 4268 2571 4331 relicto
2605 4269 2882 4330 eﬂ‘ectore
2907 4268 3052 4329 solis
3070 4281 3129 4329 et
3152 4266 3326 4346 ignis,
3348 4264 3508 4327 illius
3530 4280 3713 4345 opera

335 4349 488 4418 ἡλίου
541 4351 628 4407 καὶ
685 4357 777 4408 τοῦ
827 4352 989 4428 πυρὸς
1047 4364 1166 4416 τοῖς
1211 4351 1408 4412 ἐκείνου
1447 4354 1714 4429 ποιήμασι
1744 4376 1981 4432 προσκυο

2061 4355 2333 4433 adorare,
2400 4366 2458 4419 et
2512 4357 2663 4420 adeo
2717 4374 3053 4439 repugnare
3085 4359 3235 4418 meis
3283 4353 3479 4416 verbis
3509 4362 3570 4416 et
3598 4352 3711 4414 do-

329 4444 491 4508 νῆσαι
522 4452 639 4503 τοῖς
670 4461 729 4497 τε
779 4439 960 4518 λόγοις
989 4442 1076 4497 καὶ
1106 4446 1174 4517 τῇ
1230 4441 1462 4517 ἐμαυτοῦ
1517 4440 1716 4522 διδαχῇ
1746 4443 1982 4501 ἀπεναν-

2065 4444 2292 4508 οῑτίηεε.
2347 4447 2814 4510 Crudelissimus
2874 4455 3075 4509 autem
3119 4462 3347 4524 magus,
3403 4451 3710 4525 postquam

327 4527 451 4595 τίας
484 4527 620 4586 οὕτω
646 4528 953 4607 γινόμενον,
986 4526 1047 4587 Ὀ
1108 4526 1163 4585 δὲ
1211 4529 1376 4595 πολὺς
1425 4531 1522 4599 τὴν
1550 4531 1840 4607 ὼσμότητα
1870 4533 1981 4607 μά-

2068 4535 2291 4596 audivit
2321 4536 2447 4598 haec
2476 4537 2679 4617 verba,
2713 4537 2800 4599 ira
2823 4553 3134 4611 accensus,
3156 4533 3329 4615 jubet
3356 4534 3555 4598 statim
3574 4550 3714 4617 eum

330 4640 457 4697 γος,
518 4616 630 4673 ἐπεὶ
687 4617 888 4674 τούτων
942 4614 1138 4684 ἤκουσε
1199 4619 1303 4675 τῶν
1377 4619 1622 4697 ῥημάων,
1692 4617 1984 4686 διακαυθεὶς

2070 4633 2377 4686 extensum
2408 4625 2638 4688 verbari
2664 4614 2850 4704 virgis
2903 4625 3043 4687 mali
3075 4614 3326 4706 punicae,
3361 4623 3535 4704 cujus
3563 4616 3716 4684 rami

329 4713 415 4780 τῷ
481 4709 631 4781 θ’)μῷ
699 4704 903 4763 κελεύει
988 4712 1325 4787 παραχρῆμα
1404 4707 1711 4766 διαταθέντα
1778 4708 1985 4786 ῥάϐδοις

2072 4721 2239 4774 erant
2272 4712 2526 4794 spinosi.
2550 4713 2693 4776 Cum
2730 4733 2866 4776 vero
2899 4704 3098 4776 sacras
3127 4713 3258 4776 illas
3294 4731 3502 4775 carnes
3532 4711 3718 4773 lania-

328 4796 471 4875 ῥοῶν
513 4797 769 4884 ᾼθαμινοτς
830 4794 972 4865 ὄζοις
1029 4781 1427 4884 ἠκανθωμὲναις
1508 4797 1664 4854 αὐτὸν
1733 4781 1986 4874 μαστίζε-

2068 4811 2202 4864 rent
2230 4781 2334 4864 lilii
2357 4805 2477 4864 inte
2489 4803 2637 4865 ritus
2664 4823 2676 4866 :
2698 4804 2820 4884 Ago
2836 4802 3189 4882 tibigratias,
3214 4801 3449 4864 dicebat
3469 4801 3717 4878 athleta,

329 4887 479 4973 σθαι.
511 4881 605 4949 Ὠς
633 4880 686 4939 δὲ
716 4883 826 4973 τὰς,
865 4884 1004 4963 ἱερὰς
1059 4882 1262 4973 ἐκείνας
1319 4886 1517 4965 σάρκας
1578 4887 1624 4943 οἱ
1688 4891 1776 4954 τῆς
1826 4887 1982 4945 ἆπω-

2066 4890 2127 4952 in
2159 4891 2373 4953 coelum
2398 4893 2728 4954 extendens
2754 4880 2991 4973 oculos,
3024 4891 3183 4972 quod
3215 4891 3488 4970 dignatus
3516 4890 3597 4951 sis
3621 4908 3716 4950 me

327 4972 479 5040 λείας
530 4974 628 5029 υἱοῖ
673 4971 999 5049 κατέξαινον,
1060 4972 1378 5054 Εὒχαριστῶ
1408 4997 1513 5053 σοι,
1548 4975 1704 5032 εἶπεν
1736 4978 1763 5033 6
1811 4976 1983 5046 ἀθλη-

2066 4996 2197 5040 meo
2217 4978 2506 5059 sanguine
2527 4971 3263 5061 tinctum,peccatirsordes
3285 4996 3431 5058 pure
3444 4977 3713 5042 abluere.

325 5063 457 5145 τὴς,
489 5064 563 5125 είς
622 5062 837 5142 ούρανόν
891 5061 1165 5128 ἀνατείνας
1214 5064 1338 5129 τοὺς
1393 5064 1721 5143 ὀφθαλμοὺς,
1780 5066 1863 5125 ὅτι
1915 5090 1982 5144 με

2066 5066 2330 5129 Lictores
2350 5076 2544 5131 autem
2577 5079 2820 5151 propter
2847 5086 2937 5153 ea,
2967 5086 3099 5149 quas
3128 5066 3381 5142 dixerat,
3421 5067 3484 5129 in
3515 5068 3711 5148 ipsum

323 5155 409 5224 τῷ
463 5151 579 5228 ἐμῷ
630 5147 961 5218 κατηξίωσας
1033 5148 1227 5223 αἵματι
1297 5153 1649 5229 βαπτισθέντα
1728 5157 1812 5214 τὸν
1882 5162 1980 5225 τῆς

2067 5158 2253 5235 magis
2282 5158 2370 5220 ira
2394 5147 2629 5239 repleti,
2670 5147 2793 5222 tum
2827 5147 3014 5240 plagis
3061 5158 3143 5218 ita
3170 5147 3617 5233 consciderunt,
3650 5165 3714 5218 ut

323 5242 589 5328 ἁμαρτίας
638 5239 807 5328 ρύπον
859 5242 1097 5318 καθαρῶς
1153 5238 1566 5328 ἁπολούσασθαι.
1640 5248 1699 5303 Oi
1758 5243 1813 5302 δὲ
1877 5243 1980 5317 δή-

2063 5264 2172 5308 vox
2200 5264 2436 5327 quoque
2452 5238 2506 5308 ei
2532 5238 3088 5328 interrumperetur.
3108 5245 3337 5310 Deinde
3360 5244 3587 5308 duabus
3609 5263 3716 5307 ca-

323 5332 440 5410 μίοι
471 5325 554 5409 ἐφ’
578 5327 676 5417 ,οἷς
705 5327 921 5408 εἴρηκεν
950 5329 1114 5408 ὀργῆς
1155 5327 1362 5405 μᾶλλον
1419 5329 1505 5388 ἐπ’
1559 5334 1700 5409 αὖτῷ
1753 5333 1981 5413 πληρω-

2068 5325 2233 5398 tenis
2252 5325 2710 5413 circumdatum,
2747 5325 3058 5399 includunt
3088 5336 3149 5398 in
3183 5353 3451 5417 carcere,
3476 5345 3534 5397 et
3561 5334 3700 5417 pul-

326 5420 507 5484 θιντες
540 5416 678 5475 οὕτω
726 5417 1031 5494 κατέκοψαν
1087 5430 1210 5484 ταῖς
1256 5419 1499 5498 πληγαῖς
1552 5423 1627 5487 ὡς
1688 5422 1983 5493 ἐκκοπῆναι

2066 5426 2278 5488 chrum
2309 5424 2400 5487 vel
2424 5426 2593 5489 inviti
2613 5427 2889 5490 solatium
2915 5426 3124 5490 dantes
3145 5416 3711 5508 Acepsimam.lllic

333 5512 507 5584 τούτῳ
536 5508 624 5564 καὶ
655 5506 754 5574 τὴν
801 5509 1006 5580 φωνήν.
1072 5508 1210 5566 Εἶτα
1259 5506 1372 5566 δυσὶ
1421 5508 1793 5590 περιϐαλόντες
1850 5513 1985 5571 ἁλύ-

2068 5512 2227 5577 enim
2258 5512 2451 5577 fuerat
2480 5515 2649 5597 prius
2677 5516 2966 5581 inclusus.

339 5624 457 5663 σισι
535 5599 888 5680 δεσμωτηρίῷ
943 5601 1314 5695 κατακλείουσι
1369 5602 1534 5662 καλὸν
1603 5607 1745 5687 αὐτῷ
1801 5608 1889 5667 καὶ
1971 5607 2189 5679 ἥκοντες
2262 5612 2592 5695 παραμὺθιον
2662 5613 2753 5671 τὸν
2817 5616 2960 5673 θεῖον
3021 5612 3309 5685 δεδωκότες
3391 5611 3712 5694 Ἀκεψιμᾶν.

350 5696 470 5757 ἐκεῖ
496 5698 596 5780 γὰρ
624 5694 789 5779 ἴτυχε
818 5693 1345 5776 ωροκατακλεισθείςο
