4022 6146
428 243 550 313 839
1640 251 2016 316 ADDENDA.

2159 283 2166 297 ι
2229 246 2553 316 APRILIS.
3651 245 3747 320 840

510 384 660 448 VIII.
692 387 776 450 Ad
802 387 1206 452 venerandum
1227 393 1421 448 autem
1437 384 1732 465 aspiciens
1749 384 2070 453 Aiithalam
2096 441 2098 447 λ

2239 392 2333 453 Η’,
2369 392 2504 468 Πρὸς
2538 388 2593 447 δὲ
2622 391 2714 446 τὸν
2763 386 3076 464 τιμιώτατον
3134 387 3434 466 ἀποϐλέψας
3481 389 3743 473 Ἀειθαλᾶν,

425 475 631 553 judex,
665 478 765 557 qui
798 488 926 540 erat
951 480 1150 541 animo
1179 474 1573 555 implacabilis
1602 497 1614 531 :
1645 474 1733 536 Tu
1767 495 1904 540 vero
1930 500 2005 560 qn

2159 485 2186 538 ὁ
2244 482 2341 549 τὴν
2398 481 2583 560 ψυχὴν
2642 479 2946 554 ἀμείλικτος
3008 477 3261 549 δικαστής
3297 499 3309 515 ·
3359 481 3427 535 Σὺ
3479 480 3526 536 τί
3577 479 3743 557 λέγεις,

428 564 796 646 dicis,inquit
820 567 843 628 ?
865 567 1230 648 Implebisne
1253 566 1487 644 jussum
1517 563 1693 643 regis,
1722 567 2016 630 etadorab

2161 572 2286 652 ἔφη,
2351 570 2578 648 πληροῖς
2626 571 2687 626 τὸ
2730 576 2820 625 τοῦ
2851 568 3114 644 βασιλέως
3147 568 3478 647 πρόσταγμα,
3509 570 3587 624 καὶ
3613 592 3749 646 προσ·

431 655 750 716 maximnm
787 659 994 733 solem,
1029 662 1090 720 et
1137 655 1399 734 gustabis
1445 660 1815 733 sanguinem,
1850 667 1907 718 et
1937 679 2011 722 cu

2160 674 2335 724 ιιυνεϊς
2410 665 2475 732 τῷ
2528 659 2762 737 μεγίστῳ
2809 658 2968 733 ἡλίῳ,
3002 659 3283 735 ἀπογεύσει
3342 678 3398 714 τε
3439 657 3650 732 αἵματος
3675 660 3748 714 καὶ

429 743 681 805 muliere
713 745 961 808 habebis
991 743 1505 815 consuetudinem,
1545 744 1972 808 etliberaberis
2001 768 2017 809 ε

2162 751 2362 829 γυναικὶ
2423 748 2635 824 ὁμιλεῖς
2669 750 2756 804 καὶ
2786 748 2882 825 ῥύῃ
2912 754 3015 803 τῶν
3047 747 3427 825 ἐπηρτημένων
3479 769 3556 804 σοι
3607 747 3750 824 ἀναγ-

425 832 499 892 iis
528 851 658 912 quae
683 835 782 895 tibi
809 835 1177 915 impendent,
1201 833 1372 894 malis
1401 855 1412 896 :
1449 852 1520 893 an
1550 834 1666 894 eris
1692 844 1891 910 etiam,
1923 837 2008 898 sic

2161 843 2286 913 κῶν,
2344 839 2378 906 ἢ
2438 839 2525 894 καὶ
2584 840 2737 897 αὐτὸς
2794 838 3033 902 ἀπειθεῖς
3078 850 3194 902 τοϊς
3241 835 3418 900 ἄλλοις
3451 835 3630 910 ὁμοίως
3657 855 3671 909 ;
3701 829 3749 893 (0

423 920 542 992 alii,
620 930 926 984 contumax
990 932 1048 986 et
1109 921 1516 984 inobediens?
1588 924 1809 984 Christi
1871 938 2007 986 aute

2163 928 2210 985 δὲ
2267 936 2359 986 τοῦ
2415 935 2642 1007 Χριστοῦ
2699 928 2897 1004 μάρτυς
2943 925 3242 992 Ἀειθαλιῖιςι
3276 927 3337 981 τὸ
3386 930 3478 991 τῆς
3522 922 3751 987 εὐσεϐείας

421 1017 640 1090 martyr
670 1010 978 1087 lEithalas,
1016 1031 1151 1075 vere
1187 1030 1426 1092 semper
1476 1014 1695 1073 ﬂorens
1728 1021 1784 1073 et
1817 1015 2009 1076 cuelest

2162 1018 2319 1080 ὖ’ντως
2353 1018 2591 1079 ἀειθαλὲς
2624 1019 2781 1095 φυτὸν
2814 1017 2905 1073 καί
2938 1017 3176 1094 οὐράνιον
3238 1014 3409 1092 ἔργον,
3442 1021 3616 1092 Τοῦτο,
3645 1013 3750 1094 ἔφη,

423 1099 620 1178 planta
645 1102 910 1179 pietatis:
941 1101 1105 1182 Tute,
1140 1102 1354 1183 inquit,
1387 1101 1709 1163 immundze
1742 1112 1797 1162 et
1845 1105 2011 1165 canin

2165 1113 2247 1174 τῆς
2304 1109 2403 1175 σῆς
2462 1108 2756 1179 ἀκαθάρτου
2809 1107 2894 1162 καὶ
2949 1104 3209 1168 κυνώδους
3262 1103 3495 1180 ὀρέξεως,
3528 1105 3583 1159 τὸ
3609 1104 3753 1176 αἱμά-

417 1189 798 1268 appetitionis
829 1199 919 1252 est
939 1191 1050 1252 hoc
1079 1210 1318 1271 munus,
1345 1191 1686 1269 sanguinem
1713 1200 1974 1270 gustare,

2165 1219 2258 1253 των
2315 1197 2660 1273 ἀπογεύεσθαι
2692 1196 2781 1250 καὶ
2811 1195 2924 1250 ἀντὶ
2952 1201 3044 1251 τοῦ
3075 1201 3205 1250 Θεοῦ
3254 1194 3318 1248 τὰ
3373 1199 3461 1248 τοῦ
3517 1199 3636 1247 Θεοῦ
3675 1193 3753 1246 σέ-

417 1297 522 1359 pro
554 1279 701 1356 Deo,
736 1301 866 1362 quae
915 1283 1021 1344 Dei
1069 1291 1227 1356 sunt,
1266 1283 1490 1344 colore.
1524 1280 1695 1343 Absit
1745 1297 1967 1357 autem,
2003 1304 2005 1310 ·

2165 1283 2354 1344 ἵεσθαι.
2391 1283 2543 1360 Ἐμοὶ
2576 1282 2628 1338 δὲ
2659 1284 2736 1358 μή
2794 1283 3002 1361 γένοιτο
3052 1282 3304 1362 χαλεπῶς
3349 1280 3484 1336 οὕτω
3536 1279 3753 1360 τυφλώτ-

420 1387 527 1447 ego
569 1369 717 1432 adeo
750 1371 1052 1434 czecutiam
1108 1372 1376 1453 corporis
1430 1381 1489 1434 et
1521 1372 1732 1433 animae
1763 1373 1973 1454 oculis,
2006 1394 2008 1402 ⁴

2164 1397 2259 1430 τειν
2289 1376 2375 1430 καὶ
2407 1375 2527 1436 τοὺς
2558 1381 2650 1430 τοῦ
2681 1373 2930 1448 σώματος
2964 1373 3050 1429 καὶ
3080 1373 3200 1436 τοὺς
3245 1371 3337 1438 τῆς
3383 1371 3562 1449 ψυχῆς
3590 1367 3752 1447 ὀφθαλ-

415 1458 573 1519 hunc
599 1460 802 1521 videns
833 1463 1045 1542 solem,
1080 1462 1152 1522 ad
1186 1480 1318 1523 eum
1356 1480 1542 1542 usque
1599 1462 1945 1542 consistam,

2164 1465 2284 1529 ,τοὺς
2317 1467 2387 1526 ὡς
2423 1466 2608 1542 δρῶντι
2641 1460 2787 1518 τόνδε
2843 1464 2935 1518 τὸν
2987 1460 3140 1528 ἥλιον
3198 1460 3391 1540 μέχρις
3449 1461 3599 1514 αὖτοῦ
3637 1461 3752 1542 στῆτ

417 1549 605 1609 Deum
639 1549 882 1610 omnino
909 1539 1108 1631 putem
1135 1551 1196 1614 id
1226 1551 1381 1631 quod
1407 1539 1739 1630 apparet,et
1763 1570 1878 1612 non
1907 1539 2005 1612 ulti

2167 1577 2261 1629 tat,
2294 1558 2385 1610 καὶ
2421 1539 2550 1610 Θεὸν
2614 1551 2799 1618 ἅπλῶς
2855 1553 3154 1629 ἧγήαασθαι
3201 1552 3260 1606 τὸ
3304 1547 3629 1628 φαινόμενον,
3682 1539 3755 1601 καὶ

413 1637 538 1699 rius
571 1638 918 1717 progredior
945 1640 1275 1702 sinceriore
1336 1640 1508 1701 oculo
1560 1640 1954 1719 cogitationis,

2166 1644 2229 1711 ιὴ
2275 1642 2592 1721 προσωτέρω
2624 1641 2898 1722 χωρῆσαι,
2937 1639 3166 1703 διανοίας
3226 1637 3478 1717 ὀφθαλμῷ
3534 1635 3754 1714 τρανοτέ-

417 1725 605 1788 Deum
643 1730 883 1808 quidem
903 1728 959 1790 id
974 1730 1152 1809 ,quod
1173 1737 1365 1791 movet
1381 1749 1393 1792 :
1411 1747 1535 1791 rem
1552 1747 1687 1790 vero
1703 1734 1960 1793 creatam
1977 1749 2005 1791 r

2167 1755 2245 1806 np,
2309 1734 2404 1788 καὶ
2459 1733 2587 1788 Θεὸν
2633 1731 2729 1806 μὲν
2759 1732 2821 1787 τὸ
2876 1736 3078 1802 κινοῦν,
3135 1739 3330 1801 κτίσμα
3374 1725 3428 1782 δὲ
3483 1724 3755 1801 λογίσασθαι

411 1825 612 1896 putem
647 1816 728 1898 id,
798 1818 953 1897 quod
989 1827 1278 1880 movetur.
1336 1818 1396 1880 Si
1450 1827 1646 1879 autem
1682 1820 1819 1880 mihi
1852 1819 1940 1880 sic
1960 1820 1999 1899 ἀι

2169 1824 2210 1878 ςὸ
2271 1823 2601 1896 κινούμενον,
2669 1821 2726 1877 Εἰ
2785 1817 2839 1875 δέ
2899 1841 2991 1894 μοι
3042 1817 3178 1874 οὕτω
3221 1818 3441 1896 κρίσεως
3492 1814 3657 1894 ἔχοντι
3684 1814 3757 1870 καὶ

411 1905 635 1966 dicanti
673 1915 731 1968 et
783 1908 986 1987 plagas
1016 1917 1074 1970 et
1134 1915 1382 1970 mortem
1443 1907 1712 1984 minaris,
1766 1927 1884 1969 non
1936 1911 1999 1970 idt

2168 1910 2364 1989 τληγας
2407 1909 2502 1968 καί
2559 1910 2780 1966 θάνατον
2842 1906 3110 1981 ἀπειλεῖς,
3174 1910 3233 1965 οὗ
3321 1906 3464 1983 παρά
3514 1905 3654 1961 τοῦτο
3701 1923 3756 1978 με

412 1995 560 2056 mihi
594 1995 1005 2074 persuadebis,
1041 2005 1105 2058 ut
1135 1996 1357 2057 discam
1392 2005 1560 2058 tuum
1595 1998 1830 2077 dogma,
1867 2005 1924 2058 et
1957 2017 2000 2058 nt

2167 2002 2349 2063 τείσεις
2399 2001 2458 2056 τὸ
2510 2001 2602 2056 σὸν
2633 1997 2807 2076 δόγμα
2855 2001 3184 2072 μεταμαθεῖν
3235 1997 3323 2053 καὶ
3379 1995 3476 2062 τὴν
3520 1990 3755 2053 εὐσέϐειαν

408 2101 540 2162 gem
571 2102 768 2145 veram
803 2085 1176 2164 religionem.
1238 2084 1487 2166 Propter
1547 2087 1680 2148 haec
1727 2085 1916 2148 iratus
1948 2087 1996 2148 in

2164 2090 2574 2168 ἷιπαρνήσασθαι.
2635 2087 2926 2165 Ὀργισθεὶς
3005 2086 3100 2141 ἐπὶ
3159 2086 3366 2151 τούτοις
3425 2087 3453 2140 ὁ
3505 2079 3752 2155 δυσσεϐὴς,

414 2172 585 2253 pius:
644 2173 756 2236 Sed
814 2173 1032 2249 nullus,
1079 2174 1294 2256 inquit,
1336 2193 1494 2238 sanae
1550 2175 1766 2236 mentis
1813 2185 2000 2237 morte

2167 2179 2297 2236 Αλλ’
2358 2177 2523 2242 οὒδεὶς
2580 2178 2868 2254 ἀνθρώπων
2927 2179 3211 2256 εὖφρονῶν,
3265 2176 3392 2254 ἔφη,
3444 2173 3653 2230 θάνατον
3703 2168 3753 2224 ἂν

411 2261 544 2323 vita;
573 2262 918 2342 praetulerit,
957 2264 1136 2347 idque
1168 2273 1409 2346 propter
1457 2266 1696 2327 stultam
1730 2273 1788 2328 et
1819 2267 1999 2328 minin

2167 2271 2245 2348 τρὸ
2287 2273 2386 2336 τῆς
2437 2269 2579 2339 ζωῆς
2636 2265 2838 2345 ἕλοιτο,
2897 2263 2994 2320 καῖ
3042 2269 3208 2320 ταῦτα
3254 2264 3481 2338 ματαίας
3511 2261 3658 2341 χάριν
3683 2259 3755 2314 καὶ

407 2352 837 2414 consideratam
870 2355 1286 2417 constantiam.
1336 2354 1738 2428 Quamobrem
1791 2373 1904 2416 nec
1957 2356 1995 2417 ti

2166 2363 2204 2416 ιῦ
2260 2357 2553 2436 λεγομένης
2613 2355 2908 2418 ἐνστάσεως
2948 2369 2961 2382 ’
2996 2351 3118 2409 ὅθεν
3166 2349 3284 2410 οὐδὲ
3342 2350 3634 2409 πιστευτέον
3683 2369 3754 2404 σοι

408 2442 775 2506 credendum
805 2453 893 2506 est
923 2444 1151 2507 dicenti
1177 2454 1234 2508 te
1265 2455 1536 2526 paratum
1587 2464 1722 2507 esse
1756 2447 1908 2506 mori
1956 2465 1989 2524 p

2167 2448 2380 2526 ιέγοντι,
2436 2446 2714 2524 προθύμως
2777 2443 2925 2524 ἔχειν
2981 2443 3110 2518 ὑπὲρ
3184 2447 3278 2499 τοῦ
3359 2439 3612 2519 δόγματός
3676 2457 3755 2493 σου

408 2540 511 2594 tuo
534 2532 809 2612 dogmate
834 2542 894 2595 et
925 2534 1238 2613 religione.
1265 2521 1598 2614 Respondit
1624 2536 1879 2596 Sanctus
1905 2552 1918 2595 :
1955 2521 1996 2594 ν

2161 2521 2234 2592 ui
2280 2537 2376 2604 τῆς
2431 2521 2711 2614 θρησκείας
2768 2521 3082 2594 ἀποθανεῖν.
3141 2521 3198 2589 Ὀ
3243 2529 3396 2609 ἅγιος
3445 2528 3749 2608 ἀπεκρίνατο.

407 2621 542 2703 stri,
578 2623 677 2702 qui
709 2641 742 2683 a
776 2641 924 2685 vana
957 2642 1061 2702 spe
1095 2623 1380 2702 pendent,
1443 2631 1502 2683 et
1552 2621 1772 2683 nullam
1828 2631 1995 2683 atteri

2163 2627 2206 2683 )I
2262 2624 2376 2682 καθ’
2433 2626 2569 2700 ὑμᾶς
2627 2623 2712 2680 ἐπὶ
2769 2635 2954 2687 γεναϊς
3025 2621 3374 2699 αἱωρούμενοι
3432 2632 3551 2683 ταῖς
3597 2616 3751 2673 ἒλπίσι

409 2711 543 2772 vitae
574 2710 794 2772 habent
825 2712 1357 2792 exspectationem,
1379 2720 1689 2792 postquam
1709 2712 1850 2773 hinc
1863 2729 1997 2774 exce

2167 2718 2231 2772 ιαὶ
2290 2715 2366 2790 μή
2411 2736 2528 2770 τινα
2583 2709 2898 2793 προσδοκίαν
2959 2711 3095 2786 μετὰ
3156 2710 3255 2778 τὴν
3313 2708 3543 2772 εντεῦθεν
3578 2703 3755 2771 ἀποδη-

405 2800 757 2878 serint,jure
783 2800 1110 2862 existimari
1133 2800 1433 2881 potuerint
1451 2819 1580 2863 esse
1595 2811 1652 2863 et
1675 2801 1810 2863 vitae
1833 2803 1993 2882 cupic

2165 2806 2263 2860 ιίαν
2326 2803 2544 2884 ἔχοντες
2597 2800 2952 2867 ἀτελευτήτου
3008 2805 3178 2871 ζωῆς,
3225 2798 3446 2862 εἰκότως
3482 2796 3542 2853 ἂν
3569 2797 3753 2884 utet:

405 2897 467 2952 et
487 2898 754 2950 amantes
785 2891 1076 2971 corporis.
1133 2879 1397 2964 Quorum
1451 2900 1646 2954 autem
1695 2910 1801 2972 spe
1832 2879 1970 2954 vera

2165 2879 2395 2966 ιοζωετΪ
2427 2894 2571 2948 οὗτοι
2627 2893 2720 2948 καί
2784 2888 3182 2970 φιλοσωματεῐν
3242 2890 3563 2964 νομίζοιντο.
3594 2883 3683 2946 Οἷς
3708 2879 3753 2937 δὲ

403 2979 576 3041 ﬁrma
603 2978 781 3041 alitur
811 2981 1030 3057 anima,
1078 2982 1234 3062 quod
1271 2991 1328 3042 et
1357 3001 1424 3043 ea
1473 2981 1547 3042 sit
1580 2982 1957 3056 immortalis,

2165 2982 2362 3052 ιληθεϊς
2396 2979 2600 3046 ἐλπίδες
2647 2982 2734 3037 καὶ
2783 2977 2986 3056 βέϐαιοι
3033 2978 3133 3045 τὴν
3178 2978 3369 3057 ψυχὴν
3411 2973 3753 3054 ὑποτρέφουσιν

404 3069 482 3130 sit
536 3086 752 3130 rursus
811 3089 943 3131 cum
975 3089 1083 3132 suo
1114 3089 1368 3151 corpore
1428 3071 1659 3133 coitura
1693 3079 1823 3152 post
1855 3082 1992 3133 mort

2162 3076 2213 3138 bc
2273 3073 2406 3142 αὐτή
2466 3093 2525 3129 τε
2556 3071 2812 3135 ἀθάνατος
2843 3065 2935 3135 εἴη
2971 3069 3057 3126 καὶ
3087 3074 3164 3141 τῷ
3199 3065 3315 3140 ἰδίῳ
3376 3066 3531 3123 πάλιν
3571 3066 3750 3139 σώματι

403 3154 884 3239 dissolutionem,
917 3167 974 3220 et
1006 3168 1243 3222 :eternae
1265 3162 1400 3222 vitae
1423 3159 1620 3222 futura
1639 3160 1991 3241 particeps,i

2164 3162 2456 3220 ὐνελθοῦσα
2517 3161 2654 3237 μετὰ
2710 3159 2808 3226 τὴν
2851 3164 2945 3216 τοῦ
2995 3157 3220 3214 θανάτου
3283 3155 3517 3213 διάλυσιν
3573 3152 3752 3209 αἰωνίου

404 3265 668 3328 praesens
697 3247 814 3309 vita
860 3265 958 3310 res
1018 3256 1106 3311 est
1162 3268 1341 3330 parva
1398 3258 1457 3311 et
1508 3250 1971 3324 contemnenda,

2162 3250 2326 3308 ιέλλοι
2385 3254 2530 3321 ζωῆς
2590 3260 2892 3322 κοινωνεῖν,
2926 3248 3131 3310 τούτοις
3181 3244 3282 3324 ἄρα
3337 3247 3426 3303 καὶ
3479 3246 3513 3314 ἡ
3544 3247 3750 3320 παροῦσα

402 3355 564 3400 mors
596 3337 842 3399 minime
877 3337 1183 3401 terribilis.
1218 3338 1409 3402 Verax
1443 3347 1532 3400 est
1562 3340 1717 3400 enim
1763 3339 1918 3401 Deus
1948 3357 1983 3400 n

2159 3343 2248 3410 ζωὴ
2306 3344 2497 3420 χρῆμα
2551 3338 2774 3417 σμικρὸν
2828 3337 2916 3392 καὶ
2947 3334 3409 3414 εὐκαταφρόνητον
3441 3333 3534 3390 καί
3564 3331 3747 3420 Mitta-

399 3436 522 3489 ster
546 3435 605 3490 et
636 3430 934 3507 magister,
965 3429 1066 3508 qui
1096 3428 1276 3492 dicit:
1320 3453 1347 3484 α
1382 3428 1575 3490 Nolite
1610 3429 1822 3490 timere
1854 3428 1926 3490 ab
1979 3429 1987 3488 i

2161 3453 2226 3495 ξος
2258 3418 2450 3496 ἥκιστα
2479 3426 2724 3508 φοϐερὸς.
2784 3423 3049 3502 Ἀψευδὴς
3103 3426 3203 3504 γὰρ
3264 3426 3292 3480 ὁ
3337 3422 3588 3502 ἡμέτερος
3641 3418 3749 3480 Θεὸς

396 3517 496 3598 qui
529 3515 813 3580 occidunt
844 3535 1081 3599 corpus,
1118 3518 1375 3580 animam
1409 3526 1604 3580 autem
1652 3536 1770 3579 non
1803 3535 1982 3600 possu

2165 3521 2225 3576 Lati
2251 3517 2593 3595 διδάσκαλος,
2631 3541 2654 3573 ιι
2695 3518 2784 3585 Μὴ
2815 3513 3076 3596 φοϐηθῇς,
3116 3537 3143 3570 ι
3202 3512 3405 3593 λέγων,
3457 3535 3485 3567 α
3515 3512 3614 3568 ἀπὸ
3663 3513 3753 3564 τῶν

409 3606 689 3670 occidere
718 3609 765 3668 ί.
805 3633 832 3664 κ
2137 3609 2559 3666 ἀποκτεινόντων
2618 3608 2679 3664 τὸ
2736 3607 2918 3682 σῶμα,
2963 3605 3062 3672 τὴν
3114 3602 3168 3660 δέ
3224 3602 3415 3681 ψυχήν
3473 3602 3756 3659 ἀποκτεῖναι

2140 3699 2217 3776 μὴ
2245 3697 2571 3775 δυναμένων,
2612 3720 2635 3754 ι

489 3783 589 3849 ΙΧ.
617 3783 784 3846 Tunc
805 3782 982 3865 jubet
1005 3785 1091 3846 vir
1120 3784 1219 3847 ille
1239 3785 1400 3848 ferus
1423 3786 1552 3866 ejus
1583 3786 1820 3868 quidem
1848 3804 2056 3848 manus

2218 3788 2280 3846 Θ¹
2293 3833 2309 3849 .
2373 3790 2505 3846 Τότε
2546 3787 2751 3844 κελεύει
2785 3789 2811 3843 ὁ
2841 3781 3108 3864 θηριώδης
3154 3783 3367 3849 ἔκεϊνος
3397 3783 3488 3848 τὰς
3519 3779 3610 3856 μὲν
3636 3784 3755 3856 χεῖ-

409 3872 636 3952 alligari
667 3872 1014 3954 poplitibus,
1060 3883 1118 3936 et
1174 3876 1410 3954 longum
1464 3875 1687 3956 lignum
1741 3876 1802 3937 in
1856 3876 1990 3938 med

2170 3901 2228 3944 ας
2282 3878 2439 3935 tit-3:06
2498 3891 2620 3943 ταῖς
2679 3875 2876 3956 ἰγνύαις
2929 3872 3305 3953 προσ-δεθῆναι,
3367 3872 3513 3939 ξύλον
3556 3889 3614 3956 ,τε
3653 3885 3755 3956 ματ

404 3949 712 4043 utriusque
739 3949 1083 4044 transadigi,
1114 3983 1214 4026 sex
1249 3949 1446 4028 autem
1480 3949 1636 4027 viros
1666 3965 1943 4027 robustos
1981 3985 1992 4027 ι

2165 3970 2260 4046 ρὸν
2297 3967 2457 4043 μέσον
2491 3949 2876 4047 ἀμφωτὲρωθεν
2907 3949 3229 4037 διελαθῆναι,
3266 3961 3322 4028 ἓξ
3379 3961 3432 4017 δὲ
3485 3955 3658 4036 ἄνδρας
3708 3949 3753 4016 ἐξ

407 4051 718 4132 utriusque
747 4051 889 4130 ligni
937 4057 1221 4116 extremis
1266 4056 1766 4129 conscendentes,
1822 4055 1995 4116 fortitt

2167 4057 2400 4137 κατέρων
2460 4054 2634 4134 ἄκρων
2706 4063 2795 4113 τοῦ
2853 4054 3004 4121 ξύλου
3090 4049 3478 4119 ἐπιϐεϐηκότας
3533 4047 3751 4123 ἀτεχνῶς

403 4158 678 4220 premere
703 4150 1147 4203 sacrosanctum
1180 4143 1325 4205 illud
1379 4163 1622 4225 corpus,
1656 4148 1732 4206 de
1781 4145 1879 4205 ind
1895 4155 1991 4206 ust

2161 4133 2388 4227 σχυροὺς
2445 4133 2751 4224 ὲρῤωμὲνως
2809 4144 3007 4215 πιέζειν
3065 4155 3183 4206 τοις
3259 4138 3504 4216 ἐπίτηδες
3573 4133 3749 4227 ἅλμασι

401 4218 572 4293 Iactis
604 4231 883 4309 saltibus,
919 4239 978 4293 et
1010 4250 1142 4294 ossa
1173 4234 1304 4313 ejus
1334 4218 1713 4312 confringere
1751 4241 1810 4295 et
1837 4235 1989 4295 disso

2161 4218 2389 4314 τὸηἱερὸν
2447 4235 2624 4292 ἐκεῖνο
2680 4237 2834 4310 σῶμα
2890 4234 2980 4289 καὶ
3036 4232 3102 4288 τὰ
3155 4232 3288 4287 ὄστᾶ
3337 4227 3644 4286 συνθλῶντας
3673 4218 3749 4314 τιξῖ

405 4340 562 4384 vere.
600 4322 824 4383 Deinde
855 4307 1031 4384 etiam
1091 4307 1226 4384 mali
1285 4343 1526 4403 quoque
1574 4307 1834 4387 l’ersica:
1879 4322 1993 4401 virg

2161 4325 2472 4400 ῖιαλύοντας,
2535 4324 2622 4381 ἐπὶ
2678 4325 2880 4387 τούτοις
2939 4323 3026 4378 καὶ
3080 4317 3290 4398 ῥάϐδοις
3347 4320 3481 4396 ῥοῶν
3536 4309 3749 4403 ἀνηλεως

406 4427 540 4472 eum
573 4410 905 4472 verberari.
960 4399 1530 4473 lndomitus'aut'em
1561 4411 1661 4474 ille
1716 4412 1954 4490 athleta,
1978 4399 1991 4401 ⁷

2160 4417 2300 4474 ιύτὸν
2359 4399 2666 4473 τύπτεσθαι.
2717 4406 2775 4471 Ὀ
2835 4411 2889 4467 δὲ
2941 4409 3145 4486 ἀδάμας
3178 4407 3412 4478 ἀθλητὴς
3443 4407 3638 4465 ἐκεῖνος
3666 4399 3748 4502 καὶ

400 4505 572 4578 cujus
603 4499 762 4560 nulla
792 4518 857 4560 re
887 4499 1265 4576 frangebatur
1309 4499 1570 4582 spiritus,
1612 4501 1862 4583 perinde
1898 4487 1965 4563 ac

2159 4506 2201 4561 τὸ
2259 4504 2506 4584 φρόνημα
2562 4502 2649 4560 ὑπ’
2709 4499 2914 4565 οὒδενὸς
2971 4497 3380 4573 ταπεινούμενος
3424 4497 3598 4573 ὥσπερ
3625 4487 3747 4546 ἀπό-

402 4587 628 4648 nullum
647 4588 913 4649 dolorem
935 4589 1182 4649 sentiret
1200 4609 1233 4650 a
1253 4599 1368 4650 tam
1389 4590 1601 4671 insigni
1631 4593 1990 4668 cruciatu,m.

2163 4617 2235 4658 ως
2277 4583 2374 4651 καὶ
2434 4592 2751 4672 ἀναλγήτως
2804 4592 2934 4668 πρὸς
2995 4589 3226 4667 βασάνοδ
3288 4587 3544 4652 τοιαύτην
3604 4583 3749 4672 ὑπερ·

402 4696 516 4756 gno
550 4689 607 4738 et
638 4678 871 4740 excelso
931 4679 1126 4739 animo
1177 4679 1473 4760 aspiciens
1512 4668 1594 4742 ad
1636 4682 1902 4762 judicem
1934 4704 1946 4746 :
1977 4682 1990 4742 1

2161 4682 2299 4751 Γολὴν
2358 4668 2709 4763 διακείμενος,
2744 4679 2965 4763 εύγενὲς-
3003 4702 3054 4736 τι
3105 4680 3194 4735 καὶ
3255 4675 3583 4756 μεγαλόφρον
3635 4668 3749 4763 τρὶξ

405 4754 653 4847 ὖὶάοίυιθ,
689 4767 902 4849 inquit,
937 4787 1186 4849 corpora
1235 4754 1570 4847 bominum,
1632 4754 1762 4852 quae
1815 4771 1993 4833 discet

2166 4774 2223 4829 ὸν
2280 4754 2537 4840 δικαστὴν
2579 4754 2914 4846 ἀποϐλέψας.
2951 4760 3042 4834 Ὠς
3084 4765 3278 4848 ἔοικεν,
3321 4754 3514 4836 ἣδοντςν
3544 4783 3624 4852 σοι
3647 4754 3750 4815 τινὰ

399 4867 643 4938 puntur,
679 4857 784 4920 tibi
811 4857 1065 4940 aliquam
1125 4861 1383 4922 afferunt
1430 4851 1814 4942 voluptatem,
1867 4861 1982 4922 inst

2159 4864 2200 4918 εά
2242 4862 2348 4921 τῶν
2392 4862 2702 4941 ἀνθρώπων,
2763 4859 2864 4938 ἔφη
2895 4906 2912 4938 ,
2972 4858 3197 4932 σώματα
3272 4851 3747 4942 διασπαρασσόμενα

399 4935 610 5009 canum
644 4956 746 5012 aut
772 4935 1084 5010 corvorum
1119 4949 1206 5011 eis
1236 4949 1476 5031 impleri
1533 4935 1818 5030 cupienti.
1881 4950 1987 5014 Sci;

2165 4965 2356 5028 μποιετ
2413 4935 2502 5008 τὸν
2595 4935 2763 5007 κυνῶν
2803 4935 2854 5017 ἦ
2895 4935 3152 5026 -κοροίκων
3218 4946 3436 5024 τρόπον,
3496 4935 3748 5031 ἐμπίπλα-

397 5056 538 5118 ergo
573 5057 667 5101 me
699 5038 919 5100 nullam
949 5041 1172 5102 ducere
1203 5025 1495 5102 rationem
1533 5025 1742 5102 horum
1775 5047 1985 5103 tormel

2159 5025 2251 5098 rilzt
2291 5041 2495 5098 τούτων
2556 5037 2838 5120 ἐφιεμένῳ,
2901 5025 3066 5092 Γνῶθι
3128 5039 3406 5114 τοιγαροῦν
3463 5025 3747 5120 suptilem

400 5113 614 5208 torum,
642 5147 774 5208 qua;
801 5147 835 5188 a
869 5136 925 5189 te
955 5129 1318 5191 inferuntur.
1348 5129 1468 5192 Aut
1499 5145 1639 5208 ergo
1679 5147 1829 5192 nova
1861 5149 1988 5194 excr

2160 5129 2299 5196 ιῦδείς
2331 5153 2422 5208 μοι
2467 5113 2626 5208 λόγος
2683 5135 2788 5185 τῶν
2848 5125 2992 5204 παρά
3035 5131 3127 5182 σοῦ
3167 5125 3366 5182 τούτων
3426 5113 3748 5208 επαγομένων

395 5217 511 5296 gita
540 5203 856 5299 supplicia,
891 5227 995 5280 aut
1017 5220 1169 5280 scito
1206 5237 1301 5280 me
1328 5237 1397 5280 ea
1426 5203 1817 5282 nihil'facere.
1843 5223 1983 5301 Magi

2157 5223 2397 5283 ιασάνων.
2435 5220 2506 5278 ’Ἠ
2537 5221 2706 5277 τοίνυν
2739 5215 3048 5294 καινοτέρας
3106 5214 3328 5287 ἐπινόει,
3363 5210 3400 5279 ἢ
3436 5208 3620 5271 ταύτας
3649 5203 3745 5301 ἴσθι

394 5290 589 5369 autem
615 5290 814 5369 statim
842 5290 1170 5370 conversus
1199 5307 1273 5369 ad
1305 5309 1582 5372 lictores:
1639 5311 1780 5390 Cur,
1829 5290 1982 5391 inqui

2165 5314 2191 5370 ὸ
2223 5312 2389 5390 μηδέν
2432 5334 2524 5388 μοι
2557 5306 2925 5389 λογιζομένας.
2955 5290 3020 5393 :0
3079 5301 3133 5360 δὲ
3187 5304 3355 5393 μάγος
3405 5298 3592 5393 αὐτίκα
3629 5290 3746 5393 πρὸς

393 5395 866 5460 misericorditer
880 5396 1082 5477 ﬂagris
1097 5395 1322 5476 creditis
1333 5398 1580 5480 impium
1596 5397 1627 5457 ‘I
1641 5380 1843 5463 Videte
1857 5380 1981 5463 exiit

2155 5380 2249 5484 οὺς
2293 5380 2514 5479 δημίους
2572 5380 2936 5480 ἐπιστραφεὶς,
2966 5380 3078 5453 ulva
3133 5380 3198 5452 τί
3225 5380 3354 5472 πρὸς
3405 5387 3576 5468 ἔλεον,
3629 5381 3743 5462 ἔφη,

480 5585 498 5633 1
535 5580 678 5642 Luc.
717 5601 815 5657 xu,
847 5589 906 5646 7.
