4022 6146
273 254 376 332 841

271 402 548 472 μαστίζετε
607 401 700 457 τὸν
747 400 1008 480 ἀνόσιον;

270 489 574 564 ἀξιούμενος
603 491 736 566 πρὸς
778 490 872 552 τὰς
907 486 1020 546 καθ’
1069 491 1226 562 ἡμῶν
1283 487 1451 568 ’ύϐρεις
1506 490 1641 549 κατὰ
1699 488 1905 554 πολλὴν

270 591 447 660 χωρεῖ
502 579 601 645 τὴν
659 578 972 657 ἐλευθερίαν,
1008 580 1067 637 Ol
1097 577 1173 652 δέ,
1207 579 1386 658 ὥσπερ
1427 580 1529 637 τινὶ
1584 580 1784 658 κέντρῳ
1828 586 1905 653 τῷ

267 667 413 743 λόγῳ
442 665 838 742 διαναστάντες,
874 667 1035 731 οὕτως
1092 667 1339 724 ὶπέθεντο
1393 674 1655 747 κραταιῶς
1713 670 1787 732 ὡς
1846 666 1906 724 ἐκ

264 759 362 823 τῆς
422 761 527 812 τῶν
585 753 979 823 ἐπιϐεϐηκότων
1034 764 1110 832 τῷ
1169 755 1308 833 ξύλῳ
1365 758 1656 836 βαρύτητος
1686 760 1902 824 καὶτῆς

263 851 370 903 τῶν
426 846 702 904 τεινόντων
761 843 1116 925 σφοδρότητος
1188 853 1286 914 τῆς
1343 847 1623 923 ὠμότητος
1680 868 1737 903 τε
1793 849 1905 904 πῶν

263 936 625 1010 μαςτιζόντων
674 934 853 993 τέλεον
912 935 1201 1012 παρεθῆναι
1261 937 1357 1012 μὲν
1388 940 1530 1011 αῦτῷ
1582 935 1678 1000 τοὶς
1729 937 1896 1015 ἁρμο-

263 1027 376 1087 νίας
433 1031 526 1080 τοῦ
581 1025 852 1100 σώματος,
893 1024 1274 1091 ωνθλασθῆναι
1305 1024 1359 1081 δὲ
1408 1028 1475 1082 τὰ
1524 1027 1656 1083 ana
1689 1028 1903 1092 καὶτὰς

1174 249 1589 335 CERTAMEN
1634 268 1695 332 s.
1739 266 2134 331 ACEPSIM/E
2179 268 2275 330 ET
2318 248 2721 332 SOCIORUM.

1095 404 1247 480 ὁρᾶτε
1325 403 1425 482 γὰρ
1500 402 1644 467 ὅπως
1702 400 1927 481 φειδοῦςι

1991 402 2288 481 quomodo
2311 402 2449 464 dum
2484 404 2538 463 ei
2576 402 2917 484 parcitis,ad
2949 421 3056 465 nos
3086 403 3474 468 incessendos
3492 424 3632 470 con-

3515 244 3633 340 διεδ

1992 492 2250 554 tumeliis
2308 493 2562 554 maxima
2619 492 2919 554 invehitur
2968 492 3269 556 libertate.
3315 492 3408 556 Illi
3463 511 3626 571 vero,

1987 582 2167 645 veluti
2193 583 2451 664 quodam
2477 583 2716 645 stimulo
2749 585 2880 664 ejus
2904 601 3183 646 sermone
3218 583 3479 659 excitati,
3510 591 3630 646 tam

1989 671 2225 733 furtiter
2257 675 2618 749 invaserunt,
2681 683 2745 733 ut
2801 692 2871 734 ex
2923 673 3210 752 gravitate
3263 691 3469 736 eorum
3528 674 3629 753 qui

1987 761 2402 842 ascenderant,
2436 770 2495 823 et
2525 781 2594 823 ex
2626 761 3002 824 vehementia
3035 781 3245 825 eorum
3280 762 3385 842 qui
3414 761 3629 824 tende-

1987 849 2148 927 bant,
2183 857 2245 915 et
2273 871 2343 913 ex
2400 852 2754 916 crudelitate
2813 870 3019 915 eorum
3070 853 3174 934 qui
3217 851 3625 934 ﬂagellabant,

1987 959 2302 1021 compages
2332 940 2574 1021 quidem
2608 941 2875 1022 corporis
2927 942 2982 1005 ei
3036 941 3265 1004 fuerint
3296 941 3626 1017 dissolutm,

1987 1047 2120 1091 ossa
2143 1039 2338 1091 autem
2371 1031 2489 1092 sint
2519 1031 2910 1106 confracta,et
2945 1048 3156 1093 carnes
3175 1030 3294 1093 sint
3317 1030 3623 1111 disceptaa.

261 1113 460 1190 σάρκας
545 1114 956 1181 καταξανθῆναι,
1045 1111 1502 1179 Διαϐαστάσαντες
1576 1117 1664 1173 οὖν
1720 1118 1898 1188 αὐτὸν,

1991 1117 2131 1180 Eum
2165 1137 2303 1199 ergo
2337 1119 2951 1201 portantes,quoniam
2985 1118 3238 1200 pedibus
3265 1119 3512 1183 minime
3542 1119 3631 1183 uti

262 1202 379 1260 ἐπεὶ
437 1204 515 1279 μὴ
546 1206 779 1282 χρῆσθαι
807 1207 923 1268 τοῖς
972 1205 1124 1259 ποσὶν
1154 1201 1379 1271 ’Ἀδύνατο
1428 1204 1608 1282 ὥσπερ
1664 1228 1715 1260 τι
1772 1226 1900 1285 φορ-

1991 1216 2235 1289 poterat,
2273 1217 2546 1289 tanquam
2609 1228 2758 1270 onus
2815 1208 3056 1290 aliquod
3107 1208 3427 1289 projiciunt
3472 1208 3533 1269 vi
3562 1208 3627 1269 in

258 1293 371 1350 τίον
437 1297 504 1368 τῇ
555 1292 764 1372 φυλακῇ
822 1293 1253 1370 προσρίπτουσιν,
1286 1293 1405 1350 ἔνθα
1435 1292 1500 1362 δὴ
1558 1295 1644 1350 καὶ
1701 1296 1735 1362 ἡ
1794 1301 1900 1351 τῶν

1991 1298 2335 1374 custodiam,
2370 1299 2427 1359 in
2459 1317 2577 1378 qua
2613 1300 2790 1360 etiam
2836 1298 3134 1360 inclusum
3164 1304 3290 1360 erat
3347 1296 3490 1359 illud
3524 1314 3630 1376 par

260 1380 429 1459 ἅγίων
460 1379 580 1445 δυὰς
611 1381 986 1446 κατάκλειστος
1010 1380 1096 1449 ἧν,

1991 1396 2324 1449 sanctorum
2337 1437 2350 1450 .

346 1467 409 1530 Γ.
474 1468 633 1525 Πέντε
679 1468 889 1536 διῆλθον
946 1469 1163 1551 ἡμέραι,
1218 1470 1304 1526 καὶ
1334 1470 1549 1536 τούτους
1582 1477 1674 1528 τοῦ
1705 1469 1904 1547 δεσμω-

2068 1479 2144 1540 Χ.
2178 1475 2323 1539 Cum
2355 1479 2617 1557 quinque
2646 1475 2777 1538 dies
2813 1475 3266 1555 praeteriissent,
3294 1492 3399 1537 eos
3428 1491 3463 1537 e
3488 1490 3625 1536 car-

258 1559 452 1637 τηρίου
507 1556 853 1637 ἐξαγαγόντες
908 1560 980 1624 εἷς
1012 1563 1174 1616 τόπον
1220 1559 1277 1621 ὅς
1328 1559 1578 1617 ἐκαλεῖτο
1636 1558 1903 1638 Παράδει--

1991 1583 2123 1629 cere
2146 1556 2603 1647 eduxerunt,7et
2633 1564 2928 1626 duxerunt
2971 1563 3033 1625 in
3064 1564 3284 1644 locum,
3320 1563 3420 1644 qui
3448 1581 3629 1627 voca-

261 1669 358 1710 σος
409 1646 649 1724 ἄγουσιν,
684 1647 743 1703 οὗ
773 1645 837 1713 δὴ
870 1649 956 1704 καὶ
1013 1647 1239 1715 πλησίον
1300 1650 1422 1711 ναὸς
1483 1648 1773 1728 ἐτύγχανεν
1831 1648 1904 1706 ὢν

1991 1656 2153 1717 batur
2188 1645 2529 1731 Paradisus,
2563 1672 2748 1735 prope
2784 1654 2938 1735 quod
2977 1662 3106 1714 erat
3134 1652 3418 1733 templum
3448 1651 3625 1731 ignis,

258 1746 359 1795 τοῦ
416 1736 539 1814 παρ’
600 1738 771 1793 αύτῶν
830 1733 1117 1812 σεϐομένου
1172 1738 1357 1815 πυρὸς,
1412 1737 1466 1793 ἐν
1494 1740 1538 1811 ᾧ
1584 1738 1902 1815 προκαθίσας

265 1828 280 1842 .
487 1828 499 1842 .
633 1824 699 1842 ..ν
824 1825 833 1842 ι
1079 1828 1092 1842 .
1211 1826 1222 1842 ι
1484 1828 1497 1842 ι
1638 1828 1648 1841 ι
1736 1829 1747 1842 .
1801 1829 1811 1842 ,

1991 1744 2193 1842 quiah
2238 1745 2324 1806 eis
2361 1733 2689 1842 colebatur.
2715 1743 2779 1804 In
2806 1733 2922 1842 quo
2947 1762 3080 1805 cum
3116 1741 3497 1842 praesedisset
3524 1740 3628 1804 ille

259 1828 291 1882 δ
354 1828 569 1905 μιαρὸς,
632 1824 835 1882 Εἴπατέ
895 1847 986 1901 μοι
1044 1828 1105 1882 τὸ
1162 1826 1357 1906 τάχος,
1409 1828 1539 1902 πρὸς
1571 1828 1693 1891 τοὺς
1725 1829 1902 1904 ἁγίους

378 1917 391 1931 ι
483 1914 508 1931 ,ρ
630 1922 657 1931 ..
765 1918 778 1931 .
834 1922 856 1931 ..
948 1914 977 1926 ς.
1078 1915 1091 1931 ,
1172 1916 1183 1931 ,
1304 1915 1315 1931 .
1445 1914 1455 1931 ι
1634 1915 1652 1931 ς
1842 1924 1868 1931 η

1991 1834 2310 1931 sceleratus
2344 1855 2357 1896 :
2392 1833 2572 1896 Ocius
2608 1833 2752 1894 mihi
2796 1832 2999 1909 dicite,
3036 1832 3231 1911 inquit
3277 1830 3522 1910 sanctis,
3554 1849 3629 1892 an

255 1917 448 1995 φησὶν,
483 1914 559 1971 ἔτι
590 1922 666 1989 τῷ
724 1918 865 1990 αὐτῷ
917 1914 1013 1983 τῆς
1069 1915 1246 1977 ἀνοίας
1298 1914 1573 1991 ἐπιμένετε
1634 1915 1901 1993 λογισμῷ,

1991 1922 2181 1984 adhuc
2212 1921 2610 2003 permaneatis
2640 1927 2698 1982 in
2754 1921 2962 1983 eadem
3017 1919 3195 1983 stulta
3250 1919 3626 2001 cogitatione,

255 2004 295 2072 ἦ
356 2026 407 2061 τι
466 2000 713 2083 κρεῖττον
769 2006 896 2079 ὑμῖν
953 2000 1429 2079 μεταϐεϐούλευται
1477 2006 1564 2061 καὶ
1595 2007 1898 2081 σωτήριονς

1991 2030 2063 2072 an
2094 2000 2408 2073 consilium
2444 2011 2814 2073 mutaveritis
2854 2011 2914 2072 in
2934 2008 3159 2090 aliquid
3195 2008 3409 2069 melius
3441 2015 3498 2070 et
3529 2000 3629 2070 sa?

256 2097 323 2153 Οἱ
375 2093 518 2171 ἅγιοι
584 2095 655 2157 ὡς
706 2093 758 2159 ἐξ
820 2094 933 2155 ἑνὸς
990 2093 1252 2169 στόματος
1311 2093 1456 2158 εὐθὺς
1504 2094 1850 2171 ἀπεκρίναντο
1887 2104 1901 2119 ⁸

1991 2098 2203 2161 lutare.
2238 2098 2441 2163 Sancti
2473 2109 2752 2177 tanquam
2786 2118 2904 2161 uno
2932 2116 3037 2160 ore
3070 2096 3339 2177 protinus
3378 2114 3630 2176 respon-

254 2185 505 2240 Γνωστὸν
564 2181 699 2240 ἔστω
751 2205 857 2262 σοι,
918 2181 1160 2257 δικαστὰ,
1194 2180 1272 2237 ὅτι
1330 2182 1388 2237 ὃν
1436 2180 1488 2248 ἐξ
1535 2182 1710 2260 ἀρχῆς
1742 2181 1901 2261 λογι-

1991 2189 2197 2251 derunt
2228 2188 2477 2252 :Notum
2505 2188 2609 2250 tibi
2630 2188 2728 2262 sit,
2759 2187 3133 2270 judex,quod
3156 2204 3333 2267 quam
3359 2185 3433 2248 ab
3461 2185 3630 2248 initio

256 2273 399 2347 σμὸν
443 2272 708 2351 εἴχομεν,
761 2273 932 2347 τούτῳ
986 2271 1080 2328 καί
1139 2271 1298 2328 εἰσέτι
1344 2270 1683 2351 στοιχοῦντές
1715 2270 1896 2347 ἐσμεν,

256 2364 353 2420 καὶ
407 2362 574 2441 μέχρι
632 2362 813 2425 τέλους
872 2363 963 2418 τὸν
1022 2362 1178 2417 αὐτὸν
1228 2359 1439 2440 ἕξομεν,
1502 2362 1595 2418 οῦκ
1626 2359 1901 2442 ἀπειλαῖς,

257 2452 326 2510 οὗ
381 2450 648 2529 βασάνοις,
710 2453 770 2507 οὔ
824 2448 1076 2527 δωρεαῖς,
1139 2447 1304 2507 οὐδενὶ
1361 2448 1508 2524 ἄλλῳ
1537 2451 1596 2507 τὸ
1653 2450 1903 2527 παράπαν

259 2540 683 2615 μετατιθέμενοι.
715 2538 853 2597 Ἕνα
884 2541 984 2620 γὰρ
1015 2541 1144 2596 Θεὸν
1192 2547 1607 2617 προσκυνοῦμεν,
1647 2540 1743 2596 καί
1802 2544 1903 2598 αὒ-

255 2631 357 2688 τὸν
387 2630 546 2704 μόνον
587 2631 772 2709 Κύριον
827 2628 971 2687 εῖναι
1006 2634 1112 2685 τῶν
1164 2628 1330 2685 ὄντων
1386 2629 1598 2687 πάντων
1657 2627 1901 2706 ἐγνώκα-

256 2741 387 2797 μεν.
447 2721 654 2778 Τούτων
704 2719 932 2784 ἀκούσας
990 2721 1018 2775 ὁ
1081 2716 1272 2797 μάγος,
1334 2719 1563 2794 βασάνου
1592 2718 1758 2775 πάλιν
1788 2718 1902 2775 ἑτέ⁴

259 2831 358 2889 ραν
419 2808 645 2881 ἐπενόει,
681 2809 1047 2883 καινοτομίαν,
1083 2809 1172 2865 καὶ
1226 2806 1428 2865 κελεύει
1478 2808 1739 2887 σχοινίοις
1803 2812 1901 2867 αὖ·

256 2903 386 2964 τοὺς
444 2896 528 2955 διά
583 2920 640 2955 τε
694 2904 800 2954 τῶν
859 2895 1165 2976 μασχαλῶν
1209 2897 1297 2953 καὶ
1324 2902 1422 2962 τῆς
1454 2896 1646 2976 ὀσφύος
1680 2898 1902 2953 καὶτῶν

256 2993 486 3063 κνημῶν
539 2993 846 3066 περιζῶσαι,
906 2985 1026 3043 καθ’
1082 2985 1302 3043 ἕκαστον
1365 2983 1419 3040 δέ
1477 2989 1721 3064 ζωστῆρα
1752 2984 1904 3052 ξύλον

257 3075 643 3156 ἐμϐάλλεσθαι,
673 3077 761 3133 καὶ
791 3073 1193 3155 περιδινεῖσθαι,
1228 3076 1311 3131 καὶ
1342 3077 1419 3148 τῷ
1466 3074 1699 3154 σχοινίῳ
1745 3073 1902 3152 στερο

255 3167 368 3243 ῥῶς
420 3164 792 3244 στρεϐλοῦσθαι
829 3184 846 3201 ⁶
915 3165 975 3222 οὗ
1019 3165 1302 3242 γενομένου
1358 3162 1529 3238 θέαμα
1565 3163 1806 3244 χαλεπὸν
1837 3164 1903 3232 ἦν

253 3258 353 3315 καὶ
400 3254 702 3336 ὀφθαλμοῖς
759 3255 986 3331 ἡμέροις
1035 3252 1271 3332 δακρύων
1320 3250 1485 3319 ἄξιον,
1551 3255 1626 3310 Τὰ
1678 3255 1774 3330 μὲν
1806 3254 1904 3333 γὰρ

253 3344 390 3413 ξύλα
448 3345 793 3424 περιειλεῖτο,
828 3348 878 3400 αἱ
931 3356 1149 3423 σχοῖνοι
1207 3340 1260 3398 δὲ
1293 3342 1729 3423 συνεστρέφοντο,
1770 3343 1904 3400 κάν-

254 3435 439 3493 τεῦθεν
483 3434 668 3514 σάρκες
730 3455 788 3491 τε
839 3433 1134 3508 ὶπιέζοντο,
1194 3433 1281 3489 καὶ
1358 3434 1392 3501 ἡ
1463 3430 1709 3511 συντριϐὴ
1761 3432 1906 3509 μάλα

256 3523 434 3595 δεινή.
472 3526 567 3583 Καὶ
596 3526 693 3603 γὰρ
724 3536 844 3589 τοῖς
872 3521 1048 3600 πόῤῥω
1105 3519 1407 3588 διεστηκὸσι
1453 3523 1621 3601 ψόφος
1669 3522 1790 3588 οἶος
1842 3523 1902 3578 ὲκ

252 3619 370 3672 τῶν
399 3614 568 3671 ὀστῶν
631 3614 877 3681 ἠκούετο.
923 3606 1021 3668 Ἦν
1079 3610 1134 3667 δὲ
1188 3612 1251 3667 τὸ
1286 3616 1353 3687 τῇ
1394 3612 1610 3687 βασάνῳ
1655 3611 1902 3689 ἐπιλεγό-

257 3726 425 3783 μενον
459 3721 473 3736 ⁹
509 3708 598 3776 Τῷ
623 3703 885 3779 θελήματι
917 3707 1009 3757 τοῦ
1057 3698 1318 3777 βασιλέως
1369 3701 1448 3775 μὴ
1504 3700 1897 3761 ἀντιτάσσεσθε.

260 3796 404 3854 Εἶτα
460 3816 522 3870 το
582 3794 710 3872 πρὸς
767 3796 872 3849 τῶν
929 3790 1093 3868 ἁγίων
1150 3789 1650 3868 ἀντιφθεγγόμενον⁹
1713 3791 1773 3847 Ol
1829 3796 1904 3864 τῷ

256 3885 359 3941 τοῦ
416 3881 675 3961 βασιλέως
732 3882 878 3957 ὑμῶν
933 3878 1196 3955 θελήματι
1242 3877 1645 3942 καθυπείκοντες
1682 3886 1759 3952 τῷ
1813 3888 1907 3938 τοῦ

263 3978 403 4030 Θεοῦ
456 3970 718 4046 θελήματι
780 3967 1135 4048 ἀντιλέγουσι.
1196 3969 1356 4043 Τρίτη
1416 3966 1512 4043 μὲν
1564 3969 1653 4023 οὖν
1682 3966 1795 4046 ὥρα
1840 3968 1906 4037 ἧν

260 4061 358 4119 ὅτε
418 4062 453 4129 ἡ
510 4060 739 4137 βάσανος
798 4057 1001 4138 ἤρχετο
1037 4075 1051 4090 ³
1111 4056 1274 4136 μέχρι
1332 4053 1387 4112 δὲ
1444 4057 1530 4113 καὶ
1577 4053 1738 4124 ἕκτης
1771 4055 1907 4116 οὕτω

259 4149 592 4231 πασχόντων
615 4156 721 4207 τῶν
750 4148 995 4217 ἀθλητῶν
1023 4146 1379 4226 παρετείνετο.

354 4326 440 4390 Α’.
500 4326 897 4408 Ἀπαγορεύσας
955 4326 1042 4384 οὖν
1103 4323 1308 4401 μᾶλλον
1361 4326 1390 4381 ὃ
1437 4322 1691 4393 δικαστὴς
1744 4326 1816 4391 εἰς
1846 4326 1907 4382 τό

1984 2277 2304 2339 habuimus
2336 2277 2784 2354 cogitationem,
2817 2278 2877 2338 in
2909 2294 2979 2338 ea
3009 2275 3202 2337 adhuc
3228 2273 3628 2355 persistimus,

1987 2375 2045 2428 et
2111 2374 2398 2447 perpetuo
2480 2366 2919 2446 persistemus,
3000 2382 3121 2425 non
3204 2362 3433 2437 minis,
3509 2380 3629 2426 non

1988 2455 2320 2529 tormentis,
2381 2473 2501 2516 non
2559 2453 2756 2531 donis,
2821 2453 2984 2514 nullo
3042 2452 3302 2531 denique
3352 2450 3469 2512 alio
3500 2469 3630 2513 om-

1986 2545 2128 2606 nino
2162 2543 2391 2624 mutati,
2421 2542 2528 2605 sed
2558 2561 2740 2604 unum
2769 2541 2956 2604 Deum
2987 2540 3333 2613 adoramus,
3361 2547 3420 2601 et
3444 2557 3622 2602 eum-

1988 2633 2122 2695 dem
2157 2632 2349 2694 solum
2380 2649 2514 2694 esse
2547 2631 2864 2694 Dominum
2915 2629 3182 2692 omnium
3240 2646 3449 2690 eorum
3494 2646 3627 2709 quae

1990 2719 2710 2802 sunt,cognovimus.Haec
2732 2738 2867 2781 cum
2892 2718 3179 2780 audiisset
3209 2734 3437 2796 magus,
3465 2715 3628 2778 aliud

1987 2829 2194 2872 rursus
2219 2828 2432 2871 novum
2461 2808 2748 2887 excogitat
2798 2813 3157 2870 tormentum
3187 2851 3205 2881 ,
3236 2812 3301 2867 et
3322 2803 3496 2884 jubet
3524 2823 3629 2866 eos

1986 2900 2141 2979 cingi
2173 2898 2412 2961 funibus
2444 2916 2548 2978 per
2597 2896 2801 2958 axillas
2858 2904 2917 2958 et
2969 2892 3210 2956 lumbos
3247 2900 3305 2954 et
3336 2890 3532 2967 tibias,
3565 2891 3629 2954 in

1986 3006 2345 3069 unoquoque
2365 2994 2563 3049 autem
2588 2985 2825 3065 cingulo
2848 2984 3073 3063 lignum
3100 2981 3268 3062 injici
3290 2988 3351 3042 et
3380 2980 3637 3042 circum-

1984 3068 2220 3158 agi,et
2282 3077 2424 3138 fune
2480 3076 2864 3136 vehementer
2924 3072 3204 3153 torqueri.
3262 3068 3431 3143 Quod
3491 3087 3629 3158 cum

1987 3157 2204 3229 factum
2232 3173 2410 3242 esset,
2449 3172 2575 3226 erat
2609 3162 2895 3225 acerbum
2951 3158 3384 3241 spectaculum,
3424 3164 3482 3218 et
3510 3157 3631 3218 mi—

1987 3254 2143 3317 tibus
2174 3254 2362 3316 oculis
2392 3252 2793 3333 lacrymabile.
2828 3250 2974 3313 Nam
3042 3249 3202 3326 ligna
3230 3247 3472 3329 quidem
3503 3245 3630 3307 cir-

1985 3343 2473 3423 cumagebantur,
2529 3341 2703 3402 funes
2759 3349 2954 3402 autem
2987 3337 3513 3415 convertebantur,
3572 3343 3630 3397 et

1988 3452 2196 3496 carnes
2227 3432 2364 3494 inde
2397 3430 2844 3512 premebantur,
2880 3437 2938 3490 et
2968 3446 3102 3489 ossa
3133 3425 3615 3512 conterebantur.

1983 3523 2122 3585 Erat
2152 3541 2290 3585 vero
2320 3511 2491 3582 valde
2521 3520 2713 3597 gravis
2740 3516 3058 3593 contritio;
3115 3516 3334 3576 etenim
3364 3511 3438 3572 iis
3472 3529 3630 3590 quo-

1985 3631 2102 3693 que
2132 3612 2233 3691 qui
2292 3608 2497 3689 procul
2557 3616 2725 3669 erant
2782 3604 3022 3685 remoti,
3051 3602 3406 3693 audiebatur
3435 3600 3633 3693 fragor

1987 3687 2234 3762 ossium.
2272 3687 2412 3759 Erat
2444 3705 2642 3759 autem
2676 3695 2735 3756 id
2783 3693 2940 3774 quod
2990 3694 3076 3753 eis
3129 3687 3445 3753 dicebatur
3473 3687 3634 3748 inter

1988 3795 2283 3851 tormenta
2319 3804 2334 3849 :
2368 3785 2668 3847 Voluntati
2719 3782 2879 3862 regis
2912 3781 3093 3843 nolite
3131 3794 3489 3860 repugnare.
3522 3774 3632 3836 De-

1987 3878 2126 3940 inde
2155 3877 2213 3939 id
2247 3874 2406 3953 quod
2430 3893 2462 3937 e
2492 3878 2788 3935 contrario
2817 3868 3133 3933 dicebatur
3161 3886 3195 3929 a
3224 3865 3448 3928 sanctis
3474 3886 3488 3926 :
3515 3863 3631 3936 Qui

1987 3966 2145 4046 regis
2173 3964 2354 4027 vestri
2385 3961 2667 4026 voluntati
2724 3959 2966 4041 cedunt,
3018 3958 3125 4020 Dei
3176 3954 3462 4046 voluntati
3521 3971 3622 4046 re-

1989 4042 2225 4119 sistunt.
2259 4057 2456 4134 Atque
2510 4060 2639 4113 erat
2681 4049 2924 4131 quidem
2994 4049 3139 4109 hora
3169 4045 3361 4124 tertia,
3395 4042 3633 4134 quando

1989 4146 2170 4226 coepit
2227 4130 2610 4220 tormentum,
2672 4130 2857 4221 usque
2896 4137 2970 4200 ad
3019 4145 3245 4198 sextam
3294 4142 3495 4198 autem
3546 4130 3636 4193 sic

1991 4233 2346 4317 patientibus
2369 4228 2610 4293 athletis
2641 4238 2730 4291 est
2752 4226 3135 4317 productum.

2068 4324 2167 4390 Xl.
2204 4322 2482 4387 Defessus
2540 4319 2741 4400 itaque
2784 4315 2990 4398 judex,
3042 4313 3224 4395 jussit
3273 4326 3636 4400 eosirursus

265 4417 637 4497 δεσμωτήριον
658 4397 850 4481 ἀύτοὺς
882 4415 1044 4477 πάλιν
1087 4397 1358 4472 ἐκέλευσέν
1414 4414 1746 4493 ἀπαχθῆναι.
1815 4416 1908 4471 Διὸ

1993 4414 2208 4476 abduci
2240 4414 2299 4474 in
2324 4397 3062 4480 carceremIQuamobrcm
3097 4405 3340 4465 fuerunt
3367 4397 3635 4471 abducti,

266 4490 478 4578 minui
525 4490 859 4588 διπήχθησαν
916 4505 977 4562 οὗ
1036 4505 1190 4563 ποσὶν
1236 4504 1471 4579 οἰκείοις,
1532 4490 1651 4559 αλλ’
1681 4505 1768 4584 ὑφ’
1798 4505 1908 4561 ἑτέ.

1997 4524 2114 4567 non
2137 4503 2260 4565 suis
2284 4500 2558 4582 pedibus,
2585 4498 2693 4588 sed,
2722 4495 2934 4588 portati
2952 4493 3025 4557 ab
3046 4493 3177 4554 aliis
3197 4490 3353 4573 quod
3380 4490 3419 4551 ii
3441 4493 3642 4588 essent

269 4621 382 4680 ρων
437 4598 591 4656 αὐτοὶ
633 4593 1103 4672 διαϐασταζόμενοι
1165 4600 1241 4665 τῷ
1283 4593 1620 4650 παντάπασιν
1651 4592 1911 4673 νενεκρῶ-

270 4694 423 4752 σθαι.
477 4685 828 4768 Παρήγγελτο
880 4683 936 4741 δὲ
979 4697 1093 4750 τοῖς
1127 4682 1473 4765 φυλάττουσιν
1503 4683 1604 4762 ὡς,
1648 4683 1693 4738 εἰ
1725 4704 1912 4762 φωρα-

272 4779 392 4846 θείη
424 4800 503 4842 τις
534 4781 732 4857 τροφῆς
800 4778 984 4840 αὐτοῖς
1029 4779 1299 4832 κοινωνῶν
1328 4771 1363 4841 ἢ
1415 4780 1580 4829 ποτοῦ
1607 4770 1643 4839 ἢ
1684 4769 1913 4848 ἐνδύμα-

272 4889 394 4941 τος,
429 4867 684 4948 ἐσχάταις
749 4863 1181 4934 ὑποϐληθήσεται
1228 4861 1530 4942 τιμωρίαις.
1582 4862 1668 4924 Εἰς
1716 4860 1914 4929 ταύτην

276 4956 369 5014 οὖν
419 4957 520 5024 τὴν
563 4955 775 5036 εἱρκτὴν
832 4956 879 5011 οἱ
936 4956 1029 5011 τοῦ
1087 4957 1313 5032 Χριστοῦ
1369 4955 1687 5027 στρατιῶται
1745 4956 1916 5007 πᾶσαν

1998 4595 2241 4658 omnino
2276 4578 2466 4653 morte
2505 4578 2725 4651 allecti.
2760 4585 3122 4666 Imperatum
3187 4590 3386 4644 autem
3444 4578 3641 4640 fuerat

2000 4681 2366 4751 custodibus,
2403 4687 2465 4740 ut
2494 4677 2545 4739 si
2576 4676 2993 4755 deprehensus
3020 4671 3232 4735 fuisset
3264 4667 3499 4750 aliquis.
3536 4685 3640 4728 eos

2001 4773 2093 4836 vel
2137 4769 2271 4833 cibo
2294 4768 2387 4830 vel
2421 4774 2557 4847 potu
2591 4765 2677 4826 vel
2712 4764 3059 4825 indumento
3094 4757 3532 4842 impertiens,is
3558 4755 3641 4818 ul-

2002 4862 2145 4925 timo
2176 4858 2573 4938 subjiceretur
2595 4853 2914 4934 supplicio.
2941 4849 3009 4912 In
3060 4850 3219 4911 hunc
3262 4866 3402 4938 ergo
3419 4863 3642 4938 carce-

1999 4968 2126 5012 rem
2160 4934 2418 5026 coniecti
2446 4942 2668 5006 Christi
2693 4940 2935 5014 milites,
2961 4955 3201 5000 omnem
3231 4934 3641 5026 amictionem,

274 5046 512 5106 κάκωσιν
572 5043 639 5102 δι’
699 5044 858 5101 αὗτὸν
914 5041 1265 5119 ὑπομένοντες
1293 5083 1309 5111 ,
1370 5038 1456 5095 ἐπὶ
1513 5043 1648 5118 τρισὶ
1705 5041 1921 5118 χρόνοις

2002 5055 2239 5102 omnem
2273 5023 2661 5096 vexationem
2720 5035 2963 5110 propter
3007 5028 3205 5107 ipsum
3253 5023 3643 5119 sustinentes,

276 5134 711 5216 ἂγκεκλεισμένοι
759 5112 1051 5212 διέμειναν,
1113 5127 1230 5186 οὐδὲ
1259 5129 1383 5205 μίαν
1412 5125 1447 5196 ἤ
1481 5112 1571 5185 τοῦ
1629 5112 1786 5204 λιμξῦ
1833 5127 1922 5184 λύ-

2004 5141 2126 5189 tres
2183 5139 2373 5186 annos
2419 5119 2633 5182 inclusi
2690 5123 3198 5198 permanserunt:
3265 5112 3491 5175 nullam
3551 5117 3652 5210 aut

277 5199 389 5305 σίν,
448 5228 487 5296 ἡ
541 5199 647 5281 τῶν
699 5222 754 5280 ὲν
802 5199 873 5299 vi}
921 5199 1133 5303 φυλακῇ
1165 5199 1345 5277 κακῶν
1402 5199 1734 5296 παραμυθίαν
1791 5217 1921 5295 εὑρί-

2003 5216 2175 5277 l'amis
2204 5211 2663 5288 recreationem,
2694 5219 2795 5267 aut
2827 5205 3144 5305 malorum,
3181 5221 3318 5285 quae
3365 5209 3543 5305 erant
3591 5199 3652 5299 in

277 5334 527 5393 σκοντες,
585 5315 629 5370 εἰ
673 5314 750 5389 μή
806 5333 945 5375 τινες
1001 5315 1106 5367 τῶν
1164 5305 1543 5382 συνδεσμωτῶν
1620 5308 1924 5364 κατοικτεί-

2007 5303 2295 5377 custodia,
2329 5286 2704 5362 invenientes
2760 5293 3258 5371 consolationem,
3321 5289 3434 5351 nisi
3469 5286 3655 5392 aliqui

279 5425 464 5484 ραντες
511 5379 701 5483 ’βραχύ
739 5379 799 5459 ’τι
858 5402 1059 5482 τροφῆς
1122 5399 1258 5454 κατὰ
1338 5379 1399 5451 τὸ
1466 5393 1693 5463 λελητὸς
1748 5398 1927 5462 αὐτοῖς

2012 5414 2080 5459 ex
2114 5395 2187 5455 iis
2218 5394 2315 5474 qui
2352 5398 2520 5453 erant
2550 5389 2727 5449 simul
2782 5387 2984 5461 vincti,
3020 5402 3223 5446 eorum
3261 5379 3512 5454 miserti,
3546 5395 3653 5459 pa-

282 5469 671 5572 ibpsiav.”0i"
689 5492 790 5571 γὰρ
848 5469 916 5568 τη
969 5469 1157 5569 εἰρκτῇ
1212 5487 1643 5566 προσκαθήμενοι
1703 5486 1927 5566 φύλακες

2013 5504 2145 5549 rum
2179 5469 2320 5565 quid
2367 5479 2716 5544 nutrimenti
2774 5478 2861 5539 eis
2916 5477 3170 5537 latenter
3230 5469 3654 5572 praebuissent.

290 5561 477 5654 ἠλέουν
541 5582 640 5659 μὲν
698 5561 902 5644 uti-tabe
941 5561 1050 5637 τῶν
1108 5561 1391 5657 συμφορῶν
1436 5577 1523 5632 καὶ
1582 5581 1674 5632 τοῦ
1717 5561 1927 5661 ’γήρωςπ

2018 5574 2128 5652 Qui
2156 5561 2316 5639 enim
2351 5573 2413 5635 in
2461 5586 2704 5634 carcere
2734 5566 3078 5630 assidebam
3108 5561 3412 5636 custodes,
3446 5572 3661 5623 eorum

609 5703 870 5764 PATROL.
903 5697 1017 5763 Gn.
1063 5696 1269 5761 CXVI.
3309 5680 3382 5746 27
