4048 6136
428 271 544 337 843

1667 261 2050 326 ADDENDA.
2103 291 2174 306 -
2219 257 2545 325 APRILIS.

3687 259 3798 325 844

429 404 672 487 quidem
704 399 1099 464 calamitatum
1133 393 1570 487 miserebantur
1602 402 1662 487 et
1694 394 2019 456 senectutis
2049 417 2064 470 ;

2163 398 2296 456 )ὖδὲν
2341 401 2394 458 δὲ
2440 408 2545 458 τῶν
2577 403 2648 466 εἰς
2695 402 2974 480 θεραπείαν
3034 402 3216 481 δρᾶσαι
3260 401 3343 458 διὰ
3380 404 3469 458 τὸν
3505 408 3609 458 τοῦ
3653 401 3802 459 δικα-

431 483 537 557 sed
563 511 696 554 cum
726 489 872 551 nihil
898 493 1138 569 possent
1159 484 1548 561 facere,quod
1579 483 1653 545 ad
1687 501 1893 544 eorum
1928 501 2067 563 per-

435 585 650 646 tineret
684 578 1050 642 curationem
1077 583 1319 656 propter
1345 581 1565 633 metum
1594 571 1835 650 judicis,
1873 575 2070 634 solum

434 692 505 736 ex
535 689 736 733 eorum
765 666 933 730 malis
963 665 1227 728 dolorem
1247 661 1712 743 accipiebant,et
1745 663 2072 724 efferebant

432 764 722 842 lacrymas
750 752 1307 820 commiserationis.

515 841 644 914 XII.
679 847 909 911 Deinde
940 851 1071 926 post
1100 843 1260 904 illam
1293 841 1572 903 acerbam
1625 848 1683 902 et
1733 841 2070 903 diuturnam

436 940 839 1010 afﬂictionem,
877 952 1012 996 cum
1035 939 1193 995 esset
1223 931 1283 991 in
1313 949 1384 992 eo
1417 930 1548 992 loco
1579 931 1835 1010 Sapores
1862 931 1930 1002 (is
1961 948 2070 990 au-

437 1038 555 1092 tem
589 1027 896 1089 dicebatur
914 1020 1256 1100 Bithmada)
1290 1038 1393 1081 eos
1425 1019 1624 1081 educit
1657 1038 1690 1080 e
1722 1019 1992 1080 custodia
2025 1019 2074 1079 is

437 1118 530 1180 cui
561 1118 752 1178 fuerat
780 1113 1261 1190 commissum,ut
1291 1127 1394 1170 eos
1423 1109 1762 1185 castigaret.
1787 1107 2068 1182 Dixisses,

435 1209 482 1268 si
505 1205 776 1279 vidisses,
808 1203 942 1264 illos
973 1219 1104 1262 esse
1137 1197 1364 1260 umbrae
1394 1197 1621 1258 similes
1648 1215 1663 1273 ;
1716 1196 1864 1258 adeo
1898 1196 2073 1273 longa

434 1295 757 1358 afﬂictione
784 1291 1190 1354 extabuerant.
1228 1286 1455 1348 Deinde
1505 1305 1607 1348 eos
1651 1286 1807 1348 sistit
1859 1285 1930 1346 ad
1964 1286 2074 1347 tri-

435 1384 616 1446 bunal
640 1381 986 1445 Ardasabor
1008 1402 1024 1457 -,
1049 1384 1174 1439 erat
1193 1383 1390 1436 autem
1415 1375 1465 1435 is
1499 1375 1776 1455 princeps
1807 1374 2069 1434 omnium

437 1491 768 1554 magorum,
803 1470 904 1550 qui
937 1476 1108 1530 erant
1138 1466 1199 1526 in
1228 1464 1493 1554 Perside.
1530 1464 1635 1554 Ille
1672 1482 1832 1554 vero
1875 1462 2068 1554 statim

439 1551 747 1626 eis'dixit:
805 1558 959 1630 Quid
1013 1564 1238 1633 autem,
1295 1553 1437 1614 estis
1469 1553 1784 1614 Christiani
1814 1553 1842 1613 ?
1869 1551 2072 1614 Sancti

434 1671 598 1717 vero.
629 1650 822 1725 Certe,
855 1648 1158 1719 dixerunt,
1188 1643 1532 1715 Christiani,
1567 1650 1628 1703 et
1656 1642 1848 1702 solum
1885 1642 2069 1703 Deum

2153 499 2277 547 στοῦ
2321 490 2481 572 φόϐον
2513 490 2786 564 δυνάμενοι
2820 492 3110 569 συνήλγουν
3144 495 3326 556 αὒτοτς
3379 492 3546 566 μόνον
3603 495 3702 548 καὶ
3747 493 3804 547 τὸ

2153 586 2250 646 τῆς
2286 583 2608 656 συμπαθείας
2642 580 2962 659 προσέφερον
2991 578 3231 658 δάκρυον.

2238 847 2343 910 ΙΒ’,
2395 847 2528 905 Εἶτα
2573 847 2708 922 μετὰ
2752 847 2848 912 τὴν
2892 847 3082 925 πικρὰν
3141 847 3346 914 ἐκείνην
3407 849 3492 905 καὶ
3532 846 3815 924 πολυχρό-

2157 958 2264 992 ιοιον
2321 936 2554 996 κάκωσιν
2612 933 2881 1007 Σαϐωρίου
2935 937 3070 992 κατὰ
3113 938 3204 992 τὸν
3259 937 3432 992 αὐτόθι
3489 942 3671 992 τόποι
3716 957 3812 1012 γε-

2157 1025 2377 1099 νομένου
2434 1023 2691 1105 (Βιθμαδᾶ
2735 1025 2884 1090 οὗτος
2930 1025 3194 1104 ἐλέγετο),
3253 1024 3425 1102 ἐξάγει
3480 1031 3589 1092 τῆς
3639 1023 3814 1103 φυλα-

2157 1117 2255 1182 κῆς
2313 1117 2339 1170 ὁ
2397 1113 2634 1185 κολάζειν
2689 1115 2874 1177 αὐτοὺς
2931 1114 3246 1178 πιστευθείς.
3310 1114 3478 1178 Εἷπες
3562 1112 3630 1169 ἂν
3689 1110 3810 1169 ἰδὼν

2156 1203 2381 1269 ἐκείνους
2438 1203 2672 1259 ἑοικέναι
2732 1211 2855 1276 σκιᾷ
2889 1219 2903 1233 ⁸
2969 1204 3132 1268 οὕτως
3188 1205 3321 1270 ἦσαν
3375 1204 3476 1258 ὑπὸ
3544 1202 3651 1269 τῆς
3711 1223 3813 1276 μα-

2157 1299 2282 1369 κρᾶς
2326 1292 2681 1356 κακοπαθείας
2747 1292 3113 1359 ἐκτετηκότες.
3179 1293 3315 1348 Εἶτα
3373 1296 3450 1363 τῷ
3519 1297 3624 1347 τοῦ
3680 1287 3809 1368 Ἀρ-

2157 1381 2397 1460 δασαϐὼρ
2456 1383 2738 1460 παρίστησι
2797 1383 2998 1458 βήματι
3032 1398 3047 1414 ⁸
3111 1381 3295 1461 ἅρχων
3358 1380 3410 1436 δὲ
3468 1380 3634 1442 οὗτος
3681 1381 3811 1436 πάν-

2155 1491 2258 1526 των
2303 1476 2406 1526 τῶν
2462 1470 2515 1525 ἐν
2551 1467 2754 1547 Περσίδι
2788 1471 2973 1548 μάγων
3004 1469 3294 1550 ἐτύγχανεν
3339 1469 3436 1532 ὥν.
3492 1472 3598 1527 Καὶ
3631 1468 3692 1534 ὃς
3721 1473 3807 1528 εὖ·

2153 1558 2240 1621 θὺς
2285 1560 2414 1635 πρὸς
2445 1560 2629 1623 αὐτούς
2666 1581 2678 1595 ·
2735 1560 2795 1616 Τί
2851 1557 2955 1633 δαὶ,
3015 1559 3320 1638 Χριστιανοί
3372 1561 3545 1633 ἐστε;
3608 1561 3707 1616 Καὶ
3761 1559 3808 1612 οἱ

2153 1647 2318 1724 ἅγιοι,
2366 1649 2488 1722 Ναὶ,
2535 1652 2715 1721 εἷπον,
2783 1650 3104 1726 Χριστιανοὶ,
3164 1652 3254 1705 καὶ
3307 1656 3381 1722 τῷ
3438 1649 3595 1723 μόνῳ
3650 1653 3806 1718 ζῶντι

438 1743 626 1803 vivum
651 1739 1053 1815 adorantes,et
1085 1734 1199 1814 ipsi
1230 1733 1339 1794 soli
1374 1731 1723 1794 servientes.
1760 1732 2070 1810 Tyrannus

2163 1743 2284 1810 Θεῷ.
2353 1740 2760 1814 προσκυνοῦντες
2846 1739 2933 1794 καὶ
3002 1737 3144 1812 αὐτῷ
3217 1738 3365 1813 μόνῳ
3425 1736 3806 1807 λατρεύοντες.

435 1840 631 1892 autem
670 1848 684 1891 :
719 1827 972 1901 Videtis,
1000 1823 1168 1898 dixit,
1202 1820 1702 1902 quemadmodum
1739 1838 1869 1900 quae
1908 1819 2071 1880 vobis

2163 1827 2253 1881 Καὶ
2300 1829 2326 1881 ὁ
2378 1826 2624 1898 τύραννος
2662 1844 2674 1857 ’
2716 1819 2895 1905 (Ορᾷς,
2944 1827 3123 1905 εἶπεν,
3171 1827 3316 1890 ὅπως
3381 1829 3430 1882 αἱ
3489 1826 3807 1906 ἐνεχθεῖσαι

433 1920 596 1982 illata
649 1927 789 1978 sunt
839 1921 1157 1987 tormenta,
1213 1912 1539 1972 attulerunt
1587 1909 1754 1970 vobis
1798 1927 2070 1985 magnam

2163 1913 2376 1988 βάσανοι
2435 1914 2644 1981 πολλὴν
2700 1917 2827 1990 ὑμῖν
2870 1915 2970 1982 τῆν
3027 1915 3387 1993 ταλαιπωρίαν
3418 1912 3808 1988 ἐμπεποιῆκα-

434 2007 846 2086 afﬂictionem,
883 2002 1066 2064 multo
1093 2007 1293 2061 autem
1328 1999 1512 2078 magis
1541 1998 1821 2060 diuturna
1850 1997 2073 2059 vexatio

436 2105 494 2159 et
514 2095 767 2158 inclusio
796 2111 905 2169 ;ea
928 2092 1086 2152 enim
1139 2097 1197 2150 et
1232 2088 1478 2150 formam
1523 2086 1686 2149 vobis
1718 2087 1982 2165 mutavit,
2015 2095 2075 2147 et

435 2185 632 2247 effecit
659 2191 726 2245 ut
773 2183 852 2243 ita
902 2178 1389 2241 extabesceretis.
1455 2175 1855 2248 Quamobrem
1906 2175 2072 2236 vobis

437 2272 822 2348 consulerim,
855 2279 921 2332 ut
954 2268 1099 2331 mihi
1151 2267 1437 2348 pareretis
1488 2266 1758 2328 aﬁerenti
1818 2283 1886 2327 ea
1941 2283 2073 2344 quze

434 2375 574 2426 sunt
597 2362 759 2424 vobis
783 2359 1204 2434 conducibilia,
1240 2365 1299 2418 et
1321 2356 1488 2418 vobis
1511 2361 1857 2437 parcatis,et
1880 2355 2067 2416 solem

434 2453 697 2514 lucidum
716 2449 997 2513 adoretis.
1029 2447 1131 2509 Sin
1155 2446 1377 2527 minus,
1408 2455 1594 2508 restat
1617 2456 1676 2506 ut
1711 2445 2072 2524 gravissimae

2157 2023 2263 2082 σιν,
2306 2004 2392 2059 ἐπὶ
2435 2002 2596 2061 πλέον
2639 2003 2718 2074 δὲ,
2771 2008 2951 2078 οἶμαι,
2999 2005 3083 2060 καὶ
3125 2007 3159 2072 ἡ
3212 2007 3398 2084 χρονία
3457 2004 3704 2064 κάκωσίς
3758 2006 3812 2057 τε

2159 2091 2253 2146 καί
2312 2091 2591 2170 κάθειρξις.
2641 2091 2782 2160 Αὕτη
2828 2094 2928 2171 γάρ
2985 2094 3078 2157 τὰς
3131 2113 3188 2149 τε
3247 2094 3450 2172 μορφὰς
3505 2095 3643 2167 ὑμῖν
3702 2090 3806 2157 ἠλ-

2155 2179 2370 2252 λοίωσε,
2417 2182 2505 2238 καὶ
2559 2179 2732 2248 δεινὴν
2792 2182 2928 2239 οὕτω
2975 2182 3072 2249 τὴν
3129 2180 3370 2248 σύντηξιν
3399 2181 3754 2259 ἐνειργάσατο
3787 2196 3803 2211 ⁶

2154 2267 2233 2324 διὸ
2294 2271 2380 2325 καὶ
2451 2268 2897 2345 συμϐουλεύσαιμι
2943 2270 3005 2326 ἂν
3059 2271 3192 2346 ὑμῖν
3245 2271 3522 2337 πεισθῆναί
3585 2293 3681 2344 μοι
3741 2270 3804 2326 τά

2153 2357 2523 2417 λυσιτελοῦντα
2603 2359 2966 2438 είσηγουμένῳ
3051 2361 3142 2417 καί
3229 2360 3505 2440 φείσασθαι
3571 2360 3798 2432 ἑαυτῶν,

2153 2449 2288 2521 ἡλίῳ
2316 2470 2372 2505 τε
2401 2456 2476 2522 τῷ
2505 2457 2702 2528 φαεινῷ
2744 2448 3101 2526 προσκυνῆσαι
3140 2471 3150 2481 ·
3199 2451 3243 2505 εἰ
3276 2447 3320 2505 δ’
3351 2456 3461 2523 οὖν,
3498 2451 3563 2506 τὸ
3601 2447 3794 2505 λειπό-

2154 2537 2311 2613 μενόν
2341 2537 2451 2593 ἐστι
2480 2538 2686 2612 θανάτῳ
2728 2540 2862 2611 ὑμᾶς
2908 2539 3216 2618 ὑπαχθῆναι
3262 2537 3678 2618 χαλεπωτάτῷ,

2237 2625 2340 2687 ll".
2387 2629 2446 2683 Ὀ
2491 2627 2642 2704 ἅγιος
2687 2626 2990 2703 Ἀκεψιμᾶς
3021 2629 3331 2704 ἀπεκρίνατο
3365 2646 3384 2666 ⁸
3419 2627 3492 2686 Οῧ
3520 2651 3592 2705 με
3627 2625 3795 2684 διέλα-

438 2548 613 2605 morti
643 2537 1074 2621 subjiciamini.‘

513 2631 672 2695 Xllf.
701 2627 1034 2709 Respondit
1092 2632 1330 2685 sanctus
1364 2622 1707 2702 Acepsimas
1743 2644 1754 2679 :
1790 2623 1922 2683 Non
1977 2639 2070 2682 me

433 2721 576 2782 latet
616 2737 848 2780 summo
898 2732 1031 2777 esse
1079 2713 1186 2772 tibi
1220 2711 1414 2774 studio
1445 2710 1658 2789 dogma
1688 2716 1978 2791 patrium;
2013 2717 2072 2771 et

2163 2720 2237 2773 isv
2297 2717 2370 2781 ὡς
2425 2713 2821 2794 ὕπερϐάλλουσά
2877 2739 2959 2774 σοι
3004 2717 3204 2785 σπουδὴ
3277 2721 3392 2796 περὶ
3448 2719 3510 2774 τὸ
3573 2717 3796 2796 πάτριον

435 2813 549 2870 hoc
574 2807 680 2869 tibi
705 2823 836 2868 esse
857 2800 1309 2885 propositum,si
1328 2799 1503 2861 modo
1529 2801 1654 2862 ﬁeri
1681 2800 1996 2880 posset,vel
2015 2799 2070 2860 vi

2163 2802 2325 2881 Βόγμα
2392 2807 2477 2861 καὶ
2522 2811 2678 2862 τοῦτο
2735 2806 3002 2884 πρόθεσις,
3064 2807 3218 2883 εἴπερ
3275 2804 3372 2884 ἄρα
3442 2808 3532 2864 καὶ
3585 2805 3796 2863 δυνατὸν

433 2899 524 2959 vel
556 2895 940 2975 persuasione
990 2891 1251 2964 efﬁcere,
1313 2897 1371 2950 ut
1423 2908 1631 2950 omnes
1687 2890 1947 2951 attrahas
1995 2888 2069 2951 ad

2163 2895 2218 2962 ἦν
2252 2894 2287 2962 ἢ
2319 2894 2405 2969 βίᾳ
2436 2893 2471 2962 ἢ
2505 2897 2684 2951 πειθοῖ
2714 2917 2792 2950 σοι
2823 2899 3241 2976 κατορθωθῆναι,
3289 2897 3354 2952 τὰ
3402 2897 3610 2960 πάντας
3670 2895 3795 2974 πρὸς

433 2983 704 3047 eamdem
733 2978 1234 3059 religionem.Hoc
1255 2987 1453 3040 autem
1477 2979 1552 3039 de
1576 2976 1746 3038 nobis
1770 2995 2069 3058 nunquam

2163 2983 2250 3050 τὴν
2296 2984 2460 3050 αὐτὴν
2513 2982 2726 3040 ἑλκύσαι
2777 2986 3079 3063 θρησκείαν.
3129 2992 3292 3042 Τοῦτο
3351 2983 3404 3040 δὲ
3463 2988 3588 3065 περὶ
3651 2983 3795 3059 ἡμῶν

434 3073 538 3134 tibi
577 3071 771 3133 veniat
795 3071 856 3131 in
892 3077 1176 3143 mentem,
1208 3076 1272 3129 ut
1301 3075 1475 3149 putes
1501 3067 1595 3130 vel
1648 3067 1948 3128 blanditiis
1976 3065 2070 3128 vel

2163 3071 2292 3145 μηδὲ
2326 3074 2394 3136 εἰς
2455 3081 2571 3130 νοῦν
2629 3071 2882 3142 ἀναϐήτω
2939 3096 3020 3130 σοι
3080 3076 3154 3137 ὡς
3186 3075 3496 3143 ἢθωπείαις
3555 3076 3594 3141 ἢ
3652 3073 3794 3129 ἀπει-

435 3163 614 3224 minis
643 3161 731 3222 vel
757 3161 884 3221 aliis
936 3159 1246 3218 intentatis
1299 3157 1470 3218 malis
1519 3175 1691 3236 posse
1722 3155 1892 3216 nobis
1925 3173 2066 3236 per-

2163 3159 2278 3224 λαϊς
2334 3161 2370 3227 ἦ
2429 3164 2604 3217 κακῶν
2663 3160 2851 3225 ἄλλαις
2911 3165 3193 3242 ἐπιφοραῖς
3251 3163 3599 3239 μεταπείσεις
3655 3164 3792 3237 huic

434 3250 711 3329 suadere,
745 3257 810 3310 ut
841 3247 1187 3309 deﬁciamus
1221 3264 1254 3305 a
1284 3244 1457 3305 nobis
1486 3245 1672 3307 semel
1720 3245 2070 3306 conﬁrmato

2163 3249 2450 3316 ἰποστῆναι
2506 3257 2598 3307 τοῦ
2659 3250 2797 3317 ἅπαξ
2879 3250 3259 3327 βεϐαιωθέντος
3339 3255 3473 3328 ἡμῖν
3533 3252 3788 3331 δόγματος

435 3340 712 3416 dogmate
735 3346 794 3400 et
816 3356 848 3398 a
871 3333 1272 3398 confessione.
1304 3333 1498 3394 Parati
1523 3334 1682 3394 enim
1707 3351 1913 3394 sumus
1942 3351 2069 3394 om--

2163 3340 2241 3394 καὶ
2297 3339 2394 3406 τῆς
2449 3339 2757 3418 ὁμολογίας,
2807 3339 3069 3417 Ἐτοίμως
3113 3343 3211 3420 γὰρ
3258 3341 3460 3423 ἔχομεν
3490 3344 3668 3400 πάντα
3693 3359 3786 3396 πα-

433 3430 531 3489 nia
563 3427 680 3507 pati
713 3426 929 3507 potius,
956 3440 1129 3504 quam
1172 3442 1205 3484 a
1235 3423 1346 3484 ﬁde
1368 3423 1427 3483 in
1461 3423 1759 3485 Christum
1785 3422 2065 3484 deﬁcere.

431 3515 828 3594 Nonignoro,
892 3514 1086 3590 inquit
1141 3520 1444 3594 tyrannus,
1498 3511 1658 3589 quod
1709 3531 1842 3574 cum
1908 3510 2073 3572 vobis

434 3604 786 3666 Christianis
836 3621 997 3664 mors
1054 3610 1294 3682 putetur
1340 3620 1470 3663 esse
1502 3602 1694 3681 quies,
1731 3619 1907 3662 omne
1939 3610 2072 3664 stu-

434 3693 594 3754 dium
629 3712 661 3754 a
691 3693 857 3754 vobis
888 3692 960 3752 ad
994 3693 1105 3752 hoc
1137 3699 1485 3770 ponatur,ut
1513 3690 1585 3750 iis
1616 3690 2076 3770 fruamini,quo-

433 3801 563 3844 rum
593 3801 761 3863 spem
797 3781 1172 3861 concepistis,
1211 3780 1313 3841 sed
1340 3799 1460 3842 non
1494 3779 1695 3841 licebit
1741 3779 1907 3841 vobis
1956 3778 2073 3841 cito

437 3874 724 3951 consequi
756 3870 1004 3951 id,quod
1037 3868 1406 3931 desideratis.
1437 3867 1584 3931 Nam
1615 3888 1749 3931 cum
1784 3869 1946 3949 prius
1971 3887 2072 3929 ve-

439 3968 588 4021 stras
611 3979 820 4020 carnes
847 3959 1126 4039 paulatim
1154 3977 1602 4039 consumpsere,
1629 3958 1910 4019 acerbum
1944 3958 2075 4018 vitae

441 4049 620 4109 ﬁnem
649 4047 1162 4128 vobisimponam.
1199 4049 1305 4111 Cui
1327 4058 1569 4110 sanctus
1593 4067 1610 4106 :
1638 4049 1710 4109 Et
1739 4049 1857 4126 jain
1883 4049 2067 4128 prius,

436 4137 655 4218 inquit,
687 4156 719 4198 a
751 4136 920 4198 nobis
947 4137 1193 4212 audisti,
1239 4146 1297 4199 et
1329 4157 1485 4199 nunc
1547 4136 1606 4197 id
1647 4155 1883 4216 quoque
1914 4146 2074 4198 certo

2153 3431 2263 3483 θεῖν
2323 3426 2524 3502 μᾶλλον
2593 3429 2628 3494 ἦ
2690 3434 2787 3497 τῆς
2846 3431 2976 3508 πρὸς
3058 3433 3280 3509 Χριστὸν
3339 3431 3642 3500 ἀποστῆναι
3709 3451 3786 3485 πι-

2155 3537 2346 3580 στεως.
2409 3518 2516 3574 Οὔκ
2557 3517 2757 3597 ἀγνοῶ,
2804 3517 2905 3597 ἔφη
2952 3522 2979 3574 ὁ
3031 3520 3298 3601 τύραννος,
3353 3522 3427 3584 ὥς
3485 3519 3616 3600 παρ’
3670 3520 3789 3594 ὑμῖν

2155 3620 2271 3670 τοῖς
2332 3613 2667 3684 Χριστιανοϊς
2725 3608 2796 3669 εἷς
2861 3607 3156 3665 ἀνάπαυσιν
3231 3610 3373 3666 εἶναι
3425 3612 3517 3666 τοῦ
3571 3608 3789 3666 θανάτου

2157 3695 2502 3770 νομιζομένου
2559 3694 2762 3763 σπουδὴ
2809 3703 2952 3752 πᾶσα
2996 3700 3127 3774 πρὸς
3172 3707 3355 3756 τοῦτον
3385 3697 3468 3754 διὰ
3522 3699 3625 3766 τὴν
3685 3702 3786 3753 τῶν

2157 3783 2515 3860 ὶλπιζομένων
2558 3784 2852 3842 ἀπόλαυσιν
2882 3805 2896 3820 ⁸
2963 3786 3081 3843 ἀλλ’
3145 3791 3236 3845 οὐκ
3288 3786 3488 3853 ἒξὲσται
3547 3789 3676 3864 ὑμῖν
3717 3785 3787 3848 εἷς

2159 3874 2325 3952 τάχος
2389 3881 2478 3931 τοῦ
2561 3874 2884 3950 ποθουμένου
2941 3876 3278 3958 μεταλαχεϊν
3311 3897 3323 3910 ·
3381 3878 3637 3956 πρότερον
3692 3874 3784 3953 γὰρ

2156 3965 2301 4038 ὑμῶν
2358 3964 2494 4019 κατὰ
2550 3965 2721 4044 βραχὺ
2782 3967 2874 4030 τὰς
2930 3966 3127 4046 σάρκας
3197 3965 3594 4044 ἐκδαπανήσας,
3655 3964 3783 4022 οὕτω

2155 4053 2339 4130 πικρὸν
2372 4054 2499 4127 ὑμῖν
2530 4055 2589 4109 τὸ
2627 4053 2782 4119 τέλος
2812 4060 2911 4122 τῆς
2942 4062 3084 4127 ζωῆς
3115 4057 3372 4127 ἐπιθήσω,
3413 4057 3505 4114 Καὶ
3558 4059 3586 4113 ὁ
3614 4055 3779 4134 ἅγιος·

2162 4139 2306 4209 ’Ήδη
2368 4141 2490 4220 παρ’
2551 4143 2703 4217 ἡμῶν
2764 4145 2852 4200 καὶ
2917 4145 3168 4224 πρότερον
3247 4145 3503 4221 ἤκουσας,
3563 4144 3658 4202 καὶ
3712 4147 3792 4197 νῦν

437 4229 614 4304 scias,
647 4227 803 4308 quod
837 4245 1032 4306 neque
1084 4236 1319 4289 tuorum
1377 4232 1833 4298 tormentorum,
1886 4244 2072 4305 neque

2165 4231 2392 4305 μάνθανε
2435 4232 2553 4310 περὶ
2595 4234 2779 4288 τούτου
2823 4232 3048 4309 βεϐαίως
3110 4237 3184 4299 ὠς
3245 4234 3360 4292 οὔτε
3407 4237 3516 4292 τῶν
3561 4238 3665 4291 σῶν
3704 4233 3790 4307 βα·

437 4317 733 4379 minarum
761 4335 869 4377 nos
904 4317 1082 4376 ullam
1128 4315 1401 4377 ducimus
1447 4313 1764 4376 rationem.
1799 4315 1948 4376 Nam
1981 4315 2072 4395 qui

2165 4320 2360 4399 σάνων,
2427 4320 2544 4375 οὔτε
2603 4327 2709 4376 τῶν
2765 4321 3000 4379 ἀπειλῶν
3045 4322 3206 4402 λόγος
3265 4325 3400 4399 ἡμῖν
3443 4326 3505 4381 τὸ
3560 4321 3793 4400 παράπαν

435 4407 494 4466 in
528 4405 1005 4484 praecedentibus
1065 4405 1238 4464 malis
1295 4404 1470 4464 nobis
1531 4421 1771 4462 manum
1833 4401 2072 4482 praebuit

2167 4409 2271 4464 οὔδ’
2303 4411 2330 4464 ὁ
2375 4415 2578 4489 τυχών,
2612 4410 2674 4468 ’0
2705 4412 2805 4490 γὰρ
2853 4411 2905 4468 ὲν
2939 4425 3056 4475 τοῖς
3089 4411 3411 4490 προλαϐοῦσι
3457 4413 3652 4477 δεινοῖς
3679 4407 3793 4491 χεῖ·

435 4493 812 4572 adjutricem,
848 4494 976 4573 ipse
1009 4512 1166 4553 nunc
1201 4511 1436 4571 quoque
1471 4490 1642 4552 nobis
1675 4491 1823 4551 feret
1877 4510 2072 4574 opem,

2164 4519 2228 4575 ρα
2280 4499 2472 4573 βοηθὸν
2535 4501 2970 4579 παρασχόμενος,
3020 4505 3174 4565 αὖτὸς
3220 4503 3306 4559 καὶ
3365 4502 3452 4558 νῦν
3509 4502 3792 4578 ἐπικουρῶν

436 4591 495 4643 et
523 4581 758 4653 efficiet,
789 4591 854 4643 ut
884 4600 1002 4642 non
1025 4579 1344 4642 difﬁciliter
1376 4581 1635 4641 feramus
1664 4598 1737 4641 ea
1760 4599 1890 4659 quae
1910 4582 2081 4644 nobis

435 4670 907 4734 intentabuntur.
941 4669 1012 4731 Et
1065 4669 1115 4730 si
1160 4671 1308 4732 velis
1359 4671 1554 4731 facere
1609 4671 1939 4750 periculum
1974 4691 2080 4733 no-

438 4769 575 4822 stra:
604 4766 663 4821 in
698 4759 990 4841 profundo
1024 4759 1191 4820 senio
1249 4759 1627 4836 fortitudinis,
1685 4760 1830 4820 nihil
1864 4759 2075 4825 obstat.

438 4851 604 4914 Scies
633 4850 791 4913 enim
828 4857 886 4912 te
913 4849 1136 4911 frustra
1167 4849 1460 4926 laborare,
1489 4859 1548 4912 et
1577 4850 1821 4930 aggredi
1851 4868 1921 4912 ea
1949 4870 2080 4931 quae

421 4950 574 5004 sunt
608 4939 860 5002 inutilia.

513 5029 667 5093 XIV.
703 5033 955 5112 Propter
987 5031 1111 5093 haec
1147 5031 1232 5094 ira
1262 5032 1527 5113 repletus
1552 5029 1760 5110 judex,
1789 5030 1963 5110 jubet
1991 5031 2077 5093 af-

434 5121 576 5182 ferri
628 5121 862 5199 flagella
891 5141 959 5183 ex
993 5121 1155 5182 corio
1208 5122 1392 5184 crudo
1447 5121 1738 5200 confecta,
1775 5129 1832 5181 et
1862 5120 2078 5202 subjici

437 5228 642 5272 eorum
670 5211 876 5272 oculis.
914 5211 1141 5272 Deinde
1175 5210 1321 5272 dicit
1350 5210 1574 5272 sanctis
1611 5229 1623 5268 :
1656 5211 1822 5284 Juro,
1860 5209 2076 5290 inquit,

442 5317 546 5376 per
575 5300 768 5378 ipsum
805 5318 1080 5378 magnum
1112 5301 1297 5360 Deum
1361 5310 1419 5362 et
1465 5299 1747 5378 inclytam
1781 5299 2076 5359 fortunam

441 5388 704 5465 Saporis,
729 5388 845 5451 nisi
880 5388 1130 5469 imperio
1172 5389 1302 5466 ejus
1332 5387 1700 5461 obedieritis,
1737 5389 1828 5447 his
1856 5395 2078 5448 vestras

441 5491 648 5536 carnes
664 5476 1224 5558 consumam,vestri
1250 5477 1411 5538 nulla
1433 5485 1626 5537 motus
1648 5475 2073 5538 misericordia.

440 5559 610 5634 Quod
642 5564 692 5626 si
723 5566 905 5630 etiam
938 5563 1351 5646 contigerit,ut
1383 5584 1482 5630 vos
1513 5564 1687 5628 citius
1718 5564 2073 5644 moriemini,

2164 4586 2331 4661 ἔσται,
2380 4589 2466 4645 καὶ
2529 4589 2740 4654 ἀπόνως
2800 4591 2972 4670 φέρειν
3033 4592 3442 4669 παρασκευάζων
3491 4594 3556 4649 τὰ
3612 4587 3791 4664 ἑπαγό-

2162 4699 2319 4751 μενα.
2355 4678 2451 4734 Καὶ
2485 4679 2528 4733 εἰ
2585 4678 2764 4754 βούλει
2821 4684 3011 4756 πεῖραν
3073 4678 3259 4737 λαϐεῖν
3313 4682 3410 4747 τῆς
3456 4683 3510 4738 ἐν
3542 4689 3618 4757 τῷ
3646 4679 3788 4757 βαθεῖ

2160 4767 2300 4843 γήρᾳ
2349 4767 2622 4845 καρτερίας
2656 4771 2834 4848 ἡμῶν,
2868 4769 3014 4827 οὐδὲν
3045 4771 3106 4825 τὸ
3138 4769 3340 4826 κωλύον
3381 4786 3394 4801 ·
3429 4769 3558 4848 εἴση
3585 4771 3680 4850 γὰρ
3709 4762 3782 4821 ἐπὶ

2162 4855 2370 4933 ματαίῳ
2400 4858 2719 4934 πονούμενος
2752 4860 2838 4915 καὶ
2870 4859 3146 4926 ἀνηνύτοις
3184 4859 3498 4940 ἐπιχειρῶν,

2240 5033 2347 5093 ΙΔ’.
2395 5042 2572 5110 Θυμοῦ
2618 5035 2916 5115 πληρωθεὲς
2971 5037 3025 5093 ἐν
3083 5037 3285 5101 τούτοις
3318 5041 3346 5094 ὁ
3375 5035 3632 5106 δικαστὴς
3689 5052 3777 5111 με·

2159 5144 2344 5201 στιγας
2395 5123 2593 5180 κελεῦει
2647 5125 2844 5204 βύρσης
2891 5128 3046 5201 ὠμῆς
3104 5126 3412 5206 ἐνεχθῆναι,
3471 5131 3678 5194 τεθῆναι
3729 5120 3776 5176 δὲ

2160 5214 2294 5269 κατὰ
2341 5213 2622 5290 πρόσωπον
2659 5235 2672 5250 ·
2709 5215 2832 5271 εἶτα
2892 5214 3024 5294 πρός
3053 5217 3173 5280 τοὺς
3205 5216 3407 5293 ἁγίους,
3443 5216 3611 5272 Αὐτὸν
3638 5215 3777 5289 ὄμνυ-

2161 5325 2220 5377 μι
2251 5303 2340 5357 τὸν
2371 5301 2563 5380 μέγαν,
2627 5303 2753 5384 ἔφη,
2817 5305 2945 5361 Θεὸν
2989 5307 3073 5361 καὶ
3103 5306 3199 5372 τὴν
3230 5304 3418 5361 εὔκλεᾶ
3459 5326 3635 5384 τυχην
3687 5307 3777 5356 Σα-

2160 5390 2381 5469 πωρίου,
2417 5393 2460 5446 εἷ
2492 5393 2570 5466 μὴ
2603 5396 2676 5466 τῷ
2736 5395 2894 5450 αὐτοῦ
2938 5394 3183 5460 πεισθῆτε
3240 5394 3632 5472 προστάγματι,
3663 5388 3774 5447 τού-

2159 5502 2271 5545 τοις
2307 5482 2450 5557 ὕμῶν
2479 5480 2741 5539 ἀναλώσω
2786 5484 2877 5549 τὰς
2927 5483 3143 5564 σάρκας,
3177 5480 3358 5547 οὐδένα
3387 5486 3570 5540 οἶκτον
3598 5477 3772 5538 ποιού-

2162 5592 2342 5649 μενος.
2409 5572 2470 5629 Εἰ
2516 5569 2568 5629 δὲ
2612 5575 2698 5632 καὶ
2755 5573 2946 5653 τάχιον
3003 5573 3129 5651 ὑμῖν
3187 5571 3404 5652 γένηται
3462 5565 3770 5649 μαστιζομέ-
