4022 6146
311 305 428 372 845

1211 309 1630 381 CERTAMEN
1675 317 1732 379 S.
1780 314 2176 380 ACEPSIM/E
2216 318 2315 380 ET
2360 318 2763 382 SOCIORUM.

3566 325 3684 391 846

311 469 419 511 νοις
476 447 785 522 ἀποθανεῖν,
836 447 975 506 ’ἀλλ’
1034 450 1141 529 ἐγὼ
1183 454 1270 509 καὶ
1315 452 1481 518 οὕτως
1529 454 1790 527 αἰκίσομαι
1837 455 1956 517 τοὺς

2049 449 2182 512 dum
2217 452 2418 528 ﬂagris
2450 451 2774 522 caedimini.
2811 459 2872 512 at
2912 471 3020 532 ego
3054 455 3141 518 sic
3172 473 3411 537 quoque
3440 459 3681 538 pnniam

313 540 550 616 νεκροὺς,
613 539 700 594 καὶ
769 540 906 596 κατὰ
963 540 1123 614 μέλος
1194 541 1456 618 διατεμὼν
1517 544 1708 622 ὀρνέοις
1763 565 1820 600 τε
1876 546 1962 600 καὶ

313 626 460 681 κυσὶν
537 623 816 703 ἐπιῤῥίψω.
887 620 942 686 Ὀ
1008 629 1159 708 ἅγιος
1248 635 1400 688 εἶπεν
1475 620 1794 707 Ἀκεψιμᾶς,
1874 635 1962 695 Εἰς

309 713 508 788 κτίσμα
568 715 824 789 όμόσαντί
879 738 962 773 σοι
1006 720 1090 774 καὶ
1148 723 1207 778 οὒ
1265 721 1418 800 Θεὸυ,
1471 719 1605 776 ἀλλὰ
1647 723 1734 777 καὶ
1787 723 1963 801 τύχην

316 803 616 881 ἀνθρώπου,
664 801 871 860 δέδοικα
922 809 1118 881 μήπως
1180 810 1237 865 οὗ
1277 808 1503 884 μελησει
1545 811 1662 888 περὶ
1703 815 1808 866 τῶν
1867 813 1961 883 ὀρ-

307 915 438 965 κων,
498 891 605 948 οὐδ’
651 892 964 965 ἀπαράϐατοι
1024 895 1455 976 φυλαχθήσονται
1513 899 1578 954 τὰ
1633 898 1960 973 ὀμωμοσμέ-

309 1003 394 1042 να.
444 982 500 1038 Εἰ
531 978 576 1035 δ’
623 981 876 1060 ἀσφαλῶς
913 983 1061 1062 ἔχεις
1105 993 1268 1042 ταῦτα
1310 989 1403 1042 καί
1455 985 1702 1064 βεϐαὶως,
1737 985 1846 1042 ἰδού
1879 1002 1960 1042 σοι

310 1072 374 1127 τὰ
425 1071 578 1145 ἡμῶν
639 1071 886 1151 σώματα,
920 1075 1040 1151 χρῶ
1084 1075 1217 1132 κατὰ
1259 1075 1479 1152 γνώμην
1529 1074 1730 1150 μηδένα
1776 1079 1958 1133 οἶκτον

310 1161 485 1233 ἡμῶν,
531 1161 604 1221 ὡς
651 1158 806 1234 ἔφης,
862 1159 998 1229 μηδὲ
1047 1161 1206 1240 φειδὼ
1258 1165 1595 1238 ποιούμενος.
1646 1163 1823 1228 Οὕτως
1876 1167 1954 1220 εἷ-

306 1247 499 1312 πόντος
553 1251 579 1304 6
624 1252 813 1325 μιαρὸς
857 1248 1064 1306 ἐκέλευε
1091 1250 1345 1318 δικαστὴς
1398 1254 1493 1317 τὰς
1523 1266 1716 1331 χεῖρας
1767 1251 1948 1308 διατα-

304 1336 457 1392 θέντα
515 1337 650 1392 κατά
701 1358 758 1393 τε
803 1337 981 1393 νώτων
1049 1341 1136 1394 καὶ
1194 1339 1419 1418 στέρνων
1482 1342 1714 1419 ἰσχυρῶς
1759 1342 1953 1397 τύπτέ-

297 1428 440 1482 σθαι.
483 1425 567 1488 Εἷς
599 1432 752 1482 τοῦτο
797 1423 850 1479 δὲ
885 1425 1147 1503 προῆλθον
1205 1427 1484 1501 ὠμότητος
1516 1432 1563 1484 οἱ
1616 1429 1950 1494 παστίξοντες

291 1515 370 1577 ὣς
419 1511 653 1570 ἑνδοῦναι
711 1513 839 1587 μηδ’
887 1515 1048 1596 ὅλως,
1082 1515 1180 1579 ἕως
1227 1520 1278 1572 αἱ
1321 1519 1509 1594 σάρκες
1567 1518 1952 1592 ἆποσπώμεναι

293 1610 402 1658 τῶν
470 1601 666 1658 ὀστέων
712 1605 786 1667 εἷς
819 1606 923 1681 γῆν
966 1606 1042 1679 τῷ
1097 1604 1287 1679 αἵματι
1348 1605 1747 1683 συγκατέῤῥεον.
1797 1601 1854 1664 Ὀ
1900 1607 1953 1663 δὲ

295 1691 461 1767 κήρυξ
533 1689 682 1746 ἐϐόαο
758 1696 1000 1759 Πεισθητι
1057 1700 1133 1766 τῷ
1189 1701 1282 1750 τοῦ
1353 1694 1609 1770 βασιλέως
1667 1695 1949 1770 θελήματι,

2043 539 2132 599 vel
2180 547 2464 619 mortuos,
2498 549 2554 601 et
2606 541 2979 604 membratim
3032 543 3340 620 dissectos,
3375 546 3684 626 projiciam

2044 627 2246 689 avibus
2263 637 2321 688 et
2343 628 2612 690 canibus.
2645 628 2899 691 Sanctus
2920 639 3120 694 autem
3141 633 3680 714 dixitAcepsimas:

2045 717 2190 780 Cum
2247 735 2356 796 per
2400 729 2684 791 creatam,
2723 725 2780 778 et
2830 737 2946 779 non
2992 738 3098 799 per
3137 723 3321 784 Deum
3364 722 3683 801 juraveris,

2046 814 2103 866 et
2125 803 2299 866 etiam
2333 823 2437 884 per
2466 804 2760 867 fortunam
2793 807 3077 885 hominis;
3107 826 3320 872 vereor
3349 829 3426 873 ne
3456 830 3574 873 non
3606 812 3688 875 sit

2043 892 2147 954 tibi
2179 911 2340 954 curae
2362 893 2880 974 jusjurandum,et
2909 914 3024 957 non
3057 914 3260 959 serves
3289 917 3361 960 ea
3392 917 3525 980 quae
3542 911 3686 962 sunt

2041 1001 2070 1041 ει
2107 992 2162 1042 te
2208 983 2419 1058 jnrata.
2459 981 2520 1042 Si
2550 991 2744 1043 autem
2779 1001 2847 1043 ea
2890 1001 3128 1048 servare
3161 987 3403 1049 omnino
3452 989 3682 1050 consti-

2043 1069 2224 1144 tuisti,
2267 1088 2408 1131 ecce
2441 1070 2546 1131 tibi
2578 1079 2778 1132 nostra
2807 1089 3081 1151 corpora,
3115 1074 3189 1135 iis
3221 1083 3387 1136 ntere
3417 1084 3480 1137 nt
3509 1075 3678 1152 libet,

2040 1159 2200 1219 nulla
2256 1167 2322 1220 ut
2367 1159 2537 1233 dicis,
2594 1161 2780 1221 nostri
2835 1170 3027 1221 motus
3079 1162 3514 1245 misericordia,
3566 1185 3679 1229 ne-

2037 1265 2150 1326 que
2201 1247 2372 1308 nobis
2401 1248 2718 1327 quidquam
2777 1267 3055 1327 parcens.
3088 1252 3235 1311 Cum
3290 1252 3376 1313 sic
3407 1253 3674 1330 dixisset,

2029 1336 2209 1412 jussit
2260 1337 2585 1397 sceleratus
2631 1337 2819 1414 jndex
2873 1357 3032 1412 eum,
3067 1341 3327 1401 extensis
3379 1342 3674 1419 manibus,

2039 1425 2206 1484 valde
2257 1424 2557 1486 verberari
2593 1425 2651 1486 in
2685 1426 2862 1486 dorso
2909 1437 2967 1486 et
3001 1427 3061 1488 in
3114 1439 3376 1507 pectore.
3409 1430 3492 1493 Eo
3540 1451 3677 1494 vero

2037 1513 2406 1576 crudelitatis
2431 1523 2847 1592 processerunt
2878 1514 2978 1594 qui
3015 1515 3409 1593 ﬂagellabant,
3437 1528 3500 1580 nt
3531 1521 3679 1582 nihil

2037 1601 2279 1660 omnino
2307 1601 2761 1676 intermiserint,
2789 1603 2981 1664 donec
3011 1623 3219 1666 carnes
3240 1608 3455 1668 avulsae
3477 1608 3548 1668 ab
3581 1629 3678 1671 os-

2037 1687 2224 1763 sibus,
2261 1689 2436 1750 simul
2468 1709 2600 1751 cnm
2633 1691 2919 1768 sanguine
2950 1693 3009 1754 in
3067 1703 3290 1755 terrant
3319 1696 3678 1762 deﬂuerent.

293 1783 388 1838 καὶ
443 1783 593 1851 ζώθι.
655 1785 742 1854 Τῷ
784 1780 838 1836 δὲ
898 1789 992 1838 τοῦ
1051 1790 1180 1838 Θεου
1223 1783 1468 1862 ἀρχιερεῖ
1509 1783 1609 1846 ἕως
1660 1786 1756 1858 μὲν
1799 1787 1954 1864 ἰσχὺς

2049 1777 2239 1838 Ριεεεο
2271 1788 2468 1839 autem
2502 1780 2830 1840 clamabat:
2887 1783 3035 1842 Pare
3069 1785 3225 1861 regis
3279 1785 3587 1865 voluntati,
3620 1792 3681 1846 et

291 1874 386 1943 ἧν,
422 1868 666 1932 ὰντεϐόα,
725 1868 868 1947 Ἐγὼ
901 1873 960 1927 τὸ
995 1880 1087 1928 τοῦ
1140 1870 1273 1946 ὲμόὖ
1325 1880 1455 1928 Θεοῦ
1484 1873 1689 1948 θέλημα
1749 1875 1954 1948 μᾶλλον

292 1958 442 2031 αὐτῷ
537 1957 926 2032 δυναμούμενος
1010 1959 1298 2015 τελειώσω·
1379 1963 1471 2016 106
1547 1961 1600 2016 δὲ
1693 1962 1952 2038 βασιλέως

288 2049 442 2120 ὑμῶν
470 2044 578 2105 οὐδ’
636 2045 818 2123 ἄκροις
875 2049 971 2104 ὠσὶ
1032 2047 1427 2128 παραδέχομαι,
1469 2051 1624 2106 Ἐπεῖ
1667 2048 1721 2105 δὲ
1774 2053 1837 2106 τὰ
1897 2073 1954 2106 τε

295 2142 400 2203 τῆς
463 2141 643 2214 φωνῆς
689 2141 835 2210 αὐτῷ
893 2135 1226 2216 διεκόπτετο,
1272 2141 1359 2195 καὶ
1412 2141 1478 2195 τὰ
1533 2144 1626 2206 τῆς
1685 2138 1952 2216 δυνάμεως

295 2222 404 2291 ἤδη
470 2225 606 2280 κατὰ
662 2226 837 2304 βραχὺ
895 2225 1148 2300 διελύετο,
1183 2230 1210 2282 6
1253 2227 1472 2292 θάνατός
1524 2247 1580 2283 τε
1630 2227 1754 2284 ὅσον
1809 2233 1956 2287 οὐπω

295 2313 495 2390 παρῆν,
528 2315 590 2369 τὸ
633 2314 780 2389 ἅμμα
840 2317 974 2390 ξιψοῦ
1017 2313 1221 2395 διάρας,
1267 2318 1354 2371 καὶ
1383 2318 1478 2382 τὴν
1531 2319 1601 2381 εἰς
1639 2319 1766 2373 Θεὸν
1816 2321 1953 2392 ὁμο-

299 2401 488 2480 λογίαν
542 2401 626 2458 διὰ
688 2409 785 2468 τῆς
849 2405 980 2480 πρὸς
1043 2404 1198 2460 αὒτὸν
1270 2406 1591 2468 ἀνανεώσεως
1651 2405 1953 2484 ἀπαράτρε-

298 2512 434 2547 πτον
465 2491 650 2562 σώζειν
714 2489 1172 2568 βεϐαιωσάμενος,
1208 2493 1261 2548 ἐν
1319 2496 1452 2562 αὗτῆ
1517 2501 1578 2570 τῇ
1607 2500 1712 2550 τῶν
1768 2496 1950 2552 δεινῶν

296 2582 544 2657 καρτερίᾳ
607 2582 703 2648 τὴν
756 2581 1025 2648 ἀήττητον
1083 2581 1288 2649 ἐκείνην
1329 2587 1514 2663 ψυχὴν
1554 2591 1630 2657 τῷ
1682 2584 1948 2661 ἀγωνοθέ-

295 2693 368 2747 τη
415 2671 530 2745 Θεῷ
561 2671 843 2750 παρέθετο.

379 2846 495 2906 1Ε¹.
562 2847 683 2904 "En
727 2846 781 2904 δὲ
841 2853 1006 2924 θυμοῦ
1048 2849 1296 2912 πνέοντες
1352 2852 1399 2904 οἱ
1455 2851 1636 2927 πικροὶ
1693 2850 1954 2907 κολασταὶ

300 2939 390 2995 καὶ
448 2937 631 3014 νεκρὸν
689 2935 792 3004 ἧδη
851 2945 1008 3013 σῶμα
1053 2939 1201 3012 νόμῳ
1258 2945 1332 3012 τῷ
1387 2945 1492 2994 τῶν
1536 2939 1778 3016 κὸράκων
1829 2941 1952 3016 ᾐκί-

298 3036 475 3099 ζοντο.
536 3026 669 3082 Ε’ίτα
740 3028 1041 3096 ὠθήσαντες
1102 3028 1186 3083 ἐπὶ
1234 3025 1468 3106 κεφαλὴν
1519 3029 1606 3083 καὶ
1649 3029 1786 3083 κατὰ
1859 3029 1955 3094 την

2039 1868 2321 1928 vive.Dei
2376 1886 2512 1928 vero
2570 1869 2856 1947 pontifex,
2910 1870 3099 1930 donec
3162 1883 3330 1931 erant
3387 1875 3441 1935 ei
3499 1873 3676 1950 vires,

2038 1963 2243 2015 contra
2275 1955 2567 2018 clamabat
2607 1977 2618 2018 :
2673 1958 2796 2034 Ego
2829 1956 2935 2018 Dei
2968 1958 3085 2019 mei
3123 1959 3508 2036 voluntatem,
3541 1962 3681 2022 viri-

2038 2041 2150 2103 bus
2180 2043 2252 2104 ab
2307 2063 2376 2104 eo
2409 2047 2693 2123 acceptis,
2729 2064 3040 2121 exsequar,
3075 2047 3248 2108 vestri
3295 2057 3490 2111 autem
3523 2051 3681 2130 regis

2037 2133 2399 2192 voluntatem
2456 2150 2531 2194 ne
2563 2134 2814 2194 summis
2846 2135 3088 2214 quidem
3123 2135 3367 2198 auribus
3421 2139 3676 2218 accipio.

2039 2220 2184 2280 Cum
2248 2229 2440 2280 autem
2495 2231 2552 2281 et
2580 2241 2684 2282 vox
2742 2222 2796 2283 ei
2825 2223 3387 2306 interrumperetur,
3421 2234 3479 2288 et
3525 2227 3680 2290 vires

2030 2309 2154 2387 jam
2187 2309 2468 2388 paulatim
2491 2309 2982 2384 dissolverentur,
3017 2327 3077 2373 et
3109 2330 3268 2374 mors
3287 2314 3533 2393 jamjam
3565 2315 3682 2377 ad-

2039 2407 2218 2477 esset,
2255 2398 2444 2458 oculis
2491 2401 2550 2458 in
2604 2400 2824 2460 ccelum
2876 2399 3144 2474 sublatis,
3198 2420 3331 2461 cum
3377 2401 3438 2462 in
3488 2401 3681 2466 Deum

2037 2485 2476 2547 confessionem
2531 2504 2886 2549 conservare
2939 2489 3170 2550 ﬁrmam
3203 2497 3263 2551 et
3311 2489 3682 2554 immobilem

2031 2575 2348 2636 annuendo
2379 2584 2798 2650 asseverasset,
2833 2577 2895 2636 in
2924 2575 3054 2655 ipsa
3092 2595 3290 2639 rerum
3323 2579 3590 2656 gravium
3623 2586 3684 2642 et

2032 2663 2361 2725 diﬂicilium
2395 2663 2738 2737 tolerantia,
2771 2664 3042 2726 invictam
3077 2663 3240 2726 illam
3271 2665 3528 2728 animam
3566 2676 3686 2729 tra-

2032 2752 2183 2812 didit
2215 2755 2334 2814 Deo
2371 2752 2763 2830 agonothetai.

2113 2839 2236 2903 XV.
2273 2840 2487 2902 Adhuc
2513 2849 2709 2901 autem
2736 2841 2885 2902 iram
2920 2839 3423 2920 spirantesacerbi
3447 2842 3683 2906 illitor-

2039 2938 2214 3006 tores,
2254 2928 2311 2988 in
2363 2948 2578 3008 corpus
2615 2930 2735 3008 jam
2773 2937 3074 2990 mortuum
3125 2930 3446 2992 saeviebant
3496 2931 3684 2993 instar

2038 3035 2374 3078 corvorum.
2425 3017 2656 3078 Deinde
2690 3017 2828 3078 dum
2884 3017 3246 3097 pracipitem
3279 3019 3680 3100 impulissent,

299 3117 566 3174 πλατεῖαν
622 3113 696 3180 ὥς
722 3137 768 3171 τι
828 3116 934 3172 τῶν
977 3115 1223 3194 βεϐήλων
1262 3105 1319 3172 et
1339 3119 1518 3194 μιαροὶ
1561 3117 1806 3193 ῥίψαντες
1855 3119 1954 3193 φύ-

2049 3113 2101 3166 ει
2130 3105 2187 3164 in
2215 3106 2464 3202 plateam
2503 3114 2776 3202 tanquam
2811 3107 3121 3202 profanum
3155 3107 3376 3187 aliquid
3409 3108 3686 3202 scelerati

301 3205 470 3266 λακας
524 3203 775 3282 ἐφιστῶσι
818 3213 912 3263 τοῦ
959 3203 1095 3280 μηδὲ
1153 3204 1322 3284 ταφῆς
1377 3205 1477 3260 ὑπό
1507 3226 1598 3260 του
1640 3206 1747 3260 τῶν
1803 3205 1960 3284 φιλο-

303 3295 540 3374 χρίστων
595 3289 908 3364 ἆξιώθῆναι,
973 3291 1236 3367 δαιμόνων
1292 3291 1640 3372 ἰσχυρότατον
1698 3291 1812 3357 δέος
1869 3295 1958 3350 ἐκ·

302 3384 486 3460 τρίψαι
564 3379 982 3459 φιλονεικουντες
1044 3385 1089 3438 οἱ
1168 3381 1380 3438 ἐκείνων
1453 3383 1597 3446 ὄντες
1655 3384 1963 3461 θεραπευταὶ

310 3469 718 3548 προθυμότατοι.
777 3471 922 3545 Τρισὶ
976 3467 1030 3526 δὲ
1091 3470 1304 3549 ὕστερον
1347 3471 1570 3548 ἡμέραις
1621 3472 1728 3527 τῶν
1788 3471 1957 3549 φυλά-

310 3581 419 3615 κων
488 3556 906 3636 ἀσχολουμένων
965 3560 1049 3615 ἐπὶ
1100 3563 1167 3636 τῇ
1238 3562 1496 3637 παρουσίᾳ
1546 3563 1643 3627 τῆς
1708 3562 1958 3636 θυγατρὸς

304 3657 398 3707 106
424 3648 534 3703 τῶν
566 3645 856 3724 ’Λρμενίων
889 3649 1025 3726 φημὶ
1074 3647 1361 3723 βασιλέως,
1400 3647 1511 3713 ἥτις
1545 3648 1758 3724 εἰρήνης
1813 3647 1960 3722 ὅμη-

306 3758 395 3815 ρον
451 3742 528 3810 τῷ
585 3739 681 3801 τῆς
749 3734 996 3812 Περσίδος
1041 3737 1160 3792 τότε
1225 3735 1555 3813 βασίλεόοντι
1619 3735 1960 3814 παρεσχέθη,

306 3827 451 3903 παρὰ
510 3825 834 3901 Χριστιανῶν
893 3823 1200 3900 κλέπτεται,
1260 3826 1518 3902 θησαυρὸς
1589 3823 1752 3902 ὅντως
1813 3822 1961 3879 οὐδέ-

307 3935 436 3970 ποτε
471 3911 873 3987 δαπανώμενος.

392 3991 518 4074 ις’.
579 3998 756 4063 Οὕτως
809 4003 896 4056 οὖν
961 4003 1057 4058 106
1114 4001 1367 4078 μακορίου
1410 3999 1681 4076 Ἀνεψιμᾶ
1736 3999 1962 4068 δεκάτην

315 4088 539 4168 ἄγοντος
573 4095 666 4144 τοῦ
713 4086 1028 4169 Ὀκτωϐρίου
1087 4089 1276 4166 τρόπον
1329 4088 1386 4146 ὃν
1439 4086 1651 4167 εἴρηται
1681 4091 1743 4146 τὸ
1797 4089 1960 4170 πέρας

311 4181 410 4248 τῆς
455 4183 599 4249 ζωῆς
661 4175 965 4254 δεξαμένου,
1015 4180 1042 4234 ὁ
1102 4178 1384 4256 ἱερώτατος
1455 4175 1650 4246 Ἰωσὴφ
1707 4176 1823 4254 μετ’
1867 4181 1964 4235 αὐ-

311 4271 403 4325 τὸν
433 4268 702 4346 εἰσήγετο,
751 4269 796 4341 ᾧ
852 4267 1146 4346 προσσχὼν
1178 4269 1204 4322 6
1247 4264 1477 4342 βέϐηλος
1507 4265 1783 4348 δικαστὴς,
1823 4267 1966 4324 Ἐώ-

316 4379 504 4436 ρακας,
540 4356 690 4434 εἷπε,
736 4354 825 4412 τὸν
857 4357 1070 4431 ἑταῖρον
1117 4356 1206 4410 τὸν
1237 4357 1329 4412 σὸν
1361 4355 1462 4428 οἵῳ
1509 4361 1682 4433 πικρῷ
1708 4355 1847 4412 τέλει
1879 4363 1970 4414 106

313 4447 409 4517 ζῆν
469 4443 787 4521 ἀπηλλάγη·
829 4445 929 4502 Καὶ
975 4445 1037 4500 σὺ
1089 4444 1282 4518 τοίνυν,
1317 4445 1361 4498 εἷ
1414 4445 1490 4518 μὴ
1519 4457 1635 4508 τοῖς
1679 4445 1836 4518 ἐμοῖς
1867 4444 1966 4500 λό-

315 4557 432 4613 γοις
478 4535 730 4608 πεισθῷς,
765 4546 889 4596 ταῖς
949 4534 1153 4608 ὁμοὶαις
1205 4529 1517 4613 ὑποϐληθεὶς
1568 4531 1820 4590 κολάσεσι
1881 4535 1970 4590 τὸν

321 4612 475 4680 αὐτὸν
552 4621 735 4696 ἐκείνῳ
805 4623 1026 4679 θάνατον
1095 4622 1398 4698 ὑποστήσῃ,
1460 4612 1516 4679 Ὀ
1581 4619 1635 4677 δὲ
1695 4629 1786 4678 τοῦ
1844 4629 1973 4678 Θεοῦ

318 4717 460 4776 θεῖος
496 4711 684 4788 ἱερεὺς,
719 4710 788 4768 "O
822 4712 906 4768 καὶ
947 4711 1228 4790 πρότερον,
1273 4708 1398 4790 ἔφη,
1433 4712 1507 4784 τῷ
1555 4712 1654 4790 πρὸ
1697 4719 1794 4767 σοῦ
1850 4725 1976 4790 κρῖ-

321 4824 408 4858 ναι
456 4799 683 4879 λαχόντι
727 4801 792 4856 τὰ
851 4800 1082 4878 ἡμέτερα
1137 4799 1353 4878 εἴρηκα,
1401 4807 1553 4857 τοῦτο
1605 4802 1691 4858 καὶ
1735 4801 1864 4879 πρὸς
1918 4800 1976 4855 σὲ

321 4900 407 4949 νῦν
450 4890 580 4969 ἐρῶ,
612 4891 686 4954 ὡς
745 4888 934 4946 οὔποτε
998 4890 1192 4964 κτίσμα
1252 4891 1652 4968 προτιμήσομαι
1709 4897 1801 4948 τοῦ
1861 4899 1978 4957 Δη-

323 4985 600 5057 μιουργοῦ,
663 4975 780 5034 οὐδὲ
837 4979 1188 5055 προσκυνήσω
1258 4978 1424 5034 κτίσει
1493 4979 1636 5054 παρὰ
1704 4980 1795 5034 τὸν
1861 4977 1978 5034 κτί-

317 5088 484 5126 σαντα
548 5065 650 5130 ἕως
686 5064 750 5134 δὴ
810 5075 904 5124 τοῦ
933 5065 1065 5140 ἐμοῦ
1095 5067 1268 5143 κύριός
1320 5067 1427 5141 εἰμι
1460 5065 1738 5144 λογισμοῦ.
1795 5066 1981 5141 Πολλῇ

315 5159 453 5236 πρὸς
505 5163 671 5213 ταῦτα
701 5158 728 5212 6
781 5154 965 5235 ἄρχων
1024 5161 1092 5232 τῇ
1123 5153 1294 5233 λύσσῃ
1346 5155 1726 5234 καταληφθεὶς,
1765 5155 1981 5212 ἐκέλευ-

317 5268 377 5302 σε
440 5246 526 5302 καὶ
557 5246 713 5302 αὐτὸν
764 5246 964 5320 ὁμοίως
996 5251 1072 5319 τῷ
1114 5241 1433 5317 προλαϐόντι
1505 5241 1808 5304 διατεθέντα
1857 5248 1981 5307 ταῖς

321 5336 518 5412 βοείαις
569 5336 932 5410 μαστίζεσθαι,
1003 5335 1209 5413 κήρυκά
1279 5355 1333 5388 τε
1403 5333 1717 5415 ἐπιφωνεῖν,
1762 5337 1823 5390 τὸ
1893 5337 1984 5389 106

321 5422 586 5501 βασιλέως
663 5430 920 5480 ποιοῦντα
996 5421 1204 5498 θελημα
1263 5424 1541 5495 σώζεσθαι,
1618 5415 1674 5480 Ὀ
1757 5422 1835 5502 δὲ,
1889 5423 1983 5485 Εἷς

324 5514 468 5570 ἐστιν
528 5515 678 5593 Θεὸς,
711 5511 930 5586 ἀνεϐόα,
975 5514 1060 5569 καὶ
1103 5511 1244 5579 πλὴν
1289 5517 1448 5571 αὐτου
1479 5509 1722 5588 οὐδαμῶς
1783 5513 1983 5588 ἕτερος,

327 5603 373 5681 ᾧ
406 5603 493 5660 καὶ
522 5608 694 5678 ζῶμεν
720 5603 809 5660 καὶ
865 5599 1146 5679 κινούμεθα
1171 5603 1259 5659 καὶ
1319 5600 1502 5677 ἐσμὲν,
1547 5601 1592 5674 ᾦ
1621 5625 1711 5682 και
1739 5603 1838 5671 τὴν
1887 5602 1984 5660 λο-

1994 4495 2036 4546 D

2045 3194 2458 3275 projecissent;
2491 3193 2777 3254 adhibent
2807 3193 3106 3276 custodes,
3129 3204 3190 3256 ut
3215 3214 3290 3256 ne
3316 3196 3686 3274 sepulturam

2043 3282 2286 3360 quidem
2344 3293 2814 3362 consequeretur
2843 3281 2915 3343 ab
2949 3281 3066 3343 ullo
3127 3302 3196 3344 ex
3228 3283 3446 3346 Christi
3475 3302 3688 3346 aman-

2047 3371 2222 3447 tibus,
2259 3371 2576 3432 maximum
2605 3379 2824 3432 metum
2850 3370 3186 3433 daemonum
3211 3373 3512 3452 depellere
3537 3391 3683 3434 con-

2048 3460 2711 3539 tendentes,qnirerera
2731 3474 2900 3521 erant
2925 3461 3160 3522 illorum
3192 3465 3449 3521 cultores
3481 3477 3688 3540 prom-

2046 3549 2318 3628 ptissimi.
2356 3547 2574 3610 Tribus
2618 3559 2812 3610 autem
2860 3548 3074 3610 diebus
3133 3557 3335 3626 postea
3383 3547 3690 3626 occupatis

2045 3637 2385 3699 custodibus
2419 3647 2660 3717 propter
2681 3639 2999 3698 adventum
3027 3636 3164 3697 tiliae
3190 3635 3349 3712 regis
3370 3636 3686 3696 Armenio—

2046 3745 2203 3798 rum,
2240 3745 2372 3801 quae
2397 3735 2458 3787 ut
2491 3737 2646 3787 esset
2677 3726 2850 3786 obses
2883 3725 3070 3804 pacis,
3105 3735 3248 3785 tunc
3270 3723 3532 3788 dataluit
3560 3720 3690 3800 regi

2050 3816 2386 3886 Persarum,
2425 3815 2740 3894 surripitur
2765 3832 2798 3874 a
2841 3812 3193 3876 Christianis
3217 3829 3424 3873 revera
3455 3810 3690 3871 thesau-

2045 3921 2170 3976 rus,
2204 3903 2304 3983 qui
2338 3921 2634 3982 nunquam
2671 3901 3064 3964 consumitur.

2124 3991 2278 4054 XVI.
2311 3989 2452 4052 Cum
2488 3994 2572 4052 sic
2598 4009 2738 4066 ergo
2769 3991 2836 4052 B.
2865 3991 3217 4070 Acepsimas
3242 3989 3476 4050 decimo
3507 3985 3694 4052 Octo-

2046 4079 2176 4141 bris
2201 4099 2270 4141 eo
2296 4080 2495 4154 modo,
2523 4099 2638 4160 quo
2664 4080 2886 4141 dictum
2914 4090 3024 4151 est,
3057 4081 3234 4140 ﬁnem
3267 4078 3396 4139 vitae
3423 4078 3696 4156 accepis-

2049 4181 2153 4239 set,
2184 4173 2583 4231 sanctissimus
2617 4173 2824 4244 .loseph
2858 4181 2986 4244 post
3017 4186 3146 4228 eum
3178 4172 3283 4228 fuit
3316 4170 3695 4228 introductus.

2049 4261 2139 4322 Ad
2197 4278 2372 4340 quem
2408 4277 2473 4320 se
2519 4259 2765 4339 propius
2795 4259 3118 4319 admovens
3162 4256 3347 4335 judex
3379 4254 3697 4334 profanus:

2055 4347 2288 4427 Vidisti,
2321 4348 2536 4428 inquit,
2571 4366 2741 4428 quam
2798 4345 3010 4409 acerba
3068 4354 3258 4406 morte
3285 4344 3512 4404 amicus
3565 4349 3703 4402 tuus

2054 4436 2161 4498 fuit
2206 4436 2325 4497 vita
2356 4437 2640 4517 privatus,
2673 4446 2731 4497 et
2787 4445 2846 4498 tu
2879 4453 3037 4496 nunc
3090 4450 3352 4513 quoque,
3389 4432 3501 4493 nisi
3550 4430 3702 4492 meis

2057 4525 2297 4586 monitis
2358 4544 2588 4605 pareas,
2649 4526 2947 4586 similibus
3005 4524 3314 4603 subjectus
3367 4519 3700 4602 suppliciis,

2057 4615 2329 4676 eamdem
2359 4634 2532 4694 quam
2557 4615 2938 4689 ille,mortem
2959 4613 3210 4675 subibis.
3247 4610 3704 4674 Divinusautem

2059 4703 2167 4764 Dei
2190 4703 2470 4764 sacerdos
2497 4725 2509 4765 :
2542 4703 2734 4781 Quod,
2761 4703 2972 4782 inquit,
3011 4703 3176 4781 prius
3205 4702 3328 4764 dixi
3353 4701 3408 4762 ei
3441 4705 3533 4761 cui
3554 4697 3712 4779 judi-

2059 4793 2236 4856 cundi
2272 4809 2487 4852 munus
2515 4801 2650 4852 ante
2700 4801 2756 4852 te
2784 4792 3095 4868 obtigerat,
3132 4792 3244 4852 hoc
3289 4808 3446 4851 nunc
3476 4803 3713 4868 quoque

2064 4881 2165 4942 tibi
2191 4881 2408 4952 dicam,
2434 4880 2588 4960 quod
2620 4897 2920 4958 nunquam
2959 4877 3216 4939 creatori
3243 4878 3550 4957 praeferam
3584 4891 3712 4935 rem

2063 4979 2319 5032 creatam
2355 4987 2368 5029 :
2407 4988 2600 5049 neque
2629 4969 2715 5040 id,
2750 4970 2905 5045 quod
2943 4974 3031 5026 est
3060 4965 3390 5036 conditum,
3423 4961 3711 5040 adorabo,

2065 5060 2168 5122 sed
2222 5059 2620 5132 conditorem,
2655 5054 2925 5133 quandin
2958 5055 3123 5114 luero
3173 5070 3419 5133 compos
3470 5049 3712 5112 mentis.

2065 5149 2170 5211 His
2195 5147 2391 5220 dictis,
2429 5164 2647 5225 praeses
2679 5152 2992 5223 correptus
3036 5161 3248 5220 magno
3280 5141 3504 5213 furore,
3533 5136 3717 5218 jussit

2067 5257 2203 5299 eum
2234 5237 2515 5299 similiter
2544 5247 2858 5296 extensum
2893 5242 3072 5312 atque
3107 5231 3389 5311 priorem,
3425 5226 3717 5306 ﬂagellari

2069 5327 2246 5388 boum
2285 5325 2504 5400 nervis,
2538 5331 2596 5385 et
2655 5323 2985 5385 acclamare
3032 5339 3386 5400 praeconem,
3427 5334 3561 5379 eum
3596 5315 3724 5378 fore

2069 5417 2317 5488 salvum,
2353 5419 2403 5475 si
2460 5414 2621 5493 regis
2681 5423 2885 5494 parcat
2948 5411 3252 5473 voluntati.
3310 5407 3414 5470 llle
3467 5414 3721 5469 autem:

2069 5505 2233 5569 Unus
2253 5507 2536 5578 estDeus,
2568 5501 2966 5584 exclamabat,
2991 5513 3050 5564 et
3079 5508 3290 5580 praeter
3306 5499 3502 5580 ipsum
3525 5495 3725 5558 nullus

2069 5596 2248 5678 alius,
2279 5594 2341 5657 in
2387 5615 2504 5676 quo
2537 5603 2598 5658 et
2644 5593 2895 5656 vivimus
2939 5599 2998 5656 et
3053 5606 3362 5653 movemur
3394 5597 3451 5651 et
3495 5604 3726 5678 sumus,
