4022 6146
405 282 519 348 847

1645 276 2030 342 ADDENDA.
2077 310 2156 324 --
2202 279 2529 342 AI’RILIS.

3632 281 3728 344 848

404 419 501 483 cui
533 417 706 480 etiam
725 417 948 480 cultum
970 416 1272 478 offerimus
1295 414 1663 488 rationalem,
1687 413 1851 491 regia
1871 414 2037 493 jussa

2128 415 2276 492 γικὴν
2327 412 2570 490 λατρείαν
2629 412 2994 491 προσάγομεν,
3054 412 3259 490 βραχέα
3311 411 3414 468 τῶν
3473 410 3736 486 βασιλικῶν

401 527 609 590 parum
641 515 940 571 curantes.
975 509 1128 568 Cum
1159 523 1296 568 vero
1321 505 1535 566 multas
1565 505 1740 565 horas
1764 503 2037 564 verbera-

404 607 520 674 tus,
557 598 680 660 fere
723 600 844 677 jam
877 603 1034 658 esset
1067 601 1255 656 morte
1304 594 1571 670 affectus,
1606 593 1870 654 arbitrati
1903 611 2035 652 eum

402 706 538 751 esse
581 694 905 765 mortuum,
946 683 1336 763 sustulerunt,
1372 693 1431 744 et
1477 684 1534 743 in
1587 682 1780 743 forum
1832 683 2035 762 proje-

400 782 630 841 cerunt.
681 773 910 837 Deinde
959 791 1092 834 cum
1153 771 1531 834 resciiissent
1586 770 1811 850 aliquas
1857 769 2040 850 spiri-

397 873 496 927 tus
536 863 818 943 reliquias
863 863 1058 938 adhuc
1087 861 1148 922 in
1195 880 1264 923 eo
1319 878 1584 942 manere,
1619 859 1933 922 includunt
1980 860 2040 919 in

400 970 663 1016 carcere.

475 1041 661 1105 XVII.
695 1040 835 1103 Post
879 1059 1013 1102 eum
1045 1049 1239 1103 autem
1291 1041 1500 1102 tertius
1531 1041 1640 1102 fuit
1667 1039 2041 1100 introductus

400 1131 640 1211 sapiens
686 1129 971 1194 Ethalas.
1031 1131 1136 1192 Cui
1191 1129 1418 1208 judex:
1481 1128 1637 1205 Vita,
1700 1127 1914 1208 inquit,
1984 1135 2044 1188 et

401 1226 592 1281 morte
646 1218 960 1299 prepositis
992 1227 1128 1280 ante
1183 1226 1317 1279 tuos
1365 1218 1592 1291 oculos,
1627 1216 1932 1297 gloriaque
1982 1222 2041 1277 et

397 1307 748 1388 ignominia,
775 1325 851 1369 ne
875 1307 1057 1388 eligas
1086 1307 1587 1387 deterius,relicto
1622 1305 1853 1367 meliori
1887 1328 1902 1382 ;
1929 1323 2039 1366 nec

399 1396 670 1460 eamdem
716 1397 886 1459 ineas
917 1397 1093 1476 viam,
1128 1415 1304 1477 quam
1356 1395 1395 1457 ii
1441 1396 1540 1476 qui
1579 1402 2034 1475 praecesserunt,

399 1487 504 1567 qui
531 1504 637 1548 sua
666 1485 914 1548 stultitia
940 1487 1180 1565 dignum
1232 1485 1362 1546 vitae
1391 1484 1610 1547 exitum
1653 1493 2036 1564 acceperunt.

399 1575 490 1637 Tu
521 1582 722 1638 autem
755 1593 952 1636 meum
986 1593 1246 1652 sequens
1276 1574 1612 1648 consilium,
1646 1582 1705 1634 et
1754 1573 2042 1634 maximos

395 1664 657 1726 honores
689 1665 1096 1742 consequeris,
1123 1671 1180 1725 et
1237 1681 1484 1726 munera
1511 1680 1544 1724 a
1586 1680 1726 1740 rege
1759 1661 2036 1742 accipies.

2121 510 2480 582 φροντιζοντες
2540 502 2992 580 προσταγμάτων,
3026 503 3120 562 Ὠς
3173 499 3225 556 δξ
3258 500 3340 556 ἐπὶ
3368 499 3582 564 πολλαῖς
3633 515 3736 563 ταῖς

2121 592 2282 671 ὥραις
2341 592 2667 666 τυπτόμενος
2721 590 2915 670 σχεδὸν
2959 589 3060 657 ἤδη
3102 592 3198 646 καί
3243 590 3544 668 νενέκρωτο,
3601 613 3737 664 νομι-

2123 703 2306 745 σαντες
2367 682 2524 737 αὑτὸν
2570 679 2933 737 τεθνάναιέπῖ
2981 682 3079 745 τῆς
3147 680 3338 758 ἀγορᾶς
3407 678 3610 756 ἄραντες
3663 678 3740 744 €5-

2124 772 2307 849 ῥιψαν.
2356 771 2495 827 Εἶτα
2525 770 2780 846 μαθόντες
2827 771 2909 826 ἐτι
2939 768 3190 845 λείψανον
3247 792 3295 824 τι
3327 769 3610 843 πνεύματος
3660 769 3742 824 αὑ-

2123 867 2200 934 τῷ
2231 861 2580 938 παραμένειν,
2616 860 2702 916 ἐπὶ
2731 861 2829 925 τὴν
2861 859 3070 938 εἱρκτὴν
3115 855 3498 918 κατακλείουσι,

2205 1038 2308 1100 ΙΖ’,
2347 1044 2491 1094 Mem
2541 1036 2596 1092 δὲ
2626 1045 2807 1095 τοῦτον
2857 1038 3024 1114 τρίτος
3069 1034 3348 1098 Ἀειθαλᾶς
3377 1037 3405 1090 6
3466 1034 3616 1111 σοφὰς
3646 1034 3746 1088 εἶσ-

2122 1129 2314 1208 ήγετο,
2359 1127 2492 1205 πρὸς
2539 1127 2596 1182 ὃν
2641 1129 2668 1182 6
2713 1125 2959 1199 δικάζων,
3001 1128 3097 1185 Καὶ
3129 1130 3295 1204 ζωῆς,
3324 1124 3450 1203 ἕρη,
3497 1124 3578 1178 καὶ
3605 1123 3749 1179 θανά·

2123 1239 2216 1276 του
2275 1216 2640 1293 προκειμένων
2697 1215 2749 1271 ἐν
2815 1214 3112 1294 ὀφθαλμοῖς
3184 1217 3296 1293 σοῦ,
3359 1210 3511 1278 δόξης
3572 1232 3625 1266 τε
3674 1215 3750 1269 καὶ

2121 1307 2356 1382 ἀτιμίας,
2398 1307 2473 1379 μὴ
2525 1307 2586 1362 τὸ
2631 1317 2844 1384 χεῖρον,
2880 1303 3003 1380 ἕλῇ,
3036 1306 3096 1361 τὸ
3140 1316 3391 1381 κρεῖττον
3447 1298 3750 1378 καταλιπὼν,

2122 1393 2257 1470 μηδὲ
2318 1396 2483 1461 αὐτὴν
2514 1391 2720 1470 βαδίσαι
2770 1406 2888 1457 τοῖς
2920 1390 3296 1472 προλαϐοῦσιν,
3329 1404 3385 1448 οἶ
3428 1395 3522 1466 τῇς
3578 1389 3752 1444 ἑαυτῶν

2123 1483 2416 1563 ἀφροσύνης
2478 1483 2620 1548 ἄξιον
2679 1481 3050 1560 ἀπηνέγκαντο
3106 1482 3191 1538 καὶ
3244 1483 3305 1536 τὸ
3373 1478 3544 1543 τέλος.
3590 1479 3655 1532 Σὺ
3701 1476 3748 1531 δὲ

2124 1571 2258 1629 ἀλλὰ
2314 1578 2381 1648 τῇ
2430 1572 2534 1648 ἐπῇ
2589 1573 2901 1647 πειθόμενος
2945 1569 3239 1646 συμϐουλῇ,
3273 1575 3444 1644 τιμῶν
3500 1590 3554 1623 τε
3609 1568 3748 1642 μεγί-

2123 1684 2261 1718 στων
2331 1660 2600 1734 ἀξιωθήση
2661 1662 2749 1717 καὶ
2810 1659 3098 1736 βασιλικῶν
3179 1659 3313 1716 οἵων
3370 1655 3608 1732 ἐπιτεύξῃ
3659 1662 3751 1710 τῶν

395 1752 503 1815 Sin
554 1753 771 1830 minus,
808 1771 945 1815 cum
1008 1752 1114 1813 tibi
1163 1770 1339 1814 causa
1381 1752 1564 1814 fueris
1613 1750 2038 1831 suppliciorum

2129 1750 2359 1827 δωρεῶν.
2409 1752 2468 1807 Εἰ
2498 1749 2540 1805 δ’
2595 1753 2704 1811 οὖν.
2765 1749 2960 1827 μυρίων
3005 1755 3210 1822 σεαυτῷ
3270 1749 3552 1826 γενόμενος
3597 1743 3750 1806 αἴτιος

393 1841 944 1916 innumerabilium,
997 1841 1275 1903 omnibus
1323 1859 1558 1921 quoque
1612 1839 2038 1920 jucundissima

2129 1846 2418 1918 τιμωριῶν,
2455 1841 2576 1896 εἶτα
2641 1841 2729 1896 καὶ
2758 1846 2852 1896 τοῦ
2899 1841 3142 1894 ποθεινοῦ
3184 1844 3312 1894 πᾶσι
3373 1837 3543 1916 φωτὸς
3593 1833 3749 1910 βιαιό-

393 1931 530 1991 luce
546 1949 652 2010 per
669 1931 784 1991 vim
819 1930 1167 2010 privaberis.
1205 1929 1451 1993 Divinus
1476 1937 1671 1991 autem
1698 1929 1990 1991 [Eithalas
2023 1949 2036 1988 :

394 2017 513 2092 Me,
545 2018 760 2097 inquit,
810 2019 1064 2098 puderet
1121 2019 1254 2081 cmli
1306 2026 1368 2080 et
1415 2025 1611 2100 terrae,
1644 2018 1694 2079 si
1739 2036 1875 2078 cum
1927 2019 2046 2079 mei

398 2108 707 2187 amici,qui
729 2115 789 2168 et
822 2108 1252 2187 premebantur
1281 2114 1609 2188 senectute,
1631 2117 1691 2169 et
1718 2114 1886 2168 aetate
1903 2125 2045 2186 pro-

400 2205 728 2271 cesserant,
762 2195 1082 2258 fortissime
1143 2197 1600 2273 decertaverint,
1651 2196 1778 2276 ipse
1816 2202 1876 2258 et
1915 2195 2048 2256 vitae

397 2287 676 2366 cupidus,
703 2293 760 2347 et
786 2291 1079 2358 tormenta
1109 2286 1512 2348 extimescens
1537 2285 2044 2366 conspicerer,qui

398 2394 528 2438 sum
553 2381 722 2436 aetate
741 2375 1232 2452 vegetiore.Non,
1259 2395 1365 2457 per
1387 2375 1605 2439 Christi
1624 2376 1742 2436 mei
1767 2382 2039 2455 mortem,

399 2481 502 2528 ero
534 2464 668 2526 vitae
697 2463 795 2525 hic
823 2464 1068 2541 agenda)
1097 2464 1366 2544 cupidus.
1404 2463 1533 2525 Non
1559 2483 1662 2543 pro
1694 2464 1768 2524 iis
1790 2481 1922 2539 qua;
1951 2463 2038 2523 vi-

400 2555 634 2629 dentur,
671 2552 870 2633 bonis,
904 2573 1019 2615 non
1041 2573 1147 2633 pro
1179 2553 1413 2633 asperis
1442 2553 1625 2613 rebus
1655 2552 1898 2632 prodam
1921 2552 2046 2632 pie-

397 2650 597 2706 tatem.
635 2640 889 2721 Propter
915 2643 1043 2703 haec
1090 2659 1307 2720 magna
1335 2641 1560 2703 exstitit
1590 2641 1677 2702 ira
1726 2640 1992 2721 praasidis
2028 2663 2040 2705 :

401 2741 460 2794 et
478 2732 540 2794 in
563 2739 830 2793 sanctum
859 2730 1021 2792 illata
1038 2737 1177 2791 sunt
1206 2730 1457 2808 ﬂagella.
1487 2730 1596 2792 Ille
1613 2737 1813 2792 autem
1845 2731 2042 2811 ipsum

401 2819 709 2882 sordidum
763 2836 970 2880 canem
1023 2818 1254 2880 vocavit
1311 2827 1367 2881 et
1397 2819 1694 2898 ignavum,
1729 2828 1831 2882 et:
1888 2820 2041 2892 Quo-

399 2908 600 2980 modo,
636 2905 849 2986 inquit,
885 2925 1054 2969 mens
1087 2914 1183 2967 tua
1224 2915 1313 2968 est
1343 2909 1576 2970 infirma
1607 2919 1666 2970 et
1711 2908 2035 2986 imbecilla,

398 2999 481 3059 ita
528 2995 706 3057 etiam
741 3003 1055 3071 tormenta,
1091 3015 1222 3076 quae
1269 3005 1407 3058 sunt
1454 2997 1775 3058 infelicium
1826 3007 1884 3059 et
1928 2999 2035 3060 ab-

393 3087 690 3166 jectarum
723 3084 1056 3146 animarum
1106 3086 1407 3166 terricula,
1443 3105 1561 3148 non
1613 3104 1749 3149 vero
1801 3087 2036 3149 fortium

2128 1952 2259 1985 τατα
2318 1931 2646 2008 στερηθήσῃ.
2701 1921 2762 1986 Ὀ
2823 1926 2876 1982 δέ
2920 1949 2980 2004 γε
3037 1931 3179 1991 θεῖος
3232 1925 3534 2003 Ἀειθαλᾶς,
3576 1925 3755 2001 Αἰσχυ-

2130 2019 2322 2093 ναίμην
2381 2021 2464 2092 ἂν,
2513 2017 2638 2096 ἔφη,
2691 2018 2785 2072 τὸν
2843 2017 3059 2093 οὐρανὸν
3116 2017 3203 2071 καὶ
3258 2017 3360 2082 τὴν
3405 2015 3525 2092 γῆν,
3572 2015 3613 2068 εἰ
3663 2017 3755 2067 τῶν

2131 2107 2273 2182 ἐμῶν
2331 2108 2551 2175 ἑταίρων
2582 2108 2669 2163 καὶ
2725 2108 2864 2184 γήρᾳ
2893 2104 3237 2184 τρυχομένων
3266 2109 3365 2162 καὶ
3411 2103 3586 2174 ἡλικίᾳ
3634 2122 3753 2178 προ-

2127 2195 2456 2270 ϐεϐηκότων,
2561 2195 2742 2252 ἔπειτα
2837 2194 3212 2272 καρτερώτατα
3306 2190 3749 2271 διηγωνισμένων,

2128 2288 2282 2350 αὐτὸς
2333 2284 2606 2364 φιλοζωῶν
2662 2287 2752 2341 καὶ
2804 2285 3159 2354 ὑποπτήσσων
3217 2304 3312 2340 σου
3367 2283 3462 2346 τὰς
3517 2280 3750 2357 βασάνους

2126 2377 2339 2455 ὀφθείην
2393 2378 2491 2440 τὴν
2524 2374 2735 2440 ἠλικίαν
2791 2373 2936 2453 ἔχων
2991 2371 3371 2448 ἀκμαιοτέραν,
3434 2374 3527 2446 Οὑ,
3560 2370 3630 2444 μὰ
3673 2369 3752 2424 τὸν

2125 2471 2216 2520 τοῦ
2274 2465 2403 2539 ἐμοῦ
2432 2470 2655 2541 Χριστοῦ
2705 2464 2954 2536 θάνατον,
2993 2466 3052 2522 οὒ
3100 2460 3491 2540 φιλοψυχησω,
3525 2462 3582 2518 οὗ
3631 2478 3750 2536 προ-

2127 2551 2280 2609 δώσω
2334 2555 2440 2608 τών
2493 2551 2786 2609 δοκούντων
2835 2553 3066 2630 ἀγαθῶν,
3104 2552 3164 2608 οὑ
3219 2553 3326 2606 τῶν
3367 2548 3618 2628 χαλεπῶν
3667 2547 3752 2613 τὴν

2128 2639 2418 2702 εὐσέϐειαν.
2477 2645 2650 2716 Θυμὸς
2691 2643 2752 2698 τὸ
2795 2641 2886 2698 ἐπῖ
2917 2642 3124 2704 τούτοις
3156 2638 3320 2702 πολὺς
3357 2647 3447 2695 τοῦ
3494 2638 3750 2718 ἄρχοντος.

2129 2732 2402 2809 μαστίγων
2461 2731 2712 2810 ἐπιφωρεὶ
2767 2732 2903 2788 κατὰ
2957 2739 3049 2787 τοῦ
3105 2731 3276 2808 ἁγίου.
3324 2728 3390 2788 Ὀ
3444 2727 3498 2784 δὲ
3551 2727 3752 2805 ῥυπαρὸν

2123 2820 2281 2876 αὑτὸν
2339 2821 2594 2877 ἀπεκάλει
2623 2822 2750 2877 κύνα
2805 2821 2892 2878 καὶ
2936 2819 3131 2898 ἆγεννῆ
3192 2820 3300 2892 καὶ,
3335 2816 3546 2897 τᾪσπερ
3574 2819 3600 2873 ὃ
3648 2822 3750 2877 νοῦς

2122 2912 2150 2966 ὁ
2194 2911 2286 2973 σὸς
2317 2908 2485 2988 ἔλεγε,
2521 2915 2709 2987 σαθρος
2740 2933 2796 2966 τε
2856 2912 2940 2967 καὶ
2999 2913 3244 2988 ἀσθενής,
3279 2905 3425 2964 οὕτω
3481 2907 3543 2974 δὴ
3575 2908 3654 2962 καὶ
3705 2905 3749 2960 αἱ

2123 2999 2342 3073 βάσανοι
2398 2998 2756 3074 μορμολύκεια
2799 3003 2990 3078 ψυχῶν
3033 2997 3226 3055 ἀθλίων
3285 2998 3390 3054 εἶσὶ
3442 2999 3526 3053 καὶ
3579 3017 3749 3053 ταπει-

2126 3093 2251 3161 νῶν,
2286 3086 2404 3142 ἄλλ’
2458 3088 2552 3145 οὒκ
2582 3087 2778 3167 ἀνδρῶν
2821 3091 3073 3168 γενναίων
3118 3089 3205 3145 καὶ
3235 3093 3470 3166 Χριστοῦ
3515 3089 3650 3160 πόθῳ
3669 3086 3750 3146 τὰς

398 3174 686 3248 virorum,
720 3191 969 3252 quorum
1007 3173 1190 3235 animi
1213 3175 1510 3237 desiderio
1543 3175 1759 3239 Christi
1793 3184 1930 3238 sunt
1955 3177 2038 3239 in-

2128 3176 2304 3256 ψυχᾶς
2338 3176 2814 3258 ἐκπεπυρωμένων.

399 3261 707 3325 ﬂammati.

482 3349 688 3413 XVIlI.
720 3349 823 3410 His
847 3349 1030 3428 judex
1063 3351 1526 3433 obstupefactus,
1556 3354 1656 3433 qui
1687 3361 1811 3415 erat
1841 3365 2042 3417 mente

395 3438 782 3521 captuszQuid
806 3439 942 3519 hoc,
961 3439 1708 3522 dixitconfessoribus,sibi
1730 3442 2040 3524 vnlt,quod

390 3529 515 3602 isti,
543 3527 640 3607 qui
663 3527 942 3588 dicuntur
972 3528 1317 3606 Christiani,
1343 3529 1514 3592 vitam
1551 3540 1889 3610 presentem
1924 3534 2034 3595 de-

390 3617 735 3696 Spicientes,
772 3624 1021 3677 mortem
1058 3626 1364 3698 tantopere
1397 3619 1768 3683 sitiunt?llli
1791 3629 1986 3683 autem
2014 3644 2027 3685 :

390 3705 707 3780 Quoniam,
739 3703 925 3780 aiunt,
970 3724 1004 3768 a
1054 3708 1318 3786 patribus
1363 3709 1603 3771 traditas
1661 3710 2036 3773 attendentes

391 3793 716 3869 doctrinas,
751 3794 1000 3855 credunt
1031 3795 1210 3856 alium
1243 3816 1375 3860 esse
1409 3798 1721 3868 mundum,
1756 3800 2035 3880 praesenti

389 3884 568 3962 longe
595 3883 902 3944 meliorem
937 3891 1000 3945 et
1030 3885 1561 3964 admirabiliorem,
1597 3898 1840 3969 propter
1855 3909 2031 3970 quem

2205 3354 2327 3416 111’.
2370 3352 2687 3434 Ἐκπλαγεὶς
2746 3355 2831 3413 ἐπὶ
2887 3357 3090 3422 τούτοις
3149 3359 3175 3413 6
3225 3355 3591 3437 φρενόληπτος
3619 3351 3745 3409 δικα-

2125 3443 2276 3518 στὴς,
2331 3445 2390 3502 Τί
2445 3454 2620 3524 τοῦτο,
2677 3446 2810 3524 πρὸς
2865 3447 2982 3512 τοὺς
3021 3444 3454 3524 συνεδριάζοντας
3503 3444 3746 3524 ἔφη,πῶς

2120 3535 2167 3589 οἱ
2221 3533 2504 3609 λεγόμενοι
2567 3533 2707 3591 οὗτοι
2767 3537 3067 3613 Χριστιανοὶ
3121 3538 3220 3601 τῆς
3271 3536 3542 3613 παρούσης
3593 3552 3746 3588 κατα-

2119 3629 2427 3700 φρονοῦντες
2474 3622 2906 3696 (Longi/361m;
2951 3623 3087 3680 οὕτω
3131 3622 3322 3699 διψῶσι
3358 3626 3449 3680 τὸν
3495 3623 3746 3693 θάνατον;

2120 3714 2178 3769 Οἱ
2239 3711 2315 3791 δὲ,
2380 3712 2500 3769 "Ott
2566 3712 3070 3793 πατροπαραδότοις,
3119 3713 3348 3792 ἔφησαν,
3413 3711 3746 3792 προσέχοντες

2121 3798 2394 3882 διδαχαῖς,
2441 3799 2602 3858 ἄλλον
2633 3806 2770 3858 εἶναι
2802 3824 3000 3878 κοσμον
3048 3803 3382 3879 πιστεύουσι,
3419 3809 3507 3858 τοῦ
3557 3798 3744 3876 παρόν-

2121 3913 2208 3953 τος
2279 3891 2417 3946 κατὰ
2475 3887 2607 3946 πολὺ
2662 3891 2853 3968 βελτίω
2912 3913 2968 3947 τε
3038 3893 3122 3948 καὶ
3206 3893 3650 3968 θαυμασιώτερον,
3694 3887 3748 3942 οὗ

389 3977 566 4033 vitam
596 3989 824 4058 quoque
857 3987 1191 4046 praesentem
1215 3979 1553 4051 despiciunt.
1580 3981 1813 4039 Interim
1842 3992 2029 4040 autem

2128 3978 2276 4057 χάριν
2347 3979 2434 4034 καὶ
2488 3984 2587 4045 τῆς
2644 3981 2912 4054 παρούσης
2955 3981 3246 4058 ὑπερορῶσι
3289 3986 3454 4051 ζωῆς.
3513 3977 3594 4035 Ἐν
3649 3973 3746 4048 ὅσῳ

391 4060 532 4148 dum
568 4058 692 4120 haec
728 4057 1101 4148 dicerentur,
1141 4071 1201 4126 et
1257 4065 1542 4144 temporis
1590 4067 1941 4144 prolixitate,
1977 4077 2032 4130 et

2128 4066 2168 4122 Ξὲ
2198 4074 2361 4124 ταῦτα
2396 4066 2609 4145 ἐλέγετο
2639 4073 2706 4144 τῇ
2763 4091 2819 4124 τε
2853 4075 2949 4136 τῆς
2981 4057 3126 4148 ὠρας
3178 4071 3472 4148 παρατάσει
3502 4069 3586 4124 καὶ
3637 4076 3747 4126 ταῖς

385 4147 462 4210 ab
491 4145 564 4209 iis
595 4145 918 4237 quipipsum
953 4151 1337 4230 torquebant,
1359 4154 1881 4216 vehementissima
1909 4159 2029 4236 pla—

2128 4155 2214 4211 τῶν
2299 4156 2605 4226 αἷκιζόντων
2690 4159 2843 4215 αὐτὸν
2913 4145 3291 4236 σφοδροτάταις
3362 4161 3635 4237 ἐπιφοραῖς
3701 4152 3745 4206 αῖ

385 4254 592 4318 garum
652 4235 940 4326 illationﬁe,
976 4243 1238 4320 corporis
1274 4241 1539 4321 quidem,
1570 4243 1725 4322 quod
1775 4235 2022 4308 multum

2128 4245 2206 4300 ιὲν
2257 4251 2349 4301 τοῦ
2430 4243 2725 4302 πολυάθλου
2783 4235 3052 4322 σώματος
3087 4249 3331 4326 ἁρμονίαι
3385 4235 3656 4317 διελύοντο,
3699 4241 3744 4294 αἱ

383 4326 807 4400 decertaverat,
859 4325 1336 4390 dissolvebantur
1386 4348 1751 4410 compages;
1811 4352 2022 4398 carnes

2128 4334 2301 4412 τάρκες
2359 4333 2413 4389 δὲ
2459 4333 2703 4410 ξεόμεναι
2756 4335 2898 4410 αὑτῷ
2955 4325 3147 4412 αἵματι
3215 4336 3349 4393 κατᾶ
3409 4339 3506 4413 γηῖς
3563 4331 3740 4409 ἐῤῥεον.

380 4433 540 4494 vero,
577 4431 705 4517 quae
755 4413 1196 4517 lacerabantur,
1249 4436 1382 4479 cum
1439 4418 1568 4496 ipso
1616 4421 1906 4499 sanguine
1958 4424 2017 4485 in

2135 4425 2231 4480 Επὶ
2300 4424 2473 4503 βραχὺ
2543 4422 2598 4478 δὲ
2667 4429 2850 4480 τοῦτον
2923 4425 3172 4482 ἆνεθῶναι
3247 4424 3524 4503 κελεύσας,
3583 4421 3743 4497 ὥσπερ

378 4511 598 4564 terram
653 4499 1012 4563 deﬂuebant.
1088 4505 1232 4566 Cum
1293 4525 1426 4567 eum
1486 4515 1682 4569 autem
1743 4511 2021 4588 jussisset

2128 4511 2256 4570 ἶλεον
2302 4499 2476 4569 αὑτοῦ
2511 4510 2686 4568 λαϐὼν
2745 4515 2772 4568 6
2816 4512 3062 4590 δικάζων,
3095 4513 3246 4570 Ἀλλ’
3314 4517 3359 4571 εἰ
3414 4499 3741 4590 βουληθείῳς,

376 4608 585 4682 parum
604 4589 868 4682 relaxari
885 4591 1091 4682 judex,
1121 4601 1395 4674 tanquam
1416 4597 1542 4678 ejus
1565 4615 1754 4669 motus
1777 4597 2019 4669 miseri-

2128 4600 2232 4680 Ῐφη,
2277 4609 2352 4676 τῷ
2384 4600 2644 4677 βασιλικῷ
2702 4605 2978 4670 πεισθῆναι
3028 4589 3423 4682 προστάγματι,
3472 4603 3566 4657 εἰσὶ
3622 4608 3740 4676 παρ’

374 4679 618 4743 cordia:
667 4679 731 4776 ξί
778 4678 1058 4776 volueris,
1078 4682 1301 4776 inquit,
1348 4708 1558 4769 parere
1593 4697 1788 4776 jussui
1833 4697 2018 4776 regis,

2128 4691 2244 4766 λμῖν
2302 4692 2467 4767 ἰατροί
2501 4691 2557 4746 οἵ
2615 4715 2708 4749 σου
2748 4694 2809 4748 τὸ
2839 4692 3008 4772 τάχος
3065 4693 3302 4750 ἰάσονται
3361 4693 3456 4756 τὰς
3517 4685 3738 4766 πληγάς,

375 4777 516 4859 sunt
545 4767 702 4850 apud
736 4788 844 4831 nos
876 4771 1115 4850 medici,
1153 4778 1251 4851 qui
1287 4767 1472 4859 plagis
1511 4767 1627 4847 tuis
1655 4788 1773 4848 cito
1804 4767 2016 4849 mede;

2128 4783 2244 4855 Ιρὸς
2304 4781 2363 4836 ὃν
2395 4781 2539 4844 εὑθὺς
2584 4784 2611 4836 6
2671 4767 2952 4859 μακάριοςἰ
3019 4783 3078 4840 Εἰ
3127 4781 3272 4859 λόγῳ
3301 4783 3446 4853 μόνῳ
3489 4779 3580 4841 τὰς
3622 4776 3742 4838 ἐμὰς

369 4857 618 4954 buntur.
694 4860 796 4921 Cui
873 4859 1069 4920 statim
1144 4857 1426 4928 sanctus:
1494 4871 1556 4934 Si
1628 4876 1755 4938 solo
1811 4876 2012 4954 verbo,

2128 4871 2268 4949 ιῖχες
2333 4873 2505 4927 ἰᾶσθαι
2566 4857 2901 4954 πληγὰς,νῶ
2957 4857 3250 4949 τραυματία
3300 4871 3362 4924 σὺ
3420 4870 3506 4925 καὶ
3562 4865 3740 4943 φρένας

363 4946 588 5029 inquit,
637 4965 844 5045 posses
890 4951 1038 5012 meis
1081 4953 1323 5045 mederi
1358 4958 1564 5039 plagis,
1598 4981 1630 5024 ο
1688 4973 1768 5038 tu,
1819 4967 1915 5045 qui
1954 4946 2017 5026 es

2128 4962 2197 5015 ιαὶ
2242 4960 2341 5026 τὴν
2372 4959 2578 5038 ψυχὴν,
2609 4946 2718 5016 οὐδ⁷
2760 4959 2926 5022 οὕτως
2956 4946 3018 5014 ἄν
3064 4982 3146 5016 σοι
3201 4960 3505 5038 προσέσχον
3535 4955 3612 5034 ἐφ’
3662 4950 3741 5013 οἷς

366 5046 568 5099 mente
612 5038 905 5132 et__anima
934 5040 1190 5117 saucius,
1226 5063 1300 5106 ne
1333 5051 1416 5108 sic
1448 5038 1688 5132 quidem
1744 5038 1856 5115 tibi
1878 5055 2015 5114 ani-

2133 5047 2296 5116 νόητα
2336 5062 2649 5124 παραινεῖς.
2697 5049 2964 5127 Πειραζων
2998 5050 3213 5128 εἴρηκα,
3263 5071 3424 5128 φησιν
3452 5049 3480 5102 ὁ
3509 5044 3738 5114 δικάζων.

364 5143 526 5222 mum
552 5125 928 5205 adhiberem,
965 5148 1097 5222 cum
1126 5149 1193 5193 ea
1221 5125 1490 5218 suadeas,
1526 5160 1660 5220 quae
1683 5150 1816 5203 sunt
1840 5144 2017 5222 plane

2128 5140 2229 5194 ςπεί
2280 5139 2368 5195 καὶ
2395 5137 2678 5204 θελήσαντί
2735 5160 2815 5194 σοι
2861 5140 3008 5218 τάχα
3060 5143 3136 5212 τῷ
3189 5141 3280 5195 τοῦ
3320 5136 3576 5214 βασιλέως
3619 5129 3742 5194 εἶξαι

362 5217 542 5314 stulta
584 5225 678 5314 .et‘
708 5226 936 5278 rcmota
979 5218 1078 5314 ab_
1105 5217 1514 5301 intelligentia.
1544 5217 2004 5309 —Tentans'dixi,

2128 5229 2479 5306 προστάγματι
2544 5225 2689 5286 οὐδὲν
2720 5228 2784 5295 ἦν
2816 5217 2966 5306 παρᾶν
3014 5239 3169 5288 τοῦτο
3198 5228 3357 5284 πλέον
3400 5233 3506 5282 τῶν
3534 5223 3742 5297 πληγῶν

354 5305 552 5400 inquit
575 5305 807 5400 judex_;_
836 5323 982 5400 nam
1007 5309 1236 5400 etiamsi
1270 5319 1327 5372 tu
1362 5315 1543 5379 velles
1575 5336 1785 5398 parere
1808 5305 2004 5400 jussui

2128 5315 2212 5384 ἱδη
2274 5319 2365 5372 τὸν
2421 5317 2642 5373 θάνατον
2713 5339 2794 5373 σοι
2868 5317 3332 5392 μνηστευομένων·
3408 5315 3523 5371 ὅθεν
3587 5311 3743 5388 ἔγωγε

353 5393 537 5489 regis,
575 5395 686 5455 hoc
749 5395 848 5455 tibi
902 5394 1050 5455 nihil
1096 5398 1425 5489 prodesset,
1460 5393 1593 5467 cum
1647 5393 1831 5488 plagae
1873 5411 1997 5488 jam

2128 5414 2446 5483 ἱριστιανοϊς
2505 5413 2663 5463 πᾶσιν
2697 5406 2990 5485 ὑπόδειγμα
3043 5409 3283 5485 γενὲσθαι
3329 5427 3384 5462 σε
3417 5397 3740 5482 παρασκευά-

353 5478 462 5580 tibi
492 5491 742 5580 mortem
776 5494 1122 5580 procurent.
1159 5478 1554 5558 Quamobrem
1592 5478 1701 5572 ego
1744 5478 1993 5577 quidem

2130 5523 2173 5551 ω
2238 5506 2332 5556 τοῦ
2396 5497 2473 5573 μὴ
2529 5495 2693 5560 ἀδεῶς
2761 5494 2896 5553 οὕτω
2952 5511 3071 5559 τοῖς
3123 5498 3258 5552 κατὰ
3312 5500 3416 5552 τῶν
3477 5492 3737 5570 ἀρχόντων

348 5569 632 5651 efficiam,
667 5581 728 5633 ut
781 5573 861 5634 sis
893 5575 1171 5655 exemplo
1204 5580 1481 5646 omnibus
1508 5569 1879 5665 Christianis,
1913 5609 1990 5654 ne

2128 5584 2250 5666 ῖρεσι
2315 5569 2572 5668 χρῆσθαι.
2618 5585 2770 5644 Ἀλλ’
2828 5589 2872 5643 εἷ
2925 5589 3012 5645 καὶ
3057 5589 3090 5644 ἐ
3106 5610 3132 5645 ν
3164 5585 3377 5666 ἄλλοις,
3409 5586 3436 5641 ὁ
3489 5577 3673 5661 ἱερώτα
3692 5596 3748 5631 το
