4048 6136
366 304 486 369 849

1274 308 1690 374 CERTAMEN
1734 311 1793 373 S.
1840 306 2234 373 ACEPSIM/E
2276 307 2375 370 ET
2420 305 2824 373 SOCIORUM.

3615 312 3735 381 850

367 440 584 519 μάρτυς,
636 439 900 499 ἀλλόκοτα
929 440 1183 504 πολλάκίς
1239 439 1463 519 εἴρηκας
1514 444 1601 499 καί
1649 441 1841 519 ψευδῆ,
1897 451 2007 517 νῦν,

2100 449 2217 504 tam
2248 460 2462 505 secure
2491 443 2867 521 magistratus
2895 442 3156 507 afﬁciant
3176 447 3578 511 contumeliis.
3611 449 3731 514 Sed

365 528 502 608 ἄφη,
558 531 647 587 καὶ
701 531 781 606 μὴ
839 528 1157 607 βουλόμενος
1213 531 1279 586 τὰ
1335 528 1510 598 ἀληθῆ
1572 530 1772 601 ἔλεξας,
1831 534 1919 590 καὶ
1975 532 2002 588 ὅ

363 619 580 683 πάντως
660 623 754 679 οὐκ
838 622 911 684 εἰς
981 620 1185 697 μακρὰν
1256 617 1583 689 ἀποϐήσεται
1619 635 1633 651 ⁶
1709 620 2005 700 ὑπόδειγμα

364 708 468 786 γὰρ
498 729 563 783 με
593 715 668 783 τῷ
699 707 806 765 ὄντι
837 708 1030 787 ἀγαθὸν
1087 709 1173 765 καὶ
1232 722 1349 772 τοῖς
1406 707 1589 765 ἔπειτα
1640 710 1818 779 θήσεις
1866 732 2003 788 καρ-

362 799 539 877 τερίας
595 798 684 854 καὶ
754 798 1146 876 γενναιόνητος,
1200 796 1256 855 οἵ
1302 798 1537 876 καθάπερ
1592 800 1666 862 εἷς
1700 797 2000 878 ἀρχέτυπόν

361 908 413 943 τι
473 892 571 956 τὴν
625 886 888 965 ἡμετέραν
944 887 1244 966 ἀφορῶντες
1298 886 1595 963 ὑπομονήν,
1668 885 1855 965 ῥᾳδίως
1908 894 2002 946 σοῦ

362 995 420 1030 τε
473 977 570 1033 καί
625 980 732 1032 τῶν
788 974 987 1050 ὁμοίως
1046 974 1281 1055 ἑχόντων
1336 975 1428 1041 τὰς
1497 975 1756 1050 βασάνους
1814 974 2002 1035 οἴσου-

362 1085 466 1122 σιν.

446 1151 532 1209 ΙΘ¹
545 1200 560 1215 .
593 1151 889 1219 ’Έκπληξις
918 1152 1004 1209 ἐπὶ
1052 1164 1169 1218 τοῖς
1218 1152 1423 1229 ῥηθεῖσι
1453 1151 1689 1232 κατέσχε
1722 1154 1814 1208 τὸν
1845 1150 2000 1209 δικα-

362 1243 517 1316 στὴν,
549 1240 646 1298 καΐ
700 1240 765 1309 δὴ
795 1263 913 1298 τινα
966 1248 1073 1299 τῶν
1127 1239 1253 1321 παρ’
1302 1244 1444 1316 αὐτῷ
1500 1240 1639 1319 μέγα
1702 1240 2001 1316 δυναμένων

359 1329 860 1406 προσκαλεσάμενος
910 1332 992 1409 (ὃς
1055 1329 1282 1409 Ἀδέσχε
1338 1331 1434 1406 μὲν
1490 1330 1726 1408 ἐλέγετο,
1782 1331 1842 1387 ἐκ
1892 1331 1999 1389 πό-

357 1419 498 1484 λεως
553 1417 607 1476 δὲ
650 1419 871 1497 ὥρμητο
918 1418 1122 1497 Ἀρϐὴλ
1177 1419 1560 1499 καλουμένης),
1612 1421 1837 1484 Τούτους
1887 1441 1998 1478 πα-

357 1507 629 1589 ραλαῖὼν,
661 1508 785 1588 ἔφη,
812 1510 943 1586 πρὸς
974 1509 1076 1577 τὴν
1104 1509 1200 1577 σὴν
1250 1508 1424 1585 ἄπαγε
1464 1508 1620 1567 πόλιν
1673 1516 1998 1589 Χριστιανῶν

359 1600 516 1679 χερσὶ
569 1597 1177 1673 καταλευσθησομένους·
1238 1605 1394 1656 τοῦτο
1448 1599 1546 1677 γὰρ
1590 1622 1682 1675 μοι
1731 1601 1793 1656 τὸ
1840 1598 1996 1657 δικα-

356 1685 575 1764 στήριον
607 1687 669 1743 τὸ
699 1687 789 1744 σὸν
820 1684 1243 1764 καταπράξασθαι
1273 1686 1556 1766 βούλομαι,
1608 1685 1674 1743 δι’
1734 1688 1802 1755 ἢν
1830 1689 1998 1746 αἰτίαν

2086 529 2137 591 si
2187 529 2249 592 in
2291 530 2464 604 aliis,
2514 532 2709 614 inquit
2762 531 3174 595 sanctissimus
3232 538 3473 613 martyr,
3535 533 3734 600 dixisti

2085 634 2246 699 saepe
2279 619 2474 682 aliena
2507 628 2564 683 et
2595 620 2764 696 falsa,
2801 639 2985 702 nunc,
3019 621 3255 686 etiamsi
3286 622 3500 699 nolles,
3535 624 3734 689 dixisti

2084 726 2246 782 vera,
2277 716 2336 770 et
2364 709 2523 790 quod
2556 717 2645 771 est
2675 710 2922 772 omnino
2952 710 3300 791 propediem
3353 721 3726 780 eventurum.

2085 794 2175 857 Me
2192 796 2353 858 enim
2385 814 2591 860 revera
2608 797 2832 860 bonum
2864 800 3119 879 posteris
3147 801 3485 881 exemplum
3507 811 3731 868 statues

2082 883 2449 947 fortitudinis
2472 893 2532 947 et
2552 886 2738 949 animi
2761 886 3208 968 magnitudinis,
3232 892 3332 969 qui
3354 897 3633 973 tanquam
3654 893 3730 956 ad

2084 974 2388 1053 exemplar
2432 974 2700 1055 aliquod,
2737 974 2808 1037 ad
2843 983 3102 1039 nostram
3132 976 3436 1041 intuentes
3463 981 3728 1045 toleran-

2086 1061 2227 1124 tiam
2275 1062 2448 1124 facile
2479 1063 2675 1126 ferent
2706 1071 2802 1125 tua
2853 1071 2914 1126 et
2944 1066 3026 1127 tui
3077 1064 3360 1129 similium
3410 1076 3725 1135 tormenta.

2166 1151 2314 1214 XIX.
2338 1151 2465 1232 liis,
2491 1170 2623 1232 quae
2652 1153 2812 1215 dicta
2840 1161 3003 1230 sunt,
3033 1153 3142 1216 fuit
3169 1154 3621 1238 obstupefactus
3627 1163 3726 1241 ju-

2086 1239 2290 1318 dex;et
2316 1241 2606 1304 accersito
2632 1241 2888 1322 quodam
2914 1261 2983 1305 ex
3005 1242 3102 1325 iis,
3126 1244 3229 1325 qui
3248 1247 3403 1327 apud
3423 1266 3560 1311 eum
3580 1239 3728 1314 mul-

2084 1334 2209 1392 tum
2244 1338 2539 1411 poterant,
2571 1330 2675 1411 qui
2705 1330 3013 1394 dicebatur
3040 1333 3281 1413 quidem
3299 1335 3575 1401 Adesche
3600 1339 3728 1417 (or-

2083 1425 2177 1507 tus
2210 1425 2409 1481 autem
2443 1428 2571 1484 erat
2602 1437 2671 1481 ex
2699 1421 2954 1493 civitate,
2979 1440 3119 1502 quae
3140 1423 3463 1488 vocabatur
3489 1428 3723 1507 Arbel):

2080 1505 2226 1579 Hos,
2285 1507 2500 1588 inquit,
2534 1508 2762 1588 accipe,
2797 1515 2857 1570 et
2902 1509 3018 1571 duc
3075 1512 3149 1573 ad
3192 1518 3351 1575 tuam
3402 1505 3721 1592 civitatem,

2083 1595 2555 1659 Christianorum
2578 1596 2852 1659 manibus
2869 1597 3208 1662 obruendos
3229 1601 3559 1681 lapidibus.
3573 1604 3723 1667 Volo

2082 1685 2244 1747 enim
2294 1694 2455 1747 tuam
2484 1685 2784 1748 solertiam
2816 1686 2931 1748 hoc
2978 1687 3131 1750 mihi
3164 1689 3429 1755 efticere.
3471 1691 3723 1773 Propter

357 1774 480 1832 οῦδὲ
508 1777 599 1833 τὸν
628 1774 713 1832 διὰ
751 1776 925 1854 ξίφους
954 1779 1124 1835 αὐτῶν
1179 1775 1487 1855 ἐπενεγκεῖν
1550 1775 1784 1845 ἠθέλησα
1830 1779 1994 1836 θάνα-

2083 1792 2259 1853 quam
2283 1792 2520 1836 causam
2547 1792 2661 1837 nec
2694 1775 2780 1837 eis
2808 1775 3047 1855 quidem
3071 1777 3265 1857 gladio
3295 1780 3454 1843 volui
3468 1789 3724 1845 mortem

356 1887 475 1926 τον.
532 1866 831 1943 Παραυτίκα
888 1864 1012 1943 γοῦν
1072 1865 1391 1944 ἀχθοφόροις
1447 1865 1606 1937 ζώσις
1655 1866 1833 1943 ὥσπερ
1886 1868 1998 1924 τι.νά

355 1956 465 2011 τῶν
516 1954 743 2034 ἀψύχων
797 1953 1136 2033 ἐπιφορτίσας
1191 1957 1379 2019 αὐτούς
1434 1957 1522 2011 καὶ
1577 1953 1993 2036 περιδεσμήσας,

2081 1863 2318 1925 afferre.
2356 1865 2504 1925 Cum
2526 1881 2629 1925 eos
2648 1881 2789 1952 ergo
2815 1865 3106 1928 onerariis
3127 1867 3415 1946 jumentis
3447 1876 3723 1952 tauquam

2082 1952 2411 2015 inanimum
2463 1951 2693 2029 aliquid
2737 1953 3120 2034 imposuisset
3164 1963 3225 2017 et
3268 1951 3592 2038 alligasset,
3621 1959 3725 2022 ille

354 2044 456 2111 τὴν
512 2045 598 2099 ‘mi
648 2043 746 2110 τὴν
802 2041 1022 2121 πατρίδα
1076 2043 1283 2106 ἐκεῖνος
1340 2042 1615 2101 ἐστέλλετο
1641 2059 1655 2074 ’
1726 2044 1847 2101 ἐπεῖ
1918 2047 1996 2119 μὴ

2083 2041 2380 2121 profectus
2427 2050 2516 2101 est
2549 2040 2610 2101 in
2664 2040 2936 2125 patriam,
2970 2042 3251 2122 quoniam
3295 2064 3417 2108 non
3453 2054 3726 2128 poterant

357 2132 591 2197 δυνατῶς
621 2131 779 2211 εἶχον
811 2132 1130 2210 ἐγκαθῷθαι
1161 2136 1279 2196 τοῖς
1336 2132 1516 2205 ζώοις,
1571 2131 1810 2213 ἐσχάτην
1859 2135 1996 2190 ὐπο-

2083 2128 2345 2190 insidere
2393 2128 2709 2207 jumentis,
2764 2148 2898 2191 cum
2943 2142 3148 2194 essent
3199 2151 3404 2196 eorum
3454 2135 3725 2200 membra

351 2222 573 2285 στάντες
630 2222 735 2278 τῶν
793 2219 969 2296 μελῶν
1028 2220 1268 2299 πάρεσιν’
1332 2221 1448 2278 ὅθεν
1504 2221 1807 2299 ἐρῥίπτοντο
1862 2223 2001 2279 κατὰ

2083 2217 2328 2278 omnino
2348 2216 3069 2288 dissoluta.Quamobrem
3092 2221 3257 2283 humi
3264 2222 3644 2302 jaciebantur
3661 2227 3725 2287 in

353 2316 458 2390 γῆς
487 2310 543 2367 ἐν
575 2310 664 2374 οἷς
696 2309 798 2366 ἔδει
854 2309 1135 2367 καταλύειν
1193 2312 1382 2374 αὐτοὺς
1431 2313 1523 2369 οἷαί
1551 2333 1669 2369 τινα
1698 2313 1855 2389 νεκρά
1885 2312 1996 2370 σώ-

2083 2306 2156 2367 iis
2184 2306 2353 2386 locis,
2386 2305 2449 2366 in
2501 2305 2721 2385 quibus
2749 2324 2852 2368 eos
2900 2307 3213 2387 oportebat
3238 2310 3552 2392 diversari,
3587 2323 3726 2375 tan-

357 2421 524 2476 ματα.
582 2401 680 2459 Καὶ
735 2397 870 2466 δῆτα
926 2400 1061 2457 κατὰ
1124 2400 1224 2467 τὴν
1273 2399 1430 2457 πόλιν
1484 2399 1748 2480 ἀχθέντας
1799 2398 2000 2478 Ἀρόηλ

2083 2412 2258 2475 quam
2309 2401 2538 2455 mortua
2571 2411 2844 2474 corpora.
2875 2393 2945 2456 Et
3003 2414 3138 2458 cum
3168 2396 3407 2461 adducti
3436 2408 3638 2463 essent
3664 2401 3730 2464 in

360 2487 720 2566 δεσμωτήριόν
771 2511 823 2544 τι
874 2487 1091 2568 δέχεται
1148 2488 1334 2553 αὐτοὺς
1388 2487 1617 2570 ζοφῶδες
1674 2490 1764 2546 καὶ
1821 2489 1999 2565 ἀλαμ-

2084 2484 2383 2545 civitatem
2434 2482 2646 2559 Arbel,
2683 2500 2787 2545 eos
2834 2484 3047 2565 accipit
3086 2503 3294 2548 carcer
3348 2486 3645 2552 obscurus
3675 2496 3736 2552 et

358 2598 481 2657 πες,
511 2576 631 2650 ἐνῷ
657 2578 874 2652 σήψεως
932 2583 1037 2633 τῶν
1085 2583 1292 2655 σαρκῶν
1341 2578 1446 2635 ἀπὸ
1491 2584 1597 2636 τῶν
1644 2576 1870 2656 πληγῶν
1899 2577 2000 2634 αύ-

2086 2571 2522 2645 tenebricosus,
2558 2571 2620 2632 in
2651 2589 2769 2651 quo
2817 2591 2951 2635 cum
2991 2574 3313 2653 putrefacto
3342 2577 3611 2639 carnium
3643 2578 3731 2641 eis

355 2679 478 2731 τοῖς
532 2665 913 2745 ἐπιγενομένης
969 2665 1108 2745 ἰχώρ
1154 2687 1210 2722 τε
1259 2665 1457 2731 πολλὸς
1489 2665 1725 2747 ἀπέῤῥει,
1757 2668 1845 2724 καὶ
1875 2664 1999 2723 ἁδύ·-

2083 2679 2155 2724 ex
2204 2661 2393 2742 plagis
2450 2668 2579 2722 orta
2636 2672 2812 2737 esset,
2863 2661 3135 2724 eﬂluehat
3182 2664 3364 2726 multa
3417 2666 3639 2747 sanies,
3669 2673 3733 2729 et

355 2778 442 2813 ναι
498 2758 604 2813 τῶν
661 2756 826 2834 ἁγίων
875 2753 1182 2833 δριμύταται
1227 2758 1592 2834 καθικροῦντο,
1643 2756 1729 2812 καὶ
1768 2753 2002 2829 μάλιστα

2084 2767 2288 2813 sancto
2316 2749 2652 2829 gravissimi
2678 2749 2917 2812 dolores
2941 2750 3323 2828 invadebant,
3354 2761 3418 2817 et
3446 2756 3728 2832 maxime,

353 2850 433 2919 τῷ
463 2847 541 2920 μὴ
570 2844 809 2926 ἐφεῖσθαι
837 2866 939 2901 τινι
984 2848 1096 2900 τῶν
1151 2848 1478 2924 Χριστιανῶν
1529 2846 1602 2907 ὡς
1660 2844 1848 2907 αὐτοὺς
1896 2846 2002 2900 εἰσ-

2084 2838 2242 2921 quod
2290 2858 2410 2900 non
2447 2838 2897 2918 permitteretur
2914 2839 3023 2900 ulli
3053 2858 3127 2900 ex
3152 2839 3498 2905 Christianis
3525 2842 3599 2905 ad
3625 2861 3730 2907 eos

354 2935 536 2992 ελθεῖν
605 2936 693 2991 καὶ
762 2940 954 3013 μικρᾶς
1025 2933 1151 3011 γοῦν
1222 2955 1361 2998 τινος
1436 2930 1741 3009 ἐπιμελείας
1810 2932 1997 2995 αὐτοὺς

2083 2929 2396 3008 accedere,
2422 2934 2482 2989 et
2515 2946 2723 2989 eorum
2751 2928 2931 2989 ullam
2956 2946 3160 2991 curam
3180 2947 3415 3007 gerere.
3444 2930 3727 3003 Quaedam

353 3022 606 3089 ἀξιῶσαι.
664 3023 804 3090 Γυνὴ
858 3021 915 3078 δέ
965 3043 1052 3085 τις
1112 3019 1331 3089 εὐσεϐὴς
1387 3020 1481 3078 καῖ
1536 3020 1836 3100 φοϐουμένη
1907 3022 1998 3077 τὸν

2083 3026 2279 3080 autem
2312 3016 2529 3078 mulier
2552 3016 2646 3097 pia
2669 3024 2729 3079 et
2748 3018 2965 3080 timens
2985 3016 3468 3101 Dominum,quaa
3483 3019 3727 3084 habita-

360 3113 549 3190 Κύριον
604 3111 660 3168 ἐν
716 3124 836 3176 τοῖς
897 3113 1056 3187 ὁρίοις
1099 3112 1198 3178 τῆς
1227 3111 1391 3179 αὐτῆς
1433 3109 1642 3174 πόλεως
1671 3119 1995 3188 παροικοῦσα

2083 3109 2181 3173 bat
2221 3115 2281 3170 in
2332 3108 2552 3170 finibus
2613 3107 2792 3188 hujus
2839 3109 3113 3189 civitatis,
3145 3109 3501 3191 intempesta
3551 3119 3726 3175 nocte

354 3202 486 3279 ἀωρὶ
537 3201 644 3258 τῶν
693 3205 894 3258 νυκτῶν
954 3200 1169 3279 ἀφίκετο
1200 3202 1331 3277 πρὸς
1375 3201 1433 3257 τὸ
1461 3198 1848 3277 δεσμωτήριον,
1899 3198 1997 3256 καῖ

2083 3200 2239 3261 venit
2284 3199 2358 3260 ad
2421 3215 2752 3273 carcerem,
2786 3205 2845 3260 et
2893 3197 3094 3260 multis
3142 3198 3415 3279 pecuniis
3460 3199 3724 3262 deliuitis

358 3291 636 3369 χρήμασιν
693 3290 877 3358 ίκανῆς
940 3290 1062 3353 τοὺς
1131 3287 1369 3365 φύλακας
1435 3290 1762 3368 θεραπεύασα
1829 3308 1996 3345 κατε-

2083 3286 2449 3363 custodibus,
2486 3287 2683 3349 eﬂ‘ecit
2741 3295 2806 3348 ut
2837 3295 3073 3349 sanctos
3122 3287 3374 3350 latenter
3401 3289 3723 3370 acciperet,

359 3376 590 3456 πραξατο
639 3381 802 3456 ἑαυτῇ
862 3380 924 3435 τὸ
981 3379 1098 3439 τοὺς
1144 3379 1322 3456 ἁγίους
1376 3376 1512 3435 οὕτω
1542 3375 1841 3444 λεληθότως
1870 3377 1996 3432 ἀνα-

2083 3384 2139 3440 et
2160 3377 2403 3438 domum
2435 3395 2627 3457 suam,
2649 3394 2779 3456 quae
2808 3395 2929 3439 non
2958 3377 3135 3457 longe
3163 3376 3389 3453 aberat,
3414 3395 3718 3442 servorum

362 3466 543 3525 λαϐεῖν
598 3469 687 3524 καὶ
746 3469 874 3546 πρὸς
925 3469 1019 3523 τὸν
1076 3467 1269 3532 ἑαυτῆς
1327 3466 1482 3524 οἷκον
1529 3466 1589 3523 οὗ
1632 3466 1838 3543 μακρὰν
1868 3464 1995 3521 ὄντα

360 3556 510 3635 χερσὶ
585 3562 692 3612 τῶν
772 3554 962 3623 ἑαυτῆς
1062 3555 1395 3631 θεραπόντων
1490 3551 1993 3628 διαϐασταζομένους

353 3645 601 3723 ἀγαγεῖν.
679 3644 817 3703 Εἶτα
883 3646 1140 3722 προθεῖσα
1211 3644 1427 3707 τούτους
1496 3642 1612 3699 οὐδὲ
1683 3640 1996 3720 φθέγξασθαι

353 3731 688 3812 δυναμένους,
724 3733 977 3807 ἰκμάσσει
1036 3733 1136 3808 μὲν
1192 3736 1378 3796 αὐτοῖς
1436 3733 1525 3788 τὸν
1573 3733 1773 3810 ἰχῶρα,
1816 3730 1996 3798 ἠπίαις

352 3819 410 3877 δέ
462 3844 571 3879 τισι
628 3823 926 3902 φαρμάκοις
981 3824 1372 3899 παραμυθεῖναι
1422 3820 1515 3884 τὰς
1559 3817 1880 3897 ἀλγηδόνας,
1943 3820 1998 3874 ὁ·

350 3912 540 3975 θονίοις
600 3909 931 3989 περιδεσμεῖ,
992 3914 1245 3989 καθαροῖς
1313 3911 1492 3987 μύροις
1564 3909 1705 3987 χρίει
1776 3906 1997 3964 πολυτε-

350 3997 490 4079 λέσι,
551 4001 639 4057 καὶ
697 4001 832 4057 οὔτω
882 3998 967 4056 διὰ
1022 4000 1235 4058 πάντων
1285 4000 1346 4054 τὸ
1397 3997 1771 4076 θεραπευτικόν
1799 4017 1855 4051 τε
1910 3997 1998 4053 καὶ

351 4088 698 4168 φιλόχριστον
756 4087 1129 4161 ἐπιδείκνυται,
1191 4085 1551 4165 καταφιλοῦσα
1611 4085 1707 4161 μὲν
1746 4086 1813 4142 τὰ
1855 4106 1997 4163 μαρ-

351 4179 538 4255 τυρικὰ
594 4177 758 4254 μέλη,
818 4176 914 4234 καὶ
972 4176 1176 4240 τούτοις
1232 4174 1635 4254 ὲπιδακρύουσα,
1710 4176 1867 4253 ίχῶρι
1938 4171 1995 4229 δὲ

349 4273 427 4340 τῷ
458 4264 510 4332 ἐξ
540 4266 712 4323 αὐτῶν
741 4265 1090 4336 ἀποστάζοντι
1119 4265 1312 4332 ἑαυτὴν
1339 4262 1719 4343 ὑπαλείφουσα.

439 4356 528 4416 κ’.
565 4353 697 4431 Ὀψὲ
724 4354 778 4411 δὲ
805 4357 892 4412 καὶ
924 4354 1079 4431 μόλις
1138 4354 1435 4431 ἀνενεγκὼν
1493 4355 1521 4410 ὁ
1577 4352 1834 4430 μακάριος
1864 4352 1990 4410 Ἰωσ-

351 4446 483 4525 σαὶιφ,
516 4447 587 4503 Τὸ
620 4445 716 4520 μὲν
772 4445 889 4512 περὶ
945 4446 1089 4517 ἡμᾶς
1151 4465 1243 4499 σου
1300 4441 1565 4510 συμπαθὲς
1637 4444 1721 4497 καὶ
1779 4440 1991 4520 φιλότι-

352 4556 476 4609 μον,
508 4533 555 4589 ὦ
599 4532 906 4610 ἱερώτατον,
963 4532 1087 4609 ἔφη,
1119 4531 1355 4608 γύναιον,
1417 4527 1703 4586 ἀπόδεκτον
1762 4531 1849 4585 καὶ
1879 4536 1994 4603 Θεῷ

351 4624 437 4679 καὶ
494 4636 611 4685 τοῖς
668 4622 798 4699 ὑπὲρ
857 4621 1017 4678 αὐτοῦ
1076 4618 1323 4677 ἀθλοῦσιν
1364 4622 1501 4693 ἡμῖν
1535 4635 1550 4651 ⁸
1614 4620 1674 4673 τὸ
1720 4616 1773 4673 δὲ
1828 4617 1993 4683 οὕτως

348 4714 492 4787 ἡμᾶς
548 4709 785 4789 δακρύειν
841 4709 1086 4788 ἀμέτρως
1146 4707 1324 4786 πόῤῥω
1380 4712 1479 4773 τῆς
1552 4704 1806 4783 ἀψευδοῦς
1886 4714 1993 4764 τῶν

348 4805 670 4879 Χριστιανῶν
726 4797 935 4862 ἐλπίδος
990 4799 1088 4854 καὶ
1142 4798 1240 4865 τῆς
1298 4799 1453 4871 ἡμῶν
1484 4797 1731 4857 πίστεως.
1767 4797 1901 4874 Πρὸς
1933 4797 1991 4850 ὃν

348 4891 384 4957 ἡ
440 4889 740 4965 σεμνοτάτη
795 4893 1080 4965 γυναικῶν,
1142 4884 1294 4962 Ἐμοὶ
1352 4885 1447 4959 μὲν
1506 4890 1677 4964 χαρᾶς
1735 4885 1768 4950 ἡ
1835 4885 1989 4963 ψυχὴ

349 4977 668 5057 πληροῦται,
721 4976 1041 5054 λογιζομένη
1100 4973 1246 5036 ὅπως
1306 4973 1569 5039 τοσαύτην
1621 4974 1748 5047 ὑμῖν
1780 4975 1806 5028 ὁ
1856 4995 1988 5052 χρισ-

349 5068 472 5130 στὸς
530 5065 742 5132 ἐνέθηκε
793 5065 893 5132 τὴν
952 5062 1213 5142 ἀνδρείαν,
1274 5063 1412 5119 ὥστε
1468 5063 1601 5139 πρὸς
1665 5060 1993 5127 τηλικαύτην

348 5153 545 5212 ὀδυνῶν
600 5152 889 5229 δριμύτητα
950 5151 1377 5230 διακαρτερῆσαι·
1439 5149 1596 5217 ἤσθεν
1657 5147 1698 5205 δ’
1751 5148 1812 5205 ἂν
1868 5150 1990 5205 ἐπι-

350 5243 512 5300 πλέον
568 5244 652 5299 καὶ
700 5245 850 5315 είτῷ
910 5241 1178 5318 μαρτυρίῳ
1227 5238 1596 5300 τελειωθέντας
1653 5236 1798 5296 ε’ίδον
1831 5239 1989 5313 ὑμᾶς.

349 5342 421 5391 Το
450 5330 504 5388 δὲ
536 5330 779 5409 δακρύειν
835 5330 1037 5408 φύσεως
1095 5329 1424 5408 ἀνθρωπίνης
1472 5326 1617 5383 ἴδιον
1673 5327 1858 5383 οἶκτον
1907 5325 1991 5383 ἐπὶ

347 5428 423 5495 τῷ
453 5432 698 5497 συγγενεῖ
754 5416 1178 5495 λαμϐρανούσης.
1243 5414 1412 5473 Ἀλλά
1468 5417 1542 5491 μὴ
1592 5414 1873 5472 λυπεῖσθαί
1905 5437 1986 5490 σε,

350 5513 378 5567 ὁ
434 5513 578 5570 θεῖος
650 5507 849 5583 Ἰωσὴρν
910 5506 1246 5584 ἀπεκρίνατο,
1321 5502 1457 5579 μηδὲ
1524 5504 1761 5581 δακρύειν
1833 5507 1987 5575 ἡμῶν

354 5602 530 5665 ἕνεκεν
558 5598 692 5681 χρὴ,
726 5594 1086 5672 ἑπισταμὲνην
1114 5594 1323 5660 πάντως
1382 5596 1455 5659 ὡς
1511 5595 1564 5650 αἱ
1618 5592 1703 5652 διὰ
1762 5594 1985 5672 Χριστὸν

2080 3484 2321 3529 suorum
2354 3465 2628 3527 manibus
2649 3473 2910 3546 portatos
2937 3464 3446 3529 duceret.Deinde
3473 3466 3550 3528 iis
3577 3484 3722 3547 pro-

2080 3556 2296 3630 ductis,
2323 3554 2421 3634 qui
2450 3573 2561 3616 nec
2579 3554 2742 3631 loqui
2765 3554 3008 3635 quidem
3034 3562 3329 3634 poterant,
3366 3554 3453 3616 eis
3482 3552 3717 3616 abster-

2080 3643 2169 3721 gis
2215 3644 2466 3716 saniem,
2500 3642 2741 3705 lenibus
2797 3648 2994 3703 autem
3051 3641 3402 3722 quibusdam
3457 3641 3719 3704 medica-

2081 3731 2296 3791 mentis
2326 3731 2491 3792 sedat
2520 3747 2724 3792 eorum
2755 3729 3259 3804 dolores,mundis
3277 3729 3479 3809 alligat
3498 3730 3717 3809 linteis,

2082 3819 2401 3896 unguentis
2429 3818 2600 3897 ungit
2628 3817 2936 3898 pretiosis,
2967 3825 3024 3880 et
3050 3817 3113 3879 in
3155 3817 3435 3880 omnibus
3463 3818 3724 3880 ostendit

2081 3924 2256 3988 quam
2286 3914 2443 3969 esset
2465 3909 2563 3986 pia
2588 3913 2648 3969 et
2668 3906 2887 3968 Christi
2916 3924 3148 3987 amans,
3173 3905 3447 3970 osculans
3471 3905 3717 3988 quidem

2081 3994 2352 4058 membra
2379 4002 2725 4076 martyrum,
2759 4003 2819 4056 et
2845 3994 2934 4056 eis
2982 3995 3380 4077 illacrymans,
3410 3996 3578 4059 sanie
3607 4014 3716 4060 au-

2081 4090 2204 4147 tem
2235 4102 2367 4165 quae
2395 4103 2466 4148 ex
2492 4086 2582 4146 eis
2610 4082 2953 4161 distillabat,
2986 4084 3245 4165 seipsam
3271 4087 3590 4165 inungens.
3640 4118 3643 4119 ν

2158 4349 2283 4413 XX.
2318 4352 2463 4413 Cum
2496 4348 2583 4411 vix
2611 4348 2848 4413 tandem
2882 4360 3084 4414 autem
3116 4350 3190 4412 ad
3221 4369 3287 4413 se
3314 4350 3569 4414 redisset
3609 4350 3715 4414 Jo-

2076 4440 2222 4520 seph
2264 4462 2275 4498 :
2309 4439 2433 4501 Tua
2452 4437 2724 4519 quidem,
2752 4438 2969 4516 inquit,
2995 4440 3056 4501 in
3090 4458 3199 4502 nos
3221 4439 3633 4502 misericordia
3661 4448 3719 4503 et

2078 4529 2552 4601 muniﬁcentia,o
2567 4536 2946 4590 sacrosancta
2971 4528 3340 4611 mulier,Deo
3353 4529 3720 4609 eritaccepta

2077 4625 2132 4677 et
2166 4617 2335 4677 nobis
2365 4617 2465 4692 qui
2501 4634 2606 4695 pro
2656 4635 2726 4677 eo
2761 4616 3164 4680 decertamus.
3222 4621 3345 4683 Nos
3371 4626 3566 4680 autem
3596 4625 3719 4681 tam

2074 4705 2392 4765 immodice
2433 4705 2658 4765 deflere
2691 4711 2781 4765 est
2814 4706 3062 4767 multum
3093 4715 3391 4770 remotum
3431 4725 3466 4768 a
3491 4722 3632 4769 vera
3659 4714 3719 4768 et

2074 4802 2235 4854 certa
2256 4811 2362 4872 spe
2390 4792 2861 4862 Christianorum
2892 4802 2950 4855 et
2980 4800 3184 4857 nostra
3212 4796 3352 4857 ﬁde.
3387 4796 3492 4857 Cui
3521 4795 3713 4857 hone-

2072 4879 2329 4941 stissima
2362 4879 2577 4941 mulier
2613 4900 2626 4940 :
2658 4877 2802 4940 Mihi
2832 4880 3073 4959 quidem
3119 4882 3354 4944 animus
3384 4888 3474 4943 est
3501 4881 3716 4960 gaudio

2068 4969 2353 5048 repletos,
2382 4967 2804 5042 consideranti,
2831 4968 2990 5044 quod
3015 4969 3283 5032 Christus
3303 4969 3470 5030 vobis
3491 4976 3713 5032 tantam

2074 5056 2307 5118 dederit
2327 5054 2762 5134 fortitudinem,
2788 5063 2850 5116 ut
2872 5073 3082 5136 magno
3101 5059 3298 5121 animo
3314 5055 3552 5118 ferratis
3574 5063 3707 5118 tan-

2075 5154 2190 5207 tam
2244 5144 2518 5226 dolorum
2549 5142 2983 5207 acerbitatem:
3049 5146 3232 5225 magis
3258 5152 3455 5207 autem
3513 5144 3710 5206 lmtata

2075 5251 2294 5306 essem,
2330 5232 2381 5294 si
2432 5249 2537 5293 vos
2582 5230 2862 5294 vidissem
2920 5235 3198 5315 martyrio
3242 5238 3708 5297 consummatos.

2074 5323 2409 5404 Lacrymari
2436 5340 2575 5384 vero
2594 5327 2683 5383 est
2699 5323 3006 5403 proprium
3025 5326 3299 5387 humanae
3322 5330 3549 5386 natura;
3575 5340 3708 5405 quae

2072 5422 2342 5476 movetur
2380 5409 2792 5473 misericordia
2843 5414 2993 5492 ejus,
3029 5414 3184 5495 quod
3217 5420 3305 5476 est
3346 5411 3461 5475 sibi
3488 5429 3709 5492 genere

2071 5505 2487 5583 conjunctum.
2539 5501 2657 5563 Sed
2712 5518 2833 5562 non
2881 5510 3115 5583 oportet
3169 5509 3227 5564 te
3276 5501 3482 5566 dolore
3522 5502 3707 5584 afficiIl

2067 5611 2263 5676 neque
2307 5589 2619 5672 lacrymari
2665 5597 2907 5672 prapter
2957 5609 3089 5670 nos,
3119 5591 3427 5675 respondit
3467 5590 3699 5654 divinus
