4022 6146
379 323 488 392 851
1278 361 1286 374 -
1623 321 2009 385 ADDENDA.
2055 350 2134 363 —
2184 317 2512 380 APRILIS.
3638 313 3742 377 895

377 457 622 540 Joseph,
676 472 810 522 cum
865 457 1107 523 omnino
1156 459 1330 528 scias,
1365 454 1525 532 quod
1589 474 1720 536 quae
1775 461 2018 534 propter

2115 450 2302 527 ἰλίψεις
2367 453 2583 510 αἰωνίου
2641 449 2911 540 πρόξενοι,
2966 450 3281 540 εὑφροσύνης
3343 451 3436 507 καὶ
3491 450 3750 525 βασιλείας

381 538 681 613 Christum
706 550 1110 630 suscipiuntur
1130 545 1794 618 afﬂictiones,teternam
1827 543 2028 604 conci-

2116 543 2348 618 οὑρανῶν
2400 542 2760 600 καθίστανται.
2817 538 2958 606 ’Ήδη
3009 538 3062 594 δὲ
3117 545 3214 607 τῆς
3263 540 3471 617 ἧμὲρας
3520 542 3753 617 ὑπαυγα-

380 636 532 700 lient
561 637 824 701 laetitiam
854 650 913 699 et
944 654 1187 715 regnum
1205 634 1516 696 cmlorum.
1542 633 1647 695 Die
1667 641 1864 694 autem
1890 631 2031 692 illu-

382 736 686 803 cescente,
713 745 922 789 rursus
940 727 1192 788 latenter
1213 724 1607 784 restituuntur
1626 723 1683 782 in
1706 738 2027 782 carcerem.

464 815 622 878 XXI.
653 816 798 878 Cum
823 833 922 876 sex
955 822 1150 874 autem
1187 829 1424 873 menses
1458 809 2032 892 praeteriissent,de-

381 904 626 984 ponitur
643 905 884 984 quidem
899 921 932 964 a
946 903 1284 981 magistratu
1311 902 1382 975 is,
1405 901 1505 982 qui
1529 907 1765 961 sanctos
1788 917 2034 977 accepe-

377 1000 566 1073 rat,ut
589 991 887 1073 lapidibus
911 991 1326 1052 obruerentur:
1346 989 1495 1050 alius
1515 998 1708 1051 autem
1740 1007 1809 1050 eo
1828 989 2034 1049 saevior

381 1081 438 1143 ei
467 1081 750 1152 succedit,
789 1080 1032 1141 nemine
1081 1079 1319 1152 Zeroth,
1358 1080 1454 1140 cui
1507 1079 1678 1139 etiam
1709 1096 1809 1140 rex
1843 1077 2029 1156 impe-

378 1178 632 1244 raverat,
661 1177 726 1230 ut
747 1167 1166 1249 comprehensi
1191 1167 1531 1237 Christiani,
1553 1167 2024 1230 Christianorum

380 1256 660 1319 manibus
686 1256 908 1332 obruti,
943 1255 1456 1318 interimerentur.
1490 1255 1633 1318 Cum
1667 1273 1806 1333 ergo
1836 1254 2027 1314 venis-

376 1355 464 1408 set
488 1345 562 1408 ad
586 1346 907 1420 civitatem,
937 1354 994 1407 et
1017 1346 1170 1424 ignis
1201 1345 1486 1424 templum
1520 1345 2022 1421 essetingressus,

374 1442 444 1497 ut
487 1437 683 1514 ignem
715 1435 1008 1504 adoraret,
1041 1435 1094 1496 ei
1130 1433 1402 1494 dixerunt
1451 1433 1602 1511 ignis
1633 1433 1974 1493 adoratores
2007 1451 2020 1491 :

374 1525 528 1588 Sunt
559 1524 800 1605 quidam
845 1523 1078 1602 hicjam
1112 1523 1288 1599 longo
1323 1534 1593 1603 tempore
1621 1522 1940 1584 Christiani
1973 1521 2030 1580 in

375 1621 502 1675 tuta
526 1613 741 1675 inclusi
763 1612 1052 1694 custodia,
1080 1612 1180 1692 qui
1204 1613 1386 1692 prius,
1419 1620 1482 1672 ut
1513 1611 1686 1672 nobis
1707 1611 1814 1672 fuit
1843 1609 2031 1688 signi-

373 1703 644 1777 ﬁcatum,
679 1702 1044 1782 gravissimis
1066 1701 1320 1781 subjecti
1345 1701 1653 1781 suppliciis
1678 1717 1749 1761 ac
1778 1707 2034 1759 tormen-

2115 631 2309 701 ζούσης
2361 637 2425 706 νῇ
2456 633 2636 708 εἱρκτῇ
2692 629 2850 686 πάλιν
2909 629 3045 686 κατᾶ
3093 630 3154 685 τὸ
3205 627 3436 696 λεληθὸς
3496 627 3754 686 ἀποδίδον·

2117 739 2226 781 ται.

2201 807 2330 872 KA’.
2387 805 2483 872 "EE
2512 806 2566 862 δὲ
2621 805 2992 874 διεληλυθὸτον
3042 814 3226 883 μηνῶν
3279 805 3610 886 παραλύεται
3665 808 3756 881 μὲν

2113 898 2209 965 τῆς
2277 897 2452 976 ἀρχῆς
2509 899 2537 952 ὁ
2617 897 2742 960 τοὺς
2811 897 2988 974 ἁγίους
3043 897 3128 954 ἐπὶ
3201 903 3276 971 τῷ
3344 896 3756 963 καταλεῦσθῆναι

2111 985 2458 1064 παραλαϐὼν,
2514 983 2690 1062 ἕτερος
2735 983 2790 1041 δὲ
2845 992 3031 1043 τοῦτον
3088 984 3381 1064 δεινότερος
3433 983 3751 1065 διαδέχεται,

2110 1074 2338 1150 τοῦνομα
2398 1075 2683 1153 Ναζερὼθ,
2740 1075 2785 1148 ᾧ
2840 1078 2932 1131 καί
2987 1075 3301 1152 πρόσταγμα
3358 1074 3640 1150 βασιλικὸν
3695 1077 3756 1141 ἦν

2109 1163 2245 1220 ὥστε
2295 1163 2416 1226 τοὺς
2449 1161 2570 1219 συλ)
2587 1163 2838 1243 ηφθέντας
2897 1165 3238 1241 Χριστιανοὺς
3279 1165 3445 1242 χερσὶ
3508 1171 3752 1240 Χριστια-

2109 1259 2211 1309 νῶν
2314 1251 2472 1317 λίθοις
2561 1249 2922 1328 βαλλομένους
2993 1252 3346 1330 ἀναιρεῖσθαι.
3455 1249 3755 1310 Ἐπιστᾶντι

2109 1349 2235 1415 γοῦν
2285 1348 2354 1413 τῇ
2412 1340 2566 1397 πόλει
2637 1342 2724 1397 καὶ
2774 1343 2865 1397 τὸν
2920 1349 3011 1399 τοῦ
3071 1343 3231 1420 πυρὸς
3287 1342 3417 1398 ναὸν
3481 1340 3756 1398 εἰσελθόντι

2110 1422 2196 1489 διὰ
2251 1431 2606 1508 προσκύνησιν
2657 1433 2704 1487 οἱ
2754 1440 2845 1489 τοῦ
2885 1433 3046 1509 πυρὸς
3089 1430 3392 1509 λατρευταῖ,
3432 1432 3544 1488 Εἰσί
3601 1452 3752 1504 τινες,

2114 1521 2296 1599 εἷπον,
2355 1518 2572 1576 ἐνταῦθα
2632 1521 2940 1596 Χριστιανοὶ
3009 1522 3203 1599 συχνὸν
3266 1518 3373 1586 ἤδη
3457 1522 3652 1600 χρόνον
3706 1521 3756 1577 ἐν

2114 1607 2347 1688 ἀσφαλεῖ
2405 1614 2601 1686 φρουρῇ
2659 1608 3186 1688 κατακεκλεισμένοι,
3219 1610 3272 1666 o'i
3331 1611 3425 1666 xui
3487 1609 3757 1687 πρότερον,

2115 1701 2186 1760 ὡς
2235 1700 2370 1772 ἡμῖν
2415 1696 2677 1774 ἐγνώσθη,
2725 1699 2996 1762 αἰκισμοῖς
3053 1695 3250 1777 σφόδρα
3307 1697 3576 1777 χαλέπῶς
3629 1699 3757 1754 ὑπο-

375 1791 479 1865 tis,
513 1809 633 1852 non
691 1798 1014 1871 potuerunt
1056 1790 1283 1862 induci,
1333 1798 1397 1850 ut
1442 1807 1607 1850 suam
1665 1787 2028 1866 abnegarent

2115 1786 2398 1854 ϐληθέντες
2443 1791 2543 1852 τῆς
2575 1783 2702 1851 ἰδὶας
2759 1788 2854 1844 οὑκ
2910 1786 3228 1853 ἐπείσθησαν
3271 1786 3482 1865 ἔξαρνοι
3530 1787 3758 1866 γενέσθαι

376 1879 758 1960 religionem.
793 1880 929 1942 Haec
975 1898 1109 1940 cum
1143 1880 1272 1958 ipse
1319 1877 1662 1952 audivisset,
1699 1895 1802 1937 eos
1830 1877 2027 1938 statim

373 1968 547 2049 jubet
597 1969 725 2030 sisti
759 1987 864 2049 pro
914 1967 1224 2040 tribunali,
1259 1976 1316 2028 et
1361 1968 1448 2028 eis
1498 1966 1644 2028 dicit
1680 1987 1694 2027 :
1727 1969 1875 2028 Cum
1927 1983 2029 2026 rex

377 2057 636 2138 Sapores
666 2058 929 2118 munitas
951 2057 1196 2134 quidem
1226 2065 1284 2118 et
1317 2055 1543 2117 validas
1577 2057 1855 2116 everterit
1882 2053 2031 2114 civi-

376 2152 620 2221 tates,et
643 2147 858 2208 multas
873 2156 1082 2226 gentes
1099 2153 1438 2226 oppugnatu
1471 2145 1740 2208 difficiles
1770 2143 2029 2221 redege-

378 2233 460 2295 rit
488 2234 547 2295 in
579 2234 946 2308 servitutem,
975 2234 1271 2314 quomodo
1329 2251 1450 2306 vos,
1486 2237 1584 2313 qui
1619 2233 1761 2294 estis
1789 2232 2028 2312 quidem

377 2321 440 2383 in
473 2323 604 2402 ejus
635 2332 948 2403 potestate,
974 2325 1107 2402 ejus
1130 2331 1325 2384 autem
1360 2331 1534 2384 terra;
1560 2323 1792 2384 habetis
1821 2338 2027 2380 usum-

376 2409 999 2492 fructum,perindeac
1017 2411 1121 2492 qui
1147 2410 1221 2472 ab
1245 2429 1317 2473 eo
1348 2410 1849 2490 defeceritis,ejus
1864 2409 2032 2489 jussa

374 2506 689 2580 tantopere
720 2500 1073 2582 despicitis?
1101 2501 1191 2562 Ad
1227 2501 1352 2561 haec
1381 2500 1599 2579 Joseph
1635 2499 1736 2559 ille
1773 2498 2035 2560 admira-

378 2587 621 2654 bilis:Si
651 2588 1342 2671 tyrannidem,inquit,et
1363 2588 1745 2650 rebelliorum
1774 2587 2030 2662 aliquam

376 2682 758 2740 movissemus
779 2683 1057 2740 adversus
1079 2696 1270 2749 regem
1296 2687 1898 2748 vestrum,opporteret
1918 2693 2036 2735 om-

2110 1877 2416 1953 θρησκείας.
2477 1875 2689 1934 Τούτων
2748 1876 2902 1939 αὐτὸς
2960 1875 3187 1939 ἀκούσας
3231 1882 3578 1956 παραχρῆμα
3643 1877 3757 1940 τοὺς

2111 1965 2289 2042 ἁγίους
2340 1969 2418 2037 τῷ
2485 1965 2688 2040 βήματι
2772 1969 3106 2042 παραστῆναι
3167 1963 3398 2039 κελεύει,
3467 1965 3566 2022 xui
3628 1988 3752 2046 φησι

2111 2054 2241 2128 πρὸς
2302 2052 2512 2116 αὑτούς·
2597 2058 2698 2110 Τοῦ
2755 2051 3015 2129 βασιλέως
3074 2054 3356 2132 Σαπωρίου
3417 2052 3602 2119 πόλεις
3659 2054 3752 2128 μὲν

2112 2143 2310 2220 ὀχυρὰς
2353 2140 2876 2218 καταστρεψαμένου,
2923 2141 3044 2207 ἔθνη
3081 2163 3140 2197 τε
3199 2142 3439 2199 πλεῖστα
3495 2143 3749 2201 καταδου-

2113 2229 2422 2305 λωσαμένου
2491 2231 2976 2305 ἑῦσκαταγώνιστα,
3009 2237 3124 2295 πῶς
3155 2232 3312 2304 ὑμεῖς
3369 2233 3474 2289 ὑπὸ
3505 2234 3601 2299 τὴν
3659 2233 3753 2288 αὖ·

2111 2328 2204 2378 τοῦ
2259 2321 2356 2394 μὲν
2389 2333 2553 2398 χεῖρα
2611 2318 2902 2394 τελοῦντες,
2935 2320 3033 2387 τὴν
3080 2320 3238 2380 αὑτοῦ
3289 2319 3344 2376 δὲ
3405 2322 3750 2400 καρπούμενοι

2111 2409 2234 2486 γῆν,
2268 2408 2446 2487 ὥσπερ
2494 2408 2789 2465 ἀποστάται
2818 2408 2957 2472 τινὲς
2996 2408 3205 2476 πολλὴν
3243 2409 3405 2470 αὑτοῧ
3460 2410 3751 2488 κατέγνωτε

2112 2504 2218 2554 τῶν
2275 2497 2699 2576 προσταγμάτων
2753 2496 3077 2578 ὀλιγωρίανς
3142 2500 3278 2574 Πρὸς
3335 2521 3504 2556 ταυτα
3547 2503 3574 2556 ὁ
3628 2503 3748 2558 θαυ-

2117 2587 2316 2659 μαστὸς
2371 2585 2592 2664 Ἰωσὴφ,
2655 2587 2712 2643 Ei
2767 2584 3040 2663 τυραννίδα
3091 2588 3209 2645 τινὰ
3267 2591 3356 2646 καὶ
3413 2588 3750 2666 ἀποστασίαν,

2118 2673 2243 2753 ἔφη,
2307 2675 2443 2731 κατᾶ
2513 2682 2607 2732 τοῦ
2693 2674 2953 2751 βασιλέως
3010 2677 3156 2751 ὑμῶν
3212 2680 3604 2758 κεκινήκαμεν,
3661 2676 3752 2732 ἔδει
3805 2743 3810 2750 Ι

374 2767 518 2824 nino
538 2765 729 2835 ipsum
757 2765 925 2821 illatis
950 2765 1128 2820 armis
1149 2773 1203 2819 et
1219 2775 1418 2821 coacto
1449 2765 1710 2820 exercitu
1732 2777 1838 2819 nos
1874 2763 2028 2818 inva-

2122 2763 2198 2819 πά
2213 2785 2338 2825 δτως
2371 2764 2528 2820 αὑτὸν
2587 2762 2726 2820 ὅπλα
2759 2785 2815 2818 τε
2855 2765 2942 2820 καὶ
2989 2768 3212 2843 στρατὸν
3243 2766 3580 2846 ἐπαγομενον
3632 2768 3756 2840 ἡμῖν

378 2848 547 2928 dere,
574 2855 673 2908 aut
690 2848 870 2908 alium
891 2855 1056 2909 certe
1072 2848 1350 2909 adversus
1368 2865 1476 2908 nos
1489 2853 1742 2919 mittere,
1765 2847 1860 2926 qui
1884 2854 2028 2907 esset

2121 2852 2406 2925 ἐπιθέσθαι,
2448 2857 2484 2917 ἦ
2543 2860 2664 2929 γοῦν
2722 2851 2898 2930 ἕτερον
2956 2851 3074 2910 καθ’
3130 2855 3286 2927 ἡμῶν
3346 2855 3623 2932 ἐκπέμψαι
3674 2856 3756 2910 τὸν

380 2947 440 3000 et
467 2957 644 3000 manu
673 2939 862 3020 fortis,
899 2947 957 3000 et
985 2957 1186 3001 rerum
1233 2940 1601 3018 experientia
1635 2938 1942 3016 praeditus,
1979 2948 2028 3000 el

2121 2942 2206 2996 καὶ
2263 2953 2430 3020 χεῖρα
2485 2953 2730 3018 γενναῖον
2781 2944 2868 2997 xui
2909 2954 3102 3020 πεῖραν
3160 2946 3338 3000 ἱκανὸν
3399 2947 3486 3001 xui
3535 2966 3755 3020 στρατη-

377 3027 453 3089 ad
513 3027 853 3090 ducendum
914 3029 1234 3091 exercitum
1299 3030 1574 3091 idoneus.
1628 3027 1742 3090 Sed
1807 3036 2029 3088 tantum

2119 3043 2234 3106 γεῖν
2299 3028 2628 3095 δεξιώτατον,
2705 3029 2870 3086 Ἀλλὰ
2934 3031 3184 3088 τοσοῦτον
3241 3035 3412 3107 ἡμεῖς
3493 3033 3752 3112 ἀπέχομεν

380 3114 572 3195 abest,
594 3124 660 3176 ut
689 3136 796 3178 uos
818 3117 954 3178 talia
975 3117 1410 3195 aggrediamur,
1443 3126 1506 3178 ut
1535 3136 1650 3177 non
1685 3117 1888 3187 alium,
1923 3116 2025 3176 sed

2115 3117 2368 3177 τοιούτοις
2415 3117 2737 3197 ἐπιχειρεῖν,
2769 3118 2906 3174 ὥστε
2957 3121 3052 3175 οὑκ
3110 3119 3293 3195 ἅὶλον,
3327 3122 3482 3196 ἆλμὰ
3538 3122 3595 3178 σὲ
3646 3116 3750 3176 καθ’

381 3211 440 3266 te
463 3203 755 3266 adversus
783 3225 892 3266 nus
921 3206 1212 3276 emiserit,
1248 3207 1351 3284 qui
1381 3225 1513 3267 cum
1543 3203 1776 3266 feminis
1811 3204 2022 3281 potius,

381 3313 515 3374 qua)
545 3295 768 3372 degunt
796 3295 856 3356 in
891 3296 1187 3369 thalamis,
1223 3315 1399 3370 quam
1427 3315 1559 3357 cum
1595 3293 1732 3355 viris
1765 3312 2027 3375 pugnare.

380 3384 708 3446 studueris.
769 3386 892 3447 Nos
922 3384 1081 3445 enim
1115 3385 1394 3463 nosipsos
1425 3394 1701 3463 tanquam
1733 3399 1876 3444 oves
1905 3391 2027 3443 tra-

380 3471 642 3533 didimus
696 3473 768 3534 ad
824 3471 1214 3553 occisionem,
1247 3482 1310 3534 ut
1361 3472 1463 3552 qui
1517 3473 1850 3535 dideritnus
1898 3490 2029 3532 esse

380 3560 635 3640 subjecti
669 3562 947 3623 omnibus
981 3561 1385 3642 potestatibus.

459 3649 800 3713 XXll.Dixit
828 3668 1047 3730 praeses
1075 3671 1088 3713 :
1119 3654 1208 3711 ille
1226 3651 1298 3712 ad
1323 3650 1493 3723 iram,
1522 3657 1586 3710 ut
1606 3648 1862 3720 videtur,
1890 3669 2029 3731 pro-

378 3757 616 3812 vocans,
639 3752 702 3799 ut
725 3743 900 3799 vitam
929 3741 1031 3798 tibi
1063 3744 1233 3800 citius
1258 3741 1639 3805 adimam,nos
1669 3739 1759 3797 bis
1784 3741 2029 3798 insecta-

373 3827 460 3890 ris
480 3827 884 3889 contumeliis.
915 3825 1032 3890 Sed
1065 3846 1182 3888 non
1213 3826 1551 3905 assequeris
1573 3825 1655 3906 id,
1681 3826 1840 3906 quod
1865 3825 2029 3887 desi-

377 3915 574 3978 deras.
607 3915 815 3996 Longo
841 3916 1000 3978 enim
1027 3923 1298 3995 tempore
1321 3923 1376 3976 et
1401 3935 1565 3977 mora
1589 3923 1643 3975 te
1664 3915 2025 3995 protraham,

376 4012 436 4064 et
467 4003 674 4065 multis
706 4004 1020 4065 tormentis
1048 4012 1104 4064 te
1135 4005 1415 4084 paulatim
1449 4022 1820 4064 consumam.
1851 4001 2030 4065 Jubet

377 4109 519 4169 ergo
553 4109 689 4152 eum
736 4091 977 4152 funibus
1007 4091 1268 4154 vinctum
1291 4111 1324 4153 a
1347 4091 1598 4153 summis
1621 4090 2030 4170 pedibus,sus-

377 4179 559 4260 pendi
609 4178 823 4259 capite,
878 4181 1187 4242 exsiccatis
1237 4189 1434 4242 autem
1493 4179 1670 4240 boum
1723 4179 1922 4239 nervis
1975 4182 2029 4240 ei

379 4269 580 4348 plagas
611 4269 819 4347 inﬂigi.
856 4267 953 4330 Sic
985 4287 1126 4347 ergo
1155 4287 1319 4330 venae
1345 4275 1564 4348 apertae
1601 4276 2028 4328 tormentorum

374 4357 680 4432 violentia,
731 4367 1004 4439 tanquam
1067 4376 1137 4418 ex
1195 4357 1356 4418 fonte
1416 4354 1761 4435 praabebant
1809 4357 2030 4416 ﬂuxum

2109 3205 2266 3278 ἡμῶν
2333 3205 2629 3280 ἐκπέμψαι,
2673 3209 2767 3262 τὸν
2811 3207 3006 3284 γυναιξί
3046 3208 3250 3282 μᾶλλον
3305 3209 3747 3284 θαλαμευομέναιε

2111 3293 2146 3359 ἣ
2205 3291 2419 3365 ἀνδράσι
2477 3292 2832 3373 διαμάχεσθαι
2893 3296 3320 3371 μεμελετηκότα.
3405 3292 3594 3374 Ἠμεῖς
3657 3297 3743 3373 γὰρ

2111 3384 2182 3446 ὡς
2239 3380 2476 3458 πρόϐατα
2538 3383 2752 3446 ἑαυτοὺς
2809 3383 2895 3441 ἐπὶ
2965 3387 3175 3464 σφαγὴν
3235 3386 3626 3466 ἐκδέὃώκαμεν,
3679 3387 3741 3445 ὡς

2112 3468 2173 3525 ἂν
2203 3471 2584 3527 ὑποτάσσεσθαι
2615 3472 2810 3534 πάσαις
2843 3471 3096 3538 ἐξουσίαις
3126 3475 3556 3552 κεκελευσμένοι.

2196 3647 2324 3708 ΚΒ’.
2399 3647 2460 3705 Ὀ
2492 3647 2676 3726 ἅρχων
2704 3650 2884 3706 εἶπεν·
2942 3649 3038 3716 Ὠς
3070 3651 3235 3725 ἔοικε,
3269 3655 3360 3710 τὸν
3395 3654 3524 3730 ἐμὸν
3572 3652 3742 3728 ἆνερεο

2111 3737 2263 3807 θίζων
2317 3737 2480 3810 θυμὸν
2529 3736 2613 3794 ἐπὶ
2670 3739 2730 3793 τὸ
2778 3739 2967 3818 τάχιόν
3024 3762 3082 3796 σε
3141 3750 3233 3797 τοὺ
3297 3750 3402 3819 ζῇν
3459 3737 3741 3804 ἀπαλλάξαι

2114 3838 2236 3886 ταῖς
2292 3823 2468 3903 ὕϐρεσι
2498 3826 2713 3890 ταύταις
2771 3828 2888 3884 καθ’
2912 3829 3068 3903 ἡμῶν
3129 3829 3426 3910 κέχρησαι.
3461 3828 3612 3888 Ἀλλ’
3662 3828 3747 3882 οὑκ

2113 3913 2358 3990 ἐπιτεύξῃ
2429 3922 2522 3972 τοῦ
2577 3916 2933 3986 παθουμένου*
3017 3919 3199 3997 χρόνῳ
3275 3921 3378 3997 γὰρ
3449 3921 3534 3976 καὶ
3603 3913 3744 3991 τριϐῇ

2111 4000 2410 4079 παραδώσω
2437 4023 2496 4058 σε
2547 4005 2635 4059 καὶ
2666 4003 2892 4069 πολλαῖς
2922 4007 3170 4081 βασάνοις
3214 4006 3332 4065 κατ’
3361 4008 3541 4088 ὀλίγον
3569 4006 3745 4071 ἐξανα-

2111 4089 2292 4150 λώσω.
2375 4089 2586 4148 Κελεύει
2645 4095 2814 4150 τοίνυν
2902 4097 3160 4174 σχοινίοις
3238 4097 3415 4172 ἄκρων
3490 4093 3744 4153 ἐκδεθέντᾱ

2117 4175 2290 4234 ποδῶν
2354 4179 2490 4234 κατά
2517 4179 2753 4258 κεφαλῆς
2811 4187 3195 4258 κρεμασθῆναι,
3228 4187 3430 4262 βοείαις
3460 4185 3514 4242 δὲ
3569 4184 3742 4259 ξηραῖς

2114 4267 2207 4328 τὰς
2260 4265 2482 4345 πληχάς
2540 4267 2910 4333 ἐπιξαίνεσθαι.
2973 4271 3150 4338 Οὕτως
3207 4276 3296 4330 οὗν
3355 4279 3410 4332 αἱ
3439 4271 3621 4354 φλέϐες
3673 4273 3742 4340 τῷ

2116 4355 2269 4430 βιαίῃ·
2319 4361 2425 4411 τῶν
2479 4357 2740 4431 αἰκισμῶν
2800 4357 3259 4435 ὰναστομωθεῖσαι
3317 4365 3394 4427 ὡς
3455 4367 3515 4420 ἐκ
3571 4363 3740 4432 πηγῆς

373 4445 706 4524 sanguinis.
743 4437 863 4517 Qui
888 4465 1026 4507 vero
1060 4443 1537 4506 circumsistebat
1569 4443 1842 4523 populus,
1863 4443 2028 4522 judi-

2118 4457 2384 4523 παρεῖχον
2440 4445 2506 4500 τὰ
2566 4445 2772 4520 α’ίματα
2847 4448 3150 4527 καταῤῥεῖν.
3225 4452 3296 4510 Τὸ
3352 4451 3410 4509 δὲ
3477 4449 3736 4525 περιεστὸς

376 4552 507 4595 cem
586 4551 876 4594 accusans
946 4532 1354 4612 immanitatis,
1415 4532 1485 4593 ad
1561 4532 2032 4593 misericordiam

377 4620 728 4684 movebatur
777 4631 835 4683 et
887 4622 960 4683 ad
1022 4624 1326 4700 Iacrymas,
1361 4631 1609 4701 stupens
1665 4621 2033 4683 sacrosancti

374 4711 538 4774 senis
570 4709 965 4772 tolerantiam.
1002 4709 1252 4782 Quidam
1287 4717 1484 4772 autem
1541 4729 1609 4771 ex
1644 4711 1891 4789 magnis,
1930 4711 2031 4790 qui

373 4797 1162 4875 circumsistebant,secreto
1192 4800 1548 4860 accedentes
1577 4799 1647 4858 ad
1685 4808 2022 4878 martyrem.

375 4888 679 4952 dicebant:
715 4888 882 4950 Clam
912 4887 1223 4951 nobiscum
1254 4888 1572 4965 ingredere
1605 4889 1661 4946 in
1697 4887 1882 4948 nostri
1920 4887 2029 4949 Dei

375 4979 692 5058 templum,
727 4977 778 5038 si
829 4996 864 5038 a
915 4977 1115 5038 multis
1172 4977 1357 5058 aspici
1408 4975 1734 5049 erubescis,
1777 4985 1835 5038 et
1893 4995 2026 5037 cum

371 5068 758 5147 sacriﬁcaris,
789 5065 1048 5128 liberare
1074 5084 1107 5126 a
1135 5065 1469 5146 suppliciis.
1498 5063 1606 5126 llle
1627 5075 1850 5126 autem:
1886 5067 2028 5127 Dis-

370 5156 565 5218 cedite
601 5175 632 5216 a
666 5175 782 5235 me,
813 5156 970 5217 clara
992 5173 1140 5217 voce
1168 5155 1314 5217 dixit
1349 5177 1368 5217 :
1403 5155 1714 5228 discedite,
1741 5154 1841 5234 qui
1879 5173 2027 5232 ope—

370 5244 592 5308 ramini
640 5246 1036 5325 iniquitatem,
1072 5245 1350 5324 quoniam
1392 5245 1679 5306 Dominus
1727 5244 2030 5304 exaudixit

379 5333 867 5413 deprecationem
904 5332 1361 5395 meam.Deinde
1392 5351 1525 5393 cum
1563 5343 1680 5393 tres
1712 5333 1875 5392 hora)
1899 5334 2024 5411 jam

372 5422 827 5500 prmteriissent,
877 5420 1050 5500 jubet
1108 5437 1241 5480 eum
1305 5420 1628 5481 relaxatum
1691 5439 1724 5480 a
1781 5421 2025 5481 vinculis

367 5525 574 5570 coram
596 5527 661 5568 se
691 5508 841 5587 sisti,
869 5515 952 5583 et,
975 5507 1152 5582 Quid,
1183 5507 1391 5585 inquit,
1427 5526 1601 5585 pares
1611 5508 1805 5586 jussui
1841 5509 2021 5586 regis,

367 5603 427 5657 et
450 5594 624 5656 vitam
655 5596 826 5656 morti
847 5595 1111 5676 praefers,
1133 5613 1209 5658 an
1233 5601 1383 5658 non?
1402 5595 1736 5676 Respondit
1757 5605 2019 5659 sanctus:

2117 4531 2320 4598 πλῆθος
2398 4536 2497 4600 τὴν
2553 4536 2650 4591 τοὺ
2728 4533 2974 4594 δικαστοῦ
3044 4539 3388 4618 μεμφόμενον
3457 4538 3732 4618 ἀγριότητα

2117 4621 2246 4698 πρὸς
2276 4621 2461 4678 οἶκτον
2507 4623 2769 4679 ἐκινοῦντο
2813 4626 2900 4681 καὶ
2930 4624 3145 4704 δώιρὺα,
3181 4629 3270 4685 τὸν
3326 4631 3464 4707 ἱερὸν
3517 4622 3732 4705 πρεσϐύ-

2113 4732 2211 4776 την
2288 4715 2386 4776 τῆς
2455 4712 2726 4787 ὑπομονῆς
2783 4713 3230 4790 ἐκπληττόμενοι.
3302 4720 3452 4781 Τινὲς
3521 4717 3573 4772 δὲ
3639 4717 3734 4768 τῶν

2113 4799 2480 4876 περιεστώτων
2553 4802 2740 4879 μάγων
2820 4802 2875 4858 ἐν
2947 4803 3230 4883 ἀπορρήτῳ
3305 4804 3604 4886 προσιόντες
3665 4799 3733 4872 τῷ

2111 4889 2355 4966 μάρτυρι,
2420 4887 2640 4946 Εἰ’σελθε
2713 4891 2832 4964 μεθ’
2887 4893 3064 4966 ἡμῶν,
3127 4893 3332 4973 ἔλεγον,
3388 4898 3459 4960 εἰς
3514 4895 3602 4950 τὸν
3651 4895 3734 4943 τοῦ

2112 4976 2242 5033 Θεοῦ
2282 4979 2438 5050 ἡμῶν
2482 4979 2606 5034 ναὸν
2649 4979 2703 5036 ἐν
2748 4988 2940 5058 κρυφᾶ,
2989 4981 3043 5038 εἴ
3086 5005 3146 5060 γε
3193 4987 3280 5042 καὶ
3323 4986 3418 5053 τὴν
3459 4989 3562 5040 τῶν
3602 4975 3729 5035 πολ-

2111 5065 2219 5120 λῶν
2276 5064 2399 5140 ὄψιν
2449 5067 2698 5147 αἰσχύνῃ,
2730 5071 2818 5126 καὶ
2863 5071 3045 5144 θύσας,
3097 5071 3432 5150 ἀπαλλάγηθι
3486 5075 3588 5128 τῶν
3640 5087 3730 5121 xo-

2112 5154 2343 5213 λάσεων.
2379 5153 2439 5212 Ὀ
2470 5153 2547 5229 δὲ,
2584 5155 2884 5224 Ἀπόστητε
2944 5157 3037 5215 ἀπ’
3069 5161 3221 5235 ἐμοῦ,
3256 5164 3380 5220 εἶπε
3410 5161 3618 5235 λαμπρᾷ
3671 5156 3728 5224 τῇ

2112 5245 2284 5322 φωνῇ,
2325 5243 2616 5316 ἀπόστητε,
2647 5246 2696 5300 οἱ
2727 5248 2825 5314 τὴν
2869 5247 3091 5322 ἀνομίαν
3131 5249 3490 5328 ἐργαζόμενοι,
3526 5247 3602 5302 ὅτι
3635 5239 3729 5299 Κύ-

2109 5353 2215 5408 ριος
2275 5337 2372 5397 τῆς
2400 5329 2629 5400 δεήσεως
2675 5356 2777 5408 μου
2820 5337 3146 5401 είσήκουσεν.
3185 5340 3345 5409 ξΕἴτα
3386 5343 3539 5416 τριῶν
3593 5334 3731 5406 ὡρῶν

2106 5419 2211 5487 ἤδη
2265 5418 2550 5476 διελουσῶν
2606 5422 2810 5480 κελεύει
2868 5425 3115 5482 ἀνεθέντα
3169 5433 3275 5484 τῶν
3327 5429 3548 5502 πληγῶν
3601 5420 3727 5487 αὑτῷ

2105 5514 2470 5587 παραστῆναεο
2527 5512 2645 5586 καί,
2679 5513 2761 5591 Τί,
2815 5518 2979 5591 φησι,
3014 5517 3172 5588 πείθῳ
3223 5522 3300 5589 τῷ
3343 5524 3433 5573 τοῦ
3486 5506 3721 5589 βασιλέως

2107 5598 2501 5676 προστάγματι,
2535 5600 2622 5656 καὶ
2680 5601 2738 5658 to‘
2795 5607 2892 5679 ζῇν
2950 5609 3042 5662 τοῦ
3071 5605 3358 5664 ἀποθανεῖν
3414 5595 3718 5666 ἀνταλλάττῖδ
