4048 6136
317 328 441 395 853

1231 329 1646 396 CERTAMEN
1690 328 1747 391 S.
1796 325 2190 391 ACEPSIM/E
2234 327 2331 391 ET
2376 327 2778 392 SOCIORUM.

3565 331 3682 396 854

320 467 361 535 ἢ
421 466 527 542 οὖ;
588 456 646 526 Ὀ
703 467 855 547 ἅγιος
913 468 1272 546 ἀπεκρίνατος
1322 467 1410 532 Mi]
1463 463 1668 544 γένοιτό
1700 464 1790 540 μοί
1833 483 1985 520 ποτε.

2057 459 2236 537 Absit,
2270 471 2334 524 ut
2361 483 2468 543 ego
2502 483 2763 545 unquam
2797 482 2927 527 eam
2959 463 3132 526 vitam
3191 463 3450 545 cupiam,
3477 464 3536 526 in
3569 487 3684 547 qua

320 556 577 622 τοιαύτης
624 552 944 630 ἐπιθυμῆσαι
989 562 1130 626 ζωῆς
1162 555 1216 610 ἐν
1245 557 1281 631 ᾗ
1331 552 1434 612 ³(θοι
1475 576 1540 630 με
1573 556 1599 610 6
1630 553 1781 620 ῆλνος
1826 553 1966 624 αὐτῴ

319 642 531 720 μᾶλλον
589 644 624 712 ἢ
682 651 759 719 τῷ
800 651 1003 720 ποιητῇ
1047 649 1202 705 αὐτοῦ
1243 644 1341 700 τὴν
1384 643 1733 721 προσκύνησιν
1764 639 1964 697 ἀπονέ-

322 753 520 808 μοντα.
554 735 613 791 Τί
641 732 746 811 δαὶ,
778 734 864 790 καὶ
905 732 1262 812 προτιμητέος
1321 754 1428 807 σοι,
1475 735 1651 810 εἶπεν,
1685 733 1712 786 6
1740 729 1962 792 θάνατος

319 823 424 887 τῆς
462 822 603 892 ζωῆς
637 841 653 898 ;
689 812 747 880 Ὀ
790 822 942 900 ἅγιος
973 821 1074 900 ἔφη
1111 838 1123 852 ⁸
1161 821 1261 878 Ναί
1292 837 1306 851 '
1345 823 1372 876 6
1403 821 1502 900 γὰρ
1542 819 1765 884 θάνατος
1809 817 1961 880 οὗτος

324 909 574 989 προξενός
634 933 724 986 μοι
780 915 922 982 ζωῆς
971 913 1170 988 γίνεται
1214 909 1422 966 αἰωνίου
1451 909 1660 988 ἀγαθῶν
1708 929 1766 963 τε
1824 905 1964 964 πολ-

324 997 436 1056 λῶν
471 1001 604 1074 ἡμῖν
662 1001 976 1056 καθίσταται
1035 999 1210 1062 αἴτιος
1265 997 1297 1054 ἂ
1353 997 1470 1056 οὕτε
1527 996 1824 1078 ὀφθαλμοῖς
1854 997 1963 1052 ἐστι

326 1088 484 1147 θεατᾶ
535 1087 652 1145 οὔτε
682 1090 810 1146 ὡσὶν
840 1089 1092 1161 ἀκουστὰ,
1148 1086 1263 1144 οὔτε
1319 1088 1426 1162 μὴν
1468 1086 1786 1154 καταληπτόι
1842 1085 1963 1141 δια-

322 1180 460 1250 νοίᾳ.
534 1180 668 1254 Πρὸς
722 1187 886 1237 ταῦτα
961 1180 989 1234 6
1046 1176 1207 1256 εἴρων
1253 1177 1460 1238 ἐκεῖνος
1518 1177 1604 1232 καὶ
1662 1174 1963 1255 χλευαστης

319 1266 422 1323 οἷά
447 1287 544 1344 περ
588 1265 820 1345 ἑγγελῶν
877 1271 954 1340 τῷ
997 1265 1215 1344 μάρτυρι
1275 1271 1376 1333 τῆς
1420 1264 1730 1342 ἀπολογίας,
1779 1263 1962 1340 Μεγά-

320 1353 424 1419 λας
467 1358 553 1411 οὗν
596 1357 752 1436 ἡμῖν,
801 1355 926 1436 ἔφη,
961 1356 1054 1419 τὰς
1099 1355 1325 1434 χάριτας
1371 1353 1596 1434 ὀφείλεις
1649 1352 1963 1430 ὁμολογεῖν,

316 1445 378 1500 εἴ
421 1467 506 1502 σοι
557 1443 887 1512 τηλικούτων
943 1445 1153 1523 ἀγαθῶν
1210 1441 1450 1520 πρόξενοι
1537 1444 1960 1517 καθεστήκαμεν.

324 1533 550 1597 Πάντως
601 1533 654 1589 δὲ
711 1535 800 1591 καὶ
855 1535 1000 1608 ἡμᾶς
1054 1545 1336 1596 κοινωνοὺς
1381 1535 1550 1590 αὐτῶν
1596 1532 1834 1609 γενέσθαι
1883 1553 1964 1588 σοι

317 1623 766 1700 παρασκευάσεις,
812 1623 905 1679 ἅτε
955 1621 1022 1690 δὴ
1079 1624 1165 1680 καὶ
1217 1623 1492 1701 συνεργούς
1538 1645 1621 1679 σοι
1652 1620 1964 1700 γενομένους

321 1714 459 1788 πρὸς
486 1713 583 1779 τῆν
623 1717 812 1778 κτῆσιν
855 1714 952 1778 τῆς
982 1709 1190 1768 τοιᾶσδε
1245 1712 1660 1791 μακαριότητος.
1697 1701 1756 1768 Ὀ
1787 1711 1962 1786 ἅγιος.

327 1802 420 1869 Μὴ
451 1802 748 1881 εἰρωνεύου,
783 1801 930 1876 εἷπε,
965 1801 1030 1857 τὰ
1081 1802 1211 1876 πρὸς
1249 1802 1416 1876 ἡμᾶς,
1477 1798 1694 1858 δικαστά
1729 1815 1742 1830 ⁸
1803 1802 1966 1874 ἡμεῖς

324 1890 426 1966 μὲν
454 1891 553 1969 γὰρ
609 1892 697 1946 καὶ
732 1864 878 1956 ’τοὺς
921 1889 1141 1970 ἐχθροὺς
1184 1889 1395 1966 ἀγαπᾷν
1429 1891 1516 1946 καὶ
1569 1889 1690 1952 τοὺς
1747 1864 2027 1958 μισοῦν-Β

328 2002 423 2045 τας
479 1978 656 2044 καλῶς
713 1992 899 2036 ποιεῖν
958 1981 1101 2052 παρὰ
1144 1979 1239 2046 τῆς
1299 1979 1441 2041 θείας
1497 1977 1716 2044 ἐντολῆς
1763 1999 1967 2034 πεπαι-

323 2068 549 2144 δεύμεθα
587 2086 599 2100 ’
645 2066 786 2136 πλὴν
846 2067 963 2124 ἀλλ’
1009 2068 1110 2132 ἕως
1172 2067 1226 2123 ἐν
1273 2073 1348 2141 τῷ
1383 2067 1602 2144 παρόντι
1646 2067 1744 2142 βίῳ
1772 2065 1966 2136 ζῶντές

324 2158 513 2233 ἔσμεν,
571 2158 757 2232 ἀμέλει
814 2158 909 2213 καί
939 2157 1208 2236 εὐχόμεθα
1252 2161 1349 2219 τῆς
1400 2155 1609 2221 πλάνης
1667 2156 1803 2230 ὑμᾶς
1831 2154 1968 2212 ἀπο-

322 2249 553 2311 στάντας
610 2250 940 2322 μεταμαθεῖν
993 2252 1092 2314 τῆν
1148 2243 1412 2304 εὐσέϐειαν
1466 2246 1540 2308 ὡς
1597 2243 1656 2301 ἂν
1717 2244 1810 2310 εἴη
1879 2247 1966 2300 καὶ

324 2336 458 2412 ὐμῖν
516 2337 662 2415 μερὶς
707 2337 794 2392 καὶ
853 2335 1052 2413 κλῆρος
1096 2335 1150 2391 ὲν
1208 2347 1324 2399 τοῖς
1357 2333 1640 2414 ἀφράστοις
1696 2340 1787 2389 τοῦ
1838 2332 1968 2389 Θεοῦ

326 2423 549 2502 ἀγαθοῖς
583 2440 596 2454 ⁸
660 2423 713 2479 ἐν
757 2422 812 2478 δὲ
854 2431 932 2497 τῷ
993 2421 1243 2499 μέλλοντι
1276 2422 1368 2501 οὐχ
1410 2423 1547 2497 ἡμῖν
1578 2419 1781 2477 δέδοται
1812 2419 1966 2477 κολά-

332 2534 471 2576 σεως
513 2511 828 2591 ἐξαιρεῖσθαι
861 2514 897 2582 ἢ
925 2513 992 2568 τὰ
1019 2512 1191 2590 ἀγαθὰ
1240 2509 1439 2568 διδόναι
1475 2529 1488 2544 ·
1549 2517 1701 2568 τοῦτο
1751 2511 1851 2589 γὰρ
1893 2516 1969 2583 τῷ

329 2605 450 2676 Θεῷ
507 2615 681 2658 κεῖται
745 2602 892 2678 μόνῳ
941 2607 1019 2675 τῷ
1087 2601 1181 2657 καί
1240 2598 1472 2666 ἐξουσίαν
1528 2599 1714 2680 ἔχοντι
1776 2599 1968 2678 κρίνειν

322 2691 530 2762 ζῶντάς
553 2712 612 2747 τε
641 2692 728 2747 καὶ
759 2689 996 2768 νεκρούς.

417 2778 550 2840 ΚΓ¹.
586 2770 642 2836 Ὀ
674 2777 856 2857 ἅρχων
886 2777 989 2857 ἔφη
1026 2795 1039 2809 ·
1099 2777 1202 2841 Τὰς
1260 2775 1508 2840 τοιαύτας
1549 2774 1858 2854 ὶρεσχελίας
1915 2774 1970 2830 ἐν

328 2873 412 2941 τῷ
471 2866 687 2944 παρόντι
730 2865 1040 2924 καταλιπὼν
1099 2865 1292 2922 καὶτὰ
1359 2864 1834 2942 ὀνειροπολούμενά
1887 2885 1968 2920 σοι

322 2958 476 3014 ταυτὶ
528 2956 720 3034 ἀγαθὰ,
782 2979 859 3030 τῳ
931 2953 1193 3032 βασιλικῷ
1265 2953 1635 3032 προστάγματι
1698 2954 1965 3019 πείσθητι.

325 3045 484 3104 Ἐπεὶ
528 3043 880 3112 τηλικαύταις
918 3042 1169 3101 ὑποϐαλῶ
1225 3064 1282 3099 σε
1341 3047 1614 3120 τιμωρίαις
1661 3044 1733 3105 ὡς
1765 3039 1848 3098 διὰ
1879 3043 1972 3099 σοῦ

2051 568 2145 611 me
2172 551 2260 613 sol
2305 553 2516 615 viderit
2571 555 2684 615 sibi
2738 554 2958 635 potius,
3020 572 3196 632 quam
3231 555 3360 634 ejus
3393 554 3679 630 ell'ectori,

2045 638 2404 702 tribuentem
2438 642 2868 705 adorationem.
2905 643 3055 716 Quid
3081 642 3321 705 autem?
3351 649 3520 704 estne
3553 643 3681 716 tibi,

2045 727 2260 808 inquit,
2304 748 2464 791 mors
2515 732 2647 792 vitae
2705 731 3144 812 praeponenda?
3205 731 3456 794 Sanctus
3484 731 3679 794 dixit:

2049 817 2245 880 Certe.
2278 819 2415 880 Haec
2440 820 2600 881 enim
2624 839 2783 882 mors
2809 821 2947 883 mihi
2972 821 3144 882 vitam
3170 828 3452 883 aeternam
3477 821 3683 882 conci-

2046 904 2173 980 liat,
2209 914 2268 969 et
2297 917 2388 970 est
2419 909 2590 971 nobis
2617 929 2794 972 causa
2826 910 3143 976 multorum
3201 911 3522 988 bonorum,
3554 928 3686 991 quae

2046 1013 2159 1057 nec
2190 1006 2437 1076 possunt
2466 1005 2630 1061 cerni
2652 999 2866 1075 oculis,
2902 1020 3012 1064 nec
3045 1000 3240 1063 audiri
3269 1000 3534 1080 auribus,
3571 1017 3682 1062 nec

2050 1093 2248 1148 mente
2276 1088 2825 1167 comprehendiAd
2851 1090 2980 1152 haec
3005 1090 3107 1152 ille
3141 1090 3371 1152 ironice
3400 1090 3680 1171 loquens,

2049 1181 2107 1236 et
2135 1174 2312 1236 veluti
2345 1177 2600 1239 irridens
2623 1179 2890 1258 martyris
2913 1179 3364 1262 responsionem
3394 1199 3407 1241 :
3443 1180 3684 1256 Magnas

2049 1281 2214 1344 ergo,
2250 1265 2460 1344 inquit,
2497 1266 2667 1328 nobis
2699 1267 2884 1330 debes
2940 1287 3115 1348 agere
3165 1269 3404 1348 gratias,
3463 1267 3515 1328 si
3563 1267 3713 1328 tam'

2049 1354 2231 1415 multa
2289 1353 2445 1415 bona
2503 1355 2606 1416 tibi
2663 1357 3134 1421 conciliavimns.
3170 1356 3428 1420 Omnino
3480 1364 3680 1418 autem

2049 1441 2363 1518 elﬁcies,ut
2394 1462 2599 1506 eorum
2633 1464 2868 1527 quoque
2898 1449 3084 1509 simus
3106 1454 3302 1510 tecum
3337 1446 3678 1527 participes,

2048 1532 2244 1608 utqui
2281 1532 2386 1595 tibi
2428 1533 2718 1596 fuerimus
2773 1537 3080 1617 adjutores
3134 1536 3208 1598 ad
3257 1535 3680 1616 acquirendam

2049 1621 2229 1682 talem
2262 1621 2712 1684 beatitudinem.
2753 1623 3005 1688 Sanctus
3040 1634 3236 1688 antem
3275 1644 3288 1684 :
3321 1625 3408 1687 Ne
3431 1623 3680 1703 ironice,

2049 1708 2260 1789 inquit,
2293 1711 2601 1773 nobiscum
2631 1731 2791 1792 agas,
2826 1733 2859 1775 ο
2885 1714 3092 1794 judex.
3119 1716 3265 1777 Nam
3299 1732 3408 1775 nos
3437 1713 3681 1794 quidem

2052 1806 2110 1858 et
2138 1797 2410 1861 inimicos
2441 1801 2708 1880 diligere,
2745 1810 2804 1864 et
2862 1803 2936 1864 iis
2986 1803 3086 1884 qui
3136 1822 3245 1864 nos
3275 1803 3410 1864 odio
3437 1801 3680 1876 habent,

2050 1885 2471 1964 benefacere,a
2500 1890 2696 1952 divino
2729 1901 3020 1973 praecepto
3044 1892 3683 1956 didicimus.C:nterum

2051 1977 2308 2057 quandiu
2341 1997 2548 2042 sumus
2579 1981 2694 2042 vivi
2726 1982 2787 2042 in
2809 1987 2923 2042 vita
2955 1981 3450 2062 praesenti,Deum
3483 1997 3691 2062 preca-

2051 2084 2207 2146 mur,
2239 2076 2301 2128 ut
2329 2067 2400 2129 ab
2434 2087 2641 2130 errore
2681 2070 3085 2147 discedentes,
3134 2069 3375 2133 discatis
3409 2069 3682 2150 pietatem

2051 2163 2109 2216 et
2145 2173 2342 2216 veram
2375 2158 2749 2236 religionem,
2790 2167 2856 2220 ut
2884 2158 3050 2221 vobis
3095 2178 3330 2241 quoque
3355 2160 3431 2220 sit
3459 2175 3600 2238 pars
3629 2164 3689 2220 et

2048 2261 2180 2304 sors
2209 2244 2269 2304 in
2302 2244 2500 2308 futuro
2531 2246 2592 2308 in
2631 2248 2732 2308 Dei
2765 2247 2962 2324 bonis,
3022 2267 3155 2326 quae
3211 2248 3330 2310 dici
3361 2253 3683 2327 nequeunt.

2049 2334 2181 2395 Non
2203 2341 2292 2394 est
2313 2343 2507 2396 autem
2531 2336 2702 2397 nobis
2723 2336 2922 2397 datum
2949 2338 3036 2398 vel
3059 2355 3094 2397 a
3115 2337 3405 2417 supplicio
3427 2337 3683 2416 eripere,

2048 2421 2140 2482 vel
2172 2420 2328 2483 bona
2359 2424 2661 2486 dare.Hoc
2691 2433 2779 2485 est
2807 2424 2966 2486 enim
3003 2432 3062 2486 in
3092 2426 3278 2486 solius
3298 2425 3405 2486 Dei
3428 2424 3685 2504 positum

2052 2519 2363 2610 potestate,
2401 2514 2501 2592 qui
2532 2513 2710 2576 habet
2760 2513 2941 2576 etiam
2997 2522 3348 2595 potestatem
3375 2513 3688 2594 judicandi

2049 2608 2210 2662 vivos
2241 2608 2299 2661 et
2330 2609 2613 2664 mortuos.

2132 2777 2327 2840 XXIII.
2365 2776 2525 2840 Dixit
2553 2798 2772 2860 praeses
2809 2797 2822 2842 :
2854 2779 3164 2860 Ejusmodi
3203 2779 3685 2843 contentionibus

2057 2867 2256 2928 missis
2272 2868 2331 2928 in
2356 2869 2664 2947 praesentia
2682 2878 2739 2931 et
2757 2869 2829 2931 iis
2845 2869 3018 2931 bonis
3034 2889 3164 2950 quae
3178 2891 3211 2932 a
3227 2877 3283 2931 te
3294 2869 3686 2943 somniantur,

2055 2975 2196 3036 pare
2233 2957 2391 3035 regis
2417 2957 2784 3037 imperio.Te
2810 2959 2968 3021 enim
2994 2958 3211 3021 talibus
3232 2966 3290 3021 et
3313 2957 3488 3019 tantis
3507 2956 3688 3036 subji-

2054 3045 2205 3107 ciam
2240 3046 2645 3126 suppliciis,ut
2670 3066 2776 3128 per
2807 3055 2864 3110 te
2893 3048 2993 3110 alii
3018 3067 3254 3129 quoque
3276 3047 3686 3128 persuadean-

326 3135 568 3197 καὶτοὺς
623 3133 815 3198 ἄλλους
868 3137 1146 3199 πεισθῆναι
1208 3133 1545 3200 Χριστιανοὺς
1596 3133 1701 3188 τῶν
1731 3131 1784 3186 ἐν
1817 3132 1970 3210 χερσὶ

2057 3142 2149 3195 tur
2177 3132 2523 3209 Christiani,
2560 3154 2632 3197 ea
2687 3156 2818 3217 quae
2865 3145 3070 3199 tenent
3128 3136 3423 3208 manibus,
3460 3153 3686 3216 nequa-

325 3225 400 3280 τὰ
455 3222 508 3278 ἐν
580 3222 753 3280 ἐλπίσι
813 3221 1072 3298 μηδαμῶς
1151 3217 1616 3282 ἀπαλλάττεσθαι,
1683 3211 1739 3277 Ὀ
1791 3219 1965 3297 ἅγιος,

2057 3242 2230 3302 quam
2264 3232 2628 3286 commutare
2659 3211 2790 3286 cum
2825 3227 2896 3287 iis
2927 3246 3062 3306 quae
3105 3245 3212 3305 spe
3265 3211 3688 3306 apprehende-

329 3315 499 3370 T05to
541 3311 640 3390 γάρ
695 3335 785 3388 μοι
842 3311 1045 3390 ἔφεσις,
1091 3311 1239 3384 εἷπε,
1287 3309 1521 3386 καθάπερ
1551 3306 1616 3376 δὴ
1669 3307 1762 3364 καί
1815 3308 1969 3374 αὐτὸς

331 3400 594 3480 ἔγνωκας,
647 3402 708 3457 τὸ
764 3399 848 3456 διὰ
909 3398 1112 3478 τάχους
1172 3400 1304 3467 πρὸς
1349 3398 1441 3457 τὰς
1503 3398 1735 3458 αίωνίους
1789 3420 1969 3476 παρα-

335 3493 634 3569 πεμφθῆναι
689 3490 880 3565 μονάς,
947 3489 1054 3546 Κᾶίν
1114 3487 1278 3550 ἄλλας
1337 3485 1390 3542 δὲ
1444 3487 1628 3562 μυρίας
1691 3487 1968 3564 ἐπαγάγῃς

333 3601 428 3656 μοι
458 3580 731 3656 τιμωρίας,
779 3579 876 3634 κεῖν
907 3579 1041 3652 μετὰ
1098 3578 1157 3632 σὲ
1211 3576 1410 3654 ἕτερος,
1444 3573 1854 3650 τετελειωμένος
1915 3575 1969 3632 ἐν

331 3676 407 3745 τῇ
451 3677 676 3747 Χριστοῦ
729 3669 913 3746 ἀγάπῃ
971 3669 1318 3746 εὑρεθήσομαι
1355 3685 1369 3698 ο
1431 3664 1546 3744 ἔχω
1602 3665 1700 3740 γὰρ
1730 3666 1820 3720 τὸν
1879 3667 1969 3720 ὲν-

334 3759 595 3838 ἰσχύοντα
652 3779 720 3834 με
795 3757 924 3813 Θεὸν
958 3803 976 3830 ,
1067 3754 1138 3810 δι’
1209 3756 1267 3810 δν
1324 3754 1412 3810 καὶ
1468 3761 1632 3811 ταῦτα
1691 3754 1970 3828 ὑπομένειν

332 3848 672 3926 προῇρημαι,
737 3853 1077 3923 Χριστιανοῖς
1135 3842 1188 3899 δὲ
1250 3844 1310 3900 οὐ
1364 3841 1638 3921 προτροπὴ
1683 3842 1816 3920 πρὸς
1873 3841 1972 3920 ἅρ-

329 3958 488 4004 νησιν
532 3932 817 4010 εὐσεϐείας,
876 3935 949 3996 ὼς
1009 3934 1070 3988 σὺ
1135 3931 1291 4012 ἔφης,
1330 3930 1414 3987 διὰ
1469 3933 1574 3987 τῶν
1626 3936 1732 3987 σῶν
1784 3929 1972 4004 ἔσομαι

331 4026 603 4103 βασάνων,
637 4021 774 4081 ἀλλὰ
816 4021 1151 4099 παράκλησις
1201 4020 1402 4096 μᾶλλον
1445 4021 1576 4098 πρὸς
1623 4017 1920 4076 θεοσέϐειαν
1954 4037 1973 4056 ο

328 4117 479 4172 αὐτοὶ
535 4111 634 4192 γάρ
693 4134 760 4188 με
819 4115 1140 4190 καθορῶντες
1202 4109 1254 4166 ἐν
1283 4111 1423 4188 γήρᾳ
1454 4108 1675 4180 τοιούτῳ
1726 4109 1822 4170 τὰς
1877 4109 1973 4172 σάς

331 4203 478 4280 παρὰ
521 4201 718 4282 φαῦλον
776 4200 1096 4275 ποιούμενον
1150 4199 1426 4277 τιμωρίας,
1483 4195 1776 4275 ὑπόδειγμα
1807 4197 1971 4254 καλὸν

335 4293 507 4363 ἕξουσι
565 4290 966 4369 γενναιότητος,
999 4289 1085 4345 καὶ
1140 4293 1240 4354 τῆς
1297 4289 1576 4364 μιμήσεως
1607 4287 1701 4342 οὐκ
1749 4286 1972 4343 ἀπολειο

334 4382 648 4460 φθήσονται.
709 4378 917 4436 Τούτων
988 4376 1214 4438 ἀκούσας
1273 4379 1299 4432 ὁ
1373 4373 1554 4455 ἄρχων
1622 4375 1709 4431 καὶ
1763 4377 1824 4430 τὸ
1881 4386 1973 4435 τοῦ

336 4469 592 4546 μακαρίου
679 4468 925 4546 γέροντος
997 4464 1408 4531 ἀκατάπληκτον
1486 4462 1793 4542 ἐκπλαγεὶς,
1874 4465 1978 4521 ὑπό

2053 3321 2215 3374 runt.
2249 3311 2502 3374 Sanctus
2541 3321 2734 3375 autem
2767 3333 2779 3373 :
2835 3314 3051 3392 Hoc,ut
3080 3316 3208 3396 ipse
3237 3333 3480 3396 quoque
3510 3313 3686 3390 nosti,

2054 3400 2314 3461 maxime
2337 3401 2536 3481 cupio,
2562 3421 2736 3482 quam
2765 3401 3049 3465 citissime
3072 3404 3396 3468 transmitti
3417 3401 3490 3463 ad
3511 3411 3690 3464 aeter—

2054 3507 2161 3550 nas
2186 3488 2547 3551 mansiones.
2585 3491 2752 3562 Quod
2785 3492 2835 3552 si
2881 3493 3025 3552 mihi
3054 3493 3198 3554 alios
3225 3490 3690 3553 innumerabiles

2052 3578 2324 3638 intuleris
2353 3581 2674 3660 cruciatus,
2707 3589 2806 3642 aut
2839 3581 3014 3642 etiam
3076 3590 3208 3661 post
3238 3589 3295 3642 te
3326 3581 3498 3659 alius,
3535 3598 3686 3640 con-

2053 3674 2382 3727 summatus
2417 3667 2689 3730 inveniar
2719 3669 2779 3729 in
2811 3669 3026 3730 Christi
3059 3669 3268 3748 gratia.
3299 3667 3500 3729 Habeo
3531 3667 3690 3728 enim

2051 3754 2239 3816 Deum
2279 3773 2373 3816 me
2402 3757 2884 3836 conﬁrmantem,
2920 3767 3161 3838 propter
3191 3776 3367 3838 quem
3418 3757 3545 3818 haec
3575 3756 3692 3837 pati

2054 3842 2354 3906 constitui.
2390 3843 2518 3905 Non
2551 3863 2654 3906 ero
2684 3852 2908 3923 autem,
2947 3853 3010 3906 ut
3032 3854 3093 3906 tu
3126 3845 3304 3927 dicis,
3333 3845 3688 3929 Christianis

2057 3931 2390 3993 adhortatio
2420 3933 2492 3994 ad
2520 3934 2853 4012 negandam
2883 3937 3164 4014 pietatem
3186 3941 3429 4016 prOpter
3448 3941 3544 3995 tua
3566 3940 3691 3995 tor-

2059 4029 2279 4096 menta,
2327 4021 2432 4083 sed
2465 4022 2915 4084 incitamentum
2962 4023 3156 4104 potius
3205 4024 3278 4086 ad
3332 4040 3532 4084 verum
3587 4022 3693 4086 Dei

2057 4110 2304 4173 cultum.
2339 4110 2454 4191 Ipsi
2490 4111 2647 4172 enim
2683 4131 2778 4174 me
2817 4113 3089 4175 videntes
3139 4114 3200 4174 in
3253 4113 3354 4175 tali
3385 4121 3694 4174 senectute

2059 4209 2188 4262 tuos
2236 4199 2606 4280 vilipendere
2640 4203 2961 4282 cruciatus,
3021 4202 3323 4265 habebunt
3378 4201 3691 4282 pulchrum

2057 4289 2359 4370 exemplar
2378 4290 2775 4373 fortitudinis,
2816 4309 2928 4353 nec
2959 4291 3149 4353 deerit
3178 4293 3319 4367 illis,
3344 4308 3520 4371 quem
3553 4291 3692 4352 imi-

2059 4385 2276 4442 tentur.
2309 4379 2414 4440 His
2444 4379 2689 4460 auditis,
2748 4398 2967 4461 praases
3028 4380 3184 4442 beati
3235 4379 3396 4442 senis
3430 4378 3698 4440 interrita

2055 4468 2382 4530 constantia
2402 4468 2862 4550 obstupefactus,
2867 4469 3038 4549 jubet
3059 4478 3357 4550 portatum
3379 4469 3453 4532 ab
3476 4470 3694 4550 aliqui-

338 4580 497 4616 τινων
581 4554 1034 4633 διαϐασταχθέντα
1099 4553 1340 4626 κελεύει,
1417 4552 1531 4608 ἐπεὶ
1602 4551 1679 4625 μὴ
1750 4551 1975 4628 βαδίζειν

2061 4557 2192 4637 bus,
2221 4558 2499 4637 quoniam
2532 4559 2762 4637 ingredi
2797 4577 2911 4619 non
2946 4565 3196 4639 poterat.
3232 4577 3443 4621 rursus
3472 4558 3694 4620 includi

339 4647 585 4722 ἠδύνατο,
615 4653 691 4719 τῷ
721 4643 1069 4720 δεσμωτηρίῳ
1091 4641 1250 4698 πάλιν
1280 4641 1753 4706 κατακλεισθῆναι.

424 4735 562 4798 ΚΔ¹.
625 4738 760 4792 Εἶτα
808 4733 938 4810 πρὸς
981 4733 1070 4789 τὸν
1117 4732 1378 4809 μακάριον
1428 4727 1735 4804 ἀποϐλέψας
1765 4729 1978 4786 Ἀειθα-

338 4824 460 4900 λᾶν,
509 4825 607 4882 Καὶ
661 4825 747 4902 σὺ,
802 4823 972 4902 φησὶ,
1035 4825 1132 4886 τῆς
1204 4821 1362 4887 αὐτῆς
1422 4818 1528 4898 ἔχῃ
1588 4817 1973 4896 παραπληξίας,

340 4916 430 4970 καὶ
473 4914 568 4980 τὴν
623 4912 714 4968 τοῦ
748 4912 997 4987 μεγίστου
1026 4914 1306 4988 φωστῆρος
1361 4906 1626 4969 διαπτύεις
1670 4908 1979 4983 προσκύνη-

345 5025 428 5060 σιν
464 5022 480 5078 ;
513 4993 572 5060 Ὀ
603 5005 700 5069 τῆς
731 4999 982 5066 ἀληθείας
1027 4997 1186 5074 κῆρυξ
1229 4998 1567 5075 ἀποκρίνεται
1602 5011 1615 5026 ⁸
1667 5001 1740 5072 Ζῇ
1793 4997 1976 5075 Κύριος

343 5091 554 5159 Ἰησοῦς
612 5091 836 5164 Χριστὸς
881 5091 908 5144 6
950 5095 1044 5145 τοῦ
1087 5093 1283 5158 ζῶντος
1329 5093 1460 5142 Θεοῦ
1508 5085 1646 5159 Υἱὸς,
1703 5087 1774 5149 εἰς
1834 5087 1892 5140 ὃν
1923 5085 1982 5141 ἐκ

347 5181 596 5247 νεότητος
651 5177 875 5250 ἤλπισα,
924 5178 996 5239 ὡς
1028 5176 1348 5250 ἀμετάθετον
1391 5173 1508 5254 ἔχω
1536 5174 1628 5228 τὸν
1677 5172 1936 5251 λογισμόν
1963 5193 1976 5206 ·

348 5272 435 5327 καὶ
478 5267 649 5332 οὐδεὶς
710 5267 1016 5342 μεταπείσει
1074 5287 1141 5340 με
1195 5265 1294 5330 τὴν
1351 5270 1445 5320 τοῦ
1477 5270 1607 5319 Θεοῦ
1649 5263 1811 5338 τιμὴν
1864 5277 1983 5326 τοῖς

349 5361 508 5416 αὐτοῦ
535 5357 816 5430 κτίσμασιν
872 5355 1188 5430 ἀπονεῖμαι,
1226 5353 1375 5410 Ἐπεὶ
1436 5352 1634 5408 τούτων
1693 5373 1721 5406 o
1777 5351 1984 5422 ἀλαζὼν

349 5449 557 5510 ἐκεῖνος
590 5448 677 5502 καὶ
705 5443 963 5522 βάρϐαρος
1010 5443 1258 5522 ἤκουσεν,
1297 5439 1568 5508 ἐκδεθῆναι
1619 5446 1723 5496 τῶν
1782 5440 1984 5520 ἀστρασο

350 5536 530 5616 γάλων
571 5534 775 5591 κελεύει
848 5535 938 5589 τὸν
996 5533 1168 5609 ἅγιον,
1229 5535 1306 5604 τῷ
1361 5529 1496 5604 ξύλῳ
1552 5551 1606 5584 τε
1678 5551 1984 5609 προσαναρ-

353 5629 561 5698 τᾶσθαι,
595 5625 682 5682 καὶ
738 5635 858 5687 ταῖς
919 5621 1114 5700 βοείαις
1170 5619 1532 5698 μαστίζεσθαι.
1567 5621 1628 5680 Ὃ
1659 5617 1713 5675 δὲ
1775 5619 1986 5697 μεγάλῃ

2062 4648 2120 4707 in
2152 4664 2415 4708 carcere.

2139 4734 2344 4796 XXIV.
2378 4733 2606 4795 Deinde
2634 4737 2931 4815 aspiciens
2964 4739 3036 4798 ad
3069 4738 3305 4800 beatam
3341 4738 3692 4800 [Eithalamz

2060 4827 2213 4884 Tene
2238 4841 2492 4898 quoque,
2513 4827 2723 4899 inquit,
2751 4828 2960 4888 invasit
2983 4831 3130 4888 idem
3152 4840 3368 4901 stupor,
3384 4841 3435 4888 et
3463 4831 3695 4888 maximi

2062 4912 2370 4973 luminaris
2395 4930 2636 4973 recusas
2659 4913 3100 4977 adorationem?
3133 4915 3473 4994 Respondet
3504 4933 3698 4995 praeco

2063 4999 2320 5060 veritatis
2355 5021 2367 5056 :
2405 4997 2560 5060 Vivit
2591 4999 2882 5062 Dominus
2909 5004 3088 5063 Jesus
3116 5001 3406 5074 Christus,
3451 5002 3561 5060 vivi
3593 5001 3698 5062 Dei

2063 5085 2337 5163 Filius,in
2362 5105 2533 5168 quem
2563 5088 2851 5168 speravia
2869 5090 3202 5170 juventute,
3237 5089 3391 5169 quod
3417 5090 3700 5149 immuta-

2065 5175 2244 5237 bilem
2279 5177 2467 5237 habeo
2492 5177 2909 5256 cogitationem
2935 5196 2947 5240 :
2976 5196 3086 5240 nec
3109 5177 3254 5238 mihi
3279 5178 3432 5239 ullus
3451 5195 3698 5258 persua-

2066 5268 2221 5333 serit,
2255 5276 2316 5324 ιιι
2337 5267 2436 5323 Dei
2466 5268 2744 5324 honorem
2767 5269 3012 5327 tribuam
3039 5270 3209 5326 rebus
3232 5269 3302 5325 ab
3333 5270 3454 5339 ipso
3476 5273 3698 5324 creatts.

2065 5350 2381 5432 Postquam
2416 5351 2540 5412 haec
2588 5351 2809 5413 audivit
2835 5353 2936 5414 ille
2968 5352 3264 5434 superbus
3297 5360 3355 5414 et
3385 5350 3697 5432 barbaros,

2064 5439 2233 5519 jubet
2261 5449 2527 5502 sanctum
2553 5440 2775 5520 alligari
2803 5442 2965 5517 talis,
3001 5449 3058 5504 et
3089 5443 3246 5520 ligno
3283 5439 3561 5522 appendi.
3596 5438 3703 5500 Ille

2070 5536 2263 5590 autem
2279 5547 2489 5609 magna
2501 5549 2645 5592 voce
2666 5531 3021 5611 praedicabat
3040 5550 3103 5592 se
3130 5549 3259 5592 esse
3277 5529 3697 5593 Christianum.

2069 5617 2252 5699 Magis
2281 5627 2408 5682 erat
2432 5618 2701 5682 defessus
2726 5620 2922 5701 ﬂagris
2944 5619 3224 5683 caedendo
3255 5619 3494 5700 impius,
3523 5634 3703 5700 quam
