4022 6146
419 354 536 421 855

1653 351 2035 415 ADDENDA.
2083 381 2160 396 —
2213 347 2538 412 APRILIS.

3651 348 3756 415 856

421 498 659 557 sanctus
685 489 910 575 aliquid
936 490 1280 573 loqueretur
1301 488 1616 550 remissum
1663 492 1718 548 et
1741 484 2049 565 indignum

2145 493 2211 564 τῇ
2252 491 2403 565 φωνῇ
2449 483 2760 564 Χριστιανὸν
2807 482 2991 539 ἑαυτὸν
3050 481 3421 562 ἂνεκιὶροττεν,
3472 481 3758 561 Ἀπειρήκει

423 601 495 645 ea
523 601 654 664 qua;
685 601 789 663 pro
824 582 1060 645 Christo
1111 587 1201 642 est
1257 577 1650 648 ostendenda,
1686 575 2055 638 fortitudine.

420 672 601 751 lubet
645 689 785 750 ergo
836 689 971 732 eum
1005 670 1080 731 de
1138 668 1295 746 ligno
1343 666 1588 747 deponi,
1638 672 1698 727 et
1746 664 1876 744 ejus
1925 664 2057 725 loco

422 764 621 822 induci
648 763 1039 830 Manichmum,
1067 761 1163 831 qui
1188 772 1379 817 coram
1407 765 1653 829 martyre
1675 766 1864 826 aperte
1895 769 2059 813 suam

422 850 726 929 abjuraret
753 846 1128 925 religionem.
1153 842 1381 907 Jubens
1407 859 1546 917 ergo
1567 849 1846 918 torquere
1869 839 2058 901 Mani-

423 936 936 1015 cbaaum,cogebat
966 935 1037 996 ad
1072 929 1546 1013 negandumJlle
1569 938 1764 991 autem
1801 930 2057 1009 primum

423 1026 665 1107 quidem
695 1023 1027 1097 resistebat,
1062 1031 1120 1085 et
1177 1021 1459 1084 adversus
1518 1020 1723 1098 plagas
1754 1018 2063 1083 videbatur

424 1116 755 1178 decertare.
782 1116 927 1178 Cum
959 1123 1161 1175 autem
1194 1110 1510 1173 violentius
1533 1109 1781 1170 verbera
1810 1109 2063 1169 intenta-

2140 577 2406 653 μαστίζων
2464 577 2492 630 6
2544 570 2739 640 ἀσεϐὴς
2825 570 3030 647 μᾶλλον
3092 571 3122 640 ἢ
3178 572 3207 628 ὀ
3268 572 3424 651 ἅγιος
3503 573 3760 652 ὑφειμένον

2140 689 2191 723 τι
2240 665 2520 744 φθέγγεται
2563 661 2659 719 καί
2721 669 2811 727 τῆς
2869 660 2998 740 ὑπὲρ
3056 662 3281 739 Χριστοῦ
3336 663 3609 740 καρτερίας
3653 663 3764 718 ἂνα-

2141 753 2272 820 ξιον,
2338 751 2551 811 Κελεύει
2629 755 2911 827 τοιγαροῦν
2995 751 3087 805 τοῦ
3155 748 3307 814 ξύλω
3368 754 3760 830 κατενεχθῆναι,

2143 844 2230 900 καί
2271 863 2390 899 τινα
2449 847 2753 919 Μανιχατον
2811 836 2895 895 ἐπ’
2956 837 3170 903 ἀτόποις
3210 840 3348 895 τισὶν
3392 838 3587 895 ἁλόντα
3614 842 3684 904 εἰς
3711 842 3765 896 τὸ

2144 931 2305 1008 μέσον
2349 931 2610 1011 ἀχθῆναι,
2677 929 2789 1007 καὶ,
2848 927 3007 1008 ”Ορα,
3057 930 3186 996 φησί
3245 935 3323 1002 τῷ
3382 928 3624 1009 μάρτυρι,
3676 930 3767 997 τὴν

2144 1021 2337 1078 οἰκείαν
2422 1020 2580 1078 αὐτὸν
2665 1017 2946 1096 θρησκείαν
3029 1021 3334 1097 περιφανῶς
3411 1016 3765 1093 ἐξομνύμενον,

2145 1111 2438 1181 Λῖκίζεσθαι
2500 1107 2589 1163 οὖν
2643 1106 2933 1184 ἐπιτρέψας
2991 1107 3080 1163 τὸν
3150 1113 3459 1185 Μανιχαϊον
3520 1106 3769 1184 ἠνάγκαζε

420 1212 581 1286 rent,
614 1203 716 1285 qui
758 1201 1163 1285 ﬂagellabant,
1198 1207 1260 1263 et
1292 1217 1425 1261 eum
1459 1199 1646 1280 plagas
1677 1199 2058 1259 vehementer

2145 1201 2274 1279 πρὸς
2334 1198 2432 1266 τὴν
2492 1196 2734 1274 ἄρνησιν.
2797 1197 2857 1253 Ὀ
2920 1194 2976 1252 δὲ
3027 1196 3303 1275 ὰδτείχετο
3353 1196 3455 1270 μὲν
3483 1196 3549 1252 τὰ
3578 1202 3766 1272 πρῶτα,

422 1283 734 1373 urgerent,
764 1283 953 1355 victus
984 1310 1017 1352 a
1052 1288 1383 1363 doloribus,
1417 1288 1618 1348 statim
1643 1286 2058 1356 inﬁciabatur;

2145 1290 2233 1347 καί
2288 1290 2420 1363 πρὸς
2483 1287 2575 1369 τὰς
2634 1284 2847 1362 πληγὰς
2929 1286 3082 1359 ἐῴκει
3154 1283 3575 1363 διαγωνίζεσθαι.
3634 1286 3771 1343 Ἐπεὶ

425 1388 508 1462 et,
538 1384 875 1446 Auathema
906 1380 1122 1443 Maneti
1175 1388 1234 1439 et
1273 1379 1401 1457 ejus
1432 1375 1827 1454 dogmatibus,
1859 1376 2058 1437 excla-

2145 1378 2197 1435 δὲ
2256 1378 2552 1455 βιαιότερον
2600 1378 2644 1432 οἱ
2701 1376 3040 1450 μαστίζοντες
3099 1374 3421 1449 ἐπετίθεντο,
3483 1375 3578 1431 καί
3621 1377 3769 1455 ἰσχυ-

424 1471 644 1535 mabat.
681 1470 1176 1549 Atl‘eruntitaque
1198 1467 1270 1529 ad
1303 1485 1437 1528 eum
1475 1464 1806 1539 formicam,
1837 1464 2058 1544 juben-

2148 1475 2251 1549 ρῶς
2311 1469 2468 1523 αὒτοῦ
2521 1468 2791 1522 καθίκοντο
2847 1467 2901 1521 αἱ
2955 1464 3179 1543 πληγαὶ,
3240 1466 3493 1533 ἡττηθεὶς
3548 1468 3650 1521 τῶν
3687 1466 3772 1521 πό·

425 1569 517 1621 tes
550 1561 918 1623 interﬁcere.
971 1559 1082 1621 Ille
1119 1566 1314 1619 autem
1352 1574 1479 1618 eam
1517 1553 1716 1616 statim
1751 1555 1979 1635 accepit
2010 1562 2058 1615 et

2148 1581 2248 1614 νων
2308 1555 2515 1635 ἔξαρνος
2576 1556 2722 1619 εύθὺς
2764 1554 2987 1634 γίνεται,
3047 1558 3157 1633 καὶ,
3234 1555 3505 1627 Ἀνάθεμα
3563 1555 3770 1610 Μάνειτι

422 1649 1006 1726 interfecit.Propter
1027 1647 1184 1728 quod
1218 1655 1458 1706 sanctus
1480 1643 1683 1703 laetitia
1704 1643 1973 1717 diffusus,
2009 1652 2058 1704 el

2148 1647 2242 1705 καὶ
2301 1658 2416 1711 τοῖς
2459 1644 2616 1702 αὖτοῦ
2658 1642 2939 1722 δόγμασιν,
2991 1641 3194 1709 ἐξεϐόα.
3259 1642 3369 1702 Καὶ
3440 1641 3573 1710 δῆτα
3615 1665 3770 1728 προσ-

422 1739 500 1799 ob
533 1737 616 1814 id,
650 1737 806 1820 quod
838 1724 1059 1799 factum
1090 1736 1300 1810 fuerat,
1344 1733 1551 1794 ridens
1581 1732 2009 1813 propemodum
2049 1752 2058 1793 :

2148 1739 2365 1815 ἄγουσιν
2409 1735 2550 1808 αὑτῷ
2608 1734 2861 1810 μύρμηκα
2924 1732 3347 1820 προσῗτᾶσσοντες
3434 1731 3662 1793 ἀνελεῖν.
3720 1724 3770 1790 “Ο

422 1825 633 1890 Gravia
659 1818 888 1908 passus,
925 1826 1140 1906 inquit,
1175 1824 1394 1886 defecit
1422 1824 1698 1884 adorator
1726 1821 2058 1902 Manetis,et

2145 1824 2198 1882 δὲ
2251 1824 2526 1882 ἀπέκτεινε
2581 1822 2915 1901 παραχρῆμα
2966 1819 3168 1883 λαϐών.
3231 1820 3349 1901 Ἐφ’
3415 1822 3463 1896 ᾧ
3517 1818 3770 1901 διαχωθεὶς

422 1916 647 1978 caedem
701 1915 913 1977 fecisse
944 1924 1032 1976 est
1062 1915 1387 1985 convictus,
1424 1919 1490 1972 ut
1530 1910 1631 1992 qui
1661 1911 1848 1972 Deum
1892 1929 2058 1972 suum

2148 1918 2175 1972 6
2232 1916 2383 1992 ἅγιος
2412 1914 2500 1970 καὶ
2538 1912 2658 1968 οἷον
2690 1910 3010 1989 ἐπιγελάσας
3055 1918 3131 1985 τῷ
3178 1910 3478 1988 γενομένῳ.
3525 1908 3769 1968 Τεταλαι-

420 2004 750 2067 interemit.
783 2003 904 2081 Ego
935 2011 1131 2065 autem
1167 2002 1461 2083 meipsum
1495 2001 1728 2063 beatum
1764 2000 2058 2074 existimo,

2146 2005 2412 2081 πώρηται,
2460 2000 2585 2081 ἔφη,
2636 2001 2663 2056 6
2705 2001 2798 2056 τοῦ
2830 2000 3096 2061 Μάνεντος
3126 1997 3446 2074 λατρευτῆς,
3492 2001 3579 2055 καὶ
3629 1998 3771 2079 φόνου

418 2095 736 2166 utPaulus,
769 2097 922 2168 quod
942 2095 1155 2154 Christi
1178 2096 1391 2153 virtute
1410 2102 1604 2165 aperte
1634 2092 2063 2163 corroboratus,

425 2180 526 2262 qui
557 2180 706 2242 dixit
737 2199 751 2244 :
795 2202 819 2238 α
858 2180 976 2259 Ego
1005 2180 1115 2242 vici
1148 2179 1455 2251 mundum,
1498 2203 1524 2236 ι
1561 2195 1846 2242 conservo
1879 2178 2062 2258 spiric

425 2276 548 2332 tum
579 2277 638 2333 et
666 2270 928 2333 animum
962 2270 1268 2332 idvictum.

491 2539 651 2599 XXV.
675 2540 912 2613 Propter
938 2541 1063 2598 haec
1095 2541 1176 2597 ira
1211 2539 1462 2610 repletus
1485 2539 1718 2596 insanus
1738 2537 2063 2610 judex,spi-

421 2624 587 2686 nosis
614 2624 751 2685 mali
786 2626 1035 2685 Persica:
1052 2623 1227 2701 virgis
1245 2622 1420 2701 jubet
1442 2627 1712 2682 sanctum
1733 2619 2055 2682 verberari.

419 2712 617 2790 Plagae
644 2719 842 2773 autem
867 2710 952 2772 sic
986 2729 1121 2772 eum
1156 2710 1562 2779 confecerunt,
1598 2716 1661 2768 ut
1687 2725 1869 2787 prope
1902 2717 2061 2770 esset

420 2807 648 2872 mutus,
682 2808 741 2860 et
768 2817 881 2859 nec
912 2799 1159 2859 sentiret
1195 2798 1433 2877 quidem
1467 2794 1709 2858 verbera
1742 2813 1871 2876 qua;
1900 2796 2059 2858 inﬂi-

418 2887 735 2966 gebantur.
769 2886 1169 2959 Quamobrem
1201 2905 1333 2947 cum
1391 2904 1526 2946 eum
1555 2886 1893 2965 traxissent,
1922 2894 2054 2947 tan-

420 2993 595 3056 quam
614 2977 736 3056 jam
764 2985 1086 3056 mortuum,
1114 2977 1270 3038 foras
1292 2976 1553 3055 ejiciunt.
1584 2975 1831 3047 Quidam
1857 2983 2055 3036 autem

420 3083 492 3126 ex
522 3068 721 3141 magis.
753 3083 882 3127 cum
914 3071 1057 3128 forte
1084 3069 1229 3125 illud
1252 3083 1460 3139 corpus
1496 3068 1727 3124 vidisset
1757 3069 2052 3135 nudatum,

2146 2091 2288 2152 ἑάλω
2348 2093 2440 2147 τὸν
2510 2088 2696 2149 ἐαυτοῦ
2746 2089 2876 2144 Θεὸν
2932 2087 3156 2151 ἀνελών,
3221 2087 3368 2167 Ἐγὼ
3425 2086 3482 2143 δὲ
3536 2088 3774 2165 μακάριον

2143 2182 2370 2255 ὲμαυτὸν
2399 2180 2614 2257 ἥγημαι
2661 2177 2797 2235 κατὰ
2840 2176 3067 2251 Παῦλον,
3104 2175 3184 2233 ὅτι
3232 2183 3465 2255 Χριστοῦ
3508 2177 3574 2245 τῆ
3624 2175 3769 2232 δυνά-

2146 2292 2235 2345 μει
2279 2274 2579 2349 περιφανῶς
2625 2266 3034 2343 κραταιούμενος
3095 2266 3190 2321 τοῦ
3241 2265 3504 2336 εἰπόντος,
3569 2283 3598 2322 ι
3645 2265 3773 2341 Ἐγὼ

2144 2360 2395 2426 νενίκηκα
2453 2359 2545 2414 τὸν
2600 2355 2824 2431 κόσμον,
2878 2378 2902 2410 ιο
2965 2354 3233 2426 ἀήττητόν
3288 2376 3394 2425 μου
3436 2357 3499 2412 τὸ
3545 2354 3772 2434 φρόνημα

2146 2456 2412 2526 ωντηρῶ.

2224 2538 2356 2598 KE’.
2418 2545 2595 2611 Θυμοῦ
2649 2534 2949 2613 πληρωθεὶς
3008 2534 3094 2591 ἐπὶ
3163 2535 3335 2608 τούτῳ
3402 2538 3432 2592 6
3487 2537 3769 2614 παράφορος

2143 2625 2393 2696 δικαστὴς
2488 2624 2692 2706 ῥάϐδοις
2776 2624 2912 2701 ῥοῶν
3009 2623 3476 2700 ἐξηκανθωμέναις
3578 2627 3767 2682 τύπτειν

2141 2718 2455 2796 προστάττει
2499 2717 2589 2772 τὴν
2631 2715 2807 2793 ἅγιον,
2848 2712 2996 2771 Οὕτω
3053 2712 3108 2771 δὲ
3164 2716 3590 2793 κατειργάσαντο
3632 2716 3768 2771 αὐτὸν

2143 2815 2195 2869 αἱ
2254 2809 2461 2886 πληγαὶ
2504 2808 2577 2869 ὡς
2621 2802 2719 2860 καί
2753 2802 2962 2883 ἄφωνον
2990 2801 3184 2884 σχεδὸν
3226 2804 3494 2880 γενέσθαι,
3542 2805 3624 2859 καὶ
3652 2800 3769 2879 μηδὲ

2140 2900 2247 2957 τῶν
2306 2896 2574 2977 ἐπιφανῶν
2647 2892 3053 2951 ἓπαισθάνεσθαι
3087 2909 3102 2923 ⁸
3176 2891 3294 2948 ὅθεν
3384 2893 3472 2948 καὶ
3526 2894 3599 2954 ὡς
3681 2889 3766 2958 ἤδη

2140 2988 2433 3056 τεθνηκότα
2477 2983 2725 3055 σύραντες
2768 2980 2868 3047 ἔξω
2910 2983 3199 3058 ῥίπτουσιν.
3260 2983 3363 3046 Εἷς
3422 2981 3478 3038 δὲ
3534 2989 3634 3038 τῶν
3674 2980 3768 3053 μά-

2139 3100 2249 3156 γων
2305 3079 2365 3131 τὸ
2424 3074 2732 3152 καρτερικὸν
2779 3072 2956 3128 ἐκεῖνο
2990 3076 3149 3146 σῶμα
3195 3071 3474 3148 γυμνωθὲν
3521 3070 3763 3145 θεασάμε-

418 3162 478 3216 et
511 3161 734 3216 naturaa
764 3155 1266 3235 contemplatione
1299 3162 1494 3214 motus
1519 3162 1677 3216 esset
1709 3153 2053 3213 misericor-

2145 3153 2251 3242 νος,
2300 3166 2388 3223 καί
2443 3186 2492 3220 τι
2564 3161 2932 3242 φιλάνθρωπον
3008 3161 3190 3217 παθὼν
3244 3162 3379 3239 πρὸς
3434 3162 3535 3229 τὴν
3607 3160 3764 3237 φύσιν,

425 3242 551 3315 dia,
584 3261 781 3324 panno
806 3262 942 3306 eum
972 3243 1187 3323 operit.
1223 3242 1338 3316 Qui
1377 3260 1513 3303 vero
1546 3250 1713 3303 erant
1758 3242 2055 3320 ejusdem,

422 3330 593 3410 cujus
643 3330 796 3411 ipse,
844 3330 1193 3411 religionis,
1254 3349 1388 3392 cum
1448 3330 1836 3410 aspexissent,
1901 3332 2060 3410 quod

424 3417 500 3481 ab
531 3436 603 3482 eo
633 3419 850 3482 factum
885 3420 1096 3491 fuerat,
1130 3420 1522 3480 criminantur
1549 3437 1685 3480 eum
1717 3419 1870 3499 apud
1907 3438 2060 3498 pra:-

420 3508 611 3570 sidem
650 3509 796 3589 :qui
850 3526 989 3572 eum
1049 3508 1280 3570 acerbis
1333 3509 1524 3569 statim
1559 3507 1729 3569 caedit
1787 3509 2057 3591 ﬂagellis,

420 3597 582 3659 etab
639 3597 1216 3659 immisericordtbus
1267 3616 1396 3657 eam
1452 3598 1669 3676 accipit
1717 3598 2058 3659 mercedem

419 3685 1175 3748 misericordia-Beatum
1234 3695 1431 3747 autem
1494 3685 1808 3747 Eithalam
1864 3687 2059 3750 adhuc

418 3775 741 3854 spirantem
773 3775 1013 3836 tradunt
1042 3776 1102 3837 in
1135 3774 1488 3836 custodiam.
1524 3774 1667 3837 Cum
1703 3793 1842 3836 vero
1883 3794 2060 3838 acce-

418 3865 603 3943 pisset
626 3864 838 3941 judex,
874 3864 1189 3926 maximum
1222 3863 1540 3945 quemdam
1575 3865 1912 3943 praesidem,
1949 3885 2057 3927 no-

418 3952 580 4014 mine
615 3951 1018 4033 Saborium,in
1052 3954 1183 4033 ejus
1214 3954 1402 4014 vicmn
1436 3952 1769 4029 advenisse,
1814 3956 1915 4033 qui
1947 3973 2054 4029 ap-

422 4040 753 4120 pellabatur
781 4042 1175 4113 Marcellaria,
1210 4042 1264 4101 ei
1299 4049 1623 4121 martyrum
1659 4045 1898 4104 mandat
1926 4062 2062 4105 exa-

419 4128 830 4192 minatiouem.
888 4128 997 4191 Ille
1043 4139 1265 4202 autem,
1327 4148 1446 4190 non
1504 4132 1698 4191 minus
1747 4130 1966 4209 impius
2003 4140 2063 4194 et

421 4234 614 4279 saevus
643 4236 817 4299 quam
872 4218 1303 4298 praecedentes,
1342 4218 1637 4295 aspiciens
1666 4217 1739 4277 ad
1770 4228 2007 4281 sanctos
2042 4238 2055 4279 :

424 4304 720 4383 Vestram,
750 4308 1266 4388 inquit,reveritus
1296 4306 1597 4380 canitiem,
1629 4315 1687 4365 et
1704 4316 1917 4385 vestra;
1948 4309 2061 4370 mi-

419 4403 617 4458 sertus
638 4397 1002 4470 afﬂictionis,
1029 4397 1251 4458 suadeo
1272 4405 1331 4455 ut
1356 4397 1543 4455 solem
1562 4396 1839 4465 adoretis,
1870 4403 1933 4459 et
1960 4418 2062 4477 gu-

2141 3255 2290 3333 ῥάκει
2356 3260 2511 3311 τοῦτο
2568 3250 2847 3312 καλύπτει.
2925 3259 2985 3307 0t
3059 3248 3115 3306 δὲ
3197 3255 3297 3317 τῆς
3371 3251 3537 3317 αὒτῆς
3606 3247 3765 3318 ἐκείνῳ

2142 3342 2422 3422 θρησκείας
2472 3343 2533 3397 τὸ
2605 3339 2823 3419 γεγονὸς
2882 3340 3198 3413 θεασάμενοι
3254 3337 3626 3396 διαϐάλλουσιν
3673 3334 3760 3391 αὖ·

2143 3434 2232 3488 τὸν
2288 3433 2421 3509 πρὸς
2495 3431 2586 3485 τὸν
2666 3428 2927 3508 ἄρχοντα,
2985 3427 3082 3485 καὶ
3157 3434 3499 3507 παραχρῆμα
3567 3435 3763 3504 πικραῖς

2145 3521 2394 3591 αἰκίζεται
2438 3517 2679 3597 μάστιξι,
2739 3520 2826 3574 καὶ
2880 3520 3067 3588 μισθὸν
3124 3520 3274 3574 τοῦτο
3312 3518 3411 3585 τῆς
3464 3514 3764 3591 συμπαθείας

2143 3611 2283 3687 παρὰ
2340 3614 2446 3665 τῶν
2486 3607 2602 3664 λίαν
2646 3608 2969 3681 ἆωμπαθῶν
3023 3605 3262 3686 δέχεται,
3296 3608 3400 3664 Τὸν
3458 3605 3635 3681 μέντοι
3667 3622 3766 3677 μαο

2141 3700 2322 3777 κάριον
2402 3695 2681 3754 ’Λειθαλᾶν
2755 3696 3051 3769 ἐμπνέοντα
3132 3695 3206 3753 ἔτι
3280 3701 3359 3769 τῷ
3441 3690 3765 3770 δεσμωτηρίῳ

2142 3785 2503 3865 παραδιδοῦσι,
2544 3788 2734 3843 Μαθὼν
2780 3784 2836 3841 δέ
2888 3807 3003 3841 τινα
3053 3787 3082 3841 6
3112 3783 3365 3851 δικαστὴς
3401 3783 3630 3864 ἄρχοντα
3667 3785 3762 3836 τῶν

2143 3877 2405 3954 μεγίστων
2446 3874 2715 3952 Σαϐώριον
2768 3874 2996 3947 τοῦνομα
3167 3875 3325 3930 αὒτοῠ
3382 3875 3543 3949 κώμῃ
3599 3866 3762 3927 ἐπιδε-

2142 3964 2462 4041 δημηκέναι,
2537 3962 2904 4042 Μαρκελλαρία
2975 3961 3108 4030 αὕτη
3166 3961 3382 4041 ἐλέγετο
3436 3961 3759 4042 φερωνύμωε,

2142 4055 2314 4129 τούτῳ
2354 4040 2452 4122 τὴν
2518 4040 2634 4109 τῶν
2681 4040 2956 4130 μαρτύρων
3001 4050 3236 4118 ἐξέτασιν
3290 4040 3580 4132 ἐπιτρέπει.
3619 4040 3669 4106 ’0
3714 4044 3761 4100 δὲ

2142 4156 2261 4208 τοῖς
2305 4140 2660 4223 προλαϐοῦσιι
2691 4143 2889 4217 ὁμοίως
2943 4141 3089 4221 ἔχων
3134 4139 3373 4203 ἀσεϐείας
3406 4142 3492 4199 καὶ
3522 4137 3758 4218 ἀγριότη-

2141 4254 2252 4307 τος,
2299 4229 2609 4306 ἀποϐλέψας
2662 4233 2793 4309 πρὸς
2849 4232 2970 4296 τοὺς
3027 4231 3229 4310 ἁγίους,
3294 4232 3392 4288 Καὶ
3434 4231 3533 4297 τὴν
3584 4224 3757 4284 πολιὰν

2143 4323 2311 4400 δμῶν,
2359 4325 2533 4394 εἶπεν,
2572 4318 2875 4394 αἶδούμενος
2922 4323 3017 4376 καὶ
3052 4325 3149 4387 τῆς
3193 4318 3553 4399 ταλαιπωρίας
3583 4312 3760 4373 οἰκτεί-

2143 4432 2247 4484 ρων
2304 4411 2435 4483 ὒμᾶς
2486 4409 2727 4487 παραινῶ
2780 4414 3140 4485 προσκυνῆσαι
3196 4407 3332 4482 ἡλίῳ
3404 4409 3500 4464 καί
3571 4404 3658 4462 τοῦ
3707 4400 3759 4456 ἐκ

421 4485 594 4545 stetis
623 4490 977 4564 sanguinem
1004 4484 1534 4561 sacriticiorum,ut
1562 4501 1597 4543 a
1628 4492 1817 4545 morte
1843 4486 2055 4550 acerba

2145 4504 2245 4555 τῶν
2302 4503 2491 4555 θυσιῶν
2548 4497 2780 4573 αἳματος
2823 4498 3211 4574 ἀπογεύσασθαι
3257 4495 3349 4554 ἵνα
3392 4494 3576 4575 πικροῦ
3613 4490 3756 4549 θανάο

419 4570 653 4634 liberati
712 4572 991 4633 omnibus
1015 4570 1345 4650 jucundam
1405 4572 1581 4632 vitam
1645 4572 2055 4640 lucrifaciatis.

423 4656 622 4720 Sancti
653 4667 850 4721 autem
882 4668 1161 4735 tauquam
1195 4678 1313 4719 uno
1343 4678 1446 4720 ore
1476 4660 1758 4722 dixerunt
1792 4682 1804 4721 :
1848 4662 2054 4726 Carni-

424 4746 578 4808 voris
601 4748 848 4810 canibus
902 4766 1030 4809 mos
1087 4757 1174 4809 est
1221 4750 1570 4827 sanguinem
1615 4758 1873 4827 gustare,
1939 4772 2059 4817 non

424 4835 930 4925 bo_minibus.Tibi
964 4855 1100 4898 vero
1132 4838 1328 4918 potius
1352 4839 1627 4900 convenit
1652 4839 1723 4900 iis
1756 4843 2058 4925 exsatiari,

423 4923 523 5003 qui
548 4942 611 4986 es
638 4925 824 4988 instar
852 4927 1016 4989 canis
1046 4927 1342 5001 rabiosus,
1381 4938 1438 4989 et
1470 4928 1666 5002 latras,
1703 4937 1762 4990 et
1792 4923 2063 4998 efferaris

421 5011 484 5074 in
515 5030 649 5075 eum
683 5015 784 5097 qui
817 5025 873 5077 te
905 5015 1068 5079 fecit.

502 5103 708 5167 XXVI.
758 5110 1080 5185 Postquam
1135 5116 1334 5170 autem
1389 5108 1830 5187 jussitsanctos
1860 5113 2056 5192 ﬂagris

422 5192 593 5264 caedi,
656 5212 858 5256 eorum
922 5196 1301 5258 misericodia
1355 5197 1518 5267 moti,
1576 5198 1676 5276 qui
1707 5199 2057 5265 circumsta-

418 5279 600 5371 bant:
633 5282 1014 5359 Decoctione,
1051 5285 1351 5363 dicebant,
1385 5295 1620 5362 gustata
1652 5287 1781 5349 loco
1809 5294 2052 5371 sangui-

2138 4608 2233 4643 του
2289 4587 2555 4666 ῥυσθέντες
2609 4587 2706 4654 τὴν
2767 4585 3023 4665 γλυκεῖαν
3084 4592 3212 4642 πᾶσι
3261 4586 3403 4656 ζωὴν
3458 4582 3753 4660 κερδήσητε.

2141 4678 2202 4735 Οἱ
2232 4675 2369 4754 ἅγιοι
2396 4678 2470 4737 ὡς
2500 4675 2554 4741 ἐξ
2587 4675 2702 4738 ἐνὸς
2736 4676 2997 4751 στόματος
3048 4676 3179 4753 πρὸς
3225 4674 3406 4747 αὖτδνν
3467 4683 3590 4736 Τοῖς
3635 4688 3755 4743 "P-

2143 4765 2406 4845 κοόόροις,
2441 4766 2623 4838 εἶπον,
2657 4765 2883 4821 εἴθισται
2911 4765 3058 4821 κυσὶν
3114 4762 3347 4839 αίματος
3405 4761 3750 4840 ἀπογεύεσθαι,

2141 4855 2235 4911 οὒκ
2264 4854 2576 4930 ἀνθρώποις.
2628 4855 2718 4909 Σοὶ
2776 4852 2831 4908 δὲ
2891 4851 3093 4927 μᾶλλον
3151 4853 3495 4932 ἐμφορεῖσθαι
3526 4847 3752 4907 τοιούτων

2141 4944 2398 5020 προσήκει
2445 4944 2596 5005 κυνὸς
2653 4941 2836 5021 ἔχοντι
2879 4940 3101 5016 λύσσαν,
3154 4943 3242 4997 καὶ
3279 4948 3371 4998 τοῦ
3418 4936 3752 5005 πεποιηκότος

2141 5030 2552 5090 καθυλακτοῦντι
2583 5033 2670 5087 καὶ
2701 5031 3044 5109 ἀγριαίνοντι,

2223 5121 2377 5196 [ις’.
2426 5114 2517 5185 Ὠς
2575 5118 2629 5176 δὲ
2689 5106 2783 5177 κανὶί
2833 5122 3169 5195 μαστίζεσθαι
3227 5122 3349 5185 τοὺς
3421 5120 3595 5197 ἁγίους
3652 5106 3753 5167 ἐκέ-

2137 5209 2337 5290 λευεν,
2368 5209 2517 5266 ἔλεον
2559 5207 2711 5276 δῆθεν
2763 5210 2932 5264 αὒτῶν
2989 5211 3036 5266 οἱ
3093 5210 3494 5277 περιεστηκότες
3554 5196 3745 5290 Ααμῦέτ

2136 5286 2340 5380 νοντες,
2400 5297 2738 5375 Ἐψήματος,
2786 5297 2995 5377 ἔλεγον,
3054 5298 3169 5356 ἀντὶ
3229 5299 3461 5373 αἵματος
3508 5293 3635 5350 κατὰ
3693 5286 3746 5339 τὸ

420 5368 537 5467 nis,
570 5376 907 5443 servemini,
945 5382 1003 5434 et
1032 5374 1370 5435 liberemini
1393 5375 1465 5435 ab
1490 5375 1563 5435 iis
1591 5394 1726 5455 quae
1749 5368 2051 5443 vobis'im-

2145 5368 2389 5446 λανθάνον
2448 5368 2902 5465 ἀπογευσάμενοι.
2930 5368 3160 5468 σιίῖθητε,
3226 5368 3311 5445 καί
3371 5394 3472 5445 τῶν
3528 5383 3744 5453 ἐπηρτη-

425 5460 671 5556 minent,
698 5460 1315 5556 suppliciis:_ll|i_vero
1346 5463 1820 5541 responderunt:
1858 5471 2048 5549 Absit,

2145 5478 2310 5551 μένων
2368 5460 2732 5555 ἆπαλλάγητε-
2772 5484 3065 5555 τιμωριῶν,
3145 5460 3203 5536 bi
3259 5476 3336 5556 δὲ,
3418 5475 3501 5541 Μὴ
3560 5469 3744 5556 γένοιτρ

423 5553 485 5601 ιιι
518 5544 602 5604 vol
626 5554 818 5623 gustu,
856 5549 941 5646 vel
976 5549 1094 5646 ullo
1124 5548 1241 5610 alio
1274 5551 1447 5611 modo
1480 5551 1863 5631 inquinemus
1891 5544 2053 5635 puri-

2145 5544 2293 5642 thIV,
2347 5544 2711 5643 ἀπεκρίναντο,
2771 5544 2928 5642 μήτέ
2967 5567 3212 5646 σχήματι
3273 5544 3411 5638 uti,“
3481 5544 3644 5619 ἄλλως
3686 5550 3740 5607 τὸ

415 5637 571 5691 atem
601 5642 824 5694 nostra;
854 5634 1017 5717 ﬁdei,
1053 5645 1112 5700 et
1138 5639 1288 5701 hanc
1317 5637 1642 5720 longaevam
1679 5634 2047 5711 senectutem

2145 5634 2357 5738 καθαρὸν
2409 5634 2744 5734 ὶήλυγάσαι
2771 5634 2783 5642 ’
2808 5653 2904 5722 τῆς
3142 5634 3369 5721 πίστεως
3412 5652 3497 5711 καὶ
3540 5648 3598 5706 τὸ
3642 5659 3736 5701 πο·
