4048 6136
338 345 456 413 857

1241 345 1656 409 CERTAMEN
1701 343 1764 408 S.
1810 341 2203 407 AGEPSIME
2246 343 2344 407 ET
2387 340 2787 409 SOCIORUM.

3576 342 3694 411 858

335 481 626 564 λυχρόνιον
680 486 838 540 τοῦτο
885 502 1236 561 καταισχυναι
1282 482 1474 559 γῆρας.
1539 470 1597 537 Ὀ
1643 477 1698 536 δὲ
1731 475 1967 542 ποικίλος

2059 475 2356 541 dedecore
2383 478 2733 543 afﬁciamus.
2766 481 3058 546 Versutus
3091 487 3288 544 autem
3337 480 3440 543 ille
3469 496 3693 562 praeses

335 571 525 653 ἅρχων
585 570 792 636 ἐκεῖνος
850 574 935 628 καὶ
993 569 1187 646 κομιδῆ
1243 571 1501 645 πονηρὸς,
1560 568 1709 625 Ἀλλ’
1744 570 1788 624 εἱ
1817 567 1967 640 κρέας

2061 576 2118 627 et
2146 567 2467 631 admodum
2524 572 2711 633 malus
2745 594 2759 635 :
2799 573 2875 634 At
2917 573 2967 635 si
3016 573 3088 634 ad
3139 590 3266 647 vos,
3299 570 3510 651 inquit,
3547 585 3694 647 pura

332 664 487 737 ὑμῖν,
542 660 670 740 ἔφη,
730 663 958 739 καθαρὸν
1005 661 1276 739 ἒνεχθείη,
1325 656 1441 715 οὐδὲ
1484 659 1669 716 τούτου
1727 656 1789 713 ἂν
1839 659 1973 715 ἀπο-

327 754 597 829 γεύσοισθε
633 767 649 825 ;
696 751 756 807 Οἱ
813 749 955 829 ἅγιοι
1013 749 1175 805 εἶπον
1208 767 1220 780 ·
1257 746 1347 813 ἘΞ
1392 749 1685 825 ἀκαθάρτου
1715 747 1765 803 τί
1801 750 1969 804 καθα-

326 843 442 919 ρὸν,
491 841 581 897 καὶ
623 839 685 895 ἐκ
739 844 941 918 χειρῶν
997 843 1105 895 σῶν
1161 843 1265 893 τῶν
1310 837 1728 913 μεμολυσμένων
1760 838 1808 893 τί
1839 857 1967 893 ποτε

326 929 390 987 ἂν
447 928 741 1005 ἁμόλυντον
783 930 868 1008 ᾗς
930 934 1123 984 Πισῶν
1177 928 1349 983 τοίνυν
1408 929 1512 983 τῶν
1569 930 1824 984 τοιούτων
1882 945 1965 980 σοι

336 1023 598 1099 μηχανῶν
629 1017 889 1096 ἀφέμενος
918 1018 1156 1097 ταχεῖαν
1208 1019 1307 1084 τὴν
1338 1016 1455 1074 καθ’
1486 1019 1639 1092 ἡμῶν
1698 1016 1963 1095 ἀπόφασιν

329 1107 633 1185 ἐπενεγκεῖν
691 1107 1063 1185 προθυμήθητι
1102 1121 1115 1136 ⁸
1177 1105 1295 1173 εἶκῆ
1352 1107 1452 1184 γὰρ
1483 1111 1695 1179 κοπιᾷς,
1732 1106 1804 1170 ei;
1835 1103 1964 1182 ἀέρα

322 1194 486 1275 δέρων
548 1198 637 1252 καὶ
692 1196 861 1252 παίων
920 1195 1137 1258 ἀμαθῶς
1193 1196 1285 1249 τὸν
1319 1192 1614 1270 αδείμαντα.
1653 1198 1817 1260 Κοινῆ
1847 1216 1961 1250 τοι·

322 1293 518 1363 γαροῦν
574 1285 711 1349 μετὰ
769 1284 876 1340 τῶν
943 1281 1350 1358 συνεδρευόντων
1438 1281 1853 1359 διασκεψάμενοί
1907 1304 1965 1339 τε

321 1375 414 1429 καὶ
444 1373 803 1454 ψηφισάμενοι
835 1375 989 1453 χερσὶ
1022 1371 1348 1449 Χριστιανῶν
1396 1374 1516 1438 τοὺς
1569 1374 1745 1450 ἁγίους
1802 1393 1967 1428 κατα-

320 1462 611 1531 λευσθῆναι
665 1461 867 1530 πλῆθος
951 1462 1276 1538 Χριστιανῶν
1356 1462 1744 1540 συναθροίζουσι
1773 1509 1789 1534 ,
1847 1459 1962 1536 μεθ’

318 1552 403 1609 ὧν
459 1553 547 1608 καὶ
602 1551 701 1619 τὴν
762 1553 1059 1627 θαυμασίαν
1132 1548 1427 1609 κατέλαϐον
1488 1549 1803 1613 ’[σδάνδουλ,
1869 1551 1965 1608 Καὶ

329 1640 469 1710 δῆλα
524 1642 616 1697 τὸν
670 1641 931 1721 μακάριον
1006 1638 1205 1719 Ἰωσὴφ
1277 1639 1436 1697 πάλιν
1495 1638 1961 1714 διαϐαστάσαντες,

328 1732 406 1795 εἰς
463 1730 523 1787 τὸ
578 1732 851 1808 κριτήριον
907 1736 1226 1809 παριστῶσι.
1289 1729 1439 1786 Νεύει
1494 1730 1583 1785 οὖν
1632 1736 1707 1804 τῷ
1733 1729 1964 1807 ἡγεμόνι

2057 672 2195 743 caro
2211 657 2389 718 fuerit
2409 659 2607 741 allata,
2644 679 2716 722 ne
2744 681 2872 725 eam
2906 662 3142 743 quidem
3175 658 3518 740 gustabitis?
3539 655 3689 721 San-

2056 742 2135 804 cti
2160 744 2478 807 dixerunt:
2524 748 2604 809 Ex
2640 742 2946 814 immundo
2971 750 3252 832 quidnam
3288 747 3599 821 mundum,
3635 753 3692 809 et

2056 848 2124 891 ex
2159 832 2398 911 pollutis
2435 836 2548 897 tuis
2589 839 2856 901 manibus
2886 840 3169 920 quidnam
3199 838 3378 901 fuerit
3406 837 3689 917 impollu-

2053 925 2178 981 tum
2202 920 2227 984 ἲ
2250 920 2542 987 Omnibus
2572 944 2713 1004 ergo
2738 930 2932 990 missis
2960 930 3055 991 his
3085 931 3201 990 tuis
3228 926 3690 990 machinationi-

2052 1009 2184 1083 bus,
2212 1011 2274 1073 in
2310 1031 2418 1075 nos
2447 1016 2594 1078 velis
2614 1018 2729 1079 cito
2763 1019 3027 1098 proferre
3060 1016 3690 1082 sententiam.Frustra

2050 1100 2208 1160 enim
2241 1100 2476 1164 laboras
2508 1122 2707 1169 acrem
2738 1108 3082 1185 verberans,
3134 1116 3191 1171 et
3250 1126 3356 1190 per
3387 1105 3685 1169 inscitiam

2049 1205 2184 1249 eum
2234 1191 2496 1271 pulsans,
2530 1195 2632 1273 qui
2689 1215 2807 1259 non
2859 1206 3049 1279 potest
3079 1197 3329 1261 domari.
3363 1196 3508 1259 Cum
3542 1212 3685 1276 ergo

2047 1286 2429 1342 communiter
2461 1301 2591 1344 cum
2620 1290 2690 1345 iis
2715 1291 2813 1362 qui
2842 1289 3683 1356 considebant,consultassent,

2050 1376 2108 1429 et
2138 1368 2413 1433 tulissent
2444 1375 2825 1451 sententiam,
2861 1386 2925 1438 ut
2973 1378 3163 1441 sancti
3215 1378 3684 1442 Christianorum

2050 1456 2321 1519 manibus
2340 1457 2743 1526 obruerentur
2763 1465 3080 1545 lapidibus,
3100 1474 3459 1545 congregant
3479 1464 3683 1528 Chris-

2050 1545 2341 1637 tianorum
2371 1550 2830 1631 multitudinem,
2867 1574 3000 1617 cum
3035 1556 3248 1637 quibus
3278 1554 3682 1635 comprehen-

2049 1634 2265 1697 derunt
2283 1637 2457 1699 etiam
2479 1639 2893 1706 admirabilem
2926 1634 3086 1708 illam
3108 1644 3388 1709 Isdandul
3465 1653 3525 1708 et
3545 1659 3679 1705 cum

2051 1723 2290 1816 beatum
2323 1728 2542 1809 Ioseph
2572 1748 2781 1795 rursus
2832 1743 3263 1816 exportassent,
3296 1734 3514 1795 sistunt
3544 1750 3683 1793 eum

324 1820 361 1877 ὅ
416 1819 568 1898 ἅγιος
610 1821 743 1897 πρὸς
787 1821 944 1876 αὐτὸν
1000 1820 1206 1899 ἒγγίσαι
1262 1817 1334 1885 ὥς
1375 1840 1426 1874 τι
1485 1824 1591 1875 τῶν
1654 1817 1965 1897 ἀπορρήτων

2049 1812 2110 1874 in
2142 1817 2436 1895 prauorio.
2471 1817 2723 1885 Sanctus
2753 1812 2947 1886 autem
2982 1826 3191 1889 annuit
3220 1822 3483 1903 prasidi,
3512 1829 3576 1883 ut
3609 1820 3684 1883 ad

324 1909 697 1985 ἀκουσομένῳ.
769 1909 873 1967 Τοῦ
954 1908 1008 1965 δὲ
1099 1908 1287 1971 εὐθέως
1373 1907 1805 1986 παραγενομένου
1877 1910 1965 1965 καὶ

324 1997 749 2073 πλησιάσαντος,
790 1996 967 2055 σιέλου
1018 1999 1079 2054 τὸ
1123 1998 1296 2073 στόμα
1344 1996 1633 2069 πληρώσας
1666 1999 1694 2054 ὁ
1738 1997 1958 2074 μάρτυς,

319 2092 422 2144 τοῦ
451 2094 641 2167 μιαροῦ
670 2086 867 2144 ἐκείνου
910 2087 1200 2144 καταπτύει
1251 2086 1559 2164 προσώπου,
1616 2087 1722 2143 Οὔκ
1768 2086 1963 2166 αἰσχύ-

318 2197 429 2256 νει,
474 2176 733 2251 ἐπειπὼν,
793 2175 1154 2251 ἆναιδέστατε,
1201 2176 1395 2255 ἀγρίως
1448 2175 1586 2231 οὕτω
1640 2177 1728 2232 καὶ
1762 2173 1961 2250 δυσμε-

318 2271 430 2330 νῶς
474 2267 611 2323 κατὰ
655 2267 752 2335 τῆς
812 2267 995 2335 κοινῆς
1048 2268 1244 2333 ταύτης
1302 2263 1697 2341 νεανιευόμενος
1755 2266 1962 2343 φύσεως

316 2356 415 2411 καὶ
484 2356 641 2432 σῶμα
723 2354 826 2424 ἤδη
901 2355 1292 2434 νενεκρωμένον
1371 2356 1516 2420 αὖθις
1581 2356 1653 2420 εἷς
1728 2353 1963 2421 ἐξέτασιν

322 2440 526 2522 ἄγωνς
582 2448 643 2503 Ὃ
703 2443 757 2501 δὲ
809 2448 897 2503 καὶ
956 2447 1096 2523 παρᾶ
1150 2447 1256 2500 τῶν
1326 2442 1738 2521 συνεδρευόντων
1787 2443 1963 2501 πολλὰ

319 2538 429 2600 τῆς
484 2537 736 2613 πέριττῆς
790 2536 988 2602 ταύτης
1046 2535 1330 2610 ὠμότητος
1390 2531 1798 2600 κατονειδισθεῗς
1865 2533 1962 2591 καί

319 2621 537 2701 γέλωτα
579 2622 696 2681 ούδὲ
746 2623 868 2681 ὅσον
930 2626 1101 2681 εἰπεῖν
1172 2622 1411 2703 ὀφλήσεις
1484 2625 1616 2703 πρὸς
1667 2624 1764 2691 τὴν
1829 2622 1962 2680 ἰδίαν

316 2712 485 2769 πάλιν
511 2712 763 2793 καθέδραν
789 2712 1104 2792 ὑποστρέφει
1134 2713 1609 2793 κατῃσχυμμένος.

404 2890 528 2951 KZ’.
576 2893 674 2951 Τὸν
718 2889 773 2948 δὲ
814 2892 966 2971 ἅγιον
1025 2891 1340 2971 πορρωτέρω
1407 2913 1508 2949 που
1578 2890 1956 2961 διαστήσαντες

313 2979 417 3036 καΐ
459 2981 629 3038 ὀπίσω
658 2981 736 3038 τὼ
765 2997 921 3062 χεῖρε
951 2979 1311 3058 δεσμήσαντες
1344 2979 1530 3061 βόθρον
1574 2982 1715 3055 αύτῷ
1746 2978 1955 3059 διορύσ-

309 3090 489 3145 σουσι,
546 3071 635 3128 καὶ
684 3070 931 3133 καθέντες
989 3072 1185 3150 μέχρις
1228 3070 1416 3151 ὀσφύος
1478 3072 1634 3127 αύτὸν
1675 3071 1953 3150 χωννύου-

311 3181 422 3221 σιν.
476 3159 614 3216 Εἶτα
675 3160 800 3224 τοὺς
857 3158 1252 3239 συλληφθέντας
1335 3166 1637 3239 περιιστῶσι
1698 3168 2012 3246 Χριστιαοο

308 3248 459 3327 νοὺς,
531 3249 621 3305 καὶ
703 3249 947 3311 παίοντες
1022 3246 1240 3324 βάλλειν
1317 3251 1408 3305 τὸν
1492 3247 1728 3323 ἀοίδιμον
1791 3250 1952 3314 λίθοις

311 3335 692 3397 διεκελεύοντο.
758 3336 886 3394 Μεθ’
930 3338 1005 3394 ῶν
1047 3338 1134 3392 καὶ
1175 3339 1273 3405 τὴν
1328 3339 1472 3417 ἱερὰν
1534 3336 1831 3396 ’[σδανδοὺλ
1886 3340 1954 3394 τὰ

317 3425 483 3500 ὅμοια
519 3440 693 3484 ποιεῖν
746 3425 1090 3505 ἐπειγόντων,
1138 3425 1312 3495 ἐκείνη
1342 3475 1358 3507 ,
1405 3425 1540 3484 Ἀπὸ
1589 3435 1677 3485 τοῦ
1734 3431 1947 3509 αἰῶνος,

314 3515 446 3595 ἔφη,
478 3514 622 3575 οὐδὲν
651 3515 903 3585 ήκουσται
931 3524 1194 3597 τοιοῦτον,
1227 3517 1364 3574 ὥστε
1422 3521 1652 3595 γυναῖκα
1687 3516 1807 3575 κατ’
1853 3519 1953 3573 ἀνω

309 3602 449 3682 δρῶν
491 3605 650 3662 ὁσίων
698 3618 862 3686 χεῖρα
905 3605 1153 3663 ἐκτείνειν
1207 3606 1717 3687 καταναγκάζεσθαι,
1771 3608 1951 3687 ὥσπερ

307 3701 403 3751 νῦν
445 3695 601 3770 ὑμεῖς
662 3708 891 3769 ποιεῖτε,
938 3696 1306 3775 ἆποσχόμενοι
1367 3696 1465 3771 μὲν
1522 3702 1613 3751 τοῦ
1668 3697 1804 3752 κατὰ
1848 3704 1951 3753 τῶν

308 3784 522 3863 ἐχθρῶν
577 3784 917 3863 ἀγωνίζεσθαι
974 3785 1089 3842 καθ’
1147 3784 1303 3860 ἣμῶν
1358 3776 1601 3863 αίροντες
1665 3785 1803 3842 ὅπλα
1866 3788 1953 3842 καὶ

307 3873 413 3941 τήν
466 3872 689 3953 πατρίδα
746 3875 962 3951 εἰρήνην
1006 3874 1237 3951 ἄγουσαν
1300 3875 1537 3947 αἱμάτων
1597 3876 1686 3933 καὶ
1737 3875 1950 3955 σφαγῶν

309 3962 712 4036 ἔμπιπλῶντες.
746 3965 807 4021 Oi
843 3963 895 4018 δὲ
939 3962 1209 4020 ὀϐελίσκον
1267 3969 1455 4039 μακρῷ
1510 3962 1736 4037 καλάμῳ
1772 3986 1948 4042 παρα-

308 4050 677 4127 δεσμήσαντες
719 4065 928 4109 κεντεῖν
988 4055 1127 4125 αὒτῷ
1196 4053 1287 4108 τὸν
1358 4052 1510 4130 ἅγιον
1564 4050 1945 4114 διεκελεύοντο.

308 4141 567 4220 Κάκείνη,
599 4142 682 4203 M-‘r.
720 4140 924 4220 γένοιτό
969 4164 1085 4217 μοι,
1119 4141 1245 4222 ἔφη,
1310 4139 1492 4220 δρᾶσαι
1538 4144 1776 4199 τοιοῦτον
1811 4157 1825 4171 ⁸
1874 4145 1946 4206 ὡς

304 4229 480 4308 ἔγωγε
540 4230 706 4299 ἡδέως
762 4231 826 4286 ἃν
867 4232 1120 4309 πρότερον
1167 4237 1234 4307 τῇ
1290 4231 1395 4307 ἐμῇ
1437 4229 1619 4309 καρδίᾳ
1664 4240 1817 4291 τοῦτο
1847 4230 1942 4289 ἐκ·

302 4318 708 4394 καταπλήξαιμι
758 4319 795 4388 ἢ
868 4322 996 4398 πρὸς
1066 4322 1240 4400 βραχὺ
1310 4328 1403 4377 τοῦ
1456 4321 1605 4396 ἁγίου
1662 4319 1732 4375 δι’
1787 4325 1943 4381 αὐτοῦ

302 4414 496 4486 ψαύσω
525 4408 794 4481 σώματος.
831 4407 1008 4473 Οὕτως
1037 4411 1073 4476 ἡ
1133 4409 1231 4482 μὲν
1269 4403 1519 4487 ἀνδρικὴν
1572 4408 1939 4485 ἐπιδειξαμένη

2048 1921 2115 1996 se
2145 1905 2389 1967 accedat
2420 1911 2681 1989 prapius,
2718 1929 2784 1974 ut
2836 1916 2938 1996 qui
2965 1933 3244 1977 arcanum
3276 1911 3500 1993 aliquid
3530 1916 3687 1973 esset

2049 1992 2123 2053 ab
2170 2011 2240 2055 eo
2273 1996 2608 2064 auditurus.
2644 2000 2789 2064 Cum
2841 1992 2888 2066 is
2938 2023 3077 2067 vero
3108 2003 3303 2067 statim
3334 1992 3683 2065 accessisset

2047 2083 2316 2172 propius,
2350 2095 2571 2168 martyr
2599 2108 2665 2151 os
2697 2094 2948 2172 implens
2991 2094 3197 2168 saliva,
3247 2088 3680 2154 exsecrandum

2045 2170 2209 2262 illum
2246 2173 2465 2236 vultum
2498 2170 2796 2258 conspuit,
2828 2190 2886 2244 et
2919 2203 2936 2244 :
2964 2182 3093 2244 Non
3123 2190 3181 2244 te
3230 2181 3429 2262 pudet.
3458 2176 3707 2255 inquit,‘

2046 2279 2081 2321 o
2111 2260 2778 2343 impudentissime,tam
2801 2271 3143 2334 immaniter
3164 2282 3220 2333 et
3234 2260 3354 2333 tam
3386 2266 3683 2331 hostiliter

2044 2348 2107 2410 in
2138 2350 2292 2413 hanc
2323 2370 2701 2418 communem
2735 2359 3022 2423 insultare
3054 2369 3347 2438 naturam,
3381 2367 3441 2421 et
3467 2374 3683 2437 corpus

2036 2438 2161 2530 jam
2194 2449 2389 2530 morte
2415 2443 2712 2526 affectum,
2746 2466 2953 2511 rursus
2984 2449 3317 2530 producere
3347 2450 3419 2509 ad
3452 2445 3681 2506 exami-

2045 2528 2344 2619 nationem
2371 2529 2396 2592 ἲ
2425 2530 2533 2595 Ille
2563 2543 2756 2598 autem
2787 2537 2862 2602 ab
2895 2538 2968 2600 iis
2991 2528 3368 2619 quoque,qui
3396 2533 3679 2597 conside-

2044 2615 2207 2692 bant,
2237 2629 2483 2699 propter
2518 2622 2670 2685 hanc
2700 2625 2946 2687 nimiam
2996 2615 3407 2690 crudelitatem
3442 2621 3679 2704 probris

2043 2706 2311 2783 affectus,
2344 2720 2401 2769 et
2438 2711 2771 2775 mirandum
2805 2716 2865 2776 in
2900 2718 3141 2779 modum
3164 2713 3478 2791 irrisus,ad
3507 2727 3674 2774 suam

2043 2796 2382 2859 cathedram
2414 2799 2569 2862 redit
2599 2804 2823 2882 pudore
2853 2806 3116 2870 aﬂ'ectus.

2123 2885 2358 2950 XXVII.
2392 2891 2538 2953 Cum
2569 2898 2768 2954 autem
2811 2906 3081 2957 sanctum
3115 2894 3287 2974 paulo
3320 2891 3551 2972 longius
3575 2891 3674 2953 di-

2043 2975 2387 3053 movissent,
2425 2988 2484 3040 et
2536 2998 2746 3044 manus
2803 2980 2957 3063 pone
2989 2984 3333 3056 vinxissent,
3367 2982 3585 3043 fossam
3617 2980 3677 3043 ei

2038 3063 2354 3152 fodiunt,et
2381 3087 2515 3130 eum
2547 3069 2619 3132 ad
2652 3072 2889 3137 lumbos
2925 3093 3114 3152 usque
3136 3073 3482 3146 demissum,
3514 3070 3674 3132 info-

2038 3151 2227 3213 diunt.
2264 3153 2491 3218 Deinde
2521 3162 2991 3239 comprehensos
3018 3151 3483 3225 circumsistunt
3505 3159 3671 3223 Chri-

2036 3245 2284 3315 stianos,
2320 3256 2379 3306 et
2402 3246 2728 3331 pulsantes,
2754 3251 2968 3330 jubent
3016 3269 3121 3314 eos
3165 3253 3352 3314 virum
3384 3250 3669 3331 inclytum

2036 3350 2302 3407 appetere
2332 3340 2641 3411 lapidibus.
2663 3344 2801 3401 Cum
2834 3348 3044 3417 quibus
3073 3354 3494 3405 sacrosanctam
3528 3358 3673 3416 quo-

2034 3439 2150 3501 que
2180 3422 2558 3501 Isdandul,ut
2586 3428 2807 3492 similia
2836 3432 3077 3503 faceret,
3114 3430 3484 3511 urgentibus,
3518 3429 3667 3491 dixit

2032 3511 2166 3573 illa:
2192 3511 2350 3577 Nihil
2392 3535 2650 3598 unquam
2689 3538 2723 3580 a
2752 3523 2967 3583 sasculo
2998 3523 3114 3583 tale
3140 3522 3248 3583 fuit
3275 3520 3568 3597 auditum,
3604 3526 3667 3579 ut

2036 3609 2277 3679 cogatur
2302 3604 2524 3667 femina
2555 3608 2878 3670 extendere
2923 3629 3164 3672 manum
3197 3610 3481 3672 adversus
3509 3608 3669 3668 viros

2035 3697 2294 3779 sanctos,
2325 3694 2623 3771 quomodo
2655 3715 2757 3758 vos
2793 3715 2946 3760 nunc
2993 3699 3207 3772 facitis,
3256 3698 3352 3779 qui
3383 3697 3668 3758 adversus

2036 3776 2312 3841 inimicos
2328 3781 2568 3861 quidem
2595 3803 2711 3845 non
2732 3785 3138 3861 decertatis,in
3155 3806 3262 3850 nos
3277 3776 3479 3849 autem
3504 3803 3663 3850 arma

2038 3867 2264 3959 tollitis,
2302 3879 2360 3931 et
2394 3872 2803 3953 patriam,qua:
2835 3875 2996 3954 degit
3027 3878 3087 3940 in
3118 3876 3579 3959 pace,sanguine
3608 3881 3667 3936 et

2034 3957 2196 4019 caede
2227 3959 2505 4041 impletis.
2537 3962 2628 4024 llli
2658 3982 2794 4024 vero
2827 3966 3092 4029 obelisco
3120 3957 3338 4046 ilonga)
3384 3964 3665 4028 arundini

2032 4046 2374 4137 alligato,eo
2405 4059 2676 4113 sanctum
2710 4072 2972 4133 pungere
3003 4056 3397 4137 imperabant.
3435 4054 3537 4117 [lla
3561 4073 3662 4115 au-

2032 4146 2151 4197 tem
2184 4153 2196 4195 :
2232 4136 2421 4212 Absit,
2455 4140 2666 4222 inquit,
2701 4149 2767 4202 ut
2796 4160 2905 4222 ego
2935 4143 2992 4205 id
3025 4136 3261 4207 iaciam.
3289 4144 3431 4207 Nam
3465 4162 3571 4223 ego
3602 4142 3658 4203 id

2030 4224 2193 4305 prius
2217 4226 2476 4290 libenter
2491 4231 2653 4291 cordi
2677 4249 2809 4293 meo
2833 4233 3097 4309 afﬁxero,
3137 4254 3309 4315 quam
3338 4252 3447 4313 per
3466 4234 3660 4313 ipsum

2024 4329 2284 4378 sanctum
2316 4336 2524 4393 corpus
2558 4324 2642 4380 vel
2669 4326 2967 4382 minimum
2994 4330 3387 4400 attingam.Sic
3408 4328 3505 4384 illa
3532 4327 3660 4398 qui-

2023 4403 2157 4467 dem
2191 4405 2418 4467 virilem
2452 4410 2775 4471 ostendens
2798 4414 3209 4491 constantiam,
3231 4420 3548 4493 conspecta
3574 4419 3663 4472 est

300 4499 403 4568 τὴν
433 4497 696 4571 ἔνστασιν,
750 4499 1001 4574 κρείττων
1057 4497 1153 4565 τῆς
1206 4498 1437 4563 ἐπινοίας
1479 4498 1628 4565 ὤφθη
1659 4505 1763 4555 τῶν
1796 4523 1967 4582 μιαιη

2038 4495 2327 4556 )otentior
2348 4515 2522 4576 quam
2557 4498 2879 4577 cogitaram
2914 4502 3531 4582 parricidae.Sanctum
3564 4520 3662 4563 au-

297 4589 476 4668 φόνων
511 4603 526 4618 '
572 4588 663 4643 τὸν
690 4586 744 4643 δὲ
786 4587 940 4665 ἅγιον
970 4588 1249 4649 τοσαύταις
1298 4588 1473 4667 νιφάσι
1504 4587 1658 4644 λίθων
1691 4589 1933 4668 συνέχων·

300 4698 401 4734 σαν
428 4677 504 4740 ὡς
535 4677 707 4751 μόνην
752 4676 965 4753 ὁρᾶσθαι
1021 4676 1120 4743 τὴν
1177 4674 1436 4755 κεφαλὴν,
1482 4683 1571 4732 τοῦ
1608 4675 1796 4733 λοιποῦ
1826 4678 1940 4733 σώ-

302 4785 474 4841 ματος
531 4769 598 4841 τῇ
629 4764 822 4840 σωρεία
879 4771 983 4820 τῶν
1040 4763 1198 4821 λίθων
1230 4764 1704 4845 συγκεχωσμένου.
1743 4766 1846 4822 Ἤν
1875 4766 1939 4836 δή

304 4876 387 4918 τις
442 4855 550 4909 τῶν
606 4851 808 4909 ἀσεϐῶν
858 4853 1136 4931 ἀρχόντων
1188 4852 1264 4909 ἔτι
1321 4855 1638 4930 κινουμένην
1694 4857 1940 4933 ἑωρακὼς

305 4943 382 4999 ἑνὶ
437 4943 545 4999 τὼν
600 4939 804 5017 δημίων
863 4941 1063 4999 κελεύει
1123 4941 1460 5022 χειροπληθῆ
1521 4944 1661 5000 λίθον
1726 4942 1940 5000 λαϐόντι

304 5031 503 5088 ἄνωθεν
556 5033 690 5107 αὒτῇ
717 5029 1001 5111 ἐπαφεῖναι
1036 5047 1050 5063 ’
1082 5032 1142 5088 οὗ
1170 5031 1235 5099 δὴ
1284 5032 1568 5110 γενομένου
1598 5034 1683 5089 καὶ
1722 5039 1793 5106 τῷ
1848 5043 1941 5092 τοῦ

299 5119 445 5179 λίθου
499 5120 646 5199 βάρει
705 5119 884 5178 τέλεον
944 5125 1106 5187 αὖτῆς
1177 5118 1565 5197 συντριϐείσης,
1612 5125 1713 5189 τὴν
1759 5123 1938 5198 τιμίαν

298 5209 488 5289 ψυχὴν
543 5210 572 5264 ὀ
631 5209 889 5286 μακάριος
919 5217 997 5283 τῷ
1030 5217 1241 5286 Χριστῷ
1292 5210 1630 5288 παρατίθησι.
1677 5209 1936 5270 Φυλάκων

293 5299 463 5356 τοίνυν
519 5297 850 5363 ἔπιστασίαις
890 5301 952 5355 τὸ
1004 5298 1292 5375 πολύτιμον
1353 5299 1531 5357 ἐκεῖνο
1589 5300 1744 5374 σῶμα
1775 5302 1934 5357 καθά-

296 5410 394 5467 περ
447 5387 709 5463 θησαυρός
758 5409 840 5452 τις
899 5401 1262 5467 συνετηρεῖτο.
1314 5394 1480 5464 Τριῶν
1509 5386 1562 5445 δὲ
1618 5388 1933 5448 διελθουσῶν

294 5478 510 5557 ἡμερῶν
567 5481 654 5534 καὶ
698 5476 955 5556 τετάρτης
1007 5475 1109 5545 ἤδη
1162 5475 1679 5551 ἐπικαταλαϐούσης,
1714 5480 1931 5552 σεισμὸς

294 5567 460 5645 μέγας
519 5567 641 5630 οἶος
698 5569 786 5623 καὶ
847 5564 1070 5646 φοϐερὸς
1100 5569 1298 5645 γίνεται
1328 5584 1343 5599 ⁸
1388 5567 1493 5624 εἶθ’
1538 5566 1703 5632 οὕτως
1743 5569 1932 5646 ἀστρα-

298 5662 408 5715 πῶν
464 5654 902 5740 ύποφαινομένων
941 5657 1173 5737 βροντῶν
1223 5677 1277 5713 τε
1328 5660 1587 5737 μεγίστων
1650 5656 1932 5735 ἐπικαταρ-

2025 4590 2144 4644 tem
2178 4592 2292 4644 tam
2327 4586 2557 4647 crebris
2615 4588 2878 4667 lapidum
2933 4591 3165 4653 nivibus
3215 4593 3562 4670 obruerunt,
3596 4598 3659 4651 ut

2023 4683 2371 4761 cerneretur
2423 4675 2613 4735 solum
2648 4685 2846 4757 caput,
2881 4680 3111 4761 reliquo
3144 4699 3399 4761 corpore
3446 4681 3656 4742 obruto

2025 4757 2284 4837 lapidum
2305 4763 2778 4837 congerie.Quod
2802 4757 3039 4845 quidem
3064 4779 3239 4848 caput
3256 4757 3392 4831 cum
3417 4768 3658 4846 quidam

2025 4864 2093 4907 ex
2121 4848 2321 4927 impiis
2347 4851 2708 4931 principibus
2732 4855 2973 4917 vidisset
2994 4856 3189 4919 adhuc
3214 4858 3462 4930 moveri,
3491 4856 3656 4936 jubet

2022 4937 2122 4996 uni
2154 4956 2222 4997 ex
2254 4938 2583 5021 lictoribus,
2617 4949 2680 5003 ut
2712 4951 2956 5023 accepto
2993 4944 3210 5024 lapide.
3245 4954 3525 5027 quantum
3558 4964 3657 5025 po-

2021 5038 2161 5087 terat
2188 5045 2390 5088 manus
2412 5046 2637 5102 capere,
2670 5035 2725 5090 in
2754 5035 2808 5091 id
2839 5036 3083 5093 desu'er
3108 5039 3455 5095 immitteret.
3491 5038 3656 5105 Quod

2020 5115 2260 5195 quidem
2284 5135 2418 5179 cum
2440 5118 2655 5180 factum
2685 5129 2933 5194 esset,et
2958 5122 3221 5201 pondere
3242 5122 3456 5203 lapidis
3477 5132 3651 5203 caput

2022 5213 2182 5266 esset
2210 5208 2550 5288 contritum,
2582 5208 2789 5269 beatus
2835 5211 3069 5273 Christo
3120 5211 3296 5274 tradit
3329 5212 3649 5291 pretiosam

2017 5298 2301 5357 animam.
2327 5297 2527 5374 Atque
2554 5299 2948 5363 venerandum
2973 5300 3215 5380 quidem
3238 5302 3385 5362 illud
3409 5319 3647 5381 corpus,

2015 5383 2299 5447 adhibitis
2323 5386 2689 5463 custodibus,
2716 5389 3182 5451 conservabatur
3211 5398 3490 5468 tanquam
3515 5392 3649 5454 the-

2015 5491 2224 5534 saurus
2245 5475 2478 5555 aliquis.
2519 5475 2660 5539 Cum
2689 5484 2806 5539 tres
2833 5487 3027 5541 autem
3054 5479 3181 5541 dies
3204 5479 3646 5560 prasteriissent,

2015 5569 2073 5625 et
2092 5564 2209 5639 jam
2235 5563 2571 5628 advenisset
2589 5576 2853 5647 quartus,
2878 5568 3101 5631 exstitit
3132 5587 3375 5649 magnus
3393 5572 3648 5633 etterri»

2014 5653 2150 5720 bilis
2182 5664 2354 5718 terra:
2378 5663 2595 5720 motus.
2621 5655 2849 5723 Deinde
2875 5676 3007 5720 cum
3040 5658 3127 5721 sic
3155 5667 3509 5742 apparerent
3538 5659 3647 5727 ful-
