4022 6146
421 295 540 365 859

1669 307 2054 372 ADDENDA.
2100 339 2174 354 -—
2219 309 2540 373 APRILIS.

3659 310 3761 376 860

426 456 594 520 gnra,
629 446 687 502 et
737 439 991 506 maxima
1041 443 1299 507 tonitrua
1357 460 1489 506 cum
1523 444 1608 507 eis
1656 452 2062 526 erumperent,

2155 445 2490 525 ῥηγνυμένων
2552 445 2739 510 αὗταϊς
2797 452 2898 524 πῦρ
2946 446 3221 526 οὐρανόθεν
3273 446 3586 527 κατενεχθὲν
3637 447 3763 505 ἀπο-

426 530 585 610 ignis
616 550 648 593 e
680 534 830 595 caelo
853 535 1150 596 demissus
1172 534 1448 596 custodes
1487 535 1728 611 quidem
1764 535 1978 614 redigit
2009 537 2064 596 in

425 622 986 702 cineremJapidum
1021 643 1160 686 vero
1190 625 1529 702 congeriem
1567 624 1767 686 educit
1792 633 2066 706 tauquam

426 713 742 783 pulverem,
777 715 887 772 lleo
927 718 1198 774 omnibus
1235 717 1509 774 reddente
1561 716 1924 774 manifestum
1965 718 2067 774 ho-

428 814 636 857 norem
662 798 721 858 in
747 809 1057 880 martyrem
1088 821 1102 877 ;
1146 819 1362 880 corpus
1411 808 1608 862 autem
1645 819 1760 862 non
1794 809 2064 882 apparet,

429 903 536 947 seu
559 887 716 962 quod
745 890 900 950 Deus
927 890 1298 970 providisset,
1331 899 1392 951 ut
1433 891 1491 951 id
1546 891 1967 952 transferretur
1995 891 2066 952 iis

431 993 580 1054 quos
611 975 738 1054 ipse
769 978 950 1052 novit,
988 980 1202 1053 modis,
1235 999 1340 1041 seu
1377 980 1534 1060 quod
1592 981 1900 1042 hominum
1937 1000 2065 1042 ma-

427 1082 540 1124 nus
572 1063 628 1124 id
661 1068 1065 1129 sustulissent.

509 1153 771 1219 XXVIII.
801 1160 1222 1221 Venerandum
1257 1168 1452 1221 autem
1489 1161 1803 1222 [Eithalam
1838 1178 1970 1221 cum
2006 1161 2065 1222 in

426 1241 648 1316 vicum,
683 1250 782 1326 qui
816 1247 1032 1309 dicitur
1066 1249 1312 1325 Patrias,
1360 1250 1764 1322 abduxissent,
1801 1249 2070 1310 efficiunt

432 1337 498 1419 ιιι
528 1331 996 1399 Christianorum
1034 1338 1307 1399 manibus
1363 1340 1487 1419 ipse
1519 1357 1753 1418 quoque
1783 1339 2068 1399 obruatur

427 1417 749 1498 lapidibus.
785 1425 969 1505 Cujus
1030 1446 1244 1507 corpus
1299 1417 1572 1488 monachi
1623 1417 1858 1506 quidam
1894 1446 1963 1488 ex
1993 1427 2066 1488 iis

429 1508 534 1595 qui
560 1510 680 1573 illic
706 1513 1068 1595 habitabant,
1098 1524 1273 1578 noctu
1305 1517 1378 1578 ad
1394 1517 1721 1588 venientes,
1754 1516 2066 1578 inscienti—

427 1594 542 1659 bus
565 1603 913 1666 custodibus
944 1607 1002 1667 id
1028 1594 1329 1678 auferunt,
1365 1625 1569 1667 revera
1598 1607 1819 1666 furtum
1853 1606 2064 1666 lauda-

2149 549 2336 613 τεφροϊ
2393 536 2492 610 μὲν
2549 537 2670 601 τοὺς
2714 534 2974 615 φύλακας,
3033 536 3123 593 τόν
3182 539 3349 614 σωρὸν
3397 536 3452 592 δὲ
3495 543 3597 593 τῶν
3623 534 3762 593 λίθων

2149 625 2241 680 οἶά
2285 647 2403 681 τινα
2460 632 2592 704 χοῦν
2652 625 2869 704 ἐκφορεϊ
2925 626 3020 694 τὴν
3080 625 3166 682 ἐπὶ
3223 633 3299 700 τῷ
3357 627 3576 704 μάρτυρι
3617 627 3764 701 τιμὴν

2149 721 2240 770 τοῦ
2298 714 2428 770 Θεοῦ
2485 715 2711 792 φανερὰν
2761 721 2888 770 πᾶσι
2946 715 3303 779 καθιστῶντος
3339 733 3354 750 ⁶
3399 717 3462 770 τὸ
3517 720 3666 788 σῶμα
3718 713 3765 770 δὲ

2148 803 2342 881 ἀφανὲς
2404 805 2630 883 γίνεται,
2663 804 2774 859 εἴτε
2808 811 2896 860 τοῦ
2951 811 3082 862 Θεοῦ
3129 813 3279 862 τοῦτο
3311 808 3394 867 οἷς
3426 804 3542 861 οἶδε
3571 804 3768 880 τρόποις

2149 897 2456 968 μεταθεῖναι
2500 894 2992 968 οἷκονοιιήσαντος,
3041 892 3154 949 εἴτε
3211 893 3548 970 ἂιθρωπίνων
3604 893 3772 951 ἂνελο·

2149 983 2320 1058 μένων
2364 984 2564 1062 χειρῶν
2575 1026 2588 1042 .

2236 1161 2368 1222 ΚΗ’.
2400 1160 2677 1217 Ἀειθαλᾶν
2731 1160 2784 1217 δὲ
2843 1163 2934 1218 τὸν
2992 1162 3312 1236 τιμιώτατον
3357 1164 3431 1225 εἰς
3463 1161 3650 1235 κώμην
3679 1167 3774 1216 Πι-

2148 1251 2295 1328 τριὰς
2381 1250 2712 1325 καλουμένην
2797 1251 3166 1329 ἀπαγαγόντες
3246 1257 3575 1327 Χριστιανῶν
3633 1252 3772 1330 χερσὶ

2148 1341 2235 1395 καὶ
2294 1341 2450 1396 αὖτὸν
2507 1339 2928 1407 καταλευσθῆναι
2999 1341 3485 1418 παρασκευάζουσιν
3519 1355 3534 1371 ’
3615 1339 3669 1396 οὗ
3719 1341 3772 1395 τὸ

2149 1430 2304 1504 σῶμα
2361 1430 2594 1509 μοναχοί
2655 1451 2790 1494 τινες
2856 1433 2957 1486 τῶν
3001 1431 3116 1486 ἐκεῖ
3160 1431 3545 1488 κατοικούντων
3603 1431 3771 1493 νυκτὸς

2149 1517 2456 1582 ἐπελθόντες
2487 1521 2573 1574 καὶ
2630 1517 2966 1584 διαλαθόντες
3012 1521 3130 1582 τοὺς
3185 1518 3426 1598 φύλακας
3488 1520 3766 1598 ὑφαιροῦσι,

2149 1607 2361 1683 κλέμμα
2433 1608 2598 1671 ὅντως
2656 1608 2931 1665 ἐπαινετὸν
2987 1608 3338 1686 ἐργασάμενοι
3405 1610 3501 1664 καὶ
3563 1615 3769 1686 πρᾶγμα

429 1686 550 1778 bile
583 1689 888 1769 facientes,
923 1703 981 1756 et
1013 1715 1138 1757 rem
1175 1697 1306 1758 luce
1336 1696 1594 1775 dignam,
1628 1714 1743 1756 non
1779 1696 2061 1757 tenebris.

2155 1701 2210 1756 οὔ
2271 1698 2514 1768 σκότους,
2559 1697 2694 1754 ἀλλὰ
2749 1700 2924 1778 φωτὸς
2999 1697 3163 1762 ἄξιον.
3217 1698 3354 1755 Εἶτα
3396 1699 3488 1752 καὶ
3542 1698 3606 1753 τὰ
3647 1718 3774 1752 νενο-

428 1777 659 1841 Deinde
682 1802 813 1843 cum
840 1785 895 1845 ei
915 1789 1072 1863 justa
1094 1785 1715 1866 fecissent,deponunt
1733 1786 1788 1846 in
1812 1786 2066 1865 quodam

430 1866 564 1928 loco
589 1869 825 1950 insigni.
859 1873 986 1945 Quo
1034 1885 1228 1936 autem
1263 1876 1323 1936 in
1364 1877 1491 1936 loco
1525 1886 1792 1936 sanctum
1826 1875 2072 1950 contigit

427 1957 858 2035 interimi,l'acil
883 1963 1043 2026 Deus
1067 1965 1493 2026 admirabiliter
1515 1963 2066 2045 quiddam,dignum

431 2054 489 2107 et
515 2065 624 2108 sua
655 2053 1210 2132 potentia,etgloria
1244 2055 1536 2134 martyris.
1561 2053 1768 2114 l’lanla
1799 2055 2068 2130 quaadam

434 2139 599 2216 myrti
629 2139 750 2202 illic
779 2150 974 2222 enata,
1007 2144 1263 2205 efﬁcitur
1296 2162 1473 2204 omne
1506 2163 1692 2220 genus
1725 2142 2066 2204 morborum

433 2226 731 2290 liberatio.
770 2231 912 2293 Cum
947 2234 1207 2314 quinque
1238 2251 1378 2309 ergo
1402 2234 1574 2294 annis
1600 2251 1706 2312 per
1729 2236 1880 2294 hanc
1903 2233 2070 2312 plan-

429 2324 546 2377 tam
579 2324 663 2379 sic
695 2321 907 2383 fierent
932 2323 1348 2404 miracula,qui
1371 2324 1634 2401 gentium
1664 2322 1864 2383 falsam
1899 2331 2067 2383 tene-

433 2405 573 2468 bant
607 2410 984 2490 religionem,
1021 2413 1239 2474 invidia
1268 2415 1501 2487 moli,et
1532 2431 1646 2471 non
1684 2412 1941 2473 ferentes
1973 2411 2069 2470 in-

435 2497 588 2558 tueri
622 2500 744 2560 hazc
787 2503 1073 2563 miracula
1105 2502 1176 2564 ad
1196 2501 1611 2562 confutandam
1633 2501 1838 2560 falsam
1863 2519 2068 2560 corum

427 2586 807 2666 religionem,
837 2591 1093 2670 plantam
1150 2591 1505 2652 exscindunt
1563 2588 1870 2650 radicitus.
1905 2588 2070 2650 Multi

431 2693 573 2737 vero
596 2677 759 2738 exiis
781 2680 878 2757 qui
904 2687 1074 2739 erant
1095 2679 1294 2738 animo
1330 2678 1574 2757 purgati,
1605 2677 1779 2754 longo
1804 2685 2072 2755 tempore

433 2765 711 2826 videbant
744 2767 934 2828 lucem
970 2767 1029 2826 in
1091 2785 1162 2827 eo
1222 2767 1374 2837 loco,
1439 2777 1495 2828 et
1549 2767 1778 2827 divinas
1828 2766 2072 2826 virtules

431 2854 849 2930 ascendentes,
876 2865 937 2919 et
958 2856 1210 2934 gloriam
1251 2858 1589 2918 emittentes
1619 2857 1672 2918 ei
1706 2856 1805 2935 qui
1837 2864 2072 2916 sanctos

434 2961 574 3003 suos
605 2945 920 3021 glorificat.
955 2948 1413 3008 Cousummatus
1454 2955 1649 3006 autem
1696 2946 1803 3006 fuit
1856 2943 2071 3005 Christi

436 3039 655 3112 martyr
707 3033 1001 3096 AEilhalas
1061 3054 1264 3098 mense
1311 3035 1513 3116 Junio,
1562 3036 1835 3097 eamdem
1895 3054 2071 3096 cons-

2153 1785 2384 1861 μισμένα
2460 1785 2740 1864 δράσαντες
2827 1787 2910 1843 ἐπ’
2996 1789 3138 1860 αὒτῷ
3210 1787 3263 1842 ἐν
3323 1791 3473 1859 τόπῳ
3525 1788 3626 1842 τινὶ
3677 1793 3772 1842 τῶν

2153 1875 2430 1950 ἐπισήμων
2476 1879 2864 1934 κατατιθοῦσιν.
2923 1876 3087 1933 ’ἘνΟα
3132 1875 3195 1944 δὴ
3239 1877 3328 1932 τὸν
3377 1876 3532 1953 ἅγιον
3575 1877 3773 1952 ἀναιρε-

2151 1969 2304 2032 Οῆναι
2361 1965 2576 2044 συνέλη,
2636 1969 3026 2043 θαυματουργεϊ
3079 1969 3208 2031 Θεὸς
3266 1964 3408 2029 ἄξιόν
3469 1988 3517 2021 τι
3563 1965 3773 2031 καὶτῆς

2155 2059 2311 2113 αὒτοῦ
2367 2053 2633 2128 δυνάμεως
2669 2057 2882 2121 καὶτῆς
2939 2061 3030 2110 τοῦ
3077 2054 3340 2131 μάρτυρος
3385 2052 3564 2120 δόξης.
3622 2056 3776 2109 ψυτδν

2153 2143 2252 2221 γάρ
2308 2166 2358 2198 τι
2419 2143 2635 2221 μυῤῥίνη
2667 2156 2858 2223 φυεϊσα
2903 2143 3224 2218 νοσημάτων
3282 2143 3488 2220 γίνεται
3533 2145 3777 2199 παντοίων

2155 2231 2467 2310 ἀπαλλαγή.
2522 2231 2651 2289 Ἐπὶ
2715 2234 2870 2288 πέντε
2935 2240 3207 2311 τοιγαροῦν
3252 2231 3475 2312 χρόνοις
3517 2239 3621 2288 τῶν
3673 2235 3780 2287 θαυ-

2155 2322 2337 2395 μάτων
2382 2320 2519 2378 οὕτω
2571 2320 2654 2377 διὰ
2711 2319 2858 2378 τοῦδε
2901 2329 2992 2378 τοῦ
3039 2324 3200 2400 φυτοῦ
3244 2321 3603 2396 τελουμένων,
3636 2323 3681 2376 οἱ
3724 2322 3779 2376 τὰ

2160 2403 2430 2476 Ἑλλήνων
2494 2412 2870 2488 θρησκεύοντες
2933 2411 3106 2491 φθόνῳ
3174 2409 3502 2485 βαλλόμενοι
3546 2412 3638 2476 τὴν
3693 2414 3779 2482 ψυ-

2157 2501 2287 2577 χὴν,
2336 2502 2424 2556 καὶ
2475 2502 2540 2556 τὰ
2598 2499 2863 2579 παράδοξα
2917 2499 2981 2568 δὴ
3049 2507 3211 2557 nam
3263 2499 3348 2556 ἐπ’
3415 2498 3630 2578 ἐλέγχῳ
3686 2503 3771 2565 τῆς

2157 2588 2327 2644 αὒτῶν
2387 2590 2666 2666 θρησκείας
2715 2592 2774 2645 οὐ
2827 2587 3071 2668 φέροντες
3116 2593 3366 2668 καθορᾷν,
3415 2592 3601 2654 αὔταϊς
3628 2589 3772 2667 ῥίζαις

2155 2677 2461 2751 ἐκτέμνουσι
2507 2699 2564 2733 τε
2623 2680 2685 2734 τὸ
2716 2680 2872 2756 φυτὸν
2908 2680 2995 2734 καὶ
3038 2680 3157 2757 πυρὶ
3207 2679 3449 2752 νέμουσι.
3501 2677 3686 2734 Πολλοὶ
3724 2673 3770 2732 δὲ

2153 2773 2254 2821 τῶν
2311 2768 2408 2833 τὴν
2460 2767 2645 2846 ψυχῆν
2712 2767 3175 2844 ἐκκεκαθαρμένων
3237 2767 3318 2846 ἐφ’
3366 2769 3546 2824 ικανον
3600 2766 3771 2844 χρόνον

2155 2863 2302 2930 φῶτα
2345 2856 2470 2933 περὶ
2529 2855 2675 2912 τόνδε
2734 2864 2822 2912 τὸν
2907 2863 3087 2935 χῶρον
3163 2856 3344 2933 ἐώρων
3404 2857 3496 2912 καὶ
3549 2853 3769 2928 δυνάίιιεις

2153 2947 2290 3009 θείας
2336 2945 2582 3006 ἀνιούσας
2627 2945 2805 3023 ὥσπερ
2835 2948 2921 3002 καὶ
2969 2945 3253 3006 κατιούσας
3301 2946 3389 3001 καὶ
3452 2943 3601 3010 δόξαν
3654 2943 3770 2998 ἀνα-

2159 3035 2465 3106 πεμπούσας
2526 3039 2603 3107 τῷ
2661 3035 2782 3099 τοὺς
2840 3034 3015 3109 ἁγίους
3079 3037 3238 3091 αὒτοῦ
3290 3033 3579 3105 δοξάζοντι.
3640 3022 3770 3090 Ἐτεο

435 3123 675 3184 tantiam
710 3135 765 3185 et
828 3125 1260 3196 fortitudinem,
1295 3145 1474 3201 quam
1535 3127 1575 3186 ii
1629 3125 1728 3205 qui
1787 3132 1921 3185 ante
1974 3124 2068 3202 ip-

2156 3121 2349 3188 λειώθη
2401 3122 2456 3179 δὲ
2516 3125 2542 3179 ὁ
2617 3130 2706 3180 τοῦ
2763 3129 2988 3200 Χριστοῦ
3064 3121 3260 3200 μάρτυς
3319 3122 3602 3187 Ἀειθαλᾶς
3659 3120 3773 3176 κατὰ

433 3231 566 3274 sum
622 3213 863 3275 fuerimt
919 3215 1364 3286 consummati,
1422 3215 1492 3274 ad
1571 3223 1820 3274 mortem
1883 3231 2073 3292 usque

433 3301 776 3373 ostendens,
813 3303 1031 3364 auxilio
1065 3322 1121 3364 et
1169 3304 1356 3381 gratia
1406 3303 1622 3364 Christi
1669 3304 1789 3363 veri
1821 3301 1925 3362 Dei
1960 3321 2070 3361 no-

435 3392 542 3452 stri
577 3411 590 3452 :
627 3411 801 3473 quem
829 3393 1001 3454 decet
1029 3394 1216 3472 gloria
1248 3401 1306 3453 et
1339 3395 1552 3466 honor,
1588 3411 1724 3452 cum
1779 3390 2073 3470 principio

432 3491 672 3544 carente
731 3483 864 3563 ejus
915 3485 1112 3556 Patre,
1173 3489 1232 3542 et
1291 3482 1668 3543 sanctissimo
1727 3489 1783 3542 et
1842 3481 2072 3541 viviﬁco

434 3573 680 3651 Spiritu,
715 3591 873 3635 nunc
903 3580 960 3633 et
990 3589 1250 3652 semper,
1285 3581 1343 3633 et
1366 3572 1425 3632 in
1445 3571 1661 3633 saecula
1693 3569 2069 3631 saeculorum.

432 3663 644 3725 Amen.

2155 3215 2244 3267 τὸν
2305 3212 2520 3269 Ἰούνιον
2575 3214 2740 3288 μῆνα,
2792 3213 2890 3278 τὴν
2939 3212 3064 3277 ἴσην
3094 3226 3211 3272 τοῖς
3255 3212 3356 3289 πρὸ
3401 3211 3563 3270 αὐτοῦ
3588 3209 3775 3266 τελειω-

2153 3304 2291 3357 θεῖσι
2371 3302 2624 3375 μάρτυσιν
2710 3300 2947 3357 ἕνστασίν
3005 3321 3059 3356 τε
3147 3299 3242 3355 καῖ
3303 3302 3584 3378 καρτερίαν
3637 3299 3777 3376 ἄχρι·

2155 3391 2375 3446 θανάτου
2447 3389 2836 3463 ἐπιδειξαμένος
2893 3389 3110 3466 βοηθείᾳ
3195 3392 3282 3445 καί
3329 3391 3516 3468 χάριτι
3579 3391 3777 3466 Χριστοῦ

2157 3489 2248 3536 τοῦ
2282 3480 2528 3547 ἀληθινοῦ
2561 3487 2691 3536 Θεοῦ
2721 3482 2900 3554 ἡμῶν,
2933 3479 2978 3552 ᾧ
3035 3478 3223 3556 πρέπει
3271 3484 3418 3534 πᾶσα
3465 3476 3606 3556 δόξα,
3665 3475 3778 3548 τιμὴ

2155 3573 2239 3626 καὶ
2284 3571 2636 3646 προσκύνησις
2702 3570 2791 3624 σὺν
2848 3571 2926 3642 τῷ
2983 3567 3203 3647 ἀνάρχῳ
3273 3570 3418 3640 αὖτῷ
3479 3567 3644 3643 Πατρί
3695 3563 3775 3619 καί

2152 3662 2230 3734 τῷ
2286 3666 2530 3732 ζωοποιῴ
2592 3658 2856 3733 Πνεόματι
2909 3666 2995 3715 νῦν
3064 3657 3151 3712 καὶ
3212 3656 3316 3736 ἀεὶ,
3389 3657 3482 3713 καὶ
3541 3657 3612 3718 εἰς
3672 3653 3775 3715 τοὺς

2152 3751 2346 3814 αἰῶνας
2378 3755 2481 3805 τῶν
2512 3749 2739 3806 αἰώνων.
2776 3745 2974 3822 Ἀμήν.
