4048 6136
237 276 358 344 865

1563 266 1750 339 VITA
1795 274 1856 336 S.
1904 272 2287 338 AMBROSII.

3489 270 3609 340 866

237 418 406 482 Οὗτος
453 414 633 477 καλῶς
683 415 960 481 ὁιοικήσας
1018 414 1190 471 πάντα
1232 413 1298 471 τὰ
1345 413 1443 482 τῆς
1488 411 1757 490 βασιλείας
1805 409 1888 465 καὶ

1986 408 2218 487 pulchre
2278 406 2521 485 quidem
2581 406 2994 471 constituisset
3051 406 3398 487 imperium,
3430 415 3611 470 rectas

237 504 507 584 ὁρθοδοξίᾳ
551 501 852 578 διαλάμψας
908 501 1238 561 ἀνεπαύσατο
1294 502 1608 579 βασιλεύσας
1651 501 1735 558 ἐπὶ
1797 500 1892 565 ἔτη

239 594 337 657 ις’.
392 592 659 652 Κατέλιπε
715 590 770 647 δὲ
819 589 1098 669 διαδόχους
1131 592 1251 654 τοὺς
1309 590 1506 657 παῖδας
1536 592 1695 651 αὐτοῦ
1752 595 1890 664 Γρα-

237 684 418 739 τιανὸν
473 682 561 737 καὶ
593 678 1024 738 Οὐαλεντινιανόν
1073 679 1164 734 τὸν
1195 679 1333 741 νέον.
1392 684 1501 747 Τῆς
1533 678 1587 735 δὲ
1630 678 1895 743 ἀνατολῆς

238 768 545 828 ἐϐασίλευεν
576 768 782 833 Οὐάλης
830 770 857 823 6
907 765 1128 848 ἀδελφὸς
1173 768 1614 827 Οὐαλεντινιανοῢ
1653 775 1745 824 τοῦ
1788 788 1891 837 με·

234 858 424 939 γάλου,
458 857 604 921 ὅστις
664 861 764 922 τῆς
824 855 1102 933 Ἀρειανῆς
1157 853 1338 924 λώϐης
1382 868 1663 935 μετεῖχεν.
1725 855 1890 919 Οὗτος

241 945 528 1022 συμϐαλὼν
585 943 823 1020 πόλεμον
881 945 1017 1018 μετά
1076 950 1181 1001 τῶν
1240 943 1474 1020 Γότθων,
1507 945 1750 1014 ἡττηθεὶς
1804 944 1891 1000 καὶ

246 1035 551 1115 προσφυγὼ,
626 1036 698 1099 εἷς
768 1034 1020 1113 ἀχυρῶνα
1077 1033 1131 1089 ἐν
1221 1035 1362 1106 αὐτῷ
1429 1037 1557 1111 πυρὶ
1624 1033 1886 1100 κατεκάη,

248 1126 530 1203 Γρατιανὸς
587 1121 643 1179 δὲ
702 1125 730 1179 6
788 1120 1220 1203 Οὐαλεντινιανὸὕ
1274 1123 1371 1197 μὲν
1428 1125 1560 1197 υίὸς,
1595 1121 1889 1187 Οὐάλεντος

246 1202 298 1270 δέ
328 1213 572 1289 ἀνεψιὸς,
608 1218 781 1268 πᾶσαν
824 1212 925 1277 τὴν
952 1218 1059 1268 τῶν
1121 1202 1395 1286 Ῥωμαίων
1422 1211 1712 1287 ἠγεμονίαν
1748 1233 1889 1285 παρ-

248 1299 460 1361 ἐλαϐεν.
514 1306 729 1382 Πρῶτον
759 1300 856 1375 μὲν
891 1300 989 1379 γὰρ
1046 1300 1113 1355 τὰ
1143 1300 1240 1367 τῆς
1287 1299 1546 1378 Εὐρώπης
1578 1302 1665 1357 καὶ
1715 1300 1893 1367 πάσης

238 1395 339 1459 τῆς
401 1391 616 1453 Δύσεως
659 1390 802 1467 παρὰ
856 1396 950 1446 τοῦ
1002 1390 1198 1461 πατρὸς
1256 1388 1572 1469 παρειλήφει
1632 1388 1895 1467 σκῆπτραο

1974 515 2111 558 vero
2139 496 2274 558 ﬁdei
2327 495 2695 577 professione
2746 495 3103 567 refulsisset,
3159 503 3326 557 sexto
3376 495 3609 558 decimo

1977 585 2212 665 imperii
2269 605 2424 648 anno
2480 586 2597 648 vita
2654 584 2940 647 decedit:
3004 602 3386 646 successores
3413 593 3610 647 autem

1975 673 2261 751 relinquit
2309 676 2460 737 ﬁlios
2505 693 2642 735 suos
2663 673 3005 735 Gratianum
3027 673 3463 755 juniorilmque
3490 672 3611 736 Va-

1974 762 2393 835 lentinianum,
2426 762 2672 824 Valente
2698 762 2876 823 fratre
2899 761 2958 824 in
2983 761 3248 826 Orientis
3271 761 3613 842 regionibus

1972 869 2173 912 rerum
2207 854 2494 931 potiente,
2521 869 2591 913 eo
2621 851 2849 914 scilicet
2871 852 2977 932 qui
3007 851 3243 915 Arianis
3274 852 3333 912 in
3369 850 3616 933 perﬁdia

1973 958 2109 1002 sese
2137 941 2458 1019 conjunxit.
2521 940 2631 1003 Hic
2680 940 2921 1022 quidem
2980 960 3115 1003 cum
3165 940 3374 1005 Gothis
3422 960 3617 1022 pugna

1973 1047 2329 1108 congressus
2381 1036 2553 1110 atque
2612 1029 2900 1105 devictus,
2940 1029 2998 1093 in
3054 1030 3370 1111 paleariam
3417 1048 3613 1092 casam

1973 1119 2341 1198 confugiens,
2406 1120 2540 1197 igne
2600 1118 2824 1182 ibidem
2857 1119 3085 1182 interiit
3125 1137 3138 1179 :
3178 1122 3235 1182 in
3267 1117 3613 1183 Gratianum

1972 1217 2168 1271 autem
2196 1207 2594 1270 Valentiniani
2615 1209 2857 1287 quidem
2880 1208 3367 1282 ﬁlium,Valentis
3384 1227 3521 1271 vero
3545 1228 3616 1271 ex

1976 1296 2155 1360 fratre
2184 1305 2465 1376 nepotem
2492 1297 2709 1360 recidit
2736 1298 3017 1360 universa
3044 1300 3332 1363 Romanae
3377 1297 3616 1360 ditionis

1981 1385 2241 1466 potentia
2267 1405 2282 1463 ;
2318 1387 2575 1465 primum
2637 1389 2795 1449 enim
2832 1406 2867 1449 a
2898 1396 3067 1467 patre
3097 1406 3215 1449 non
3247 1386 3421 1449 modo
3449 1405 3619 1468 scep-

242 1476 511 1557 παρέλαϐε
567 1477 622 1533 δὲ
675 1478 759 1534 καὶ
825 1479 917 1544 τὴν
977 1475 1157 1533 Ἀσίαν
1217 1479 1304 1534 καὶ
1359 1478 1426 1533 τά
1455 1475 1746 1552 λειπόμενα
1800 1481 1898 1543 τῆς

1986 1482 2144 1535 trum
2203 1472 2478 1555 Europae,
2529 1492 2733 1537 verum
2794 1474 2973 1538 etiam
3039 1476 3217 1538 totius
3274 1474 3619 1540 Occidentis

242 1564 469 1645 Λιϐύης,
526 1563 745 1629 ἄπαιδος
802 1564 1163 1642 ἀναιρεθέντος
1209 1571 1301 1621 τοῦ
1356 1564 1667 1630 Οὐάλεντος.
1732 1569 1897 1624 Εὐσε-

1986 1562 2254 1624 relictum
2315 1563 2521 1643 cepit:
2557 1563 2778 1627 deinde
2836 1583 3002 1639 vero,
3062 1583 3195 1627 cum
3258 1564 3389 1626 sine
3415 1565 3622 1629 liberis

242 1654 341 1723 ϐὴς
399 1656 455 1711 δὲ
486 1654 562 1712 ὢν
592 1656 728 1714 κατά
755 1656 847 1710 τὸν
890 1654 1091 1732 πατέρα
1123 1653 1484 1711 ἀνεκαλέσατο
1542 1656 1746 1719 πάντας
1777 1655 1896 1717 τοὺς

1986 1649 2202 1714 Valens
2232 1671 2265 1713 e
2294 1652 2492 1714 medio
2516 1651 2787 1717 sublatus
2817 1662 2999 1730 esset,
3040 1654 3240 1716 Asiam
3273 1674 3530 1736 quoque,
3567 1663 3625 1717 et

241 1744 568 1807 ἐπισκόπους
635 1743 829 1821 οὕσπερ
889 1742 1102 1809 Οὐάλης
1161 1745 1188 1799 6
1247 1746 1393 1809 θεῖος
1437 1741 1596 1800 αὐτοῦ
1656 1740 1898 1821 ἐξώρισεν

1986 1739 2271 1820 quidquid
2304 1741 2365 1801 in
2395 1741 2600 1804 Africa
2635 1742 2856 1824 reliqui
2884 1752 3034 1825 erat,
3067 1750 3118 1805 is
3148 1743 3423 1806 obtinuit.
3457 1745 3623 1818 Quo-

239 1835 573 1913 ὒπερμαχῶν
631 1838 731 1900 τῆς
777 1832 1059 1910 ’Λρειανῖις
1093 1831 1367 1909 αἱρέσεως.
1423 1832 1611 1888 Μαθὼν
1656 1829 1710 1886 δὲ
1756 1837 1895 1909 Γρα-

1986 1829 2139 1891 niam
2172 1837 2370 1892 autem
2407 1831 2590 1911 patris
2612 1833 2890 1915 exemplo
2917 1832 3150 1895 colebat
3180 1834 3621 1916 pietatem,epi-

240 1925 418 1986 τιανὸς
477 1923 579 1991 τὴν
612 1922 824 2000 Θρᾴκην
855 1921 1189 1996 λη’ίζομὲνην
1219 1922 1319 1978 61:6
1368 1922 1474 1977 τῶν
1504 1922 1594 1977 τὸν
1628 1918 1896 1978 Οὐάλεντα

1986 1936 2194 1999 scopos
2236 1937 2467 1997 omnes,
2521 1939 2670 2001 quos
2721 1922 2945 1986 Valens
2995 1922 3055 1983 in
3085 1923 3331 2003 gratiam
3392 1924 3626 1985 Arianae

241 2013 547 2071 καυσάντων
608 2008 907 2090 βαρϐάρων²
967 2009 1275 2067 καταλιπὼν
1345 2010 1445 2076 τὴν
1521 2007 1748 2066 Ἰταλίαν
1820 2010 1894 2072 είς

238 2102 334 2168 τὴν
369 2103 630 2157 Πανονίαν
662 2099 903 2178 ἀφίκετο.

1981 2007 2225 2069 haeresis
2256 2008 2450 2088 patria
2480 2010 2705 2090 ejectos
2725 2019 2993 2074 extorres
3033 2012 3280 2088 fecerat,
3320 2016 3392 2074 ab
3416 2011 3625 2075 exsilio

1975 2100 2107 2176 ipse
2138 2098 2455 2159 revocavit.
2490 2100 2651 2162 Idem
2686 2100 2863 2164 etiam
2898 2119 3032 2164 cum
3062 2121 3096 2163 a
3154 2100 3447 2183 barbaris,
3483 2103 3623 2163 dum

240 2186 458 2252 Valens
510 2187 854 2268 imperaret,
889 2186 1048 2250 bello
1080 2185 1403 2250 victoribus
1433 2185 1791 2248 devastatam
1841 2201 1973 2246 esse
1998 2185 2311 2247 Thraciam
2358 2188 2771 2268 comperisset,
2805 2189 3015 2252 relicta
3045 2189 3238 2266 Italia,
3278 2190 3341 2253 in
3387 2190 3626 2253 Panno-

239 2276 399 2339 niam
436 2276 628 2340 venit.

319 2368 414 2426 H'.
477 2366 611 2427 Κατ’
652 2369 863 2424 ἒκτῖνον
906 2366 961 2423 δὲ
1020 2368 1109 2423 τὸν
1153 2388 1334 2444 καιρον
1380 2363 1656 2428 Θεοδόσιος
1706 2362 1791 2420 διά
1839 2384 1896 2420 τε

2060 2362 2212 2428 VIII.
2239 2364 2360 2429 Sub
2380 2366 2539 2428 idem
2564 2373 2798 2447 tempus
2817 2364 3190 2430 Theodosius
3217 2383 3619 2448 quoque,cum

244 2456 343 2525 τὴν
397 2462 509 2514 τῶν
539 2457 818 2535 προγόνων
874 2457 1213 2534 περιφάνειαν
1262 2455 1352 2512 καὶ
1408 2452 1492 2511 διὰ
1550 2455 1646 2521 τὴν
1706 2453 1899 2511 οἰκείαν

1986 2452 2057 2515 ob
2088 2455 2371 2534 majorem
2406 2454 2800 2532 nobilitatem,
2830 2465 2953 2519 tum
3001 2455 3077 2518 ob
3110 2456 3411 2537 propriam
3438 2474 3627 2535 gene-

248 2544 479 2624 ἀνδρείαν
530 2548 953 2622 ὀνομαστότατος
1010 2545 1099 2618 ἦν,
1135 2546 1222 2601 καὶ
1254 2545 1436 2600 τούτου
1477 2543 1637 2623 χάριν
1667 2544 1767 2598 61:6
1814 2548 1899 2599 τοῦ

1986 2546 2271 2603 rositatem
2302 2547 2719 2604 celeberrimus
2737 2554 2860 2605 erat
2906 2564 2920 2605 :
2957 2555 3012 2605 et
3040 2545 3347 2620 mqualium
3381 2560 3625 2605 suorum

250 2635 435 2715 φθόνου
486 2642 597 2694 τῶν
654 2635 928 2710 ὁμοτίμων
984 2633 1311 2711 βαλλόμενος
1368 2631 1422 2688 ἐν
1466 2645 1589 2696 ταῖς
1647 2633 1899 2698 Σπανίαις

1986 2628 2313 2693 invidentia
2332 2630 2625 2710 pulsus,in
2656 2630 2951 2711 llispaniis
2972 2630 3210 2711 agebat,
3245 2629 3347 2691 ubi
3373 2637 3432 2691 et
3455 2638 3624 2691 natus

249 2722 522 2803 διέτριϐεν,
611 2724 704 2783 Ἐν
773 2725 998 2788 ἐκείναις
1070 2724 1169 2803 γὰρ
1236 2723 1331 2802 ἔφυ
1399 2743 1457 2778 τε
1524 2722 1611 2778 καὶ
1670 2720 1892 2800 ἐτράφη.

1986 2717 2173 2779 fuerat
2195 2725 2253 2779 et
2284 2721 2589 2784 educatus.
2610 2718 2897 2800 Ignorans
2922 2719 3100 2799 igitur
3128 2723 3451 2799 imperator
3470 2719 3624 2783 Gra-

249 2812 490 2894 Ἀπορῶν
544 2812 732 2881 δὴηοῦν
791 2816 819 2870 6
849 2813 1093 2890 βασιλεὺς
1124 2813 1409 2890 Γρατιανὸς
1464 2810 1491 2866 ὅ
1522 2833 1572 2866 τι
1604 2811 1715 2889 χρὴ
1772 2808 1899 2887 δρᾶ-

1987 2805 2179 2868 tianus
2196 2808 2336 2887 quid
2363 2809 2512 2871 facto
2534 2828 2685 2890 opus
2701 2818 2858 2871 esset
2884 2829 2901 2887 ;
2929 2808 3115 2871 inflati
3149 2808 3311 2870 enim
3334 2826 3406 2869 ex
3428 2807 3622 2869 victo-

254 2923 336 2960 σαι
369 2902 719 2983 (φυσηθέντες
751 2904 850 2983 γὰρ
907 2902 968 2960 ἐκ
998 2904 1096 2969 τῆς
1143 2901 1291 2968 νίκης
1337 2902 1383 2957 οἱ
1414 2897 1663 2978 βάρϐαροι
1694 2897 1896 2973 δύσμα-

1986 2895 2072 2958 ria
2098 2895 2336 2958 barbari
2360 2898 2793 2979 propemodum
2818 2898 3026 2960 invicti
3047 2906 3217 2961 erant
3239 2911 3298 2959 et
3314 2895 3624 2960 habeban-

252 3014 339 3072 χοι
396 2992 537 3061 ἦσάν
596 3014 654 3049 τε
706 2994 797 3049 καὶ
851 2990 1116 3070 ἐδόκουν),
1147 2992 1268 3047 τότε
1325 2989 1413 3045 οὖν
1471 2988 1569 3055 τὴν
1631 2984 1899 3045 Θεοδοσίου

1990 2992 2126 3046 tur:
2168 2986 2483 3048 militarem
2512 2987 2833 3049 Theodosii
2868 2986 3145 3068 peritiam
3190 2986 3480 3050 malorum
3500 2986 3628 3049 fore

252 3083 581 3161 στρατηγίαν
633 3080 779 3138 λύσιν
809 3079 1039 3137 ὑπέλαϐε
1090 3084 1197 3135 τῶν
1257 3080 1436 3135 κακῶν
1480 3077 1739 3154 γίνεσθαι.
1794 3076 1899 3132 Αὐ-

1988 3072 2403 3153 depulsionem
2424 3075 2747 3138 arbitratus
2770 3075 2961 3138 est.Et
2982 3074 3293 3138 confestim
3309 3093 3381 3138 ex
3401 3074 3627 3153 Iberia,

248 3170 363 3228 τίκα
414 3169 479 3238 δὴ
540 3173 634 3227 οὐκ
670 3173 733 3226 ἐκ
777 3170 886 3227 τῶν
937 3173 1188 3226 Σπανιῶν
1246 3168 1335 3224 τὸν
1365 3164 1526 3245 ἄνδρα
1584 3167 1899 3241 μεταπεψά-

1986 3180 2116 3242 quae
2144 3163 2428 3245 Hispania
2462 3165 2641 3228 etiam
2678 3165 3041 3247 nominatur,
3076 3165 3383 3229 hominem
3413 3181 3621 3227 accer-

249 3263 398 3336 μενὸς
456 3264 553 3319 καὶ
610 3261 909 3341 στρατηγὸν
975 3260 1359 3340 χειροτονήσας
1416 3258 1553 3333 μετὰ
1591 3262 1691 3324 τῆς
1732 3277 1899 3313 συνει-

1990 3269 2149 3328 sens,
2182 3271 2251 3315 ac
2281 3253 2440 3317 bello
2485 3255 2840 3336 prmﬁciens,
2878 3274 3012 3317 cum
3076 3253 3342 3317 exercitu
3374 3253 3623 3317 collecto

249 3350 519 3427 λεγμένης
570 3350 869 3426 ἐξέπεμψεν
900 3355 1171 3428 στρατιᾶς.
1233 3345 1292 3407 Ὀ
1330 3346 1386 3404 δέ
1440 3351 1507 3424 τῇ
1536 3349 1709 3404 πίστει
1768 3366 1899 3425 φρα-

1989 3345 2163 3403 misit.
2198 3346 2301 3403 Hic
2328 3357 2519 3406 autem
2536 3347 2762 3406 invictis
2783 3351 2980 3415 armis,
3006 3347 3327 3407 orthodoxa
3347 3347 3625 3405 nimirum

253 3435 467 3513 ξάμενος
529 3437 833 3517 θαρσαλέως
889 3437 1187 3513 ἐξώρμησε,
1220 3438 1306 3495 καὶ
1365 3437 1461 3505 τῆς
1512 3436 1722 3508 Θρᾴκης
1781 3434 1899 3491 ἐπι-

1987 3428 2104 3491 ﬁde
2132 3430 2653 3507 circummunitus,
2690 3451 2900 3512 magna
2928 3451 3062 3494 cum
3094 3432 3315 3494 ﬁducia
3343 3430 3625 3493 adversus

254 3523 347 3591 ϐάς
425 3529 518 3586 καὶ
576 3526 863 3603 συμϐαλὼν
921 3526 1157 3601 πόλεμον
1242 3526 1377 3602 μετά
1447 3525 1550 3582 τῶν
1629 3521 1899 3601 βαρϐάρων

1986 3519 2258 3582 hostilem
2291 3521 2478 3583 aciem
2529 3522 2818 3602 procedit.
2852 3522 2924 3584 Et
2948 3521 3261 3584 Thraciam
3289 3519 3619 3598 ingressus,

252 3617 383 3672 κατὰ
434 3618 631 3697 κράτος
690 3617 956 3684 ἐνίκησενσ
1024 3619 1117 3674 οὐκ
1173 3615 1477 3693 ἐνεγκόντες
1544 3615 1644 3690 γὰρ
1700 3611 1897 3669 ἐκεῖνοι

1986 3608 2032 3669 is
2058 3609 2298 3697 quidem
2331 3629 2439 3691 per
2471 3609 2581 3672 vim
2615 3611 2819 3691 praelio
2853 3611 2991 3673 vicit
3026 3627 3041 3672 :
3092 3607 3330 3697 barbari
3379 3625 3518 3670 vero
3547 3626 3624 3669 ne

253 3704 297 3759 οἱ
352 3696 476 3780 μὲν
510 3706 723 3786 ἔφυγον,
769 3708 816 3762 οἱ
866 3704 923 3762 δὲ
966 3703 1204 3765 ἐδίωκον.
1256 3704 1425 3768 Πολὺς
1476 3701 1530 3758 δὲ
1578 3698 1738 3781 φόϐος
1794 3705 1899 3756 τῶν

1986 3696 2073 3786 vel
2105 3696 2368 3786 primum
2423 3700 2788 3762 sustinentes
2818 3700 3128 3779 impetum.
3161 3696 3359 3758 statim
3417 3712 3629 3786 omnes

250 3792 523 3873 βαρϐάρων
552 3784 810 3872 ἐγένετο·
857 3797 916 3852 οὐ
946 3794 1105 3857 μόνον
1158 3795 1258 3873 γὰρ
1286 3794 1389 3850 61:6
1431 3797 1536 3848 τῶν
1599 3788 1899 3865 Ῥωμαίων,

1986 3785 2158 3846 simul
2192 3793 2357 3866 terga
2387 3787 2684 3850 dederunt
2711 3808 2728 3866 ;
2752 3796 2809 3850 et
2840 3788 3030 3850 multa
3062 3804 3268 3850 eorum
3290 3803 3409 3848 non
3430 3784 3626 3848 solum

251 3880 382 3939 ἀλλά
409 3886 504 3942 καὶ
536 3885 638 3941 61:6
664 3882 913 3954 ἀλλήλων
944 3883 1259 3946 ἐκτείνοντο.

1986 3893 2017 3937 a
2036 3873 2320 3937 Romanis
2352 3876 2544 3939 caedes
2564 3877 2717 3940 facta
2765 3885 2879 3955 est,
2908 3894 3115 3940 verum
3141 3875 3317 3937 etiam
3350 3875 3474 3955 jam
3502 3892 3537 3935 a
3564 3891 3632 3936 se

252 3967 392 4049 ipsis
426 3993 441 4036 :
510 3979 729 4052 quanto
758 3972 919 4036 enim
966 3970 1224 4052 majores
1255 3976 1426 4033 erant
1474 3968 1689 4031 horum
1746 3965 1958 4047 copiae,
1995 3972 2157 4027 tanto
2206 3965 2392 4045 magis
2422 3966 2535 4029 sibi
2585 3973 2777 4048 potius
2806 3984 2983 4045 quam
3034 3963 3311 4029 hostibus
3344 3964 3628 4027 damnum

252 4058 615 4125 inferebant.

329 4149 409 4213 ϐ’.
504 4150 656 4210 Οὕτω
707 4149 763 4208 δὲ
827 4150 1022 4232 σχεδὸν
1104 4151 1314 4210 πάντων
1368 4145 1740 4227 ἀναιρεθέντων
1798 4149 1899 4203 τῶν

2045 4140 2166 4232 IX.
2201 4142 2306 4206 His
2334 4144 2534 4226 itaque
2564 4163 2750 4227 pr0pe
2771 4144 3048 4208 omnibus
3072 4144 3155 4206 ita
3178 4144 3412 4232 deletis,
3453 4139 3631 4232 pauci

250 4238 528 4320 βαρϐάρων
607 4241 780 4320 ὀλίφοι
856 4230 1040 4298 λαθεῖν
1115 4238 1418 4307 δυνηθέντες
1489 4233 1741 4303 διέϐησαν
1812 4235 1899 4291 τὸν

1986 4231 2333 4310 admodum,
2367 4234 2466 4315 qui
2497 4244 2820 4314 potuerunt
2850 4252 2915 4297 se
2938 4233 3263 4309 occultare,
3298 4230 3634 4294 Danubium

252 4325 478 4409 Ἴστρον.
547 4330 754 4394 Ἡσθεὶς
788 4329 841 4386 δὲ
883 4332 911 4387 ὁ
967 4328 1216 4405 βασιλεὺς
1272 4328 1556 4406 Γρατιανὸς
1601 4328 1673 4388 ὡς
1720 4322 1899 4403 ἄριστα

1990 4322 2516 4401 trajiciuntlastus
2546 4324 2726 4403 igitur
2754 4323 3071 4388 Gratianus
3100 4321 3256 4402 quod
3289 4320 3430 4383 belli
3464 4338 3637 4382 sum-

253 4420 622 4497 ψηφισάμενος
676 4419 833 4477 αὐτὸν
893 4420 1194 4499 στρατηγὸν
1253 4416 1473 4495 βασιλέα
1515 4414 1899 4495 κεχειροτόνη-

1990 4431 2144 4475 mam
2177 4414 2531 4477 credidisset
2588 4414 2948 4489 Theodosio,
3003 4413 3433 4494 imperatorem
3496 4428 3634 4474 cum

254 4527 335 4587 κε,
366 4511 451 4567 καὶ
507 4514 607 4577 τῆς
664 4509 956 4574 Οὐάλεντος
1017 4508 1204 4587 μοίρας
1232 4507 1298 4563 τὰ
1357 4506 1599 4581 σκῆπτρα
1657 4500 1899 4583 παρέδω-

1988 4506 2186 4564 statim
2212 4503 2493 4584 declarat,
2528 4512 2585 4566 et
2642 4504 2697 4565 ei
2754 4503 3022 4581 ditionis,
3079 4520 3196 4583 qua
3249 4501 3469 4563 Valens
3499 4508 3639 4564 ante

257 4616 364 4659 κεν.
432 4599 532 4657 Καὶ
593 4598 751 4663 αὐτὸς
832 4599 932 4674 μὲν
987 4599 1075 4654 ἐπὶ
1143 4598 1243 4664 τὴν
1295 4594 1528 4653 ἰταλίαν
1602 4592 1899 4669 ἐξώμησεν,

1988 4591 2661 4670 potiebatur,sceptrum
2687 4590 3253 4671 committit.Etipse
3283 4590 3530 4671 quidem
3561 4589 3635 4652 ad

260 4685 458 4744 ἐκεῖνον
512 4685 567 4744 δὲ
625 4689 699 4752 είς
742 4689 841 4756 τὴν
895 4686 1140 4744 δοθεῖσαν
1182 4686 1471 4764 ἡγεμονίαν
1528 4682 1899 4760 παρέπεμψεν,

1989 4679 2174 4742 Italiae
2208 4681 2780 4744 administrationem
2810 4680 3296 4757 transivit,illum
3328 4688 3527 4742 autem
3563 4678 3639 4741 ad

262 4775 416 4838 Εὐθὺς
478 4773 543 4843 δὴ
571 4776 661 4832 οὖν
691 4777 791 4844 τήν
836 4774 1110 4853 βασιλείαν
1138 4770 1461 4854 παραλαϐὼν
1491 4777 1589 4839 τῆς
1620 4772 1725 4829 τῶν
1773 4769 1903 4828 Ἐκ-

256 4860 492 4929 κλησιῶν
545 4866 649 4941 πρὸ
710 4872 818 4922 τῶν
876 4862 1052 4922 ἄϐλων
1095 4863 1396 4942 συμφωνίας
1456 4858 1786 4939 ἐπεμελήθη,
1818 4856 1907 4916 καὶ

254 4950 376 5015 τοὺς
411 4955 507 5021 τῆς
559 4955 756 5017 οἰκείας
816 4954 1106 5033 ἡγεμονίας
1159 4950 1478 5016 ἐπισκόπους
1512 4952 1585 5016 εἷς
1612 4950 1710 5017 τὴν
1756 4958 1913 5005 Κων-

257 5044 687 5101 σταντινούπολιν
730 5042 957 5122 δραμεῖν
999 5043 1406 5122 παρηγγύησεν·
1456 5039 1589 5107 αὕτη
1648 5040 1747 5117 γὰρ
1804 5040 1912 5113 μό-

257 5151 320 5196 νη
405 5132 501 5200 τῆς
585 5131 916 5213 Ἀρειανικῆς
991 5131 1344 5209 ἐμπέπληστο
1418 5127 1620 5196 λωϐης⁹
1702 5130 1737 5197 ἦ
1812 5128 1912 5206 γὰρ

254 5217 490 5299 Ἐσπέρα
538 5227 636 5289 τῆς
684 5223 839 5280 νόσου
881 5223 1078 5289 ταύτης
1122 5220 1362 5297 ἐλευθέρα
1411 5217 1692 5295 διέμεινεν,
1755 5227 1912 5276 Κων-

262 5324 532 5375 σταντῖνος
594 5313 693 5392 γὰρ
763 5315 861 5370 καὶ
924 5311 1173 5377 Κώνστας
1255 5310 1304 5367 οἱ
1365 5307 1761 5368 Κωνσταντίνου
1815 5311 1910 5362 τοῦ

258 5399 489 5475 μεγάλου
535 5400 634 5457 υἱοὶ
689 5401 789 5469 τὴν
840 5400 1094 5480 πατρῴαν
1165 5399 1340 5457 πίστιν
1399 5397 1665 5477 ἀγήρατον
1724 5394 1908 5463 διετή-

261 5508 405 5568 ρουν²
462 5492 547 5547 καὶ
591 5489 753 5548 πάλιν
823 5490 1257 5554 Οὐαλεντινιανὸς
1318 5488 1582 5568 ἀκραιφνῆ
1643 5484 1912 5565 διεγύλαξε

259 5575 357 5646 τὴν
401 5576 692 5639 εὐσέϐειαν⁸
768 5581 833 5639 τὰ
896 5578 951 5637 δὲ
999 5584 1193 5658 τμῆμα
1244 5579 1307 5636 τὸ
1358 5578 1516 5657 ἑῷον,
1579 5573 1913 5656 πολλαχόθεν

1988 4787 2341 4831 concessum
2394 4768 2641 4831 dimittit
2696 4770 3041 4850 imperium.
3108 4769 3396 4848 Regalem
3459 4768 3641 4848 igitur

1990 4858 2361 4921 Theodosius
2374 4876 2696 4938 capessens
2710 4858 3419 4938 dignitatem.concordim
3432 4856 3638 4920 Eccle-

1995 4947 2243 5024 siarum,
2270 4966 2447 5026 quam
2474 4948 2734 5009 maxime
2767 4956 3018 5027 poterat,
3044 4964 3245 5009 curam
3280 4947 3546 5026 gerebat,
3577 4954 3638 5007 et

1998 5043 2299 5113 episcOpos
2334 5039 2581 5111 prapriae
2613 5040 2929 5109 ditionis,ut
2956 5041 3334 5097 convenirent
3362 5040 3636 5096 Constan-

1994 5126 2333 5210 tinopolim,
2376 5126 2714 5188 exhortatus
2764 5133 2891 5187 est:
2933 5124 3059 5186 haec
3085 5125 3246 5187 enim
3266 5125 3393 5188 sola
3416 5124 3634 5187 referta

1993 5214 2185 5277 fuerat
2212 5216 2432 5278 Ariana
2462 5224 2791 5295 peste,cum
2817 5213 2937 5277 illm
2976 5222 3171 5294 partes
3197 5232 3330 5295 quae
3348 5213 3418 5276 ad
3452 5232 3630 5279 occa-

1994 5322 2124 5365 sum
2149 5312 2322 5367 erant
2348 5304 2573 5385 positae,
2639 5302 2713 5365 ab
2763 5304 2874 5365 isto
2938 5303 3145 5365 morbo
3169 5302 3375 5365 liberm
3406 5310 3634 5365 essent.

1994 5393 2143 5456 Nam
2202 5390 2582 5457 Constantino
2638 5401 2816 5474 atque
2889 5391 3207 5456 Constante
3262 5391 3634 5456 Constantini

1995 5481 2190 5562 Magni
2214 5482 2351 5544 ﬁliis
2381 5490 2685 5564 paternam
2720 5481 2897 5545 ﬁdem
2929 5484 3345 5546 intemeratam
3378 5501 3632 5546 conser~

1995 5570 2296 5653 vantibus,
2334 5585 2398 5637 et
2424 5590 2633 5637 rursus
2660 5571 3076 5637 Valentiniano
3105 5572 3402 5656 pietatem
3436 5572 3643 5642 domw
