  <div class='ocr_page' id='page_1' title='image "/cluster/home/n/w/nwhite01/storage/ocr_20150623/116/mdp.39015008903554/441.png"; bbox 0 0 4048 6136; ppageno 0'>
   <div class='ocr_carea' id='block_1_1' title="bbox 447 294 558 359">
    <p class='ocr_par' dir='ltr' id='par_1_1' title="bbox 447 294 558 359">
     <span class='ocr_line' id='line_1_1' title="bbox 447 294 558 359; baseline 0.018 -2"><span class='ocrx_word' id='word_1_1' title='bbox 447 294 558 359; x_wconf 83' lang='grc'><strong>867</strong></span> 
     </span>
    </p>
   </div>
   <div class='ocr_carea' id='block_1_2' title="bbox 1680 283 2558 351">
    <p class='ocr_par' dir='ltr' id='par_1_2' title="bbox 1680 283 2558 351">
     <span class='ocr_line' id='line_1_2' title="bbox 1680 283 2558 351; baseline -0.001 -1"><span class='ocrx_word' id='word_1_2' title='bbox 1680 288 2067 350; x_wconf 81' lang='grc' dir='ltr'><strong>ΑΒΒΕΝΒΑ.</strong></span> <span class='ocrx_word' id='word_1_3' title='bbox 2112 320 2191 332; x_wconf 86' lang='grc'><strong>-</strong></span> <span class='ocrx_word' id='word_1_4' title='bbox 2231 283 2558 351; x_wconf 80' lang='lat' dir='ltr'><strong>APRILIS.</strong></span> 
     </span>
    </p>
   </div>
   <div class='ocr_carea' id='block_1_3' title="bbox 3699 283 3816 348">
    <p class='ocr_par' dir='ltr' id='par_1_3' title="bbox 3699 283 3816 348">
     <span class='ocr_line' id='line_1_3' title="bbox 3699 283 3816 348; baseline -0.009 0"><span class='ocrx_word' id='word_1_5' title='bbox 3699 283 3816 348; x_wconf 85' lang='lat'><strong>868</strong></span> 
     </span>
    </p>
   </div>
   <div class='ocr_carea' id='block_1_4' title="bbox 442 416 2067 503">
    <p class='ocr_par' dir='ltr' id='par_1_4' title="bbox 442 416 2067 503">
     <span class='ocr_line' id='line_1_4' title="bbox 442 416 2067 503; baseline -0.004 -17"><span class='ocrx_word' id='word_1_6' title='bbox 442 426 646 486; x_wconf 87' lang='lat' dir='ltr'><strong>sticam</strong></span> <span class='ocrx_word' id='word_1_7' title='bbox 680 425 1026 503; x_wconf 79' lang='lat' dir='ltr'><strong>neutiquam</strong></span> <span class='ocrx_word' id='word_1_8' title='bbox 1063 421 1372 500; x_wconf 70' lang='lat' dir='ltr'><strong>prodeunte,</strong></span> <span class='ocrx_word' id='word_1_9' title='bbox 1407 416 1726 482; x_wconf 74' lang='lat' dir='ltr'><strong>Orientalis</strong></span> <span class='ocrx_word' id='word_1_10' title='bbox 1758 420 1948 500; x_wconf 88' lang='lat' dir='ltr'><strong>portio</strong></span> <span class='ocrx_word' id='word_1_11' title='bbox 1984 439 2067 480; x_wconf 87' lang='lat' dir='ltr'><strong>va-</strong></span> 
     </span>
    </p>
   </div>
   <div class='ocr_carea' id='block_1_5' title="bbox 2160 416 3820 503">
    <p class='ocr_par' dir='ltr' id='par_1_5' title="bbox 2160 417 3820 502">
     <span class='ocr_line' id='line_1_5' title="bbox 2160 417 3820 502; baseline 0.004 -24"><span class='ocrx_word' id='word_1_12' title='bbox 2160 423 2256 489; x_wconf 79' lang='grc' dir='ltr'>τὴν</span> <span class='ocrx_word' id='word_1_13' title='bbox 2317 421 2496 492; x_wconf 86' lang='grc' dir='ltr'>λώϐην</span> <span class='ocrx_word' id='word_1_14' title='bbox 2551 423 2746 491; x_wconf 81' lang='grc' dir='ltr'>ταύτην</span> <span class='ocrx_word' id='word_1_15' title='bbox 2804 419 3012 488; x_wconf 79' lang='grc' dir='ltr'>ἐδέξατο</span> <span class='ocrx_word' id='word_1_16' title='bbox 3057 419 3160 480; x_wconf 83' lang='grc' dir='ltr'>ἀπὸ</span> <span class='ocrx_word' id='word_1_17' title='bbox 3206 417 3601 502; x_wconf 67' lang='grc' dir='ltr'><strong>Ἀλεξανδρείας</strong></span> <span class='ocrx_word' id='word_1_18' title='bbox 3651 419 3820 496; x_wconf 66' lang='grc' dir='ltr'>ἄρξα-</span> 
     </span>
    </p>
   </div>
   <div class='ocr_carea' id='block_1_6' title="bbox 443 509 2079 588">
    <p class='ocr_par' dir='ltr' id='par_1_6' title="bbox 443 509 2079 588">
     <span class='ocr_line' id='line_1_6' title="bbox 443 509 2079 588; baseline -0.002 -14"><span class='ocrx_word' id='word_1_19' title='bbox 443 514 545 574; x_wconf 91' lang='lat' dir='ltr'><strong>riis</strong></span> <span class='ocrx_word' id='word_1_20' title='bbox 577 514 722 574; x_wconf 91' lang='lat' dir='ltr'><strong>locis</strong></span> <span class='ocrx_word' id='word_1_21' title='bbox 780 514 931 574; x_wconf 90' lang='lat' dir='ltr'><strong>hanc</strong></span> <span class='ocrx_word' id='word_1_22' title='bbox 989 513 1146 574; x_wconf 91' lang='lat' dir='ltr'><strong>luem</strong></span> <span class='ocrx_word' id='word_1_23' title='bbox 1193 509 1453 587; x_wconf 87' lang='lat' dir='ltr'><strong>admisit,</strong></span> <span class='ocrx_word' id='word_1_24' title='bbox 1489 527 1620 588; x_wconf 64' lang='lat' dir='ltr'><strong>quae</strong></span> <span class='ocrx_word' id='word_1_25' title='bbox 1650 528 1781 568; x_wconf 85' lang='lat' dir='ltr'><strong>cum</strong></span> <span class='ocrx_word' id='word_1_26' title='bbox 1816 510 2079 570; x_wconf 81' lang='lat' dir='ltr'><strong>Alexan-</strong></span> 
     </span>
    </p>
   </div>
   <div class='ocr_carea' id='block_1_7' title="bbox 443 599 2078 680">
    <p class='ocr_par' dir='ltr' id='par_1_7' title="bbox 443 599 2078 680">
     <span class='ocr_line' id='line_1_7' title="bbox 443 599 2078 680; baseline 0 -19"><span class='ocrx_word' id='word_1_27' title='bbox 443 602 586 662; x_wconf 84' lang='lat' dir='ltr'><strong>driae</strong></span> <span class='ocrx_word' id='word_1_28' title='bbox 621 605 782 679; x_wconf 84' lang='lat' dir='ltr'><strong>prius</strong></span> <span class='ocrx_word' id='word_1_29' title='bbox 813 602 1117 680; x_wconf 80' lang='lat' dir='ltr'><strong>ccepisset,</strong></span> <span class='ocrx_word' id='word_1_30' title='bbox 1156 601 1216 659; x_wconf 90' lang='lat' dir='ltr'><strong>in</strong></span> <span class='ocrx_word' id='word_1_31' title='bbox 1251 599 1569 660; x_wconf 91' lang='lat' dir='ltr'><strong>ulteriores</strong></span> <span class='ocrx_word' id='word_1_32' title='bbox 1603 599 1800 678; x_wconf 79' lang='lat' dir='ltr'><strong>plagas</strong></span> <span class='ocrx_word' id='word_1_33' title='bbox 1833 617 2078 678; x_wconf 86' lang='lat' dir='ltr'><strong>progre-</strong></span> 
     </span>
    </p>
   </div>
   <div class='ocr_carea' id='block_1_8' title="bbox 443 690 740 752">
    <p class='ocr_par' dir='ltr' id='par_1_8' title="bbox 443 690 740 752">
     <span class='ocr_line' id='line_1_8' title="bbox 443 690 740 752; baseline 0.003 -1"><span class='ocrx_word' id='word_1_34' title='bbox 443 690 740 752; x_wconf 85' lang='lat' dir='ltr'><strong>diebatur.</strong></span> 
     </span>
    </p>
   </div>
   <div class='ocr_carea' id='block_1_9' title="bbox 520 865 2076 948">
    <p class='ocr_par' dir='ltr' id='par_1_9' title="bbox 520 865 2076 948">
     <span class='ocr_line' id='line_1_9' title="bbox 520 865 2076 948; baseline -0.001 -20"><span class='ocrx_word' id='word_1_35' title='bbox 520 868 591 930; x_wconf 89' lang='grc' dir='ltr'>Χ.</span> <span class='ocrx_word' id='word_1_36' title='bbox 628 870 765 931; x_wconf 65' lang='lat' dir='ltr'><strong>llaec</strong></span> <span class='ocrx_word' id='word_1_37' title='bbox 797 869 1034 948; x_wconf 86' lang='lat' dir='ltr'><strong>quidem</strong></span> <span class='ocrx_word' id='word_1_38' title='bbox 1063 870 1342 931; x_wconf 89' lang='lat' dir='ltr'><strong>Gratiano</strong></span> <span class='ocrx_word' id='word_1_39' title='bbox 1367 865 1562 925; x_wconf 86' lang='lat' dir='ltr'><strong>adhuc</strong></span> <span class='ocrx_word' id='word_1_40' title='bbox 1594 865 1914 944; x_wconf 85' lang='lat' dir='ltr'><strong>superstite</strong></span> <span class='ocrx_word' id='word_1_41' title='bbox 1943 883 2076 944; x_wconf 81' lang='lat' dir='ltr'><strong>age-</strong></span> 
     </span>
    </p>
   </div>
   <div class='ocr_carea' id='block_1_10' title="bbox 441 954 2074 1034">
    <p class='ocr_par' dir='ltr' id='par_1_10' title="bbox 441 954 2074 1034">
     <span class='ocr_line' id='line_1_10' title="bbox 441 954 2074 1034; baseline -0.001 -18"><span class='ocrx_word' id='word_1_42' title='bbox 441 956 675 1026; x_wconf 83' lang='lat' dir='ltr'><strong>bantur,</strong></span> <span class='ocrx_word' id='word_1_43' title='bbox 717 959 923 1017; x_wconf 81' lang='lat' dir='ltr'><strong>Postea</strong></span> <span class='ocrx_word' id='word_1_44' title='bbox 969 975 1101 1018; x_wconf 86' lang='lat' dir='ltr'><strong>vero</strong></span> <span class='ocrx_word' id='word_1_45' title='bbox 1147 975 1279 1016; x_wconf 92' lang='lat' dir='ltr'><strong>cum</strong></span> <span class='ocrx_word' id='word_1_46' title='bbox 1319 955 1444 1034; x_wconf 90' lang='lat' dir='ltr'><strong>ipse</strong></span> <span class='ocrx_word' id='word_1_47' title='bbox 1504 954 1762 1014; x_wconf 88' lang='lat' dir='ltr'><strong>indolem</strong></span> <span class='ocrx_word' id='word_1_48' title='bbox 1815 973 1980 1014; x_wconf 90' lang='lat' dir='ltr'><strong>suam</strong></span> <span class='ocrx_word' id='word_1_49' title='bbox 2014 956 2074 1014; x_wconf 90' lang='lat' dir='ltr'><strong>in</strong></span> 
     </span>
    </p>
   </div>
   <div class='ocr_carea' id='block_1_11' title="bbox 438 1043 2072 1124">
    <p class='ocr_par' dir='ltr' id='par_1_11' title="bbox 438 1043 2072 1124">
     <span class='ocr_line' id='line_1_11' title="bbox 438 1043 2072 1124; baseline -0.002 -18"><span class='ocrx_word' id='word_1_50' title='bbox 438 1045 616 1106; x_wconf 86' lang='lat' dir='ltr'><strong>rebus</strong></span> <span class='ocrx_word' id='word_1_51' title='bbox 648 1045 880 1107; x_wconf 89' lang='lat' dir='ltr'><strong>bellicis</strong></span> <span class='ocrx_word' id='word_1_52' title='bbox 915 1047 1040 1124; x_wconf 88' lang='lat' dir='ltr'><strong>jam</strong></span> <span class='ocrx_word' id='word_1_53' title='bbox 1107 1045 1470 1114; x_wconf 84' lang='lat' dir='ltr'><strong>ostenderet,</strong></span> <span class='ocrx_word' id='word_1_54' title='bbox 1525 1062 1592 1104; x_wconf 90' lang='lat' dir='ltr'><strong>ac</strong></span> <span class='ocrx_word' id='word_1_55' title='bbox 1641 1043 1905 1104; x_wconf 86' lang='lat' dir='ltr'><strong>civitates</strong></span> <span class='ocrx_word' id='word_1_56' title='bbox 1937 1063 2072 1103; x_wconf 91' lang='lat' dir='ltr'><strong>cum</strong></span> 
     </span>
    </p>
   </div>
   <div class='ocr_carea' id='block_1_12' title="bbox 443 1133 2084 1214">
    <p class='ocr_par' dir='ltr' id='par_1_12' title="bbox 443 1133 2084 1214">
     <span class='ocr_line' id='line_1_12' title="bbox 443 1133 2084 1214; baseline 0.001 -22"><span class='ocrx_word' id='word_1_57' title='bbox 443 1134 730 1194; x_wconf 77' lang='lat' dir='ltr'><strong>modestia</strong></span> <span class='ocrx_word' id='word_1_58' title='bbox 760 1143 934 1214; x_wconf 89' lang='lat' dir='ltr'><strong>atque</strong></span> <span class='ocrx_word' id='word_1_59' title='bbox 969 1134 1202 1213; x_wconf 76' lang='lat' dir='ltr'><strong>justitia</strong></span> <span class='ocrx_word' id='word_1_60' title='bbox 1234 1141 1490 1210; x_wconf 79' lang='lat' dir='ltr'><strong>regeret,</strong></span> <span class='ocrx_word' id='word_1_61' title='bbox 1539 1151 1646 1211; x_wconf 91' lang='lat' dir='ltr'><strong>per</strong></span> <span class='ocrx_word' id='word_1_62' title='bbox 1695 1133 1937 1192; x_wconf 89' lang='lat' dir='ltr'><strong>insidias</strong></span> <span class='ocrx_word' id='word_1_63' title='bbox 1967 1134 2084 1194; x_wconf 88' lang='lat' dir='ltr'><strong>vita</strong></span> 
     </span>
    </p>
   </div>
   <div class='ocr_carea' id='block_1_13' title="bbox 437 1225 2079 1298">
    <p class='ocr_par' dir='ltr' id='par_1_13' title="bbox 437 1225 2079 1298">
     <span class='ocr_line' id='line_1_13' title="bbox 437 1225 2079 1298; baseline 0.002 -19"><span class='ocrx_word' id='word_1_64' title='bbox 437 1227 703 1289; x_wconf 87' lang='lat' dir='ltr'><strong>excessit,</strong></span> <span class='ocrx_word' id='word_1_65' title='bbox 729 1226 870 1284; x_wconf 83' lang='lat' dir='ltr'><strong>ﬁlios</strong></span> <span class='ocrx_word' id='word_1_66' title='bbox 894 1230 1126 1298; x_wconf 86' lang='lat' dir='ltr'><strong>quidem</strong></span> <span class='ocrx_word' id='word_1_67' title='bbox 1150 1229 1245 1297; x_wconf 91' lang='lat' dir='ltr'><strong>qui</strong></span> <span class='ocrx_word' id='word_1_68' title='bbox 1271 1241 1447 1295; x_wconf 80' lang='lat' dir='ltr'><strong>regno</strong></span> <span class='ocrx_word' id='word_1_69' title='bbox 1471 1227 1862 1292; x_wconf 57' lang='lat' dir='ltr'><strong>succederent,</strong></span> <span class='ocrx_word' id='word_1_70' title='bbox 1890 1225 2079 1282; x_wconf 91' lang='lat' dir='ltr'><strong>nullos</strong></span> 
     </span>
    </p>
   </div>
   <div class='ocr_carea' id='block_1_14' title="bbox 435 1310 2080 1392">
    <p class='ocr_par' dir='ltr' id='par_1_14' title="bbox 435 1310 2080 1392">
     <span class='ocr_line' id='line_1_14' title="bbox 435 1310 2080 1392; baseline 0.001 -21"><span class='ocrx_word' id='word_1_71' title='bbox 435 1310 802 1392; x_wconf 89' lang='lat' dir='ltr'><strong>relinquens,</strong></span> <span class='ocrx_word' id='word_1_72' title='bbox 854 1314 1092 1374; x_wconf 79' lang='lat' dir='ltr'><strong>fratrem</strong></span> <span class='ocrx_word' id='word_1_73' title='bbox 1146 1331 1285 1371; x_wconf 89' lang='lat' dir='ltr'><strong>vero</strong></span> <span class='ocrx_word' id='word_1_74' title='bbox 1335 1310 1986 1388; x_wconf 87' lang='lat' dir='ltr'><strong>admodumjuvenem,</strong></span> <span class='ocrx_word' id='word_1_75' title='bbox 2022 1319 2080 1372; x_wconf 91' lang='lat' dir='ltr'><strong>et</strong></span> 
     </span>
    </p>
   </div>
   <div class='ocr_carea' id='block_1_15' title="bbox 438 1398 2073 1480">
    <p class='ocr_par' dir='ltr' id='par_1_15' title="bbox 438 1398 2073 1480">
     <span class='ocr_line' id='line_1_15' title="bbox 438 1398 2073 1480; baseline 0 -21"><span class='ocrx_word' id='word_1_76' title='bbox 438 1399 584 1477; x_wconf 88' lang='lat' dir='ltr'><strong>patri</strong></span> <span class='ocrx_word' id='word_1_77' title='bbox 617 1405 1057 1480; x_wconf 79' lang='lat' dir='ltr'><strong>cognominem,</strong></span> <span class='ocrx_word' id='word_1_78' title='bbox 1113 1417 1519 1461; x_wconf 88' lang='lat' dir='ltr'><strong>successorem</strong></span> <span class='ocrx_word' id='word_1_79' title='bbox 1556 1398 1791 1476; x_wconf 88' lang='lat' dir='ltr'><strong>imperii</strong></span> <span class='ocrx_word' id='word_1_80' title='bbox 1830 1399 2073 1461; x_wconf 78' lang='lat' dir='ltr'><strong>faciens.</strong></span> 
     </span>
    </p>
   </div>
   <div class='ocr_carea' id='block_1_16' title="bbox 434 1485 2077 1566">
    <p class='ocr_par' dir='ltr' id='par_1_16' title="bbox 434 1485 2077 1566">
     <span class='ocr_line' id='line_1_16' title="bbox 434 1485 2077 1566; baseline -0.002 -17"><span class='ocrx_word' id='word_1_81' title='bbox 434 1489 580 1549; x_wconf 91' lang='lat' dir='ltr'><strong>Tum</strong></span> <span class='ocrx_word' id='word_1_82' title='bbox 609 1507 748 1549; x_wconf 91' lang='lat' dir='ltr'><strong>vero</strong></span> <span class='ocrx_word' id='word_1_83' title='bbox 785 1491 1033 1566; x_wconf 88' lang='lat' dir='ltr'><strong>quidam</strong></span> <span class='ocrx_word' id='word_1_84' title='bbox 1071 1490 1381 1566; x_wconf 78' lang='lat' dir='ltr'><strong>Maximus,</strong></span> <span class='ocrx_word' id='word_1_85' title='bbox 1416 1498 1649 1565; x_wconf 83' lang='lat' dir='ltr'><strong>spretra</strong></span> <span class='ocrx_word' id='word_1_86' title='bbox 1683 1485 2077 1548; x_wconf 85' lang='lat' dir='ltr'><strong>Valentiniani</strong></span> 
     </span>
    </p>
   </div>
   <div class='ocr_carea' id='block_1_17' title="bbox 439 1576 2075 1656">
    <p class='ocr_par' dir='ltr' id='par_1_17' title="bbox 439 1576 2075 1656">
     <span class='ocr_line' id='line_1_17' title="bbox 439 1576 2075 1656; baseline 0.002 -21"><span class='ocrx_word' id='word_1_87' title='bbox 439 1577 713 1655; x_wconf 88' lang='lat' dir='ltr'><strong>pueritia,</strong></span> <span class='ocrx_word' id='word_1_88' title='bbox 737 1576 1140 1640; x_wconf 89' lang='lat' dir='ltr'><strong>Occidentalis</strong></span> <span class='ocrx_word' id='word_1_89' title='bbox 1171 1577 1410 1656; x_wconf 90' lang='lat' dir='ltr'><strong>imperii</strong></span> <span class='ocrx_word' id='word_1_90' title='bbox 1441 1579 1718 1637; x_wconf 84' lang='lat' dir='ltr'><strong>thronum</strong></span> <span class='ocrx_word' id='word_1_91' title='bbox 1755 1578 2075 1656; x_wconf 85' lang='lat' dir='ltr'><strong>usurpavit.</strong></span> 
     </span>
    </p>
   </div>
   <div class='ocr_carea' id='block_1_18' title="bbox 514 1666 2077 1746">
    <p class='ocr_par' dir='ltr' id='par_1_18' title="bbox 514 1666 2077 1746">
     <span class='ocr_line' id='line_1_18' title="bbox 514 1666 2077 1746; baseline 0 -20"><span class='ocrx_word' id='word_1_92' title='bbox 514 1666 606 1727; x_wconf 81' lang='lat' dir='ltr'><strong>XI.</strong></span> <span class='ocrx_word' id='word_1_93' title='bbox 648 1670 762 1728; x_wconf 75' lang='lat' dir='ltr'><strong>l’er</strong></span> <span class='ocrx_word' id='word_1_94' title='bbox 793 1667 846 1727; x_wconf 90' lang='lat' dir='ltr'><strong>id</strong></span> <span class='ocrx_word' id='word_1_95' title='bbox 879 1667 1055 1728; x_wconf 79' lang='lat' dir='ltr'><strong>etiam</strong></span> <span class='ocrx_word' id='word_1_96' title='bbox 1110 1667 1397 1746; x_wconf 86' lang='lat' dir='ltr'><strong>temporis</strong></span> <span class='ocrx_word' id='word_1_97' title='bbox 1445 1666 1694 1741; x_wconf 73' lang='lat' dir='ltr'><strong>Iustina,</strong></span> <span class='ocrx_word' id='word_1_98' title='bbox 1732 1672 1925 1744; x_wconf 90' lang='lat' dir='ltr'><strong>magni</strong></span> <span class='ocrx_word' id='word_1_99' title='bbox 1948 1669 2077 1742; x_wconf 89' lang='lat' dir='ltr'><strong>qui—</strong></span> 
     </span>
    </p>
   </div>
   <div class='ocr_carea' id='block_1_19' title="bbox 2167 511 3823 588">
    <p class='ocr_par' dir='ltr' id='par_1_19' title="bbox 2167 511 3823 588">
     <span class='ocr_line' id='line_1_19' title="bbox 2167 511 3823 588; baseline 0.004 -22"><span class='ocrx_word' id='word_1_100' title='bbox 2167 511 2329 585; x_wconf 80' lang='grc' dir='ltr'>μένης</span> <span class='ocrx_word' id='word_1_101' title='bbox 2385 514 2484 578; x_wconf 77' lang='grc' dir='ltr'>τὴς</span> <span class='ocrx_word' id='word_1_102' title='bbox 2540 511 2810 588; x_wconf 74' lang='grc' dir='ltr'>αἱρέσεως,</span> <span class='ocrx_word' id='word_1_103' title='bbox 2873 513 3067 570; x_wconf 81' lang='grc' dir='ltr'>Τούτου</span> <span class='ocrx_word' id='word_1_104' title='bbox 3128 512 3192 580; x_wconf 75' lang='grc' dir='ltr'>δὴ</span> <span class='ocrx_word' id='word_1_105' title='bbox 3264 513 3445 568; x_wconf 63' lang='grc' dir='ltr'>εἵνεκα</span> <span class='ocrx_word' id='word_1_106' title='bbox 3489 513 3668 586; x_wconf 83' lang='grc' dir='ltr'>μόνης</span> <span class='ocrx_word' id='word_1_107' title='bbox 3727 511 3823 576; x_wconf 68' lang='grc' dir='ltr'><strong>τῆς</strong></span> 
     </span>
    </p>
   </div>
   <div class='ocr_carea' id='block_1_20' title="bbox 2164 599 3824 676">
    <p class='ocr_par' dir='ltr' id='par_1_20' title="bbox 2164 599 3824 676">
     <span class='ocr_line' id='line_1_20' title="bbox 2164 599 3824 676; baseline -0.002 -20"><span class='ocrx_word' id='word_1_108' title='bbox 2164 603 2355 664; x_wconf 80' lang='grc' dir='ltr'>οἰκείας</span> <span class='ocrx_word' id='word_1_109' title='bbox 2413 599 2683 676; x_wconf 71' lang='grc' dir='ltr'><strong>βασιλείας</strong></span> <span class='ocrx_word' id='word_1_110' title='bbox 2715 603 2836 664; x_wconf 76' lang='grc' dir='ltr'>τοὺς</span> <span class='ocrx_word' id='word_1_111' title='bbox 2896 602 3221 660; x_wconf 72' lang='grc' dir='ltr'><strong>ἐπισκόπους</strong></span> <span class='ocrx_word' id='word_1_112' title='bbox 3259 605 3332 665; x_wconf 81' lang='grc' dir='ltr'>εἰς</span> <span class='ocrx_word' id='word_1_113' title='bbox 3387 603 3483 669; x_wconf 76' lang='grc' dir='ltr'>τὴν</span> <span class='ocrx_word' id='word_1_114' title='bbox 3529 610 3824 657; x_wconf 73' lang='grc' dir='ltr'>Κωνσταν-</span> 
     </span>
    </p>
   </div>
   <div class='ocr_carea' id='block_1_21' title="bbox 2163 687 3828 770">
    <p class='ocr_par' dir='ltr' id='par_1_21' title="bbox 2163 687 3828 770">
     <span class='ocr_line' id='line_1_21' title="bbox 2163 687 3828 770; baseline -0.001 -26"><span class='ocrx_word' id='word_1_115' title='bbox 2163 688 2476 746; x_wconf 69' lang='grc' dir='ltr'>τιιιούπολιν</span> <span class='ocrx_word' id='word_1_116' title='bbox 2532 693 2959 768; x_wconf 83' lang='grc' dir='ltr'>συναθροισθῆναι</span> <span class='ocrx_word' id='word_1_117' title='bbox 3033 691 3338 770; x_wconf 80' lang='grc' dir='ltr'>προσέταξε,</span> <span class='ocrx_word' id='word_1_118' title='bbox 3415 691 3654 759; x_wconf 79' lang='grc' dir='ltr'>ποιήσας</span> <span class='ocrx_word' id='word_1_119' title='bbox 3727 687 3828 754; x_wconf 69' lang='grc' dir='ltr'>τὴν</span> 
     </span>
    </p>
   </div>
   <div class='ocr_carea' id='block_1_22' title="bbox 2163 777 2399 837">
    <p class='ocr_par' dir='ltr' id='par_1_22' title="bbox 2163 777 2399 837">
     <span class='ocr_line' id='line_1_22' title="bbox 2163 777 2399 837; baseline 0.017 -5"><span class='ocrx_word' id='word_1_120' title='bbox 2163 777 2399 837; x_wconf 86' lang='grc' dir='ltr'>σύνοδον.</span> 
     </span>
    </p>
   </div>
   <div class='ocr_carea' id='block_1_23' title="bbox 2244 866 3822 947">
    <p class='ocr_par' dir='ltr' id='par_1_23' title="bbox 2244 866 3822 947">
     <span class='ocr_line' id='line_1_23' title="bbox 2244 866 3822 947; baseline -0.001 -25"><span class='ocrx_word' id='word_1_121' title='bbox 2244 866 2304 929; x_wconf 86' lang='grc' dir='ltr'>ι’,</span> <span class='ocrx_word' id='word_1_122' title='bbox 2359 875 2530 926; x_wconf 81' lang='grc' dir='ltr'>Ταῦτα</span> <span class='ocrx_word' id='word_1_123' title='bbox 2590 868 2686 940; x_wconf 82' lang='grc' dir='ltr'>μὲν</span> <span class='ocrx_word' id='word_1_124' title='bbox 2756 875 3044 944; x_wconf 69' lang='grc' dir='ltr'>Γρατιαδοῦ</span> <span class='ocrx_word' id='word_1_125' title='bbox 3099 871 3172 924; x_wconf 79' lang='grc' dir='ltr'>ἔτι</span> <span class='ocrx_word' id='word_1_126' title='bbox 3234 869 3506 947; x_wconf 81' lang='grc' dir='ltr'><strong>περιόντος</strong></span> <span class='ocrx_word' id='word_1_127' title='bbox 3575 867 3822 945; x_wconf 68' lang='grc' dir='ltr'>ἐγένετο·</span> 
     </span>
    </p>
   </div>
   <div class='ocr_carea' id='block_1_24' title="bbox 2162 954 3826 1035">
    <p class='ocr_par' dir='ltr' id='par_1_24' title="bbox 2162 954 3826 1035">
     <span class='ocr_line' id='line_1_24' title="bbox 2162 954 3826 1035; baseline 0 -26"><span class='ocrx_word' id='word_1_128' title='bbox 2162 954 2342 1021; x_wconf 77' lang='grc' dir='ltr'>ἐπειδὴ</span> <span class='ocrx_word' id='word_1_129' title='bbox 2404 955 2457 1010; x_wconf 77' lang='grc' dir='ltr'><strong>δὲ</strong></span> <span class='ocrx_word' id='word_1_130' title='bbox 2490 956 2692 1016; x_wconf 70' lang='grc' dir='ltr'>ἐκεῖνος</span> <span class='ocrx_word' id='word_1_131' title='bbox 2724 956 2778 1010; x_wconf 80' lang='grc' dir='ltr'>ἔν</span> <span class='ocrx_word' id='word_1_132' title='bbox 2827 978 2884 1011; x_wconf 89' lang='grc' dir='ltr'><strong>τε</strong></span> <span class='ocrx_word' id='word_1_133' title='bbox 2929 956 3184 1033; x_wconf 77' lang='grc' dir='ltr'><strong>πολέμοις</strong></span> <span class='ocrx_word' id='word_1_134' title='bbox 3241 958 3525 1035; x_wconf 73' lang='grc' dir='ltr'>ἀριστεύειν</span> <span class='ocrx_word' id='word_1_135' title='bbox 3571 959 3669 1012; x_wconf 81' lang='grc' dir='ltr'><strong>καὶ</strong></span> <span class='ocrx_word' id='word_1_136' title='bbox 3731 955 3826 1014; x_wconf 72' lang='grc' dir='ltr'>τὰς</span> 
     </span>
    </p>
   </div>
   <div class='ocr_carea' id='block_1_25' title="bbox 2162 1041 3827 1123">
    <p class='ocr_par' dir='ltr' id='par_1_25' title="bbox 2162 1041 3827 1123">
     <span class='ocr_line' id='line_1_25' title="bbox 2162 1041 3827 1123; baseline -0.001 -23"><span class='ocrx_word' id='word_1_137' title='bbox 2162 1043 2342 1107; x_wconf 82' lang='grc' dir='ltr'>πόλεις</span> <span class='ocrx_word' id='word_1_138' title='bbox 2393 1047 2672 1123; x_wconf 63' lang='grc' dir='ltr'>σωφρόνως</span> <span class='ocrx_word' id='word_1_139' title='bbox 2732 1067 2787 1101; x_wconf 78' lang='grc' dir='ltr'><strong>τε</strong></span> <span class='ocrx_word' id='word_1_140' title='bbox 2845 1048 2931 1102; x_wconf 85' lang='grc' dir='ltr'><strong>καὶ</strong></span> <span class='ocrx_word' id='word_1_141' title='bbox 2984 1044 3196 1110; x_wconf 80' lang='grc' dir='ltr'>δικαίως</span> <span class='ocrx_word' id='word_1_142' title='bbox 3247 1049 3428 1103; x_wconf 78' lang='grc' dir='ltr'>ἰθύνων</span> <span class='ocrx_word' id='word_1_143' title='bbox 3485 1048 3539 1110; x_wconf 74' lang='grc' dir='ltr'>ἐς</span> <span class='ocrx_word' id='word_1_144' title='bbox 3595 1041 3827 1100; x_wconf 75' lang='grc' dir='ltr'>ἐπιϐου-</span> 
     </span>
    </p>
   </div>
   <div class='ocr_carea' id='block_1_26' title="bbox 2163 1132 3826 1210">
    <p class='ocr_par' dir='ltr' id='par_1_26' title="bbox 2163 1132 3826 1210">
     <span class='ocr_line' id='line_1_26' title="bbox 2163 1132 3826 1210; baseline -0.001 -21"><span class='ocrx_word' id='word_1_145' title='bbox 2163 1133 2261 1198; x_wconf 67' lang='grc' dir='ltr'>λῆς</span> <span class='ocrx_word' id='word_1_146' title='bbox 2316 1132 2647 1208; x_wconf 82' lang='grc' dir='ltr'>ἐτελεύτησε,</span> <span class='ocrx_word' id='word_1_147' title='bbox 2683 1132 2880 1197; x_wconf 76' lang='grc' dir='ltr'>παῖδας</span> <span class='ocrx_word' id='word_1_148' title='bbox 2912 1136 3010 1208; x_wconf 76' lang='grc' dir='ltr'>μὲν</span> <span class='ocrx_word' id='word_1_149' title='bbox 3069 1136 3126 1190; x_wconf 77' lang='grc' dir='ltr'><strong>οὑ</strong></span> <span class='ocrx_word' id='word_1_150' title='bbox 3185 1136 3492 1192; x_wconf 80' lang='grc' dir='ltr'>καταλιπὼν</span> <span class='ocrx_word' id='word_1_151' title='bbox 3541 1133 3826 1210; x_wconf 79' lang='grc' dir='ltr'>κληρονό-</span> 
     </span>
    </p>
   </div>
   <div class='ocr_carea' id='block_1_27' title="bbox 2164 1222 3827 1306">
    <p class='ocr_par' dir='ltr' id='par_1_27' title="bbox 2164 1222 3827 1306">
     <span class='ocr_line' id='line_1_27' title="bbox 2164 1222 3827 1306; baseline -0.001 -28"><span class='ocrx_word' id='word_1_152' title='bbox 2164 1245 2293 1296; x_wconf 86' lang='grc' dir='ltr'><strong>μους</strong></span> <span class='ocrx_word' id='word_1_153' title='bbox 2335 1227 2431 1288; x_wconf 83' lang='grc' dir='ltr'>τῆς</span> <span class='ocrx_word' id='word_1_154' title='bbox 2458 1295 2466 1306; x_wconf 42' lang='grc'><strong>.</strong></span> <span class='ocrx_word' id='word_1_155' title='bbox 2489 1222 2783 1298; x_wconf 73' lang='grc' dir='ltr'>βασιλείας,</span> <span class='ocrx_word' id='word_1_156' title='bbox 2815 1223 3038 1302; x_wconf 70' lang='grc' dir='ltr'>ἀδελφὸν</span> <span class='ocrx_word' id='word_1_157' title='bbox 3081 1223 3135 1279; x_wconf 79' lang='grc' dir='ltr'>δὲ</span> <span class='ocrx_word' id='word_1_158' title='bbox 3193 1222 3386 1298; x_wconf 80' lang='grc' dir='ltr'>κομιδῆ</span> <span class='ocrx_word' id='word_1_159' title='bbox 3418 1225 3534 1280; x_wconf 90' lang='grc' dir='ltr'>νέον</span> <span class='ocrx_word' id='word_1_160' title='bbox 3597 1223 3827 1298; x_wconf 79' lang='grc' dir='ltr'>ὁμώνυ-</span> 
     </span>
    </p>
   </div>
   <div class='ocr_carea' id='block_1_28' title="bbox 2164 1311 3823 1392">
    <p class='ocr_par' dir='ltr' id='par_1_28' title="bbox 2164 1311 3823 1392">
     <span class='ocr_line' id='line_1_28' title="bbox 2164 1311 3823 1392; baseline -0.003 -24"><span class='ocrx_word' id='word_1_161' title='bbox 2164 1335 2264 1386; x_wconf 73' lang='grc' dir='ltr'><strong>μον</strong></span> <span class='ocrx_word' id='word_1_162' title='bbox 2294 1311 2383 1367; x_wconf 75' lang='grc' dir='ltr'><strong>τού</strong></span> <span class='ocrx_word' id='word_1_163' title='bbox 2427 1315 2623 1388; x_wconf 74' lang='grc' dir='ltr'>πατρὸς</span> <span class='ocrx_word' id='word_1_164' title='bbox 2655 1311 2902 1392; x_wconf 66' lang='grc' dir='ltr'>διάδοχον</span> <span class='ocrx_word' id='word_1_165' title='bbox 2933 1319 3030 1378; x_wconf 79' lang='grc' dir='ltr'><strong>τῆς</strong></span> <span class='ocrx_word' id='word_1_166' title='bbox 3081 1313 3347 1389; x_wconf 76' lang='grc' dir='ltr'>βασιλείας</span> <span class='ocrx_word' id='word_1_167' title='bbox 3395 1311 3823 1369; x_wconf 71' lang='grc' dir='ltr'>καταλέλοιπεν·</span> 
     </span>
    </p>
   </div>
   <div class='ocr_carea' id='block_1_29' title="bbox 2165 1397 3830 1480">
    <p class='ocr_par' dir='ltr' id='par_1_29' title="bbox 2165 1397 3830 1480">
     <span class='ocr_line' id='line_1_29' title="bbox 2165 1397 3830 1480; baseline 0 -26"><span class='ocrx_word' id='word_1_168' title='bbox 2165 1399 2402 1475; x_wconf 75' lang='grc' dir='ltr'><strong>Μάξιμος</strong></span> <span class='ocrx_word' id='word_1_169' title='bbox 2457 1397 2545 1470; x_wconf 76' lang='grc' dir='ltr'><strong>δὴ,</strong></span> <span class='ocrx_word' id='word_1_170' title='bbox 2579 1400 2675 1466; x_wconf 74' lang='grc' dir='ltr'>τῆς</span> <span class='ocrx_word' id='word_1_171' title='bbox 2737 1401 3171 1460; x_wconf 79' lang='grc' dir='ltr'>Οὑαλεντινιανοῦ</span> <span class='ocrx_word' id='word_1_172' title='bbox 3226 1402 3638 1480; x_wconf 74' lang='grc' dir='ltr'><strong>καταφρονήσας</strong></span> <span class='ocrx_word' id='word_1_173' title='bbox 3704 1399 3830 1454; x_wconf 86' lang='grc' dir='ltr'>νεό-</span> 
     </span>
    </p>
   </div>
   <div class='ocr_carea' id='block_1_30' title="bbox 2161 1487 2634 1566">
    <p class='ocr_par' dir='ltr' id='par_1_30' title="bbox 2161 1487 2634 1566">
     <span class='ocr_line' id='line_1_30' title="bbox 2161 1487 2634 1566; baseline 0.004 -23"><span class='ocrx_word' id='word_1_174' title='bbox 2161 1510 2344 1566; x_wconf 76' lang='grc' dir='ltr'>τητος,</span> <span class='ocrx_word' id='word_1_175' title='bbox 2379 1487 2634 1566; x_wconf 74' lang='grc' dir='ltr'>ἥρπασεν.</span> 
     </span>
    </p>
   </div>
   <div class='ocr_carea' id='block_1_31' title="bbox 2241 1663 3828 1744">
    <p class='ocr_par' dir='ltr' id='par_1_31' title="bbox 2241 1663 3828 1744">
     <span class='ocr_line' id='line_1_31' title="bbox 2241 1663 3828 1744; baseline 0 -26"><span class='ocrx_word' id='word_1_176' title='bbox 2241 1663 2346 1722; x_wconf 77' lang='grc' dir='ltr'><strong>ΙΛ’.</strong></span> <span class='ocrx_word' id='word_1_177' title='bbox 2408 1665 2536 1722; x_wconf 84' lang='grc' dir='ltr'>Κατ’</span> <span class='ocrx_word' id='word_1_178' title='bbox 2570 1665 2772 1721; x_wconf 77' lang='grc' dir='ltr'>ἐκεῖνον</span> <span class='ocrx_word' id='word_1_179' title='bbox 2805 1663 2859 1720; x_wconf 81' lang='grc' dir='ltr'><strong>δὲ</strong></span> <span class='ocrx_word' id='word_1_180' title='bbox 2909 1667 3000 1720; x_wconf 76' lang='grc' dir='ltr'><strong>τὸν</strong></span> <span class='ocrx_word' id='word_1_181' title='bbox 3030 1668 3225 1744; x_wconf 81' lang='grc' dir='ltr'>χρόνον</span> <span class='ocrx_word' id='word_1_182' title='bbox 3260 1663 3536 1739; x_wconf 77' lang='grc' dir='ltr'>ἰουστίνα,</span> <span class='ocrx_word' id='word_1_183' title='bbox 3570 1663 3828 1722; x_wconf 80' lang='grc' dir='ltr'>Οὑαλεν-</span> 
     </span>
    </p>
   </div>
   <div class='ocr_carea' id='block_1_32' title="bbox 433 1753 2067 1836">
    <p class='ocr_par' dir='ltr' id='par_1_32' title="bbox 433 1755 2067 1836">
     <span class='ocr_line' id='line_1_32' title="bbox 433 1755 2067 1836; baseline -0.001 -20"><span class='ocrx_word' id='word_1_184' title='bbox 433 1756 569 1816; x_wconf 89' lang='lat' dir='ltr'><strong>dem</strong></span> <span class='ocrx_word' id='word_1_185' title='bbox 603 1755 1002 1817; x_wconf 84' lang='lat' dir='ltr'><strong>Valentiniani</strong></span> <span class='ocrx_word' id='word_1_186' title='bbox 1053 1757 1292 1836; x_wconf 81' lang='lat' dir='ltr'><strong>conjux,</strong></span> <span class='ocrx_word' id='word_1_187' title='bbox 1355 1764 1541 1815; x_wconf 87' lang='lat' dir='ltr'><strong>mater</strong></span> <span class='ocrx_word' id='word_1_188' title='bbox 1569 1764 1764 1815; x_wconf 89' lang='lat' dir='ltr'><strong>autem</strong></span> <span class='ocrx_word' id='word_1_189' title='bbox 1791 1755 2067 1832; x_wconf 87' lang='lat' dir='ltr'><strong>junioris,</strong></span> 
     </span>
    </p>
   </div>
   <div class='ocr_carea' id='block_1_33' title="bbox 2160 1753 3829 1836">
    <p class='ocr_par' dir='ltr' id='par_1_33' title="bbox 2160 1753 3829 1832">
     <span class='ocr_line' id='line_1_33' title="bbox 2160 1753 3829 1832; baseline 0.002 -26"><span class='ocrx_word' id='word_1_190' title='bbox 2160 1759 2388 1808; x_wconf 80' lang='grc' dir='ltr'>τινιανοῦ</span> <span class='ocrx_word' id='word_1_191' title='bbox 2443 1754 2540 1827; x_wconf 77' lang='grc' dir='ltr'>μὲν</span> <span class='ocrx_word' id='word_1_192' title='bbox 2597 1756 2804 1832; x_wconf 75' lang='grc' dir='ltr'>γαμετὴ</span> <span class='ocrx_word' id='word_1_193' title='bbox 2849 1762 2938 1810; x_wconf 84' lang='grc' dir='ltr'>τοῦ</span> <span class='ocrx_word' id='word_1_194' title='bbox 2990 1755 3244 1832; x_wconf 76' lang='grc' dir='ltr'>μεγάλου,</span> <span class='ocrx_word' id='word_1_195' title='bbox 3281 1763 3373 1810; x_wconf 74' lang='grc' dir='ltr'><strong>τοῦ</strong></span> <span class='ocrx_word' id='word_1_196' title='bbox 3427 1753 3480 1809; x_wconf 76' lang='grc' dir='ltr'>δὲ</span> <span class='ocrx_word' id='word_1_197' title='bbox 3526 1753 3655 1809; x_wconf 85' lang='grc' dir='ltr'>νέου</span> <span class='ocrx_word' id='word_1_198' title='bbox 3722 1753 3829 1827; x_wconf 77' lang='grc' dir='ltr'><strong>μή-</strong></span> 
     </span>
    </p>
   </div>
   <div class='ocr_carea' id='block_1_34' title="bbox 433 1844 2068 1925">
    <p class='ocr_par' dir='ltr' id='par_1_34' title="bbox 433 1844 2068 1925">
     <span class='ocr_line' id='line_1_34' title="bbox 433 1844 2068 1925; baseline 0.001 -20"><span class='ocrx_word' id='word_1_199' title='bbox 433 1864 563 1923; x_wconf 84' lang='lat' dir='ltr'><strong>quae</strong></span> <span class='ocrx_word' id='word_1_200' title='bbox 593 1846 879 1906; x_wconf 79' lang='lat' dir='ltr'><strong>doctrinae</strong></span> <span class='ocrx_word' id='word_1_201' title='bbox 939 1848 1171 1907; x_wconf 68' lang='lat' dir='ltr'><strong>Arianae</strong></span> <span class='ocrx_word' id='word_1_202' title='bbox 1220 1863 1427 1905; x_wconf 90' lang='lat' dir='ltr'><strong>semen</strong></span> <span class='ocrx_word' id='word_1_203' title='bbox 1475 1844 1699 1903; x_wconf 89' lang='lat' dir='ltr'><strong>dudum</strong></span> <span class='ocrx_word' id='word_1_204' title='bbox 1732 1854 2068 1925; x_wconf 83' lang='lat' dir='ltr'><strong>exceperat,</strong></span> 
     </span>
    </p>
   </div>
   <div class='ocr_carea' id='block_1_35' title="bbox 435 1934 2072 2007">
    <p class='ocr_par' dir='ltr' id='par_1_35' title="bbox 435 1934 2072 2007">
     <span class='ocr_line' id='line_1_35' title="bbox 435 1934 2072 2007; baseline 0.002 -19"><span class='ocrx_word' id='word_1_205' title='bbox 435 1934 576 1990; x_wconf 86' lang='lat' dir='ltr'><strong>illud</strong></span> <span class='ocrx_word' id='word_1_206' title='bbox 613 1935 732 1990; x_wconf 80' lang='lat' dir='ltr'><strong>ﬁlio</strong></span> <span class='ocrx_word' id='word_1_207' title='bbox 767 1937 1169 1993; x_wconf 79' lang='lat' dir='ltr'><strong>manilestavit.</strong></span> <span class='ocrx_word' id='word_1_208' title='bbox 1197 1935 1390 1992; x_wconf 75' lang='lat' dir='ltr'><strong>Zetum</strong></span> <span class='ocrx_word' id='word_1_209' title='bbox 1415 1934 1565 1990; x_wconf 91' lang='lat' dir='ltr'><strong>enim</strong></span> <span class='ocrx_word' id='word_1_210' title='bbox 1592 1936 1777 1991; x_wconf 89' lang='lat' dir='ltr'><strong>mariti</strong></span> <span class='ocrx_word' id='word_1_211' title='bbox 1809 1941 1894 1990; x_wconf 85' lang='lat' dir='ltr'><strong>sui</strong></span> <span class='ocrx_word' id='word_1_212' title='bbox 1940 1952 2072 2007; x_wconf 81' lang='lat' dir='ltr'><strong>erga</strong></span> 
     </span>
    </p>
   </div>
   <div class='ocr_carea' id='block_1_36' title="bbox 433 2017 2077 2099">
    <p class='ocr_par' dir='ltr' id='par_1_36' title="bbox 433 2017 2077 2099">
     <span class='ocr_line' id='line_1_36' title="bbox 433 2017 2077 2099; baseline 0.002 -23"><span class='ocrx_word' id='word_1_213' title='bbox 433 2017 613 2077; x_wconf 80' lang='lat' dir='ltr'><strong>(idem</strong></span> <span class='ocrx_word' id='word_1_214' title='bbox 645 2017 1038 2080; x_wconf 85' lang='lat' dir='ltr'><strong>orthodoxam</strong></span> <span class='ocrx_word' id='word_1_215' title='bbox 1074 2029 1449 2099; x_wconf 86' lang='lat' dir='ltr'><strong>perspectum</strong></span> <span class='ocrx_word' id='word_1_216' title='bbox 1479 2017 1724 2093; x_wconf 85' lang='lat' dir='ltr'><strong>habens,</strong></span> <span class='ocrx_word' id='word_1_217' title='bbox 1752 2019 1942 2097; x_wconf 88' lang='lat' dir='ltr'><strong>quoad</strong></span> <span class='ocrx_word' id='word_1_218' title='bbox 1976 2019 2077 2080; x_wconf 89' lang='lat' dir='ltr'><strong>ille</strong></span> 
     </span>
    </p>
   </div>
   <div class='ocr_carea' id='block_1_37' title="bbox 433 2105 2072 2181">
    <p class='ocr_par' dir='ltr' id='par_1_37' title="bbox 433 2105 2072 2181">
     <span class='ocr_line' id='line_1_37' title="bbox 433 2105 2072 2181; baseline 0.001 -16"><span class='ocrx_word' id='word_1_219' title='bbox 433 2107 494 2166; x_wconf 91' lang='lat' dir='ltr'><strong>in</strong></span> <span class='ocrx_word' id='word_1_220' title='bbox 518 2108 658 2167; x_wconf 88' lang='lat' dir='ltr'><strong>vivis</strong></span> <span class='ocrx_word' id='word_1_221' title='bbox 681 2105 810 2181; x_wconf 81' lang='lat' dir='ltr'><strong>fuit,</strong></span> <span class='ocrx_word' id='word_1_222' title='bbox 859 2107 1049 2169; x_wconf 88' lang='lat' dir='ltr'><strong>latere</strong></span> <span class='ocrx_word' id='word_1_223' title='bbox 1073 2115 1284 2169; x_wconf 89' lang='lat' dir='ltr'><strong>conata</strong></span> <span class='ocrx_word' id='word_1_224' title='bbox 1310 2115 1399 2167; x_wconf 92' lang='lat' dir='ltr'><strong>est</strong></span> <span class='ocrx_word' id='word_1_225' title='bbox 1426 2123 1438 2164; x_wconf 91' lang='lat'>:</span> <span class='ocrx_word' id='word_1_226' title='bbox 1469 2124 1602 2166; x_wconf 90' lang='lat' dir='ltr'><strong>cum</strong></span> <span class='ocrx_word' id='word_1_227' title='bbox 1635 2123 1779 2166; x_wconf 90' lang='lat' dir='ltr'><strong>vero</strong></span> <span class='ocrx_word' id='word_1_228' title='bbox 1813 2115 2072 2168; x_wconf 91' lang='lat' dir='ltr'><strong>mentem</strong></span> 
     </span>
    </p>
   </div>
   <div class='ocr_carea' id='block_1_38' title="bbox 433 2194 2072 2275">
    <p class='ocr_par' dir='ltr' id='par_1_38' title="bbox 433 2194 2072 2275">
     <span class='ocr_line' id='line_1_38' title="bbox 433 2194 2072 2275; baseline 0.002 -21"><span class='ocrx_word' id='word_1_229' title='bbox 433 2194 539 2254; x_wconf 85' lang='lat' dir='ltr'><strong>ﬁlii</strong></span> <span class='ocrx_word' id='word_1_230' title='bbox 566 2204 827 2257; x_wconf 88' lang='lat' dir='ltr'><strong>teneram</strong></span> <span class='ocrx_word' id='word_1_231' title='bbox 862 2214 994 2258; x_wconf 85' lang='lat' dir='ltr'><strong>esse</strong></span> <span class='ocrx_word' id='word_1_232' title='bbox 1052 2204 1228 2275; x_wconf 86' lang='lat' dir='ltr'><strong>atque</strong></span> <span class='ocrx_word' id='word_1_233' title='bbox 1288 2195 1550 2256; x_wconf 77' lang='lat' dir='ltr'><strong>nobilem</strong></span> <span class='ocrx_word' id='word_1_234' title='bbox 1602 2214 1718 2255; x_wconf 89' lang='lat' dir='ltr'><strong>non</strong></span> <span class='ocrx_word' id='word_1_235' title='bbox 1752 2195 2072 2274; x_wconf 85' lang='lat' dir='ltr'><strong>ignoraret,</strong></span> 
     </span>
    </p>
   </div>
   <div class='ocr_carea' id='block_1_39' title="bbox 433 2285 2072 2365">
    <p class='ocr_par' dir='ltr' id='par_1_39' title="bbox 433 2285 2072 2365">
     <span class='ocr_line' id='line_1_39' title="bbox 433 2285 2072 2365; baseline 0.002 -20"><span class='ocrx_word' id='word_1_236' title='bbox 433 2285 702 2347; x_wconf 87' lang='lat' dir='ltr'><strong>fraudem</strong></span> <span class='ocrx_word' id='word_1_237' title='bbox 744 2305 910 2347; x_wconf 79' lang='lat' dir='ltr'><strong>suam</strong></span> <span class='ocrx_word' id='word_1_238' title='bbox 948 2287 1008 2347; x_wconf 89' lang='lat' dir='ltr'><strong>in</strong></span> <span class='ocrx_word' id='word_1_239' title='bbox 1044 2286 1305 2348; x_wconf 91' lang='lat' dir='ltr'><strong>medium</strong></span> <span class='ocrx_word' id='word_1_240' title='bbox 1341 2285 1606 2365; x_wconf 80' lang='lat' dir='ltr'><strong>proferre</strong></span> <span class='ocrx_word' id='word_1_241' title='bbox 1631 2305 1747 2346; x_wconf 92' lang='lat' dir='ltr'><strong>non</strong></span> <span class='ocrx_word' id='word_1_242' title='bbox 1769 2286 2072 2349; x_wconf 88' lang='lat' dir='ltr'><strong>dubitavit.</strong></span> 
     </span>
    </p>
   </div>
   <div class='ocr_carea' id='block_1_40' title="bbox 429 2371 2076 2454">
    <p class='ocr_par' dir='ltr' id='par_1_40' title="bbox 429 2371 2076 2454">
     <span class='ocr_line' id='line_1_40' title="bbox 429 2371 2076 2454; baseline 0.001 -21"><span class='ocrx_word' id='word_1_243' title='bbox 429 2371 538 2434; x_wconf 85' lang='lat' dir='ltr'><strong>Hic</strong></span> <span class='ocrx_word' id='word_1_244' title='bbox 579 2392 715 2435; x_wconf 80' lang='lat' dir='ltr'><strong>vero</strong></span> <span class='ocrx_word' id='word_1_245' title='bbox 777 2375 1195 2454; x_wconf 84' lang='lat' dir='ltr'><strong>suggestiones</strong></span> <span class='ocrx_word' id='word_1_246' title='bbox 1255 2373 1464 2434; x_wconf 83' lang='lat' dir='ltr'><strong>matris</strong></span> <span class='ocrx_word' id='word_1_247' title='bbox 1499 2373 1673 2434; x_wconf 89' lang='lat' dir='ltr'><strong>utiles</strong></span> <span class='ocrx_word' id='word_1_248' title='bbox 1727 2383 1962 2453; x_wconf 90' lang='lat' dir='ltr'><strong>putans,</strong></span> <span class='ocrx_word' id='word_1_249' title='bbox 2019 2382 2076 2435; x_wconf 91' lang='lat' dir='ltr'><strong>et</strong></span> 
     </span>
    </p>
   </div>
   <div class='ocr_carea' id='block_1_41' title="bbox 430 2466 2071 2536">
    <p class='ocr_par' dir='ltr' id='par_1_41' title="bbox 430 2466 2071 2536">
     <span class='ocr_line' id='line_1_41' title="bbox 430 2466 2071 2536; baseline -0.001 -15"><span class='ocrx_word' id='word_1_250' title='bbox 430 2477 664 2536; x_wconf 80' lang='lat' dir='ltr'><strong>propter</strong></span> <span class='ocrx_word' id='word_1_251' title='bbox 689 2475 909 2523; x_wconf 70' lang='lat' dir='ltr'><strong>aetatem</strong></span> <span class='ocrx_word' id='word_1_252' title='bbox 929 2481 1117 2523; x_wconf 73' lang='lat' dir='ltr'><strong>escam</strong></span> <span class='ocrx_word' id='word_1_253' title='bbox 1156 2466 1550 2522; x_wconf 66' lang='lat' dir='ltr'><strong>illecebrosam</strong></span> <span class='ocrx_word' id='word_1_254' title='bbox 1577 2475 1794 2521; x_wconf 62' lang='lat' dir='ltr'><strong>natura;</strong></span> <span class='ocrx_word' id='word_1_255' title='bbox 1819 2467 2071 2530; x_wconf 86' lang='lat' dir='ltr'><strong>intuitus,</strong></span> 
     </span>
    </p>
   </div>
   <div class='ocr_carea' id='block_1_42' title="bbox 426 2549 2076 2631">
    <p class='ocr_par' dir='ltr' id='par_1_42' title="bbox 426 2549 2076 2631">
     <span class='ocr_line' id='line_1_42' title="bbox 426 2549 2076 2631; baseline 0 -21"><span class='ocrx_word' id='word_1_256' title='bbox 426 2549 752 2630; x_wconf 87' lang='lat' dir='ltr'><strong>derepente</strong></span> <span class='ocrx_word' id='word_1_257' title='bbox 778 2550 988 2612; x_wconf 88' lang='lat' dir='ltr'><strong>incidit</strong></span> <span class='ocrx_word' id='word_1_258' title='bbox 1011 2551 1068 2611; x_wconf 92' lang='lat' dir='ltr'><strong>in</strong></span> <span class='ocrx_word' id='word_1_259' title='bbox 1093 2551 1401 2631; x_wconf 89' lang='lat' dir='ltr'><strong>laqueum.</strong></span> <span class='ocrx_word' id='word_1_260' title='bbox 1428 2551 1804 2629; x_wconf 84' lang='lat' dir='ltr'><strong>Quapropter</strong></span> <span class='ocrx_word' id='word_1_261' title='bbox 1829 2568 2076 2627; x_wconf 88' lang='lat' dir='ltr'><strong>magnus</strong></span> 
     </span>
    </p>
   </div>
   <div class='ocr_carea' id='block_1_43' title="bbox 425 2636 2073 2720">
    <p class='ocr_par' dir='ltr' id='par_1_43' title="bbox 425 2636 2073 2720">
     <span class='ocr_line' id='line_1_43' title="bbox 425 2636 2073 2720; baseline 0 -20"><span class='ocrx_word' id='word_1_262' title='bbox 425 2639 797 2714; x_wconf 83' lang='lat' dir='ltr'><strong>Ambrosius,</strong></span> <span class='ocrx_word' id='word_1_263' title='bbox 824 2641 922 2720; x_wconf 91' lang='lat' dir='ltr'><strong>qui</strong></span> <span class='ocrx_word' id='word_1_264' title='bbox 947 2659 1184 2701; x_wconf 91' lang='lat' dir='ltr'><strong>omnem</strong></span> <span class='ocrx_word' id='word_1_265' title='bbox 1207 2639 1449 2719; x_wconf 91' lang='lat' dir='ltr'><strong>quidem</strong></span> <span class='ocrx_word' id='word_1_266' title='bbox 1474 2638 1755 2698; x_wconf 84' lang='lat' dir='ltr'><strong>Arianam</strong></span> <span class='ocrx_word' id='word_1_267' title='bbox 1780 2636 2073 2700; x_wconf 83' lang='lat' dir='ltr'><strong>fallaciam</strong></span> 
     </span>
    </p>
   </div>
   <div class='ocr_carea' id='block_1_44' title="bbox 426 2727 2074 2808">
    <p class='ocr_par' dir='ltr' id='par_1_44' title="bbox 426 2727 2074 2808">
     <span class='ocr_line' id='line_1_44' title="bbox 426 2727 2074 2808; baseline 0 -20"><span class='ocrx_word' id='word_1_268' title='bbox 426 2745 496 2788; x_wconf 85' lang='lat' dir='ltr'><strong>ex</strong></span> <span class='ocrx_word' id='word_1_269' title='bbox 530 2728 696 2790; x_wconf 89' lang='lat' dir='ltr'><strong>Italia</strong></span> <span class='ocrx_word' id='word_1_270' title='bbox 739 2728 861 2805; x_wconf 89' lang='lat' dir='ltr'><strong>jam</strong></span> <span class='ocrx_word' id='word_1_271' title='bbox 914 2729 1145 2807; x_wconf 91' lang='lat' dir='ltr'><strong>pridem</strong></span> <span class='ocrx_word' id='word_1_272' title='bbox 1207 2727 1530 2805; x_wconf 78' lang='lat' dir='ltr'><strong>expulerat,</strong></span> <span class='ocrx_word' id='word_1_273' title='bbox 1585 2745 1719 2787; x_wconf 93' lang='lat' dir='ltr'><strong>cum</strong></span> <span class='ocrx_word' id='word_1_274' title='bbox 1772 2727 2074 2808; x_wconf 86' lang='lat' dir='ltr'><strong>acciperet</strong></span> 
     </span>
    </p>
   </div>
   <div class='ocr_carea' id='block_1_45' title="bbox 425 2815 2064 2897">
    <p class='ocr_par' dir='ltr' id='par_1_45' title="bbox 425 2815 2064 2897">
     <span class='ocr_line' id='line_1_45' title="bbox 425 2815 2064 2897; baseline 0.001 -21"><span class='ocrx_word' id='word_1_275' title='bbox 425 2834 678 2894; x_wconf 87' lang='lat' dir='ltr'><strong>puerum</strong></span> <span class='ocrx_word' id='word_1_276' title='bbox 700 2834 938 2896; x_wconf 88' lang='lat' dir='ltr'><strong>quoque</strong></span> <span class='ocrx_word' id='word_1_277' title='bbox 962 2815 1445 2879; x_wconf 83' lang='lat' dir='ltr'><strong>Valentinianum</strong></span> <span class='ocrx_word' id='word_1_278' title='bbox 1473 2818 1532 2878; x_wconf 90' lang='lat' dir='ltr'><strong>in</strong></span> <span class='ocrx_word' id='word_1_279' title='bbox 1555 2815 1741 2897; x_wconf 89' lang='lat' dir='ltr'><strong>ipsam</strong></span> <span class='ocrx_word' id='word_1_280' title='bbox 1775 2817 2064 2893; x_wconf 86' lang='lat' dir='ltr'><strong>incidere,</strong></span> 
     </span>
    </p>
   </div>
   <div class='ocr_carea' id='block_1_46' title="bbox 418 2904 2066 2986">
    <p class='ocr_par' dir='ltr' id='par_1_46' title="bbox 418 2904 2066 2986">
     <span class='ocr_line' id='line_1_46' title="bbox 418 2904 2066 2986; baseline 0.002 -21"><span class='ocrx_word' id='word_1_281' title='bbox 418 2904 656 2982; x_wconf 88' lang='lat' dir='ltr'><strong>juvenis</strong></span> <span class='ocrx_word' id='word_1_282' title='bbox 687 2905 944 2966; x_wconf 87' lang='lat' dir='ltr'><strong>animam</strong></span> <span class='ocrx_word' id='word_1_283' title='bbox 975 2905 1047 2966; x_wconf 89' lang='lat' dir='ltr'><strong>ab</strong></span> <span class='ocrx_word' id='word_1_284' title='bbox 1083 2925 1152 2967; x_wconf 85' lang='lat' dir='ltr'><strong>ea</strong></span> <span class='ocrx_word' id='word_1_285' title='bbox 1201 2906 1498 2980; x_wconf 81' lang='lat' dir='ltr'><strong>libertate,</strong></span> <span class='ocrx_word' id='word_1_286' title='bbox 1532 2918 1816 2985; x_wconf 87' lang='lat' dir='ltr'><strong>quantum</strong></span> <span class='ocrx_word' id='word_1_287' title='bbox 1849 2911 1908 2966; x_wconf 93' lang='lat' dir='ltr'><strong>in</strong></span> <span class='ocrx_word' id='word_1_288' title='bbox 1942 2907 2066 2986; x_wconf 88' lang='lat' dir='ltr'><strong>ipso</strong></span> 
     </span>
    </p>
   </div>
   <div class='ocr_carea' id='block_1_47' title="bbox 425 2993 2065 3074">
    <p class='ocr_par' dir='ltr' id='par_1_47' title="bbox 425 2993 2065 3074">
     <span class='ocr_line' id='line_1_47' title="bbox 425 2993 2065 3074; baseline 0.002 -20"><span class='ocrx_word' id='word_1_289' title='bbox 425 3001 573 3067; x_wconf 85' lang='lat' dir='ltr'><strong>erat,</strong></span> <span class='ocrx_word' id='word_1_290' title='bbox 608 2993 926 3072; x_wconf 82' lang='lat' dir='ltr'><strong>satagebat.</strong></span> <span class='ocrx_word' id='word_1_291' title='bbox 957 2993 1067 3056; x_wconf 89' lang='lat' dir='ltr'><strong>Hic</strong></span> <span class='ocrx_word' id='word_1_292' title='bbox 1105 3004 1301 3057; x_wconf 82' lang='lat' dir='ltr'><strong>autem</strong></span> <span class='ocrx_word' id='word_1_293' title='bbox 1329 2999 1511 3056; x_wconf 87' lang='lat' dir='ltr'><strong>virum</strong></span> <span class='ocrx_word' id='word_1_294' title='bbox 1535 2996 1699 3056; x_wconf 89' lang='lat' dir='ltr'><strong>illum</strong></span> <span class='ocrx_word' id='word_1_295' title='bbox 1726 3005 2065 3074; x_wconf 89' lang='lat' dir='ltr'><strong>suspectum</strong></span> 
     </span>
    </p>
   </div>
   <div class='ocr_carea' id='block_1_48' title="bbox 421 3081 2125 3183">
    <p class='ocr_par' dir='ltr' id='par_1_48' title="bbox 421 3081 2125 3183">
     <span class='ocr_line' id='line_1_48' title="bbox 421 3081 2125 3183; baseline 0.002 -41"><span class='ocrx_word' id='word_1_296' title='bbox 421 3081 676 3183; x_wconf 81' lang='lat' dir='ltr'><strong>habebat</strong></span> <span class='ocrx_word' id='word_1_297' title='bbox 707 3083 876 3162; x_wconf 89' lang='lat' dir='ltr'><strong>quasi</strong></span> <span class='ocrx_word' id='word_1_298' title='bbox 899 3083 1333 3164; x_wconf 85' lang='lat' dir='ltr'><strong>adversarium,</strong></span> <span class='ocrx_word' id='word_1_299' title='bbox 1365 3093 1421 3144; x_wconf 93' lang='lat' dir='ltr'><strong>et</strong></span> <span class='ocrx_word' id='word_1_300' title='bbox 1437 3083 1726 3145; x_wconf 90' lang='lat' dir='ltr'><strong>adversus</strong></span> <span class='ocrx_word' id='word_1_301' title='bbox 1767 3102 1902 3145; x_wconf 87' lang='lat' dir='ltr'><strong>eum</strong></span> <span class='ocrx_word' id='word_1_302' title='bbox 1936 3104 2066 3164; x_wconf 85' lang='lat' dir='ltr'><strong>per-</strong></span> <span class='ocrx_word' id='word_1_303' title='bbox 2083 3132 2125 3183; x_wconf 57' lang='grc' dir='ltr'><strong>Ο</strong></span> 
     </span>
    </p>
   </div>
   <div class='ocr_carea' id='block_1_49' title="bbox 419 3170 1741 3254">
    <p class='ocr_par' dir='ltr' id='par_1_49' title="bbox 419 3170 1741 3254">
     <span class='ocr_line' id='line_1_49' title="bbox 419 3170 1741 3254; baseline 0.003 -23"><span class='ocrx_word' id='word_1_304' title='bbox 419 3170 564 3232; x_wconf 88' lang='lat' dir='ltr'><strong>inde</strong></span> <span class='ocrx_word' id='word_1_305' title='bbox 593 3190 662 3232; x_wconf 90' lang='lat' dir='ltr'><strong>ac</strong></span> <span class='ocrx_word' id='word_1_306' title='bbox 695 3171 1026 3250; x_wconf 85' lang='lat' dir='ltr'><strong>professum</strong></span> <span class='ocrx_word' id='word_1_307' title='bbox 1061 3173 1293 3234; x_wconf 86' lang='lat' dir='ltr'><strong>hostem</strong></span> <span class='ocrx_word' id='word_1_308' title='bbox 1328 3181 1563 3254; x_wconf 86' lang='lat' dir='ltr'><strong>paratus</strong></span> <span class='ocrx_word' id='word_1_309' title='bbox 1593 3183 1741 3235; x_wconf 89' lang='lat' dir='ltr'><strong>erat.</strong></span> 
     </span>
    </p>
   </div>
   <div class='ocr_carea' id='block_1_50' title="bbox 491 3262 2070 3336">
    <p class='ocr_par' dir='ltr' id='par_1_50' title="bbox 491 3262 2070 3336">
     <span class='ocr_line' id='line_1_50' title="bbox 491 3262 2070 3336; baseline 0.003 -18"><span class='ocrx_word' id='word_1_310' title='bbox 491 3262 608 3318; x_wconf 85' lang='lat' dir='ltr'><strong>XII.</strong></span> <span class='ocrx_word' id='word_1_311' title='bbox 647 3263 747 3319; x_wconf 84' lang='lat' dir='ltr'><strong>Hic</strong></span> <span class='ocrx_word' id='word_1_312' title='bbox 771 3277 938 3333; x_wconf 86' lang='lat' dir='ltr'><strong>porro</strong></span> <span class='ocrx_word' id='word_1_313' title='bbox 968 3265 1028 3320; x_wconf 92' lang='lat' dir='ltr'><strong>in</strong></span> <span class='ocrx_word' id='word_1_314' title='bbox 1074 3264 1410 3321; x_wconf 78' lang='lat' dir='ltr'><strong>memoriam</strong></span> <span class='ocrx_word' id='word_1_315' title='bbox 1455 3265 1504 3320; x_wconf 87' lang='lat' dir='ltr'><strong>ei</strong></span> <span class='ocrx_word' id='word_1_316' title='bbox 1537 3265 1839 3322; x_wconf 84' lang='lat' dir='ltr'><strong>revocabat</strong></span> <span class='ocrx_word' id='word_1_317' title='bbox 1887 3275 2070 3336; x_wconf 83' lang='lat' dir='ltr'><strong>pater-</strong></span> 
     </span>
    </p>
   </div>
   <div class='ocr_carea' id='block_1_51' title="bbox 425 3345 2064 3430">
    <p class='ocr_par' dir='ltr' id='par_1_51' title="bbox 425 3345 2064 3430">
     <span class='ocr_line' id='line_1_51' title="bbox 425 3345 2064 3430; baseline 0.003 -26"><span class='ocrx_word' id='word_1_318' title='bbox 425 3361 561 3405; x_wconf 90' lang='lat' dir='ltr'><strong>nam</strong></span> <span class='ocrx_word' id='word_1_319' title='bbox 595 3345 894 3425; x_wconf 86' lang='lat' dir='ltr'><strong>pietatem,</strong></span> <span class='ocrx_word' id='word_1_320' title='bbox 924 3355 979 3408; x_wconf 91' lang='lat' dir='ltr'><strong>et</strong></span> <span class='ocrx_word' id='word_1_321' title='bbox 1003 3355 1062 3409; x_wconf 93' lang='lat' dir='ltr'><strong>ut</strong></span> <span class='ocrx_word' id='word_1_322' title='bbox 1093 3364 1270 3427; x_wconf 88' lang='lat' dir='ltr'><strong>quam</strong></span> <span class='ocrx_word' id='word_1_323' title='bbox 1294 3353 1608 3426; x_wconf 90' lang='lat' dir='ltr'><strong>acceperat</strong></span> <span class='ocrx_word' id='word_1_324' title='bbox 1633 3347 2064 3430; x_wconf 64' lang='lat' dir='ltr'><strong>haereditatem,</strong></span> 
     </span>
    </p>
   </div>
   <div class='ocr_carea' id='block_1_52' title="bbox 422 3436 2065 3508">
    <p class='ocr_par' dir='ltr' id='par_1_52' title="bbox 422 3436 2065 3508">
     <span class='ocr_line' id='line_1_52' title="bbox 422 3436 2065 3508; baseline 0.002 -15"><span class='ocrx_word' id='word_1_325' title='bbox 422 3438 703 3508; x_wconf 77' lang='lat' dir='ltr'><strong>integram</strong></span> <span class='ocrx_word' id='word_1_326' title='bbox 726 3444 1117 3506; x_wconf 84' lang='lat' dir='ltr'><strong>conservaret,</strong></span> <span class='ocrx_word' id='word_1_327' title='bbox 1151 3438 1540 3495; x_wconf 73' lang='lat' dir='ltr'><strong>obtesmbatnr</strong></span> <span class='ocrx_word' id='word_1_328' title='bbox 1567 3453 1580 3493; x_wconf 94' lang='lat'>:</span> <span class='ocrx_word' id='word_1_329' title='bbox 1605 3436 1847 3495; x_wconf 84' lang='lat' dir='ltr'><strong>docebat</strong></span> <span class='ocrx_word' id='word_1_330' title='bbox 1877 3449 2065 3496; x_wconf 89' lang='lat' dir='ltr'><strong>autem</strong></span> 
     </span>
    </p>
   </div>
   <div class='ocr_carea' id='block_1_53' title="bbox 421 3523 2068 3603">
    <p class='ocr_par' dir='ltr' id='par_1_53' title="bbox 421 3523 2068 3603">
     <span class='ocr_line' id='line_1_53' title="bbox 421 3523 2068 3603; baseline 0.001 -19"><span class='ocrx_word' id='word_1_331' title='bbox 421 3523 715 3602; x_wconf 88' lang='lat' dir='ltr'><strong>quodnam</strong></span> <span class='ocrx_word' id='word_1_332' title='bbox 737 3523 1076 3603; x_wconf 77' lang='lat' dir='ltr'><strong>dogntatum</strong></span> <span class='ocrx_word' id='word_1_333' title='bbox 1103 3523 1423 3585; x_wconf 88' lang='lat' dir='ltr'><strong>discrimen</strong></span> <span class='ocrx_word' id='word_1_334' title='bbox 1467 3530 1645 3598; x_wconf 88' lang='lat' dir='ltr'><strong>esset,</strong></span> <span class='ocrx_word' id='word_1_335' title='bbox 1682 3533 1739 3583; x_wconf 91' lang='lat' dir='ltr'><strong>et</strong></span> <span class='ocrx_word' id='word_1_336' title='bbox 1781 3524 2068 3603; x_wconf 85' lang='lat' dir='ltr'><strong>quemad-</strong></span> 
     </span>
    </p>
   </div>
   <div class='ocr_carea' id='block_1_54' title="bbox 420 3611 2065 3694">
    <p class='ocr_par' dir='ltr' id='par_1_54' title="bbox 420 3611 2065 3694">
     <span class='ocr_line' id='line_1_54' title="bbox 420 3611 2065 3694; baseline 0.002 -22"><span class='ocrx_word' id='word_1_337' title='bbox 420 3611 658 3673; x_wconf 90' lang='lat' dir='ltr'><strong>modum</strong></span> <span class='ocrx_word' id='word_1_338' title='bbox 686 3613 813 3674; x_wconf 67' lang='lat' dir='ltr'><strong>haac</strong></span> <span class='ocrx_word' id='word_1_339' title='bbox 839 3613 1078 3694; x_wconf 91' lang='lat' dir='ltr'><strong>quidem</strong></span> <span class='ocrx_word' id='word_1_340' title='bbox 1105 3612 1305 3674; x_wconf 88' lang='lat' dir='ltr'><strong>omnia</strong></span> <span class='ocrx_word' id='word_1_341' title='bbox 1328 3613 1546 3675; x_wconf 87' lang='lat' dir='ltr'><strong>Christi</strong></span> <span class='ocrx_word' id='word_1_342' title='bbox 1577 3612 1889 3688; x_wconf 55' lang='lat' dir='ltr'><strong>doctrinae,</strong></span> <span class='ocrx_word' id='word_1_343' title='bbox 1921 3632 2065 3694; x_wconf 88' lang='lat' dir='ltr'><strong>apo-</strong></span> 
     </span>
    </p>
   </div>
   <div class='ocr_carea' id='block_1_55' title="bbox 417 3701 2066 3782">
    <p class='ocr_par' dir='ltr' id='par_1_55' title="bbox 417 3701 2066 3782">
     <span class='ocr_line' id='line_1_55' title="bbox 417 3701 2066 3782; baseline 0.003 -22"><span class='ocrx_word' id='word_1_344' title='bbox 417 3701 827 3782; x_wconf 84' lang='lat' dir='ltr'><strong>stolorumque</strong></span> <span class='ocrx_word' id='word_1_345' title='bbox 850 3702 1253 3782; x_wconf 66' lang='lat' dir='ltr'><strong>praedicationi</strong></span> <span class='ocrx_word' id='word_1_346' title='bbox 1285 3710 1421 3782; x_wconf 88' lang='lat' dir='ltr'><strong>apte</strong></span> <span class='ocrx_word' id='word_1_347' title='bbox 1451 3714 1879 3781; x_wconf 77' lang='lat' dir='ltr'><strong>congruerent,</strong></span> <span class='ocrx_word' id='word_1_348' title='bbox 1905 3703 2002 3763; x_wconf 90' lang='lat' dir='ltr'><strong>illa</strong></span> <span class='ocrx_word' id='word_1_349' title='bbox 2033 3722 2066 3765; x_wconf 91' lang='lat' dir='ltr'><strong>e</strong></span> 
     </span>
    </p>
   </div>
   <div class='ocr_carea' id='block_1_56' title="bbox 413 3791 2057 3871">
    <p class='ocr_par' dir='ltr' id='par_1_56' title="bbox 413 3791 2057 3871">
     <span class='ocr_line' id='line_1_56' title="bbox 413 3791 2057 3871; baseline 0.004 -22"><span class='ocrx_word' id='word_1_350' title='bbox 413 3791 710 3852; x_wconf 88' lang='lat' dir='ltr'><strong>contrario</strong></span> <span class='ocrx_word' id='word_1_351' title='bbox 739 3791 1111 3871; x_wconf 83' lang='lat' dir='ltr'><strong>spiritualem</strong></span> <span class='ocrx_word' id='word_1_352' title='bbox 1139 3800 1553 3871; x_wconf 80' lang='lat' dir='ltr'><strong>oppugnarent</strong></span> <span class='ocrx_word' id='word_1_353' title='bbox 1601 3791 2057 3868; x_wconf 84' lang='lat' dir='ltr'><strong>legislationem.</strong></span> 
     </span>
    </p>
   </div>
   <div class='ocr_carea' id='block_1_57' title="bbox 412 3881 2062 3961">
    <p class='ocr_par' dir='ltr' id='par_1_57' title="bbox 412 3881 2062 3961">
     <span class='ocr_line' id='line_1_57' title="bbox 412 3881 2062 3961; baseline 0.002 -21"><span class='ocrx_word' id='word_1_354' title='bbox 412 3881 493 3940; x_wconf 90' lang='lat' dir='ltr'><strong>At</strong></span> <span class='ocrx_word' id='word_1_355' title='bbox 524 3898 660 3940; x_wconf 90' lang='lat' dir='ltr'><strong>vero</strong></span> <span class='ocrx_word' id='word_1_356' title='bbox 714 3899 881 3960; x_wconf 89' lang='lat' dir='ltr'><strong>puer,</strong></span> <span class='ocrx_word' id='word_1_357' title='bbox 918 3889 1116 3961; x_wconf 91' lang='lat' dir='ltr'><strong>utpote</strong></span> <span class='ocrx_word' id='word_1_358' title='bbox 1167 3882 1266 3960; x_wconf 91' lang='lat' dir='ltr'><strong>qui</strong></span> <span class='ocrx_word' id='word_1_359' title='bbox 1320 3899 1468 3961; x_wconf 89' lang='lat' dir='ltr'><strong>puer</strong></span> <span class='ocrx_word' id='word_1_360' title='bbox 1501 3889 1679 3956; x_wconf 84' lang='lat' dir='ltr'><strong>esset,</strong></span> <span class='ocrx_word' id='word_1_361' title='bbox 1712 3890 1770 3941; x_wconf 89' lang='lat' dir='ltr'><strong>et</strong></span> <span class='ocrx_word' id='word_1_362' title='bbox 1813 3902 1844 3942; x_wconf 90' lang='lat' dir='ltr'><strong>a</strong></span> <span class='ocrx_word' id='word_1_363' title='bbox 1877 3891 2062 3944; x_wconf 84' lang='lat' dir='ltr'><strong>matre</strong></span> 
     </span>
    </p>
   </div>
   <div class='ocr_carea' id='block_1_58' title="bbox 425 3966 2064 4050">
    <p class='ocr_par' dir='ltr' id='par_1_58' title="bbox 425 3966 2064 4050">
     <span class='ocr_line' id='line_1_58' title="bbox 425 3966 2064 4050; baseline 0.003 -23"><span class='ocrx_word' id='word_1_364' title='bbox 425 3966 672 4047; x_wconf 90' lang='lat' dir='ltr'><strong>decepta</strong></span> <span class='ocrx_word' id='word_1_365' title='bbox 695 3968 994 4030; x_wconf 84' lang='lat' dir='ltr'><strong>blanditiis</strong></span> <span class='ocrx_word' id='word_1_366' title='bbox 1016 3970 1274 4050; x_wconf 88' lang='lat' dir='ltr'><strong>illectus,</strong></span> <span class='ocrx_word' id='word_1_367' title='bbox 1305 3979 1362 4031; x_wconf 91' lang='lat' dir='ltr'><strong>et</strong></span> <span class='ocrx_word' id='word_1_368' title='bbox 1384 3968 1580 4031; x_wconf 88' lang='lat' dir='ltr'><strong>verbis</strong></span> <span class='ocrx_word' id='word_1_369' title='bbox 1609 3970 1968 4046; x_wconf 88' lang='lat' dir='ltr'><strong>armabatur,</strong></span> <span class='ocrx_word' id='word_1_370' title='bbox 2005 3979 2064 4034; x_wconf 89' lang='lat' dir='ltr'><strong>et</strong></span> 
     </span>
    </p>
   </div>
   <div class='ocr_carea' id='block_1_59' title="bbox 425 4056 2060 4141">
    <p class='ocr_par' dir='ltr' id='par_1_59' title="bbox 425 4056 2060 4141">
     <span class='ocr_line' id='line_1_59' title="bbox 425 4056 2060 4141; baseline 0.004 -25"><span class='ocrx_word' id='word_1_371' title='bbox 425 4056 712 4118; x_wconf 90' lang='lat' dir='ltr'><strong>militibus</strong></span> <span class='ocrx_word' id='word_1_372' title='bbox 742 4059 981 4120; x_wconf 90' lang='lat' dir='ltr'><strong>armatis</strong></span> <span class='ocrx_word' id='word_1_373' title='bbox 1012 4059 1294 4122; x_wconf 66' lang='lat' dir='ltr'><strong>Ecclesiae</strong></span> <span class='ocrx_word' id='word_1_374' title='bbox 1323 4061 1580 4122; x_wconf 85' lang='lat' dir='ltr'><strong>ambitus</strong></span> <span class='ocrx_word' id='word_1_375' title='bbox 1624 4061 2060 4141; x_wconf 81' lang='lat' dir='ltr'><strong>circumcinge-</strong></span> 
     </span>
    </p>
   </div>
   <div class='ocr_carea' id='block_1_60' title="bbox 421 4143 547 4210">
    <p class='ocr_par' dir='ltr' id='par_1_60' title="bbox 421 4143 547 4210">
     <span class='ocr_line' id='line_1_60' title="bbox 421 4143 547 4210; baseline 0.04 -5"><span class='ocrx_word' id='word_1_376' title='bbox 421 4143 547 4210; x_wconf 86' lang='lat' dir='ltr'><strong>bat.</strong></span> 
     </span>
    </p>
   </div>
   <div class='ocr_carea' id='block_1_61' title="bbox 501 4233 2063 4319">
    <p class='ocr_par' dir='ltr' id='par_1_61' title="bbox 501 4233 2063 4319">
     <span class='ocr_line' id='line_1_61' title="bbox 501 4233 2063 4319; baseline 0.003 -22"><span class='ocrx_word' id='word_1_377' title='bbox 501 4233 654 4298; x_wconf 87' lang='lat' dir='ltr'><strong>XIII.</strong></span> <span class='ocrx_word' id='word_1_378' title='bbox 680 4235 893 4299; x_wconf 89' lang='lat' dir='ltr'><strong>Postea</strong></span> <span class='ocrx_word' id='word_1_379' title='bbox 917 4257 1054 4300; x_wconf 89' lang='lat' dir='ltr'><strong>vero</strong></span> <span class='ocrx_word' id='word_1_380' title='bbox 1077 4259 1254 4319; x_wconf 90' lang='lat' dir='ltr'><strong>quam</strong></span> <span class='ocrx_word' id='word_1_381' title='bbox 1277 4239 1595 4298; x_wconf 86' lang='lat' dir='ltr'><strong>maximum</strong></span> <span class='ocrx_word' id='word_1_382' title='bbox 1620 4237 1787 4298; x_wconf 76' lang='lat' dir='ltr'><strong>illurn</strong></span> <span class='ocrx_word' id='word_1_383' title='bbox 1822 4239 2063 4318; x_wconf 68' lang='lat' dir='ltr'><strong>prmlia—</strong></span> 
     </span>
    </p>
   </div>
   <div class='ocr_carea' id='block_1_62' title="bbox 425 4325 2064 4406">
    <p class='ocr_par' dir='ltr' id='par_1_62' title="bbox 425 4325 2064 4406">
     <span class='ocr_line' id='line_1_62' title="bbox 425 4325 2064 4406; baseline 0.004 -20"><span class='ocrx_word' id='word_1_384' title='bbox 425 4333 635 4401; x_wconf 90' lang='lat' dir='ltr'><strong>torem,</strong></span> <span class='ocrx_word' id='word_1_385' title='bbox 663 4325 926 4388; x_wconf 89' lang='lat' dir='ltr'><strong>divinum</strong></span> <span class='ocrx_word' id='word_1_386' title='bbox 990 4331 1394 4402; x_wconf 86' lang='lat' dir='ltr'><strong>Ambrosium,</strong></span> <span class='ocrx_word' id='word_1_387' title='bbox 1429 4346 1636 4388; x_wconf 84' lang='lat' dir='ltr'><strong>eorum</strong></span> <span class='ocrx_word' id='word_1_388' title='bbox 1693 4346 1826 4406; x_wconf 74' lang='lat' dir='ltr'><strong>quae</strong></span> <span class='ocrx_word' id='word_1_389' title='bbox 1857 4329 1930 4390; x_wconf 88' lang='lat' dir='ltr'><strong>ab</strong></span> <span class='ocrx_word' id='word_1_390' title='bbox 1963 4330 2064 4392; x_wconf 92' lang='lat' dir='ltr'><strong>illo</strong></span> 
     </span>
    </p>
   </div>
   <div class='ocr_carea' id='block_1_63' title="bbox 421 4415 2063 4498">
    <p class='ocr_par' dir='ltr' id='par_1_63' title="bbox 421 4415 2063 4498">
     <span class='ocr_line' id='line_1_63' title="bbox 421 4415 2063 4498; baseline 0.003 -24"><span class='ocrx_word' id='word_1_391' title='bbox 421 4415 663 4494; x_wconf 78' lang='lat' dir='ltr'><strong>ﬁebant,</strong></span> <span class='ocrx_word' id='word_1_392' title='bbox 703 4417 846 4477; x_wconf 90' lang='lat' dir='ltr'><strong>nihil</strong></span> <span class='ocrx_word' id='word_1_393' title='bbox 869 4418 1251 4494; x_wconf 69' lang='lat' dir='ltr'><strong>deterruittis</strong></span> <span class='ocrx_word' id='word_1_394' title='bbox 1277 4417 1433 4476; x_wconf 90' lang='lat' dir='ltr'><strong>enim</strong></span> <span class='ocrx_word' id='word_1_395' title='bbox 1460 4417 1573 4475; x_wconf 88' lang='lat' dir='ltr'><strong>ista</strong></span> <span class='ocrx_word' id='word_1_396' title='bbox 1606 4425 1878 4496; x_wconf 90' lang='lat' dir='ltr'><strong>tanquam</strong></span> <span class='ocrx_word' id='word_1_397' title='bbox 1911 4437 2063 4498; x_wconf 91' lang='lat' dir='ltr'><strong>pue-</strong></span> 
     </span>
    </p>
   </div>
   <div class='ocr_carea' id='block_1_64' title="bbox 421 4505 2064 4586">
    <p class='ocr_par' dir='ltr' id='par_1_64' title="bbox 421 4505 2064 4586">
     <span class='ocr_line' id='line_1_64' title="bbox 421 4505 2064 4586; baseline 0.005 -25"><span class='ocrx_word' id='word_1_398' title='bbox 421 4519 622 4562; x_wconf 92' lang='lat' dir='ltr'><strong>rorum</strong></span> <span class='ocrx_word' id='word_1_399' title='bbox 657 4505 1143 4565; x_wconf 88' lang='lat' dir='ltr'><strong>terriculamenta</strong></span> <span class='ocrx_word' id='word_1_400' title='bbox 1187 4505 1600 4578; x_wconf 72' lang='lat' dir='ltr'><strong>existimabat},</strong></span> <span class='ocrx_word' id='word_1_401' title='bbox 1636 4505 1735 4566; x_wconf 90' lang='lat' dir='ltr'><strong>ille</strong></span> <span class='ocrx_word' id='word_1_402' title='bbox 1760 4507 2064 4586; x_wconf 89' lang='lat' dir='ltr'><strong>impendio</strong></span> 
     </span>
    </p>
   </div>
   <div class='ocr_carea' id='block_1_65' title="bbox 420 4590 2066 4674">
    <p class='ocr_par' dir='ltr' id='par_1_65' title="bbox 420 4590 2066 4674">
     <span class='ocr_line' id='line_1_65' title="bbox 420 4590 2066 4674; baseline 0.005 -24"><span class='ocrx_word' id='word_1_403' title='bbox 420 4590 673 4651; x_wconf 87' lang='lat' dir='ltr'><strong>moleste</strong></span> <span class='ocrx_word' id='word_1_404' title='bbox 704 4592 927 4668; x_wconf 82' lang='lat' dir='ltr'><strong>ferens,</strong></span> <span class='ocrx_word' id='word_1_405' title='bbox 977 4594 1170 4672; x_wconf 87' lang='lat' dir='ltr'><strong>ipsum</strong></span> <span class='ocrx_word' id='word_1_406' title='bbox 1231 4601 1392 4654; x_wconf 81' lang='lat' dir='ltr'><strong>extra</strong></span> <span class='ocrx_word' id='word_1_407' title='bbox 1446 4594 1804 4674; x_wconf 88' lang='lat' dir='ltr'><strong>templorum</strong></span> <span class='ocrx_word' id='word_1_408' title='bbox 1859 4597 2066 4658; x_wconf 90' lang='lat' dir='ltr'><strong>limina</strong></span> 
     </span>
    </p>
   </div>
   <div class='ocr_carea' id='block_1_66' title="bbox 419 4679 2059 4761">
    <p class='ocr_par' dir='ltr' id='par_1_66' title="bbox 419 4679 2059 4761">
     <span class='ocr_line' id='line_1_66' title="bbox 419 4679 2059 4761; baseline 0.005 -23"><span class='ocrx_word' id='word_1_409' title='bbox 419 4679 804 4758; x_wconf 78' lang='lat' dir='ltr'><strong>exirejussit.</strong></span> <span class='ocrx_word' id='word_1_410' title='bbox 839 4679 951 4743; x_wconf 87' lang='lat' dir='ltr'><strong>Hic</strong></span> <span class='ocrx_word' id='word_1_411' title='bbox 983 4689 1207 4756; x_wconf 86' lang='lat' dir='ltr'><strong>autem,</strong></span> <span class='ocrx_word' id='word_1_412' title='bbox 1233 4680 1456 4761; x_wconf 84' lang='lat' dir='ltr'><strong>Sponte</strong></span> <span class='ocrx_word' id='word_1_413' title='bbox 1483 4700 1635 4758; x_wconf 91' lang='lat' dir='ltr'><strong>mea,</strong></span> <span class='ocrx_word' id='word_1_414' title='bbox 1664 4684 1881 4760; x_wconf 91' lang='lat' dir='ltr'><strong>inquit,</strong></span> <span class='ocrx_word' id='word_1_415' title='bbox 1917 4687 2059 4746; x_wconf 86' lang='lat' dir='ltr'><strong>illud</strong></span> 
     </span>
    </p>
   </div>
   <div class='ocr_carea' id='block_1_67' title="bbox 415 4765 2060 4851">
    <p class='ocr_par' dir='ltr' id='par_1_67' title="bbox 415 4765 2060 4851">
     <span class='ocr_line' id='line_1_67' title="bbox 415 4765 2060 4851; baseline 0.004 -23"><span class='ocrx_word' id='word_1_416' title='bbox 415 4765 824 4849; x_wconf 84' lang='lat' dir='ltr'><strong>facere,atque</strong></span> <span class='ocrx_word' id='word_1_417' title='bbox 854 4769 1052 4832; x_wconf 89' lang='lat' dir='ltr'><strong>ovium</strong></span> <span class='ocrx_word' id='word_1_418' title='bbox 1083 4774 1310 4833; x_wconf 87' lang='lat' dir='ltr'><strong>clausas</strong></span> <span class='ocrx_word' id='word_1_419' title='bbox 1342 4771 1501 4850; x_wconf 89' lang='lat' dir='ltr'><strong>lupis</strong></span> <span class='ocrx_word' id='word_1_420' title='bbox 1534 4773 2060 4851; x_wconf 87' lang='lat' dir='ltr'><strong>prodere,etiamsi</strong></span> 
     </span>
    </p>
   </div>
   <div class='ocr_carea' id='block_1_68' title="bbox 419 4859 2057 4938">
    <p class='ocr_par' dir='ltr' id='par_1_68' title="bbox 419 4859 2057 4938">
     <span class='ocr_line' id='line_1_68' title="bbox 419 4859 2057 4938; baseline 0.004 -20"><span class='ocrx_word' id='word_1_421' title='bbox 419 4859 663 4936; x_wconf 85' lang='lat' dir='ltr'><strong>sanguis</strong></span> <span class='ocrx_word' id='word_1_422' title='bbox 694 4859 1147 4938; x_wconf 87' lang='lat' dir='ltr'><strong>profundendus</strong></span> <span class='ocrx_word' id='word_1_423' title='bbox 1177 4861 1272 4935; x_wconf 88' lang='lat' dir='ltr'><strong>sit,</strong></span> <span class='ocrx_word' id='word_1_424' title='bbox 1312 4861 1558 4924; x_wconf 89' lang='lat' dir='ltr'><strong>tninime</strong></span> <span class='ocrx_word' id='word_1_425' title='bbox 1590 4863 1801 4926; x_wconf 86' lang='lat' dir='ltr'><strong>feram.</strong></span> <span class='ocrx_word' id='word_1_426' title='bbox 1843 4861 2057 4925; x_wconf 86' lang='lat' dir='ltr'><strong>Verum</strong></span> 
     </span>
    </p>
   </div>
   <div class='ocr_carea' id='block_1_69' title="bbox 414 4950 2053 5029">
    <p class='ocr_par' dir='ltr' id='par_1_69' title="bbox 414 4950 2053 5029">
     <span class='ocr_line' id='line_1_69' title="bbox 414 4950 2053 5029; baseline 0.004 -23"><span class='ocrx_word' id='word_1_427' title='bbox 414 4951 463 5006; x_wconf 88' lang='lat' dir='ltr'><strong>si</strong></span> <span class='ocrx_word' id='word_1_428' title='bbox 497 4956 607 5008; x_wconf 64' lang='lat' dir='ltr'><strong>tua?</strong></span> <span class='ocrx_word' id='word_1_429' title='bbox 638 4950 951 5010; x_wconf 87' lang='lat' dir='ltr'><strong>voluntatis</strong></span> <span class='ocrx_word' id='word_1_430' title='bbox 979 4957 1066 5011; x_wconf 92' lang='lat' dir='ltr'><strong>est</strong></span> <span class='ocrx_word' id='word_1_431' title='bbox 1098 4951 1256 5011; x_wconf 87' lang='lat' dir='ltr'><strong>intus</strong></span> <span class='ocrx_word' id='word_1_432' title='bbox 1309 4968 1406 5012; x_wconf 89' lang='lat' dir='ltr'><strong>me</strong></span> <span class='ocrx_word' id='word_1_433' title='bbox 1450 4950 1730 5025; x_wconf 85' lang='lat' dir='ltr'><strong>interﬁci,</strong></span> <span class='ocrx_word' id='word_1_434' title='bbox 1768 4950 2053 5029; x_wconf 83' lang='lat' dir='ltr'><strong>gladium,</strong></span> 
     </span>
    </p>
   </div>
   <div class='ocr_carea' id='block_1_70' title="bbox 411 5034 2058 5119">
    <p class='ocr_par' dir='ltr' id='par_1_70' title="bbox 411 5034 2058 5119">
     <span class='ocr_line' id='line_1_70' title="bbox 411 5034 2058 5119; baseline 0.005 -24"><span class='ocrx_word' id='word_1_435' title='bbox 411 5034 633 5113; x_wconf 89' lang='lat' dir='ltr'><strong>inquit,</strong></span> <span class='ocrx_word' id='word_1_436' title='bbox 671 5038 761 5099; x_wconf 87' lang='lat' dir='ltr'><strong>vel</strong></span> <span class='ocrx_word' id='word_1_437' title='bbox 793 5039 1050 5101; x_wconf 89' lang='lat' dir='ltr'><strong>securim</strong></span> <span class='ocrx_word' id='word_1_438' title='bbox 1079 5039 1224 5100; x_wconf 87' lang='lat' dir='ltr'><strong>mihi</strong></span> <span class='ocrx_word' id='word_1_439' title='bbox 1253 5039 1502 5101; x_wconf 88' lang='lat' dir='ltr'><strong>admove</strong></span> <span class='ocrx_word' id='word_1_440' title='bbox 1529 5058 1546 5116; x_wconf 81' lang='lat'><strong>;</strong></span> <span class='ocrx_word' id='word_1_441' title='bbox 1574 5039 1914 5119; x_wconf 84' lang='lat' dir='ltr'><strong>hujusrnodi</strong></span> <span class='ocrx_word' id='word_1_442' title='bbox 1945 5059 2058 5103; x_wconf 60' lang='lat' dir='ltr'><strong>ne-</strong></span> 
     </span>
    </p>
   </div>
   <div class='ocr_carea' id='block_1_71' title="bbox 413 5129 2058 5213">
    <p class='ocr_par' dir='ltr' id='par_1_71' title="bbox 413 5129 2058 5213">
     <span class='ocr_line' id='line_1_71' title="bbox 413 5129 2058 5213; baseline 0.002 -26"><span class='ocrx_word' id='word_1_443' title='bbox 413 5144 544 5187; x_wconf 92' lang='lat' dir='ltr'><strong>cem</strong></span> <span class='ocrx_word' id='word_1_444' title='bbox 579 5145 686 5206; x_wconf 87' lang='lat' dir='ltr'><strong>ego</strong></span> <span class='ocrx_word' id='word_1_445' title='bbox 718 5129 1043 5208; x_wconf 87' lang='lat' dir='ltr'><strong>amplectar</strong></span> <span class='ocrx_word' id='word_1_446' title='bbox 1065 5147 1242 5209; x_wconf 88' lang='lat' dir='ltr'><strong>quam</strong></span> <span class='ocrx_word' id='word_1_447' title='bbox 1263 5129 1764 5191; x_wconf 86' lang='lat' dir='ltr'><strong>libentissime.Et</strong></span> <span class='ocrx_word' id='word_1_448' title='bbox 1789 5129 1902 5192; x_wconf 89' lang='lat' dir='ltr'><strong>ista</strong></span> <span class='ocrx_word' id='word_1_449' title='bbox 1922 5130 2058 5213; x_wconf 82' lang='lat' dir='ltr'><strong>qui-</strong></span> 
     </span>
    </p>
   </div>
   <div class='ocr_carea' id='block_1_72' title="bbox 412 5217 1159 5283">
    <p class='ocr_par' dir='ltr' id='par_1_72' title="bbox 412 5217 1159 5283">
     <span class='ocr_line' id='line_1_72' title="bbox 412 5217 1159 5283; baseline 0.007 -7"><span class='ocrx_word' id='word_1_450' title='bbox 412 5217 548 5278; x_wconf 92' lang='lat' dir='ltr'><strong>dem</strong></span> <span class='ocrx_word' id='word_1_451' title='bbox 580 5222 755 5281; x_wconf 91' lang='lat' dir='ltr'><strong>divus</strong></span> <span class='ocrx_word' id='word_1_452' title='bbox 785 5222 1159 5283; x_wconf 85' lang='lat' dir='ltr'><strong>Ambrosius.</strong></span> 
     </span>
    </p>
   </div>
   <div class='ocr_carea' id='block_1_73' title="bbox 496 5307 2055 5393">
    <p class='ocr_par' dir='ltr' id='par_1_73' title="bbox 496 5307 2055 5393">
     <span class='ocr_line' id='line_1_73' title="bbox 496 5307 2055 5393; baseline 0.003 -23"><span class='ocrx_word' id='word_1_453' title='bbox 496 5307 876 5370; x_wconf 81' lang='lat' dir='ltr'><strong>XlV.Exacto</strong></span> <span class='ocrx_word' id='word_1_454' title='bbox 909 5320 1106 5371; x_wconf 89' lang='lat' dir='ltr'><strong>autem</strong></span> <span class='ocrx_word' id='word_1_455' title='bbox 1140 5309 1327 5389; x_wconf 85' lang='lat' dir='ltr'><strong>spatio</strong></span> <span class='ocrx_word' id='word_1_456' title='bbox 1353 5311 1643 5392; x_wconf 89' lang='lat' dir='ltr'><strong>temporis</strong></span> <span class='ocrx_word' id='word_1_457' title='bbox 1675 5332 1794 5375; x_wconf 91' lang='lat' dir='ltr'><strong>non</strong></span> <span class='ocrx_word' id='word_1_458' title='bbox 1822 5312 2055 5393; x_wconf 84' lang='lat' dir='ltr'><strong>exiguo,</strong></span> 
     </span>
    </p>
   </div>
   <div class='ocr_carea' id='block_1_74' title="bbox 414 5397 2059 5483">
    <p class='ocr_par' dir='ltr' id='par_1_74' title="bbox 414 5397 2059 5483">
     <span class='ocr_line' id='line_1_74' title="bbox 414 5397 2059 5483; baseline 0.004 -27"><span class='ocrx_word' id='word_1_459' title='bbox 414 5403 635 5457; x_wconf 90' lang='lat' dir='ltr'><strong>certior</strong></span> <span class='ocrx_word' id='word_1_460' title='bbox 657 5397 844 5458; x_wconf 80' lang='lat' dir='ltr'><strong>factus</strong></span> <span class='ocrx_word' id='word_1_461' title='bbox 869 5409 956 5460; x_wconf 90' lang='lat' dir='ltr'><strong>est</strong></span> <span class='ocrx_word' id='word_1_462' title='bbox 979 5401 1268 5462; x_wconf 73' lang='lat' dir='ltr'><strong>Maximus</strong></span> <span class='ocrx_word' id='word_1_463' title='bbox 1292 5419 1496 5462; x_wconf 91' lang='lat' dir='ltr'><strong>eorum</strong></span> <span class='ocrx_word' id='word_1_464' title='bbox 1540 5412 1885 5478; x_wconf 89' lang='lat' dir='ltr'><strong>conatuum,</strong></span> <span class='ocrx_word' id='word_1_465' title='bbox 1915 5421 2059 5483; x_wconf 86' lang='lat' dir='ltr'><strong>quos</strong></span> 
     </span>
    </p>
   </div>
   <div class='ocr_carea' id='block_1_75' title="bbox 412 5491 2055 5562">
    <p class='ocr_par' dir='ltr' id='par_1_75' title="bbox 412 5491 2055 5562">
     <span class='ocr_line' id='line_1_75' title="bbox 412 5491 2055 5562; baseline 0.005 -21"><span class='ocrx_word' id='word_1_466' title='bbox 412 5499 609 5543; x_wconf 87' lang='lat' dir='ltr'><strong>contra</strong></span> <span class='ocrx_word' id='word_1_467' title='bbox 630 5491 1010 5548; x_wconf 85' lang='lat' dir='ltr'><strong>clarissimum</strong></span> <span class='ocrx_word' id='word_1_468' title='bbox 1035 5491 1288 5548; x_wconf 86' lang='lat' dir='ltr'><strong>veritatis</strong></span> <span class='ocrx_word' id='word_1_469' title='bbox 1322 5506 1643 5562; x_wconf 73' lang='lat' dir='ltr'><strong>praeconem</strong></span> <span class='ocrx_word' id='word_1_470' title='bbox 1687 5502 2055 5553; x_wconf 83' lang='lat' dir='ltr'><strong>attentarunt.</strong></span> 
     </span>
    </p>
   </div>
   <div class='ocr_carea' id='block_1_76' title="bbox 413 5571 2058 5656">
    <p class='ocr_par' dir='ltr' id='par_1_76' title="bbox 413 5571 2058 5656">
     <span class='ocr_line' id='line_1_76' title="bbox 413 5571 2058 5656; baseline 0.007 -24"><span class='ocrx_word' id='word_1_471' title='bbox 413 5571 588 5632; x_wconf 83' lang='lat' dir='ltr'><strong>Mittit</strong></span> <span class='ocrx_word' id='word_1_472' title='bbox 610 5573 790 5651; x_wconf 80' lang='lat' dir='ltr'><strong>igitur</strong></span> <span class='ocrx_word' id='word_1_473' title='bbox 810 5573 1354 5656; x_wconf 79' lang='lat' dir='ltr'><strong>Valentiniano,qui</strong></span> <span class='ocrx_word' id='word_1_474' title='bbox 1382 5598 1511 5640; x_wconf 88' lang='lat' dir='ltr'><strong>cum</strong></span> <span class='ocrx_word' id='word_1_475' title='bbox 1537 5599 1570 5640; x_wconf 88' lang='lat' dir='ltr'><strong>a</strong></span> <span class='ocrx_word' id='word_1_476' title='bbox 1595 5578 1753 5642; x_wconf 84' lang='lat' dir='ltr'><strong>bello</strong></span> <span class='ocrx_word' id='word_1_477' title='bbox 1775 5579 2058 5643; x_wconf 86' lang='lat' dir='ltr'><strong>adversus</strong></span> 
     </span>
    </p>
   </div>
   <div class='ocr_carea' id='block_1_77' title="bbox 2154 1840 3825 1920">
    <p class='ocr_par' dir='ltr' id='par_1_77' title="bbox 2154 1840 3825 1920">
     <span class='ocr_line' id='line_1_77' title="bbox 2154 1840 3825 1920; baseline 0.001 -26"><span class='ocrx_word' id='word_1_478' title='bbox 2154 1861 2276 1917; x_wconf 79' lang='grc' dir='ltr'>τηρ,</span> <span class='ocrx_word' id='word_1_479' title='bbox 2338 1840 2370 1895; x_wconf 80' lang='grc' dir='ltr'>ἂ</span> <span class='ocrx_word' id='word_1_480' title='bbox 2433 1840 2596 1897; x_wconf 84' lang='grc' dir='ltr'>πάλαι</span> <span class='ocrx_word' id='word_1_481' title='bbox 2667 1843 2762 1910; x_wconf 71' lang='grc' dir='ltr'>τῆς</span> <span class='ocrx_word' id='word_1_482' title='bbox 2821 1845 3152 1920; x_wconf 83' lang='grc' dir='ltr'>Ἀρειανικῆς</span> <span class='ocrx_word' id='word_1_483' title='bbox 3197 1841 3534 1906; x_wconf 76' lang='grc' dir='ltr'>διδασκαλίας</span> <span class='ocrx_word' id='word_1_484' title='bbox 3599 1841 3825 1906; x_wconf 78' lang='grc' dir='ltr'>ἐδέξατο</span> 
     </span>
    </p>
   </div>
   <div class='ocr_carea' id='block_1_78' title="bbox 2155 1928 3823 2007">
    <p class='ocr_par' dir='ltr' id='par_1_78' title="bbox 2155 1928 3823 2007">
     <span class='ocr_line' id='line_1_78' title="bbox 2155 1928 3823 2007; baseline 0.001 -24"><span class='ocrx_word' id='word_1_485' title='bbox 2155 1929 2431 2002; x_wconf 83' lang='grc' dir='ltr'>σπέρματα</span> <span class='ocrx_word' id='word_1_486' title='bbox 2485 1928 2626 1986; x_wconf 76' lang='grc' dir='ltr'><strong>ὃώλι</strong></span> <span class='ocrx_word' id='word_1_487' title='bbox 2682 1932 2972 1997; x_wconf 81' lang='grc' dir='ltr'>πεποίηκεν</span> <span class='ocrx_word' id='word_1_488' title='bbox 3029 1939 3104 2005; x_wconf 86' lang='grc' dir='ltr'>τῷ</span> <span class='ocrx_word' id='word_1_489' title='bbox 3161 1929 3330 1990; x_wconf 82' lang='grc' dir='ltr'>παιδί.</span> <span class='ocrx_word' id='word_1_490' title='bbox 3379 1938 3481 1989; x_wconf 78' lang='lat' dir='ltr'><strong>T03</strong></span> <span class='ocrx_word' id='word_1_491' title='bbox 3539 1936 3650 2005; x_wconf 77' lang='grc' dir='ltr'><strong>μὲν</strong></span> <span class='ocrx_word' id='word_1_492' title='bbox 3720 1932 3823 2007; x_wconf 76' lang='grc' dir='ltr'><strong>γὰρ</strong></span> 
     </span>
    </p>
   </div>
   <div class='ocr_carea' id='block_1_79' title="bbox 2156 2018 3823 2095">
    <p class='ocr_par' dir='ltr' id='par_1_79' title="bbox 2156 2018 3823 2095">
     <span class='ocr_line' id='line_1_79' title="bbox 2156 2018 3823 2095; baseline 0 -24"><span class='ocrx_word' id='word_1_493' title='bbox 2156 2018 2415 2094; x_wconf 81' lang='grc' dir='ltr'>ὁμοζύγου</span> <span class='ocrx_word' id='word_1_494' title='bbox 2463 2024 2522 2074; x_wconf 76' lang='grc' dir='ltr'>τὸ</span> <span class='ocrx_word' id='word_1_495' title='bbox 2551 2021 2742 2095; x_wconf 81' lang='grc' dir='ltr'>θερμὸν</span> <span class='ocrx_word' id='word_1_496' title='bbox 2798 2021 3126 2094; x_wconf 77' lang='grc' dir='ltr'>ἐπισταμένη</span> <span class='ocrx_word' id='word_1_497' title='bbox 3184 2025 3284 2086; x_wconf 81' lang='grc' dir='ltr'>τῆς</span> <span class='ocrx_word' id='word_1_498' title='bbox 3336 2021 3564 2083; x_wconf 84' lang='grc' dir='ltr'>πίστεως</span> <span class='ocrx_word' id='word_1_499' title='bbox 3624 2019 3823 2074; x_wconf 79' lang='grc' dir='ltr'>λαθεῖν</span> 
     </span>
    </p>
   </div>
   <div class='ocr_carea' id='block_1_80' title="bbox 2155 2104 3820 2186">
    <p class='ocr_par' dir='ltr' id='par_1_80' title="bbox 2155 2104 3820 2186">
     <span class='ocr_line' id='line_1_80' title="bbox 2155 2104 3820 2186; baseline 0.002 -27"><span class='ocrx_word' id='word_1_500' title='bbox 2155 2104 2364 2162; x_wconf 81' lang='grc' dir='ltr'>ἅπαντα</span> <span class='ocrx_word' id='word_1_501' title='bbox 2394 2109 2484 2163; x_wconf 83' lang='grc' dir='ltr'><strong>τὸν</strong></span> <span class='ocrx_word' id='word_1_502' title='bbox 2534 2109 2727 2186; x_wconf 76' lang='grc' dir='ltr'>χρόνον</span> <span class='ocrx_word' id='word_1_503' title='bbox 2785 2107 3094 2164; x_wconf 70' lang='grc' dir='ltr'>ἐσπούδασε·</span> <span class='ocrx_word' id='word_1_504' title='bbox 3126 2118 3218 2166; x_wconf 80' lang='grc' dir='ltr'><strong>τοῦ</strong></span> <span class='ocrx_word' id='word_1_505' title='bbox 3253 2107 3306 2164; x_wconf 81' lang='grc' dir='ltr'><strong>δέ</strong></span> <span class='ocrx_word' id='word_1_506' title='bbox 3368 2107 3550 2172; x_wconf 79' lang='grc' dir='ltr'>παιδὸς</span> <span class='ocrx_word' id='word_1_507' title='bbox 3583 2110 3655 2164; x_wconf 82' lang='grc' dir='ltr'>τὸ</span> <span class='ocrx_word' id='word_1_508' title='bbox 3711 2129 3820 2164; x_wconf 86' lang='grc' dir='ltr'><strong>των</strong></span> 
     </span>
    </p>
   </div>
   <div class='ocr_carea' id='block_1_81' title="bbox 2158 2196 3824 2277">
    <p class='ocr_par' dir='ltr' id='par_1_81' title="bbox 2158 2196 3824 2277">
     <span class='ocr_line' id='line_1_81' title="bbox 2158 2196 3824 2277; baseline 0.001 -27"><span class='ocrx_word' id='word_1_509' title='bbox 2158 2202 2357 2274; x_wconf 65' lang='grc' dir='ltr'>φρενῶν</span> <span class='ocrx_word' id='word_1_510' title='bbox 2413 2196 2616 2252; x_wconf 81' lang='grc' dir='ltr'>ἁπαλὸν</span> <span class='ocrx_word' id='word_1_511' title='bbox 2675 2197 2762 2253; x_wconf 79' lang='grc' dir='ltr'><strong>καὶ</strong></span> <span class='ocrx_word' id='word_1_512' title='bbox 2820 2198 3198 2277; x_wconf 82' lang='grc' dir='ltr'>εὑπαράγωγον</span> <span class='ocrx_word' id='word_1_513' title='bbox 3273 2197 3539 2276; x_wconf 81' lang='grc' dir='ltr'>θεωμένη,</span> <span class='ocrx_word' id='word_1_514' title='bbox 3605 2216 3824 2272; x_wconf 82' lang='grc' dir='ltr'>προσε-</span> 
     </span>
    </p>
   </div>
   <div class='ocr_carea' id='block_1_82' title="bbox 2159 2284 3824 2364">
    <p class='ocr_par' dir='ltr' id='par_1_82' title="bbox 2159 2284 3824 2364">
     <span class='ocr_line' id='line_1_82' title="bbox 2159 2284 3824 2364; baseline 0.001 -26"><span class='ocrx_word' id='word_1_515' title='bbox 2159 2298 2369 2361; x_wconf 75' lang='grc' dir='ltr'>νεγκεῖν</span> <span class='ocrx_word' id='word_1_516' title='bbox 2423 2286 2520 2353; x_wconf 80' lang='grc' dir='ltr'>τὴν</span> <span class='ocrx_word' id='word_1_517' title='bbox 2565 2285 2832 2352; x_wconf 76' lang='grc' dir='ltr'>ἐξαπάτην</span> <span class='ocrx_word' id='word_1_518' title='bbox 2887 2285 3192 2364; x_wconf 70' lang='grc' dir='ltr'>ἐθάρρησεν.</span> <span class='ocrx_word' id='word_1_519' title='bbox 3236 2286 3296 2343; x_wconf 89' lang='grc' dir='ltr'>Ὀ</span> <span class='ocrx_word' id='word_1_520' title='bbox 3329 2284 3384 2341; x_wconf 86' lang='grc' dir='ltr'><strong>δέ</strong></span> <span class='ocrx_word' id='word_1_521' title='bbox 3441 2290 3541 2352; x_wconf 75' lang='grc' dir='ltr'>τῆς</span> <span class='ocrx_word' id='word_1_522' title='bbox 3600 2285 3824 2362; x_wconf 84' lang='grc' dir='ltr'>μητρὸς</span> 
     </span>
    </p>
   </div>
   <div class='ocr_carea' id='block_1_83' title="bbox 2157 2372 3822 2453">
    <p class='ocr_par' dir='ltr' id='par_1_83' title="bbox 2157 2372 3822 2453">
     <span class='ocr_line' id='line_1_83' title="bbox 2157 2372 3822 2453; baseline 0.003 -26"><span class='ocrx_word' id='word_1_523' title='bbox 2157 2375 2251 2436; x_wconf 81' lang='grc' dir='ltr'><strong>τὰς</strong></span> <span class='ocrx_word' id='word_1_524' title='bbox 2282 2375 2549 2443; x_wconf 79' lang='grc' dir='ltr'>ὑποθήκας</span> <span class='ocrx_word' id='word_1_525' title='bbox 2609 2375 2958 2453; x_wconf 75' lang='grc' dir='ltr'>ὀνησιφόρους</span> <span class='ocrx_word' id='word_1_526' title='bbox 2990 2372 3295 2442; x_wconf 86' lang='grc' dir='ltr'>ὑπολαϐὼν,</span> <span class='ocrx_word' id='word_1_527' title='bbox 3332 2375 3405 2439; x_wconf 75' lang='grc' dir='ltr'>εἷς</span> <span class='ocrx_word' id='word_1_528' title='bbox 3462 2375 3562 2453; x_wconf 76' lang='grc' dir='ltr'><strong>γὰρ</strong></span> <span class='ocrx_word' id='word_1_529' title='bbox 3591 2375 3663 2432; x_wconf 81' lang='grc' dir='ltr'><strong>τὸ</strong></span> <span class='ocrx_word' id='word_1_530' title='bbox 3724 2373 3822 2439; x_wconf 86' lang='grc' dir='ltr'>τῆς</span> 
     </span>
    </p>
   </div>
   <div class='ocr_carea' id='block_1_84' title="bbox 2157 2460 3821 2542">
    <p class='ocr_par' dir='ltr' id='par_1_84' title="bbox 2157 2460 3821 2542">
     <span class='ocr_line' id='line_1_84' title="bbox 2157 2460 3821 2542; baseline -0.001 -26"><span class='ocrx_word' id='word_1_531' title='bbox 2157 2463 2359 2540; x_wconf 79' lang='grc' dir='ltr'>φύσεως</span> <span class='ocrx_word' id='word_1_532' title='bbox 2417 2460 2601 2539; x_wconf 86' lang='grc' dir='ltr'>δέλεαρ</span> <span class='ocrx_word' id='word_1_533' title='bbox 2645 2460 2988 2537; x_wconf 85' lang='grc' dir='ltr'>ἀποϐλέπων,</span> <span class='ocrx_word' id='word_1_534' title='bbox 3021 2465 3080 2518; x_wconf 82' lang='grc' dir='ltr'>τὸ</span> <span class='ocrx_word' id='word_1_535' title='bbox 3110 2467 3470 2542; x_wconf 65' lang='grc' dir='ltr'>θανατηφόρον</span> <span class='ocrx_word' id='word_1_536' title='bbox 3523 2462 3821 2540; x_wconf 72' lang='grc' dir='ltr'>ἄγκιστρον</span> 
     </span>
    </p>
   </div>
   <div class='ocr_carea' id='block_1_85' title="bbox 2157 2550 3818 2631">
    <p class='ocr_par' dir='ltr' id='par_1_85' title="bbox 2157 2550 3818 2631">
     <span class='ocr_line' id='line_1_85' title="bbox 2157 2550 3818 2631; baseline 0.001 -26"><span class='ocrx_word' id='word_1_537' title='bbox 2157 2551 2211 2605; x_wconf 80' lang='grc' dir='ltr'>ἐν</span> <span class='ocrx_word' id='word_1_538' title='bbox 2276 2557 2343 2627; x_wconf 85' lang='grc' dir='ltr'><strong>τῇ</strong></span> <span class='ocrx_word' id='word_1_539' title='bbox 2399 2556 2556 2631; x_wconf 80' lang='grc' dir='ltr'><strong>ψυχῇ</strong></span> <span class='ocrx_word' id='word_1_540' title='bbox 2617 2551 2965 2631; x_wconf 78' lang='grc' dir='ltr'>περιέπειρεν.</span> <span class='ocrx_word' id='word_1_541' title='bbox 3027 2550 3087 2610; x_wconf 89' lang='grc' dir='ltr'><strong>Ὀ</strong></span> <span class='ocrx_word' id='word_1_542' title='bbox 3144 2550 3198 2607; x_wconf 80' lang='grc' dir='ltr'><strong>δὲ</strong></span> <span class='ocrx_word' id='word_1_543' title='bbox 3255 2553 3425 2630; x_wconf 77' lang='grc' dir='ltr'>μέγας</span> <span class='ocrx_word' id='word_1_544' title='bbox 3489 2550 3818 2629; x_wconf 75' lang='grc' dir='ltr'>Ἀμὸρόσιος</span> 
     </span>
    </p>
   </div>
   <div class='ocr_carea' id='block_1_86' title="bbox 2157 2639 3817 2717">
    <p class='ocr_par' dir='ltr' id='par_1_86' title="bbox 2157 2639 3817 2717">
     <span class='ocr_line' id='line_1_86' title="bbox 2157 2639 3817 2717; baseline 0.002 -23"><span class='ocrx_word' id='word_1_545' title='bbox 2157 2645 2330 2695; x_wconf 83' lang='grc' dir='ltr'>πᾶσαν</span> <span class='ocrx_word' id='word_1_546' title='bbox 2387 2640 2483 2714; x_wconf 63' lang='grc' dir='ltr'><strong>μὲ)</strong></span> <span class='ocrx_word' id='word_1_547' title='bbox 2515 2639 2602 2696; x_wconf 85' lang='grc' dir='ltr'>καί</span> <span class='ocrx_word' id='word_1_548' title='bbox 2659 2641 2847 2708; x_wconf 87' lang='grc' dir='ltr'>πρώην</span> <span class='ocrx_word' id='word_1_549' title='bbox 2893 2639 3229 2717; x_wconf 80' lang='grc' dir='ltr'>Ἀρειανικήν</span> <span class='ocrx_word' id='word_1_550' title='bbox 3272 2640 3477 2706; x_wconf 85' lang='grc' dir='ltr'>πλάνην</span> <span class='ocrx_word' id='word_1_551' title='bbox 3535 2640 3597 2696; x_wconf 81' lang='grc' dir='ltr'>ἐκ</span> <span class='ocrx_word' id='word_1_552' title='bbox 3633 2640 3817 2706; x_wconf 79' lang='grc' dir='ltr'>πάσης</span> 
     </span>
    </p>
   </div>
   <div class='ocr_carea' id='block_1_87' title="bbox 2159 2727 3813 2805">
    <p class='ocr_par' dir='ltr' id='par_1_87' title="bbox 2159 2727 3813 2805">
     <span class='ocr_line' id='line_1_87' title="bbox 2159 2727 3813 2805; baseline 0 -21"><span class='ocrx_word' id='word_1_553' title='bbox 2159 2727 2252 2794; x_wconf 74' lang='grc' dir='ltr'><strong>τῆς</strong></span> <span class='ocrx_word' id='word_1_554' title='bbox 2306 2727 2532 2792; x_wconf 87' lang='grc' dir='ltr'>Ἰταλίας</span> <span class='ocrx_word' id='word_1_555' title='bbox 2597 2727 2835 2785; x_wconf 80' lang='grc' dir='ltr'>ἐκποδὼν</span> <span class='ocrx_word' id='word_1_556' title='bbox 2893 2728 3167 2798; x_wconf 79' lang='grc' dir='ltr'>ἐποίησεν·</span> <span class='ocrx_word' id='word_1_557' title='bbox 3219 2731 3401 2805; x_wconf 88' lang='grc' dir='ltr'>μαθὼν</span> <span class='ocrx_word' id='word_1_558' title='bbox 3456 2728 3512 2785; x_wconf 76' lang='grc' dir='ltr'>δὲ</span> <span class='ocrx_word' id='word_1_559' title='bbox 3571 2732 3666 2787; x_wconf 82' lang='grc' dir='ltr'><strong>καὶ</strong></span> <span class='ocrx_word' id='word_1_560' title='bbox 3721 2731 3813 2785; x_wconf 78' lang='grc' dir='ltr'>τὸν</span> 
     </span>
    </p>
   </div>
   <div class='ocr_carea' id='block_1_88' title="bbox 2152 2815 3806 2898">
    <p class='ocr_par' dir='ltr' id='par_1_88' title="bbox 2152 2815 3806 2898">
     <span class='ocr_line' id='line_1_88' title="bbox 2152 2815 3806 2898; baseline 0.002 -30"><span class='ocrx_word' id='word_1_561' title='bbox 2152 2815 2265 2872; x_wconf 84' lang='grc' dir='ltr'>νέον</span> <span class='ocrx_word' id='word_1_562' title='bbox 2337 2816 2764 2874; x_wconf 78' lang='grc' dir='ltr'>Οὑαλεντινιανὸν</span> <span class='ocrx_word' id='word_1_563' title='bbox 2825 2820 3024 2885; x_wconf 85' lang='grc' dir='ltr'>ταύτην</span> <span class='ocrx_word' id='word_1_564' title='bbox 3081 2817 3410 2898; x_wconf 75' lang='grc' dir='ltr'>εἰσδέχεσθαι</span> <span class='ocrx_word' id='word_1_565' title='bbox 3464 2819 3566 2886; x_wconf 77' lang='grc' dir='ltr'>τὴν</span> <span class='ocrx_word' id='word_1_566' title='bbox 3624 2817 3806 2897; x_wconf 87' lang='grc' dir='ltr'>νόσον,</span> 
     </span>
    </p>
   </div>
   <div class='ocr_carea' id='block_1_89' title="bbox 2151 2903 3808 2987">
    <p class='ocr_par' dir='ltr' id='par_1_89' title="bbox 2151 2903 3808 2987">
     <span class='ocr_line' id='line_1_89' title="bbox 2151 2903 3808 2987; baseline -0.001 -26"><span class='ocrx_word' id='word_1_567' title='bbox 2151 2903 2394 2961; x_wconf 73' lang='grc' dir='ltr'>ἔσπευδεν</span> <span class='ocrx_word' id='word_1_568' title='bbox 2450 2909 2512 2964; x_wconf 70' lang='grc' dir='ltr'>ὲκ</span> <span class='ocrx_word' id='word_1_569' title='bbox 2545 2908 2642 2976; x_wconf 78' lang='grc' dir='ltr'>τῆς</span> <span class='ocrx_word' id='word_1_570' title='bbox 2702 2914 2793 2964; x_wconf 84' lang='grc' dir='ltr'><strong>τοῦ</strong></span> <span class='ocrx_word' id='word_1_571' title='bbox 2848 2909 2962 2964; x_wconf 85' lang='grc' dir='ltr'>νέου</span> <span class='ocrx_word' id='word_1_572' title='bbox 3020 2913 3201 2987; x_wconf 78' lang='grc' dir='ltr'>ψυχῆς</span> <span class='ocrx_word' id='word_1_573' title='bbox 3244 2909 3547 2965; x_wconf 82' lang='grc' dir='ltr'>ἀποκιῶσαι</span> <span class='ocrx_word' id='word_1_574' title='bbox 3602 2908 3808 2974; x_wconf 87' lang='grc' dir='ltr'>ταύτην</span> 
     </span>
    </p>
   </div>
   <div class='ocr_carea' id='block_1_90' title="bbox 2149 2995 3809 3077">
    <p class='ocr_par' dir='ltr' id='par_1_90' title="bbox 2149 2995 3809 3077">
     <span class='ocr_line' id='line_1_90' title="bbox 2149 2995 3809 3077; baseline 0.002 -29"><span class='ocrx_word' id='word_1_575' title='bbox 2149 2995 2245 3062; x_wconf 77' lang='grc' dir='ltr'>τὴν</span> <span class='ocrx_word' id='word_1_576' title='bbox 2305 2996 2478 3052; x_wconf 86' lang='grc' dir='ltr'>νόσον·</span> <span class='ocrx_word' id='word_1_577' title='bbox 2513 2999 2667 3062; x_wconf 76' lang='grc' dir='ltr'>αὑτὸς</span> <span class='ocrx_word' id='word_1_578' title='bbox 2697 2995 2772 3077; x_wconf 71' lang='grc' dir='ltr'><strong>⁸δὲ</strong></span> <span class='ocrx_word' id='word_1_579' title='bbox 2803 2997 2922 3054; x_wconf 82' lang='grc' dir='ltr'>οἷον</span> <span class='ocrx_word' id='word_1_580' title='bbox 2980 2996 3264 3054; x_wconf 80' lang='grc' dir='ltr'>ἀντίπαλον</span> <span class='ocrx_word' id='word_1_581' title='bbox 3297 2999 3386 3053; x_wconf 86' lang='grc' dir='ltr'>τὸν</span> <span class='ocrx_word' id='word_1_582' title='bbox 3415 2996 3578 3074; x_wconf 81' lang='grc' dir='ltr'>ἄνδρα</span> <span class='ocrx_word' id='word_1_583' title='bbox 3637 2995 3809 3052; x_wconf 75' lang='grc' dir='ltr'>ἐδόκει</span> 
     </span>
    </p>
   </div>
   <div class='ocr_carea' id='block_1_91' title="bbox 2150 3083 2315 3144">
    <p class='ocr_par' dir='ltr' id='par_1_91' title="bbox 2150 3083 2315 3144">
     <span class='ocr_line' id='line_1_91' title="bbox 2150 3083 2315 3144; baseline 0.03 -6"><span class='ocrx_word' id='word_1_584' title='bbox 2150 3083 2315 3144; x_wconf 78' lang='grc' dir='ltr'>εἶναι.</span> 
     </span>
    </p>
   </div>
   <div class='ocr_carea' id='block_1_92' title="bbox 2233 3259 3805 3342">
    <p class='ocr_par' dir='ltr' id='par_1_92' title="bbox 2233 3259 3805 3342">
     <span class='ocr_line' id='line_1_92' title="bbox 2233 3259 3805 3342; baseline 0.003 -26"><span class='ocrx_word' id='word_1_585' title='bbox 2233 3259 2335 3316; x_wconf 85' lang='grc' dir='ltr'><strong>1Β²’</strong></span> <span class='ocrx_word' id='word_1_586' title='bbox 2379 3262 2440 3318; x_wconf 90' lang='lat'><strong>&#39;0</strong></span> <span class='ocrx_word' id='word_1_587' title='bbox 2470 3261 2524 3318; x_wconf 82' lang='grc' dir='ltr'><strong>δὲ</strong></span> <span class='ocrx_word' id='word_1_588' title='bbox 2582 3266 2680 3330; x_wconf 82' lang='grc' dir='ltr'>τῆς</span> <span class='ocrx_word' id='word_1_589' title='bbox 2728 3285 2785 3321; x_wconf 87' lang='grc' dir='ltr'><strong>τε</strong></span> <span class='ocrx_word' id='word_1_590' title='bbox 2829 3271 2921 3322; x_wconf 78' lang='grc' dir='ltr'>τοῦ</span> <span class='ocrx_word' id='word_1_591' title='bbox 2975 3265 3177 3342; x_wconf 80' lang='grc' dir='ltr'>πατρὸς</span> <span class='ocrx_word' id='word_1_592' title='bbox 3218 3263 3622 3339; x_wconf 79' lang='grc' dir='ltr'>ἀνεμίμνησκεν</span> <span class='ocrx_word' id='word_1_593' title='bbox 3652 3266 3805 3323; x_wconf 78' lang='grc' dir='ltr'>εὗσε-</span> 
     </span>
    </p>
   </div>
   <div class='ocr_carea' id='block_1_93' title="bbox 2151 3347 3804 3433">
    <p class='ocr_par' dir='ltr' id='par_1_93' title="bbox 2151 3347 3804 3433">
     <span class='ocr_line' id='line_1_93' title="bbox 2151 3347 3804 3433; baseline 0.001 -29"><span class='ocrx_word' id='word_1_594' title='bbox 2151 3347 2320 3424; x_wconf 88' lang='grc' dir='ltr'>ϐείας,</span> <span class='ocrx_word' id='word_1_595' title='bbox 2355 3351 2441 3406; x_wconf 83' lang='grc' dir='ltr'><strong>καὶ</strong></span> <span class='ocrx_word' id='word_1_596' title='bbox 2503 3353 2591 3408; x_wconf 81' lang='grc' dir='ltr'><strong>τὸν</strong></span> <span class='ocrx_word' id='word_1_597' title='bbox 2644 3352 2843 3428; x_wconf 81' lang='grc' dir='ltr'>κλῆρον</span> <span class='ocrx_word' id='word_1_598' title='bbox 2900 3351 3160 3432; x_wconf 84' lang='grc' dir='ltr'>παρέϐαλε</span> <span class='ocrx_word' id='word_1_599' title='bbox 3209 3350 3490 3433; x_wconf 67' lang='grc' dir='ltr'>φυλάττειν</span> <span class='ocrx_word' id='word_1_600' title='bbox 3522 3353 3580 3408; x_wconf 86' lang='grc' dir='ltr'>ὃν</span> <span class='ocrx_word' id='word_1_601' title='bbox 3636 3349 3804 3430; x_wconf 81' lang='grc' dir='ltr'>παρέ·-</span> 
     </span>
    </p>
   </div>
   <div class='ocr_carea' id='block_1_94' title="bbox 2150 3435 3806 3516">
    <p class='ocr_par' dir='ltr' id='par_1_94' title="bbox 2150 3435 3806 3516">
     <span class='ocr_line' id='line_1_94' title="bbox 2150 3435 3806 3516; baseline 0.002 -24"><span class='ocrx_word' id='word_1_602' title='bbox 2150 3435 2307 3493; x_wconf 84' lang='grc' dir='ltr'>λαϐεν</span> <span class='ocrx_word' id='word_1_603' title='bbox 2367 3438 2580 3504; x_wconf 78' lang='grc' dir='ltr'>ἄσυλον,</span> <span class='ocrx_word' id='word_1_604' title='bbox 2629 3440 2897 3499; x_wconf 81' lang='grc' dir='ltr'>Ἐδίδασκε</span> <span class='ocrx_word' id='word_1_605' title='bbox 2955 3441 3008 3497; x_wconf 82' lang='grc' dir='ltr'>δὲ</span> <span class='ocrx_word' id='word_1_606' title='bbox 3068 3443 3154 3498; x_wconf 85' lang='grc' dir='ltr'><strong>καὶ</strong></span> <span class='ocrx_word' id='word_1_607' title='bbox 3203 3441 3301 3507; x_wconf 79' lang='grc' dir='ltr'>τὴν</span> <span class='ocrx_word' id='word_1_608' title='bbox 3356 3445 3463 3496; x_wconf 79' lang='grc' dir='ltr'>τῶν</span> <span class='ocrx_word' id='word_1_609' title='bbox 3523 3438 3806 3516; x_wconf 82' lang='grc' dir='ltr'>δογμάτων</span> 
     </span>
    </p>
   </div>
   <div class='ocr_carea' id='block_1_95' title="bbox 2147 3525 3808 3608">
    <p class='ocr_par' dir='ltr' id='par_1_95' title="bbox 2147 3525 3808 3608">
     <span class='ocr_line' id='line_1_95' title="bbox 2147 3525 3808 3608; baseline 0.003 -26"><span class='ocrx_word' id='word_1_610' title='bbox 2147 3525 2419 3608; x_wconf 75' lang='grc' dir='ltr'>διαφορὰν,</span> <span class='ocrx_word' id='word_1_611' title='bbox 2456 3532 2542 3585; x_wconf 83' lang='grc' dir='ltr'><strong>καὶ</strong></span> <span class='ocrx_word' id='word_1_612' title='bbox 2573 3528 2719 3594; x_wconf 83' lang='grc' dir='ltr'>ὅπως</span> <span class='ocrx_word' id='word_1_613' title='bbox 2771 3533 2836 3594; x_wconf 79' lang='grc' dir='ltr'>τὰ</span> <span class='ocrx_word' id='word_1_614' title='bbox 2893 3531 2989 3606; x_wconf 77' lang='grc' dir='ltr'><strong>μέν</strong></span> <span class='ocrx_word' id='word_1_615' title='bbox 3037 3531 3103 3605; x_wconf 77' lang='grc' dir='ltr'>τῇ</span> <span class='ocrx_word' id='word_1_616' title='bbox 3153 3531 3248 3586; x_wconf 80' lang='grc' dir='ltr'>τοῦ</span> <span class='ocrx_word' id='word_1_617' title='bbox 3297 3529 3484 3606; x_wconf 78' lang='grc' dir='ltr'>Κυρίου</span> <span class='ocrx_word' id='word_1_618' title='bbox 3544 3525 3808 3587; x_wconf 66' lang='grc' dir='ltr'>διδασιια·</span> 
     </span>
    </p>
   </div>
   <div class='ocr_carea' id='block_1_96' title="bbox 2145 3614 3803 3694">
    <p class='ocr_par' dir='ltr' id='par_1_96' title="bbox 2145 3614 3803 3694">
     <span class='ocr_line' id='line_1_96' title="bbox 2145 3614 3803 3694; baseline -0.001 -22"><span class='ocrx_word' id='word_1_619' title='bbox 2145 3616 2231 3690; x_wconf 80' lang='grc' dir='ltr'>λίᾳ</span> <span class='ocrx_word' id='word_1_620' title='bbox 2293 3621 2521 3683; x_wconf 73' lang='grc' dir='ltr'>καὶτοῖς</span> <span class='ocrx_word' id='word_1_621' title='bbox 2583 3624 2688 3676; x_wconf 82' lang='grc' dir='ltr'><strong>τῶν</strong></span> <span class='ocrx_word' id='word_1_622' title='bbox 2733 3621 3048 3677; x_wconf 72' lang='grc' dir='ltr'>ἀποστόλων</span> <span class='ocrx_word' id='word_1_623' title='bbox 3107 3614 3378 3693; x_wconf 87' lang='grc' dir='ltr'>συμϐαίνει</span> <span class='ocrx_word' id='word_1_624' title='bbox 3439 3616 3803 3694; x_wconf 74' lang='grc' dir='ltr'>κηρύγμασιν·</span> 
     </span>
    </p>
   </div>
   <div class='ocr_carea' id='block_1_97' title="bbox 2145 3705 3801 3784">
    <p class='ocr_par' dir='ltr' id='par_1_97' title="bbox 2145 3705 3801 3784">
     <span class='ocr_line' id='line_1_97' title="bbox 2145 3705 3801 3784; baseline -0.002 -20"><span class='ocrx_word' id='word_1_625' title='bbox 2145 3708 2209 3764; x_wconf 83' lang='grc' dir='ltr'><strong>τὰ</strong></span> <span class='ocrx_word' id='word_1_626' title='bbox 2265 3705 2318 3762; x_wconf 70' lang='grc' dir='ltr'>δὲ</span> <span class='ocrx_word' id='word_1_627' title='bbox 2349 3706 2586 3784; x_wconf 70' lang='grc' dir='ltr'>ἄντικρύς</span> <span class='ocrx_word' id='word_1_628' title='bbox 2645 3709 2784 3767; x_wconf 69' lang='grc' dir='ltr'>ἔστιν</span> <span class='ocrx_word' id='word_1_629' title='bbox 2819 3709 3023 3764; x_wconf 83' lang='grc' dir='ltr'>ἐναντία</span> <span class='ocrx_word' id='word_1_630' title='bbox 3067 3709 3154 3763; x_wconf 86' lang='grc' dir='ltr'><strong>καὶ</strong></span> <span class='ocrx_word' id='word_1_631' title='bbox 3198 3711 3264 3782; x_wconf 78' lang='grc' dir='ltr'>τῇ</span> <span class='ocrx_word' id='word_1_632' title='bbox 3295 3711 3644 3781; x_wconf 81' lang='grc' dir='ltr'>πνευματικῇ</span> <span class='ocrx_word' id='word_1_633' title='bbox 3708 3728 3801 3761; x_wconf 83' lang='grc' dir='ltr'>νο·</span> 
     </span>
    </p>
   </div>
   <div class='ocr_carea' id='block_1_98' title="bbox 2146 3792 3807 3877">
    <p class='ocr_par' dir='ltr' id='par_1_98' title="bbox 2146 3792 3807 3877">
     <span class='ocr_line' id='line_1_98' title="bbox 2146 3792 3807 3877; baseline -0.002 -25"><span class='ocrx_word' id='word_1_634' title='bbox 2146 3799 2361 3872; x_wconf 70' lang='grc' dir='ltr'>μοθεσίᾳ</span> <span class='ocrx_word' id='word_1_635' title='bbox 2410 3796 2720 3877; x_wconf 84' lang='grc' dir='ltr'>μαχόμενα,</span> <span class='ocrx_word' id='word_1_636' title='bbox 2756 3798 2816 3856; x_wconf 88' lang='grc' dir='ltr'>Ὀ</span> <span class='ocrx_word' id='word_1_637' title='bbox 2847 3796 2899 3853; x_wconf 79' lang='grc' dir='ltr'>δὲ</span> <span class='ocrx_word' id='word_1_638' title='bbox 2957 3797 3071 3859; x_wconf 88' lang='grc' dir='ltr'>νέος</span> <span class='ocrx_word' id='word_1_639' title='bbox 3117 3798 3211 3852; x_wconf 75' lang='grc' dir='ltr'>οἶα</span> <span class='ocrx_word' id='word_1_640' title='bbox 3255 3793 3319 3862; x_wconf 81' lang='grc' dir='ltr'>δὴ</span> <span class='ocrx_word' id='word_1_641' title='bbox 3365 3794 3478 3856; x_wconf 85' lang='grc' dir='ltr'>νέος</span> <span class='ocrx_word' id='word_1_642' title='bbox 3511 3795 3604 3850; x_wconf 81' lang='grc' dir='ltr'><strong>καὶ</strong></span> <span class='ocrx_word' id='word_1_643' title='bbox 3665 3792 3807 3872; x_wconf 78' lang='grc' dir='ltr'>παρὰ</span> 
     </span>
    </p>
   </div>
   <div class='ocr_carea' id='block_1_99' title="bbox 2145 3883 3797 3964">
    <p class='ocr_par' dir='ltr' id='par_1_99' title="bbox 2145 3883 3797 3964">
     <span class='ocr_line' id='line_1_99' title="bbox 2145 3883 3797 3964; baseline -0.002 -24"><span class='ocrx_word' id='word_1_644' title='bbox 2145 3909 2221 3961; x_wconf 77' lang='grc' dir='ltr'><strong>μγ,</strong></span> <span class='ocrx_word' id='word_1_645' title='bbox 2245 3888 2347 3962; x_wconf 78' lang='grc' dir='ltr'>;ρὸς</span> <span class='ocrx_word' id='word_1_646' title='bbox 2407 3887 2758 3962; x_wconf 63' lang='grc' dir='ltr'>ὴπατημὲνης</span> <span class='ocrx_word' id='word_1_647' title='bbox 2791 3885 3108 3964; x_wconf 84' lang='grc' dir='ltr'>θελγόμενος</span> <span class='ocrx_word' id='word_1_648' title='bbox 3142 3886 3200 3942; x_wconf 81' lang='grc' dir='ltr'><strong>οὑ</strong></span> <span class='ocrx_word' id='word_1_649' title='bbox 3231 3885 3391 3961; x_wconf 88' lang='grc' dir='ltr'>μόνον</span> <span class='ocrx_word' id='word_1_650' title='bbox 3423 3883 3484 3939; x_wconf 84' lang='grc' dir='ltr'><strong>ού</strong></span> <span class='ocrx_word' id='word_1_651' title='bbox 3541 3883 3797 3960; x_wconf 87' lang='grc' dir='ltr'>προσίετο</span> 
     </span>
    </p>
   </div>
   <div class='ocr_carea' id='block_1_100' title="bbox 2144 3970 3798 4054">
    <p class='ocr_par' dir='ltr' id='par_1_100' title="bbox 2144 3970 3798 4054">
     <span class='ocr_line' id='line_1_100' title="bbox 2144 3970 3798 4054; baseline -0.004 -22"><span class='ocrx_word' id='word_1_652' title='bbox 2144 3975 2206 4032; x_wconf 87' lang='grc' dir='ltr'>τὰ</span> <span class='ocrx_word' id='word_1_653' title='bbox 2250 3975 2510 4052; x_wconf 72' lang='grc' dir='ltr'>λεγόμενα</span> <span class='ocrx_word' id='word_1_654' title='bbox 2582 3977 2722 4054; x_wconf 84' lang='grc' dir='ltr'>παρὰ</span> <span class='ocrx_word' id='word_1_655' title='bbox 2780 3982 2871 4031; x_wconf 79' lang='grc' dir='ltr'><strong>τοῦ</strong></span> <span class='ocrx_word' id='word_1_656' title='bbox 2927 3972 3242 4054; x_wconf 82' lang='grc' dir='ltr'>ἀρχιερέως,</span> <span class='ocrx_word' id='word_1_657' title='bbox 3287 3970 3424 4028; x_wconf 83' lang='grc' dir='ltr'>ἀλλὰ</span> <span class='ocrx_word' id='word_1_658' title='bbox 3483 3973 3575 4026; x_wconf 84' lang='grc' dir='ltr'><strong>καὶ</strong></span> <span class='ocrx_word' id='word_1_659' title='bbox 3631 3975 3798 4046; x_wconf 81' lang='grc' dir='ltr'>θυμοῦ</span> 
     </span>
    </p>
   </div>
   <div class='ocr_carea' id='block_1_101' title="bbox 2145 4059 3796 4142">
    <p class='ocr_par' dir='ltr' id='par_1_101' title="bbox 2145 4059 3796 4142">
     <span class='ocr_line' id='line_1_101' title="bbox 2145 4059 3796 4142; baseline -0.004 -22"><span class='ocrx_word' id='word_1_660' title='bbox 2145 4063 2215 4120; x_wconf 82' lang='grc' dir='ltr'><strong>πλ</strong></span> <span class='ocrx_word' id='word_1_661' title='bbox 2245 4069 2356 4142; x_wconf 52' lang='grc' dir='ltr'>λρης</span> <span class='ocrx_word' id='word_1_662' title='bbox 2406 4065 2607 4142; x_wconf 73' lang='grc' dir='ltr'>ἐγίνετο</span> <span class='ocrx_word' id='word_1_663' title='bbox 2678 4066 2764 4121; x_wconf 87' lang='grc' dir='ltr'><strong>καὶ</strong></span> <span class='ocrx_word' id='word_1_664' title='bbox 2814 4063 3001 4142; x_wconf 83' lang='grc' dir='ltr'>λόχοις</span> <span class='ocrx_word' id='word_1_665' title='bbox 3047 4062 3280 4119; x_wconf 63' lang='grc' dir='ltr'>ὁπλιτῶν</span> <span class='ocrx_word' id='word_1_666' title='bbox 3333 4082 3390 4116; x_wconf 88' lang='grc' dir='ltr'><strong>τε</strong></span> <span class='ocrx_word' id='word_1_667' title='bbox 3437 4061 3526 4116; x_wconf 85' lang='grc' dir='ltr'><strong>καὶ</strong></span> <span class='ocrx_word' id='word_1_668' title='bbox 3587 4059 3796 4116; x_wconf 83' lang='grc' dir='ltr'>πελτα-</span> 
     </span>
    </p>
   </div>
   <div class='ocr_carea' id='block_1_102' title="bbox 2150 4147 3554 4227">
    <p class='ocr_par' dir='ltr' id='par_1_102' title="bbox 2150 4147 3554 4227">
     <span class='ocr_line' id='line_1_102' title="bbox 2150 4147 3554 4227; baseline -0.003 -19"><span class='ocrx_word' id='word_1_669' title='bbox 2150 4175 2287 4208; x_wconf 50' lang='grc' dir='ltr'>στμλν</span> <span class='ocrx_word' id='word_1_670' title='bbox 2318 4153 2436 4218; x_wconf 81' lang='grc' dir='ltr'>τοὺς</span> <span class='ocrx_word' id='word_1_671' title='bbox 2467 4153 2937 4219; x_wconf 65' lang='grc' dir='ltr'>ἐκκλησιαστικοῦς</span> <span class='ocrx_word' id='word_1_672' title='bbox 2971 4149 3279 4227; x_wconf 81' lang='grc' dir='ltr'>περιϐόλους</span> <span class='ocrx_word' id='word_1_673' title='bbox 3310 4147 3554 4211; x_wconf 81' lang='grc' dir='ltr'>ἐκύκλου,</span> 
     </span>
    </p>
   </div>
   <div class='ocr_carea' id='block_1_103' title="bbox 2232 4235 3798 4316">
    <p class='ocr_par' dir='ltr' id='par_1_103' title="bbox 2232 4235 3798 4316">
     <span class='ocr_line' id='line_1_103' title="bbox 2232 4235 3758 4299; baseline -0.003 -4"><span class='ocrx_word' id='word_1_674' title='bbox 2232 4240 2308 4296; x_wconf 82' lang='lat' dir='ltr'><strong>tl&quot;</strong></span> <span class='ocrx_word' id='word_1_675' title='bbox 2383 4240 2439 4299; x_wconf 70' lang='grc' dir='ltr'><strong>ἰα’</strong></span> <span class='ocrx_word' id='word_1_676' title='bbox 2543 4238 2585 4259; x_wconf 68' lang='grc'><strong>““</strong></span> <span class='ocrx_word' id='word_1_677' title='bbox 2645 4239 2774 4296; x_wconf 50' lang='grc' dir='ltr'><strong>δΗ</strong></span> <span class='ocrx_word' id='word_1_678' title='bbox 2932 4239 2940 4256; x_wconf 88' lang='grc'><em>’</em></span> <span class='ocrx_word' id='word_1_679' title='bbox 3183 4238 3204 4294; x_wconf 82' lang='grc' dir='ltr'>ἐ</span> <span class='ocrx_word' id='word_1_680' title='bbox 3431 4236 3443 4254; x_wconf 83' lang='grc'>’</span> <span class='ocrx_word' id='word_1_681' title='bbox 3575 4235 3600 4291; x_wconf 81' lang='grc' dir='ltr'><em>ἐ</em></span> <span class='ocrx_word' id='word_1_682' title='bbox 3746 4236 3758 4254; x_wconf 88' lang='lat'><strong>‘</strong></span> 
     </span>
     <span class='ocr_line' id='line_1_104' title="bbox 2318 4251 3798 4316; baseline -0.008 -13"><span class='ocrx_word' id='word_1_683' title='bbox 2318 4289 2332 4303; x_wconf 95' lang='lat'><strong>.</strong></span> <span class='ocrx_word' id='word_1_684' title='bbox 2425 4259 2602 4308; x_wconf 75' lang='grc' dir='ltr'>,πειοη</span> <span class='ocrx_word' id='word_1_685' title='bbox 2676 4275 2699 4295; x_wconf 71' lang='grc' dir='ltr'><strong>ι</strong></span> <span class='ocrx_word' id='word_1_686' title='bbox 2739 4263 2816 4297; x_wconf 65' lang='grc' dir='ltr'><strong>ιον</strong></span> <span class='ocrx_word' id='word_1_687' title='bbox 2877 4260 3127 4316; x_wconf 83' lang='grc' dir='ltr'>μεγιστον</span> <span class='ocrx_word' id='word_1_688' title='bbox 3212 4251 3388 4294; x_wconf 78' lang='grc' dir='ltr'>κεῖνον</span> <span class='ocrx_word' id='word_1_689' title='bbox 3421 4257 3570 4314; x_wconf 84' lang='grc' dir='ltr'>αριστ</span> <span class='ocrx_word' id='word_1_690' title='bbox 3605 4257 3663 4312; x_wconf 89' lang='grc' dir='ltr'><strong>α,</strong></span> <span class='ocrx_word' id='word_1_691' title='bbox 3711 4255 3798 4292; x_wconf 80' lang='grc' dir='ltr'><strong>τον</strong></span> 
     </span>
    </p>
   </div>
   <div class='ocr_carea' id='block_1_104' title="bbox 2147 4322 3797 4408">
    <p class='ocr_par' dir='ltr' id='par_1_104' title="bbox 2147 4322 3797 4408">
     <span class='ocr_line' id='line_1_105' title="bbox 2147 4322 3797 4408; baseline -0.004 -22"><span class='ocrx_word' id='word_1_692' title='bbox 2147 4345 2316 4408; x_wconf 83' lang='grc' dir='ltr'>γεῖον,</span> <span class='ocrx_word' id='word_1_693' title='bbox 2367 4329 2706 4408; x_wconf 85' lang='grc' dir='ltr'>Ἀμϐρόσιον,</span> <span class='ocrx_word' id='word_1_694' title='bbox 2741 4327 2885 4388; x_wconf 73' lang='grc' dir='ltr'>οὒδὲν</span> <span class='ocrx_word' id='word_1_695' title='bbox 2940 4325 3168 4407; x_wconf 78' lang='grc' dir='ltr'>ἐφόϐησε</span> <span class='ocrx_word' id='word_1_696' title='bbox 3215 4333 3320 4384; x_wconf 84' lang='grc' dir='ltr'>τῶν</span> <span class='ocrx_word' id='word_1_697' title='bbox 3375 4322 3467 4381; x_wconf 86' lang='grc' dir='ltr'>ὑπ’</span> <span class='ocrx_word' id='word_1_698' title='bbox 3497 4328 3663 4383; x_wconf 79' lang='grc' dir='ltr'>αὑτοῦ</span> <span class='ocrx_word' id='word_1_699' title='bbox 3712 4346 3797 4404; x_wconf 88' lang='grc' dir='ltr'>γι-</span> 
     </span>
    </p>
   </div>
   <div class='ocr_carea' id='block_1_105' title="bbox 2149 4412 3800 4498">
    <p class='ocr_par' dir='ltr' id='par_1_105' title="bbox 2149 4412 3800 4498">
     <span class='ocr_line' id='line_1_106' title="bbox 2149 4412 3800 4498; baseline -0.005 -22"><span class='ocrx_word' id='word_1_700' title='bbox 2149 4421 2384 4496; x_wconf 85' lang='grc' dir='ltr'>νομένων</span> <span class='ocrx_word' id='word_1_701' title='bbox 2460 4419 2837 4498; x_wconf 86' lang='grc' dir='ltr'>(μορμολύκεια</span> <span class='ocrx_word' id='word_1_702' title='bbox 2911 4419 3010 4494; x_wconf 80' lang='grc' dir='ltr'><strong>γὰρ</strong></span> <span class='ocrx_word' id='word_1_703' title='bbox 3080 4412 3306 4473; x_wconf 82' lang='grc' dir='ltr'>ὑπέλαϐε</span> <span class='ocrx_word' id='word_1_704' title='bbox 3384 4420 3549 4470; x_wconf 71' lang='grc' dir='ltr'>ταῦτα</span> <span class='ocrx_word' id='word_1_705' title='bbox 3617 4433 3800 4490; x_wconf 86' lang='grc' dir='ltr'>μειρα-</span> 
     </span>
    </p>
   </div>
   <div class='ocr_carea' id='block_1_106' title="bbox 2089 4490 3798 4585">
    <p class='ocr_par' dir='ltr' id='par_1_106' title="bbox 2089 4490 3798 4585">
     <span class='ocr_line' id='line_1_107' title="bbox 2089 4490 3798 4585; baseline -0.006 -19"><span class='ocrx_word' id='word_1_706' title='bbox 2089 4490 2375 4574; x_wconf 71' lang='grc' dir='ltr'><strong>ι)κυλλίοις</strong></span> <span class='ocrx_word' id='word_1_707' title='bbox 2553 4490 2722 4563; x_wconf 47' lang='grc' dir='ltr'>’τινων</span> <span class='ocrx_word' id='word_1_708' title='bbox 2753 4490 3200 4585; x_wconf 58' lang='grc' dir='ltr'>προσφερόμεναν</span> <span class='ocrx_word' id='word_1_709' title='bbox 3261 4504 3378 4559; x_wconf 86' lang='grc' dir='ltr'>τότε</span> <span class='ocrx_word' id='word_1_710' title='bbox 3409 4500 3474 4570; x_wconf 81' lang='grc' dir='ltr'>δὴ</span> <span class='ocrx_word' id='word_1_711' title='bbox 3533 4499 3798 4580; x_wconf 75' lang='grc' dir='ltr'>χαλεπή-</span> 
     </span>
    </p>
   </div>
   <div class='ocr_carea' id='block_1_107' title="bbox 2148 4589 3796 4677">
    <p class='ocr_par' dir='ltr' id='par_1_107' title="bbox 2148 4589 3796 4677">
     <span class='ocr_line' id='line_1_108' title="bbox 2148 4589 3796 4677; baseline -0.007 -22"><span class='ocrx_word' id='word_1_712' title='bbox 2148 4623 2236 4664; x_wconf 92' lang='grc' dir='ltr'><strong>νας</strong></span> <span class='ocrx_word' id='word_1_713' title='bbox 2294 4603 2596 4677; x_wconf 63' lang='grc' dir='ltr'>προφανῶς,</span> <span class='ocrx_word' id='word_1_714' title='bbox 2631 4599 2785 4653; x_wconf 74' lang='grc' dir='ltr'>αὑτὸν</span> <span class='ocrx_word' id='word_1_715' title='bbox 2841 4595 3082 4650; x_wconf 64' lang='grc' dir='ltr'>ἐκέλευσε</span> <span class='ocrx_word' id='word_1_716' title='bbox 3135 4601 3239 4658; x_wconf 82' lang='grc' dir='ltr'>τῶν</span> <span class='ocrx_word' id='word_1_717' title='bbox 3286 4594 3438 4670; x_wconf 82' lang='grc' dir='ltr'>ἱερῶν</span> <span class='ocrx_word' id='word_1_718' title='bbox 3484 4589 3587 4655; x_wconf 74' lang='grc' dir='ltr'><strong>ἔξω</strong></span> <span class='ocrx_word' id='word_1_719' title='bbox 3641 4591 3796 4666; x_wconf 74' lang='grc' dir='ltr'>βῆναι</span> 
     </span>
    </p>
   </div>
   <div class='ocr_carea' id='block_1_108' title="bbox 2147 4678 3792 4769">
    <p class='ocr_par' dir='ltr' id='par_1_108' title="bbox 2147 4678 3792 4769">
     <span class='ocr_line' id='line_1_109' title="bbox 2147 4678 3792 4769; baseline -0.006 -23"><span class='ocrx_word' id='word_1_720' title='bbox 2147 4692 2433 4769; x_wconf 86' lang='grc' dir='ltr'>προθύρων.</span> <span class='ocrx_word' id='word_1_721' title='bbox 2492 4687 2548 4744; x_wconf 83' lang='grc'><strong>’0</strong></span> <span class='ocrx_word' id='word_1_722' title='bbox 2607 4686 2684 4760; x_wconf 77' lang='grc' dir='ltr'><strong>δὲ,</strong></span> <span class='ocrx_word' id='word_1_723' title='bbox 2721 4684 2887 4742; x_wconf 84' lang='grc' dir='ltr'>Ἐκὼν</span> <span class='ocrx_word' id='word_1_724' title='bbox 2941 4684 3059 4759; x_wconf 80' lang='grc' dir='ltr'>μὲν,</span> <span class='ocrx_word' id='word_1_725' title='bbox 3122 4682 3246 4762; x_wconf 73' lang='grc' dir='ltr'>ἔφη,</span> <span class='ocrx_word' id='word_1_726' title='bbox 3279 4688 3430 4738; x_wconf 83' lang='grc' dir='ltr'>τοῦτο</span> <span class='ocrx_word' id='word_1_727' title='bbox 3482 4681 3542 4735; x_wconf 78' lang='grc' dir='ltr'><strong>οὑ</strong></span> <span class='ocrx_word' id='word_1_728' title='bbox 3593 4678 3792 4757; x_wconf 80' lang='grc' dir='ltr'>δράσω,</span> 
     </span>
    </p>
   </div>
   <div class='ocr_carea' id='block_1_109' title="bbox 2144 4767 3791 4857">
    <p class='ocr_par' dir='ltr' id='par_1_109' title="bbox 2144 4767 3791 4857">
     <span class='ocr_line' id='line_1_110' title="bbox 2144 4767 3791 4857; baseline -0.006 -22"><span class='ocrx_word' id='word_1_729' title='bbox 2144 4767 2259 4836; x_wconf 79' lang='grc' dir='ltr'><strong>οὑδέ</strong></span> <span class='ocrx_word' id='word_1_730' title='bbox 2313 4776 2570 4857; x_wconf 88' lang='grc' dir='ltr'>προδώσω</span> <span class='ocrx_word' id='word_1_731' title='bbox 2599 4788 2714 4839; x_wconf 75' lang='grc' dir='ltr'>τοῖς</span> <span class='ocrx_word' id='word_1_732' title='bbox 2768 4773 2945 4834; x_wconf 84' lang='grc' dir='ltr'>λυκοις</span> <span class='ocrx_word' id='word_1_733' title='bbox 2990 4795 3078 4829; x_wconf 89' lang='grc' dir='ltr'><strong>τον</strong></span> <span class='ocrx_word' id='word_1_734' title='bbox 3123 4779 3225 4830; x_wconf 82' lang='grc' dir='ltr'><strong>τῶν</strong></span> <span class='ocrx_word' id='word_1_735' title='bbox 3261 4767 3536 4848; x_wconf 75' lang='grc' dir='ltr'>προϐάτων</span> <span class='ocrx_word' id='word_1_736' title='bbox 3595 4769 3791 4842; x_wconf 79' lang='grc' dir='ltr'>σηκὸν,</span> 
     </span>
    </p>
   </div>
   <div class='ocr_carea' id='block_1_110' title="bbox 2143 4856 3792 4944">
    <p class='ocr_par' dir='ltr' id='par_1_110' title="bbox 2143 4856 3792 4944">
     <span class='ocr_line' id='line_1_111' title="bbox 2143 4856 3792 4944; baseline -0.008 -20"><span class='ocrx_word' id='word_1_737' title='bbox 2143 4868 2258 4926; x_wconf 68' lang='grc' dir='ltr'>οὐδὲ</span> <span class='ocrx_word' id='word_1_738' title='bbox 2287 4856 2404 4930; x_wconf 65' lang='grc' dir='ltr'>τοῖς</span> <span class='ocrx_word' id='word_1_739' title='bbox 2448 4865 2824 4944; x_wconf 74' lang='grc' dir='ltr'>βλασφημοῦσι</span> <span class='ocrx_word' id='word_1_740' title='bbox 2877 4863 2964 4917; x_wconf 82' lang='grc' dir='ltr'>τὸν</span> <span class='ocrx_word' id='word_1_741' title='bbox 2994 4863 3137 4916; x_wconf 81' lang='grc' dir='ltr'>θεῖον</span> <span class='ocrx_word' id='word_1_742' title='bbox 3195 4856 3580 4938; x_wconf 82' lang='grc' dir='ltr'>παραδώσομεν</span> <span class='ocrx_word' id='word_1_743' title='bbox 3635 4856 3792 4912; x_wconf 79' lang='grc' dir='ltr'>νεών·</span> 
     </span>
    </p>
   </div>
   <div class='ocr_carea' id='block_1_111' title="bbox 2143 4944 3795 5026">
    <p class='ocr_par' dir='ltr' id='par_1_111' title="bbox 2143 4944 3795 5026">
     <span class='ocr_line' id='line_1_112' title="bbox 2143 4944 3795 5026; baseline -0.008 -12"><span class='ocrx_word' id='word_1_744' title='bbox 2143 4957 2262 5014; x_wconf 83' lang='grc' dir='ltr'>ἀλλ’</span> <span class='ocrx_word' id='word_1_745' title='bbox 2295 4955 2347 5012; x_wconf 77' lang='grc' dir='ltr'>εἴ</span> <span class='ocrx_word' id='word_1_746' title='bbox 2403 4977 2478 5016; x_wconf 68' lang='lat' dir='ltr'><strong>co:</strong></span> <span class='ocrx_word' id='word_1_747' title='bbox 2519 4967 2722 5010; x_wconf 75' lang='grc' dir='ltr'>κτεῖναι</span> <span class='ocrx_word' id='word_1_748' title='bbox 2780 4950 2952 5026; x_wconf 78' lang='grc' dir='ltr'>δοκεῖ,</span> <span class='ocrx_word' id='word_1_749' title='bbox 2985 4948 3126 5007; x_wconf 79' lang='grc' dir='ltr'>ἔνδον</span> <span class='ocrx_word' id='word_1_750' title='bbox 3159 4945 3439 5025; x_wconf 74' lang='grc' dir='ltr'>ἐπένεγκαί</span> <span class='ocrx_word' id='word_1_751' title='bbox 3479 4967 3573 5021; x_wconf 90' lang='grc' dir='ltr'><strong>μοι</strong></span> <span class='ocrx_word' id='word_1_752' title='bbox 3603 4947 3666 5002; x_wconf 76' lang='grc' dir='ltr'>τὸ</span> <span class='ocrx_word' id='word_1_753' title='bbox 3731 4944 3795 5010; x_wconf 76' lang='grc' dir='ltr'>ξί-</span> 
     </span>
    </p>
   </div>
   <div class='ocr_carea' id='block_1_112' title="bbox 2143 5033 3794 5127">
    <p class='ocr_par' dir='ltr' id='par_1_112' title="bbox 2143 5033 3794 5127">
     <span class='ocr_line' id='line_1_113' title="bbox 2143 5033 3794 5127; baseline -0.01 -22"><span class='ocrx_word' id='word_1_754' title='bbox 2143 5070 2238 5127; x_wconf 75' lang='grc' dir='ltr'>φος</span> <span class='ocrx_word' id='word_1_755' title='bbox 2325 5046 2360 5113; x_wconf 78' lang='grc' dir='ltr'>ἢ</span> <span class='ocrx_word' id='word_1_756' title='bbox 2441 5046 2537 5112; x_wconf 75' lang='grc' dir='ltr'><strong>τὴν</strong></span> <span class='ocrx_word' id='word_1_757' title='bbox 2616 5042 2814 5109; x_wconf 79' lang='grc' dir='ltr'>ἀξίνην·</span> <span class='ocrx_word' id='word_1_758' title='bbox 2895 5039 3166 5102; x_wconf 86' lang='grc' dir='ltr'>ἀσπασίως</span> <span class='ocrx_word' id='word_1_759' title='bbox 3234 5037 3333 5116; x_wconf 80' lang='grc' dir='ltr'>γὰρ</span> <span class='ocrx_word' id='word_1_760' title='bbox 3401 5033 3617 5127; x_wconf 65' lang='grc' dir='ltr'>δέξομαι</span> <span class='ocrx_word' id='word_1_761' title='bbox 3671 5035 3794 5127; x_wconf 45' lang='grc' dir='ltr'>’την</span> 
     </span>
    </p>
   </div>
   <div class='ocr_carea' id='block_1_113' title="bbox 2142 5120 3795 5212">
    <p class='ocr_par' dir='ltr' id='par_1_113' title="bbox 2142 5120 3795 5212">
     <span class='ocr_line' id='line_1_114' title="bbox 2142 5120 3795 5212; baseline -0.009 -20"><span class='ocrx_word' id='word_1_762' title='bbox 2142 5120 2391 5201; x_wconf 75' lang='grc' dir='ltr'>τοιαύτην</span> <span class='ocrx_word' id='word_1_763' title='bbox 2454 5133 2688 5212; x_wconf 78' lang='grc' dir='ltr'>σφαγήν,</span> <span class='ocrx_word' id='word_1_764' title='bbox 2751 5131 2849 5188; x_wconf 83' lang='grc' dir='ltr'>Καὶ</span> <span class='ocrx_word' id='word_1_765' title='bbox 2901 5130 3062 5186; x_wconf 79' lang='grc' dir='ltr'>ταῦτα</span> <span class='ocrx_word' id='word_1_766' title='bbox 3115 5127 3209 5202; x_wconf 80' lang='grc' dir='ltr'><strong>μὲν</strong></span> <span class='ocrx_word' id='word_1_767' title='bbox 3264 5127 3292 5180; x_wconf 88' lang='grc' dir='ltr'>ὁ</span> <span class='ocrx_word' id='word_1_768' title='bbox 3332 5127 3476 5186; x_wconf 81' lang='grc' dir='ltr'>θεῖος</span> <span class='ocrx_word' id='word_1_769' title='bbox 3549 5120 3795 5201; x_wconf 82' lang='grc' dir='ltr'>Ἀμϐρό-</span> 
     </span>
    </p>
   </div>
   <div class='ocr_carea' id='block_1_114' title="bbox 2142 5247 2279 5288">
    <p class='ocr_par' dir='ltr' id='par_1_114' title="bbox 2142 5247 2279 5288">
     <span class='ocr_line' id='line_1_115' title="bbox 2142 5247 2279 5288; baseline -0.007 -6"><span class='ocrx_word' id='word_1_770' title='bbox 2142 5247 2279 5288; x_wconf 77' lang='grc' dir='ltr'>σιος,</span> 
     </span>
    </p>
   </div>
   <div class='ocr_carea' id='block_1_115' title="bbox 2225 5301 3794 5388">
    <p class='ocr_par' dir='ltr' id='par_1_115' title="bbox 2225 5301 3794 5388">
     <span class='ocr_line' id='line_1_116' title="bbox 2225 5301 3794 5388; baseline -0.009 -17"><span class='ocrx_word' id='word_1_771' title='bbox 2225 5313 2336 5376; x_wconf 83' lang='grc' dir='ltr'><strong>ΙΔ’.</strong></span> <span class='ocrx_word' id='word_1_772' title='bbox 2401 5311 2602 5386; x_wconf 76' lang='grc' dir='ltr'>Χρόνου</span> <span class='ocrx_word' id='word_1_773' title='bbox 2634 5310 2686 5366; x_wconf 80' lang='grc' dir='ltr'>δὲ</span> <span class='ocrx_word' id='word_1_774' title='bbox 2731 5312 2931 5388; x_wconf 76' lang='grc' dir='ltr'>συχνοῦ</span> <span class='ocrx_word' id='word_1_775' title='bbox 2985 5301 3289 5385; x_wconf 84' lang='grc' dir='ltr'>τριϐομένου</span> <span class='ocrx_word' id='word_1_776' title='bbox 3347 5302 3633 5378; x_wconf 78' lang='grc' dir='ltr'>μεμάθηκε</span> <span class='ocrx_word' id='word_1_777' title='bbox 3694 5302 3794 5376; x_wconf 69' lang='grc' dir='ltr'>μὲν</span> 
     </span>
    </p>
   </div>
   <div class='ocr_carea' id='block_1_116' title="bbox 2143 5389 3796 5480">
    <p class='ocr_par' dir='ltr' id='par_1_116' title="bbox 2143 5389 3796 5480">
     <span class='ocr_line' id='line_1_117' title="bbox 2143 5389 3796 5480; baseline -0.011 -18"><span class='ocrx_word' id='word_1_778' title='bbox 2143 5409 2169 5462; x_wconf 82' lang='grc' dir='ltr'><strong>ὁ</strong></span> <span class='ocrx_word' id='word_1_779' title='bbox 2216 5404 2459 5480; x_wconf 78' lang='grc' dir='ltr'>Μάξιμος</span> <span class='ocrx_word' id='word_1_780' title='bbox 2519 5403 2583 5458; x_wconf 78' lang='grc' dir='ltr'><strong>τὰ</strong></span> <span class='ocrx_word' id='word_1_781' title='bbox 2647 5399 2779 5456; x_wconf 82' lang='grc' dir='ltr'>κανὰ</span> <span class='ocrx_word' id='word_1_782' title='bbox 2821 5395 2914 5455; x_wconf 77' lang='grc' dir='ltr'>τοῦ</span> <span class='ocrx_word' id='word_1_783' title='bbox 2970 5392 3343 5472; x_wconf 74' lang='grc' dir='ltr'>μεγαλοφώνου</span> <span class='ocrx_word' id='word_1_784' title='bbox 3403 5389 3638 5480; x_wconf 71' lang='grc' dir='ltr'>κήρυκος</span> <span class='ocrx_word' id='word_1_785' title='bbox 3701 5395 3796 5457; x_wconf 83' lang='grc' dir='ltr'>τῆς</span> 
     </span>
    </p>
   </div>
   <div class='ocr_carea' id='block_1_117' title="bbox 2141 5478 3797 5569">
    <p class='ocr_par' dir='ltr' id='par_1_117' title="bbox 2141 5478 3797 5569">
     <span class='ocr_line' id='line_1_118' title="bbox 2141 5478 3797 5569; baseline -0.011 -16"><span class='ocrx_word' id='word_1_786' title='bbox 2141 5478 2390 5564; x_wconf 83' lang='grc' dir='ltr'>ἀληθείας</span> <span class='ocrx_word' id='word_1_787' title='bbox 2449 5491 2794 5569; x_wconf 88' lang='grc' dir='ltr'>τολμώμενα·</span> <span class='ocrx_word' id='word_1_788' title='bbox 2852 5483 3122 5542; x_wconf 62' lang='grc' dir='ltr'>ἐπέστειλε</span> <span class='ocrx_word' id='word_1_789' title='bbox 3176 5480 3228 5536; x_wconf 79' lang='grc' dir='ltr'>δὲ</span> <span class='ocrx_word' id='word_1_790' title='bbox 3277 5486 3356 5554; x_wconf 85' lang='grc' dir='ltr'>τῷ</span> <span class='ocrx_word' id='word_1_791' title='bbox 3413 5478 3797 5569; x_wconf 75' lang='grc' dir='ltr'>Οὑαλεντινια-</span> 
     </span>
    </p>
   </div>
   <div class='ocr_carea' id='block_1_118' title="bbox 2139 5567 3796 5667">
    <p class='ocr_par' dir='ltr' id='par_1_118' title="bbox 2139 5567 3796 5667">
     <span class='ocr_line' id='line_1_119' title="bbox 2139 5567 3796 5667; baseline -0.011 -23"><span class='ocrx_word' id='word_1_792' title='bbox 2139 5589 2237 5667; x_wconf 58' lang='lat' dir='ltr'><strong>vo”),</strong></span> <span class='ocrx_word' id='word_1_793' title='bbox 2267 5587 2358 5642; x_wconf 70' lang='grc' dir='ltr'>τὸν</span> <span class='ocrx_word' id='word_1_794' title='bbox 2385 5584 2522 5641; x_wconf 77' lang='grc' dir='ltr'>κατὰ</span> <span class='ocrx_word' id='word_1_795' title='bbox 2551 5567 2669 5650; x_wconf 65' lang='grc' dir='ltr'>τῆς</span> <span class='ocrx_word' id='word_1_796' title='bbox 2731 5573 2990 5639; x_wconf 70' lang='grc' dir='ltr'>εὗσεϐείας</span> <span class='ocrx_word' id='word_1_797' title='bbox 3045 5570 3277 5648; x_wconf 86' lang='grc' dir='ltr'>πόλεμον</span> <span class='ocrx_word' id='word_1_798' title='bbox 3325 5567 3623 5627; x_wconf 85' lang='grc' dir='ltr'>καταλῦσαι</span> <span class='ocrx_word' id='word_1_799' title='bbox 3656 5589 3796 5649; x_wconf 86' lang='grc' dir='ltr'>παρ-</span> 
     </span>
    </p>
   </div>
  </div>
