4048 6136
268 295 392 362 869

1589 283 1774 357 VITA
1817 283 1880 351 S.
1928 281 2316 351 AMBROSII.

3520 288 3638 359 870

265 428 502 506 ἐγγυῶν,
575 427 660 484 καὶ
715 430 981 504 παραινῶν
1041 423 1118 498 μὴ
1175 423 1421 500 προέσθαι
1499 423 1596 489 τὴν
1667 423 1916 500 πατρῴαν

2018 418 2479 500 )ietatemipsam
2502 427 2777 501 suscepto
2801 419 3112 483 discedere
3135 425 3636 505 moneret,horta-

269 514 543 575 εὐσέϐειαν
581 532 595 547 ⁸
677 517 1042 591 προστέθεικεν
1101 512 1154 568 δὲ
1213 515 1297 568 καὶ
1353 511 1446 569 τοῦ
1517 510 1754 584 πολέμου
1817 511 1916 576 τὴν

266 607 524 680 ἀπειλὴν,
595 607 638 660 εἰ
693 606 771 679 μὴ
821 605 1090 660 πείθοιτο·
1137 603 1228 657 γαί
1292 602 1472 672 μέντοι
1529 603 1615 656 καὶ
1660 603 1720 656 τὸ
1765 599 1916 676 ἔργον

267 709 392 758 τοῖς
453 694 632 772 λόγοις
689 693 970 759 ἐπέθηκεν.
1055 693 1162 758 Τὴν
1245 691 1344 768 γὰρ
1399 690 1646 767 στρατιὰν
1706 688 1916 766 ἀγείρας

266 784 356 840 ἐπὶ
413 783 510 851 τὴν
557 781 890 838 Μεδιολάνων
935 780 1208 857 ὥρμησεν,
1269 778 1387 834 ἔνθα
1445 779 1648 841 ἐκεῖνος
1706 775 1912 854 διῆγεν,

271 877 338 931 Ὀ
397 870 452 928 δὲ
507 873 688 947 μαθὼν
748 871 846 937 τὴν
905 868 1090 949 ἔφοδον
1135 872 1207 931 εἰς
1267 867 1550 946 Ἰλλυριοὺς
1581 866 1760 946 ᾤχετο
1788 867 1915 945 φεύ-

279 984 416 1040 γων,
473 968 542 1037 τῇ
603 963 756 1039 πείρᾳ
785 961 964 1036 μαθὼν
997 960 1153 1015 τίνων
1182 957 1242 1014 ἐκ
1269 959 1367 1024 τῆς
1400 956 1639 1036 μετρῲας
1668 956 1916 1012 ἀπώνατο

281 1048 606 1126 συμϐουλῆς.

357 1227 462 1292 ΙΕ’.
499 1227 793 1304 Πυθόμενος
851 1225 906 1282 δὲ
964 1224 1244 1288 Θεοδόσιος
1303 1227 1328 1280 6
1383 1224 1728 1304 πανεύφημος
1759 1225 1917 1300 βασι-

269 1318 396 1380 λεύς
453 1319 519 1374 τὰ
574 1318 716 1394 παρᾶ
775 1325 866 1374 τοῦ
923 1317 1039 1372 νέου
1113 1314 1546 1373 Οὐαλεντινιανοὺ
1615 1313 1918 1392 πραχθέντα

273 1409 370 1464 καὶ
411 1408 477 1463 τὰ
508 1408 651 1485 παρὰ
683 1404 919 1480 Μαξίμου
949 1412 1044 1461 τοῦ
1085 1405 1334 1482 τυράννου
1381 1405 1666 1482 γραφέντα,
1723 1402 1918 1480 ἔγραψε

273 1502 358 1572 τῷ
399 1497 683 1575 πεφευγότι
728 1496 828 1570 νέῳ
872 1497 949 1569 μὴ
1014 1500 1212 1574 χρῆναι
1263 1495 1542 1568 θαυμάζειν
1595 1494 1638 1547 εἰ
1688 1498 1763 1562 τῷ
1817 1491 1920 1566 βα-

273 1589 426 1642 σιλεῖ
453 1589 514 1641 τὸ
547 1584 684 1657 δέος,
718 1591 794 1657 τῷ
848 1582 902 1639 δὲ
958 1586 1194 1661 τυράννῳ
1234 1584 1292 1638 τὸ
1324 1583 1512 1660 κράτος
1545 1580 1874 1650 συνέζευκται
1904 1596 1918 1608 ·

276 1674 349 1750 τῇ
401 1676 502 1752 γὰρ
545 1673 781 1744 εὐσεϐείᾳ
835 1670 1182 1746 πεπολέμηκε
1241 1672 1337 1746 μὲν
1395 1673 1423 1725 6
1480 1668 1749 1745 βασιλεὺς,
1804 1668 1832 1722 ὃ
1871 1666 1925 1722 δὲ

274 1766 528 1842 τύραννος
587 1762 940 1840 ἐπεκούρησεν
977 1781 992 1796 ·

276 1850 647 1930 ἀποδιδράσκει
708 1851 924 1929 γυμνὸς,
1009 1852 1036 1905 6
1107 1847 1162 1903 δὲ
1247 1850 1412 1924 ταύτῃ
1489 1847 1923 1922 καθωπλισμένος

277 1949 376 1998 τοῦ
432 1942 845 2019 γεγυμνωμένου
904 1952 1091 2017 κρατεῖ
1122 1958 1140 1975 ⁶
1194 1944 1264 2013 τῇ
1327 1939 1426 2016 γὰρ
1471 1935 1702 2009 εὐσεϐείᾳ
1757 1938 1844 1992 καὶ
1899 1939 1924 1992 6

276 2033 479 2096 ταύτης
510 2031 716 2087 σύνεστι
750 2027 1064 2104 νομοθέτης.

366 2118 498 2194 ις’.
535 2127 710 2177 Ταῦτα
765 2117 862 2192 μὲν
913 2117 1000 2174 οὖν
1052 2114 1228 2193 πόῤῥω
1259 2115 1331 2171 ὢν
1362 2114 1663 2171 ἐπέστειλεν
1697 2129 1710 2143 ⁸
1774 2113 1925 2170 ἐπει.

278 2208 349 2276 δὴ
392 2208 447 2264 δὲ
477 2208 576 2274 τὴν
608 2207 776 2286 φυγὰν
825 2206 1148 2282 μεμαθηκὼς
1197 2207 1270 2266 εἷς
1334 2203 1628 2281 ἐπικοῦρίαν
1685 2202 1922 2282 ἀφίκετο,

279 2300 375 2354 καὶ
403 2299 500 2366 τὴν
534 2297 630 2372 μὲν
663 2299 856 2354 οἰκείαν
912 2294 1336 2351 καταλελοιπότα
1394 2292 1684 2369 βασιλείαν,
1741 2293 1813 2355 εἷς
1872 2289 1926 2346 δὲ

280 2385 386 2454 τὴν
442 2386 601 2442 αὐτοῦ
671 2385 1100 2463 παραγενόμενον
1162 2381 1305 2438 εἶδεν
1340 2401 1354 2416 ⁸
1434 2389 1639 2458 πρῶτον
1706 2383 1803 2456 μὲν
1859 2387 1927 2456 τῇ

279 2481 442 2554 ψυχῇ
469 2476 562 2542 τὴν
607 2474 886 2538 θεραπείαν
936 2473 1295 2551 προσήνεγκε,
1353 2477 1441 2528 κιιί
1469 2472 1572 2538 τὴν
1602 2469 1925 2547 ἐπιγενομέ-

281 2587 385 2630 νην
435 2570 532 2631 τῆς
591 2561 831 2626 ἀσεϐείας
901 2562 1125 2631 ἐξήλασε
1180 2562 1356 2640 νόσον,
1415 2564 1500 2616 καὶ
1547 2563 1619 2624 εἷς
1675 2561 1772 2626 τὴν
1817 2580 1926 2615 πα-

279 2655 456 2728 νρῴαν
508 2651 774 2709 εὐσέϐειαν
835 2649 1174 2730 ἐπανήγαγεν
1211 2665 1225 2680 ⁹
1274 2650 1398 2707 εἶτα
1453 2649 1662 2728 θαρῤεϊν
1722 2670 1924 2726 παρεγ-

277 2745 483 2822 γυήσας
542 2743 630 2798 καὶ
687 2743 824 2798 κατὰ
903 2748 992 2797 τοῦ
1082 2739 1335 2817 τυράννου
1392 2741 1709 2816 στρατεύσας
1767 2739 1925 2794 ἀναι-

279 2834 420 2909 μωτὶ
471 2831 571 2907 μὲν
627 2837 702 2904 τῷ
766 2829 867 2886 νέω
925 2829 1022 2898 την
1080 2827 1350 2904 βασιλείαν
1407 2825 1702 2905 παρέδωκε,
1755 2828 1844 2882 τὸν
1873 2824 1928 2880 δὲ

281 2923 537 3000 τύραννον
623 2918 930 2976 ἀπέκτεινεν
959 2935 974 2949 ⁸
1067 2915 1272 2973 ἀδικεῖν
1347 2917 1445 2993 γὰρ
1515 2912 1765 2988 ὑπέλαϐε,
1843 2916 1931 2970 καὶ

283 3011 378 3075 τὰς
419 3011 554 3088 πρὸς
591 3009 877 3087 Γρατιανὸν
922 3005 1286 3085 γεγενημένας
1330 3002 1668 3084 παραϐαίνειν
1733 3005 1930 3072 συνθή-

280 3120 405 3178 κας,
437 3099 482 3154 εί
515 3097 594 3174 μὴ
645 3096 836 3164 ποινὴν
879 3097 1000 3158 τοὺς
1058 3093 1415 3158 ἀπεκτονότας
1463 3092 1794 3172 εἰσπράξαιτο
1832 3098 1932 3159 τῆς

282 3193 524 3266 σφαγῆς.
559 3189 722 3250 Οὗτος
755 3189 782 3241 6
827 3185 1146 3248 πιστότατος
1196 3181 1442 3260 βασιλεὺς
1493 3183 1627 3238 κατὰ
1655 3187 1754 3248 τῆς
1787 3180 1929 3238 πλά-

283 3299 384 3344 νης
439 3281 536 3343 τῆς
595 3274 884 3343 ἑλληνικῆς
942 3272 1200 3348 μετέθηκε
1279 3273 1379 3339 τὴν
1435 3269 1664 3337 σπουδὴν
1730 3271 1926 3344 πᾶσαν,

284 3367 375 3424 καὶ
403 3365 596 3441 νόμους
627 3364 849 3442 ἔγραψε,
889 3364 956 3418 τὰ
1003 3368 1111 3419 τῶν
1171 3360 1401 3418 εἰδώλων
1441 3361 1637 3438 τεμένη
1691 3359 1928 3418 καταλυ-

286 3458 447 3522 θῆναι
483 3453 734 3515 κελεύων,

374 3543 474 3601 ΙΖ’.
523 3552 922 3603 Κωνστανττνος
981 3540 1078 3615 μὲν
1137 3540 1238 3618 γὰρ
1311 3541 1338 3594 6
1396 3539 1573 3605 πέσης
1639 3538 1929 3604 ἀξιώτατος

285 3633 552 3712 εὐφημίας
593 3637 826 3711 πρῶτος,
863 3628 1097 3702 εὐσεϐείᾳ
1148 3629 1245 3695 τὴν
1297 3628 1568 3706 βασιλείαν
1625 3629 1927 3703 κοσμήσας,

284 3724 375 3780 καὶ
405 3722 502 3788 τὴν
533 3720 847 3795 οἰκουμένην
896 3718 974 3774 ἔτι
1033 3730 1337 3792 μεμηνυϊαν
1391 3719 1551 3795 ὁρῶν,
1581 3718 1642 3771 τὸ
1675 3718 1772 3792 μὲν
1813 3730 1930 3778 τοῖς

285 3811 499 3888 δαίμοσι
550 3810 688 3866 θύειν
745 3808 1080 3866 παντάπασιν
1123 3805 1479 3884 ἀπηγόρευσε,
1534 3807 1654 3870 τοὺς
1699 3806 1752 3860 δὲ
1801 3807 1928 3861 τού-

285 3924 396 3958 των
445 3902 600 3965 ναοὺς
630 3903 690 3958 οὐ
741 3896 1051 3971 κατέλυσεν,
1107 3895 1245 3954 ἀλλά
1300 3893 1522 3960 ἀϐάτους
1563 3895 1705 3952 εἶναι
1760 3916 1933 3974 προσο

286 3989 468 4055 έταξεν
501 4005 514 4018 ·
593 3989 682 4044 καὶ
758 3987 935 4060 μέντοι
1021 3986 1109 4041 καὶ
1167 3987 1212 4040 οἱ
1283 3985 1466 4040 τούτου
1545 3981 1732 4048 παῖδες
1815 3997 1932 4045 τοῖς

286 4079 556 4158 πατρῴοις
598 4075 964 4145 ἠκολούθησαν
993 4072 1215 4154 ἴχνεσιν
1251 4092 1266 4109 ο
1301 4071 1585 4137 Ἰουλιανὸς
1619 4070 1672 4128 δὲ
1702 4073 1932 4129 ἀνενεώ-

289 4190 424 4225 σατο
468 4168 566 4234 τὴν
597 4163 864 4244 ἀσέϐειαν,
910 4164 997 4220 καὶ
1051 4168 1151 4229 τῆς
1196 4160 1434 4224 παλαιᾶς
1495 4160 1762 4228 ἐξαπάτης
1806 4160 1932 4228 ἐξῆ-

291 4262 361 4332 ψε
423 4257 524 4324 τὴν
582 4253 777 4334 φλόγα,
815 4250 1084 4316 ἰωϐιανὸς
1144 4250 1199 4307 δὲ
1257 4251 1354 4318 την
1384 4250 1654 4327 βασιλείαν
1686 4250 1931 4329 παραλα-

293 4345 427 4421 ϐὼν,
489 4343 649 4401 πάλιν
707 4345 804 4412 τὴν
861 4345 967 4398 τῶν
1026 4339 1255 4397 εἰδώλων
1313 4339 1600 4397 διεκώλυσε
1629 4340 1928 4412 θεραπείαν·

293 4437 379 4492 καὶ
411 4433 846 4495 Οὐαλεντινιανὸς
877 4430 932 4486 δὲ
982 4433 1008 4486 6
1064 4429 1232 4507 μέγας
1291 4443 1409 4493 τοῖς
1440 4429 1622 4493 αὐτοῖς
1653 4428 1936 4509 κεχρημέ-

1997 517 2280 589 returque
2335 519 2639 588 paternam
2674 529 2749 571 ne
2780 510 3070 589 abjiceret
3100 511 3473 590 religionem.
3513 513 3636 576 Nisi

1998 607 2191 658 autem
2221 617 2442 660 morem
2471 599 3152 677 gereret,gravissimum
3181 601 3374 661 eidem
3411 601 3634 665 bellum

2000 686 2402 761 minitabatur,
2440 697 2496 749 et
2527 707 2594 749 re
2637 687 2877 767 quidem
2907 689 3032 768 ipsa
3065 689 3312 750 collecto
3345 693 3634 766 exercitu,

1996 773 2390 835 Mediolanum
2425 794 2626 836 versus
2661 777 2990 854 promovit;
3054 776 3206 837 hanc
3238 779 3397 839 enim
3431 778 3639 840 sedem

1999 866 2419 926 Valentinianus
2449 868 2787 937 elegeratad
2816 869 3212 927 habitandum.
3257 871 3359 926 Hic
3388 886 3529 928 vero
3560 873 3641 929 ir-

1997 949 2334 1028 ruptionem
2369 951 2498 1030 ejus
2517 970 2650 1012 cum
2674 952 3094 1030 accepisset,in
3125 951 3378 1032 Illyriam
3415 955 3550 1033 fuga
3571 973 3637 1017 se

1999 1038 2273 1119 contulit,
2301 1041 2410 1100 hac
2442 1039 2571 1119 ipsa
2594 1041 2959 1120 experientia
2977 1049 3346 1121 compertum
3380 1043 3628 1120 habens,

2001 1135 2283 1208 quantum
2319 1139 2586 1190 materna
2617 1129 2867 1191 consilia
2897 1129 3010 1209 ipsi
3043 1131 3410 1209 prodessent.

2080 1215 2285 1279 XV.At
2307 1218 2386 1278 im
2399 1228 2634 1298 perator
2647 1217 3024 1280 Theodosius
3046 1219 3146 1280 ubi
3169 1219 3408 1281 rescivit
3429 1229 3488 1284 et
3510 1241 3641 1302 quae

2001 1305 2292 1368 Maximus
2312 1307 2596 1370 adversus
2613 1306 2916 1387 juniorem
2937 1306 3416 1370 Valentinianum
3432 1312 3643 1374 molie-

2005 1393 2200 1475 batur,
2238 1403 2296 1456 et
2315 1415 2523 1459 rursus
2547 1416 2812 1477 quaenam
2837 1397 2911 1458 ad
2939 1415 3074 1458 eum
3100 1399 3254 1459 idem
3280 1400 3638 1480 scripsisset,

2006 1485 2221 1545 litteris
2251 1487 2542 1564 signiﬁcat
2593 1486 2798 1566 juveni
2853 1487 3101 1566 fugienti
3155 1507 3271 1549 non
3304 1507 3439 1552 esse
3483 1492 3642 1571 quod

2007 1573 2136 1653 quis
2167 1575 2587 1641 admiraretur.
2648 1577 2694 1636 si
2751 1577 2876 1654 regi
2931 1583 3128 1656 timor,
3181 1586 3425 1657 tyranno
3458 1581 3644 1644 robur

2009 1665 2363 1742 conjunctus
2382 1676 2560 1727 esset.
2595 1667 2739 1729 Nam
2776 1666 3002 1746 pietati,
3037 1668 3247 1747 inquit,
3281 1685 3385 1729 rex
3418 1668 3641 1732 bellum

1039 1761 1128 1817 καὶ
1156 1763 1182 1816 ὁ
1226 1760 1323 1834 μὲν
1375 1759 1570 1825 ταύτην
1633 1757 1923 1832 προέμενος

2018 1751 2230 1826 intulit,
2276 1763 2558 1834 tyrannus
2590 1772 2728 1816 vero
2783 1755 3093 1817 auxiliatus
3119 1764 3208 1818 est
3240 1776 3255 1817 :
3289 1765 3347 1818 et
3377 1758 3477 1820 ille
3506 1760 3643 1839 qui-

2010 1842 2144 1902 dem
2175 1843 2364 1922 ipsam
2400 1845 2706 1921 deserens,
2742 1845 2940 1905 nudus
2977 1845 3197 1924 aufugit
3233 1867 3246 1908 :
3301 1847 3397 1908 hic
3428 1867 3461 1909 e
3491 1867 3640 1911 con-

2013 1931 2194 1992 trario
2226 1932 2326 1993 illa
2343 1943 2628 2008 armatus,
2657 1933 2958 1994 victoriam
2981 1935 3164 1995 refert
3187 1954 3256 1995 ex
3290 1936 3588 2000 denudato
3625 1958 3640 2001 :

2012 2020 2211 2098 pietati
2244 2021 2401 2081 enim
2426 2021 2614 2100 ipsius
2638 2022 2944 2100 legislator
2973 2023 3041 2084 ad
3043 2023 3205 2102 jutor
3227 2023 3357 2084 fuit.

2090 2108 2392 2172 XVlJiaac
2417 2110 2594 2188 igitur
2617 2128 2723 2190 per
2739 2111 3220 2189 epistolam,cum
3249 2115 3423 2192 longo
3458 2124 3647 2179 tractu

2013 2209 2172 2260 esset
2201 2198 2470 2273 dissitus,
2503 2199 2788 2260 nuntiavit
2826 2220 2838 2261 :
2875 2209 3183 2279 postquam
3218 2221 3354 2262 vero
3394 2207 3450 2265 in
3480 2207 3652 2267 auxi-

2012 2288 2154 2348 lium
2181 2288 2424 2366 venit,et
2447 2287 2638 2362 illum,
2671 2289 2912 2368 proprio
2937 2289 3179 2368 quidem
3210 2292 3420 2352 relicto
3452 2294 3650 2375 impe-

2012 2376 2122 2450 rio,
2161 2378 2220 2438 in
2247 2396 2354 2438 suo
2388 2387 2739 2457 praesentem
2764 2377 2946 2449 vidit;
2976 2379 3230 2456 primum
3254 2383 3494 2459 quidem
3530 2403 3650 2446 me-

2009 2466 2271 2528 dicinam
2303 2466 2577 2528 adhibuit
2607 2467 2738 2545 ejus
2794 2466 3030 2547 anima),
3067 2477 3123 2528 et
3154 2468 3503 2552 impietatis,
3537 2492 3654 2552 qua

2010 2555 2618 2629 laborabat,utorbum
2652 2556 2978 2635 expellens,
3002 2559 3060 2617 in
3088 2557 3362 2637 pietatem
3400 2560 3649 2639 patriam

2011 2647 2203 2726 ipsum
2262 2646 2519 2706 reduxit.
2582 2645 2811 2708 Deinde
2864 2645 3032 2706 illum
3078 2648 3383 2710 conﬁdere
3406 2649 3648 2728 jubens,

2011 2748 2072 2797 et
2102 2743 2308 2796 contra
2365 2744 2678 2814 tyrannum
2742 2735 3004 2796 inferens
3053 2734 3243 2815 signa,
3292 2737 3374 2797 illi
3409 2739 3652 2818 quidem

2013 2826 2142 2886 sine
2172 2824 2462 2902 sanguine
2485 2824 2685 2885 reddit
2736 2823 3077 2903 imperium,
3109 2833 3422 2904 tyrannum
3453 2835 3654 2890 autent

2013 2913 2304 2992 supplicio
2363 2911 2566 2974 afﬁcit.
2631 2911 2946 2974 Enimvero
3006 2912 3225 2974 violare
3281 2933 3348 2976 se
3399 2917 3658 2979 credidit

2013 3001 2158 3062 inita
2188 3010 2356 3077 pacta
2403 3021 2538 3063 cum
2579 3001 2884 3082 Gratiano,
2917 3000 3032 3062 nisi
3077 3001 3150 3063 ab
3182 3002 3322 3077 illis,
3359 3005 3459 3084 qui
3492 3006 3654 3068 hunc

2019 3090 2344 3170 principem
2381 3091 2838 3165 trucidaverant,
2869 3108 3072 3170 pinnas
3103 3100 3424 3171 repeteret.
3458 3093 3652 3174 Atque

2017 3179 2174 3240 idem
2202 3179 2523 3259 imperator
2553 3179 2934 3241 ﬁdelissimus
2984 3181 3160 3241 etiam
3191 3182 3471 3244 adversus
3499 3200 3652 3262 gen-

2017 3267 2206 3328 tilium
2233 3286 2470 3330 errores
2493 3287 2732 3330 omnem
2757 3267 3006 3331 contulit
3030 3269 3418 3347 diligentiam,
3454 3271 3653 3351 leges-

2014 3376 2130 3436 que
2163 3357 2572 3437 promulgavit,
2609 3357 2824 3439 quibus
2854 3358 3150 3420 idolorum
3180 3360 3401 3440 templa
3428 3359 3655 3423 destrui

2016 3445 2413 3527 praecipiebat.

2095 3534 2520 3598 XVll.Etenim
2555 3536 2975 3599 Constantinus
3004 3537 3441 3615 Magnus,omni
3475 3537 3653 3601 laude

2014 3643 2084 3685 ac
2116 3625 2534 3706 praedicatione
2558 3645 2733 3705 quam
2761 3625 3398 3706 dignissimus,pietate
3428 3627 3660 3687 ornavit

2016 3713 2334 3792 imperium
2364 3737 2376 3772 :
2415 3732 2482 3774 ac
2516 3722 2704 3776 totum
2733 3714 2937 3776 orbem
2971 3714 3147 3775 etiam
3182 3722 3320 3775 tunc
3352 3714 3658 3776 insanien-

2016 3811 2133 3863 tem
2159 3801 2770 3883 videns,daemonibus
2787 3803 3029 3882 quidem
3053 3803 3392 3864 sacriﬁcare
3417 3804 3660 3866 omnino

2018 3891 2551 3970 probibuit,eorum
2576 3900 2774 3953 autem
2797 3899 2930 3952 fana
2949 3901 3110 3953 stare
3136 3893 3427 3972 permisit,
3461 3893 3535 3954 ab
3568 3894 3656 3956 eis

2016 3981 2209 4041 arceri
2233 3981 2562 4060 quemlibet
2584 3980 2906 4061 jubens.Et
2929 3981 3168 4060 quidem
3204 3983 3380 4062 huius
3412 3981 3518 4043 ﬁlii
3545 4001 3654 4063 pa-

2019 4069 2206 4131 ternis
2237 4070 2507 4132 institere
2539 4071 2804 4149 vestigiis
2845 4092 2858 4133 :
2893 4070 3164 4134 Julianus
3194 4089 3331 4132 vero
3361 4072 3661 4134 renovavit

2017 4158 2530 4238 impietatem,nec
2551 4180 2667 4220 non
2687 4179 2738 4222 ei
2756 4159 3044 4240 rorisjam
3071 4161 3321 4222 exsoleti
3347 4162 3661 4223 vehemen-

2019 4247 2227 4309 tiorem
2260 4250 2563 4311 ﬂammam
2599 4250 2893 4312 accendit.
2952 4251 3026 4312 At
3077 4247 3359 4312 Jovianus
3409 4250 3660 4330 adeptus

2016 4337 2358 4418 imperium,
2412 4357 2620 4400 rursus
2671 4339 2966 4400 idolorum
3002 4339 3226 4400 cultum
3287 4341 3658 4420 proscripsit.

2019 4423 2088 4486 Et
2111 4445 2356 4504 magnus
2385 4447 2622 4508 quoque
2649 4427 3101 4490 Valentinianus
3127 4428 3342 4490 iisdem
3375 4428 3548 4508 plane
3580 4429 3662 4491 le-

291 4546 378 4588 νος
437 4527 646 4603 νόμοις,
708 4521 853 4578 ἴθυνε
910 4521 1009 4588 τὴν
1069 4519 1328 4596 Εὐρώπην
1357 4537 1370 4552 ·
1420 4521 1448 4574 6
1478 4517 1532 4573 δὲ
1565 4518 1775 4585 Οὐάλης
1807 4525 1927 4574 πᾶσι

2019 4515 2192 4593 gibus
2214 4535 2377 4591 usus,
2417 4519 2713 4598 Europam
2751 4519 2924 4580 rexit.
2958 4517 3127 4590 Quod
3168 4535 3306 4580 vero
3336 4520 3407 4580 ad
3439 4520 3664 4580 Valen-

293 4615 394 4690 μὲν
455 4625 575 4677 τοῖς
643 4610 826 4675 ἄλλοις
879 4608 1136 4686 ἐπέτρεψε
1193 4607 1499 4685 θρησκεύειν
1551 4608 1587 4675 ἦ
1635 4605 1935 4683 βούλονται,

291 4705 383 4759 καὶ
432 4703 498 4759 τὰ
550 4699 948 4775 θρησκευόμενά
997 4697 1302 4776 θεραπεύειν
1331 4712 1344 4726 ⁸
1381 4697 1564 4772 μόνοις
1602 4694 1656 4751 δὲ
1689 4695 1940 4772 τολεμῶν

292 4791 515 4849 διετέλει
549 4804 667 4855 τοῖς
728 4793 832 4846 τῶν
891 4787 1259 4845 ἀποστολικῶν
1305 4787 1678 4865 ὑπερμαχοῖηι
1737 4784 1940 4862 δογμά-

293 4903 424 4941 των.
486 4881 662 4937 Πάντα
716 4888 841 4958 γοῦν
901 4878 991 4934 τὸν
1035 4882 1133 4943 τῆς
1176 4873 1374 4931 ἐκείνου
1419 4875 1688 4950 βασιλείας
1746 4875 1941 4952 χρόνον

292 4971 383 5027 καὶ
423 4969 485 5026 τὸ
541 4965 834 5042 ἐπιϐώμιον
875 4966 1075 5032 "nmero
1135 4966 1259 5043 πύρ,
1292 4965 1388 5020 καί
1429 4961 1654 5026 σπονδὰς
1713 4966 1801 5020 καὶ
1850 4967 1941 5019 θυ-

294 5059 410 5124 σίας
454 5070 572 5121 τοῖς
631 5054 868 5118 εἰδώλοις
927 5053 1277 5134 προσέφερον,
1335 5053 1421 5109 καὶ
1464 5050 1557 5116 τάς
1603 5050 1940 5127 δημοθοινίας

294 5147 433 5205 κατᾶ
489 5147 588 5213 τὴν
633 5145 828 5224 ἀγορὰν
886 5141 1190 5221 ἐπετέλουν,
1236 5142 1322 5198 καὶ
1367 5144 1415 5197 οἱ
1461 5142 1530 5198 τὰ
1562 5141 1815 5200 Διονύσου
1846 5138 1940 5220 ὄρ-

295 5260 387 5316 για
443 5234 815 5311 τετελεσμένοι
847 5235 982 5310 μετὰ
1025 5239 1128 5289 τῶν
1173 5229 1386 5309 αἰγίδων
1417 5229 1662 5310 ἔτρεχον,
1703 5231 1824 5294 τοὺς
1853 5232 1942 5287 κύ·

295 5349 388 5390 νας
420 5325 750 5388 ἒπισπὼδτες
809 5326 900 5383 καὶ
957 5322 1257 5399 μεμηνότες
1307 5323 1392 5378 καὶ
1441 5321 1802 5400 βακχεύοντες
1855 5322 1942 5376 καὶ

294 5415 465 5480 τᾶλλα
523 5413 746 5494 δρὦντες
804 5413 836 5469 ἂ
892 5416 993 5481 τὴν
1047 5419 1142 5470 τοῦ
1183 5406 1497 5472 διδασκάλου
1528 5410 1782 5490 πονηρίαν
1813 5407 1940 5480 ἐδή-

296 5503 414 5567 λου.

2028 4614 2168 4684 tem,
2203 4605 2438 4666 cunctis
2469 4607 2710 4686 quidem
2748 4607 2882 4669 aliis
2911 4607 3165 4669 adorare
3188 4607 3484 4687 permisit,
3519 4626 3666 4689 quo-

2025 4694 2200 4754 modo
2229 4694 2535 4768 vellent,et
2563 4715 2694 4775 quae
2725 4696 3069 4772 adorabant,
3103 4697 3295 4776 palam
3319 4698 3518 4760 colere
3554 4720 3566 4761 :
3602 4698 3666 4759 in

2025 4783 2132 4844 bos
2181 4791 2378 4844 autem
2436 4785 2616 4860 solos,
2669 4804 2702 4845 a
2761 4785 2974 4864 quibus
3036 4788 3310 4864 dogmata
3339 4787 3668 4867 apostolica

2027 4872 2570 4952 propugnabantur,
2629 4873 2851 4935 bellum
2905 4893 3114 4951 gerere
3149 4893 3267 4936 non
3321 4875 3662 4937 intermisit.

2025 4959 2363 5038 Omniergo
2389 4969 2660 5040 tempore
2691 4981 2806 5042 quo
2839 4963 2888 5022 is
2950 4963 3236 5040 regnavit,
3293 4964 3444 5042 ignis
3494 4963 3666 5024 altari

2024 5050 2439 5130 superpositus
2495 5051 2956 5127 accendebatur,
3021 5060 3081 5113 et
3123 5051 3438 5112 libatioues
3488 5061 3667 5132 atque

2025 5138 2252 5200 hostias
2275 5138 2450 5200 idolis
2480 5139 2828 5214 aﬁ'erebant,
2867 5149 2924 5202 et
2945 5141 3002 5202 in
3029 5141 3240 5220 plateis
3270 5141 3534 5202 convivia
3565 5159 3669 5219 pu-

2024 5227 2180 5289 blica
2209 5228 2683 5304 celebrabant,et
2713 5231 2813 5310 qui
2847 5229 3208 5311 peragebant
3233 5231 3452 5293 Bacchi
3477 5230 3662 5310 orgia,

2025 5335 2158 5379 cum
2188 5317 2446 5397 caprinis
2476 5318 2732 5398 pellibus
2755 5321 3285 5400 currebant,canes
3315 5338 3518 5383 secum
3545 5331 3664 5383 tra-

2025 5407 2258 5482 hentes,
2286 5417 2346 5467 et
2395 5408 2780 5485 insanientes,
2819 5417 2877 5471 et
2908 5408 3376 5491 debacchantes,
3407 5419 3464 5471 et
3492 5429 3664 5473 com-

2028 5497 2329 5558 mittentes
2351 5497 2462 5559 alia
2487 5498 2856 5579 hujusmodi,
2885 5518 3020 5581 quae
3041 5500 3368 5582 nequitiam
3405 5499 3669 5584 magistri

2028 5586 2121 5650 sui
2146 5585 2340 5671 palam
2364 5587 2656 5657 facerent.
