4022 6146
423 220 533 293 871

426 449 632 512 isthcec
658 451 860 510 omnia
895 468 929 509 e
957 449 1153 510 medio
1186 451 1265 510 ita
1314 450 1579 525 sustulit,
1612 469 1679 512 ac
1713 451 1761 511 si
1794 450 1867 511 ab
1899 450 2063 511 initio

428 559 547 602 non
573 538 941 601 exstitissent
966 561 980 599 :
1006 538 1066 600 in
1089 557 1338 618 quorum
1373 539 1559 601 vicem
1586 539 1933 601 Christianis
1965 540 2062 600 in-

427 629 621 693 stituit
650 627 763 691 alia
795 628 1109 707 plura.Sed
1137 627 1298 689 enim
1333 629 1463 707 ejus
1490 628 1646 706 quia
1675 630 1882 708 primis
1904 636 2062 690 retro

425 716 796 799 temporibus
818 715 1329 779 hostishominum
1374 726 1486 790 est,
1536 719 1738 779 omnia
1767 717 1918 779 retia
1944 737 2061 778 non

424 809 537 869 nisi
569 826 724 886 aegre
756 807 1158 885 effugiuntur;
1194 807 1410 887 saepius
1442 806 1600 868 enim
1661 807 1877 886 aliquis
1925 826 2060 868 cum

426 896 676 959 luxuriat
707 894 975 957 morbum
1002 895 1285 970 evaserit,
1319 895 1589 958 avaritiae
1620 897 1832 976 laqueo
1861 896 2061 958 forsan

423 985 656 1066 capitur
685 1003 699 1048 :
725 985 775 1046 si
801 994 1000 1047 autem
1032 985 1131 1046 illa
1164 984 1347 1047 fuerit
1376 987 1561 1063 major
1581 985 1822 1048 aliunde
1853 1004 2062 1047 rursus

423 1074 626 1137 livoris
649 1091 859 1152 vorago
891 1072 1271 1137 subnascitur
1307 1094 1322 1137 :
1384 1082 1443 1135 et
1489 1075 1632 1136 licet
1682 1076 1832 1137 hanc
1864 1075 2061 1137 denuo

420 1163 994 1244 transilierit,plagas
1017 1164 1347 1227 iracundia:
1366 1164 1628 1225 olfendet
1653 1173 2007 1245 praeparatas
2043 1187 2055 1228 :

420 1262 479 1316 et
505 1259 817 1316 sexcentas
846 1253 993 1314 alias
1043 1253 1387 1315 hominibus
1439 1253 1772 1315 teudiculas
1822 1254 2065 1317 instruit

423 1342 715 1422 malignus
746 1342 979 1424 ille,qui
1010 1343 1068 1403 in
1092 1341 1402 1407 hominum
1441 1351 1680 1404 venatur
1707 1343 2056 1422 perniciem.

419 1435 576 1497 Sane
598 1430 843 1510 quidem
880 1450 1200 1512 corporeos
1234 1441 1427 1493 motus
1453 1432 1747 1494 machinis
1778 1433 2061 1494 adversus

417 1522 679 1583 animam
704 1520 777 1582 ab
800 1539 871 1583 eo
892 1520 1192 1582 fabricatis
1214 1520 1390 1582 habet
1414 1530 1806 1599 cooperantes
1841 1535 1855 1581 :
1890 1539 2061 1583 mens

419 1620 616 1675 autem
641 1610 741 1673 illa
761 1630 893 1691 quia
935 1611 1186 1690 vigilans
1225 1610 1427 1692 fuerit,
1463 1612 1588 1673 sola
1617 1621 1880 1691 superat,
1918 1630 2059 1690 pro-

1659 227 2044 291 ADDENDA.
2092 252 2170 271 --
2221 188 2546 290 APRILIS.

506 357 691 423 XVIII
704 412 705 417 η
719 352 1137 422 Fidelissimus
1152 366 1347 422 autem
1364 359 2067 439 imperatorTheodosius
2086 372 2124 420 A

2305 359 2319 382 ς
2525 359 2536 377 Ι
2691 358 2732 377 ΝΚ
2779 360 2791 377 ο
3397 356 3411 375 Ί
3560 365 3583 376 ς

2231 368 2298 419 ΙΗ
2329 409 2342 422 .
2379 359 2651 420 Θεοδοσιος
2686 379 2741 415 οε
2773 382 2800 416 o
2845 359 3162 424 πιστότατος
3212 356 3454 434 βασιλευς
3496 379 3648 416 ταυτα
3674 384 3753 418 πε-

2148 449 2320 528 ριεῖλε
2353 451 2545 523 πάντα,
2586 449 2764 526 ὥσπερ
2794 447 2856 504 ἂν
2886 450 2930 504 εἰ
2958 446 3096 522 μηδὲ
3145 448 3242 516 τὴν
3297 446 3469 528 ἀρχὴν
3497 450 3749 531 γεγονότα,

2144 542 2239 596 καί
2270 538 2435 597 πλείω
2483 547 2822 618 Χριστιανοτς
2875 536 3326 616 ἀντεισηνέγκατο
3382 536 3550 616 ἕτερα.
3605 536 3755 595 Ἀλλά

2146 630 2246 708 γὰρ
2302 637 2395 686 τοῦ
2447 631 2633 686 κοινοῦ
2673 628 2779 685 τῶν
2808 627 3098 705 ἀνθρώπων
3130 629 3328 682 ἀνωθεν
3383 626 3630 701 πολεμίου
3674 628 3754 690 τὰς

2146 719 2302 796 ἄρκυς
2367 717 2640 797 διαφυγεῖν
2696 717 2902 779 ἁπάσας
2963 717 3023 772 οὗ
3078 712 3254 793 ῥᾴδιον
3292 735 3306 749 ⁸
3377 714 3626 781 πολλάκις
3670 718 3757 794 γάρ

2145 830 2225 872 τις
2282 806 2560 886 διαδράσας
2602 810 2702 874 τῆς
2760 803 3036 885 ἀσελγείας
3096 806 3156 862 τὸ
3201 806 3389 884 πάθος,
3424 810 3492 881 τῇ
3517 808 3609 873 τῆς
3636 811 3755 862 πλε-

2146 897 2345 963 ονεξίας
2408 896 2541 962 ἴσως
2602 894 2876 952 ἁλίσκεται
2938 892 3144 972 παγίδι,
3217 895 3273 952 Εἰ
3334 892 3390 949 δὲ
3447 894 3532 950 καὶ
3583 894 3757 961 ταύτης

2144 989 2394 1064 κρείττων
2426 986 2638 1066 φανείη,
2686 984 2936 1061 ἑτέρωθεν
2965 985 3252 1063 ὑποφύεται
3297 982 3454 1039 πάλιν
3505 1005 3592 1041 του
3640 984 3757 1062 φθό-

2143 1098 2235 1132 νου
2291 1078 2352 1132 τὸ
2395 1076 2649 1153 βάραθρον
2685 1094 2698 1110 '
2749 1072 2845 1128 κᾶν
2902 1078 3055 1129 τοῦτο
3112 1071 3166 1127 δὲ
3214 1071 3368 1128 πάλιν
3410 1070 3757 1150 ὑπερπηδέσῃ,

2143 1167 2203 1222 τὸ
2262 1172 2352 1221 τοῦ
2409 1168 2572 1241 θυμοῦ
2614 1161 2818 1220 δίκτυον
2850 1163 3058 1240 εὒρήσει
3107 1163 3448 1239 προκείμενον
3483 1177 3497 1191 ⁸
3548 1162 3628 1217 καὶ
3668 1159 3757 1218 ἄλ-

2144 1252 2240 1319 λας
2297 1253 2351 1310 δὲ
2409 1254 2591 1332 μυρίας
2642 1264 2761 1316 τοτς
2819 1250 3112 1329 ἀνθρώποις
3168 1251 3338 1318 τίθησι
3378 1249 3758 1329 παγίδαςὸπο·

2144 1345 2330 1423 νηρὸς,
2385 1342 2621 1421 ἀγρεύων
2666 1342 2738 1403 εἰς
2784 1339 3022 1419 ὄλεθρον,
3078 1340 3175 1397 Καὶ
3217 1340 3283 1396 τὰ
3340 1338 3439 1413 μὲν
3493 1339 3630 1407 πάθη
3677 1347 3759 1396 τοῦ

2143 1434 2393 1507 σώματος
2452 1433 2813 1510 ὑπουργοῦντα
2856 1429 2973 1509 ἔχει
3004 1441 3124 1493 ταῖς
3161 1429 3298 1485 κατὰ
3342 1427 3439 1496 τῆς
3472 1433 3647 1507 ψυχῆς
3676 1449 3755 1484 τε·

2144 1521 2512 1597 κταινομέναις
2544 1520 2631 1576 ὁπ’
2678 1521 2836 1579 αὖτοῦ
2879 1531 3162 1598 μηχαναῖς
3193 1537 3207 1551 ·
3269 1519 3431 1592 μόνος
3462 1515 3515 1574 δὲ
3544 1516 3758 1595 ἐγρηγο-

2143 1614 2247 1690 ρὼς
2307 1614 2333 1667 ὁ
2395 1613 2511 1675 νοῦς
2571 1610 2915 1687 περιγίνεται,
2967 1613 3036 1683 τῇ
3065 1608 3277 1685 περὶτά
3318 1610 3442 1665 θεῖα
3470 1614 3637 1686 τροπῇ
3667 1613 3760 1663 τῶν

421 1701 711 1781 pensione
732 1702 791 1762 in
814 1719 913 1762 res
933 1700 1161 1763 divinas
1204 1699 1710 1762 machinationum
1740 1699 1898 1761 illius
1929 1718 2052 1761 ma-

2144 1700 2560 1781 μηχανημάτων
2620 1696 2914 1778 διελέγχων
2971 1698 3067 1765 τὴν
3127 1698 3468 1775 κακουργίαν,
3524 1705 3627 1769 Τῆς
3678 1696 3757 1753 ἆν-

416 1790 602 1852 litiam
625 1788 1116 1871 reprimens.Qua
1126 1797 1364 1870 propter
1386 1807 1520 1851 cum
1542 1790 1819 1851 humanae
1834 1797 2052 1851 naturaa

2140 1793 2397 1870 θρωπείας
2456 1787 2520 1856 δὴ
2576 1790 2663 1845 οὖν
2725 1788 2928 1867 φύσεως
2972 1788 3059 1842 καὶ
3109 1788 3137 1842 6
3193 1786 3483 1862 θαυμάσιος
3538 1785 3759 1863 βασιλεὺς

418 1880 716 1960 particeps
735 1878 1234 1960 essetimperator
1266 1878 1370 1942 ille
1392 1878 1786 1954 admirabilis,
1822 1888 2057 1959 pertur-

412 1967 721 2039 bationum
778 1967 934 2030 illius
994 1985 1204 2048 expers
1236 1987 1354 2029 non
1385 1986 1627 2047 semper
1656 1966 1787 2031 iuit.
1829 1967 2052 2030 Verum

412 2075 697 2121 excussus
717 2057 918 2120 nescio
932 2058 1066 2138 quis
1086 2058 1191 2119 irae
1208 2056 1485 2137 legitima;
1505 2058 1882 2138 conjunctus,
1921 2076 2054 2119 cru-

413 2146 549 2209 dele
577 2146 857 2227 quiddam
892 2147 1164 2227 parturiit
1213 2154 1389 2228 atque
1438 2146 1724 2226 injustum
1758 2171 1773 2219 ;
1830 2147 1904 2208 de
1934 2166 2052 2228 quo

410 2235 685 2299 videlicet
713 2235 910 2300 statim
943 2235 1198 2300 dicetur.
1241 2237 1451 2317 Neque
1491 2239 1652 2299 enim
1686 2244 1912 2297 tantum
1945 2255 2051 2298 re-

414 2326 875 2405 prehensionem
901 2323 1079 2387 habet
1104 2325 1475 2388 admirabilis
1519 2325 1918 2405 imperatoris,
1946 2326 2052 2389 sed

410 2413 586 2476 etiam
612 2413 1097 2495 prmdicationem
1122 2415 1409 2477 memoria
1427 2414 1753 2477 admodum
1777 2413 2047 2494 dignam:

409 2504 666 2567 maxime
694 2522 835 2567 vero
867 2505 1143 2584 generosi
1179 2505 1338 2566 illius
1388 2502 1689 2566 Ambrosii
1716 2503 2052 2566 libertatem

406 2592 526 2656 huc
544 2595 995 2668 succedentem,
1020 2611 1091 2655 ac
1121 2595 1371 2655 multum
1395 2593 1587 2669 illum,
1626 2610 1742 2674 quo
1777 2592 2056 2654 utebatur

406 2680 471 2743 in
501 2682 681 2745 rebus
700 2683 771 2744 ad
824 2682 1103 2760 pietatem
1147 2680 1605 2762 pertinentibus,
1638 2680 1824 2743 animi
1852 2681 2053 2744 fervo-

410 2788 566 2835 rem.
593 2769 899 2850 Quidquid
932 2770 1078 2833 illud
1110 2770 1209 2851 sit,
1245 2784 1446 2833 tamen
1475 2769 1803 2833 declarabit
1840 2772 2048 2837 oratio.

490 2858 1081 2924 XlX.Thessalonica
1110 2860 1320 2923 civitas
1346 2879 1555 2940 magna
1578 2868 1687 2936 est,
1715 2880 1783 2923 ac
1819 2861 2058 2941 populis

407 2948 998 3031 frequens,attributa
1015 2948 1256 3031 quidem
1282 2949 2060 3026 Macedonibus,Thessaliaa

2141 1880 2434 1960 μετασχὼν
2478 1877 2627 1943 οὗτος
2685 1874 2801 1933 οὐδὲ
2859 1882 2964 1933 τῶν
3019 1874 3226 1943 ἐκείνης
3285 1875 3467 1933 παθῶν
3522 1874 3756 1953 ἄγευστος

2139 1968 2345 2042 ἔμεινεν
2380 1985 2395 2000 ⁹
2429 1967 2568 2024 ἀλλά
2617 1989 2699 2033 τις
2734 1965 2954 2044 ἀμετρία
3001 1971 3076 2037 τῷ
3124 1963 3305 2038 δικαίῳ
3342 1968 3492 2040 θυμῷ
3542 1985 3758 2042 προσγε-

2137 2059 2335 2134 νομένη
2387 2055 2587 2123 ἀπηνές
2646 2078 2695 2112 τι
2744 2052 2898 2113 ὤδινε
2953 2053 3042 2111 καὶ
3096 2054 3428 2134 παράνομον,
3481 2053 3652 2131 ὥσπερ

2135 2147 2224 2205 οὗν
2257 2148 2439 2207 αὐτίκα
2468 2147 2758 2224 ῥηθήσεται
2794 2163 2810 2179 ο
2871 2145 2932 2200 ού
2985 2143 3086 2222 γὰρ
3139 2145 3465 2222 κατηγορίαν
3509 2143 3621 2223 ἔχει
3662 2143 3755 2218 μό-
3795 2142 3804 2150 ’

2137 2261 2225 2296 vo:
2281 2236 2374 2295 τοῖ’)
2428 2233 2730 2311 θαυμαστοῦ
2785 2233 3075 2311 βασιλέως,
3135 2231 3276 2290 ἀλλὰ
3355 2235 3444 2291 καὶ
3515 2235 3756 2314 εὔφημίαν

2136 2328 2358 2403 μνήμης
2406 2323 2727 2399 ἀξιωτάτην,
2788 2325 2876 2381 καὶ
2937 2322 3172 2399 μάλιστα
3229 2323 3326 2391 τὴν
3395 2328 3486 2381 τοῦ
3540 2323 3756 2401 γενναίου

2136 2417 2319 2473 τούτου
2374 2412 2690 2490 Ἀμϐροσίου
2748 2410 3121 2493 διαδεχθεϊσαν
3182 2412 3405 2472 ἐνταῦθα
3459 2411 3753 2492 παρρησίαν,

2134 2506 2222 2563 καὶ
2264 2506 2356 2564 τὸν
2388 2502 2550 2561 πολὺν
2582 2503 2785 2560 ἐκεῖνον
2813 2504 2860 2575 ᾧ
2888 2503 3007 2582 περὶ
3051 2502 3147 2570 τὴν
3190 2500 3454 2561 εὖσέϐειον
3512 2502 3754 2582 ἐκέχρητο

2135 2592 2298 2665 ζῆλον
2332 2612 2349 2630 ο
2384 2590 2615 2661 δηλώσει
2642 2590 2688 2648 δ’
2722 2591 2810 2650 οὖν
2841 2591 2990 2667 ὅμως
3021 2594 3049 2649 6
3079 2590 3264 2671 λόγος.

2216 2859 2324 2923 ΙΘ’.
2386 2857 2748 2926 Θεσσαλονίκη
2804 2858 2959 2924 πόλις
3007 2860 3126 2917 ἒστὶ
3172 2858 3390 2938 μεγάλη
3422 2856 3755 2920 καὶπολυάν-

2135 2951 2366 3027 θρωπος,
2401 2947 2626 3007 τελοῦσα
2657 2949 2755 3025 μὲν
2786 2951 2858 3012 εἰς
2911 2946 3238 3025 Μακεδόνας,
3271 2949 3546 3026 ἡγουμένη
3576 2948 3627 3006 δὲ
3679 2949 3756 3005 καὶ

407 3048 609 3105 autem
657 3049 835 3120 atque
885 3039 1129 3102 Achaiae
1184 3048 1384 3120 caput,
1447 3039 1955 3121 quemadmodum
1988 3052 2051 3103 et

2140 3037 2424 3104 Θετταλίας
2468 3039 2555 3096 καὶ
2598 3038 2828 3117 Ἀχαίας
2861 3040 2949 3094 καὶ
3004 3036 3180 3095 ἄλλων
3239 3037 3460 3096 πολλῶν
3487 3041 3641 3095 hove»;
3668 3035 3754 3092 ὅσα

407 3128 658 3192 aliarum
710 3112 1056 3204 multarum,
1090 3112 1378 3210 quotquot
1410 3112 1811 3209 subjiciuntur
1839 3128 2051 3209 Illyria;

2140 3129 2229 3185 51:6
2286 3135 2363 3203 τῷ
2410 3132 2514 3186 τῶν
2559 3112 2826 3206 Ἰλλυριῶν
2867 3127 3096 3207 ὑπάρχῳ
3133 3139 3335 3191 κεῖται,
3373 3128 3615 3191 Στάσεως
3649 3125 3753 3182 τοί-

408 3217 1028 3298 praefectoSeditione
1046 3216 1227 3296 igitur
1249 3218 1373 3279 illic
1394 3228 1617 3296 exorta,
1646 3219 1886 3299 quidam
1922 3237 2048 3279 ma-

407 3307 761 3388 gistratuum
800 3306 1045 3388 lapidati
1085 3314 1312 3383 sunt,et
1331 3325 1439 3388 per
1461 3307 1583 3369 vias
1612 3309 1805 3383 tracti,
1829 3307 2047 3370 vitam-

407 3415 523 3478 que
554 3396 900 3477 turpissimo
932 3395 1090 3458 exitu
1123 3396 1424 3460 ﬁnierunt.
1460 3400 1584 3460 Rex
1628 3395 1810 3476 igitur
1838 3414 2046 3459 eorum

406 3505 537 3568 quae
564 3485 1162 3567 acciderant,nuntiis
1189 3486 1733 3561 excandescens,ea
1764 3505 1883 3549 non
1912 3504 2047 3548 mo-

408 3576 616 3639 derate
639 3576 773 3638 tulit
797 3593 811 3639 :
831 3575 939 3638 sed
959 3593 1198 3638 omnem
1216 3576 1586 3637 stomachum
1612 3583 1820 3638 contra
1838 3594 2049 3638 omnes

405 3664 742 3740 eﬁ'undens,
777 3674 837 3727 et
876 3665 1131 3745 injustas
1171 3682 1457 3728 exserens
1492 3665 1742 3745 gladios,
1776 3666 2048 3730 insontes

404 3773 540 3816 cum
573 3753 928 3817 nocentibus
959 3753 1286 3833 interfecit,
1336 3755 1621 3817 nimirum
1652 3762 1881 3835 septem
1907 3755 2048 3817 mil-

401 3843 508 3925 lia,
540 3852 603 3905 ut
638 3855 1004 3906 memoratur
1034 3861 1166 3906 cum
1201 3843 1434 3907 nullum
1468 3861 1715 3925 prorsus
1742 3844 1817 3907 ab
1859 3862 1930 3907 eo
1954 3844 2050 3924 ju-

402 3931 628 3994 dicium
663 3932 1040 4012 praemissum
1065 3942 1248 3996 esset.

482 4017 606 4083 XX.
637 4021 1047 4085 Calamitatem
1076 4023 1230 4085 hanc
1276 4023 1426 4086 adeo
1466 4023 1779 4103 lugendam
1814 4022 1913 4086 ubi
1943 4041 2045 4085 reo

403 4106 576 4172 scivit
591 4125 836 4190 magnus
852 4110 1499 4194 Ambrosius,venienti
1518 4112 1912 4175 Mediolanum
1936 4112 2045 4173 im-

403 4200 685 4279 peratori,
722 4208 780 4263 et
807 4199 869 4262 in
907 4202 1192 4282 templum
1234 4200 1342 4263 Dei
1374 4221 1446 4264 ex
1478 4220 1644 4264 more
1672 4201 1907 4281 ingredi
1938 4220 2041 4263 cu-

400 4286 615 4370 pienti,
665 4289 900 4353 eminus
950 4289 1182 4352 obviam
1241 4289 1660 4370 progrediens,
1712 4308 1787 4351 ne
1847 4298 2045 4370 portas

402 4378 642 4457 quidem
675 4379 880 4460 templi
937 4379 1160 4442 intrare
1208 4378 1530 4460 permisit:
1596 4400 1620 4436 α
1651 4378 1881 4459 Nescis,
1944 4380 2042 4441 in-

2129 3240 2216 3274 νυν
2267 3217 2319 3275 ἐν
2364 3220 2499 3293 αὐτῇ
2543 3215 2835 3296 γενομένης
2890 3214 3315 3283 κατελεύσθησάν
3366 3238 3427 3274 τε
3478 3220 3561 3274 καὶ
3600 3234 3746 3273 κατε-

2129 3308 2359 3387 σύρησαν
2415 3312 2522 3362 τῶν
2574 3305 2854 3386 ἀρχόντων
2907 3305 3074 3384 τινὲς,
3124 3307 3213 3362 καὶ
3243 3305 3333 3361 τὸν
3364 3307 3476 3383 βίον
3509 3305 3745 3384 αἴσχιστα

2131 3395 2266 3453 οὕτω
2290 3393 2675 3473 κατέστρεψαν,
2702 3394 2765 3453 Ὀ
2796 3401 2885 3451 οὖν
2915 3393 3161 3471 βασιλεὺς
3194 3407 3318 3459 ταῖς
3375 3398 3480 3453 τῶν
3531 3389 3746 3470 συμϐάν-

2129 3507 2236 3543 των
2295 3483 2575 3562 ἀωγελίαις
2631 3482 2943 3564 ἀναφλεγεὶς
2974 3485 3068 3542 οὒκ
3096 3481 3292 3562 ἤνεγκε
3342 3485 3525 3564 πράως
3561 3503 3574 3519 °
3631 3479 3753 3538 ἀλλα

2130 3574 2302 3632 πάντα
2344 3574 2506 3650 θυμὸν
2543 3573 2754 3631 πάντων
2810 3573 2958 3652 ἀφεὶς
2988 3571 3085 3630 καὶ
3116 3571 3271 3631 ἄδικα
3303 3573 3431 3655 ξίφη
3461 3572 3750 3653 γυμνώσας,

2129 3665 2248 3728 τοὺς
2279 3664 2479 3728 ἀθώους
2530 3664 2665 3740 μετὰ
2718 3669 2825 3721 τῶν
2865 3663 3159 3720 ὑπευθύνων
3197 3663 3439 3736 ἀνεῖλεν,
3498 3663 3626 3720 ἑπτὰ
3664 3683 3751 3740 χι-

2132 3753 2313 3820 λιάδας
2346 3754 2645 3835 ὃλέγεται,
2691 3751 2828 3830 μηδὲ
2886 3758 3014 3828 μιᾶς
3065 3756 3210 3830 αὖτῷ
3267 3755 3493 3835 κρίσεως
3548 3756 3750 3828 ἡγησαα

2132 3867 2325 3922 μενης.

2212 4023 2297 4087 Κ’.
2332 4024 2539 4092 Ταύτην
2570 4025 2748 4100 μαθὼν
2801 4024 2899 4092 τὴν
2928 4022 3164 4103 δακρύων
3196 4022 3467 4103 γέμουσαν
3493 4017 3742 4101 συμφορὰν

2129 4116 2157 4171 6
2201 4114 2370 4193 μέγας
2402 4110 2743 4193 Ἀμϐρόσιος,
2781 4113 3105 4192 ἀφικόμενον
3147 4114 3220 4179 εἰς
3275 4113 3379 4176 τὴν
3437 4110 3749 4170 Μεδιολάνων

2127 4205 2218 4262 τὸν
2271 4202 2494 4280 βασιλέα
2549 4203 2636 4260 καὶ
2697 4205 2934 4273 συνήθως
2978 4202 3115 4260 εἴσω
3156 4210 3253 4260 τοῦ
3295 4204 3437 4260 θείου
3492 4199 3748 4281 πορςλθετν

2128 4290 2453 4369 βουληθέντα
2507 4298 2656 4366 ναοῦ,
2712 4291 2976 4371 πόρρωθεν
3024 4293 3466 4373 προϋπαντήσᾶς,
3517 4288 3628 4350 οὐδὲ
3653 4286 3746 4344 τῶν

2128 4384 2279 4460 ἱερῶν
2325 4378 2477 4438 εἴασε
2522 4379 2704 4440 πυλῶν
2748 4379 3023 4456 ἐπιϐῆναι,
3079 4381 3186 4441 Οὒκ
3238 4381 3421 4458 οῐσθα,
3472 4381 3654 4458 λέγων,
3682 4376 3746 4436 ὡς

401 4466 637 4546 quiens,
672 4470 755 4529 uti
788 4467 1042 4543 videtur,
1082 4467 1326 4530 nefariae
1355 4467 1559 4547 caedis,
1623 4487 1755 4549 quae
1806 4480 2045 4549 peracta

2140 4469 2320 4551 ἔοικεν,
2378 4472 2423 4526 ὦ
2478 4468 2723 4551 βασιλεῦ,
2783 4471 2881 4537 τῆς
2946 4470 3299 4550 εἰργασμένης
3359 4469 3651 4550 μιαιφονίας
3691 4463 3745 4520 τὸ

403 4561 514 4634 est,
543 4555 1014 4634 magnitudinem
1045 4577 1059 4615 :
1106 4574 1305 4638 neque
1344 4564 1477 4637 post
1498 4556 1693 4637 ipsum
1721 4557 2046 4620 iracundias

2140 4559 2372 4638 ιεγέθος,
2407 4558 2521 4617 οὐδὲ
2566 4560 2702 4635 μετά
2760 4559 2860 4627 τὴν
2920 4567 3012 4618 τοῦ
3037 4564 3204 4636 θυμοῦ
3245 4559 3399 4629 λῆξιν
3450 4562 3479 4618 6
3508 4554 3744 4637 λογισμὸς

399 4649 521 4706 tum
547 4644 746 4719 tinem,
782 4643 1014 4707 ratione
1058 4646 1381 4725 cognovisti
1404 4646 1585 4723 quale
1606 4645 1835 4708 facinus
1867 4665 2046 4709 ausus

2140 4648 2336 4727 ἐπέγνω
2383 4649 2440 4705 τὸ
2468 4648 2734 4725 τολμηθὲν
2771 4665 2783 4679 ⁶
2822 4648 2918 4705 οὒκ
2945 4648 3007 4722 ἐᾷ
3033 4650 3133 4729 γὰρ
3163 4649 3299 4715 ἴσως
3345 4655 3446 4718 τῆς
3496 4644 3742 4726 βασιλείας

398 4733 610 4799 fueris.
642 4732 958 4797 Enimvero
993 4742 1050 4798 te
1080 4735 1332 4798 fortasse
1385 4755 1506 4797 non
1539 4736 1682 4798 sinit
1721 4736 2048 4817 imperialis

2140 4736 2466 4807 ἦδυναστεία
2518 4738 2806 4817 ἐπιγνῶναι
2861 4739 2961 4808 τὴν
3010 4739 3296 4820 ἁμαρτίαι,
3360 4736 3481 4797 ἀλλ’
3535 4739 3742 4812 151:;po-

402 4824 669 4906 potentia
709 4826 937 4888 crimen
976 4844 1362 4907 cognoscere,
1396 4825 1500 4888 sed
1547 4826 1763 4889 rationi
1815 4826 2050 4905 objecta

398 4914 771 4978 auctoritatis
832 4916 1033 4979 lumen
1085 4916 1322 4980 adimit.
1384 4919 1809 4981 Verumtamen
1839 4924 2050 4978 natura

403 5021 659 5068 necesse
689 5018 780 5069 est
809 5004 1025 5069 haheat
1076 5006 1208 5087 ipsa
1250 5024 1315 5070 se
1347 5014 1748 5087 perspectam,
1784 5014 1843 5067 et
1870 5006 2045 5067 simul

402 5104 527 5157 tum
559 5095 714 5176 quod
748 5097 906 5158 inest
935 5096 1024 5159 illi
1057 5094 1323 5159 mortalis
1349 5114 1417 5158 ac
1439 5096 1581 5158 ﬂuxi
1608 5104 1729 5157 tum
1762 5098 2043 5176 progeni-

402 5184 616 5248 tricem
644 5185 808 5248 illam
838 5185 1272 5266 glebam,unde
1292 5185 1432 5247 facti
1457 5193 1753 5263 sumns,et
1780 5184 1839 5245 in
1864 5202 2040 5265 quam

403 5273 783 5338 dissolvimur
813 5293 828 5339 :
864 5293 982 5336 non
1030 5292 1167 5336 vero
1223 5293 1501 5356 purpura)
1556 5275 1702 5337 ﬂore
1732 5274 2038 5352 fascinata,

404 5364 595 5443 operti
618 5363 889 5444 corporis
920 5365 1189 5443 ignorare
1220 5363 1405 5427 debet
1436 5363 2039 5428 inﬁrmitatem.Sub-

404 5450 543 5512 ditis
573 5452 674 5532 qui
693 5453 905 5515 eadem
961 5462 1159 5515 tecum
1189 5460 1395 5515 natura
1425 5461 1721 5531 constant,
1754 5454 2038 5536 imperas,

402 5556 440 5606 0
469 5556 596 5619 rex,
628 5541 750 5602 imo
782 5542 960 5604 etiam
992 5541 1297 5605 conservis
1343 5542 1460 5607 tuis
1490 5564 1507 5618 ;
1545 5563 1698 5607 unus
1726 5543 1886 5607 enim
1914 5544 2037 5609 Do-

2131 4832 2247 4886 σθεϊ
2301 4830 2337 4898 ἡ
2396 4826 2600 4894 ἐξουσία
2663 4835 2735 4902 τῷ
2791 4827 3060 4907 λογισμῷ.
3103 4830 3215 4908 Χρὴ
3261 4828 3441 4906 μέντοι
3487 4829 3582 4894 τὴν
3608 4824 3741 4905 φύσιν

2130 4916 2344 4990 εἰδέναι,
2403 4917 2498 4974 καί
2539 4918 2601 4973 τὸ
2631 4917 2830 4985 ταύτης
2880 4920 3074 4986 θνητόν
3115 4941 3175 4976 τε
3216 4921 3308 4977 καὶ
3363 4915 3610 4996 διαῤῥέον,
3664 4910 3744 4968 καὶ

2128 5009 2218 5064 τὸν
2266 5007 2527 5087 πρόγονον
2570 5015 2707 5086 χοῦν
2765 5003 2817 5072 ἐξ
2849 5006 2911 5064 οὗ
2940 5007 3238 5087 γεγόναμεν
3265 5008 3351 5066 καὶ
3381 5009 3455 5073 είς
3486 5007 3543 5063 ὃν
3584 4997 3740 5076 ἀποβ-

2126 5098 2336 5176 ῥέομεν,
2404 5096 2483 5153 (αὶ
2539 5100 2617 5171 μὴ
2646 5100 2724 5171 τῷ
2766 5095 2906 5155 ἄνθει
2955 5101 3057 5166 τῆς
3106 5096 3409 5179 ἁλουργίδας
3462 5089 3742 5179 ἀποϐουκοο

2126 5185 2416 5266 λουμένην,
2457 5185 2690 5266 ,ἀγνοεῖν
2743 5193 2838 5244 τοῦ
2895 5185 3300 5263 καλυπτομένου
3359 5187 3598 5261 σώματος
3649 5178 3740 5266 ﬁt"

2125 5264 2415 5337 600évetaw.
2451 5264 2728 5357 Ὀμοφυῶν
2761 5275 2977 5358 ἄρχεις,
3018 5279 3064 5333 ὦ
3109 5276 3347 5356 βασιλεῦ,
3401 5277 3487 5335 καὶ
3532 5272 3635 5350 μὴν
3685 5264 3744 5332 δὴ

2125 5366 2213 5424 καὶ
2267 5363 2571 5439 ὁμοδούλων
2604 5385 2618 5399 ⁶
2682 5366 2767 5433 εἷς
2818 5368 2919 5446 γὰρ
2965 5367 3177 5425 πάντων
3206 5366 3467 5434 δεσπότης
3496 5364 3579 5420 καὶ
3603 5360 3744 5438 βασι-

2122 5455 2243 5522 λεὺς
2288 5458 2315 5514 6
2372 5462 2479 5513 τῶν
2536 5454 2677 5513 ὅλων
2735 5454 3087 5538 δημιουργός.
3134 5459 3313 5525 Ποίοις
3364 5457 3530 5516 τοίνυν
3554 5448 3742 5538 ὀφθαλέ

2122 5559 2250 5625 μοῖς
2280 5545 2431 5624 ὄψεις
2474 5546 2565 5607 τὸν
2607 5552 2702 5605 τοῦ
2742 5535 2945 5607 κοινοῠγ
2971 5535 3243 5607 Δεσπότου
3285 5548 3414 5609 νεών
3452 5543 3663 5622 ςΠοίοις
3689 5535 3739 5596 δῖ
