4022 6146
277 279 395 349 873
1604 294 1788 356 VITA
1834 296 1894 357 s.
1941 296 2324 361 AMBROSII.
3529 278 3655 371 874'

275 432 400 488 ποσὶ
443 432 505 487 τὸ
546 428 735 510 ἔδαφος
782 430 958 486 ἐκεῖνο
1000 432 1255 500 πατήσεις
1319 433 1381 487 τὸ
1439 432 1642 509 ἅγιονς
1692 436 1810 493 Πῶς
1868 429 1922 486 δὲ

2014 433 2206 494 minus
2228 440 2285 493 et
2319 450 2421 495 rex
2444 433 2710 496 omnium
2738 444 2849 516 est,
2883 437 3149 499 omnium
3174 438 3448 501 videlicet
3475 458 3650 502 crea-

275 522 371 583 τᾶς
404 533 597 601 χεῖρας
628 519 862 583 ἐκτενεῖς
912 522 1106 598 θερμοῦ
1151 517 1229 574 ἔτι
1287 520 1578 591 σταζούσας
1639 521 1914 595 αἰματοςς

2014 521 2349 595 tor.0uibus
2374 540 2514 602 ergo
2538 523 2724 585 oculis
2744 496 3078 590 communis
3096 527 3330 591 Domini
3363 530 3651 610 templum

274 609 350 666 ’Ἥ
407 617 524 675 πῶς
576 611 845 675 τοιαύταις
899 606 1123 686 ὑποδέξῃ
1176 611 1332 688 χερσὶ
1374 619 1466 670 τοῦ
1529 609 1797 666 Δεσπότου
1859 612 1919 666 τὸ

2014 611 2320 692 adspicies.
2379 611 2664 693 quibusVe
2718 614 2971 694 pedibus
3020 627 3289 680 sanctum
3344 619 3457 681 hoc
3488 606 3654 701 pavi-

275 700 536 777 πανάγιον
594 706 750 774 σῶμα
784 722 799 771 ;
850 699 968 761 Πῶς
1029 696 1082 753 δὲ
1140 700 1226 754 καὶ
1256 706 1331 769 τῷ
1360 699 1585 775 στόματι
1617 698 1918 767 προσοίσεις

273 791 335 844 τὸ
382 789 523 862 αἷμα
578 792 639 845 τὸ
671 790 868 868 τίμιον,
903 786 1165 844 τοσούτω)
1199 785 1282 844 διὰ
1328 792 1417 845 τὸν
1465 792 1629 864 θυμὸν
1685 789 1920 866 παρανό-

275 899 390 950 μως
426 879 566 951 αἷμα
611 878 808 957 ἐκχέας
847 896 862 950 ;
900 878 1083 934 ’Ἄπιθι
1111 877 1305 958 τοίνυν³
1335 882 1423 936 καὶ
1454 879 1531 953 μὴ
1586 899 1751 956 πειρῶ
1803 891 1919 940 τοῖς

275 964 533 1045 δευτέροις
597 968 695 1034 τὴν
769 966 1028 1044 προτέραν
1082 965 1253 1032 αὔξειν
1305 970 1657 1047 παρανομίαν,
1712 965 1809 1022 καί
1838 966 1920 1022 δέο

278 1079 385 1135 χού
439 1060 524 1113 τὸν
553 1054 744 1130 δεσμὸν
776 1056 822 1131 ᾦ
854 1059 984 1120 Θεὸς
1035 1057 1061 1112 6
1092 1065 1197 1112 τῶν
1236 1057 1374 1114 ὅλων
1412 1058 1689 1125 Δεσπόεης
1722 1057 1918 1114 ἄνωθεν

2007 715 2270 762 mentum
2298 703 2583 781 premes?
2634 706 2932 784 quomodo
2971 717 3166 768 autem
3197 726 3404 770 manus
3435 717 3652 772 exter.-

2005 789 2355 863 des,calenti
2381 791 2574 853 adhuc
2598 794 2883 872 sanguine
2906 796 3329 874 stillantes,aut
3354 800 3652 875 quomodo

2005 883 2213 940 talibus
2241 884 2502 940 manibus
2527 888 2777 955 excipies
2804 898 3231 947 sacrosanctum
3264 890 3494 949 Domini
3520 907 3655 950 cor-

2005 987 2136 1045 pus,
2170 977 2223 1028 et
2247 985 2333 1028 ori
2362 969 2536 1029 etiam
2564 970 2884 1049 pretiosum
2910 973 3257 1052 sanguinem
3282 976 3650 1060 admovebis,

2003 1076 2135 1118 cum
2162 1076 2265 1137 per
2286 1058 2388 1119 ira:
2417 1058 2822 1137 impotentiam
2851 1070 3075 1123 tantum
3112 1064 3415 1143 sanguinis
3448 1058 3653 1129 contra

279 1145 471 1222 γίνεται
530 1151 842 1226 σύμψηφος.
903 1147 1161 1223 Ἰατρικὸς
1222 1145 1276 1202 δὲ
1352 1149 1502 1210 οὗτος
1562 1147 1649 1202 καὶ
1719 1148 1915 1222 ὑγιείας

2014 1148 2095 1219 ius
2123 1165 2298 1208 omne
2330 1166 2398 1210 ac
2430 1149 2517 1208 fas
2547 1149 2878 1211 effu'leris?
2907 1151 3182 1214 Abscede
3212 1153 3413 1234 igitur,
3468 1165 3526 1216 et
3570 1174 3647 1216 ne

275 1254 361 1289 σοι
418 1232 689 1314 πρόξενος,
738 1237 781 1292 εἷ
813 1239 889 1311 μή
923 1257 1024 1294 που
1076 1236 1401 1314 ἀθεράπευτα
1453 1236 1686 1316 πάσχειν
1749 1259 1917 1313 προῃ-

275 1325 451 1392 edam.

2005 1236 2365 1314 aggrediaris
2393 1239 2651 1316 priorem
2688 1240 2917 1321 culpam
2945 1243 3208 1303 secunda
3231 1244 3561 1321 cumulare;
3594 1254 3651 1307 et

2008 1326 2213 1405 excipe
2244 1326 2390 1386 illud
2440 1328 2740 1389 vinculum
2789 1331 2945 1410 quod
2999 1331 3229 1392 coalitus
3282 1333 3511 1412 judicio
3543 1353 3649 1395 suo

280 1414 440 1475 Deus
472 1412 881 1475 universorum
936 1412 1223 1475 Dominus
1257 1411 1721 1475 conﬁrmal.Erit
1750 1422 1944 1476 autem
2000 1414 2143 1477 illud
2179 1415 2285 1476 tibi
2320 1417 2697 1498 medicinale,
2734 1436 2805 1479 ac
2835 1419 3101 1483 sanitatis
3130 1411 3500 1504 conciliator,
3537 1423 3651 1487 nisi

276 1502 435 1563 forte
464 1501 798 1566 insanabile
829 1503 1040 1564 vulnus
1068 1503 1299 1582 perpeti
1331 1502 1606 1581 elegeris.

367 1591 498 1650 KA’.
559 1593 775 1656 Τούτοις
834 1593 977 1657 εἴξας
1037 1593 1064 1648 6
1124 1592 1371 1668 βασιλεὺς
1424 1609 1539 1655 τοῖς
1572 1592 1753 1670 λόγοις
1787 1596 1925 1671 (τοῖς

276 1683 383 1762 γὰρ
428 1682 586 1744 θείοις
647 1682 830 1750 νόμοις
890 1681 1305 1760 ἐντεθραμμένος
1339 1682 1410 1739 ὢν
1441 1680 1554 1758 ᾔδει
1601 1683 1781 1761 σαφῶς
1813 1684 1926 1738 τίνα

2088 1592 2234 1654 XXI.
2270 1596 2599 1676 Imperator
2651 1613 2866 1675 parens
2915 1596 3008 1659 his
3060 1600 3440 1663 sermonibus
3493 1604 3649 1682 (nam

2010 1700 2142 1743 cum
2168 1701 2201 1744 a
2225 1702 2412 1763 puero
2440 1684 2498 1745 in
2529 1684 2760 1764 legibus
2786 1686 3001 1748 divinis
3025 1698 3183 1751 esset
3204 1691 3654 1774 educatusquae

278 1772 381 1847 μὲν
438 1777 545 1827 τῶν
607 1772 813 1851 ἱερέων,
866 1775 981 1828 τίνα
1023 1770 1076 1827 δὲ
1109 1778 1213 1829 τῶν
1243 1772 1504 1849 βασιλέων
1536 1771 1694 1848 ἴδια),
1731 1772 1925 1829 στένων

2014 1771 2079 1832 ad
2114 1773 2452 1835 sacerdotes
2476 1774 3072 1857 pertinerent,quaeve
3094 1780 3164 1841 ad
3191 1798 3382 1859 reges,
3418 1770 3653 1865 perspi-

275 1863 413 1934 ὁμοῦ
467 1862 554 1916 καὶ
583 1859 818 1938 δακρύων
851 1860 1146 1928 ἐπανῆλθεν
1191 1864 1264 1927 εἰς
1296 1863 1361 1918 τὰ
1408 1861 1673 1938 βασίλεια,
1707 1860 1926 1939 Ὀγδόού

275 1949 330 2006 δὲ
386 1949 736 2024 παρελθόντος
782 1949 832 2015 ἐξ
862 1949 1061 2007 ἒιιείνου
1091 1953 1260 2024 μηνὸς
1312 1951 1410 2018 ἧκε
1444 1951 1538 2026 μὲν
1590 1951 1625 2019 ἦ
1676 1954 1766 2007 τοῦ
1799 1958 1923 2006 Σω-

273 2041 437 2117 τῆρος
489 2040 645 2111 ἡμῶν
690 2039 958 2116 γενέθλιος
991 2040 1145 2117 ἑορτή
1176 2057 1190 2072 ⁸
1249 2043 1486 2106 καθῆστο
1518 2039 1571 2096 δὲ
1627 2042 1758 2119 πρὸς
1802 2055 1922 2104 τοῖς

270 2127 563 2206 βασιλείοις
608 2129 870 2205 βαρύτατα
927 2133 1133 2185 πενθῶν
1191 2128 1493 2194 Θεοδόσιος.
1558 2137 1720 2187 Τοῦτο
1770 2130 1922 2187 Ῥου-

272 2232 431 2298 ιρϊνος
462 2240 545 2280 τις
590 2219 879 2296 μάγιστρος
938 2226 1228 2285 τηνικαῦτα
1277 2218 1420 2291 ἰδὼν,
1472 2218 1777 2297 προσελθὼν
1827 2221 1923 2276 οἷα

272 2308 345 2374 δὴ
393 2311 630 2387 χρηστὸς
691 2313 833 2383 αὖτῷ
890 2310 985 2364 καί
1047 2310 1275 2378 συνήθης
1336 2310 1647 2366 ἐπυνθάνετο
1696 2310 1794 2376 τὴν
1836 2312 1921 2364 αἱ·

271 2398 417 2455 τίαν.
468 2389 524 2455 Ὀ
582 2396 635 2452 δὲ
680 2399 872 2475 πικρὸν
933 2396 1230 2471 ἀνοιμώξας
1280 2400 1369 2454 καὶ
1414 2401 1728 2477 θερμότερον
1785 2421 1921 2477 προ-

278 2489 417 2568 χὲας
452 2489 511 2543 τὸ
541 2485 779 2564 δάκρυον,
817 2488 888 2541 Σὺ
920 2488 1042 2560 μὲν,
1099 2486 1144 2542 ὧ
1191 2484 1454 2566 Ῥευφῖνε,
1511 2492 1736 2561 παίζεις,
1794 2488 1920 2568 ἔφη,

279 2582 395 2634 τῶν
425 2577 522 2654 γὰρ
579 2576 721 2650 ἐμῶν
780 2577 876 2632 οὒκ
923 2576 1215 2653 ὲπαισθανῃ
1274 2583 1453 2632 καλῶν
1488 2594 1501 2608 '
1536 2577 1642 2655 ἐγὼ
1670 2576 1725 2633 δὲ
1757 2578 1925 2633 στένω

279 2668 373 2721 καὶ
431 2665 777 2744 ὀλοφύρομαι,
834 2666 933 2732 τὴν
989 2665 1218 2739 ἐμαυτοῦ
1293 2668 1561 2746 συμφορὰν
1616 2665 1925 2745 ἀναλογιζό-

284 2777 470 2834 μενος,
533 2755 678 2816 ὅπως
737 2767 853 2817 τοῖς
916 2756 1014 2830 μὲν
1050 2755 1277 2817 οἰκέταις
1324 2758 1409 2811 καὶ
1442 2768 1559 2819 τοῖς
1617 2758 1924 2834 προσαίταις

280 2846 542 2919 ἂνεῲκται
603 2845 630 2900 6
689 2847 832 2906 θεῖος
893 2845 1048 2914 νεὼς,
1108 2846 1197 2900 καὶ
1227 2846 1451 2900 εἰσίασιν
1495 2845 1683 2916 ἀδεῶς,
1717 2847 1804 2901 καὶ
1835 2847 1924 2901 τὸν

283 2937 485 2991 οἰκεῖον
557 2931 890 2989 ἆντιϐολοὺσι
952 2935 1231 2998 Δεσπότην
1265 2950 1279 2965 ”
1341 2934 1457 3007 ἐμοὶ
1514 2932 1568 2989 δὲ
1624 2936 1708 2990 καὶ
1772 2934 1927 2999 αὖτὸς

285 3022 498 3103 ἄϐατος,
558 3024 820 3099 καὶπρὸς
873 3030 1028 3078 τοῦτο
1088 3023 1115 3078 6
1175 3023 1393 3101 ούρανὸς
1468 3023 1924 3082 ἔιποΑέκλεισται·

286 3114 552 3188 μέμνηται
616 3114 716 3190 γὰρ
758 3117 855 3178 τῆς
891 3113 1222 3178 Δεσποτικῆς
1281 3118 1485 3192 φωνῆς,
1558 3137 1583 3167 ιι
1631 3113 1700 3169 "0
1742 3112 1803 3169 ἂν
1836 3112 1926 3184 δή·

2008 1878 2110 1920 cue
2132 1868 2663 1938 noverat).gemitus
2687 1883 2750 1926 ac
2775 1867 3056 1940 lacrymas
3084 1872 3253 1929 simul
3276 1875 3650 1944 profundens,

2007 1945 2066 2005 in
2102 1946 2381 2026 palatium
2443 1965 2506 2008 se
2566 1947 2800 2027 recipit.
2839 1948 3056 2011 Octavo
3103 1962 3303 2014 autem
3344 1972 3549 2018 mense
3579 1956 3652 2018 ab

2007 2034 2148 2095 hinc
2181 2036 2576 2116 elapso,venit
2605 2038 2854 2114 quidem
2886 2041 3206 2103 Salvatoris
3237 2045 3425 2105 nostri
3457 2045 3653 2107 natale

2007 2124 2244 2199 festum,
2273 2124 2643 2187 Theodosius
2695 2145 2835 2188 vero
2864 2128 2922 2188 in
2960 2130 3123 2209 regia
3155 2132 3372 2193 sedens
3397 2136 3651 2196 amaris-

2008 2213 2160 2303 sime
2182 2214 2455 2276 ﬂebat.ld
2485 2217 2732 2278 Rufinus
2760 2219 2999 2297 quidam
3036 2230 3174 2282 tunc
3198 2223 3489 2303 temporis
3518 2243 3648 2286 ma-

2007 2301 2189 2381 gister
2219 2304 2415 2383 palatii
2451 2324 2585 2366 cum
2637 2305 3010 2385 pervidisset,
3045 2310 3118 2371 ad
3159 2329 3294 2372 eum
3324 2301 3647 2392 accedens,

2009 2392 2185 2452 homo
2209 2392 2481 2454 videlicet
2501 2394 2744 2456 domino
2770 2397 2936 2458 utilis
2963 2417 3029 2460 ac
3054 2399 3387 2476 familiaris,
3414 2421 3649 2465 causam

2006 2479 2273 2558 rogabat.
2305 2482 2452 2544 Tum
2487 2500 2629 2544 vero
2662 2484 2761 2546 ille
2791 2486 3005 2549 acerbe
3030 2498 3369 2566 gemens,et
3396 2492 3653 2554 calidio-

2005 2569 2176 2660 ribus
2204 2588 2447 2632 manans
2504 2573 2784 2634 ﬂetibus:
2833 2575 2923 2638 Tu
2976 2578 3242 2658 quidem,
3277 2578 3493 2660 inquit,
3550 2581 3650 2643 lu-

2009 2658 2121 2733 dis,
2146 2657 2381 2735 Rufine;
2408 2680 2538 2724 mea
2564 2664 2720 2724 enim
2747 2664 2899 2726 mala
2920 2657 3035 2728 non
3059 2669 3272 2730 sentis.
3304 2657 3426 2748 Ego
3456 2681 3649 2733 autem

2011 2768 2180 2828 gemo
2200 2759 2378 2830 atque
2400 2750 2646 2831 deploro
2662 2771 2851 2814 meam
2873 2755 3056 2835 ipsius
3078 2757 3651 2839 calamitatem,dum

2015 2857 2247 2900 mecum
2272 2849 2481 2918 reputo
2507 2841 2767 2903 divinum
2797 2846 3077 2925 templum
3103 2846 3341 2908 famulis
3365 2849 3541 2909 etiam
3565 2859 3654 2910 at-

2013 2948 2126 3010 que
2153 2930 2443 2991 mendicis
2468 2942 2737 3011 apertum
2763 2935 3379 3019 esse,ingressumque
3403 2938 3543 3001 illuc
3567 2950 3653 3002 tu-

2012 3027 2133 3080 tum
2155 3038 2221 3081 ac
2247 3021 2500 3082 liberum
2531 3031 2733 3102 patere
2755 3023 2892 3097 illis,
2931 3035 2990 3085 ut
3010 3025 3309 3106 proprium
3333 3027 3647 3091 Dominum

2012 3110 2126 3185 ipsi
2160 3112 2511 3171 conveniant
2550 3131 2564 3171 :
2602 3112 2746 3172 mihi
2774 3125 2970 3174 autem
2998 3115 3109 3175 hoc
3134 3116 3290 3178 inter
3314 3117 3555 3201 dicitur,
3591 3128 3653 3182 et

279 3225 436 3277 σητε,
486 3226 514 3258 ri
578 3201 865 3278 λεγούσης,
907 3202 1046 3259 «επὶ
1104 3206 1201 3268 τῆς
1261 3202 1382 3282 γῆς,
1446 3202 1595 3258 ἔσται
1651 3201 1925 3279 δεδεμένον

2014 3209 2293 3279 prwterea
2322 3201 2540 3261 coelum
2597 3200 2772 3262 etiam
2827 3200 3217 3266 interclusum
3263 3214 3374 3271 est.
3408 3200 3655 3270 Memini

277 3294 371 3351 καὶ
412 3293 464 3351 ἐν
492 3305 608 3357 τοῖς
644 3293 914 3371 οὒρανοϊς,
956 3314 979 3346 u

369 3470 499 3533 KB’.
555 3468 611 3529 Ὀ
670 3468 726 3526 δὲ
789 3468 1066 3549 Ῥούφϊνος
1126 3470 1454 3548 ὑπουργῆσαι
1488 3475 1562 3545 τῷ
1605 3470 1821 3548 βασιλεῖ
1862 3472 1927 3526 τΞι

282 3562 419 3638 πρὸς
477 3559 752 3638 θεραπείαν
813 3558 1137 3635 βουλόμενος
1167 3562 1253 3616 καὶ
1312 3560 1469 3639 χάριν
1514 3560 1755 3637 εὔκαιρον
1815 3581 1925 3614 πα-

281 3663 538 3730 ρασχεῖν,
590 3655 941 3724 ΔΔραμοῦμαι,
979 3669 1025 3703 ει
1086 3671 1168 3705 σοι
1212 3647 1384 3721 δοκεῖ,
1418 3648 1543 3728 ἔφη,
1577 3650 1779 3704 καὶτὸν
1829 3648 1929 3724 ἆρ-

286 3739 478 3820 χιερέα
530 3739 699 3795 πείσω
755 3736 951 3816 πολλὰ,
1012 3738 1191 3815 φησὶ,
1250 3735 1452 3804 δεηθεὶς
1513 3738 1670 3796 λῦσαί
1726 3759 1785 3792 σε
1827 3742 1932 3792 τῶν

287 3808 523 3904 θεσμῶν,
587 3825 738 3883 Ἀλλ’
770 3832 828 3885 οὗ
858 3808 1224 3901 πείσθῆσετανι,
1260 3825 1357 3906 ἔφη
1415 3828 1442 3883 6
1472 3825 1720 3903 βασιλεύς
1742 3833 1771 3859 “·
1808 3824 1934 3882 οῖδα

294 3921 396 3998 γὰρ
437 3918 550 3995 ἒγὼ
578 3921 680 3983 τῆς
711 3913 1026 3993 Ἀμϐροσίου
1058 3918 1242 3995 ψήφου
1295 3918 1357 3972 τὸ
1415 3914 1612 3973 δίκαιον
1643 3935 1657 3951 ’
1720 3915 1780 3972 οὒ
1835 3915 1935 3992 γὰρ

293 4009 543 4074 αἰδεσθεὶς
575 4013 674 4075 τῆς
731 4008 1154 4085 βασιλείαςτὴν
1213 4008 1445 4073 ἐξουσίαν
1500 4010 1592 4064 τὸν
1640 4011 1786 4064 θεῖον
1835 4028 1936 4062 πα-

293 4098 583 4180 ραϐήσεται
613 4118 745 4154 ποτε
777 4097 958 4172 νόμον.
1011 4095 1231 4164 Ἐπειδή
1267 4095 1320 4152 δὲ
1375 4098 1468 4153 καὶ
1515 4094 1697 4159 ἄλλοις
1729 4096 1934 4152 πλείοσι

297 4189 644 4271 χρησάμενος
702 4186 729 4243 ὁ
790 4186 1069 4267 Ῥουιρϊνος
1117 4185 1295 4264 λόγοις
1323 4187 1523 4242 πείσειν
1550 4185 1816 4266 ὑπέσχετο
1845 4186 1934 4240 τὸν

294 4258 497 4359 τῖε-ίαν⁷
517 4275 859 4354 Ἀμϐρόσιον,
920 4258 1172 4332 ἆπελθεῒν
1196 4258 1206 4264 ⁷
1232 4278 1384 4332 αὐτὸν
1417 4277 1444 4331 6
1496 4258 1741 4352 βασιλείίς
1799 4275 1935 4330 κατὰ

2007 3292 2218 3362 quippe
2238 3292 2552 3349 Dominicae
2574 3294 2868 3366 vocis,qua
2892 3298 3301 3368 promulgatur:
3329 3299 3655 3373 «Quidquid

2009 3375 2326 3453 ligaveritis
2343 3395 2523 3456 super
2546 3380 3184 3458 terram,eritligatum
3217 3393 3273 3445 et
3303 3385 3362 3444 in
3398 3386 3588 3447 caelis.
3625 3407 3653 3445 ι

2089 3462 2263 3527 XXII.
2306 3464 2557 3528 Ruﬁnus
2590 3486 2726 3529 vero
2778 3471 3132 3532 medicinam
3159 3474 3282 3551 regi
3316 3475 3655 3536 ministrare

2011 3552 2242 3635 volens,
2275 3573 2343 3615 ac
2377 3557 2791 3636 tempestivum
2830 3559 3182 3620 beneﬁcium
3221 3561 3305 3620 illi
3339 3561 3606 3641 praebere
3635 3581 3650 3626 :

2011 3641 2277 3722 Curram,
2316 3644 2527 3724 inquit,
2565 3646 2615 3705 si
2647 3646 2753 3707 tibi
2788 3646 3067 3725 placet,et
3098 3649 3378 3729 episcopo
3412 3650 3471 3711 id
3514 3668 3654 3731 per-

2013 3731 2273 3793 suadebo
2302 3734 2504 3793 multis
2537 3734 2909 3813 precibus,ut
2948 3744 3005 3797 te
3035 3755 3068 3797 ιι
3099 3738 3351 3799 vinculis
3381 3738 3510 3800 istis
3540 3740 3653 3800 ab-

2014 3822 2221 3882 solvat.
2252 3819 2366 3881 Sed
2404 3840 2519 3882 non
2554 3822 2652 3883 ille
2686 3824 3255 3902 persuadebitur,ait
3284 3826 3648 3906 imperator;

2017 3928 2192 3991 quam
2223 3910 2381 3970 enim
2413 3913 2632 3987 justum
2693 3912 2997 3974 Ambrosii
3021 3914 3315 3993 judicium
3350 3917 3450 3997 sit,
3484 3937 3656 3979 com-

2019 4008 2248 4079 pertum
2274 3998 2484 4089 habeo.
2513 3998 2632 4061 Nec
2670 4019 2845 4081 porro
2870 4004 2972 4064 ille
3003 4022 3267 4085 unquam
3300 4008 3655 4089 committet,

2016 4095 2081 4149 ut
2124 4087 2447 4167 imperialis
2504 4091 2783 4169 potentiae
2833 4103 3111 4173 respectu
3169 4095 3427 4158 divinam
3464 4087 3653 4176 legem

2019 4177 2507 4256 transgrediatur.
2547 4182 2618 4241 At
2646 4187 3026 4261 posteaquam
3073 4183 3354 4246 adhibitis
3388 4186 3658 4266 pluribus

2017 4267 2147 4329 aliis
2173 4267 2779 4339 rationibus,Ruﬁnus
2801 4273 3180 4350 promittebat
3204 4291 3237 4335 a
3269 4292 3480 4353 magno
3506 4276 3658 4337 Am-

291 4372 466 4450 τάχος
511 4366 741 4442 ἐκέλευε,
801 4367 888 4422 καὶ
932 4366 1087 4428 arb-c6:
1132 4364 1185 4420 δὲ
1227 4366 1327 4422 ὑπὸ
1356 4365 1452 4433 τῆς
1485 4363 1692 4428 ἐλπίδος
1743 4362 1925 4419 δελεαα

2020 4358 2220 4419 brosio
2250 4376 2377 4419 rem
2426 4376 2492 4419 se
2552 4358 2707 4419 haud
2772 4360 2950 4422 dubie
2981 4363 3452 4443 impetraturum.
3480 4363 3661 4444 jussit

291 4448 430 4524 σθεῖς
486 4455 813 4525 ἠκολούθησε
864 4458 999 4531 μετὰ
1057 4455 1232 4535 βραχὺ
1291 4467 1410 4520 ταῖς
1468 4454 1795 4533 ὑποσχέσεσι
1844 4456 1925 4509 τοί

2018 4448 2343 4527 imperator
2364 4465 2535 4528 quam
2562 4448 2850 4512 citissime
2878 4451 3041 4512 illum
3076 4452 3261 4514 abire.
3297 4452 3431 4534 Ipse
3461 4462 3658 4516 autem

291 4548 565 4627 Ῥουιρίνου
649 4547 957 4609 πιστεύσας,
1049 4547 1242 4604 Αὐτίκα
1328 4551 1452 4623 γοὺν
1508 4545 1599 4599 τὸν
1658 4540 1925 4622 Ῥουφῖνον

2019 4520 2124 4615 spe
2147 4520 2464 4612 inescatus,
2500 4546 2629 4618 post
2660 4558 2779 4600 non
2817 4542 3064 4603 multum
3100 4520 3388 4619 temporis
3418 4552 3661 4606 secutus

290 4641 322 4696 6
352 4642 496 4701 θεῖος
536 4632 878 4714 Ἀμϐρόσιος,
920 4658 948 4690 α
984 4635 1091 4701 Τὴν
1121 4640 1228 4691 τῶν
1258 4640 1453 4707 κυνῶν⁷
1486 4632 1613 4713 ἔφη,
1649 4631 1925 4711 ὄινσιίῖςειαν1

2021 4635 2134 4701 est,
2170 4635 2230 4686 ut
2259 4627 2359 4707 qui
2392 4628 2583 4686 Rufini
2622 4630 3117 4707 promissionibus
3153 4632 3329 4695 ﬁdem
3383 4633 3658 4696 haberet.

290 4729 340 4787 ὦ
370 4728 633 4807 Ῥουφϊνε,
675 4724 890 4798 ζηλοῖς,
924 4727 1013 4781 καὶ
1076 4723 1194 4780 οὔτε
1253 4724 1511 4803 ἐρυθριᾷς,
1562 4723 1680 4779 οὔτε
1741 4721 1925 4802 δέδιας1

2021 4715 2344 4780 Confestim
2377 4733 2514 4776 vero
2545 4716 2837 4779 allocutus
2890 4718 3173 4782 Ruﬁnum
3206 4723 3374 4784 divus
3404 4723 3662 4786 Ambro-

294 4803 542 4876 τοσοῦτον
574 4816 707 4873 κατὰ
736 4819 835 4882 τῆς
864 4815 1006 4878 θείας
1038 4811 1302 4884 λλττήσας
1360 4813 1562 4875 εἰκόνος
1601 4830 1618 4889 ;
1657 4836 1680 4869 ιο
1720 4809 1925 4869 Ἐπειδηῖ

2020 4807 2144 4867 sius
2178 4822 2191 4867 :
2234 4827 2256 4862 ιι
2293 4803 2542 4877 Canum,
2571 4804 2785 4887 inquit,
2812 4810 3262 4888 impudentiam,
3290 4811 3666 4886 Ruﬁne,imi-

296 4908 356 4966 δὲ
414 4909 441 4965 ὀ
497 4907 782 4985 Ῥουφϊνος
825 4901 1118 4977 ἠντιϐόλει,
1171 4904 1260 4958 καὶ
1289 4904 1380 4960 τὸν
1409 4902 1633 4980 βασιλέα
1689 4903 1824 4976 μετὰ
1852 4924 1925 4977 p.1-

2023 4895 2187 4974 taris;
2215 4903 2271 4956 et
2294 4913 2487 4974 neque
2511 4894 2844 4971 erubescis,
2878 4915 3072 4977 neque
3106 4900 3499 4980 pertimescis,
3524 4919 3660 4961 cum

300 4999 425 5070 χρὸν
454 4994 595 5066 ἥξειν
623 4983 828 5074 ἔλεγεν,
860 4995 959 5050 ὕπὸ
991 5001 1083 5050 τοῦ
1113 4994 1250 5050 θείου
1299 4991 1462 5064 ζήλου
1514 4990 1886 5088 πυρποληθείς
1912 5014 1925 5046 ι

2024 4993 2183 5046 tanta
2201 4984 2365 5044 rabie
2386 4983 2665 5043 adversus
2688 4985 3001 5062 imaginem
3029 4985 3133 5047 Dri
3168 4988 3472 5049 smvicris?
3500 5012 3521 5046 ι)
3549 4987 3661 5049 Ubi

298 5092 446 5152 θεῖος
506 5071 849 5161 Ἀμϐράσιος,
894 5105 916 5138 ι
954 5082 1122 5163 Ἐγὼ,
1153 5081 1279 5163 ἔφη,
1316 5084 1359 5136 ὧ
1388 5082 1654 5162 Ῥουφϊνε,
1682 5081 1824 5162 φημί
1861 5078 1919 5135 ὅτ

2021 5092 2163 5135 vero
2195 5071 2405 5133 institit
2435 5073 2704 5149 Ruﬁnus,
2732 5084 2791 5163 et
2822 5075 3241 5154 imperatorem
3276 5076 3438 5137 brevi
3468 5075 3661 5155 spatio

297 5178 524 5236 κωλύσω
581 5180 687 5232 τῶν
748 5171 901 5253 ἱερῶν
947 5161 1117 5229 αὐτὸν
1183 5161 1431 5237 ἐπιϐῆναι
1461 5172 1730 5248 προθύρων
1767 5188 1781 5203 ·
1816 5170 1860 5224 εἰ
1889 5168 1925 5223 δι

2025 5162 2338 5243 interjecto
2394 5169 2706 5223 venturum
2761 5161 2928 5236 dixit,
2965 5165 3248 5225 incensus
3305 5165 3505 5227 divino
3535 5166 3663 5229 Zelo

335 5290 360 5326 ς
418 5270 491 5331 εἷς
547 5249 823 5343 τυραννίδα
869 5263 967 5330 τὴν
1041 5260 1313 5340 βασιλείαν
1371 5261 1674 5340 μεθίστησι,
1732 5256 1921 5335 δέξομαι

2026 5251 2266 5314 divinus
2299 5249 2647 5313 Ambrosius
2681 5268 2694 5310 :
2738 5274 2759 5308 ιι
2796 5250 2941 5334 Ego,
2978 5253 3234 5334 inquit,o
3268 5256 3667 5338 Ruﬁne,pr33.

299 5294 360 5348 γε
418 5294 491 5331 εις
547 5294 823 5343 τυραννιυα
869 5294 967 5330 την
1041 5294 1313 5340 Ριυιηιινιν
1371 5294 1674 5340 μευιυνιιλυι,
1732 5294 1921 5335 υεψιμυι

298 5357 451 5437 κάγὼ
483 5352 599 5431 μεθ’
633 5351 832 5420 ἡδονῆς
861 5353 959 5419 τὴν
992 5353 1224 5431 σφαγήν.
1262 5373 1291 5405 ›)

2026 5294 2266 5314 una“...
2299 5294 2647 5313 ωηυηιυηη
2681 5297 2693 5310 .
2738 5294 2759 5308 ν
2796 5294 2941 5334 μευ,
2978 5294 3234 5334 ,ιηιυιηυ
3272 5294 3666 5338 “unumne;-

2027 5343 2161 5404 dico
2193 5358 2290 5402 me
2344 5339 2802 5421 prohibiturum,
2838 5361 2912 5404 ne
2971 5343 3062 5404 vel
3093 5342 3290 5423 ipsum
3324 5345 3530 5426 templi
3563 5362 3666 5407 ve-

296 5429 555 5509 sib'ulnm
604 5441 797 5505 calcet
828 5460 845 5499 :
878 5439 973 5503 sin
1003 5429 1198 5503 autem
1232 5439 1282 5501 is
1317 5437 1541 5517 regiam
1583 5443 1935 5519 potestatem
1968 5437 2028 5499 in
2062 5429 2439 5514 tyrannidem
2485 5437 2693 5509 vertat,
2729 5449 2823 5493 me
2869 5451 3076 5495 necem
3110 5441 3497 5516 excepturum
3529 5453 3667 5500 cum

296 5536 619 5617 voluptate.
668 5557 691 5589 ι

743 5640 1004 5705 PATROL.
1048 5640 1163 5704 Gn.
1208 5637 1419 5703 CXVI.
3193 5631 3270 5698 28
