  <div class='ocr_page' id='page_1' title='image "/cluster/home/n/w/nwhite01/storage/ocr_20150623/116/mdp.39015008903554/446.png"; bbox 0 0 4022 6146; ppageno 0'>
   <div class='ocr_carea' id='block_1_1' title="bbox 272 258 392 331">
    <p class='ocr_par' dir='ltr' id='par_1_1' title="bbox 272 258 392 331">
     <span class='ocr_line' id='line_1_1' title="bbox 272 258 392 331; baseline -0.025 0"><span class='ocrx_word' id='word_1_1' title='bbox 272 258 392 331; x_wconf 88' lang='grc'><strong>877</strong></span> 
     </span>
    </p>
   </div>
   <div class='ocr_carea' id='block_1_2' title="bbox 1612 264 2347 336">
    <p class='ocr_par' dir='ltr' id='par_1_2' title="bbox 1612 264 2347 336">
     <span class='ocr_line' id='line_1_2' title="bbox 1612 264 2347 336; baseline -0.004 -3"><span class='ocrx_word' id='word_1_2' title='bbox 1612 264 1798 333; x_wconf 76' lang='lat' dir='ltr'><strong>VITA</strong></span> <span class='ocrx_word' id='word_1_3' title='bbox 1844 268 1904 333; x_wconf 90' lang='lat' dir='ltr'><strong>S.</strong></span> <span class='ocrx_word' id='word_1_4' title='bbox 1956 271 2347 336; x_wconf 82' lang='lat' dir='ltr'><strong>AMBROSII.</strong></span> 
     </span>
    </p>
   </div>
   <div class='ocr_carea' id='block_1_3' title="bbox 3540 272 3659 341">
    <p class='ocr_par' dir='ltr' id='par_1_3' title="bbox 3540 272 3659 341">
     <span class='ocr_line' id='line_1_3' title="bbox 3540 272 3659 341; baseline 0.008 -2"><span class='ocrx_word' id='word_1_5' title='bbox 3540 272 3659 341; x_wconf 89' lang='lat'><strong>878</strong></span> 
     </span>
    </p>
   </div>
   <div class='ocr_carea' id='block_1_4' title="bbox 275 400 1919 487">
    <p class='ocr_par' dir='ltr' id='par_1_4' title="bbox 275 400 1919 482">
     <span class='ocr_line' id='line_1_4' title="bbox 275 400 1919 482; baseline 0.002 -25"><span class='ocrx_word' id='word_1_6' title='bbox 275 401 473 462; x_wconf 76' lang='grc' dir='ltr'>δεοιτο.</span> <span class='ocrx_word' id='word_1_7' title='bbox 537 408 639 459; x_wconf 76' lang='grc' dir='ltr'>Τοῦ</span> <span class='ocrx_word' id='word_1_8' title='bbox 715 400 769 458; x_wconf 79' lang='grc' dir='ltr'>δὲ</span> <span class='ocrx_word' id='word_1_9' title='bbox 825 401 1087 479; x_wconf 72' lang='grc' dir='ltr'>βασιλέως</span> <span class='ocrx_word' id='word_1_10' title='bbox 1150 404 1422 481; x_wconf 76' lang='grc' dir='ltr'><strong>εἰρηκότος</strong></span> <span class='ocrx_word' id='word_1_11' title='bbox 1500 407 1572 469; x_wconf 83' lang='grc' dir='ltr'>ὡς</span> <span class='ocrx_word' id='word_1_12' title='bbox 1632 405 1919 482; x_wconf 80' lang='grc' dir='ltr'><strong>προσμένοι</strong></span> 
     </span>
    </p>
   </div>
   <div class='ocr_carea' id='block_1_5' title="bbox 2009 400 3653 487">
    <p class='ocr_par' dir='ltr' id='par_1_5' title="bbox 2009 401 3653 487">
     <span class='ocr_line' id='line_1_5' title="bbox 2009 401 3653 487; baseline 0.002 -21"><span class='ocrx_word' id='word_1_13' title='bbox 2009 423 2211 467; x_wconf 90' lang='lat' dir='ltr'><strong>corum</strong></span> <span class='ocrx_word' id='word_1_14' title='bbox 2239 401 2560 464; x_wconf 76' lang='lat' dir='ltr'><strong>discrimen</strong></span> <span class='ocrx_word' id='word_1_15' title='bbox 2579 402 2745 464; x_wconf 87' lang='lat' dir='ltr'><strong>illum</strong></span> <span class='ocrx_word' id='word_1_16' title='bbox 2760 401 3095 466; x_wconf 90' lang='lat' dir='ltr'><strong>edocuit.Et</strong></span> <span class='ocrx_word' id='word_1_17' title='bbox 3111 403 3371 484; x_wconf 90' lang='lat' dir='ltr'><strong>primum</strong></span> <span class='ocrx_word' id='word_1_18' title='bbox 3385 404 3653 487; x_wconf 82' lang='lat' dir='ltr'><strong>quidem,</strong></span> 
     </span>
    </p>
   </div>
   <div class='ocr_carea' id='block_1_6' title="bbox 272 491 1927 570">
    <p class='ocr_par' dir='ltr' id='par_1_6' title="bbox 272 491 1927 570">
     <span class='ocr_line' id='line_1_6' title="bbox 272 491 1927 570; baseline 0.001 -22"><span class='ocrx_word' id='word_1_19' title='bbox 272 493 377 559; x_wconf 72' lang='grc' dir='ltr'>τὴν</span> <span class='ocrx_word' id='word_1_20' title='bbox 463 491 572 548; x_wconf 74' lang='grc' dir='ltr'><strong>τῶν</strong></span> <span class='ocrx_word' id='word_1_21' title='bbox 629 491 782 548; x_wconf 85' lang='grc' dir='ltr'>θείων</span> <span class='ocrx_word' id='word_1_22' title='bbox 849 492 1150 566; x_wconf 77' lang='grc' dir='ltr'>μυστηρίων</span> <span class='ocrx_word' id='word_1_23' title='bbox 1239 491 1566 570; x_wconf 78' lang='grc' dir='ltr'>μετάληψιν,</span> <span class='ocrx_word' id='word_1_24' title='bbox 1633 491 1927 565; x_wconf 69' lang='grc' dir='ltr'>ἐδήλωσεν,</span> 
     </span>
    </p>
   </div>
   <div class='ocr_carea' id='block_1_7' title="bbox 273 579 1926 663">
    <p class='ocr_par' dir='ltr' id='par_1_7' title="bbox 273 579 1926 663">
     <span class='ocr_line' id='line_1_7' title="bbox 273 579 1926 663; baseline 0.001 -27"><span class='ocrx_word' id='word_1_25' title='bbox 273 583 526 661; x_wconf 76' lang='grc' dir='ltr'><strong>ὑπουργῷ</strong></span> <span class='ocrx_word' id='word_1_26' title='bbox 584 587 659 655; x_wconf 83' lang='grc' dir='ltr'><strong>τῷ</strong></span> <span class='ocrx_word' id='word_1_27' title='bbox 717 586 822 637; x_wconf 83' lang='grc' dir='ltr'><strong>τῶν</strong></span> <span class='ocrx_word' id='word_1_28' title='bbox 895 579 1151 637; x_wconf 79' lang='grc' dir='ltr'>διακόνων</span> <span class='ocrx_word' id='word_1_29' title='bbox 1206 582 1492 660; x_wconf 58' lang='grc' dir='ltr'>ἡγουμένῳ</span> <span class='ocrx_word' id='word_1_30' title='bbox 1560 584 1926 663; x_wconf 84' lang='grc' dir='ltr'>χρησάμενος,</span> 
     </span>
    </p>
   </div>
   <div class='ocr_carea' id='block_1_8' title="bbox 275 668 1929 752">
    <p class='ocr_par' dir='ltr' id='par_1_8' title="bbox 275 668 1929 752">
     <span class='ocr_line' id='line_1_8' title="bbox 275 668 1929 752; baseline 0 -25"><span class='ocrx_word' id='word_1_31' title='bbox 275 670 361 727; x_wconf 77' lang='grc' dir='ltr'><strong>ὅτι</strong></span> <span class='ocrx_word' id='word_1_32' title='bbox 420 670 496 728; x_wconf 76' lang='grc' dir='ltr'><strong>Τᾶ</strong></span> <span class='ocrx_word' id='word_1_33' title='bbox 553 668 720 744; x_wconf 75' lang='grc' dir='ltr'>ἔνδον,</span> <span class='ocrx_word' id='word_1_34' title='bbox 752 671 798 726; x_wconf 83' lang='grc' dir='ltr'><strong>ὦ</strong></span> <span class='ocrx_word' id='word_1_35' title='bbox 851 668 1093 746; x_wconf 73' lang='grc' dir='ltr'>βασιλεῖ),</span> <span class='ocrx_word' id='word_1_36' title='bbox 1145 671 1327 748; x_wconf 74' lang='grc' dir='ltr'>μόνοις</span> <span class='ocrx_word' id='word_1_37' title='bbox 1386 673 1524 730; x_wconf 81' lang='grc' dir='ltr'>ἐστὶν</span> <span class='ocrx_word' id='word_1_38' title='bbox 1578 674 1768 752; x_wconf 74' lang='grc' dir='ltr'>ἱερεῦσι</span> <span class='ocrx_word' id='word_1_39' title='bbox 1826 672 1929 750; x_wconf 70' lang='grc' dir='ltr'>βοί-</span> 
     </span>
    </p>
   </div>
   <div class='ocr_carea' id='block_1_9' title="bbox 275 757 1926 835">
    <p class='ocr_par' dir='ltr' id='par_1_9' title="bbox 275 757 1926 835">
     <span class='ocr_line' id='line_1_9' title="bbox 275 757 1926 835; baseline 0.001 -19"><span class='ocrx_word' id='word_1_40' title='bbox 275 781 433 835; x_wconf 87' lang='grc' dir='ltr'>σιμα·</span> <span class='ocrx_word' id='word_1_41' title='bbox 480 772 597 821; x_wconf 75' lang='grc' dir='ltr'>τοῖς</span> <span class='ocrx_word' id='word_1_42' title='bbox 638 757 693 814; x_wconf 66' lang='grc' dir='ltr'>δὲ</span> <span class='ocrx_word' id='word_1_43' title='bbox 746 758 927 823; x_wconf 68' lang='grc' dir='ltr'>ἄλλοις</span> <span class='ocrx_word' id='word_1_44' title='bbox 973 766 1132 816; x_wconf 85' lang='grc' dir='ltr'>πᾶσιν</span> <span class='ocrx_word' id='word_1_45' title='bbox 1177 760 1336 818; x_wconf 69' lang='grc' dir='ltr'>ἄδυτα</span> <span class='ocrx_word' id='word_1_46' title='bbox 1394 784 1451 818; x_wconf 85' lang='grc' dir='ltr'><strong>τε</strong></span> <span class='ocrx_word' id='word_1_47' title='bbox 1521 764 1607 818; x_wconf 85' lang='grc' dir='ltr'><strong>καὶ</strong></span> <span class='ocrx_word' id='word_1_48' title='bbox 1662 761 1926 834; x_wconf 73' lang='grc' dir='ltr'>ἅψαυστα,</span> 
     </span>
    </p>
   </div>
   <div class='ocr_carea' id='block_1_10' title="bbox 272 847 1925 929">
    <p class='ocr_par' dir='ltr' id='par_1_10' title="bbox 272 847 1925 929">
     <span class='ocr_line' id='line_1_10' title="bbox 272 847 1925 929; baseline 0 -22"><span class='ocrx_word' id='word_1_49' title='bbox 272 847 445 914; x_wconf 72' lang='grc' dir='ltr'>Ἐξιθι</span> <span class='ocrx_word' id='word_1_50' title='bbox 490 850 688 929; x_wconf 84' lang='grc' dir='ltr'>τοίνυν,</span> <span class='ocrx_word' id='word_1_51' title='bbox 720 849 812 905; x_wconf 82' lang='grc' dir='ltr'><strong>καί</strong></span> <span class='ocrx_word' id='word_1_52' title='bbox 867 863 984 915; x_wconf 77' lang='grc' dir='ltr'>τοῖς</span> <span class='ocrx_word' id='word_1_53' title='bbox 1028 848 1217 916; x_wconf 76' lang='grc' dir='ltr'>ἄλλοις</span> <span class='ocrx_word' id='word_1_54' title='bbox 1247 851 1490 908; x_wconf 86' lang='grc' dir='ltr'>κοινώνει</span> <span class='ocrx_word' id='word_1_55' title='bbox 1535 856 1632 918; x_wconf 78' lang='grc' dir='ltr'><strong>τῆς</strong></span> <span class='ocrx_word' id='word_1_56' title='bbox 1666 853 1925 912; x_wconf 78' lang='grc' dir='ltr'>στάσεω;’</span> 
     </span>
    </p>
   </div>
   <div class='ocr_carea' id='block_1_11' title="bbox 276 936 1543 1020">
    <p class='ocr_par' dir='ltr' id='par_1_11' title="bbox 276 936 1543 1020">
     <span class='ocr_line' id='line_1_11' title="bbox 276 936 1543 1020; baseline 0.006 -28"><span class='ocrx_word' id='word_1_57' title='bbox 276 937 523 1019; x_wconf 76' lang='grc' dir='ltr'><strong>ἁλουργὶς</strong></span> <span class='ocrx_word' id='word_1_58' title='bbox 565 938 665 1016; x_wconf 82' lang='grc' dir='ltr'><strong>γὰρ</strong></span> <span class='ocrx_word' id='word_1_59' title='bbox 709 936 983 1019; x_wconf 86' lang='grc' dir='ltr'>βασιλέας,</span> <span class='ocrx_word' id='word_1_60' title='bbox 1020 943 1122 1020; x_wconf 65' lang='grc' dir='ltr'>οὐχ</span> <span class='ocrx_word' id='word_1_61' title='bbox 1164 940 1335 1017; x_wconf 71' lang='grc' dir='ltr'>ἱερέας</span> <span class='ocrx_word' id='word_1_62' title='bbox 1367 954 1543 999; x_wconf 74' lang='grc' dir='ltr'>ποιεῖ.</span> 
     </span>
    </p>
   </div>
   <div class='ocr_carea' id='block_1_12' title="bbox 364 1204 1920 1282">
    <p class='ocr_par' dir='ltr' id='par_1_12' title="bbox 364 1204 1920 1282">
     <span class='ocr_line' id='line_1_12' title="bbox 364 1204 1920 1282; baseline 0.002 -20"><span class='ocrx_word' id='word_1_63' title='bbox 364 1204 487 1278; x_wconf 60' lang='lat' dir='ltr'><strong>KC’</strong></span> <span class='ocrx_word' id='word_1_64' title='bbox 552 1207 649 1264; x_wconf 79' lang='grc' dir='ltr'>Καὶ</span> <span class='ocrx_word' id='word_1_65' title='bbox 691 1208 889 1273; x_wconf 80' lang='grc' dir='ltr'>ταύτην</span> <span class='ocrx_word' id='word_1_66' title='bbox 928 1205 982 1262; x_wconf 69' lang='grc' dir='ltr'>δὲ</span> <span class='ocrx_word' id='word_1_67' title='bbox 1033 1210 1061 1264; x_wconf 85' lang='grc' dir='ltr'><strong>ὁ</strong></span> <span class='ocrx_word' id='word_1_68' title='bbox 1092 1208 1407 1268; x_wconf 81' lang='grc' dir='ltr'>πιστότατος</span> <span class='ocrx_word' id='word_1_69' title='bbox 1441 1206 1716 1272; x_wconf 71' lang='grc' dir='ltr'><strong>Θεοδόσιος</strong></span> <span class='ocrx_word' id='word_1_70' title='bbox 1750 1208 1920 1282; x_wconf 77' lang='grc' dir='ltr'>ἁσμέ-</span> 
     </span>
    </p>
   </div>
   <div class='ocr_carea' id='block_1_13' title="bbox 276 1292 1924 1375">
    <p class='ocr_par' dir='ltr' id='par_1_13' title="bbox 276 1292 1924 1375">
     <span class='ocr_line' id='line_1_13' title="bbox 276 1292 1924 1375; baseline 0.004 -27"><span class='ocrx_word' id='word_1_71' title='bbox 276 1316 381 1358; x_wconf 84' lang='grc' dir='ltr'><strong>νως</strong></span> <span class='ocrx_word' id='word_1_72' title='bbox 451 1292 730 1370; x_wconf 71' lang='grc' dir='ltr'>δεξάμενος</span> <span class='ocrx_word' id='word_1_73' title='bbox 785 1297 882 1363; x_wconf 70' lang='grc' dir='ltr'>τὴν</span> <span class='ocrx_word' id='word_1_74' title='bbox 947 1297 1254 1375; x_wconf 71' lang='grc' dir='ltr'>εἰσήγησιν,</span> <span class='ocrx_word' id='word_1_75' title='bbox 1318 1294 1679 1363; x_wconf 71' lang='grc' dir='ltr'><strong>ἀπεδήλωσεν</strong></span> <span class='ocrx_word' id='word_1_76' title='bbox 1748 1300 1820 1363; x_wconf 83' lang='grc' dir='ltr'>ὡς</span> <span class='ocrx_word' id='word_1_77' title='bbox 1866 1299 1924 1354; x_wconf 70' lang='grc' dir='ltr'>οὗ</span> 
     </span>
    </p>
   </div>
   <div class='ocr_carea' id='block_1_14' title="bbox 273 1384 1919 1464">
    <p class='ocr_par' dir='ltr' id='par_1_14' title="bbox 273 1384 1919 1464">
     <span class='ocr_line' id='line_1_14' title="bbox 273 1384 1919 1464; baseline 0.001 -25"><span class='ocrx_word' id='word_1_78' title='bbox 273 1384 562 1459; x_wconf 77' lang='grc' dir='ltr'>θρασύτητι</span> <span class='ocrx_word' id='word_1_79' title='bbox 607 1386 888 1464; x_wconf 70' lang='grc' dir='ltr'>χρώμενος</span> <span class='ocrx_word' id='word_1_80' title='bbox 939 1384 1081 1441; x_wconf 73' lang='grc' dir='ltr'>ἔνδον</span> <span class='ocrx_word' id='word_1_81' title='bbox 1125 1391 1231 1441; x_wconf 78' lang='grc' dir='ltr'>τῶν</span> <span class='ocrx_word' id='word_1_82' title='bbox 1264 1384 1543 1464; x_wconf 63' lang='grc' dir='ltr'>κιγκλίδων</span> <span class='ocrx_word' id='word_1_83' title='bbox 1596 1387 1919 1463; x_wconf 70' lang='grc' dir='ltr'><strong>μεμένηκεν,</strong></span> 
     </span>
    </p>
   </div>
   <div class='ocr_carea' id='block_1_15' title="bbox 271 1472 1925 1554">
    <p class='ocr_par' dir='ltr' id='par_1_15' title="bbox 271 1472 1925 1554">
     <span class='ocr_line' id='line_1_15' title="bbox 271 1472 1925 1554; baseline 0.002 -26"><span class='ocrx_word' id='word_1_84' title='bbox 271 1472 399 1528; x_wconf 71' lang='grc' dir='ltr'>ἀλλ’</span> <span class='ocrx_word' id='word_1_85' title='bbox 456 1474 511 1529; x_wconf 81' lang='grc' dir='ltr'>ἐν</span> <span class='ocrx_word' id='word_1_86' title='bbox 573 1475 1120 1534; x_wconf 75' lang='grc' dir='ltr'>Κωνσταντινουπόλει</span> <span class='ocrx_word' id='word_1_87' title='bbox 1181 1482 1335 1531; x_wconf 78' lang='grc' dir='ltr'>τοῦτο</span> <span class='ocrx_word' id='word_1_88' title='bbox 1398 1476 1605 1549; x_wconf 81' lang='grc' dir='ltr'>μαθών,</span> <span class='ocrx_word' id='word_1_89' title='bbox 1680 1477 1925 1554; x_wconf 74' lang='grc' dir='ltr'>Τοσαύτη</span> 
     </span>
    </p>
   </div>
   <div class='ocr_carea' id='block_1_16' title="bbox 2013 491 3658 575">
    <p class='ocr_par' dir='ltr' id='par_1_16' title="bbox 2013 491 3658 575">
     <span class='ocr_line' id='line_1_16' title="bbox 2013 491 3658 575; baseline 0.001 -19"><span class='ocrx_word' id='word_1_90' title='bbox 2013 514 2154 556; x_wconf 91' lang='lat' dir='ltr'><strong>num</strong></span> <span class='ocrx_word' id='word_1_91' title='bbox 2202 492 2340 574; x_wconf 90' lang='lat' dir='ltr'><strong>quid</strong></span> <span class='ocrx_word' id='word_1_92' title='bbox 2394 493 2759 573; x_wconf 76' lang='lat' dir='ltr'><strong>postularet,</strong></span> <span class='ocrx_word' id='word_1_93' title='bbox 2817 491 3239 572; x_wconf 79' lang='lat' dir='ltr'><strong>interrogabat.</strong></span> <span class='ocrx_word' id='word_1_94' title='bbox 3294 495 3658 575; x_wconf 83' lang='lat' dir='ltr'><strong>lmperatore</strong></span> 
     </span>
    </p>
   </div>
   <div class='ocr_carea' id='block_1_17' title="bbox 2013 580 3657 662">
    <p class='ocr_par' dir='ltr' id='par_1_17' title="bbox 2013 580 3657 662">
     <span class='ocr_line' id='line_1_17' title="bbox 2013 580 3657 662; baseline 0 -17"><span class='ocrx_word' id='word_1_95' title='bbox 2013 591 2209 646; x_wconf 90' lang='lat' dir='ltr'><strong>autem</strong></span> <span class='ocrx_word' id='word_1_96' title='bbox 2269 581 2711 662; x_wconf 74' lang='lat' dir='ltr'><strong>respondente,</strong></span> <span class='ocrx_word' id='word_1_97' title='bbox 2766 580 3275 662; x_wconf 84' lang='lat' dir='ltr'><strong>participationem</strong></span> <span class='ocrx_word' id='word_1_98' title='bbox 3323 582 3657 645; x_wconf 86' lang='lat' dir='ltr'><strong>divinorum</strong></span> 
     </span>
    </p>
   </div>
   <div class='ocr_carea' id='block_1_18' title="bbox 2015 671 3659 753">
    <p class='ocr_par' dir='ltr' id='par_1_18' title="bbox 2015 671 3659 753">
     <span class='ocr_line' id='line_1_18' title="bbox 2015 671 3659 753; baseline 0 -17"><span class='ocrx_word' id='word_1_99' title='bbox 2015 671 2444 752; x_wconf 70' lang='lat' dir='ltr'><strong>mysteriorum</strong></span> <span class='ocrx_word' id='word_1_100' title='bbox 2468 690 2599 732; x_wconf 91' lang='lat' dir='ltr'><strong>sese</strong></span> <span class='ocrx_word' id='word_1_101' title='bbox 2629 671 2979 753; x_wconf 61' lang='lat' dir='ltr'><strong>praestolari,</strong></span> <span class='ocrx_word' id='word_1_102' title='bbox 3008 671 3340 734; x_wconf 89' lang='lat' dir='ltr'><strong>ministrum</strong></span> <span class='ocrx_word' id='word_1_103' title='bbox 3366 671 3659 736; x_wconf 85' lang='lat' dir='ltr'><strong>adhibens</strong></span> 
     </span>
    </p>
   </div>
   <div class='ocr_carea' id='block_1_19' title="bbox 2014 759 3657 841">
    <p class='ocr_par' dir='ltr' id='par_1_19' title="bbox 2014 759 3657 841">
     <span class='ocr_line' id='line_1_19' title="bbox 2014 759 3657 841; baseline 0.001 -18"><span class='ocrx_word' id='word_1_104' title='bbox 2014 761 2499 824; x_wconf 85' lang='lat' dir='ltr'><strong>arcbidiaconum</strong></span> <span class='ocrx_word' id='word_1_105' title='bbox 2546 760 2704 822; x_wconf 89' lang='lat' dir='ltr'><strong>clare</strong></span> <span class='ocrx_word' id='word_1_106' title='bbox 2738 760 3035 841; x_wconf 89' lang='lat' dir='ltr'><strong>professus</strong></span> <span class='ocrx_word' id='word_1_107' title='bbox 3086 768 3175 823; x_wconf 90' lang='lat' dir='ltr'><strong>est</strong></span> <span class='ocrx_word' id='word_1_108' title='bbox 3208 782 3221 820; x_wconf 89' lang='lat'><strong>:</strong></span> <span class='ocrx_word' id='word_1_109' title='bbox 3275 759 3587 837; x_wconf 86' lang='lat' dir='ltr'><strong>Interiora,</strong></span> <span class='ocrx_word' id='word_1_110' title='bbox 3622 781 3657 825; x_wconf 91' lang='grc' dir='ltr'>ο</span> 
     </span>
    </p>
   </div>
   <div class='ocr_carea' id='block_1_20' title="bbox 2013 848 3656 931">
    <p class='ocr_par' dir='ltr' id='par_1_20' title="bbox 2013 848 3656 931">
     <span class='ocr_line' id='line_1_20' title="bbox 2013 848 3656 931; baseline 0.001 -19"><span class='ocrx_word' id='word_1_111' title='bbox 2013 851 2362 931; x_wconf 84' lang='lat' dir='ltr'><strong>imperator,</strong></span> <span class='ocrx_word' id='word_1_112' title='bbox 2420 849 2536 911; x_wconf 87' lang='lat' dir='ltr'><strong>nisi</strong></span> <span class='ocrx_word' id='word_1_113' title='bbox 2569 848 2702 911; x_wconf 89' lang='lat' dir='ltr'><strong>unis</strong></span> <span class='ocrx_word' id='word_1_114' title='bbox 2731 849 3143 912; x_wconf 85' lang='lat' dir='ltr'><strong>sacerdotibus</strong></span> <span class='ocrx_word' id='word_1_115' title='bbox 3174 869 3290 912; x_wconf 89' lang='lat' dir='ltr'><strong>non</strong></span> <span class='ocrx_word' id='word_1_116' title='bbox 3344 860 3483 914; x_wconf 89' lang='lat' dir='ltr'><strong>sunt</strong></span> <span class='ocrx_word' id='word_1_117' title='bbox 3509 850 3656 914; x_wconf 88' lang='lat' dir='ltr'><strong>ade-</strong></span> 
     </span>
    </p>
   </div>
   <div class='ocr_carea' id='block_1_21' title="bbox 2013 938 3659 1019">
    <p class='ocr_par' dir='ltr' id='par_1_21' title="bbox 2013 938 3659 1019">
     <span class='ocr_line' id='line_1_21' title="bbox 2013 938 3659 1019; baseline 0 -16"><span class='ocrx_word' id='word_1_118' title='bbox 2013 941 2191 1003; x_wconf 90' lang='lat' dir='ltr'><strong>unda.</strong></span> <span class='ocrx_word' id='word_1_119' title='bbox 2224 939 2525 1019; x_wconf 80' lang='lat' dir='ltr'><strong>Egredere</strong></span> <span class='ocrx_word' id='word_1_120' title='bbox 2550 938 2749 1018; x_wconf 87' lang='lat' dir='ltr'><strong>igitur,</strong></span> <span class='ocrx_word' id='word_1_121' title='bbox 2778 948 2836 1000; x_wconf 84' lang='lat' dir='ltr'><strong>et</strong></span> <span class='ocrx_word' id='word_1_122' title='bbox 2858 938 3128 1001; x_wconf 85' lang='lat' dir='ltr'><strong>eamdem</strong></span> <span class='ocrx_word' id='word_1_123' title='bbox 3162 957 3294 1002; x_wconf 88' lang='lat' dir='ltr'><strong>cum</strong></span> <span class='ocrx_word' id='word_1_124' title='bbox 3325 939 3459 1002; x_wconf 81' lang='lat' dir='ltr'><strong>aliis</strong></span> <span class='ocrx_word' id='word_1_125' title='bbox 3492 940 3659 1003; x_wconf 86' lang='lat' dir='ltr'><strong>laicis</strong></span> 
     </span>
    </p>
   </div>
   <div class='ocr_carea' id='block_1_22' title="bbox 2012 1032 3654 1112">
    <p class='ocr_par' dir='ltr' id='par_1_22' title="bbox 2012 1032 3654 1112">
     <span class='ocr_line' id='line_1_22' title="bbox 2012 1032 3654 1112; baseline 0.001 -20"><span class='ocrx_word' id='word_1_126' title='bbox 2012 1032 2325 1092; x_wconf 76' lang='lat' dir='ltr'><strong>stationem</strong></span> <span class='ocrx_word' id='word_1_127' title='bbox 2358 1045 2554 1111; x_wconf 82' lang='lat' dir='ltr'><strong>serva;</strong></span> <span class='ocrx_word' id='word_1_128' title='bbox 2581 1048 2850 1111; x_wconf 87' lang='lat' dir='ltr'><strong>purpura</strong></span> <span class='ocrx_word' id='word_1_129' title='bbox 2873 1033 3028 1091; x_wconf 90' lang='lat' dir='ltr'><strong>enim</strong></span> <span class='ocrx_word' id='word_1_130' title='bbox 3055 1047 3248 1109; x_wconf 89' lang='lat' dir='ltr'><strong>reges,</strong></span> <span class='ocrx_word' id='word_1_131' title='bbox 3274 1048 3654 1112; x_wconf 86' lang='lat' dir='ltr'><strong>nequaquam</strong></span> 
     </span>
    </p>
   </div>
   <div class='ocr_carea' id='block_1_23' title="bbox 2010 1119 2703 1182">
    <p class='ocr_par' dir='ltr' id='par_1_23' title="bbox 2010 1119 2703 1182">
     <span class='ocr_line' id='line_1_23' title="bbox 2010 1119 2703 1182; baseline 0 0"><span class='ocrx_word' id='word_1_132' title='bbox 2010 1139 2147 1182; x_wconf 86' lang='lat' dir='ltr'><strong>vero</strong></span> <span class='ocrx_word' id='word_1_133' title='bbox 2175 1119 2513 1182; x_wconf 84' lang='lat' dir='ltr'><strong>sacerdotes</strong></span> <span class='ocrx_word' id='word_1_134' title='bbox 2546 1121 2703 1182; x_wconf 86' lang='lat' dir='ltr'><strong>facit.</strong></span> 
     </span>
    </p>
   </div>
   <div class='ocr_carea' id='block_1_24' title="bbox 2076 1212 3657 1284">
    <p class='ocr_par' dir='ltr' id='par_1_24' title="bbox 2076 1212 3657 1284">
     <span class='ocr_line' id='line_1_24' title="bbox 2076 1212 3657 1284; baseline -0.001 -12"><span class='ocrx_word' id='word_1_135' title='bbox 2076 1214 2258 1272; x_wconf 79' lang='lat' dir='ltr'><strong>XXVI.</strong></span> <span class='ocrx_word' id='word_1_136' title='bbox 2293 1214 2449 1271; x_wconf 86' lang='lat' dir='ltr'><strong>Hanc</strong></span> <span class='ocrx_word' id='word_1_137' title='bbox 2475 1224 2664 1271; x_wconf 81' lang='lat' dir='ltr'><strong>autem</strong></span> <span class='ocrx_word' id='word_1_138' title='bbox 2698 1212 3196 1284; x_wconf 83' lang='lat' dir='ltr'><strong>compellationem</strong></span> <span class='ocrx_word' id='word_1_139' title='bbox 3230 1213 3491 1271; x_wconf 86' lang='lat' dir='ltr'><strong>similiter</strong></span> <span class='ocrx_word' id='word_1_140' title='bbox 3519 1213 3657 1271; x_wconf 88' lang='lat' dir='ltr'><strong>boni</strong></span> 
     </span>
    </p>
   </div>
   <div class='ocr_carea' id='block_1_25' title="bbox 2007 1297 3656 1381">
    <p class='ocr_par' dir='ltr' id='par_1_25' title="bbox 2007 1297 3656 1381">
     <span class='ocr_line' id='line_1_25' title="bbox 2007 1297 3656 1381; baseline 0.001 -21"><span class='ocrx_word' id='word_1_141' title='bbox 2007 1300 2321 1361; x_wconf 88' lang='lat' dir='ltr'><strong>consulens</strong></span> <span class='ocrx_word' id='word_1_142' title='bbox 2345 1298 2727 1361; x_wconf 84' lang='lat' dir='ltr'><strong>fidelissimus</strong></span> <span class='ocrx_word' id='word_1_143' title='bbox 2754 1297 3362 1373; x_wconf 86' lang='lat' dir='ltr'><strong>Theodosius,centra</strong></span> <span class='ocrx_word' id='word_1_144' title='bbox 3387 1300 3656 1381; x_wconf 80' lang='lat' dir='ltr'><strong>exposuit</strong></span> 
     </span>
    </p>
   </div>
   <div class='ocr_carea' id='block_1_26' title="bbox 2008 1387 3655 1469">
    <p class='ocr_par' dir='ltr' id='par_1_26' title="bbox 2008 1387 3655 1469">
     <span class='ocr_line' id='line_1_26' title="bbox 2008 1387 3655 1469; baseline -0.001 -19"><span class='ocrx_word' id='word_1_145' title='bbox 2008 1408 2125 1450; x_wconf 88' lang='lat' dir='ltr'><strong>non</strong></span> <span class='ocrx_word' id='word_1_146' title='bbox 2142 1388 2473 1450; x_wconf 86' lang='lat' dir='ltr'><strong>temeritate</strong></span> <span class='ocrx_word' id='word_1_147' title='bbox 2491 1389 2643 1449; x_wconf 83' lang='lat' dir='ltr'><strong>intra</strong></span> <span class='ocrx_word' id='word_1_148' title='bbox 2665 1387 2961 1449; x_wconf 81' lang='lat' dir='ltr'><strong>cancellos</strong></span> <span class='ocrx_word' id='word_1_149' title='bbox 2975 1407 3039 1447; x_wconf 90' lang='lat' dir='ltr'><strong>se</strong></span> <span class='ocrx_word' id='word_1_150' title='bbox 3060 1394 3655 1469; x_wconf 85' lang='lat' dir='ltr'><strong>remansisse,verum</strong></span> 
     </span>
    </p>
   </div>
   <div class='ocr_carea' id='block_1_27' title="bbox 2009 1476 3657 1559">
    <p class='ocr_par' dir='ltr' id='par_1_27' title="bbox 2009 1476 3657 1559">
     <span class='ocr_line' id='line_1_27' title="bbox 2009 1476 3657 1559; baseline -0.001 -20"><span class='ocrx_word' id='word_1_151' title='bbox 2009 1478 2145 1559; x_wconf 89' lang='lat' dir='ltr'><strong>quia</strong></span> <span class='ocrx_word' id='word_1_152' title='bbox 2168 1477 2680 1557; x_wconf 87' lang='lat' dir='ltr'><strong>Constantinopoli</strong></span> <span class='ocrx_word' id='word_1_153' title='bbox 2711 1478 2824 1539; x_wconf 89' lang='lat' dir='ltr'><strong>hoc</strong></span> <span class='ocrx_word' id='word_1_154' title='bbox 2852 1476 3167 1539; x_wconf 88' lang='lat' dir='ltr'><strong>didicerat.</strong></span> <span class='ocrx_word' id='word_1_155' title='bbox 3202 1476 3404 1539; x_wconf 70' lang='lat' dir='ltr'><strong>Tanta)</strong></span> <span class='ocrx_word' id='word_1_156' title='bbox 3429 1477 3657 1540; x_wconf 90' lang='lat' dir='ltr'><strong>virtutis</strong></span> 
     </span>
    </p>
   </div>
   <div class='ocr_carea' id='block_1_28' title="bbox 271 1561 1919 1648">
    <p class='ocr_par' dir='ltr' id='par_1_28' title="bbox 271 1561 1919 1644">
     <span class='ocr_line' id='line_1_28' title="bbox 271 1561 1919 1644; baseline 0.001 -25"><span class='ocrx_word' id='word_1_157' title='bbox 271 1565 363 1619; x_wconf 82' lang='grc' dir='ltr'>καὶ</span> <span class='ocrx_word' id='word_1_158' title='bbox 415 1561 710 1640; x_wconf 74' lang='grc' dir='ltr'>τηλικαύτῃ</span> <span class='ocrx_word' id='word_1_159' title='bbox 767 1565 861 1620; x_wconf 73' lang='grc' dir='ltr'><strong>καί</strong></span> <span class='ocrx_word' id='word_1_160' title='bbox 921 1564 1221 1640; x_wconf 77' lang='grc' dir='ltr'>ὁβασιλεὺς</span> <span class='ocrx_word' id='word_1_161' title='bbox 1270 1566 1357 1621; x_wconf 81' lang='grc' dir='ltr'><strong>καὶ</strong></span> <span class='ocrx_word' id='word_1_162' title='bbox 1391 1568 1418 1620; x_wconf 77' lang='grc' dir='ltr'>ὁ</span> <span class='ocrx_word' id='word_1_163' title='bbox 1478 1565 1753 1644; x_wconf 74' lang='grc' dir='ltr'>ἀρχιερεὺς</span> <span class='ocrx_word' id='word_1_164' title='bbox 1815 1563 1919 1620; x_wconf 83' lang='grc' dir='ltr'>διέ-</span> 
     </span>
    </p>
   </div>
   <div class='ocr_carea' id='block_1_29' title="bbox 2009 1561 3654 1648">
    <p class='ocr_par' dir='ltr' id='par_1_29' title="bbox 2009 1565 3654 1648">
     <span class='ocr_line' id='line_1_29' title="bbox 2009 1565 3654 1648; baseline 0 -20"><span class='ocrx_word' id='word_1_165' title='bbox 2009 1577 2065 1628; x_wconf 91' lang='lat' dir='ltr'><strong>et</strong></span> <span class='ocrx_word' id='word_1_166' title='bbox 2095 1569 2418 1648; x_wconf 74' lang='lat' dir='ltr'><strong>imperator</strong></span> <span class='ocrx_word' id='word_1_167' title='bbox 2439 1574 2496 1628; x_wconf 91' lang='lat' dir='ltr'><strong>et</strong></span> <span class='ocrx_word' id='word_1_168' title='bbox 2518 1567 2835 1648; x_wconf 85' lang='lat' dir='ltr'><strong>episcopus</strong></span> <span class='ocrx_word' id='word_1_169' title='bbox 2857 1567 2989 1628; x_wconf 92' lang='lat' dir='ltr'><strong>luce</strong></span> <span class='ocrx_word' id='word_1_170' title='bbox 3012 1565 3333 1645; x_wconf 83' lang='lat' dir='ltr'><strong>fulgebant!</strong></span> <span class='ocrx_word' id='word_1_171' title='bbox 3364 1566 3654 1647; x_wconf 88' lang='lat' dir='ltr'><strong>Equidem</strong></span> 
     </span>
    </p>
   </div>
   <div class='ocr_carea' id='block_1_30' title="bbox 275 1650 1919 1740">
    <p class='ocr_par' dir='ltr' id='par_1_30' title="bbox 275 1650 1919 1734">
     <span class='ocr_line' id='line_1_30' title="bbox 275 1650 1919 1734; baseline 0.003 -28"><span class='ocrx_word' id='word_1_172' title='bbox 275 1650 489 1726; x_wconf 86' lang='grc' dir='ltr'>λαμπον</span> <span class='ocrx_word' id='word_1_173' title='bbox 547 1654 729 1730; x_wconf 79' lang='grc' dir='ltr'>ἀρετῇ·</span> <span class='ocrx_word' id='word_1_174' title='bbox 780 1654 1091 1732; x_wconf 53' lang='grc' dir='ltr'>ἀμφοτέρων</span> <span class='ocrx_word' id='word_1_175' title='bbox 1150 1658 1250 1733; x_wconf 74' lang='grc' dir='ltr'>γὰρ</span> <span class='ocrx_word' id='word_1_176' title='bbox 1309 1655 1476 1734; x_wconf 77' lang='grc' dir='ltr'>ἔγωγε</span> <span class='ocrx_word' id='word_1_177' title='bbox 1549 1654 1776 1732; x_wconf 77' lang='grc' dir='ltr'>ἄγαμαι,</span> <span class='ocrx_word' id='word_1_178' title='bbox 1835 1663 1919 1711; x_wconf 77' lang='grc' dir='ltr'>τοῦ</span> 
     </span>
    </p>
   </div>
   <div class='ocr_carea' id='block_1_31' title="bbox 2009 1650 3653 1740">
    <p class='ocr_par' dir='ltr' id='par_1_31' title="bbox 2011 1655 3653 1740">
     <span class='ocr_line' id='line_1_31' title="bbox 2011 1655 3653 1740; baseline 0 -21"><span class='ocrx_word' id='word_1_179' title='bbox 2011 1658 2165 1719; x_wconf 89' lang='lat' dir='ltr'><strong>enim</strong></span> <span class='ocrx_word' id='word_1_180' title='bbox 2188 1668 2505 1736; x_wconf 89' lang='lat' dir='ltr'><strong>utrumque</strong></span> <span class='ocrx_word' id='word_1_181' title='bbox 2530 1657 2983 1740; x_wconf 82' lang='lat' dir='ltr'><strong>suspicin,hunc</strong></span> <span class='ocrx_word' id='word_1_182' title='bbox 2998 1655 3279 1719; x_wconf 89' lang='lat' dir='ltr'><strong>videlicet</strong></span> <span class='ocrx_word' id='word_1_183' title='bbox 3299 1676 3653 1736; x_wconf 83' lang='lat' dir='ltr'><strong>generosam</strong></span> 
     </span>
    </p>
   </div>
   <div class='ocr_carea' id='block_1_32' title="bbox 274 1741 1919 1827">
    <p class='ocr_par' dir='ltr' id='par_1_32' title="bbox 274 1741 1919 1824">
     <span class='ocr_line' id='line_1_32' title="bbox 274 1741 1919 1824; baseline 0.003 -29"><span class='ocrx_word' id='word_1_184' title='bbox 274 1742 379 1813; x_wconf 74' lang='grc' dir='ltr'>μὲν</span> <span class='ocrx_word' id='word_1_185' title='bbox 421 1741 518 1808; x_wconf 74' lang='grc' dir='ltr'><strong>τὴν</strong></span> <span class='ocrx_word' id='word_1_186' title='bbox 570 1741 887 1824; x_wconf 81' lang='grc' dir='ltr'>παῤῥησίαν,</span> <span class='ocrx_word' id='word_1_187' title='bbox 920 1744 1010 1801; x_wconf 74' lang='grc' dir='ltr'>τοῦ</span> <span class='ocrx_word' id='word_1_188' title='bbox 1062 1743 1117 1801; x_wconf 78' lang='grc' dir='ltr'>δὲ</span> <span class='ocrx_word' id='word_1_189' title='bbox 1173 1750 1272 1813; x_wconf 80' lang='grc' dir='ltr'>τὴν</span> <span class='ocrx_word' id='word_1_190' title='bbox 1318 1747 1627 1802; x_wconf 70' lang='grc' dir='ltr'>εὖπείθειαν*</span> <span class='ocrx_word' id='word_1_191' title='bbox 1683 1744 1775 1800; x_wconf 79' lang='grc' dir='ltr'>καῖ</span> <span class='ocrx_word' id='word_1_192' title='bbox 1834 1750 1919 1800; x_wconf 79' lang='grc' dir='ltr'><strong>τοῦ</strong></span> 
     </span>
    </p>
   </div>
   <div class='ocr_carea' id='block_1_33' title="bbox 2009 1741 3655 1827">
    <p class='ocr_par' dir='ltr' id='par_1_33' title="bbox 2009 1745 3655 1827">
     <span class='ocr_line' id='line_1_33' title="bbox 2009 1745 3655 1827; baseline -0.001 -19"><span class='ocrx_word' id='word_1_193' title='bbox 2009 1746 2083 1808; x_wconf 86' lang='lat' dir='ltr'><strong>ob</strong></span> <span class='ocrx_word' id='word_1_194' title='bbox 2111 1747 2466 1827; x_wconf 84' lang='lat' dir='ltr'><strong>libertatem,</strong></span> <span class='ocrx_word' id='word_1_195' title='bbox 2495 1747 2661 1808; x_wconf 90' lang='lat' dir='ltr'><strong>illum</strong></span> <span class='ocrx_word' id='word_1_196' title='bbox 2686 1765 2824 1809; x_wconf 89' lang='lat' dir='ltr'><strong>vero</strong></span> <span class='ocrx_word' id='word_1_197' title='bbox 2850 1755 3089 1827; x_wconf 87' lang='lat' dir='ltr'><strong>prepter</strong></span> <span class='ocrx_word' id='word_1_198' title='bbox 3109 1746 3340 1808; x_wconf 85' lang='lat' dir='ltr'><strong>facilem</strong></span> <span class='ocrx_word' id='word_1_199' title='bbox 3365 1745 3655 1808; x_wconf 90' lang='lat' dir='ltr'><strong>obedien-</strong></span> 
     </span>
    </p>
   </div>
   <div class='ocr_carea' id='block_1_34' title="bbox 275 1831 1919 1918">
    <p class='ocr_par' dir='ltr' id='par_1_34' title="bbox 275 1831 1919 1915">
     <span class='ocr_line' id='line_1_34' title="bbox 275 1831 1919 1915; baseline 0.002 -31"><span class='ocrx_word' id='word_1_200' title='bbox 275 1832 375 1905; x_wconf 78' lang='grc' dir='ltr'>μὲν</span> <span class='ocrx_word' id='word_1_201' title='bbox 405 1831 503 1898; x_wconf 72' lang='grc' dir='ltr'>τὴν</span> <span class='ocrx_word' id='word_1_202' title='bbox 555 1838 645 1889; x_wconf 75' lang='grc' dir='ltr'>τοῦ</span> <span class='ocrx_word' id='word_1_203' title='bbox 701 1831 864 1902; x_wconf 71' lang='grc' dir='ltr'>ζήὶου</span> <span class='ocrx_word' id='word_1_204' title='bbox 915 1836 1364 1915; x_wconf 83' lang='grc' dir='ltr'>θερμότητα,τοῦ</span> <span class='ocrx_word' id='word_1_205' title='bbox 1423 1832 1476 1889; x_wconf 72' lang='grc' dir='ltr'>δὲ</span> <span class='ocrx_word' id='word_1_206' title='bbox 1528 1835 1625 1901; x_wconf 71' lang='grc' dir='ltr'>τὴν</span> <span class='ocrx_word' id='word_1_207' title='bbox 1682 1834 1777 1901; x_wconf 73' lang='grc' dir='ltr'><strong>τῆς</strong></span> <span class='ocrx_word' id='word_1_208' title='bbox 1829 1835 1919 1889; x_wconf 89' lang='grc' dir='ltr'>πί-</span> 
     </span>
    </p>
   </div>
   <div class='ocr_carea' id='block_1_35' title="bbox 2009 1831 3653 1918">
    <p class='ocr_par' dir='ltr' id='par_1_35' title="bbox 2009 1835 3653 1918">
     <span class='ocr_line' id='line_1_35' title="bbox 2009 1835 3653 1918; baseline 0.001 -21"><span class='ocrx_word' id='word_1_209' title='bbox 2009 1837 2193 1901; x_wconf 86' lang='lat' dir='ltr'><strong>tiam:</strong></span> <span class='ocrx_word' id='word_1_210' title='bbox 2247 1848 2305 1899; x_wconf 90' lang='lat' dir='ltr'><strong>et</strong></span> <span class='ocrx_word' id='word_1_211' title='bbox 2350 1838 2523 1917; x_wconf 84' lang='lat' dir='ltr'><strong>hujus</strong></span> <span class='ocrx_word' id='word_1_212' title='bbox 2572 1837 2812 1918; x_wconf 86' lang='lat' dir='ltr'><strong>quidem</strong></span> <span class='ocrx_word' id='word_1_213' title='bbox 2864 1836 3055 1897; x_wconf 83' lang='lat' dir='ltr'><strong>zelum</strong></span> <span class='ocrx_word' id='word_1_214' title='bbox 3105 1835 3458 1916; x_wconf 81' lang='lat' dir='ltr'><strong>ferventem,</strong></span> <span class='ocrx_word' id='word_1_215' title='bbox 3493 1837 3653 1898; x_wconf 91' lang='lat' dir='ltr'><strong>illius</strong></span> 
     </span>
    </p>
   </div>
   <div class='ocr_carea' id='block_1_36' title="bbox 272 1921 1919 2005">
    <p class='ocr_par' dir='ltr' id='par_1_36' title="bbox 272 1922 1919 2003">
     <span class='ocr_line' id='line_1_36' title="bbox 272 1922 1919 2003; baseline 0.002 -28"><span class='ocrx_word' id='word_1_216' title='bbox 272 1941 441 1984; x_wconf 82' lang='grc' dir='ltr'>στεως</span> <span class='ocrx_word' id='word_1_217' title='bbox 485 1922 842 1998; x_wconf 70' lang='grc' dir='ltr'><strong>καθαρότητα.</strong></span> <span class='ocrx_word' id='word_1_218' title='bbox 897 1923 964 1980; x_wconf 73' lang='grc' dir='ltr'><strong>’Ἀ</strong></span> <span class='ocrx_word' id='word_1_219' title='bbox 1001 1924 1182 1999; x_wconf 82' lang='grc' dir='ltr'>μέντοι</span> <span class='ocrx_word' id='word_1_220' title='bbox 1233 1946 1288 2003; x_wconf 75' lang='grc' dir='ltr'><strong>γε</strong></span> <span class='ocrx_word' id='word_1_221' title='bbox 1346 1926 1446 1980; x_wconf 77' lang='grc' dir='ltr'>ὑπὸ</span> <span class='ocrx_word' id='word_1_222' title='bbox 1478 1926 1571 1981; x_wconf 76' lang='grc' dir='ltr'>τοῦ</span> <span class='ocrx_word' id='word_1_223' title='bbox 1622 1923 1919 1998; x_wconf 79' lang='grc' dir='ltr'>θαυμαστοῦ</span> 
     </span>
    </p>
   </div>
   <div class='ocr_carea' id='block_1_37' title="bbox 2009 1921 3654 2005">
    <p class='ocr_par' dir='ltr' id='par_1_37' title="bbox 2010 1921 3654 2004">
     <span class='ocr_line' id='line_1_37' title="bbox 2010 1921 3654 2004; baseline 0.001 -20"><span class='ocrx_word' id='word_1_224' title='bbox 2010 1945 2147 1987; x_wconf 79' lang='lat' dir='ltr'><strong>vero</strong></span> <span class='ocrx_word' id='word_1_225' title='bbox 2173 1926 2349 1988; x_wconf 85' lang='lat' dir='ltr'><strong>iidem</strong></span> <span class='ocrx_word' id='word_1_226' title='bbox 2376 1924 2855 1996; x_wconf 86' lang='lat' dir='ltr'><strong>sinceram.Quin</strong></span> <span class='ocrx_word' id='word_1_227' title='bbox 2885 1924 3010 1985; x_wconf 87' lang='lat' dir='ltr'><strong>haec</strong></span> <span class='ocrx_word' id='word_1_228' title='bbox 3034 1921 3378 2003; x_wconf 78' lang='lat' dir='ltr'><strong>etiam,qure</strong></span> <span class='ocrx_word' id='word_1_229' title='bbox 3398 1923 3654 2004; x_wconf 89' lang='lat' dir='ltr'><strong>impera-</strong></span> 
     </span>
    </p>
   </div>
   <div class='ocr_carea' id='block_1_38' title="bbox 271 2009 1919 2090">
    <p class='ocr_par' dir='ltr' id='par_1_38' title="bbox 271 2009 1919 2090">
     <span class='ocr_line' id='line_1_38' title="bbox 271 2009 1919 2090; baseline 0.001 -23"><span class='ocrx_word' id='word_1_230' title='bbox 271 2009 592 2088; x_wconf 78' lang='grc' dir='ltr'>Ἀμϐροσίου</span> <span class='ocrx_word' id='word_1_231' title='bbox 659 2011 713 2067; x_wconf 83' lang='grc' dir='ltr'>ἐν</span> <span class='ocrx_word' id='word_1_232' title='bbox 789 2018 856 2089; x_wconf 76' lang='grc' dir='ltr'><strong>τῇ</strong></span> <span class='ocrx_word' id='word_1_233' title='bbox 927 2012 1261 2071; x_wconf 80' lang='grc' dir='ltr'>Μεδιολσὶνων</span> <span class='ocrx_word' id='word_1_234' title='bbox 1326 2016 1352 2069; x_wconf 79' lang='grc' dir='ltr'><strong>ὁ</strong></span> <span class='ocrx_word' id='word_1_235' title='bbox 1408 2013 1654 2090; x_wconf 57' lang='grc' dir='ltr'>βασιλεός</span> <span class='ocrx_word' id='word_1_236' title='bbox 1700 2009 1919 2068; x_wconf 74' lang='grc' dir='ltr'><strong>παιδευ⁴</strong></span> 
     </span>
    </p>
   </div>
   <div class='ocr_carea' id='block_1_39' title="bbox 2009 2009 3657 2090">
    <p class='ocr_par' dir='ltr' id='par_1_39' title="bbox 2009 2011 3657 2077">
     <span class='ocr_line' id='line_1_39' title="bbox 2009 2011 3657 2077; baseline -0.001 -3"><span class='ocrx_word' id='word_1_237' title='bbox 2009 2026 2193 2077; x_wconf 90' lang='lat' dir='ltr'><strong>torem</strong></span> <span class='ocrx_word' id='word_1_238' title='bbox 2245 2015 2354 2076; x_wconf 91' lang='lat' dir='ltr'><strong>sub</strong></span> <span class='ocrx_word' id='word_1_239' title='bbox 2399 2015 2754 2077; x_wconf 87' lang='lat' dir='ltr'><strong>admirando</strong></span> <span class='ocrx_word' id='word_1_240' title='bbox 2806 2012 2908 2074; x_wconf 90' lang='lat' dir='ltr'><strong>illo</strong></span> <span class='ocrx_word' id='word_1_241' title='bbox 2953 2011 3277 2075; x_wconf 87' lang='lat' dir='ltr'><strong>Ambrosio</strong></span> <span class='ocrx_word' id='word_1_242' title='bbox 3325 2011 3657 2075; x_wconf 84' lang='lat' dir='ltr'><strong>edidicerat</strong></span> 
     </span>
    </p>
   </div>
   <div class='ocr_carea' id='block_1_40' title="bbox 273 2100 1919 2183">
    <p class='ocr_par' dir='ltr' id='par_1_40' title="bbox 273 2100 1919 2172">
     <span class='ocr_line' id='line_1_40' title="bbox 273 2100 1919 2172; baseline 0.001 -17"><span class='ocrx_word' id='word_1_243' title='bbox 273 2100 415 2172; x_wconf 93' lang='grc' dir='ltr'>θείη,</span> <span class='ocrx_word' id='word_1_244' title='bbox 460 2105 623 2156; x_wconf 75' lang='grc' dir='ltr'>ταῦτα</span> <span class='ocrx_word' id='word_1_245' title='bbox 660 2101 746 2156; x_wconf 82' lang='grc' dir='ltr'><strong>καί</strong></span> <span class='ocrx_word' id='word_1_246' title='bbox 804 2104 877 2163; x_wconf 86' lang='grc' dir='ltr'><strong>εἰς</strong></span> <span class='ocrx_word' id='word_1_247' title='bbox 927 2103 1023 2170; x_wconf 76' lang='grc' dir='ltr'>τὴν</span> <span class='ocrx_word' id='word_1_248' title='bbox 1087 2101 1640 2161; x_wconf 69' lang='grc' dir='ltr'>Κωνσταντινούπολιν</span> <span class='ocrx_word' id='word_1_249' title='bbox 1689 2100 1919 2158; x_wconf 79' lang='grc' dir='ltr'>ἐπανελ-</span> 
     </span>
    </p>
   </div>
   <div class='ocr_carea' id='block_1_41' title="bbox 2009 2100 3653 2183">
    <p class='ocr_par' dir='ltr' id='par_1_41' title="bbox 2009 2100 3653 2183">
     <span class='ocr_line' id='line_1_41' title="bbox 2009 2100 3653 2183; baseline -0.001 -18"><span class='ocrx_word' id='word_1_250' title='bbox 2009 2103 2341 2182; x_wconf 87' lang='lat' dir='ltr'><strong>Mediolani,</strong></span> <span class='ocrx_word' id='word_1_251' title='bbox 2384 2123 2661 2167; x_wconf 85' lang='lat' dir='ltr'><strong>reversus</strong></span> <span class='ocrx_word' id='word_1_252' title='bbox 2712 2102 3284 2183; x_wconf 85' lang='lat' dir='ltr'><strong>Constantinopolim</strong></span> <span class='ocrx_word' id='word_1_253' title='bbox 3336 2106 3463 2182; x_wconf 89' lang='lat' dir='ltr'><strong>ipsa</strong></span> <span class='ocrx_word' id='word_1_254' title='bbox 3538 2100 3653 2164; x_wconf 83' lang='lat' dir='ltr'><strong>ob-</strong></span> 
     </span>
    </p>
   </div>
   <div class='ocr_carea' id='block_1_42' title="bbox 271 2187 1919 2274">
    <p class='ocr_par' dir='ltr' id='par_1_42' title="bbox 271 2187 1465 2274">
     <span class='ocr_line' id='line_1_42' title="bbox 271 2187 1465 2274; baseline 0.003 -29"><span class='ocrx_word' id='word_1_255' title='bbox 271 2189 381 2245; x_wconf 87' lang='grc' dir='ltr'><strong>θὼν</strong></span> <span class='ocrx_word' id='word_1_256' title='bbox 410 2187 608 2274; x_wconf 77' lang='grc' dir='ltr'>ἐτήρει,</span> <span class='ocrx_word' id='word_1_257' title='bbox 640 2190 726 2246; x_wconf 84' lang='grc' dir='ltr'>καὶ</span> <span class='ocrx_word' id='word_1_258' title='bbox 769 2189 976 2255; x_wconf 71' lang='grc' dir='ltr'>οὖδενὸς</span> <span class='ocrx_word' id='word_1_259' title='bbox 1006 2192 1202 2249; x_wconf 71' lang='grc' dir='ltr'>τούτων</span> <span class='ocrx_word' id='word_1_260' title='bbox 1236 2192 1465 2267; x_wconf 81' lang='grc' dir='ltr'>μεθιὲτο.</span> 
     </span>
    </p>
   </div>
   <div class='ocr_carea' id='block_1_43' title="bbox 2009 2187 3393 2274">
    <p class='ocr_par' dir='ltr' id='par_1_43' title="bbox 2009 2190 3393 2274">
     <span class='ocr_line' id='line_1_43' title="bbox 2009 2190 3393 2274; baseline 0.001 -20"><span class='ocrx_word' id='word_1_261' title='bbox 2009 2194 2285 2273; x_wconf 79' lang='lat' dir='ltr'><strong>servavit,</strong></span> <span class='ocrx_word' id='word_1_262' title='bbox 2320 2213 2513 2274; x_wconf 89' lang='lat' dir='ltr'><strong>neque</strong></span> <span class='ocrx_word' id='word_1_263' title='bbox 2547 2194 2783 2255; x_wconf 90' lang='lat' dir='ltr'><strong>illorum</strong></span> <span class='ocrx_word' id='word_1_264' title='bbox 2816 2190 3018 2253; x_wconf 87' lang='lat' dir='ltr'><strong>omisit</strong></span> <span class='ocrx_word' id='word_1_265' title='bbox 3048 2191 3393 2272; x_wconf 86' lang='lat' dir='ltr'><strong>quidquam.</strong></span> 
     </span>
    </p>
   </div>
   <div class='ocr_carea' id='block_1_44' title="bbox 361 2268 1919 2362">
    <p class='ocr_par' dir='ltr' id='par_1_44' title="bbox 361 2268 1919 2356">
     <span class='ocr_line' id='line_1_44' title="bbox 361 2268 1919 2356; baseline 0 -21"><span class='ocrx_word' id='word_1_266' title='bbox 361 2281 480 2339; x_wconf 74' lang='lat' dir='ltr'><strong>KZ&#39;.</strong></span> <span class='ocrx_word' id='word_1_267' title='bbox 533 2268 756 2356; x_wconf 66' lang='grc' dir='ltr'>Ἐορτῆς</span> <span class='ocrx_word' id='word_1_268' title='bbox 802 2280 899 2356; x_wconf 80' lang='grc' dir='ltr'><strong>γὰρ</strong></span> <span class='ocrx_word' id='word_1_269' title='bbox 931 2282 1088 2339; x_wconf 68' lang='grc' dir='ltr'>αὒτὸν</span> <span class='ocrx_word' id='word_1_270' title='bbox 1145 2284 1303 2338; x_wconf 74' lang='grc' dir='ltr'>πάλιν</span> <span class='ocrx_word' id='word_1_271' title='bbox 1354 2284 1492 2346; x_wconf 83' lang='grc' dir='ltr'>θείας</span> <span class='ocrx_word' id='word_1_272' title='bbox 1551 2281 1602 2345; x_wconf 84' lang='grc' dir='ltr'>ἐς</span> <span class='ocrx_word' id='word_1_273' title='bbox 1628 2282 1720 2336; x_wconf 81' lang='grc' dir='ltr'><strong>τὸν</strong></span> <span class='ocrx_word' id='word_1_274' title='bbox 1778 2284 1919 2337; x_wconf 75' lang='grc' dir='ltr'>θεῖον</span> 
     </span>
    </p>
   </div>
   <div class='ocr_carea' id='block_1_45' title="bbox 2009 2268 3653 2362">
    <p class='ocr_par' dir='ltr' id='par_1_45' title="bbox 2085 2268 3653 2362">
     <span class='ocr_line' id='line_1_45' title="bbox 2085 2268 3653 2362; baseline 0 -19"><span class='ocrx_word' id='word_1_275' title='bbox 2085 2268 2316 2345; x_wconf 82' lang='lat' dir='ltr'><strong>XXVIl.</strong></span> <span class='ocrx_word' id='word_1_276' title='bbox 2345 2268 2577 2344; x_wconf 80' lang='lat' dir='ltr'><strong>Etenim</strong></span> <span class='ocrx_word' id='word_1_277' title='bbox 2602 2281 2856 2362; x_wconf 88' lang='lat' dir='ltr'><strong>quodam</strong></span> <span class='ocrx_word' id='word_1_278' title='bbox 2884 2280 2984 2342; x_wconf 88' lang='lat' dir='ltr'><strong>die</strong></span> <span class='ocrx_word' id='word_1_279' title='bbox 3002 2268 3152 2341; x_wconf 77' lang='lat' dir='ltr'><strong>festo</strong></span> <span class='ocrx_word' id='word_1_280' title='bbox 3170 2268 3305 2342; x_wconf 76' lang='lat' dir='ltr'><strong>eum</strong></span> <span class='ocrx_word' id='word_1_281' title='bbox 3327 2279 3523 2342; x_wconf 87' lang='lat' dir='ltr'><strong>deuuo</strong></span> <span class='ocrx_word' id='word_1_282' title='bbox 3545 2298 3653 2344; x_wconf 86' lang='lat' dir='ltr'><strong>vo-</strong></span> 
     </span>
    </p>
   </div>
   <div class='ocr_carea' id='block_1_46' title="bbox 274 2365 1919 2451">
    <p class='ocr_par' dir='ltr' id='par_1_46' title="bbox 274 2365 1919 2449">
     <span class='ocr_line' id='line_1_46' title="bbox 274 2365 1919 2449; baseline 0.004 -28"><span class='ocrx_word' id='word_1_283' title='bbox 274 2365 512 2443; x_wconf 81' lang='grc' dir='ltr'>ἆγούσης</span> <span class='ocrx_word' id='word_1_284' title='bbox 555 2369 707 2442; x_wconf 78' lang='grc' dir='ltr'>νεὼν,</span> <span class='ocrx_word' id='word_1_285' title='bbox 743 2375 809 2445; x_wconf 78' lang='grc' dir='ltr'><strong>τῇ</strong></span> <span class='ocrx_word' id='word_1_286' title='bbox 852 2371 1093 2448; x_wconf 83' lang='grc' dir='ltr'>ἱερατικῇ</span> <span class='ocrx_word' id='word_1_287' title='bbox 1156 2370 1390 2449; x_wconf 81' lang='grc' dir='ltr'>τραπέζῃ</span> <span class='ocrx_word' id='word_1_288' title='bbox 1449 2371 1512 2426; x_wconf 71' lang='grc' dir='ltr'>τὸ</span> <span class='ocrx_word' id='word_1_289' title='bbox 1570 2368 1709 2446; x_wconf 80' lang='grc' dir='ltr'>δῶρα</span> <span class='ocrx_word' id='word_1_290' title='bbox 1754 2393 1919 2447; x_wconf 85' lang='grc' dir='ltr'>προσ-</span> 
     </span>
    </p>
   </div>
   <div class='ocr_carea' id='block_1_47' title="bbox 2009 2365 3652 2451">
    <p class='ocr_par' dir='ltr' id='par_1_47' title="bbox 2009 2367 3652 2451">
     <span class='ocr_line' id='line_1_47' title="bbox 2009 2367 3652 2451; baseline -0.002 -18"><span class='ocrx_word' id='word_1_291' title='bbox 2009 2380 2183 2433; x_wconf 90' lang='lat' dir='ltr'><strong>cante</strong></span> <span class='ocrx_word' id='word_1_292' title='bbox 2212 2371 2272 2432; x_wconf 91' lang='lat' dir='ltr'><strong>in</strong></span> <span class='ocrx_word' id='word_1_293' title='bbox 2304 2370 2408 2433; x_wconf 90' lang='lat' dir='ltr'><strong>Dei</strong></span> <span class='ocrx_word' id='word_1_294' title='bbox 2439 2370 2748 2451; x_wconf 90' lang='lat' dir='ltr'><strong>templum,</strong></span> <span class='ocrx_word' id='word_1_295' title='bbox 2776 2368 2875 2431; x_wconf 90' lang='lat' dir='ltr'><strong>ubi</strong></span> <span class='ocrx_word' id='word_1_296' title='bbox 2900 2385 3087 2445; x_wconf 56' lang='lat' dir='ltr'><strong>sacrm,</strong></span> <span class='ocrx_word' id='word_1_297' title='bbox 3115 2385 3336 2429; x_wconf 60' lang='lat' dir='ltr'><strong>mensae</strong></span> <span class='ocrx_word' id='word_1_298' title='bbox 3352 2368 3507 2430; x_wconf 90' lang='lat' dir='ltr'><strong>dona</strong></span> <span class='ocrx_word' id='word_1_299' title='bbox 3537 2367 3652 2430; x_wconf 86' lang='lat' dir='ltr'><strong>ob-</strong></span> 
     </span>
    </p>
   </div>
   <div class='ocr_carea' id='block_1_48' title="bbox 273 2456 1919 2540">
    <p class='ocr_par' dir='ltr' id='par_1_48' title="bbox 273 2456 1919 2532">
     <span class='ocr_line' id='line_1_48' title="bbox 273 2456 1919 2532; baseline 0.003 -22"><span class='ocrx_word' id='word_1_300' title='bbox 273 2456 507 2532; x_wconf 73' lang='grc' dir='ltr'>ενεγκὼι</span> <span class='ocrx_word' id='word_1_301' title='bbox 585 2459 727 2518; x_wconf 71' lang='grc' dir='ltr'>εὐθὺς</span> <span class='ocrx_word' id='word_1_302' title='bbox 804 2458 1076 2526; x_wconf 66' lang='grc' dir='ltr'>ἐληλύθει.</span> <span class='ocrx_word' id='word_1_303' title='bbox 1169 2468 1272 2518; x_wconf 75' lang='grc' dir='ltr'><strong>Τοῦ</strong></span> <span class='ocrx_word' id='word_1_304' title='bbox 1355 2459 1407 2516; x_wconf 75' lang='grc' dir='ltr'>δὲ</span> <span class='ocrx_word' id='word_1_305' title='bbox 1466 2465 1563 2527; x_wconf 75' lang='grc' dir='ltr'><strong>τῆς</strong></span> <span class='ocrx_word' id='word_1_306' title='bbox 1639 2460 1919 2527; x_wconf 73' lang='grc' dir='ltr'>ἐκκλησίας</span> 
     </span>
    </p>
   </div>
   <div class='ocr_carea' id='block_1_49' title="bbox 2009 2456 3653 2540">
    <p class='ocr_par' dir='ltr' id='par_1_49' title="bbox 2010 2457 3653 2540">
     <span class='ocr_line' id='line_1_49' title="bbox 2010 2457 3653 2540; baseline 0.001 -20"><span class='ocrx_word' id='word_1_307' title='bbox 2010 2460 2161 2535; x_wconf 89' lang='lat' dir='ltr'><strong>tulit,</strong></span> <span class='ocrx_word' id='word_1_308' title='bbox 2195 2461 2394 2522; x_wconf 87' lang='lat' dir='ltr'><strong>statim</strong></span> <span class='ocrx_word' id='word_1_309' title='bbox 2449 2477 2757 2539; x_wconf 85' lang='lat' dir='ltr'><strong>regressus</strong></span> <span class='ocrx_word' id='word_1_310' title='bbox 2788 2466 2902 2522; x_wconf 86' lang='lat' dir='ltr'><strong>est.</strong></span> <span class='ocrx_word' id='word_1_311' title='bbox 2952 2457 3236 2520; x_wconf 71' lang='lat' dir='ltr'><strong>Ecclesiae</strong></span> <span class='ocrx_word' id='word_1_312' title='bbox 3264 2465 3461 2519; x_wconf 87' lang='lat' dir='ltr'><strong>autem</strong></span> <span class='ocrx_word' id='word_1_313' title='bbox 3493 2475 3653 2540; x_wconf 70' lang='lat' dir='ltr'><strong>prte-</strong></span> 
     </span>
    </p>
   </div>
   <div class='ocr_carea' id='block_1_50' title="bbox 276 2544 1919 2626">
    <p class='ocr_par' dir='ltr' id='par_1_50' title="bbox 276 2544 1919 2626">
     <span class='ocr_line' id='line_1_50' title="bbox 276 2544 1919 2626; baseline 0.002 -26"><span class='ocrx_word' id='word_1_314' title='bbox 276 2544 553 2626; x_wconf 83' lang='grc' dir='ltr'>προὲδρου,</span> <span class='ocrx_word' id='word_1_315' title='bbox 588 2547 874 2625; x_wconf 75' lang='grc' dir='ltr'>Νεκτσίριος</span> <span class='ocrx_word' id='word_1_316' title='bbox 933 2548 988 2605; x_wconf 79' lang='grc' dir='ltr'>δὲ</span> <span class='ocrx_word' id='word_1_317' title='bbox 1047 2556 1337 2617; x_wconf 75' lang='grc' dir='ltr'>τηνικαῦτα</span> <span class='ocrx_word' id='word_1_318' title='bbox 1389 2550 1476 2624; x_wconf 74' lang='grc' dir='ltr'><strong>ἦν,</strong></span> <span class='ocrx_word' id='word_1_319' title='bbox 1521 2551 1581 2607; x_wconf 87' lang='grc' dir='ltr'>Τί</span> <span class='ocrx_word' id='word_1_320' title='bbox 1630 2547 1764 2616; x_wconf 81' lang='grc' dir='ltr'>δῆτα</span> <span class='ocrx_word' id='word_1_321' title='bbox 1816 2551 1919 2624; x_wconf 74' lang='grc' dir='ltr'>μὴν</span> 
     </span>
    </p>
   </div>
   <div class='ocr_carea' id='block_1_51' title="bbox 2009 2544 3648 2626">
    <p class='ocr_par' dir='ltr' id='par_1_51' title="bbox 2009 2545 3648 2625">
     <span class='ocr_line' id='line_1_51' title="bbox 2009 2545 3648 2625; baseline -0.001 -15"><span class='ocrx_word' id='word_1_322' title='bbox 2009 2549 2158 2625; x_wconf 86' lang='lat' dir='ltr'><strong>side,</strong></span> <span class='ocrx_word' id='word_1_323' title='bbox 2192 2548 2243 2613; x_wconf 90' lang='lat' dir='ltr'><strong>is</strong></span> <span class='ocrx_word' id='word_1_324' title='bbox 2290 2568 2428 2613; x_wconf 89' lang='lat' dir='ltr'><strong>vero</strong></span> <span class='ocrx_word' id='word_1_325' title='bbox 2478 2554 2604 2612; x_wconf 87' lang='lat' dir='ltr'><strong>erat</strong></span> <span class='ocrx_word' id='word_1_326' title='bbox 2650 2556 2791 2611; x_wconf 89' lang='lat' dir='ltr'><strong>tunc</strong></span> <span class='ocrx_word' id='word_1_327' title='bbox 2842 2545 3648 2625; x_wconf 86' lang='lat' dir='ltr'><strong>Nectarius,interrogaute:</strong></span> 
     </span>
    </p>
   </div>
   <div class='ocr_carea' id='block_1_52' title="bbox 268 2635 1919 2720">
    <p class='ocr_par' dir='ltr' id='par_1_52' title="bbox 268 2635 1919 2720">
     <span class='ocr_line' id='line_1_52' title="bbox 268 2635 1919 2720; baseline 0.004 -32"><span class='ocrx_word' id='word_1_328' title='bbox 268 2635 580 2709; x_wconf 81' lang='grc' dir='ltr'>μεμένηκας</span> <span class='ocrx_word' id='word_1_329' title='bbox 637 2636 829 2715; x_wconf 69' lang='grc' dir='ltr'>ἔνδονς</span> <span class='ocrx_word' id='word_1_330' title='bbox 880 2637 1246 2719; x_wconf 71' lang='grc' dir='ltr'><strong>δηλώσαντος,</strong></span> <span class='ocrx_word' id='word_1_331' title='bbox 1292 2639 1619 2720; x_wconf 74' lang='grc' dir='ltr'>δυσχεράνας</span> <span class='ocrx_word' id='word_1_332' title='bbox 1679 2642 1705 2695; x_wconf 78' lang='grc' dir='ltr'>ὁ</span> <span class='ocrx_word' id='word_1_333' title='bbox 1763 2641 1919 2716; x_wconf 80' lang='grc' dir='ltr'>βασι-</span> 
     </span>
    </p>
   </div>
   <div class='ocr_carea' id='block_1_53' title="bbox 2009 2635 3653 2720">
    <p class='ocr_par' dir='ltr' id='par_1_53' title="bbox 2009 2635 3653 2717">
     <span class='ocr_line' id='line_1_53' title="bbox 2009 2635 3653 2717; baseline 0.001 -17"><span class='ocrx_word' id='word_1_334' title='bbox 2009 2639 2202 2711; x_wconf 86' lang='lat' dir='ltr'><strong>Quare</strong></span> <span class='ocrx_word' id='word_1_335' title='bbox 2228 2649 2283 2700; x_wconf 92' lang='lat' dir='ltr'><strong>tu</strong></span> <span class='ocrx_word' id='word_1_336' title='bbox 2312 2638 2471 2700; x_wconf 89' lang='lat' dir='ltr'><strong>intus</strong></span> <span class='ocrx_word' id='word_1_337' title='bbox 2497 2657 2618 2701; x_wconf 86' lang='lat' dir='ltr'><strong>non</strong></span> <span class='ocrx_word' id='word_1_338' title='bbox 2641 2635 2980 2699; x_wconf 88' lang='lat' dir='ltr'><strong>remansisti</strong></span> <span class='ocrx_word' id='word_1_339' title='bbox 3004 2635 3035 2696; x_wconf 82' lang='lat' dir='ltr'><strong>‘I</strong></span> <span class='ocrx_word' id='word_1_340' title='bbox 3056 2635 3382 2717; x_wconf 83' lang='lat' dir='ltr'><strong>imperator</strong></span> <span class='ocrx_word' id='word_1_341' title='bbox 3404 2635 3653 2701; x_wconf 88' lang='lat' dir='ltr'><strong>moleste</strong></span> 
     </span>
    </p>
   </div>
   <div class='ocr_carea' id='block_1_54' title="bbox 268 2724 1919 2811">
    <p class='ocr_par' dir='ltr' id='par_1_54' title="bbox 268 2725 1919 2811">
     <span class='ocr_line' id='line_1_54' title="bbox 268 2725 1919 2811; baseline -0.002 -20"><span class='ocrx_word' id='word_1_342' title='bbox 268 2725 414 2801; x_wconf 70' lang='grc' dir='ltr'>λεὺς,</span> <span class='ocrx_word' id='word_1_343' title='bbox 453 2726 644 2807; x_wconf 82' lang='grc' dir='ltr'>Μόλις,</span> <span class='ocrx_word' id='word_1_344' title='bbox 690 2727 817 2808; x_wconf 71' lang='grc' dir='ltr'>ἔφη,</span> <span class='ocrx_word' id='word_1_345' title='bbox 844 2728 1105 2806; x_wconf 80' lang='grc' dir='ltr'>βασιλέως</span> <span class='ocrx_word' id='word_1_346' title='bbox 1164 2732 1253 2788; x_wconf 79' lang='grc' dir='ltr'>καὶ</span> <span class='ocrx_word' id='word_1_347' title='bbox 1282 2731 1462 2807; x_wconf 78' lang='grc' dir='ltr'>ἱερέως</span> <span class='ocrx_word' id='word_1_348' title='bbox 1520 2728 1804 2811; x_wconf 77' lang='grc' dir='ltr'>ἐδιδάχθην</span> <span class='ocrx_word' id='word_1_349' title='bbox 1864 2731 1919 2787; x_wconf 72' lang='grc' dir='ltr'>τὸ</span> 
     </span>
    </p>
   </div>
   <div class='ocr_carea' id='block_1_55' title="bbox 2009 2724 3649 2811">
    <p class='ocr_par' dir='ltr' id='par_1_55' title="bbox 2010 2724 3649 2808">
     <span class='ocr_line' id='line_1_55' title="bbox 2010 2724 3649 2808; baseline -0.002 -18"><span class='ocrx_word' id='word_1_350' title='bbox 2010 2729 2227 2791; x_wconf 90' lang='lat' dir='ltr'><strong>ferens:</strong></span> <span class='ocrx_word' id='word_1_351' title='bbox 2267 2728 2415 2801; x_wconf 83' lang='lat' dir='ltr'><strong>Quid</strong></span> <span class='ocrx_word' id='word_1_352' title='bbox 2440 2728 2595 2789; x_wconf 89' lang='lat' dir='ltr'><strong>inter</strong></span> <span class='ocrx_word' id='word_1_353' title='bbox 2625 2727 3072 2808; x_wconf 87' lang='lat' dir='ltr'><strong>imperatorem,</strong></span> <span class='ocrx_word' id='word_1_354' title='bbox 3098 2725 3310 2807; x_wconf 90' lang='lat' dir='ltr'><strong>inquit,</strong></span> <span class='ocrx_word' id='word_1_355' title='bbox 3337 2731 3397 2786; x_wconf 88' lang='lat' dir='ltr'><strong>et</strong></span> <span class='ocrx_word' id='word_1_356' title='bbox 3415 2724 3649 2806; x_wconf 88' lang='lat' dir='ltr'><strong>episco-</strong></span> 
     </span>
    </p>
   </div>
   <div class='ocr_carea' id='block_1_56' title="bbox 269 2813 1919 2900">
    <p class='ocr_par' dir='ltr' id='par_1_56' title="bbox 269 2813 1916 2900">
     <span class='ocr_line' id='line_1_56' title="bbox 269 2813 1916 2900; baseline 0.002 -30"><span class='ocrx_word' id='word_1_357' title='bbox 269 2813 455 2888; x_wconf 61' lang='grc' dir='ltr'>μέσον</span> <span class='ocrx_word' id='word_1_358' title='bbox 514 2819 629 2873; x_wconf 64' lang='grc' dir='ltr'>ἐπεὶ</span> <span class='ocrx_word' id='word_1_359' title='bbox 673 2819 760 2874; x_wconf 84' lang='grc' dir='ltr'>καὶ</span> <span class='ocrx_word' id='word_1_360' title='bbox 832 2819 988 2895; x_wconf 87' lang='grc' dir='ltr'>μόλις</span> <span class='ocrx_word' id='word_1_361' title='bbox 1048 2821 1195 2900; x_wconf 83' lang='grc' dir='ltr'>εὗρον</span> <span class='ocrx_word' id='word_1_362' title='bbox 1252 2818 1503 2886; x_wconf 69' lang='grc' dir='ltr'>ἀληθείας</span> <span class='ocrx_word' id='word_1_363' title='bbox 1575 2817 1916 2893; x_wconf 73' lang='grc' dir='ltr'>διδάσκαλον,</span> 
     </span>
    </p>
   </div>
   <div class='ocr_carea' id='block_1_57' title="bbox 2009 2813 3650 2900">
    <p class='ocr_par' dir='ltr' id='par_1_57' title="bbox 2009 2813 3650 2898">
     <span class='ocr_line' id='line_1_57' title="bbox 2009 2813 3650 2898; baseline -0.002 -19"><span class='ocrx_word' id='word_1_364' title='bbox 2009 2837 2141 2898; x_wconf 91' lang='lat' dir='ltr'><strong>pum</strong></span> <span class='ocrx_word' id='word_1_365' title='bbox 2175 2822 2250 2879; x_wconf 90' lang='lat' dir='ltr'><strong>sit</strong></span> <span class='ocrx_word' id='word_1_366' title='bbox 2281 2816 2700 2897; x_wconf 86' lang='lat' dir='ltr'><strong>discrimimis,</strong></span> <span class='ocrx_word' id='word_1_367' title='bbox 2727 2817 2819 2877; x_wconf 87' lang='lat' dir='ltr'><strong>vix</strong></span> <span class='ocrx_word' id='word_1_368' title='bbox 2855 2813 3090 2877; x_wconf 88' lang='lat' dir='ltr'><strong>tandem</strong></span> <span class='ocrx_word' id='word_1_369' title='bbox 3115 2813 3297 2875; x_wconf 90' lang='lat' dir='ltr'><strong>didici</strong></span> <span class='ocrx_word' id='word_1_370' title='bbox 3324 2831 3341 2891; x_wconf 88' lang='lat'><strong>;</strong></span> <span class='ocrx_word' id='word_1_371' title='bbox 3372 2813 3650 2894; x_wconf 89' lang='lat' dir='ltr'><strong>quoniam</strong></span> 
     </span>
    </p>
   </div>
   <div class='ocr_carea' id='block_1_58' title="bbox 269 2901 1919 2986">
    <p class='ocr_par' dir='ltr' id='par_1_58' title="bbox 269 2901 1915 2984">
     <span class='ocr_line' id='line_1_58' title="bbox 269 2901 1915 2984; baseline 0.005 -24"><span class='ocrx_word' id='word_1_372' title='bbox 269 2901 588 2983; x_wconf 76' lang='grc' dir='ltr'>Ἀμϐρόσιον</span> <span class='ocrx_word' id='word_1_373' title='bbox 676 2906 840 2982; x_wconf 88' lang='grc' dir='ltr'>μόνον</span> <span class='ocrx_word' id='word_1_374' title='bbox 928 2907 1218 2967; x_wconf 76' lang='grc' dir='ltr'>ἐπίσκοπον</span> <span class='ocrx_word' id='word_1_375' title='bbox 1319 2909 1474 2974; x_wconf 82' lang='grc' dir='ltr'>ἀξίως</span> <span class='ocrx_word' id='word_1_376' title='bbox 1561 2907 1915 2984; x_wconf 66' lang='grc' dir='ltr'>καλούμενον.</span> 
     </span>
    </p>
   </div>
   <div class='ocr_carea' id='block_1_59' title="bbox 2009 2901 3650 2986">
    <p class='ocr_par' dir='ltr' id='par_1_59' title="bbox 2009 2901 3650 2986">
     <span class='ocr_line' id='line_1_59' title="bbox 2009 2901 3650 2986; baseline 0 -21"><span class='ocrx_word' id='word_1_377' title='bbox 2009 2905 2267 2968; x_wconf 87' lang='lat' dir='ltr'><strong>veritatis</strong></span> <span class='ocrx_word' id='word_1_378' title='bbox 2297 2907 2637 2986; x_wconf 90' lang='lat' dir='ltr'><strong>magistrum</strong></span> <span class='ocrx_word' id='word_1_379' title='bbox 2670 2903 2993 2966; x_wconf 83' lang='lat' dir='ltr'><strong>difﬁculter</strong></span> <span class='ocrx_word' id='word_1_380' title='bbox 3013 2901 3239 2984; x_wconf 89' lang='lat' dir='ltr'><strong>inveni,</strong></span> <span class='ocrx_word' id='word_1_381' title='bbox 3266 2901 3650 2965; x_wconf 85' lang='lat' dir='ltr'><strong>Ambrosium</strong></span> 
     </span>
    </p>
   </div>
   <div class='ocr_carea' id='block_1_60' title="bbox 271 2987 1919 3082">
    <p class='ocr_par' dir='ltr' id='par_1_60' title="bbox 271 2998 1919 3082">
     <span class='ocr_line' id='line_1_60' title="bbox 271 2998 1919 3082; baseline 0.001 -27"><span class='ocrx_word' id='word_1_382' title='bbox 271 3005 527 3055; x_wconf 73' lang='grc' dir='ltr'><strong>Τοσοῦτον</strong></span> <span class='ocrx_word' id='word_1_383' title='bbox 570 2998 754 3067; x_wconf 71' lang='grc' dir='ltr'>ὄνησιν</span> <span class='ocrx_word' id='word_1_384' title='bbox 786 3000 1014 3082; x_wconf 74' lang='grc' dir='ltr'>ἔλεγχος</span> <span class='ocrx_word' id='word_1_385' title='bbox 1057 3003 1196 3082; x_wconf 81' lang='grc' dir='ltr'>πορὰ</span> <span class='ocrx_word' id='word_1_386' title='bbox 1256 3000 1439 3080; x_wconf 80' lang='grc' dir='ltr'>ἂνδρος</span> <span class='ocrx_word' id='word_1_387' title='bbox 1470 3000 1634 3080; x_wconf 82' lang='grc' dir='ltr'>ἁρετῇ</span> <span class='ocrx_word' id='word_1_388' title='bbox 1689 2999 1919 3076; x_wconf 78' lang='grc' dir='ltr'>διαλάμ-</span> 
     </span>
    </p>
   </div>
   <div class='ocr_carea' id='block_1_61' title="bbox 2009 2987 3652 3082">
    <p class='ocr_par' dir='ltr' id='par_1_61' title="bbox 2009 2987 3652 3082">
     <span class='ocr_line' id='line_1_61' title="bbox 2009 2987 3652 3082; baseline -0.002 -25"><span class='ocrx_word' id='word_1_389' title='bbox 2009 2995 2255 3069; x_wconf 87' lang='lat' dir='ltr'><strong>scilicet,</strong></span> <span class='ocrx_word' id='word_1_390' title='bbox 2282 2995 2383 3076; x_wconf 90' lang='lat' dir='ltr'><strong>qui</strong></span> <span class='ocrx_word' id='word_1_391' title='bbox 2416 2995 2577 3057; x_wconf 93' lang='lat' dir='ltr'><strong>solus</strong></span> <span class='ocrx_word' id='word_1_392' title='bbox 2611 2993 2789 3073; x_wconf 83' lang='lat' dir='ltr'><strong>digne</strong></span> <span class='ocrx_word' id='word_1_393' title='bbox 2826 3000 3063 3082; x_wconf 79' lang='lat' dir='ltr'><strong>vocatur</strong></span> <span class='ocrx_word' id='word_1_394' title='bbox 3091 2990 3426 3073; x_wconf 86' lang='lat' dir='ltr'><strong>episcopus.</strong></span> <span class='ocrx_word' id='word_1_395' title='bbox 3452 2987 3652 3082; x_wconf 79' lang='lat' dir='ltr'><strong>Usque</strong></span> 
     </span>
    </p>
   </div>
   <div class='ocr_carea' id='block_1_62' title="bbox 271 3079 3654 3166">
    <p class='ocr_par' dir='ltr' id='par_1_62' title="bbox 271 3079 3654 3166">
     <span class='ocr_line' id='line_1_62' title="bbox 271 3079 3654 3166; baseline 0.001 -24"><span class='ocrx_word' id='word_1_396' title='bbox 271 3108 487 3151; x_wconf 78' lang='grc' dir='ltr'>ποντος.</span> <span class='ocrx_word' id='word_1_397' title='bbox 1134 3079 1143 3082; x_wconf 41' lang='grc'>⁷</span> <span class='ocrx_word' id='word_1_398' title='bbox 1352 3079 1357 3080; x_wconf 24' lang='grc' dir='ltr'><strong>ί</strong></span> <span class='ocrx_word' id='word_1_399' title='bbox 1509 3079 1515 3080; x_wconf 23' lang='grc' dir='ltr'><strong>ί</strong></span> <span class='ocrx_word' id='word_1_400' title='bbox 1934 3141 1974 3166; x_wconf 61' lang='grc' dir='ltr'>η</span> <span class='ocrx_word' id='word_1_401' title='bbox 2002 3085 2150 3148; x_wconf 91' lang='lat' dir='ltr'><strong>adeo</strong></span> <span class='ocrx_word' id='word_1_402' title='bbox 2202 3090 2496 3166; x_wconf 87' lang='lat' dir='ltr'><strong>correptio</strong></span> <span class='ocrx_word' id='word_1_403' title='bbox 2532 3084 2797 3165; x_wconf 79' lang='lat' dir='ltr'><strong>prodest,</strong></span> <span class='ocrx_word' id='word_1_404' title='bbox 2833 3100 2964 3164; x_wconf 56' lang='lat' dir='ltr'><strong>quas</strong></span> <span class='ocrx_word' id='word_1_405' title='bbox 3013 3079 3088 3144; x_wconf 89' lang='lat' dir='ltr'><strong>ab</strong></span> <span class='ocrx_word' id='word_1_406' title='bbox 3151 3082 3394 3143; x_wconf 86' lang='lat' dir='ltr'><strong>homine</strong></span> <span class='ocrx_word' id='word_1_407' title='bbox 3436 3081 3654 3145; x_wconf 85' lang='lat' dir='ltr'><strong>virtute</strong></span> 
     </span>
    </p>
   </div>
   <div class='ocr_carea' id='block_1_63' title="bbox 1934 3141 2615 3256">
    <p class='ocr_par' dir='ltr' id='par_1_63' title="bbox 1934 3141 2615 3256">
     <span class='ocr_line' id='line_1_63' title="bbox 1934 3141 2615 3256; baseline 0 -19"><span class='ocrx_word' id='word_1_408' title='bbox 1934 3141 1977 3196; x_wconf 75' lang='grc' dir='ltr'>ο</span> <span class='ocrx_word' id='word_1_409' title='bbox 2001 3141 2162 3237; x_wconf 59' lang='grc' dir='ltr'>ξιὶιὶῖ)</span> <span class='ocrx_word' id='word_1_410' title='bbox 2195 3141 2615 3256; x_wconf 42' lang='lat' dir='ltr'><strong>agragas;</strong></span> 
     </span>
    </p>
   </div>
   <div class='ocr_carea' id='block_1_64' title="bbox 354 3260 1919 3348">
    <p class='ocr_par' dir='ltr' id='par_1_64' title="bbox 354 3265 1915 3348">
     <span class='ocr_line' id='line_1_64' title="bbox 354 3265 1915 3348; baseline 0 -24"><span class='ocrx_word' id='word_1_411' title='bbox 354 3265 494 3331; x_wconf 81' lang='lat' dir='ltr'><strong>KH’.</strong></span> <span class='ocrx_word' id='word_1_412' title='bbox 562 3268 700 3347; x_wconf 78' lang='grc' dir='ltr'><strong>Εἶχε</strong></span> <span class='ocrx_word' id='word_1_413' title='bbox 734 3268 820 3325; x_wconf 86' lang='grc' dir='ltr'><strong>καὶ</strong></span> <span class='ocrx_word' id='word_1_414' title='bbox 878 3269 1114 3348; x_wconf 70' lang='grc' dir='ltr'>ἀφορμὲν</span> <span class='ocrx_word' id='word_1_415' title='bbox 1168 3268 1338 3336; x_wconf 79' lang='grc' dir='ltr'>ἄλλην</span> <span class='ocrx_word' id='word_1_416' title='bbox 1382 3268 1639 3346; x_wconf 71' lang='grc' dir='ltr'>ὠφελείας</span> <span class='ocrx_word' id='word_1_417' title='bbox 1675 3271 1702 3325; x_wconf 83' lang='grc' dir='ltr'>ὁ</span> <span class='ocrx_word' id='word_1_418' title='bbox 1759 3269 1915 3345; x_wconf 87' lang='grc' dir='ltr'>βασι-</span> 
     </span>
    </p>
   </div>
   <div class='ocr_carea' id='block_1_65' title="bbox 2009 3260 3652 3348">
    <p class='ocr_par' dir='ltr' id='par_1_65' title="bbox 2077 3260 3652 3345">
     <span class='ocr_line' id='line_1_65' title="bbox 2077 3260 3652 3345; baseline -0.001 -19"><span class='ocrx_word' id='word_1_419' title='bbox 2077 3263 2337 3328; x_wconf 83' lang='lat' dir='ltr'><strong>XXVIII.</strong></span> <span class='ocrx_word' id='word_1_420' title='bbox 2391 3264 2525 3327; x_wconf 88' lang='lat' dir='ltr'><strong>Alia</strong></span> <span class='ocrx_word' id='word_1_421' title='bbox 2577 3282 2816 3345; x_wconf 90' lang='lat' dir='ltr'><strong>quoque</strong></span> <span class='ocrx_word' id='word_1_422' title='bbox 2848 3262 3194 3342; x_wconf 89' lang='lat' dir='ltr'><strong>imperatori</strong></span> <span class='ocrx_word' id='word_1_423' title='bbox 3242 3260 3354 3325; x_wconf 86' lang='lat' dir='ltr'><strong>fuit</strong></span> <span class='ocrx_word' id='word_1_424' title='bbox 3383 3260 3652 3324; x_wconf 85' lang='lat' dir='ltr'><strong>utilitatis</strong></span> 
     </span>
    </p>
   </div>
   <div class='ocr_carea' id='block_1_66' title="bbox 267 3350 1919 3437">
    <p class='ocr_par' dir='ltr' id='par_1_66' title="bbox 267 3353 1914 3437">
     <span class='ocr_line' id='line_1_66' title="bbox 267 3353 1914 3437; baseline 0.002 -26"><span class='ocrx_word' id='word_1_425' title='bbox 267 3353 391 3418; x_wconf 76' lang='grc' dir='ltr'>λεὺς</span> <span class='ocrx_word' id='word_1_426' title='bbox 444 3355 633 3419; x_wconf 67' lang='grc' dir='ltr'>οὕτως’</span> <span class='ocrx_word' id='word_1_427' title='bbox 687 3360 722 3427; x_wconf 78' lang='grc' dir='ltr'>ἡ</span> <span class='ocrx_word' id='word_1_428' title='bbox 755 3358 854 3437; x_wconf 79' lang='grc' dir='ltr'><strong>γὰρ</strong></span> <span class='ocrx_word' id='word_1_429' title='bbox 898 3359 1115 3436; x_wconf 81' lang='grc' dir='ltr'>σόζυγος</span> <span class='ocrx_word' id='word_1_430' title='bbox 1169 3369 1351 3417; x_wconf 83' lang='grc' dir='ltr'>τούτου</span> <span class='ocrx_word' id='word_1_431' title='bbox 1399 3365 1506 3414; x_wconf 81' lang='grc' dir='ltr'>τῶν</span> <span class='ocrx_word' id='word_1_432' title='bbox 1554 3362 1704 3416; x_wconf 85' lang='grc' dir='ltr'>θείων</span> <span class='ocrx_word' id='word_1_433' title='bbox 1759 3360 1914 3415; x_wconf 79' lang='grc' dir='ltr'>αὑτὸν</span> 
     </span>
    </p>
   </div>
   <div class='ocr_carea' id='block_1_67' title="bbox 2009 3350 3654 3437">
    <p class='ocr_par' dir='ltr' id='par_1_67' title="bbox 2009 3350 3654 3434">
     <span class='ocr_line' id='line_1_67' title="bbox 2009 3350 3654 3434; baseline -0.003 -17"><span class='ocrx_word' id='word_1_434' title='bbox 2009 3352 2517 3417; x_wconf 78' lang='lat' dir='ltr'><strong>causa.Enimvero</strong></span> <span class='ocrx_word' id='word_1_435' title='bbox 2542 3354 2728 3434; x_wconf 85' lang='lat' dir='ltr'><strong>ipsius</strong></span> <span class='ocrx_word' id='word_1_436' title='bbox 2745 3353 2961 3433; x_wconf 82' lang='lat' dir='ltr'><strong>conjux</strong></span> <span class='ocrx_word' id='word_1_437' title='bbox 2993 3350 3243 3413; x_wconf 85' lang='lat' dir='ltr'><strong>adsidue</strong></span> <span class='ocrx_word' id='word_1_438' title='bbox 3265 3350 3432 3413; x_wconf 89' lang='lat' dir='ltr'><strong>illum</strong></span> <span class='ocrx_word' id='word_1_439' title='bbox 3455 3351 3654 3413; x_wconf 89' lang='lat' dir='ltr'><strong>admo-</strong></span> 
     </span>
    </p>
   </div>
   <div class='ocr_carea' id='block_1_68' title="bbox 272 3440 1919 3529">
    <p class='ocr_par' dir='ltr' id='par_1_68' title="bbox 272 3445 1911 3529">
     <span class='ocr_line' id='line_1_68' title="bbox 272 3445 1911 3529; baseline 0.001 -27"><span class='ocrx_word' id='word_1_440' title='bbox 272 3451 514 3524; x_wconf 77' lang='grc' dir='ltr'>συνεχῶς</span> <span class='ocrx_word' id='word_1_441' title='bbox 562 3445 924 3523; x_wconf 80' lang='grc' dir='ltr'>ἀνεμίμνησκε</span> <span class='ocrx_word' id='word_1_442' title='bbox 968 3447 1168 3529; x_wconf 83' lang='grc' dir='ltr'>νόμων,</span> <span class='ocrx_word' id='word_1_443' title='bbox 1203 3448 1502 3529; x_wconf 77' lang='grc' dir='ltr'>φιλοπόνως</span> <span class='ocrx_word' id='word_1_444' title='bbox 1559 3449 1753 3515; x_wconf 77' lang='grc' dir='ltr'>ἑαυτὴν</span> <span class='ocrx_word' id='word_1_445' title='bbox 1785 3449 1911 3504; x_wconf 85' lang='grc' dir='ltr'>τού-</span> 
     </span>
    </p>
   </div>
   <div class='ocr_carea' id='block_1_69' title="bbox 2009 3440 3654 3529">
    <p class='ocr_par' dir='ltr' id='par_1_69' title="bbox 2009 3440 3654 3529">
     <span class='ocr_line' id='line_1_69' title="bbox 2009 3440 3654 3529; baseline -0.002 -24"><span class='ocrx_word' id='word_1_446' title='bbox 2009 3445 2174 3505; x_wconf 80' lang='lat' dir='ltr'><strong>nebat</strong></span> <span class='ocrx_word' id='word_1_447' title='bbox 2203 3443 2417 3506; x_wconf 79' lang='lat' dir='ltr'><strong>divinae</strong></span> <span class='ocrx_word' id='word_1_448' title='bbox 2450 3443 2616 3523; x_wconf 80' lang='lat' dir='ltr'><strong>legis,</strong></span> <span class='ocrx_word' id='word_1_449' title='bbox 2652 3443 2714 3504; x_wconf 91' lang='lat' dir='ltr'><strong>in</strong></span> <span class='ocrx_word' id='word_1_450' title='bbox 2764 3461 2880 3522; x_wconf 90' lang='lat' dir='ltr'><strong>qua</strong></span> <span class='ocrx_word' id='word_1_451' title='bbox 2912 3459 2978 3504; x_wconf 90' lang='lat' dir='ltr'><strong>se</strong></span> <span class='ocrx_word' id='word_1_452' title='bbox 3027 3441 3218 3520; x_wconf 88' lang='lat' dir='ltr'><strong>ipsam</strong></span> <span class='ocrx_word' id='word_1_453' title='bbox 3249 3440 3569 3529; x_wconf 86' lang='lat' dir='ltr'><strong>diligenter</strong></span> <span class='ocrx_word' id='word_1_454' title='bbox 3597 3440 3654 3502; x_wconf 90' lang='lat' dir='ltr'><strong>ei</strong></span> 
     </span>
    </p>
   </div>
   <div class='ocr_carea' id='block_1_70' title="bbox 269 3533 1911 3616">
    <p class='ocr_par' dir='ltr' id='par_1_70' title="bbox 269 3533 1911 3616">
     <span class='ocr_line' id='line_1_70' title="bbox 269 3533 1911 3616; baseline 0.001 -25"><span class='ocrx_word' id='word_1_455' title='bbox 269 3555 387 3598; x_wconf 83' lang='grc' dir='ltr'>τοις</span> <span class='ocrx_word' id='word_1_456' title='bbox 435 3535 520 3592; x_wconf 80' lang='grc' dir='ltr'><strong>καὶ</strong></span> <span class='ocrx_word' id='word_1_457' title='bbox 566 3538 697 3608; x_wconf 81' lang='grc' dir='ltr'>πρὸς</span> <span class='ocrx_word' id='word_1_458' title='bbox 758 3533 1019 3616; x_wconf 79' lang='grc' dir='ltr'>ἀκρίϐειαν</span> <span class='ocrx_word' id='word_1_459' title='bbox 1069 3536 1436 3608; x_wconf 77' lang='grc' dir='ltr'>ἐκπονήσασαο</span> <span class='ocrx_word' id='word_1_460' title='bbox 1495 3538 1553 3592; x_wconf 76' lang='grc' dir='ltr'>οὗ</span> <span class='ocrx_word' id='word_1_461' title='bbox 1607 3538 1707 3615; x_wconf 74' lang='grc' dir='ltr'><strong>γὰρ</strong></span> <span class='ocrx_word' id='word_1_462' title='bbox 1777 3540 1911 3604; x_wconf 77' lang='grc' dir='ltr'><strong>ἓπῆ-</strong></span> 
     </span>
    </p>
   </div>
   <div class='ocr_carea' id='block_1_71' title="bbox 267 3623 1911 3702">
    <p class='ocr_par' dir='ltr' id='par_1_71' title="bbox 267 3623 1911 3702">
     <span class='ocr_line' id='line_1_71' title="bbox 267 3623 1911 3702; baseline 0 -23"><span class='ocrx_word' id='word_1_463' title='bbox 267 3645 358 3701; x_wconf 83' lang='grc' dir='ltr'><strong>ρεν</strong></span> <span class='ocrx_word' id='word_1_464' title='bbox 399 3624 562 3682; x_wconf 68' lang='grc' dir='ltr'>αὐτὴν</span> <span class='ocrx_word' id='word_1_465' title='bbox 590 3630 689 3691; x_wconf 79' lang='grc' dir='ltr'>τῆς</span> <span class='ocrx_word' id='word_1_466' title='bbox 742 3626 1019 3702; x_wconf 79' lang='grc' dir='ltr'>βασιλείας</span> <span class='ocrx_word' id='word_1_467' title='bbox 1049 3627 1082 3693; x_wconf 76' lang='grc' dir='ltr'><strong>ἡ</strong></span> <span class='ocrx_word' id='word_1_468' title='bbox 1135 3623 1428 3699; x_wconf 78' lang='grc' dir='ltr'>δυναστεία,</span> <span class='ocrx_word' id='word_1_469' title='bbox 1460 3624 1596 3681; x_wconf 80' lang='grc' dir='ltr'>ἀλλὰ</span> <span class='ocrx_word' id='word_1_470' title='bbox 1642 3627 1731 3681; x_wconf 81' lang='grc' dir='ltr'>τὸν</span> <span class='ocrx_word' id='word_1_471' title='bbox 1763 3628 1911 3681; x_wconf 76' lang='grc' dir='ltr'>θεῖον</span> 
     </span>
    </p>
   </div>
   <div class='ocr_carea' id='block_1_72' title="bbox 266 3712 1909 3795">
    <p class='ocr_par' dir='ltr' id='par_1_72' title="bbox 266 3712 1909 3795">
     <span class='ocr_line' id='line_1_72' title="bbox 266 3712 1909 3795; baseline -0.001 -25"><span class='ocrx_word' id='word_1_472' title='bbox 266 3712 431 3770; x_wconf 80' lang='grc' dir='ltr'>πλέον</span> <span class='ocrx_word' id='word_1_473' title='bbox 481 3713 715 3771; x_wconf 83' lang='grc' dir='ltr'>ἐνέκαιεν</span> <span class='ocrx_word' id='word_1_474' title='bbox 768 3713 959 3794; x_wconf 77' lang='grc' dir='ltr'>ἔρωτα⁶</span> <span class='ocrx_word' id='word_1_475' title='bbox 1034 3717 1131 3782; x_wconf 76' lang='grc' dir='ltr'>τῆς</span> <span class='ocrx_word' id='word_1_476' title='bbox 1181 3717 1280 3795; x_wconf 79' lang='grc' dir='ltr'><strong>γὰρ</strong></span> <span class='ocrx_word' id='word_1_477' title='bbox 1325 3716 1621 3793; x_wconf 71' lang='grc' dir='ltr'>εὐεργεσίας</span> <span class='ocrx_word' id='word_1_478' title='bbox 1678 3715 1738 3770; x_wconf 86' lang='grc' dir='ltr'>τὸ</span> <span class='ocrx_word' id='word_1_479' title='bbox 1812 3712 1909 3789; x_wconf 86' lang='grc' dir='ltr'>μέ-</span> 
     </span>
    </p>
   </div>
   <div class='ocr_carea' id='block_1_73' title="bbox 265 3800 1910 3883">
    <p class='ocr_par' dir='ltr' id='par_1_73' title="bbox 265 3800 1910 3883">
     <span class='ocr_line' id='line_1_73' title="bbox 265 3800 1910 3883; baseline -0.001 -24"><span class='ocrx_word' id='word_1_480' title='bbox 265 3807 418 3882; x_wconf 78' lang='grc' dir='ltr'>γεθος</span> <span class='ocrx_word' id='word_1_481' title='bbox 477 3803 666 3880; x_wconf 77' lang='grc' dir='ltr'>μεῖζον</span> <span class='ocrx_word' id='word_1_482' title='bbox 717 3805 776 3861; x_wconf 80' lang='grc' dir='ltr'>τὸ</span> <span class='ocrx_word' id='word_1_483' title='bbox 824 3803 949 3883; x_wconf 67' lang='grc' dir='ltr'>περί</span> <span class='ocrx_word' id='word_1_484' title='bbox 1002 3806 1092 3862; x_wconf 78' lang='grc' dir='ltr'>τὸν</span> <span class='ocrx_word' id='word_1_485' title='bbox 1151 3805 1429 3883; x_wconf 66' lang='grc' dir='ltr'>εὐεργέτην</span> <span class='ocrx_word' id='word_1_486' title='bbox 1474 3804 1741 3882; x_wconf 80' lang='grc' dir='ltr'>εἰργάζετο</span> <span class='ocrx_word' id='word_1_487' title='bbox 1785 3800 1910 3882; x_wconf 78' lang='grc' dir='ltr'>φίλ-</span> 
     </span>
    </p>
   </div>
   <div class='ocr_carea' id='block_1_74' title="bbox 264 3892 1913 3977">
    <p class='ocr_par' dir='ltr' id='par_1_74' title="bbox 264 3892 1913 3977">
     <span class='ocr_line' id='line_1_74' title="bbox 264 3892 1913 3977; baseline -0.001 -27"><span class='ocrx_word' id='word_1_488' title='bbox 264 3915 411 3971; x_wconf 84' lang='grc' dir='ltr'>τρον.</span> <span class='ocrx_word' id='word_1_489' title='bbox 475 3898 667 3952; x_wconf 76' lang='grc' dir='ltr'>Αὖτίκα</span> <span class='ocrx_word' id='word_1_490' title='bbox 697 3900 822 3972; x_wconf 80' lang='grc' dir='ltr'>γοῦν</span> <span class='ocrx_word' id='word_1_491' title='bbox 871 3895 958 3951; x_wconf 85' lang='grc' dir='ltr'><strong>καὶ</strong></span> <span class='ocrx_word' id='word_1_492' title='bbox 1019 3902 1125 3951; x_wconf 75' lang='grc' dir='ltr'>τῶν</span> <span class='ocrx_word' id='word_1_493' title='bbox 1179 3897 1241 3950; x_wconf 83' lang='grc' dir='ltr'>τὸ</span> <span class='ocrx_word' id='word_1_494' title='bbox 1285 3900 1440 3969; x_wconf 83' lang='grc' dir='ltr'>σῶμα</span> <span class='ocrx_word' id='word_1_495' title='bbox 1485 3892 1913 3977; x_wconf 76' lang='grc' dir='ltr'>πεπηρωμένων,</span> 
     </span>
    </p>
   </div>
   <div class='ocr_carea' id='block_1_75' title="bbox 264 3981 1914 4060">
    <p class='ocr_par' dir='ltr' id='par_1_75' title="bbox 264 3981 1914 4060">
     <span class='ocr_line' id='line_1_75' title="bbox 264 3981 1914 4060; baseline -0.001 -21"><span class='ocrx_word' id='word_1_496' title='bbox 264 3985 355 4040; x_wconf 85' lang='grc' dir='ltr'><strong>καὶ</strong></span> <span class='ocrx_word' id='word_1_497' title='bbox 410 3983 618 4040; x_wconf 80' lang='grc' dir='ltr'>ἃπαντα</span> <span class='ocrx_word' id='word_1_498' title='bbox 661 3984 727 4039; x_wconf 80' lang='grc' dir='ltr'><strong>τὰ</strong></span> <span class='ocrx_word' id='word_1_499' title='bbox 771 3982 913 4060; x_wconf 85' lang='grc' dir='ltr'>μέλη</span> <span class='ocrx_word' id='word_1_500' title='bbox 956 3982 1344 4060; x_wconf 70' lang='grc' dir='ltr'>λελωϐημένων</span> <span class='ocrx_word' id='word_1_501' title='bbox 1374 3981 1716 4050; x_wconf 77' lang='grc' dir='ltr'>παντοδαπὴν</span> <span class='ocrx_word' id='word_1_502' title='bbox 1759 3983 1914 4039; x_wconf 82' lang='grc' dir='ltr'>ἐποι-</span> 
     </span>
    </p>
   </div>
   <div class='ocr_carea' id='block_1_76' title="bbox 273 4071 1914 4154">
    <p class='ocr_par' dir='ltr' id='par_1_76' title="bbox 273 4071 1914 4154">
     <span class='ocr_line' id='line_1_76' title="bbox 273 4071 1914 4154; baseline 0 -26"><span class='ocrx_word' id='word_1_503' title='bbox 273 4085 391 4128; x_wconf 74' lang='grc' dir='ltr'>εῖτο</span> <span class='ocrx_word' id='word_1_504' title='bbox 448 4071 717 4150; x_wconf 71' lang='grc' dir='ltr'>φροντίδα,</span> <span class='ocrx_word' id='word_1_505' title='bbox 767 4077 863 4131; x_wconf 74' lang='grc' dir='ltr'><strong>οὒκ</strong></span> <span class='ocrx_word' id='word_1_506' title='bbox 904 4072 1157 4148; x_wconf 80' lang='grc' dir='ltr'>οἰκέταις,</span> <span class='ocrx_word' id='word_1_507' title='bbox 1191 4073 1306 4131; x_wconf 73' lang='grc' dir='ltr'>οὐδέ</span> <span class='ocrx_word' id='word_1_508' title='bbox 1366 4072 1668 4154; x_wconf 69' lang='grc' dir='ltr'>δορυφόροις</span> <span class='ocrx_word' id='word_1_509' title='bbox 1714 4074 1914 4149; x_wconf 75' lang='grc' dir='ltr'>ὑπουρ-</span> 
     </span>
    </p>
   </div>
   <div class='ocr_carea' id='block_1_77' title="bbox 270 4160 1916 4242">
    <p class='ocr_par' dir='ltr' id='par_1_77' title="bbox 270 4160 1916 4242">
     <span class='ocr_line' id='line_1_77' title="bbox 270 4160 1916 4242; baseline -0.001 -25"><span class='ocrx_word' id='word_1_510' title='bbox 270 4174 396 4241; x_wconf 81' lang='grc' dir='ltr'>γοῖς</span> <span class='ocrx_word' id='word_1_511' title='bbox 442 4161 784 4241; x_wconf 80' lang='grc' dir='ltr'>κεχρημένη,</span> <span class='ocrx_word' id='word_1_512' title='bbox 836 4160 956 4218; x_wconf 80' lang='grc' dir='ltr'>ἀλλ’</span> <span class='ocrx_word' id='word_1_513' title='bbox 1018 4164 1300 4242; x_wconf 78' lang='grc' dir='ltr'>αὐτουργὸς</span> <span class='ocrx_word' id='word_1_514' title='bbox 1366 4162 1643 4241; x_wconf 77' lang='grc' dir='ltr'>γινομένη,</span> <span class='ocrx_word' id='word_1_515' title='bbox 1701 4164 1785 4219; x_wconf 87' lang='grc' dir='ltr'><strong>καὶ</strong></span> <span class='ocrx_word' id='word_1_516' title='bbox 1843 4166 1916 4224; x_wconf 78' lang='grc' dir='ltr'><strong>εἰς</strong></span> 
     </span>
    </p>
   </div>
   <div class='ocr_carea' id='block_1_78' title="bbox 267 4252 1918 4333">
    <p class='ocr_par' dir='ltr' id='par_1_78' title="bbox 267 4252 1918 4333">
     <span class='ocr_line' id='line_1_78' title="bbox 267 4252 1918 4333; baseline 0.001 -26"><span class='ocrx_word' id='word_1_517' title='bbox 267 4252 365 4315; x_wconf 82' lang='grc' dir='ltr'>τὰς</span> <span class='ocrx_word' id='word_1_518' title='bbox 437 4252 637 4308; x_wconf 83' lang='grc' dir='ltr'>τούτων</span> <span class='ocrx_word' id='word_1_519' title='bbox 707 4253 1027 4332; x_wconf 77' lang='grc' dir='ltr'>καταγωγὰς</span> <span class='ocrx_word' id='word_1_520' title='bbox 1097 4252 1480 4333; x_wconf 74' lang='grc' dir='ltr'>ἀφικνουμένη,</span> <span class='ocrx_word' id='word_1_521' title='bbox 1553 4254 1639 4309; x_wconf 89' lang='grc' dir='ltr'><strong>καὶ</strong></span> <span class='ocrx_word' id='word_1_522' title='bbox 1708 4252 1918 4323; x_wconf 77' lang='grc' dir='ltr'>ἑκάστῳ</span> 
     </span>
    </p>
   </div>
   <div class='ocr_carea' id='block_1_79' title="bbox 1996 3528 3654 3608">
    <p class='ocr_par' dir='ltr' id='par_1_79' title="bbox 1996 3528 3654 3608">
     <span class='ocr_line' id='line_1_79' title="bbox 1996 3528 3654 3608; baseline -0.004 -13"><span class='ocrx_word' id='word_1_523' title='bbox 1996 3544 2276 3596; x_wconf 73' lang='lat' dir='ltr'><strong>accurate</strong></span> <span class='ocrx_word' id='word_1_524' title='bbox 2326 3542 2700 3596; x_wconf 77' lang='lat' dir='ltr'><strong>exercuerat.</strong></span> <span class='ocrx_word' id='word_1_525' title='bbox 2732 3530 2854 3594; x_wconf 84' lang='lat' dir='ltr'><strong>Nec</strong></span> <span class='ocrx_word' id='word_1_526' title='bbox 2889 3530 3048 3593; x_wconf 86' lang='lat' dir='ltr'><strong>enim</strong></span> <span class='ocrx_word' id='word_1_527' title='bbox 3081 3530 3242 3591; x_wconf 89' lang='lat' dir='ltr'><strong>illam</strong></span> <span class='ocrx_word' id='word_1_528' title='bbox 3273 3528 3510 3607; x_wconf 88' lang='lat' dir='ltr'><strong>imperii</strong></span> <span class='ocrx_word' id='word_1_529' title='bbox 3541 3546 3654 3608; x_wconf 83' lang='lat' dir='ltr'><strong>po-</strong></span> 
     </span>
    </p>
   </div>
   <div class='ocr_carea' id='block_1_80' title="bbox 1999 3614 3652 3697">
    <p class='ocr_par' dir='ltr' id='par_1_80' title="bbox 1999 3614 3652 3697">
     <span class='ocr_line' id='line_1_80' title="bbox 1999 3614 3652 3697; baseline -0.003 -14"><span class='ocrx_word' id='word_1_530' title='bbox 1999 3631 2176 3683; x_wconf 87' lang='lat' dir='ltr'><strong>testas</strong></span> <span class='ocrx_word' id='word_1_531' title='bbox 2208 3622 2580 3697; x_wconf 84' lang='lat' dir='ltr'><strong>exstollebat,</strong></span> <span class='ocrx_word' id='word_1_532' title='bbox 2610 3621 2710 3683; x_wconf 88' lang='lat' dir='ltr'><strong>sed</strong></span> <span class='ocrx_word' id='word_1_533' title='bbox 2748 3620 2808 3681; x_wconf 87' lang='lat' dir='ltr'><strong>in</strong></span> <span class='ocrx_word' id='word_1_534' title='bbox 2844 3638 2913 3682; x_wconf 90' lang='lat' dir='ltr'><strong>ea</strong></span> <span class='ocrx_word' id='word_1_535' title='bbox 2945 3618 3131 3696; x_wconf 87' lang='lat' dir='ltr'><strong>magis</strong></span> <span class='ocrx_word' id='word_1_536' title='bbox 3157 3614 3652 3679; x_wconf 83' lang='lat' dir='ltr'><strong>accendebatDei</strong></span> 
     </span>
    </p>
   </div>
   <div class='ocr_carea' id='block_1_81' title="bbox 1993 3705 3647 3789">
    <p class='ocr_par' dir='ltr' id='par_1_81' title="bbox 1993 3705 3647 3789">
     <span class='ocr_line' id='line_1_81' title="bbox 1993 3705 3647 3789; baseline -0.003 -16"><span class='ocrx_word' id='word_1_537' title='bbox 1993 3729 2298 3784; x_wconf 86' lang='lat' dir='ltr'><strong>amorem;</strong></span> <span class='ocrx_word' id='word_1_538' title='bbox 2334 3712 2672 3789; x_wconf 87' lang='lat' dir='ltr'><strong>magnitudo</strong></span> <span class='ocrx_word' id='word_1_539' title='bbox 2697 3710 2855 3772; x_wconf 74' lang='lat' dir='ltr'><strong>etiim</strong></span> <span class='ocrx_word' id='word_1_540' title='bbox 2892 3707 3168 3770; x_wconf 72' lang='lat' dir='ltr'><strong>beneficii</strong></span> <span class='ocrx_word' id='word_1_541' title='bbox 3200 3724 3343 3785; x_wconf 89' lang='lat' dir='ltr'><strong>erga</strong></span> <span class='ocrx_word' id='word_1_542' title='bbox 3376 3705 3647 3785; x_wconf 84' lang='lat' dir='ltr'><strong>ejusdem</strong></span> 
     </span>
    </p>
   </div>
   <div class='ocr_carea' id='block_1_82' title="bbox 1997 3794 3646 3879">
    <p class='ocr_par' dir='ltr' id='par_1_82' title="bbox 1997 3794 3646 3879">
     <span class='ocr_line' id='line_1_82' title="bbox 1997 3794 3646 3879; baseline -0.004 -16"><span class='ocrx_word' id='word_1_543' title='bbox 1997 3812 2303 3863; x_wconf 85' lang='lat' dir='ltr'><strong>auctorem</strong></span> <span class='ocrx_word' id='word_1_544' title='bbox 2377 3801 2564 3879; x_wconf 87' lang='lat' dir='ltr'><strong>majus</strong></span> <span class='ocrx_word' id='word_1_545' title='bbox 2621 3802 2842 3860; x_wconf 86' lang='lat' dir='ltr'><strong>amoris</strong></span> <span class='ocrx_word' id='word_1_546' title='bbox 2901 3796 3267 3858; x_wconf 86' lang='lat' dir='ltr'><strong>incentivum</strong></span> <span class='ocrx_word' id='word_1_547' title='bbox 3327 3794 3646 3857; x_wconf 79' lang='lat' dir='ltr'><strong>excitabat.</strong></span> 
     </span>
    </p>
   </div>
   <div class='ocr_carea' id='block_1_83' title="bbox 1999 3883 3649 3966">
    <p class='ocr_par' dir='ltr' id='par_1_83' title="bbox 1999 3883 3649 3966">
     <span class='ocr_line' id='line_1_83' title="bbox 1999 3883 3649 3966; baseline -0.001 -18"><span class='ocrx_word' id='word_1_548' title='bbox 1999 3888 2191 3961; x_wconf 81' lang='lat' dir='ltr'><strong>Quare</strong></span> <span class='ocrx_word' id='word_1_549' title='bbox 2211 3887 2406 3949; x_wconf 91' lang='lat' dir='ltr'><strong>statim</strong></span> <span class='ocrx_word' id='word_1_550' title='bbox 2433 3890 2505 3949; x_wconf 90' lang='lat' dir='ltr'><strong>ab</strong></span> <span class='ocrx_word' id='word_1_551' title='bbox 2522 3887 2689 3949; x_wconf 88' lang='lat' dir='ltr'><strong>initio</strong></span> <span class='ocrx_word' id='word_1_552' title='bbox 2717 3905 2922 3948; x_wconf 90' lang='lat' dir='ltr'><strong>eorum</strong></span> <span class='ocrx_word' id='word_1_553' title='bbox 2943 3887 3043 3966; x_wconf 88' lang='lat' dir='ltr'><strong>qui</strong></span> <span class='ocrx_word' id='word_1_554' title='bbox 3076 3901 3365 3966; x_wconf 87' lang='lat' dir='ltr'><strong>corporea</strong></span> <span class='ocrx_word' id='word_1_555' title='bbox 3385 3883 3649 3946; x_wconf 72' lang='lat' dir='ltr'><strong>caecitate</strong></span> 
     </span>
    </p>
   </div>
   <div class='ocr_carea' id='block_1_84' title="bbox 1998 3971 3645 4052">
    <p class='ocr_par' dir='ltr' id='par_1_84' title="bbox 1998 3971 3645 4052">
     <span class='ocr_line' id='line_1_84' title="bbox 1998 3971 3645 4052; baseline -0.004 -13"><span class='ocrx_word' id='word_1_556' title='bbox 1998 3987 2101 4039; x_wconf 87' lang='lat' dir='ltr'><strong>aut</strong></span> <span class='ocrx_word' id='word_1_557' title='bbox 2132 3976 2534 4038; x_wconf 87' lang='lat' dir='ltr'><strong>membrorum</strong></span> <span class='ocrx_word' id='word_1_558' title='bbox 2569 3975 2834 4037; x_wconf 90' lang='lat' dir='ltr'><strong>omnium</strong></span> <span class='ocrx_word' id='word_1_559' title='bbox 2869 3973 3177 4037; x_wconf 87' lang='lat' dir='ltr'><strong>debilitate</strong></span> <span class='ocrx_word' id='word_1_560' title='bbox 3223 3971 3425 4035; x_wconf 80' lang='lat' dir='ltr'><strong>afflicti</strong></span> <span class='ocrx_word' id='word_1_561' title='bbox 3455 3983 3645 4052; x_wconf 81' lang='lat' dir='ltr'><strong>erant,</strong></span> 
     </span>
    </p>
   </div>
   <div class='ocr_carea' id='block_1_85' title="bbox 2001 4063 3647 4146">
    <p class='ocr_par' dir='ltr' id='par_1_85' title="bbox 2001 4063 3647 4146">
     <span class='ocr_line' id='line_1_85' title="bbox 2001 4063 3647 4146; baseline -0.001 -18"><span class='ocrx_word' id='word_1_562' title='bbox 2001 4066 2402 4128; x_wconf 83' lang='lat' dir='ltr'><strong>omnimodam</strong></span> <span class='ocrx_word' id='word_1_563' title='bbox 2427 4066 2668 4145; x_wconf 83' lang='lat' dir='ltr'><strong>gerebat</strong></span> <span class='ocrx_word' id='word_1_564' title='bbox 2691 4081 3043 4146; x_wconf 83' lang='lat' dir='ltr'><strong>curam,non</strong></span> <span class='ocrx_word' id='word_1_565' title='bbox 3063 4063 3523 4125; x_wconf 89' lang='lat' dir='ltr'><strong>domesticorum</strong></span> <span class='ocrx_word' id='word_1_566' title='bbox 3547 4073 3647 4126; x_wconf 86' lang='lat' dir='ltr'><strong>aut</strong></span> 
     </span>
    </p>
   </div>
   <div class='ocr_carea' id='block_1_86' title="bbox 2001 4152 3645 4237">
    <p class='ocr_par' dir='ltr' id='par_1_86' title="bbox 2001 4152 3645 4237">
     <span class='ocr_line' id='line_1_86' title="bbox 2001 4152 3645 4237; baseline -0.004 -18"><span class='ocrx_word' id='word_1_567' title='bbox 2001 4157 2316 4219; x_wconf 89' lang='lat' dir='ltr'><strong>satellitum</strong></span> <span class='ocrx_word' id='word_1_568' title='bbox 2350 4173 2531 4237; x_wconf 86' lang='lat' dir='ltr'><strong>opera</strong></span> <span class='ocrx_word' id='word_1_569' title='bbox 2562 4164 2756 4236; x_wconf 89' lang='lat' dir='ltr'><strong>utens,</strong></span> <span class='ocrx_word' id='word_1_570' title='bbox 2785 4162 2843 4216; x_wconf 89' lang='lat' dir='ltr'><strong>at</strong></span> <span class='ocrx_word' id='word_1_571' title='bbox 2883 4155 3011 4234; x_wconf 89' lang='lat' dir='ltr'><strong>ipsa</strong></span> <span class='ocrx_word' id='word_1_572' title='bbox 3039 4153 3204 4234; x_wconf 88' lang='lat' dir='ltr'><strong>operi</strong></span> <span class='ocrx_word' id='word_1_573' title='bbox 3235 4171 3445 4215; x_wconf 80' lang='lat' dir='ltr'><strong>manus</strong></span> <span class='ocrx_word' id='word_1_574' title='bbox 3468 4152 3645 4215; x_wconf 86' lang='lat' dir='ltr'><strong>adbi-</strong></span> 
     </span>
    </p>
   </div>
   <div class='ocr_carea' id='block_1_87' title="bbox 2001 4241 3647 4327">
    <p class='ocr_par' dir='ltr' id='par_1_87' title="bbox 2001 4241 3647 4327">
     <span class='ocr_line' id='line_1_87' title="bbox 2001 4241 3647 4327; baseline -0.004 -17"><span class='ocrx_word' id='word_1_575' title='bbox 2001 4248 2174 4324; x_wconf 88' lang='lat' dir='ltr'><strong>bens;</strong></span> <span class='ocrx_word' id='word_1_576' title='bbox 2208 4257 2265 4309; x_wconf 92' lang='lat' dir='ltr'><strong>et</strong></span> <span class='ocrx_word' id='word_1_577' title='bbox 2286 4247 2341 4307; x_wconf 92' lang='lat' dir='ltr'><strong>in</strong></span> <span class='ocrx_word' id='word_1_578' title='bbox 2367 4247 2629 4327; x_wconf 75' lang='lat' dir='ltr'><strong>ipsorum</strong></span> <span class='ocrx_word' id='word_1_579' title='bbox 2658 4245 2891 4324; x_wconf 89' lang='lat' dir='ltr'><strong>tuguria</strong></span> <span class='ocrx_word' id='word_1_580' title='bbox 2916 4242 3146 4322; x_wconf 86' lang='lat' dir='ltr'><strong>ingredi</strong></span> <span class='ocrx_word' id='word_1_581' title='bbox 3178 4260 3297 4304; x_wconf 90' lang='lat' dir='ltr'><strong>non</strong></span> <span class='ocrx_word' id='word_1_582' title='bbox 3331 4241 3647 4320; x_wconf 85' lang='lat' dir='ltr'><strong>dedignata</strong></span> 
     </span>
    </p>
   </div>
   <div class='ocr_carea' id='block_1_88' title="bbox 272 4330 1919 4422">
    <p class='ocr_par' dir='ltr' id='par_1_88' title="bbox 272 4330 1915 4422">
     <span class='ocr_line' id='line_1_88' title="bbox 272 4330 1915 4422; baseline 0.002 -28"><span class='ocrx_word' id='word_1_583' title='bbox 272 4341 374 4408; x_wconf 76' lang='grc' dir='ltr'><strong>τὴν</strong></span> <span class='ocrx_word' id='word_1_584' title='bbox 428 4342 614 4422; x_wconf 85' lang='grc' dir='ltr'>χρείαν</span> <span class='ocrx_word' id='word_1_585' title='bbox 657 4330 959 4421; x_wconf 52' lang='grc' dir='ltr'>πορίζουσας</span> <span class='ocrx_word' id='word_1_586' title='bbox 1011 4330 1158 4410; x_wconf 67' lang='grc' dir='ltr'>Αὕτη</span> <span class='ocrx_word' id='word_1_587' title='bbox 1184 4344 1404 4399; x_wconf 77' lang='grc' dir='ltr'>καὶτῶν</span> <span class='ocrx_word' id='word_1_588' title='bbox 1459 4340 1762 4409; x_wconf 81' lang='grc' dir='ltr'>ἐκκλησιῶν</span> <span class='ocrx_word' id='word_1_589' title='bbox 1793 4344 1915 4406; x_wconf 82' lang='grc' dir='ltr'>τοὺς</span> 
     </span>
    </p>
   </div>
   <div class='ocr_carea' id='block_1_89' title="bbox 2009 4330 3640 4422">
    <p class='ocr_par' dir='ltr' id='par_1_89' title="bbox 2009 4330 3640 4422">
     <span class='ocr_line' id='line_1_89' title="bbox 2009 4330 3640 4422; baseline -0.004 -23"><span class='ocrx_word' id='word_1_590' title='bbox 2009 4338 2321 4414; x_wconf 86' lang='lat' dir='ltr'><strong>unicuique</strong></span> <span class='ocrx_word' id='word_1_591' title='bbox 2370 4335 2711 4398; x_wconf 81' lang='lat' dir='ltr'><strong>necessaria</strong></span> <span class='ocrx_word' id='word_1_592' title='bbox 2767 4331 3212 4422; x_wconf 86' lang='lat' dir='ltr'><strong>suppeditabat.</strong></span> <span class='ocrx_word' id='word_1_593' title='bbox 3275 4333 3406 4422; x_wconf 79' lang='lat' dir='ltr'><strong>Ipsa</strong></span> <span class='ocrx_word' id='word_1_594' title='bbox 3462 4330 3640 4422; x_wconf 81' lang='lat' dir='ltr'><strong>etiam</strong></span> 
     </span>
    </p>
   </div>
   <div class='ocr_carea' id='block_1_90' title="bbox 272 4419 1919 4511">
    <p class='ocr_par' dir='ltr' id='par_1_90' title="bbox 272 4429 1912 4511">
     <span class='ocr_line' id='line_1_90' title="bbox 272 4429 1912 4511; baseline 0 -25"><span class='ocrx_word' id='word_1_595' title='bbox 272 4429 496 4497; x_wconf 71' lang='grc' dir='ltr'>ξενῶνας</span> <span class='ocrx_word' id='word_1_596' title='bbox 564 4441 943 4511; x_wconf 81' lang='grc' dir='ltr'>περινοστοῦσα</span> <span class='ocrx_word' id='word_1_597' title='bbox 986 4433 1234 4511; x_wconf 79' lang='grc' dir='ltr'>ὑπηρέτει</span> <span class='ocrx_word' id='word_1_598' title='bbox 1294 4433 1414 4489; x_wconf 87' lang='grc' dir='ltr'>τότε</span> <span class='ocrx_word' id='word_1_599' title='bbox 1486 4445 1603 4495; x_wconf 75' lang='grc' dir='ltr'>τοῖς</span> <span class='ocrx_word' id='word_1_600' title='bbox 1677 4440 1912 4511; x_wconf 74' lang='grc' dir='ltr'>νοσοῦσι,</span> 
     </span>
    </p>
   </div>
   <div class='ocr_carea' id='block_1_91' title="bbox 2009 4419 3647 4511">
    <p class='ocr_par' dir='ltr' id='par_1_91' title="bbox 2009 4419 3647 4511">
     <span class='ocr_line' id='line_1_91' title="bbox 2009 4419 3647 4511; baseline -0.005 -21"><span class='ocrx_word' id='word_1_601' title='bbox 2009 4426 2389 4490; x_wconf 76' lang='lat' dir='ltr'><strong>ecclesiarum</strong></span> <span class='ocrx_word' id='word_1_602' title='bbox 2425 4423 2848 4488; x_wconf 87' lang='lat' dir='ltr'><strong>circumeundo</strong></span> <span class='ocrx_word' id='word_1_603' title='bbox 2872 4423 3138 4484; x_wconf 89' lang='lat' dir='ltr'><strong>invisens</strong></span> <span class='ocrx_word' id='word_1_604' title='bbox 3175 4419 3454 4501; x_wconf 83' lang='lat' dir='ltr'><strong>hospitia,</strong></span> <span class='ocrx_word' id='word_1_605' title='bbox 3472 4420 3647 4511; x_wconf 80' lang='lat' dir='ltr'><strong>mini-</strong></span> 
     </span>
    </p>
   </div>
   <div class='ocr_carea' id='block_1_92' title="bbox 271 4498 1919 4600">
    <p class='ocr_par' dir='ltr' id='par_1_92' title="bbox 271 4498 1917 4600">
     <span class='ocr_line' id='line_1_92' title="bbox 271 4498 1917 4600; baseline -0.001 -23"><span class='ocrx_word' id='word_1_606' title='bbox 271 4522 361 4577; x_wconf 82' lang='grc' dir='ltr'>καὶ</span> <span class='ocrx_word' id='word_1_607' title='bbox 433 4498 751 4595; x_wconf 69' lang='grc' dir='ltr'>ἐπεμελεῖτο</span> <span class='ocrx_word' id='word_1_608' title='bbox 807 4524 894 4578; x_wconf 77' lang='grc' dir='ltr'>καὶ</span> <span class='ocrx_word' id='word_1_609' title='bbox 972 4498 1273 4599; x_wconf 62' lang='grc' dir='ltr'>ὲθερέὶπευε,</span> <span class='ocrx_word' id='word_1_610' title='bbox 1333 4524 1420 4579; x_wconf 84' lang='grc' dir='ltr'><strong>καὶ</strong></span> <span class='ocrx_word' id='word_1_611' title='bbox 1478 4520 1679 4600; x_wconf 77' lang='grc' dir='ltr'>χύτρας</span> <span class='ocrx_word' id='word_1_612' title='bbox 1741 4498 1917 4577; x_wconf 56' lang='lat' dir='ltr'><strong>ﬁrmo;</strong></span> 
     </span>
    </p>
   </div>
   <div class='ocr_carea' id='block_1_93' title="bbox 2009 4498 3645 4600">
    <p class='ocr_par' dir='ltr' id='par_1_93' title="bbox 2009 4498 3645 4597">
     <span class='ocr_line' id='line_1_93' title="bbox 2009 4498 3645 4597; baseline -0.006 -17"><span class='ocrx_word' id='word_1_613' title='bbox 2009 4518 2229 4580; x_wconf 86' lang='lat' dir='ltr'><strong>strabat</strong></span> <span class='ocrx_word' id='word_1_614' title='bbox 2254 4516 2512 4596; x_wconf 68' lang='lat' dir='ltr'><strong>aegrotis,</strong></span> <span class='ocrx_word' id='word_1_615' title='bbox 2543 4518 2748 4597; x_wconf 88' lang='lat' dir='ltr'><strong>eisque</strong></span> <span class='ocrx_word' id='word_1_616' title='bbox 2779 4513 3130 4594; x_wconf 84' lang='lat' dir='ltr'><strong>obsequium</strong></span> <span class='ocrx_word' id='word_1_617' title='bbox 3158 4519 3217 4572; x_wconf 90' lang='lat' dir='ltr'><strong>et</strong></span> <span class='ocrx_word' id='word_1_618' title='bbox 3245 4498 3446 4572; x_wconf 76' lang='lat' dir='ltr'><strong>curam</strong></span> <span class='ocrx_word' id='word_1_619' title='bbox 3468 4509 3645 4572; x_wconf 81' lang='lat' dir='ltr'><strong>adhi-</strong></span> 
     </span>
    </p>
   </div>
   <div class='ocr_carea' id='block_1_94' title="bbox 274 4600 1919 4691">
    <p class='ocr_par' dir='ltr' id='par_1_94' title="bbox 274 4608 1919 4691">
     <span class='ocr_line' id='line_1_94' title="bbox 274 4608 1919 4691; baseline 0.002 -27"><span class='ocrx_word' id='word_1_620' title='bbox 274 4608 436 4685; x_wconf 88' lang='grc' dir='ltr'>μένη,</span> <span class='ocrx_word' id='word_1_621' title='bbox 502 4610 599 4667; x_wconf 79' lang='grc' dir='ltr'><strong>καί</strong></span> <span class='ocrx_word' id='word_1_622' title='bbox 656 4617 838 4687; x_wconf 74' lang='grc' dir='ltr'>ζὐμου</span> <span class='ocrx_word' id='word_1_623' title='bbox 895 4611 1186 4691; x_wconf 80' lang='grc' dir='ltr'>γευομένη,</span> <span class='ocrx_word' id='word_1_624' title='bbox 1252 4612 1340 4668; x_wconf 83' lang='grc' dir='ltr'><strong>καὶ</strong></span> <span class='ocrx_word' id='word_1_625' title='bbox 1398 4609 1634 4690; x_wconf 79' lang='grc' dir='ltr'>τρυϐλίον</span> <span class='ocrx_word' id='word_1_626' title='bbox 1684 4609 1919 4691; x_wconf 73' lang='grc' dir='ltr'>προσφέ-</span> 
     </span>
    </p>
   </div>
   <div class='ocr_carea' id='block_1_95' title="bbox 2009 4600 3647 4691">
    <p class='ocr_par' dir='ltr' id='par_1_95' title="bbox 2009 4600 3647 4682">
     <span class='ocr_line' id='line_1_95' title="bbox 2009 4600 3647 4682; baseline -0.004 -13"><span class='ocrx_word' id='word_1_627' title='bbox 2009 4606 2385 4681; x_wconf 83' lang='lat' dir='ltr'><strong>bebat,-o!las</strong></span> <span class='ocrx_word' id='word_1_628' title='bbox 2418 4606 2697 4667; x_wconf 89' lang='lat' dir='ltr'><strong>nimirum</strong></span> <span class='ocrx_word' id='word_1_629' title='bbox 2721 4603 3130 4673; x_wconf 84' lang='lat' dir='ltr'><strong>fervefaciens,</strong></span> <span class='ocrx_word' id='word_1_630' title='bbox 3154 4600 3457 4681; x_wconf 89' lang='lat' dir='ltr'><strong>jusculum</strong></span> <span class='ocrx_word' id='word_1_631' title='bbox 3488 4618 3647 4682; x_wconf 69' lang='lat' dir='ltr'><strong>prae-</strong></span> 
     </span>
    </p>
   </div>
   <div class='ocr_carea' id='block_1_96' title="bbox 273 4697 1923 4779">
    <p class='ocr_par' dir='ltr' id='par_1_96' title="bbox 273 4697 1923 4779">
     <span class='ocr_line' id='line_1_96' title="bbox 273 4697 1923 4779; baseline -0.001 -23"><span class='ocrx_word' id='word_1_632' title='bbox 273 4720 456 4779; x_wconf 81' lang='grc' dir='ltr'>ρουσα,</span> <span class='ocrx_word' id='word_1_633' title='bbox 533 4700 622 4757; x_wconf 90' lang='grc' dir='ltr'><strong>καὶ</strong></span> <span class='ocrx_word' id='word_1_634' title='bbox 699 4699 847 4779; x_wconf 78' lang='grc' dir='ltr'>ἔρτον</span> <span class='ocrx_word' id='word_1_635' title='bbox 936 4700 1213 4779; x_wconf 67' lang='grc' dir='ltr'>ὀρέγουσα,</span> <span class='ocrx_word' id='word_1_636' title='bbox 1272 4702 1361 4757; x_wconf 83' lang='grc' dir='ltr'>καὶ</span> <span class='ocrx_word' id='word_1_637' title='bbox 1429 4699 1619 4757; x_wconf 79' lang='grc' dir='ltr'>κύλικα</span> <span class='ocrx_word' id='word_1_638' title='bbox 1684 4697 1923 4770; x_wconf 71' lang='grc' dir='ltr'>διασμήιο</span> 
     </span>
    </p>
   </div>
   <div class='ocr_carea' id='block_1_97' title="bbox 275 4787 1924 4870">
    <p class='ocr_par' dir='ltr' id='par_1_97' title="bbox 275 4787 1924 4870">
     <span class='ocr_line' id='line_1_97' title="bbox 275 4787 1924 4870; baseline -0.001 -25"><span class='ocrx_word' id='word_1_639' title='bbox 275 4810 473 4870; x_wconf 75' lang='grc' dir='ltr'>χουσα,</span> <span class='ocrx_word' id='word_1_640' title='bbox 515 4791 600 4846; x_wconf 77' lang='grc' dir='ltr'>καὶ</span> <span class='ocrx_word' id='word_1_641' title='bbox 650 4791 716 4846; x_wconf 80' lang='grc' dir='ltr'>τὰ</span> <span class='ocrx_word' id='word_1_642' title='bbox 772 4787 910 4846; x_wconf 80' lang='grc' dir='ltr'>ἄλλα</span> <span class='ocrx_word' id='word_1_643' title='bbox 940 4790 1111 4846; x_wconf 83' lang='grc' dir='ltr'>πάντα</span> <span class='ocrx_word' id='word_1_644' title='bbox 1168 4790 1519 4870; x_wconf 80' lang='grc' dir='ltr'>ἐργαζομενη,</span> <span class='ocrx_word' id='word_1_645' title='bbox 1553 4787 1652 4845; x_wconf 79' lang='grc' dir='ltr'>ὅσα</span> <span class='ocrx_word' id='word_1_646' title='bbox 1706 4790 1924 4846; x_wconf 79' lang='grc' dir='ltr'>οἰκετῶν</span> 
     </span>
    </p>
   </div>
   <div class='ocr_carea' id='block_1_98' title="bbox 272 4876 1921 4959">
    <p class='ocr_par' dir='ltr' id='par_1_98' title="bbox 272 4876 1921 4959">
     <span class='ocr_line' id='line_1_98' title="bbox 272 4876 1921 4959; baseline -0.002 -23"><span class='ocrx_word' id='word_1_647' title='bbox 272 4880 366 4936; x_wconf 83' lang='grc' dir='ltr'><strong>καὶ</strong></span> <span class='ocrx_word' id='word_1_648' title='bbox 420 4877 795 4959; x_wconf 83' lang='grc' dir='ltr'>θεραπαινίδων</span> <span class='ocrx_word' id='word_1_649' title='bbox 854 4878 982 4957; x_wconf 76' lang='grc' dir='ltr'>ἔργα</span> <span class='ocrx_word' id='word_1_650' title='bbox 1035 4877 1360 4955; x_wconf 85' lang='grc' dir='ltr'>νενόμισται.</span> <span class='ocrx_word' id='word_1_651' title='bbox 1431 4880 1610 4936; x_wconf 82' lang='grc' dir='ltr'>Εἰώθει</span> <span class='ocrx_word' id='word_1_652' title='bbox 1655 4876 1707 4933; x_wconf 77' lang='grc' dir='ltr'>δὲ</span> <span class='ocrx_word' id='word_1_653' title='bbox 1766 4899 1921 4933; x_wconf 79' lang='grc' dir='ltr'>συνε-</span> 
     </span>
    </p>
   </div>
   <div class='ocr_carea' id='block_1_99' title="bbox 272 4966 1918 5050">
    <p class='ocr_par' dir='ltr' id='par_1_99' title="bbox 272 4966 1918 5050">
     <span class='ocr_line' id='line_1_99' title="bbox 272 4966 1918 5050; baseline -0.008 -15"><span class='ocrx_word' id='word_1_654' title='bbox 272 4974 395 5048; x_wconf 68' lang='grc' dir='ltr'><strong>χῶς</strong></span> <span class='ocrx_word' id='word_1_655' title='bbox 438 4972 523 5025; x_wconf 83' lang='grc' dir='ltr'>καὶ</span> <span class='ocrx_word' id='word_1_656' title='bbox 565 4970 695 5050; x_wconf 77' lang='grc' dir='ltr'>πρὸς</span> <span class='ocrx_word' id='word_1_657' title='bbox 726 4970 818 5025; x_wconf 79' lang='grc' dir='ltr'><strong>τὸν</strong></span> <span class='ocrx_word' id='word_1_658' title='bbox 868 4969 1129 5047; x_wconf 81' lang='grc' dir='ltr'>ὁμόζυγον</span> <span class='ocrx_word' id='word_1_659' title='bbox 1169 4969 1365 5047; x_wconf 82' lang='grc' dir='ltr'>λέγειν’</span> <span class='ocrx_word' id='word_1_660' title='bbox 1414 4968 1527 5025; x_wconf 79' lang='grc' dir='ltr'>Ἀεί</span> <span class='ocrx_word' id='word_1_661' title='bbox 1554 4990 1649 5043; x_wconf 80' lang='grc' dir='ltr'><strong>σε,</strong></span> <span class='ocrx_word' id='word_1_662' title='bbox 1682 4968 1727 5024; x_wconf 81' lang='grc' dir='ltr'>ὦ</span> <span class='ocrx_word' id='word_1_663' title='bbox 1773 4966 1918 5045; x_wconf 75' lang='grc' dir='ltr'>ἄνερ,</span> 
     </span>
    </p>
   </div>
   <div class='ocr_carea' id='block_1_100' title="bbox 274 5055 1919 5138">
    <p class='ocr_par' dir='ltr' id='par_1_100' title="bbox 274 5055 1919 5138">
     <span class='ocr_line' id='line_1_100' title="bbox 274 5055 1919 5138; baseline -0.002 -23"><span class='ocrx_word' id='word_1_664' title='bbox 274 5059 537 5138; x_wconf 77' lang='grc' dir='ltr'>προσήκει</span> <span class='ocrx_word' id='word_1_665' title='bbox 606 5057 900 5137; x_wconf 80' lang='grc' dir='ltr'>λογίζεσθαι</span> <span class='ocrx_word' id='word_1_666' title='bbox 957 5059 1008 5115; x_wconf 86' lang='grc' dir='ltr'><strong>τί</strong></span> <span class='ocrx_word' id='word_1_667' title='bbox 1050 5058 1146 5134; x_wconf 74' lang='grc' dir='ltr'><strong>μέν</strong></span> <span class='ocrx_word' id='word_1_668' title='bbox 1205 5058 1341 5126; x_wconf 80' lang='grc' dir='ltr'>ἧσθα</span> <span class='ocrx_word' id='word_1_669' title='bbox 1399 5057 1588 5134; x_wconf 79' lang='grc' dir='ltr'>πάλαι,</span> <span class='ocrx_word' id='word_1_670' title='bbox 1634 5059 1684 5114; x_wconf 87' lang='grc' dir='ltr'><strong>τί</strong></span> <span class='ocrx_word' id='word_1_671' title='bbox 1727 5055 1781 5112; x_wconf 76' lang='grc' dir='ltr'>δὲ</span> <span class='ocrx_word' id='word_1_672' title='bbox 1822 5055 1919 5134; x_wconf 87' lang='grc' dir='ltr'>γέ-</span> 
     </span>
    </p>
   </div>
   <div class='ocr_carea' id='block_1_101' title="bbox 273 5144 1922 5227">
    <p class='ocr_par' dir='ltr' id='par_1_101' title="bbox 273 5144 1922 5227">
     <span class='ocr_line' id='line_1_101' title="bbox 273 5144 1922 5227; baseline -0.002 -23"><span class='ocrx_word' id='word_1_673' title='bbox 273 5169 437 5227; x_wconf 87' lang='grc' dir='ltr'>γονας</span> <span class='ocrx_word' id='word_1_674' title='bbox 508 5158 616 5210; x_wconf 80' lang='grc' dir='ltr'>νῦν,</span> <span class='ocrx_word' id='word_1_675' title='bbox 677 5155 849 5206; x_wconf 61' lang='lat' dir='ltr'><strong>“ram</strong></span> <span class='ocrx_word' id='word_1_676' title='bbox 906 5148 1006 5227; x_wconf 79' lang='grc' dir='ltr'>γὰρ</span> <span class='ocrx_word' id='word_1_677' title='bbox 1078 5144 1333 5216; x_wconf 61' lang='grc' dir='ltr'>διηνεκῶς</span> <span class='ocrx_word' id='word_1_678' title='bbox 1391 5147 1771 5224; x_wconf 79' lang='grc' dir='ltr'>ἐνθυμούμενος</span> <span class='ocrx_word' id='word_1_679' title='bbox 1828 5147 1922 5201; x_wconf 76' lang='grc' dir='ltr'>οὒκ</span> 
     </span>
    </p>
   </div>
   <div class='ocr_carea' id='block_1_102' title="bbox 274 5234 1920 5318">
    <p class='ocr_par' dir='ltr' id='par_1_102' title="bbox 274 5234 1920 5318">
     <span class='ocr_line' id='line_1_102' title="bbox 274 5234 1920 5318; baseline -0.002 -25"><span class='ocrx_word' id='word_1_680' title='bbox 274 5236 374 5315; x_wconf 78' lang='grc' dir='ltr'>ἔσῃ</span> <span class='ocrx_word' id='word_1_681' title='bbox 430 5239 546 5315; x_wconf 81' lang='grc' dir='ltr'>περὶ</span> <span class='ocrx_word' id='word_1_682' title='bbox 601 5239 693 5294; x_wconf 75' lang='grc' dir='ltr'><strong>τὸν</strong></span> <span class='ocrx_word' id='word_1_683' title='bbox 751 5238 1029 5317; x_wconf 56' lang='grc' dir='ltr'>εὐεργέτην</span> <span class='ocrx_word' id='word_1_684' title='bbox 1090 5237 1405 5318; x_wconf 78' lang='grc' dir='ltr'>ἀχάριστος·</span> <span class='ocrx_word' id='word_1_685' title='bbox 1468 5237 1587 5293; x_wconf 81' lang='grc' dir='ltr'>ἀλλ’</span> <span class='ocrx_word' id='word_1_686' title='bbox 1637 5238 1703 5306; x_wconf 74' lang='grc' dir='ltr'>ἢν</span> <span class='ocrx_word' id='word_1_687' title='bbox 1763 5234 1920 5300; x_wconf 78' lang='grc' dir='ltr'>ἐδέξω</span> 
     </span>
    </p>
   </div>
   <div class='ocr_carea' id='block_1_103' title="bbox 274 5324 1912 5406">
    <p class='ocr_par' dir='ltr' id='par_1_103' title="bbox 274 5324 1912 5406">
     <span class='ocr_line' id='line_1_103' title="bbox 274 5324 1912 5406; baseline -0.001 -23"><span class='ocrx_word' id='word_1_688' title='bbox 274 5326 547 5406; x_wconf 79' lang='grc' dir='ltr'>βασιλείαν</span> <span class='ocrx_word' id='word_1_689' title='bbox 623 5324 961 5404; x_wconf 67' lang='grc' dir='ltr'>κυϐερνήσεις</span> <span class='ocrx_word' id='word_1_690' title='bbox 1039 5326 1293 5405; x_wconf 83' lang='grc' dir='ltr'>ἐννόμως,</span> <span class='ocrx_word' id='word_1_691' title='bbox 1356 5329 1443 5384; x_wconf 86' lang='grc' dir='ltr'><strong>καὶ</strong></span> <span class='ocrx_word' id='word_1_692' title='bbox 1511 5328 1681 5394; x_wconf 83' lang='grc' dir='ltr'>ταύτη</span> <span class='ocrx_word' id='word_1_693' title='bbox 1750 5329 1912 5405; x_wconf 87' lang='grc' dir='ltr'>θερα-</span> 
     </span>
    </p>
   </div>
   <div class='ocr_carea' id='block_1_104' title="bbox 274 5415 922 5482">
    <p class='ocr_par' dir='ltr' id='par_1_104' title="bbox 274 5415 922 5482">
     <span class='ocr_line' id='line_1_104' title="bbox 274 5415 922 5482; baseline -0.003 -6"><span class='ocrx_word' id='word_1_694' title='bbox 274 5418 487 5482; x_wconf 72' lang='grc' dir='ltr'>πεύσεις</span> <span class='ocrx_word' id='word_1_695' title='bbox 521 5418 612 5475; x_wconf 77' lang='grc' dir='ltr'><strong>τὸν</strong></span> <span class='ocrx_word' id='word_1_696' title='bbox 641 5415 922 5481; x_wconf 68' lang='grc' dir='ltr'>δεδωκοτιί,</span> 
     </span>
    </p>
   </div>
   <div class='ocr_carea' id='block_1_105' title="bbox 360 5589 1919 5684">
    <p class='ocr_par' dir='ltr' id='par_1_105' title="bbox 360 5589 1919 5684">
     <span class='ocr_line' id='line_1_105' title="bbox 360 5589 1919 5684; baseline -0.004 -25"><span class='ocrx_word' id='word_1_697' title='bbox 360 5589 493 5661; x_wconf 77' lang='grc' dir='ltr'><strong>ΚΘ’.</strong></span> <span class='ocrx_word' id='word_1_698' title='bbox 542 5597 810 5664; x_wconf 73' lang='grc' dir='ltr'>Τοιούτοις</span> <span class='ocrx_word' id='word_1_699' title='bbox 842 5596 924 5656; x_wconf 76' lang='grc' dir='ltr'>ἀεὶ</span> <span class='ocrx_word' id='word_1_700' title='bbox 953 5597 1270 5684; x_wconf 74' lang='grc' dir='ltr'>κεχρημένη</span> <span class='ocrx_word' id='word_1_701' title='bbox 1317 5594 1498 5676; x_wconf 87' lang='grc' dir='ltr'>λόγοις</span> <span class='ocrx_word' id='word_1_702' title='bbox 1530 5594 1626 5652; x_wconf 82' lang='grc' dir='ltr'><strong>οἷά</strong></span> <span class='ocrx_word' id='word_1_703' title='bbox 1653 5616 1771 5652; x_wconf 84' lang='grc' dir='ltr'>τινα</span> <span class='ocrx_word' id='word_1_704' title='bbox 1815 5616 1919 5654; x_wconf 85' lang='grc' dir='ltr'>κα-</span> 
     </span>
    </p>
   </div>
   <div class='ocr_carea' id='block_1_106' title="bbox 2006 4691 3648 4776">
    <p class='ocr_par' dir='ltr' id='par_1_106' title="bbox 2006 4691 3648 4776">
     <span class='ocr_line' id='line_1_106' title="bbox 2006 4691 3648 4776; baseline -0.002 -19"><span class='ocrx_word' id='word_1_705' title='bbox 2006 4696 2532 4776; x_wconf 86' lang='lat' dir='ltr'><strong>gustans,patinam</strong></span> <span class='ocrx_word' id='word_1_706' title='bbox 2553 4696 2835 4774; x_wconf 79' lang='lat' dir='ltr'><strong>ati&#39;ereus,</strong></span> <span class='ocrx_word' id='word_1_707' title='bbox 2861 4692 3171 4774; x_wconf 87' lang='lat' dir='ltr'><strong>porrigens</strong></span> <span class='ocrx_word' id='word_1_708' title='bbox 3184 4708 3424 4773; x_wconf 85' lang='lat' dir='ltr'><strong>panem,</strong></span> <span class='ocrx_word' id='word_1_709' title='bbox 3435 4691 3648 4772; x_wconf 85' lang='lat' dir='ltr'><strong>pocula</strong></span> 
     </span>
    </p>
   </div>
   <div class='ocr_carea' id='block_1_107' title="bbox 2009 4780 3647 4866">
    <p class='ocr_par' dir='ltr' id='par_1_107' title="bbox 2009 4780 3647 4866">
     <span class='ocr_line' id='line_1_107' title="bbox 2009 4780 3647 4866; baseline -0.002 -18"><span class='ocrx_word' id='word_1_710' title='bbox 2009 4785 2311 4866; x_wconf 62' lang='lat' dir='ltr'><strong>proluens’,</strong></span> <span class='ocrx_word' id='word_1_711' title='bbox 2335 4792 2391 4847; x_wconf 89' lang='lat' dir='ltr'><strong>et</strong></span> <span class='ocrx_word' id='word_1_712' title='bbox 2422 4784 2535 4847; x_wconf 90' lang='lat' dir='ltr'><strong>alia</strong></span> <span class='ocrx_word' id='word_1_713' title='bbox 2566 4801 2855 4845; x_wconf 84' lang='lat' dir='ltr'><strong>exercens</strong></span> <span class='ocrx_word' id='word_1_714' title='bbox 2884 4783 3107 4861; x_wconf 85' lang='lat' dir='ltr'><strong>omnia,</strong></span> <span class='ocrx_word' id='word_1_715' title='bbox 3132 4798 3263 4861; x_wconf 64' lang='lat' dir='ltr'><strong>qua;</strong></span> <span class='ocrx_word' id='word_1_716' title='bbox 3289 4780 3647 4844; x_wconf 87' lang='lat' dir='ltr'><strong>famulorum</strong></span> 
     </span>
    </p>
   </div>
   <div class='ocr_carea' id='block_1_108' title="bbox 2008 4868 3647 4956">
    <p class='ocr_par' dir='ltr' id='par_1_108' title="bbox 2008 4868 3647 4956">
     <span class='ocr_line' id='line_1_108' title="bbox 2008 4868 3647 4956; baseline -0.004 -19"><span class='ocrx_word' id='word_1_717' title='bbox 2008 4887 2184 4956; x_wconf 86' lang='lat' dir='ltr'><strong>atque</strong></span> <span class='ocrx_word' id='word_1_718' title='bbox 2203 4873 2554 4935; x_wconf 88' lang='lat' dir='ltr'><strong>anciliorum</strong></span> <span class='ocrx_word' id='word_1_719' title='bbox 2587 4890 2768 4951; x_wconf 83' lang='lat' dir='ltr'><strong>Opera</strong></span> <span class='ocrx_word' id='word_1_720' title='bbox 2784 4870 3151 4951; x_wconf 83' lang='lat' dir='ltr'><strong>judicantur.</strong></span> <span class='ocrx_word' id='word_1_721' title='bbox 3182 4868 3421 4956; x_wconf 84' lang='lat' dir='ltr'><strong>solebat</strong></span> <span class='ocrx_word' id='word_1_722' title='bbox 3449 4878 3647 4931; x_wconf 86' lang='lat' dir='ltr'><strong>autem</strong></span> 
     </span>
    </p>
   </div>
   <div class='ocr_carea' id='block_1_109' title="bbox 2004 4954 3648 5042">
    <p class='ocr_par' dir='ltr' id='par_1_109' title="bbox 2004 4954 3648 5042">
     <span class='ocr_line' id='line_1_109' title="bbox 2004 4954 3648 5042; baseline -0.004 -16"><span class='ocrx_word' id='word_1_723' title='bbox 2004 4954 2241 5026; x_wconf 83' lang='lat' dir='ltr'><strong>assidue</strong></span> <span class='ocrx_word' id='word_1_724' title='bbox 2271 4967 2582 5041; x_wconf 83' lang='lat' dir='ltr'><strong>conjugem</strong></span> <span class='ocrx_word' id='word_1_725' title='bbox 2612 4960 2705 5022; x_wconf 90' lang='lat' dir='ltr'><strong>his</strong></span> <span class='ocrx_word' id='word_1_726' title='bbox 2735 4958 3149 5042; x_wconf 77' lang='lat' dir='ltr'><strong>compellare:</strong></span> <span class='ocrx_word' id='word_1_727' title='bbox 3203 4954 3289 5019; x_wconf 91' lang='lat' dir='ltr'><strong>Te</strong></span> <span class='ocrx_word' id='word_1_728' title='bbox 3316 4975 3577 5036; x_wconf 85' lang='lat' dir='ltr'><strong>semper,</strong></span> <span class='ocrx_word' id='word_1_729' title='bbox 3612 4976 3648 5020; x_wconf 93' lang='grc' dir='ltr'>ο</span> 
     </span>
    </p>
   </div>
   <div class='ocr_carea' id='block_1_110' title="bbox 2006 5044 3647 5131">
    <p class='ocr_par' dir='ltr' id='par_1_110' title="bbox 2006 5044 3647 5131">
     <span class='ocr_line' id='line_1_110' title="bbox 2006 5044 3647 5131; baseline -0.004 -17"><span class='ocrx_word' id='word_1_730' title='bbox 2006 5052 2234 5127; x_wconf 90' lang='lat' dir='ltr'><strong>marite,</strong></span> <span class='ocrx_word' id='word_1_731' title='bbox 2261 5052 2459 5113; x_wconf 92' lang='lat' dir='ltr'><strong>animo</strong></span> <span class='ocrx_word' id='word_1_732' title='bbox 2483 5060 2762 5131; x_wconf 86' lang='lat' dir='ltr'><strong>reputare</strong></span> <span class='ocrx_word' id='word_1_733' title='bbox 2792 5047 3159 5122; x_wconf 87' lang='lat' dir='ltr'><strong>convenit,et</strong></span> <span class='ocrx_word' id='word_1_734' title='bbox 3176 5044 3316 5126; x_wconf 89' lang='lat' dir='ltr'><strong>quid</strong></span> <span class='ocrx_word' id='word_1_735' title='bbox 3342 5044 3485 5107; x_wconf 88' lang='lat' dir='ltr'><strong>olim</strong></span> <span class='ocrx_word' id='word_1_736' title='bbox 3507 5044 3647 5108; x_wconf 83' lang='lat' dir='ltr'><strong>fue-</strong></span> 
     </span>
    </p>
   </div>
   <div class='ocr_carea' id='block_1_111' title="bbox 2004 5133 3646 5224">
    <p class='ocr_par' dir='ltr' id='par_1_111' title="bbox 2004 5133 3646 5224">
     <span class='ocr_line' id='line_1_111' title="bbox 2004 5133 3646 5224; baseline -0.004 -20"><span class='ocrx_word' id='word_1_737' title='bbox 2004 5144 2110 5224; x_wconf 88' lang='lat' dir='ltr'><strong>ris,</strong></span> <span class='ocrx_word' id='word_1_738' title='bbox 2136 5150 2385 5219; x_wconf 89' lang='lat' dir='ltr'><strong>etquem</strong></span> <span class='ocrx_word' id='word_1_739' title='bbox 2408 5144 2467 5202; x_wconf 92' lang='lat' dir='ltr'><strong>in</strong></span> <span class='ocrx_word' id='word_1_740' title='bbox 2485 5139 2732 5221; x_wconf 88' lang='lat' dir='ltr'><strong>gradum</strong></span> <span class='ocrx_word' id='word_1_741' title='bbox 2757 5157 2916 5199; x_wconf 88' lang='lat' dir='ltr'><strong>nunc</strong></span> <span class='ocrx_word' id='word_1_742' title='bbox 2941 5134 3315 5224; x_wconf 85' lang='lat' dir='ltr'><strong>perveneris;</strong></span> <span class='ocrx_word' id='word_1_743' title='bbox 3347 5133 3459 5224; x_wconf 88' lang='lat' dir='ltr'><strong>ista</strong></span> <span class='ocrx_word' id='word_1_744' title='bbox 3486 5134 3646 5197; x_wconf 90' lang='lat' dir='ltr'><strong>enim</strong></span> 
     </span>
    </p>
   </div>
   <div class='ocr_carea' id='block_1_112' title="bbox 2006 5223 3647 5307">
    <p class='ocr_par' dir='ltr' id='par_1_112' title="bbox 2006 5223 3647 5307">
     <span class='ocr_line' id='line_1_112' title="bbox 2006 5223 3647 5307; baseline -0.005 -12"><span class='ocrx_word' id='word_1_745' title='bbox 2006 5223 2198 5295; x_wconf 87' lang='lat' dir='ltr'><strong>tecum</strong></span> <span class='ocrx_word' id='word_1_746' title='bbox 2233 5231 2643 5293; x_wconf 90' lang='lat' dir='ltr'><strong>indesinenter</strong></span> <span class='ocrx_word' id='word_1_747' title='bbox 2672 5229 2722 5290; x_wconf 91' lang='lat' dir='ltr'><strong>si</strong></span> <span class='ocrx_word' id='word_1_748' title='bbox 2760 5227 3076 5307; x_wconf 88' lang='lat' dir='ltr'><strong>recogites,</strong></span> <span class='ocrx_word' id='word_1_749' title='bbox 3103 5224 3166 5286; x_wconf 91' lang='lat' dir='ltr'><strong>in</strong></span> <span class='ocrx_word' id='word_1_750' title='bbox 3198 5223 3647 5287; x_wconf 85' lang='lat' dir='ltr'><strong>benefactorem</strong></span> 
     </span>
    </p>
   </div>
   <div class='ocr_carea' id='block_1_113' title="bbox 1997 5317 3649 5397">
    <p class='ocr_par' dir='ltr' id='par_1_113' title="bbox 1997 5317 3649 5397">
     <span class='ocr_line' id='line_1_113' title="bbox 1997 5317 3649 5397; baseline -0.004 -15"><span class='ocrx_word' id='word_1_751' title='bbox 1997 5331 2162 5384; x_wconf 86' lang='lat' dir='ltr'><strong>tuum</strong></span> <span class='ocrx_word' id='word_1_752' title='bbox 2188 5327 2444 5397; x_wconf 88' lang='lat' dir='ltr'><strong>ingratus</strong></span> <span class='ocrx_word' id='word_1_753' title='bbox 2476 5337 2775 5394; x_wconf 84' lang='lat' dir='ltr'><strong>nunquam</strong></span> <span class='ocrx_word' id='word_1_754' title='bbox 2801 5317 3135 5387; x_wconf 84' lang='lat' dir='ltr'><strong>evades,sed</strong></span> <span class='ocrx_word' id='word_1_755' title='bbox 3163 5317 3649 5389; x_wconf 58' lang='lat' dir='ltr'><strong>imperiumque“</strong></span> 
     </span>
    </p>
   </div>
   <div class='ocr_carea' id='block_1_114' title="bbox 2000 5399 3648 5491">
    <p class='ocr_par' dir='ltr' id='par_1_114' title="bbox 2000 5399 3648 5491">
     <span class='ocr_line' id='line_1_114' title="bbox 2000 5399 3648 5491; baseline -0.004 -18"><span class='ocrx_word' id='word_1_756' title='bbox 2000 5409 2309 5491; x_wconf 86' lang='lat' dir='ltr'><strong>accepisti,</strong></span> <span class='ocrx_word' id='word_1_757' title='bbox 2330 5407 2779 5470; x_wconf 88' lang='lat' dir='ltr'><strong>administrabis</strong></span> <span class='ocrx_word' id='word_1_758' title='bbox 2810 5405 2995 5488; x_wconf 63' lang='lat' dir='ltr'><strong>aequis</strong></span> <span class='ocrx_word' id='word_1_759' title='bbox 3024 5401 3286 5485; x_wconf 82' lang='lat' dir='ltr'><strong>legibus;</strong></span> <span class='ocrx_word' id='word_1_760' title='bbox 3312 5399 3450 5482; x_wconf 88' lang='lat' dir='ltr'><strong>quia</strong></span> <span class='ocrx_word' id='word_1_761' title='bbox 3467 5402 3648 5466; x_wconf 85' lang='lat' dir='ltr'><strong>etiam</strong></span> 
     </span>
    </p>
   </div>
   <div class='ocr_carea' id='block_1_115' title="bbox 2003 5491 3645 5579">
    <p class='ocr_par' dir='ltr' id='par_1_115' title="bbox 2003 5491 3645 5579">
     <span class='ocr_line' id='line_1_115' title="bbox 2003 5491 3645 5579; baseline -0.004 -15"><span class='ocrx_word' id='word_1_762' title='bbox 2003 5501 2234 5564; x_wconf 90' lang='lat' dir='ltr'><strong>ratione</strong></span> <span class='ocrx_word' id='word_1_763' title='bbox 2257 5499 2522 5562; x_wconf 89' lang='lat' dir='ltr'><strong>debitum</strong></span> <span class='ocrx_word' id='word_1_764' title='bbox 2546 5497 2810 5579; x_wconf 88' lang='lat' dir='ltr'><strong>largitori</strong></span> <span class='ocrx_word' id='word_1_765' title='bbox 2834 5499 2963 5578; x_wconf 88' lang='lat' dir='ltr'><strong>ejus</strong></span> <span class='ocrx_word' id='word_1_766' title='bbox 2985 5492 3252 5560; x_wconf 75' lang='lat' dir='ltr'><strong>exsolves</strong></span> <span class='ocrx_word' id='word_1_767' title='bbox 3267 5491 3645 5570; x_wconf 85' lang='lat' dir='ltr'><strong>obsequium.</strong></span> 
     </span>
    </p>
   </div>
   <div class='ocr_carea' id='block_1_116' title="bbox 2083 5581 3650 5672">
    <p class='ocr_par' dir='ltr' id='par_1_116' title="bbox 2083 5581 3650 5672">
     <span class='ocr_line' id='line_1_116' title="bbox 2083 5581 3650 5672; baseline -0.004 -16"><span class='ocrx_word' id='word_1_768' title='bbox 2083 5588 2448 5667; x_wconf 79' lang='lat' dir='ltr'><strong>XXIX.Cum</strong></span> <span class='ocrx_word' id='word_1_769' title='bbox 2476 5606 2716 5672; x_wconf 88' lang='lat' dir='ltr'><strong>semper</strong></span> <span class='ocrx_word' id='word_1_770' title='bbox 2735 5588 2836 5652; x_wconf 87' lang='lat' dir='ltr'><strong>illa</strong></span> <span class='ocrx_word' id='word_1_771' title='bbox 2850 5584 3148 5670; x_wconf 81' lang='lat' dir='ltr'><strong>ejusmodi</strong></span> <span class='ocrx_word' id='word_1_772' title='bbox 3167 5590 3436 5648; x_wconf 87' lang='lat' dir='ltr'><strong>uteretur</strong></span> <span class='ocrx_word' id='word_1_773' title='bbox 3455 5581 3650 5651; x_wconf 85' lang='lat' dir='ltr'><strong>verbis</strong></span> 
     </span>
    </p>
   </div>
  </div>
