4066 6146
442 274 560 343 879
1679 270 2066 336 ADDENDA.
2114 305 2191 316 —
2256 271 2581 335 APRILIS.
3684 259 3785 329 880

445 409 822 495 quaevirtutis
844 407 1176 473 seminibus
1197 405 1504 495 pﬁlcbram
1533 404 1594 467 in
1612 405 1869 495 conjuge
1894 405 2097 484 irriga-

2203 409 2278 473 ,ὴν
2336 405 2542 485 ἀρδείαν
2606 408 2704 461 καὶ
2777 403 3074 482 πρόσφορον
3133 415 3249 466 τοῖς
3303 406 3403 470 τῆς
3472 400 3656 479 ἀρειῆς
3708 401 3791 456 ἀν.

447 491 669 565 tionem
691 509 748 564 et
765 501 1204 562 incrementum
1223 493 1489 575 prazbere
1513 494 1949 575 possent,prius
1971 495 2099 575 ipsa

2203 497 2298 575 ἱρὸς
2359 496 2506 576 ἔφερε
2560 494 2848 572 σπέρμασι.
2925 492 3158 571 Προτέρα
3214 491 3392 567 μέντοι
3451 499 3544 547 τοῦ
3598 492 3793 569 συζύγου

449 610 630 675 quam
666 593 750 653 vir
779 591 897 653 fato
926 589 1124 651 functa
1154 594 1263 649 est.
1298 586 1792 675 Contigitautem
1831 594 1963 663 post
1993 584 2096 646 ali-

2203 586 2519 663 ;τελεύτησε,
2566 587 2654 642 καὶ
2699 581 2889 649 συνέϐη
2921 583 3055 657 μετὰ
3114 584 3308 662 χρόνον
3339 583 3460 639 τινὰ
3509 586 3604 648 τῆς
3632 580 3797 637 τελευο

450 670 610 764 quod
635 689 870 763 tempus
883 679 955 740 ab
979 680 1107 756 ejus
1136 683 1326 738 morte
1356 675 1470 737 tale
1490 674 1629 757 quid
1656 675 1973 756 fieri,unde
1996 696 2103 756 pa-

2203 679 2285 743 τῆς
2358 674 2557 732 τοιόνδε
2612 697 2661 731 τί
2735 674 2974 751 γενέσθαι
3045 673 3173 753 ὅπερ
3231 672 3326 739 τὴν
3386 670 3591 738 πολλὴν
3620 671 3802 737 ἐκείνην

449 758 568 835 iam
590 758 1280 848 innotesceret,quonam
1303 766 1628 845 imperator
1652 783 1792 844 erga
1823 783 1950 826 eam
1975 766 2106 826 ani-

2203 775 2282 825 τοῦ
2338 763 2599 841 βασιλέως
2657 767 2775 841 περὶ
2828 764 2988 828 αὖτήν
3047 759 3271 818 διάΊεσιν
3316 760 3412 817 καὶ
3463 758 3804 839 φιλοστῳγῖας

452 881 571 936 mo,
608 869 901 941 quantave
954 847 1245 919 cbaritate
1307 861 1463 917 esset
1518 854 1786 918 atl‘ectus.
1849 855 2109 934 Cogente

2203 853 2478 920 ἱπέδειξεν,
2540 847 2671 910 Ὑπὸ
2720 855 2818 930 γὰρ
2874 859 2979 908 τῶν
3023 857 3234 931 συχνῶν
3291 850 3542 925 πολέμων
3590 851 3807 925 ἀναγκα-

449 940 746 1027 siquidem
766 948 1058 1010 bellorum
1082 944 1441 1026 frequentia,
1469 944 1794 1024 imperator
1813 944 1901 1005 rei
1921 962 2108 1024 pecu-

2203 945 2412 1016 ζόμενος
2471 946 2496 999 ὁ
2549 941 2795 1018 βασιλεὺς
2853 943 2940 999 καὶ
2974 942 3274 1021 χρημάτων
3321 941 3607 1014 σπανίζων,
3639 940 3807 1018 φόρους

455 1040 659 1101 ηἰοτίω
681 1036 942 1118 inopiam
967 1033 1483 1109 tolerans,tributa
1507 1034 1722 1095 indixit
1739 1032 2104 1102 civitatibus,

2203 1047 2309 1096 ταῖς
2367 1032 2584 1090 πόλεσιν
2636 1033 2995 1109 ἐπεγράψατο.
3054 1033 3118 1086 ἹΙ
3172 1029 3459 1109 Ἀντιόχου
3504 1030 3670 1086 τοίνυν
3719 1050 3807 1104 φο-

449 1128 605 1194 Urbs
650 1127 832 1206 igitur
851 1125 1169 1189 Antiochia
1189 1142 1322 1185 cum
1348 1125 1494 1185 alias
1522 1123 1952 1186 urbestributis
1984 1123 2106 1185 illis

2203 1123 2578 1202 >ολογουιαενας
2636 1123 2729 1185 τὰς
2787 1122 2966 1199 ἐτέρας
3026 1121 3212 1182 πόλεις
3255 1123 3431 1197 ὁρῶσα
3480 1120 3567 1175 καὶ
3597 1118 3682 1174 σὺν
3734 1119 3808 1194 βίᾳ

451 1217 720 1281 subditas
734 1214 1426 1297 conSpiceret,pecunias
1438 1231 1575 1276 vero
1595 1232 1700 1294 per
1712 1213 1825 1273 vim
1843 1212 2104 1293 exigi,ac

2203 1215 2251 1269 τὰ
2311 1213 2567 1292 χρήματα
2629 1213 2723 1266 καί
2794 1210 3176 1287 ἀπαραιτήτως
3238 1206 3706 1285 εἰσπραττομένας,
3758 1208 3808 1260 τὸ

453 1308 615 1370 nulla
645 1295 909 1369 admissa
934 1303 1341 1380 excusatione;
1370 1319 1689 1366 commune
1721 1304 1833 1364 hoc
1854 1303 2102 1382 vectigal

2203 1303 2361 1358 ιοινὸν
2422 1308 2576 1357 τοῦτο
2646 1299 2800 1363 τέλος
2855 1298 2948 1355 οὒκ
3004 1298 3310 1375 ἐνεγκούσα,
3372 1295 3513 1352 ἄλλα
3554 1317 3608 1351 τε
3664 1298 3808 1351 ὁποῖα

453 1414 824 1479 nequaquam
847 1394 1189 1471 ferens,sed
1223 1393 1530 1456 turbarum
1561 1395 1935 1454 occasionem
1962 1393 2101 1454 hinc

450 1488 772 1568 arripiens,
806 1484 1003 1564 qualia
1027 1483 1232 1561 vulgus
1295 1484 1490 1547 facere
1520 1484 1690 1556 solet,
1726 1484 2003 1563 patravit:
2044 1494 2107 1543 et

453 1576 843 1639 nobilissimas
892 1573 1174 1653 Placillaa,
1207 1572 1323 1633 hoc
1377 1571 1536 1633 enim
1571 1580 1696 1633 erat
1744 1573 2106 1649 imperatrici

453 1685 697 1743 nomen,
733 1682 944 1726 aeream
976 1671 1228 1726 statuam
1265 1661 1393 1723 solo
1424 1660 1674 1742 adﬂixit,
1707 1663 1895 1743 ipsam
1928 1664 2102 1724 etiam

454 1756 656 1837 plures
687 1753 938 1817 civitatis
968 1752 1131 1814 vicos
1164 1749 1538 1833 pertrahens.

531 1842 1191 1923 XXX.Imperator,bac
1214 1857 1282 1901 re
1312 1841 1385 1902 ad
1408 1858 1473 1902 se
1492 1840 1942 1917 delata,tantum
1968 1860 2101 1901 mo-

451 1935 958 2016 lestiaa,quantum
979 1929 1402 2005 decebat,hinc
1429 1929 1926 2010 percipiens,eam
1953 1931 2100 1991 civi-

454 2033 633 2088 tatem
664 2022 922 2105 propriis
953 2018 1184 2099 legibus
1215 2019 1427 2081 ablatis
1475 2020 1703 2094 multat,
1731 2020 2103 2100 vicinamque

453 2113 665 2177 urbem
684 2111 1201 2191 Laodiceam,quae
1221 2108 1639 2190 prOpterlittus
1655 2109 1838 2171 maris
1849 2108 1962 2171 sita
1984 2119 2095 2182 est,

457 2204 540 2267 illi
559 2201 825 2286 praeﬁcit,
854 2201 964 2264 hac
986 2200 1356 2281 potissimum
1383 2198 1473 2260 via
1501 2199 1611 2279 ipsi
1635 2216 1790 2279 aagre
1820 2217 1884 2262 se
1905 2198 2103 2262 facere

455 2310 791 2371 persuasum
814 2294 1306 2364 babens;uamque
1327 2291 1692 2349 Antiochiam
1712 2308 1738 2349 a
1766 2291 1937 2364 longo
1963 2300 2105 2349 lem-

460 2403 603 2465 pore
625 2379 1019 2445 aemulabatur
1038 2376 1614 2458 LaodiceaJusuper
1639 2384 1833 2439 autem
1859 2377 2018 2440 illam
2040 2396 2106 2439 se

455 2475 839 2537 incensurum
867 2488 935 2532 ac
955 2468 1291 2530 deletorum
1317 2466 1723 2547 minitabatur,
1761 2484 1871 2528 nec
1895 2485 2012 2528 non
2043 2466 2104 2528 in

455 2580 667 2644 pagum
686 2559 957 2624 eamdem
978 2575 1041 2619 se
1055 2574 1506 2618 conversurum:
1518 2573 1799 2635 proceres
1811 2574 1954 2617 vero
1968 2573 2111 2617 non-

463 2652 644 2714 nullis
673 2651 736 2711 in
788 2650 918 2729 ipso
950 2648 1232 2708 facinoris
1263 2653 1395 2707 actu
1446 2644 1759 2725 correptis,
1793 2654 2108 2725 antequam

463 2739 809 2820 tragcediam
826 2737 1078 2798 resciret
1094 2736 1655 2815 princeps,mortem
1680 2734 2115 2814 irrogarunt.Et

461 2830 590 2892 haec
609 2827 848 2909 quidem
871 2834 1083 2887 cuncta
1107 2822 1567 2885 commitabatur
1583 2823 2112 2901 Theodosius,non

2188 1390 2337 1471 φιλεῖ
2399 1388 2567 1468 ὄχλος
2626 1389 2885 1468 πρόφασιν
2917 1389 2988 1450 εἷς
3046 1386 3256 1452 ἀταξίαν
3286 1383 3574 1461 λαμϐάνων
3620 1383 3807 1462 ἔδρασε,

2188 1482 2273 1537 καὶ
2331 1480 2429 1546 τὴν
2486 1480 2666 1559 χαλῆν
2715 1479 2889 1534 εἰκόνα
2961 1484 3058 1553 τῇς
3121 1474 3468 1553 πανευφήμοδ
3529 1473 3809 1540 Πλακθιλεης

2192 1569 2368 1650 (τοῦτο
2426 1569 2525 1646 γάρ
2558 1569 2624 1636 ἦν
2667 1566 2831 1636 ὄνομα
2885 1573 2951 1643 τῇ
2982 1564 3231 1643 βασιλίδι)
3286 1588 3379 1620 κατ
3398 1566 3584 1641 ἤνεγκε
3613 1569 3691 1619 καί
3736 1564 3809 1619 ἐπὶ

2189 1658 2322 1716 πολὺ
2353 1663 2450 1725 τῆς
2481 1660 2690 1721 πόλεως
2717 1658 3168 1736 κατασυρᾶμενος.

2268 1838 2356 1895 Λ’.
2420 1844 2596 1897 Ταῦτα
2656 1838 2951 1915 πυθόμενος
3006 1839 3032 1892 ὁ
3075 1834 3315 1913 βασιλεὺς
3361 1838 3448 1892 καὶ
3493 1834 3811 1916 χαλεπήνας,

2185 1928 2362 2006 ὥσπερ
2412 1930 2547 1993 εἰκὸς
2594 1928 2684 2007 ἦν,
2715 1937 2779 1983 τά
2835 1948 2892 1983 τε
2947 1927 3043 1993 τῆς
3104 1925 3312 1991 πόλεως
3360 1926 3608 2006 ἀφείλετο
3637 1924 3813 1996 δίκαια,

2185 2020 2271 2076 καὶ
2328 2019 2394 2094 τῇ
2439 2020 2631 2094 γείτονι
2692 2017 2845 2074 πόλει
2911 2013 3187 2087 Ααοδικεῖα
3252 2020 3319 2092 τῇ
3374 2017 3517 2093 παρὰ
3571 2013 3815 2072 θάλασσαν

2186 2105 2379 2164 δέδωκε
2450 2108 2546 2174 τὴν
2604 2109 2914 2186 ἡγεμονίαν,
2970 2106 3131 2162 ταύτα
3178 2105 3413 2180 μάλιστα
3468 2105 3688 2179 νομίζων
3728 2103 3815 2159 αὖ·

2721 2196 3034 2267 ἐζηλοτύπει
3105 2195 3203 2271 γὰρ
3276 2198 3309 2261 ἡ
3390 2192 3667 2251 Λαοδίκεια
3729 2195 3815 2253 τὴν

2188 2286 2524 2362 Ἀντιόγειαν
2601 2283 2822 2344 ἄνωθεν.
2888 2286 3031 2340 Μετᾶ
3078 2281 3131 2338 δὲ
3189 2290 3351 2340 ταῦτα
3423 2287 3510 2340 καὶ
3570 2282 3814 2360 ἓμπιπρᾷν

2186 2376 2393 2443 ἠπείλει
2452 2376 2537 2429 καὶ
2595 2373 2887 2430 καταλύειν
2932 2375 3015 2430 καὶ
3075 2373 3147 2433 εἰς
3205 2373 3396 2447 κώμην
3471 2374 3531 2429 τὸ
3574 2371 3696 2430 ἄστυ
3734 2391 3813 2445 με·

2189 2463 2468 2525 ταϐαλεϊν,
2528 2465 2588 2520 Οἱ
2646 2461 2701 2518 δὲ
2761 2463 3017 2543 ἄρχοντες
3089 2462 3175 2517 καὶ
3236 2461 3453 2518 ἆνεϊλόν
3511 2484 3653 2525 τινας
3707 2457 3814 2538 παρ’

2194 2555 2319 2612 αὖτὸ
2370 2551 2720 2615 συλλαϐοντες
2750 2555 2812 2608 τὸ
2865 2552 3119 2627 τόλμημα
3150 2553 3270 2629 πρὶν
3316 2552 3517 2630 γνῶναι
3547 2554 3637 2608 τὸν
3673 2551 3812 2627 βασιο

2193 2643 2287 2699 λέα
2357 2643 2454 2709 τὴν
2512 2640 2825 2720 τραγῳδίαν.
2895 2650 3070 2700 Ταῦτα
3134 2640 3188 2698 δὲ
3246 2643 3420 2699 πάντα
3497 2645 3525 2699 ὁ
3590 2638 3813 2719 βασιλεὺς

2195 2730 2405 2801 ἠπείλει
2466 2732 2592 2807 μὲν,
2637 2736 2697 2791 οὗ
2752 2733 2862 2808 μὴν
2904 2737 3242 2811 παραχρῆμα
3299 2731 3491 2808 ἐποίει,
3540 2740 3686 2789 τοῦτο
3738 2735 3815 2787 τοῦ

2197 2825 2363 2899 νόμου
2393 2821 2690 2888 κωλύοντος
2721 2822 2778 2877 ὃν
2823 2819 3139 2899 Ἀμὸρόσιος
3177 2825 3205 2878 ὁ
3236 2822 3406 2900 μέγας
3467 2826 3675 2891 τεθῆναι
3704 2843 3815 2900 παρ⁴

2184 2198 2306 2262 τοὺς
2377 2197 2629 2253 ἀνιάσειν·

461 2908 660 2977 tamen
684 2914 844 2977 illico
865 2911 1682 2994 exsequebatur,prohibente
1700 2913 1811 2975 hoc
1828 2913 2114 2976 nimirum

2203 2914 2402 2990 ῄνισεν.
2440 2909 2657 2978 Ἐπειδὴ
2716 2908 2766 2966 δὲ
2800 2912 2940 2988 παρὰ
2983 2912 3080 2979 τὴν
3127 2912 3467 2994 Ἀντιοχειαν
3499 2914 3627 2982 ἧκον
3655 2915 3698 2969 οἱ
3738 2912 3814 2975 τὰς

464 3010 786 3082 lege,quam
807 3010 1033 3065 hortatu
1051 3023 1152 3064 sua
1175 3020 1424 3078 magnus
1454 3007 1796 3064 Ambrosius
1826 3009 2116 3066 ferendam

2203 3000 2426 3066 ἀπειλὰς
2482 3000 2681 3064 ἐκείνας
2714 3001 3015 3076 κομίζοντες
3065 3000 3402 3083 (Ἐλλὲνιχός
3438 3026 3493 3060 τε
3551 3002 3814 3081 στρατηγὸς

464 3103 782 3153 curaverat.
804 3093 912 3151 Sed
928 3101 1303 3163 posteaquam
1326 3093 1425 3163 qui
1451 3094 1637 3148 minas
1659 3093 1788 3149 illas
1811 3094 1956 3151 terre
1973 3094 2116 3166 jussi

2206 3093 2494 3158 τηνικαὺτα
2552 3090 2626 3147 ὢν
2658 3092 2744 3146 καὶ
2804 3091 3087 3168 Καισάριος
3119 3098 3222 3148 τῶν
3268 3091 3555 3169 βασιλείων
3607 3097 3814 3172 ἡγούμε-

466 3182 926 3254 sunt,venerunt
940 3176 996 3236 in
1014 3176 1224 3236 urbem
1246 3175 1766 3255 Antiochiam(dux
1787 3185 1980 3238 autem
1998 3193 2116 3247 erat

2204 3202 2314 3255 νος,
2366 3182 2656 3259 μάγιστρον
2699 3178 2752 3235 δὲ
2810 3182 2855 3236 οἱ
2912 3171 3169 3253 Ῥωμαῖοι
3226 3180 3450 3241 καλοῦσι
3505 3184 3595 3242 τὸν
3648 3181 3815 3247 ταύτήν

471 3277 609 3327 tunc
657 3263 1068 3337 Hellenicbus,
1106 3271 1166 3323 et
1209 3264 1497 3325 Caesarius
1540 3266 1857 3346 praefectus
1903 3274 2116 3347 praeto-

2205 3268 2402 3350 ἔχοντα
2457 3270 2556 3336 τὴν
2617 3268 2839 3349 ἀρχὴν),
2886 3269 2938 3324 ἐν
2996 3265 3097 3325 δέει
3149 3270 3247 3329 μὲν
3287 3270 3428 3338 ἦσαν
3484 3273 3696 3335 ἅπαντες
3732 3272 3812 3335 τὰς

468 3355 672 3428 rianis,
709 3352 987 3431 magister
1013 3368 1154 3412 vero
1184 3369 1218 3412 a
1249 3351 1536 3413 Romanis
1564 3352 1807 3427 dicitur,
1838 3354 1940 3434 qui
1973 3355 2116 3416 ade-

2204 3356 2428 3422 ἀπειλὰς
2487 3356 2944 3436 περιπεφρικότες’
3022 3358 3067 3413 οἱ
3122 3355 3176 3414 δὲ
3264 3360 3362 3427 τὴν
3440 3362 3686 3432 δπωρειαν
3740 3359 3810 3415 οἱ·

473 3452 604 3524 ptus
662 3450 755 3503 est
804 3443 958 3504 hanc
1006 3441 1406 3520 dignitatem),
1444 3442 1701 3504 universi
1751 3443 1992 3523 quidem
2058 3444 2116 3505 in

2205 3454 2414 3512 κοῠντες
2470 3450 2570 3513 τῆς
2629 3444 2825 3524 ἀρετῆς
2872 3444 3095 3513 ἀθληταί
3156 3445 3365 3527 (πολλοῖ
3415 3448 3474 3507 δὲ
3529 3453 3661 3518 ἦσαν
3712 3444 3815 3505 κατ’

473 3544 632 3594 metu
646 3529 1361 3605 versabantur,minarum
1384 3530 1603 3592 exitum
1631 3530 2114 3596 reformidantes.

2203 3537 2369 3594 ἐκεινο
2434 3536 2649 3615 καιροῦ)
2703 3537 3038 3616 συνήχθοντο
3097 3550 3216 3603 τοῖς
3274 3544 3341 3615 τῇ
3389 3540 3587 3617 ἀπειλῇ
3640 3537 3813 3598 ὑποϐε-

472 3620 724 3684 Virtutis
753 3629 949 3683 autem
1002 3618 1088 3680 ilii
1117 3619 1374 3696 athletae,
1409 3620 1510 3701 qui
1540 3622 1615 3682 ad
1674 3622 1909 3685 radices
1941 3642 2115 3685 mon-

2203 3624 2512 3702 ϐλημένοις,
2574 3629 2662 3683 καὶ
2730 3627 3072 3706 περιέτρεχον
3152 3649 3481 3709 πανταχου,
3545 3631 3627 3688 καὶ
3706 3628 3815 3707 ὑπὲρ

472 3711 616 3772 tium
651 3709 1011 3789 habitabant,
1046 3727 1299 3789 quorum
1332 3712 1540 3789 ingens
1572 3720 1698 3773 erat
1741 3722 1877 3775 tunc
1908 3714 2114 3776 multi-

2203 3721 2304 3772 τῶν
2335 3714 2715 3790 καλαζομένων
2746 3717 2816 3778 ὡς
2849 3714 3064 3773 δυνατὸν
3096 3717 3449 3792 παρεκάλουν.

474 3801 642 3875 tudo,
674 3801 749 3861 iis
779 3819 928 3878 quos
960 3798 1320 3879 percellebat
1370 3800 1784 3883 comminatio,
1820 3803 2357 3884 compatiebantur,
2391 3811 2449 3866 et
2496 3804 2963 3886 circumquaque
2995 3816 3325 3886 cursantes,
3359 3808 3439 3872 de
3469 3809 3543 3872 iis
3573 3807 3702 3871 viris
3729 3806 3814 3887 qui

477 3890 767 3969 supplicio
797 3889 1033 3951 fuerant
1064 3888 1283 3963 atTecti,
1317 3903 1608 3967 quantum
1645 3891 1882 3968 licebat,
1908 3893 2053 3954 alios
2084 3894 2454 3958 solabantur.

494 4010 507 4021 ν
557 3977 767 4041 XXXI.
824 3976 989 4040 Unus
1049 3986 1244 4074 autem
1300 3998 1370 4041 ex
1403 3981 1692 4074 illiserat
1721 3982 1808 4043 vir
1860 3991 2116 4059 sanctus,

2291 3984 2420 4047 ΛΜ,
2457 3989 2552 4051 Εἷς
2610 3984 2663 4042 δέ
2691 4007 2770 4052 τις
2802 3984 2853 4053 ἐξ
2911 3991 3076 4046 αεότῶν
3106 3987 3239 4066 ἀνὴρ
3294 3988 3476 4070 ἅγιος,
3506 3992 3658 4074 ἀρετῇ
3686 3988 3810 4065 πόσῃ

482 4075 799 4130 exornatus
828 4070 989 4127 omni
1022 4069 1256 4143 virtute,
1285 4078 1341 4130 et
1372 4071 1472 4150 qui
1498 4070 1593 4133 die
1623 4079 1918 4153 nocteque
1949 4092 2116 4154 puras

2210 4075 2615 4151 κεκοσμημένος
2660 4077 2747 4133 καὶ
2815 4077 3018 4149 νύκτωρ
3061 4080 3145 4135 καὶ
3188 4077 3307 4154 μεθ’
3346 4069 3568 4160 ἡμέραν
3608 4087 3677 4157 τῷ
3728 4090 3823 4160 Σω-

482 4157 780 4220 orationes
809 4155 1074 4217 omnium
1097 4158 1383 4219 Salvatori
1409 4160 1718 4222 oﬂ‘erebat.
1744 4160 1852 4223 Hic
1885 4181 1994 4224 nec
2022 4165 2116 4223 im.

2212 4169 2332 4242 τῆρι
2390 4171 2497 4221 τῶν
2573 4163 2712 4220 ὅλων
2779 4168 3007 4245 καθαρὰς
3079 4170 3389 4249 προστέρων
3456 4155 3661 4252 ε’ύχᾶςμ
3693 4158 3820 4236 οὗτος

481 4244 777 4326 peratoris
839 4245 987 4306 iram
1044 4254 1339 4323 metuens,
1375 4266 1486 4309 nec
1546 4266 1750 4310 eorum
1813 4251 1911 4329 qui
1964 4251 2109 4313 miss

2215 4253 2330 4311 οὔτε
2407 4257 2498 4311 τοῦ
2565 4254 2828 4332 βασιλέως
2900 4244 3427 4336 καταπλαγεῖςττὴν
3503 4244 3659 4341 όργῆν
3726 4260 3821 4319 οὗτε

482 4342 672 4408 erant,
724 4343 1077 4414 potestatem
1110 4336 1309 4397 animo
1359 4347 1669 4415 reputans,
1703 4357 1838 4400 cum
1894 4340 1953 4400 in
2002 4359 2116 4403 me-

2218 4342 2622 4401 ἀποσταλέντων
2696 4345 2794 4412 τὴν
2864 4343 3095 4410 ἐξουσίαν
3154 4350 3223 4414 εἷς
3287 4372 3405 4406 νουν
3468 4336 3659 4433 λαᾶὒν,
3713 4351 3823 4409 κατᾶ

480 4424 641 4485 diam
704 4423 917 4485 urbem
948 4425 1238 4500 venisset,
1271 4434 1329 4486 et
1378 4426 1634 4487 amiculo
1692 4428 1943 4490 alterum
1977 4429 2116 4510 lega.

2216 4434 2378 4509 μέσον
2427 4435 2488 4490 τὸ
2533 4432 2662 4489 ἄστυ
2719 4435 3024 4513 γενόμενος.
3084 4439 3174 4494 καὶ
3215 4444 3315 4506 τῆς
3352 4440 3599 4521 χλανίδος
3640 4423 3823 4519 θατέρου

479 4522 677 4574 torum
722 4512 1239 4601 apprehendisSet,
1268 4513 1443 4590 jussit
1474 4524 1803 4593 utrumque
1858 4537 1927 4580 ex
1961 4520 2131 4601 equis

482 4600 874 4664 descendere.
932 4601 1007 4663 l-li
1040 4619 1177 4663 vero
1210 4620 1451 4682 parvum
1487 4605 1846 4682 seniculum,
1874 4600 2129 4690 eumque

481 4689 582 4752 vili
613 4708 806 4770 panno
827 4691 1169 4753 vestitutum
1203 4693 1750 4774 conspicati,primo
1774 4698 2014 4778 quidem
2039 4689 2131 4760 in-

484 4779 903 4860 dignabantur.
955 4781 1031 4844 At
1064 4799 1196 4844 cum
1257 4792 1459 4864 postea
1489 4786 1726 4865 quidam
1792 4806 1869 4848 ex
1901 4788 1973 4848 iis
2030 4789 2131 4869 qui

484 4869 909 4953 sequebantur,
940 4873 1218 4935 virtutem
1252 4874 1363 4935 viri
1405 4876 1903 4953 manifestassent,
1929 4879 2128 4942 conti-

482 4979 603 5023 nuo
631 4960 986 5023 desilierunt
1013 4981 1084 5024 ex
1101 4964 1296 5046 equis,
1317 4972 1376 5026 et
1405 4965 1567 5027 illius
1589 4985 1779 5045 genua
1811 4968 2130 5051 complexi,

484 5054 717 5115 veniam
754 5053 1074 5133 petierunt.
1123 5054 1229 5115 Vir
1257 5063 1450 5116 autem
1503 5065 1766 5132 sanctus,
1807 5075 1878 5118 ac
1937 5058 2133 5120 divina

481 5143 697 5223 plenus
726 5142 1037 5225 sapientia,
1076 5144 1175 5205 tali
1207 5145 1358 5226 apud
1394 5163 1496 5207 eos
1523 5164 1666 5207 usus
1706 5154 1796 5206 est
1824 5147 2129 5212 oratione:

483 5231 701 5309 Dicite,
725 5250 759 5292 ο
790 5249 925 5294 cara
956 5233 1172 5314 capita,
1208 5235 1558 5315 imperatori
1594 5254 1607 5298 :
1644 5237 1776 5298 Non
1810 5236 2137 5317 imperator

483 5322 701 5392 solum,
736 5339 940 5382 verum
976 5323 1152 5384 etiam
1186 5323 1364 5383 homo
1413 5324 1621 5387 existis
1656 5346 1670 5388 :
1733 5343 1810 5387 ne
1842 5326 2021 5404 igitur
2043 5345 2133 5388 so-

484 5410 608 5471 lum
657 5410 994 5490 imperium,
1029 5410 1133 5471 sed
1166 5411 1353 5490 ipsam
1386 5432 1626 5495 quoque
1672 5423 1943 5475 naturam
1979 5434 2128 5477 con-

482 5499 762 5575 sideres;
815 5518 951 5561 cum
984 5498 1144 5560 enim
1203 5501 1380 5561 homo
1433 5501 1537 5577 sis,
1573 5502 1843 5582 ejusdem
1907 5514 2131 5568 natura:

483 5586 861 5653 consortibus
920 5587 1203 5668 imperas.
1261 5586 1537 5652 Humana
1589 5607 1770 5671 porro
1802 5603 2014 5655 natura
2054 5595 2128 5657 ad

2211 4529 2318 4616 τῶν
2373 4522 2783 4616 ἀποσταλέντων
2827 4525 3106 4616 ἀρχόντων
3136 4526 3470 4616 λαϐόμενος,
3536 4532 3823 4616 ἀμφοτέρους

2211 4611 2274 4669 ἐκ
2327 4620 2432 4669 τῶν
2473 4613 2658 4671 ’ίππων
2707 4612 3005 4682 καταϐῆναι
3069 4615 3305 4681 κελεύει.
3355 4626 3415 4679 Οἱ
3475 4624 3528 4681 δὲ
3570 4611 3745 4703 μικρόν
3780 4640 3822 4674 τι

2211 4700 2479 4780 γερόντιον
2536 4700 2725 4770 εὖτελῆ
2786 4702 2944 4780 ῥάκια
3001 4703 3457 4784 περιϐεϐλημένον
3520 4700 3722 4785 ἰδόντες,
3773 4707 3821 4762 τὸ

2211 4797 2420 4870 πρῶτον
2477 4792 2575 4868 μὲν
2641 4794 2728 4849 καὶ
2791 4792 3048 4873 χαλεπῶς
3109 4795 3315 4875 ἔφερον,
3372 4799 3553 4862 ἔπειτα
3604 4800 3655 4858 δέ
3701 4814 3816 4857 τινες

2211 4886 2315 4937 τῶν
2366 4880 2737 4956 συνεπομένων
2789 4883 2885 4951 τὴν
2929 4885 3023 4940 τοῖ’)
3075 4883 3260 4964 ἀνδρὸς
3314 4887 3580 4961 ἐδήλωσαν
3626 4887 3811 4969 ἀρετήν’

2215 4967 2591 5040 κατεπήδησαν
2634 4992 2691 5027 τε
2734 4971 2840 5028 τῶν
2894 4972 3079 5031 ’ίππων
3125 4976 3290 5054 εὒθὺς,
3352 4984 3439 5038 καὶ
3494 4987 3594 5039 τῶν
3644 4967 3812 5036 ἐκείνου

2214 5060 2452 5138 γονάτων
2507 5057 2792 5136 λαϐόμενοι
2850 5068 3171 5142 συγγνώμην
3214 5067 3454 5140 ἐζήτουν,
3503 5064 3557 5131 Ὀ
3597 5070 3646 5127 δὲ
3684 5066 3812 5128 ὅσιος

2215 5148 2492 5240 ἀνὴργτῆς
2521 5149 2674 5240 θείας
2712 5151 2898 5231 σοφίας
2932 5152 3246 5233 ἐμφορηθεὶς
3301 5160 3527 5219 τοιοῖσδε
3569 5164 3688 5240 πρὸς
3728 5154 3810 5211 αὖ·

2216 5240 2335 5301 τοὺς
2364 5239 2634 5320 ἐχρήσατο
2663 5238 2869 5318 λόγοις⁶
2910 5242 3111 5301 Εἴπατε
3154 5244 3243 5330 δὴ,
3275 5252 3320 5305 ὦ
3362 5251 3500 5331 φίλοι
3529 5238 3713 5330 ἄνδρες,
3755 5248 3815 5317 τῷ

2216 5326 2452 5406 βασιλεῖ·
2518 5332 2590 5389 Ού
2620 5330 2866 5405 βασιλεὺς
2913 5333 2970 5389 εἶ
3021 5326 3387 5417 μόνον’-ἀλλὰ-
3418 5344 3502 5399 καὶ
3556 5326 3811 5416 ἄνθρωπος’

2214 5418 2291 5493 μὴ
2346 5419 2517 5475 τοίνυν
2560 5420 2693 5498 πρὸς
2737 5420 2909 5495 μόνην
2961 5421 3056 5501 ὅρα
3108 5426 3207 5493 τὴν
3264 5428 3549 5506 βασιλείαν,
3581 5426 3702 5485 ἀλλὰ
3740 5418 3813 5477 καὶ

2210 5508 2318 5600 τήν
2354 5510 2506 5600 φύσιν
2537 5508 2720 5600 ⁸αύτὴδ
2780 5509 3014 5600 λογίζουσ
3092 5512 3364 5597 ἄνθρωπος
3407 5521 3504 5600 γὰρ
3555 5516 3644 5594 ὢν,
3693 5515 3811 5600 ὁμο-

2211 5598 2353 5678 φυῶν
2407 5596 2729 5677 βασιλεύεις.
2794 5598 2924 5658 Κατ’
2984 5602 3162 5663 εἰκόνα
3203 5603 3258 5664 δὲ
3304 5596 3445 5668 θείαν
3477 5596 3585 5667 ⁷κιιὶ
3644 5599 3812 5683 ὁμοίω-
