4066 6146
322 324 431 393 881

1652 319 1841 385 VITA
1883 317 1942 379 S.
1975 314 2360 379 AMBROSII.

3569 315 3686 382 882

321 486 405 522 σιν
474 464 687 530 πάντως
740 466 776 532 ἡ
842 470 946 522 τῶν
1002 461 1290 540 ἀνθρώπωθ
1341 458 1787 537 δεδημιούργηται
1853 457 1957 538 φύ-

2055 454 2363 534 imaginem
2382 472 2449 516 ac
2466 451 2920 516 similitudinem
2939 451 3201 514 divinam
3222 451 3468 514 omnino
3490 452 3689 516 efficta

324 578 404 617 σις
441 574 456 590 ³
503 553 583 630 μὴ
626 556 794 612 τοίνυν
837 554 998 627 ὠμῶς
1062 553 1197 609 οὕτω
1259 552 1346 607 καὶ
1396 551 1617 616 ἀπηνῶς
1671 555 1761 605 τοῦ
1832 554 1964 605 Θεοῦ

321 645 422 711 τὴν
481 644 659 701 εἰκόνα
716 643 894 700 κέλευε
941 642 1397 721 κατασφάττεσθαι
1434 655 1448 671 ⁹
1503 636 1805 717 παροξύνεις
1862 638 1962 715 γὰρ

322 732 461 790 οὕτω
502 735 593 790 τὸν
654 734 1010 812 Δημιουργὸν,
1071 731 1171 800 τήν
1230 730 1429 788 ἐκείνου
1485 727 1725 798 κολάζων
1758 726 1958 789 εἰκόνα,

324 824 609 890 Σκόπησον
652 831 777 900 γοῦν
833 825 903 884 ὡς
961 824 1049 878 καὶ
1091 821 1153 877 σὺ
1208 817 1422 899 χαλκῆς
1476 817 1632 874 ἕνεκα
1676 815 1961 896 δυσχεραί-

326 935 429 968 νων
486 914 685 977 εἰκόνος
727 918 893 968 ταῦτα
937 923 1135 972 ποιεῖς.
1169 909 1334 967 “Οσον
1379 907 1434 963 δὲ
1466 906 1562 974 τῆς
1607 907 1819 986 ἀψύχου
1852 904 1961 961 δια-

327 1001 468 1081 φέρει
523 1003 557 1069 ἡ
611 1000 861 1080 ἔμψυχος
889 998 979 1056 καὶ
1021 1006 1163 1070 ζῶσα
1220 999 1308 1054 καὶ
1358 995 1579 1075 λογικῆ,
1607 993 1768 1063 δῆλον
1798 994 1961 1051 ἅπασι

328 1103 444 1152 τοῖς
498 1112 555 1146 τε
613 1098 730 1147 νοῦν
788 1089 1003 1169 ἔχουσιν
1056 1088 1253 1163 ὁμοίως
1310 1086 1406 1143 καί
1437 1085 1708 1153 αἴσθησιν.
1745 1086 1878 1162 Πρὸς
1909 1084 1963 1139 δὲ

402 1181 413 1197 Ι
757 1180 768 1199 1
1007 1179 1019 1192 ⁵
1306 1178 1318 1195 ι
1665 1174 1681 1192 \
1833 1172 1881 1193 IN

326 1201 526 1244 τουτοις
583 1179 882 1257 λογισασθω
961 1191 1185 1236 κακεῖνο
1222 1197 1233 1211 ·
1294 1198 1366 1241 ως
1424 1177 1562 1249 ἡμῖν
1623 1196 1717 1249 μεν
1787 1176 1962 1253 ῥᾳοιον

324 1269 439 1325 ἀντὶ
497 1268 590 1335 τῆς
651 1269 850 1331 εἰκόνος
896 1264 1056 1334 τῆσδε
1114 1264 1314 1328 πολλὰς
1368 1263 1754 1341 δημιουργῆσαι
1814 1262 1961 1343 χαλ-

322 1364 419 1422 κᾶς
453 1376 472 1395 ⁶
537 1363 677 1432 αὖτῳ
732 1357 788 1413 δὲ
843 1363 1125 1437 προφανῶς
1183 1354 1433 1412 ἀδύνατον
1478 1353 1600 1431 μίαν
1668 1361 1787 1432 γοῦν
1863 1358 1963 1409 τῶν

322 1446 695 1521 ἀναιρεθέντων
740 1445 1130 1525 δημιουργῆσαι
1161 1446 1343 1524 τρίχα.

2049 555 2179 619 est;
2215 544 2498 624 quocirca
2548 543 2670 606 noli
2706 551 2820 604 tam
2884 542 3211 605 crudeliter
3260 550 3437 623 alque
3467 542 3687 603 imma-

2050 634 2210 696 niter
2248 632 2566 712 imaginem
2600 632 2706 696 Dei
2731 633 3123 714 jugulandam
3183 632 3553 712 praecipere;
3602 631 3689 694 sic

2047 724 2204 785 enim
2229 723 2299 784 ad
2332 724 2479 784 iram
2515 723 2780 785 concitas
2807 723 3141 801 Artiﬁcem,
3172 722 3313 783 dum
3348 722 3408 782 in
3440 723 3569 801 ejus
3596 721 3689 783 ef-

2046 813 2240 893 figiem
2273 813 2716 876 animadvertis.
2743 811 3057 894 Perpende
3081 811 3260 890 igitur
3289 810 3686 892 quemadmo—

2047 904 2184 964 dum
2222 912 2280 964 tu
2312 910 2440 985 ipse
2474 911 2718 985 propter
2739 903 2987 981 ﬁguram
3012 919 3226 963 aeream
3251 900 3506 980 graviter
3528 920 3689 961 com-

2048 1001 2242 1054 motus
2273 993 2386 1056 ista
2415 994 2709 1073 designas.
2741 992 2969 1065 Quanto
3002 1000 3201 1052 autem
3229 994 3424 1069 imago
3456 991 3692 1071 spirans

2049 1090 2106 1143 et
2132 1084 2260 1144 viva
2323 1092 2379 1145 et
2430 1083 2735 1145 rationalis
2795 1081 2986 1162 potior
3042 1090 3153 1156 est,
3188 1097 3364 1161 quam
3398 1080 3686 1155 inanima,

2051 1173 2425 1252 perspicuum
2462 1182 2545 1233 est
2578 1171 2877 1246 omnibus,
2932 1173 3035 1248 qui
3093 1170 3333 1250 quidem
3390 1178 3590 1231 mente
3621 1188 3689 1231 ac

2048 1277 2226 1323 sensu
2259 1262 2379 1323 sint
2409 1261 2663 1342 praediti.
2703 1259 2995 1323 Praeterea
3027 1269 3085 1322 et
3127 1260 3241 1321 hoc
3269 1277 3474 1321 secum
3504 1276 3687 1339 repu-

2050 1358 2151 1423 tet,
2188 1349 2360 1411 nobis
2391 1350 2596 1427 utique
2622 1349 2959 1429 expeditum
3016 1368 3148 1411 esse
3195 1368 3300 1429 pro
3356 1357 3548 1411 statua
3580 1350 3691 1411 ista

2050 1440 2250 1520 plures
2270 1458 2455 1501 aereas
2478 1439 2622 1500 alias
2653 1440 2913 1500 conﬂare
2948 1459 2961 1497 :
3002 1439 3086 1498 illi
3118 1456 3149 1499 e
3180 1439 3476 1500 contrario
3512 1455 3690 1518 pror-

2044 1547 2144 1589 sus
2164 1527 2559 1608 impossibile,
2596 1528 2936 1608 eorum,qui
2960 1529 3155 1590 necati
3180 1538 3341 1608 sunt,
3377 1528 3474 1590 vel
3505 1547 3686 1589 unum

2043 1618 2269 1680 crinem
2305 1618 2659 1697 procudere.

406 1716 533 1780 AB'.
618 1717 828 1775 Τούτων
904 1713 1226 1777 ἀκούσαντες
1315 1716 1362 1769 οἱ
1418 1716 1707 1787 θαυμαστοὶ
1780 1709 1960 1786 ἄνδρες

2124 1695 2348 1769 XXXII.
2384 1704 2491 1770 llis
2524 1695 2784 1788 auditis,
2818 1706 3202 1769 admirabiles
3254 1706 3341 1767 illi
3393 1706 3503 1768 viri
3555 1726 3688 1788 quae

321 1806 543 1886 ἐκεῖνοι,
604 1806 859 1880 μηνύουσι
904 1811 980 1878 τῷ
1024 1802 1244 1880 βασιλεῖ
1296 1804 1359 1858 τὰ
1412 1801 1663 1880 εἰρημένα
1706 1805 1801 1858 καὶ
1860 1800 1959 1867 τήν

2055 1798 2200 1861 dicta
2236 1798 2488 1872 fuerant,
2524 1798 2862 1874 significant
2895 1796 3242 1875 imperatori
3277 1805 3335 1857 et
3368 1796 3692 1859 iracundiae

321 1906 413 1956 τοῦ
466 1884 629 1961 θυμοῦ
672 1892 995 1951 κατέσϐεσαν
1035 1892 1209 1972 φλόγα
1243 1908 1257 1922 ⁸
1293 1894 1364 1955 ὡς
1416 1892 1528 1948 ἀντὶ
1573 1913 1677 1947 των
1726 1888 1960 1947 ἀπειλῶν

2055 1889 2343 1949 ﬂammam
2375 1888 2802 1965 exstinguunt;
2866 1884 2949 1946 ita
2997 1893 3062 1946 ut
3118 1885 3409 1946 minarum
3440 1886 3689 1947 istarum

323 1985 538 2041 ἐκείνων
595 1983 889 2061 ἀπολογίαν
941 2004 999 2038 τε
1043 1983 1228 2039 αὒτίκα
1280 1983 1480 2060 γράψαι
1527 1978 1621 2036 καὶ
1671 1984 1768 2046 της
1799 1981 1959 2056 ὀργῆς

2055 1978 2174 2040 loco
2207 1997 2381 2059 quam
2410 1978 2671 2058 primum
2705 1980 2796 2037 sui
2830 1972 3123 2037 scriberet
3153 1980 3696 2054 excusationem,et

326 2076 424 2143 τὴν
482 2075 650 2130 αἰτίαν
694 2071 953 2140 δηλῶσαι.
991 2074 1097 2131 Οὗκ
1129 2069 1231 2127 ἔδει
1262 2073 1382 2150 γὰρ,
1421 2070 1547 2151 ἔφη,
1593 2073 1725 2145 ιιμοῦ
1767 2068 1956 2143 πλημ-

2055 2069 2145 2129 iraa
2172 2087 2295 2129 sum
2351 2087 2587 2131 causam
2651 2074 3002 2148 exponeret.
3057 2068 3189 2129 Non
3226 2064 3476 2127 decebat
3507 2067 3693 2141 enim,

326 2164 684 2243 μελήσαντος,
757 2176 987 2240 γυναῖκα
1070 2162 1244 2228 πάσης
1333 2164 1591 2240 εὐφημίας
1662 2158 1958 2226 ἀξιωτάτην

2055 2157 2372 2237 inquiebat,
2404 2177 2499 2221 me
2531 2158 2945 2237 delinquente,
2975 2172 3225 2217 uxorem
3256 2173 3447 2215 meam
3483 2154 3699 2235 praedi-

323 2255 584 2319 τοσαύτην
644 2254 779 2327 μετά
850 2250 1113 2318 τελευτὴν
1171 2249 1411 2315 δέξασθαι
1481 2249 1798 2327 παροινίαν·
1847 2246 1966 2303 κατ’

2055 2247 2282 2307 catione
2304 2246 2468 2307 omni
2493 2249 2670 2326 longe
2691 2245 3108 2325 dignissimam
3135 2252 3363 2305 tantum
3387 2252 3698 2307 contumeo

324 2342 457 2418 ἐμοῦ
512 2341 565 2397 δὲ
610 2341 776 2421 ἐχρῆν
831 2342 922 2398 τὸν
977 2342 1140 2414 θυμὸν
1169 2341 1290 2401 τοὺς
1335 2339 1762 2416 ἀγανακτοῦντας
1808 2336 1964 2393 ὁπλί-

2055 2334 2144 2397 liae
2176 2344 2308 2416 post
2356 2344 2608 2397 mortem
2668 2335 2969 2396 sustinere
3005 2356 3019 2394 :
3071 2334 3176 2395 sed
3229 2352 3333 2395 eos
3364 2333 3463 2415 qui
3494 2335 3694 2396 animo

330 2455 442 2492 σαι.
483 2431 781 2507 Προσετίθει
835 2427 887 2484 δὲ
922 2436 1101 2500 τοῦτο,
1163 2431 1235 2490 ὡς
1280 2427 1426 2483 ἀ)ὀει
1490 2429 1573 2483 καὶ
1627 2426 1830 2482 ἀνιᾶται
1879 2448 1965 2481 τι-

2055 2445 2160 2486 suo
2192 2424 2706 2505 obtemperarunt,
2740 2433 2949 2487 contra
2984 2442 3078 2485 me
3107 2423 3423 2503 oportebat
3453 2424 3694 2485 iracun-

331 2543 426 2583 νας
459 2521 558 2575 ὑπὸ
602 2518 704 2575 τῶν
750 2518 1027 2597 ἀρχόντων
1058 2518 1348 2594 ἀνῃρῆσθαι
1408 2516 1609 2591 μαθών.
1664 2516 1815 2573 Οὕτω
1870 2517 1966 2589 μὲν

2055 2514 2205 2574 diam
2239 2533 2472 2575 armare
2504 2532 2695 2577 suam.
2727 2514 2834 2576 His
2866 2521 3157 2594 praeterea
3184 2511 3490 2591 subjunxit
3520 2511 3691 2586 illud,

331 2613 425 2666 οὖν
486 2612 512 2665 ὁ
557 2609 906 2689 φιλόχριστος
951 2607 1198 2684 βασιλεὺς
1232 2608 1318 2665 καὶ
1348 2606 1565 2663 τοιαῦτα
1591 2607 1692 2661 ὑπὸ
1723 2612 1816 2661 τοῦ
1840 2608 1966 2660 θαυ-

2055 2603 2183 2682 angi
2244 2622 2309 2667 se
2362 2603 2546 2665 animi
2604 2612 2780 2684 atque
2838 2604 3048 2665 dolere
3108 2602 3267 2682 quod
3319 2600 3697 2681 cognovisset

329 2706 535 2776 μαστοῦ
596 2696 913 2777 ’Λμϐροσίου
970 2695 1311 2773 πεπαίδευτο,
1379 2697 1467 2752 καὶ
1525 2696 1786 2762 τοσαύτης
1843 2695 1966 2772 παρ’

2055 2712 2084 2753 n
2115 2693 2407 2772 praefectis
2441 2701 2631 2754 morte
2687 2694 2930 2755 affectos
2990 2692 3276 2773 quosdam
3332 2691 3535 2753 fuisse.
3570 2689 3697 2752 Hoc

329 2791 487 2845 αὐτοῦ
544 2791 640 2856 τῆς
701 2787 924 2867 χάριτος
986 2788 1070 2843 καὶ
1127 2785 1221 2853 τῆς
1296 2789 1655 2861 πνευματικῆς
1711 2783 1966 2862 ὠφελείας

2055 2783 2250 2862 itaque
2276 2783 2448 2843 modo
2468 2782 2795 2862 imperator
2818 2782 3041 2844 Christi
3080 2780 3332 2853 amicus,
3359 2778 3696 2859 talibusque

324 2876 644 2939 ἀπέλαυσεν,

411 3152 535 3213 AI".
582 3149 644 3206 Ὀ
702 3146 756 3203 δὲ
812 3149 958 3210 θεῖος
1030 3145 1182 3208 οὗτος
1243 3141 1596 3222 Ἀμϐρόσιος,
1651 3142 1710 3197 ὃν
1753 3138 1965 3216 εἴρηται

328 3242 547 3317 τρόπον,
609 3240 665 3294 ἐν
722 3242 792 3312 τῇ
845 3242 937 3292 τοό
969 3241 1193 3311 Χριστοῦ
1241 3231 1535 3305 Ἐκκλησία
1575 3230 1629 3287 ὲν
1675 3227 1967 3309 ὀρθοδόξοις

330 3330 562 3407 δόγμασι
618 3325 953 3403 διαλάμψας,
985 3321 1235 3394 ζηλωτής
1269 3344 1326 3379 τε
1356 3323 1441 3379 καὶ
1499 3321 1812 3399 ὺπέρμαχος
1871 3321 1971 3384 της

334 3417 583 3484 ἀληθείας
612 3416 915 3494 γενόμενος,
977 3416 1070 3471 καί
1116 3410 1545 3480 ἐποικοδομήσας
1594 3410 1686 3467 ἐπῖ
1744 3416 1821 3483 τῷ
1878 3412 1970 3465 θε-

342 3507 507 3583 μελίῳ
561 3512 664 3561 τῶν
723 3502 1034 3560 ἀποστόλων
1120 3503 1206 3557 καὶ
1293 3506 1603 3580 προφητῶν,
1670 3498 1860 3577 λόγους
1912 3519 1972 3553 τε

338 3594 625 3674 ὄρθοδοξίας
709 3594 798 3650 καὶ
877 3589 1213 3653 διδασκαλίας
1274 3591 1577 3668 ἐκθέμενος,
1638 3590 1725 3644 καὶ
1797 3594 1972 3643 πᾶσαν

336 3688 439 3743 ὑπὸ
500 3685 703 3762 Ἀρείου
745 3683 833 3739 καὶ
891 3678 1294 3758 Ἀπολλιναρίου
1348 3681 1706 3735 καινισθεϊσαν
1768 3676 1973 3751 αἵρεσιν

337 3774 637 3846 ἀπελάσας,
694 3772 864 3828 πάντα
920 3792 978 3826 τε
1025 3770 1092 3826 τὰ
1122 3775 1219 3835 τῆς
1250 3768 1407 3825 αὐτοῦ
1464 3765 1750 3833 ἐκκλησίας
1794 3763 1972 3825 καλῶς

336 3865 661 3939 διαθέμενος,
722 3861 810 3917 καὶ
853 3861 926 3924 εἰς
970 3860 1097 3937 βαθὺ
1157 3863 1326 3937 γῆρας
1382 3856 1604 3929 ἒλάσας,
1661 3853 1871 3933 πλήρης
1914 3874 1973 3909 τε

337 3957 550 4031 ἡμερῶν
608 3950 916 4028 γενόμενος,
976 3949 1308 4005 ἀνεπαύσατο
1397 3946 1451 4001 ἐν
1535 3946 1744 4023 εἰρήνῃ,
1805 3943 1969 4006 τεθεὶς

330 4048 389 4100 ἓν
443 4049 512 4120 τῇ
562 4040 820 4112 ἐκκλησίᾳ
863 4036 1217 4117 Μεδιολάνων,
1272 4037 1492 4112 μνήμην
1544 4034 1718 4101 ἀληθῆ
1751 4034 1841 4089 τὸν
1872 4036 1968 4091 αὖ·

334 4143 430 4192 τοὺ
457 4133 571 4210 βίον
601 4128 914 4187 καταλιπὼν
944 4130 1037 4185 καί
1073 4128 1139 4184 τὰ
1171 4127 1555 4205 κατορθώματα
1590 4141 1607 4160 ⁶
1666 4125 1739 4180 ὧν
1784 4122 1972 4193 ζηλω-

2055 2870 2369 2951 praeceptis
2398 2870 2472 2933 ab
2504 2870 2848 2934 admirabili
2896 2869 3217 2933 Ambrosio
3247 2869 3437 2931 fuerat
3465 2869 3695 2930 institu-

2054 2967 2169 3037 tus,
2206 2967 2548 3038 tantamque
2575 2960 2822 3039 gratiam
2855 2978 2924 3023 ac
2973 2959 3343 3041 spiritualem
3381 2958 3694 3021 utilitatem

2051 3048 2125 3110 ab
2159 3067 2229 3110 eo
2263 3059 2638 3130 perceperat.

2133 3137 2387 3202 XXXIII.
2420 3139 2668 3203 Divinus
2719 3148 2916 3202 autem
2964 3141 3061 3201 hic
3114 3139 3463 3201 Ambrosius
3492 3140 3552 3201 in
3586 3138 3693 3200 Ec-

2057 3227 2259 3295 clesia.
2317 3228 2822 3309 quemadmodum
2878 3228 3103 3291 dictum
3164 3239 3289 3309 est,
3352 3228 3698 3290 orthodoxis

2055 3318 2350 3397 dogmatis
2384 3318 2664 3398 fulgens,
2715 3319 3143 3399 aemulatorque
3193 3319 3458 3380 veritatis
3507 3318 3698 3381 factus

2057 3417 2114 3469 et
2147 3417 2568 3487 propugnator,
2595 3426 2727 3470 cum
2762 3427 2945 3488 super
2974 3410 3423 3471 fundamentum
3455 3417 3698 3488 aposto.

2055 3497 2247 3558 lorum
2271 3516 2339 3559 ac
2371 3498 2791 3578 prophetarum
2846 3498 3343 3573 aedificassetmec
3372 3516 3488 3558 non
3519 3505 3699 3559 rectm

2058 3587 2342 3648 doctrinae
2368 3606 2436 3648 ac
2467 3586 2801 3666 disciplinae
2832 3588 3012 3648 verba
3067 3587 3465 3665 exposuisset,
3499 3585 3700 3665 fugata

2059 3674 2321 3754 qualibet
2362 3675 2576 3736 haeresi
2599 3675 2674 3736 ab
2706 3676 2848 3737 Ario
2872 3683 3051 3755 atque
3080 3675 3450 3755 Apollinario
3485 3692 3699 3737 recens

2057 3763 2311 3839 invecta,
2348 3779 2404 3825 et
2439 3763 2706 3825 Ecclesia
2734 3782 2840 3825 sua
2892 3765 2952 3824 in
2984 3764 3265 3826 omnibus
3296 3763 3521 3844 optime
3549 3782 3697 3825 con-

2060 3853 2282 3922 stituta.
2317 3852 2376 3914 in
2411 3852 2770 3932 profundam
2805 3871 3160 3934 progressus
3198 3861 3590 3928 senectutem,
3626 3872 3699 3916 ac

2060 3941 2292 4002 dierum
2327 3942 2561 4022 plenus,
2596 3943 2656 4003 in
2689 3960 2832 4022 pace
2882 3942 3192 4024 requievit.
3231 3942 3580 4005 Tumulatus
3612 3954 3701 4006 est

2054 4032 2116 4091 in
2148 4030 2402 4094 ecclesia
2458 4031 2915 4108 Mediolanensi,
2974 4050 3166 4094 veram
3224 4034 3570 4095 memoriam
3607 4035 3701 4095 sui

2055 4121 2425 4201 relinquens,
2458 4121 2761 4203 propriam
2794 4122 3000 4199 utique
3031 4122 3204 4183 vitam
3229 4132 3285 4183 et
3310 4132 3471 4184 recte
3506 4123 3696 4185 facta:

333 4224 427 4287 τας
479 4223 566 4278 καὶ
606 4221 748 4293 ἡμᾶς
807 4218 1050 4295 γενέσθαι
1106 4216 1472 4289 καταξιώσειε,
1508 4216 1595 4272 καὶ
1654 4216 1759 4270 τῶν
1802 4216 1966 4270 αὐτῶν

2058 4230 2313 4292 quorum
2369 4218 2434 4272 ut
2496 4230 2604 4272 nos
2664 4229 2906 4292 quoque
2967 4211 3286 4272 evadamus
3345 4212 3696 4293 imitatores,

335 4308 573 4386 ἀμοιςῶν
616 4309 799 4381 ἐκείνῳ
841 4309 927 4364 καί
971 4314 1077 4364 τών
1140 4308 1408 4384 στεφάνων
1467 4305 1746 4385 ἐπιτυχεῖν
1791 4304 1966 4383 χάριτι

2061 4301 2390 4381 eademque
2442 4319 2578 4361 cum
2612 4300 2714 4361 illo
2757 4300 3000 4381 praemia
3057 4310 3235 4381 atque
3265 4319 3517 4362 coronas
3547 4301 3704 4363 obti-

333 4402 424 4458 καὶ
480 4398 843 4477 φιλανθρωπίᾳ
884 4404 975 4453 τοῦ
1024 4398 1210 4473 Κυρίου
1265 4397 1423 4468 ἡμῶν
1492 4395 1672 4461 Ἰησοῦ
1724 4399 1973 4471 Χριστοῦ,

336 4492 383 4564 ᾧ
435 4487 559 4554 δόξα
616 4490 704 4543 καὶ
736 4488 795 4542 τὸ
849 4487 1038 4565 κράτος
1072 4487 1143 4548 εἰς
1186 4484 1306 4547 τοὺς
1359 4485 1551 4548 αἰῶνας
1597 4485 1702 4539 τῶν
1746 4482 1972 4539 αἰώνων.

338 4575 537 4653 ’Δμήν.

2058 4389 2462 4470 neamus,ipse
2482 4389 2974 4470 dignetur,gratia
2997 4400 3054 4451 et
3075 4390 3441 4468 benignitate
3465 4390 3703 4452 Domini

2060 4486 2243 4542 nostri
2272 4481 2411 4543 Jesu
2443 4480 2692 4554 Christi,
2724 4480 2821 4541 cui
2868 4481 3059 4542 honor
3089 4491 3181 4541 est
3238 4489 3414 4560 atque
3446 4488 3704 4560 potestas

2060 4570 2122 4632 in
2150 4570 2366 4632 saecula
2396 4569 2781 4633 saeculorum.
2814 4568 3029 4633 Amen.
