4066 6146
442 274 559 349 887

444 498 820 581 clesiam,qui
846 503 1240 564 considebant
1274 521 1482 565 rursus
1513 504 2092 584 Autiochiznfetenim

1692 286 2076 348 ADDENDA.
2137 316 2213 329 —-
2273 285 2570 349 JUNIUS.

523 410 596 469 V.
630 409 779 473 Cum
809 411 1169 475 Athanasius
1199 409 1395 476 autem
1421 432 1585 476 suam
1627 417 1956 491 recepisset
1988 434 2091 477 ec-
2116 424 2155 472 A

3684 295 3786 362 888

2263 414 2346 475 E'.
2397 413 2706 474 Ἀθανασίου
2781 416 2834 475 δὲ
2904 419 3003 488 τὴν
3061 419 3191 478 ἰδίαν
3234 421 3581 491 ἀναλαϐόντος
3607 441 3787 496 εκκλη-

2179 507 2318 580 σίαν,
2367 509 2412 563 οἱ
2463 506 2514 563 ἐν
2573 507 2880 588 Ἀντιοχείᾳ
2923 509 3083 567 πάλιν
3143 512 3529 592 συνεδρεύοντες
3558 520 3794 600 (καὶΔγάρ

449 606 662 651 rursus
714 600 1134 671 convenerant,
1169 602 1455 654 conantes
1499 594 1755 674 vicissim
1791 594 2095 657 criminari

2179 595 2460 672 συνῄεσαν,
2496 596 2848 674 ἀντεγκαλεῖν
2882 598 3277 681 ἐπιχειρούντες
3321 602 3521 677 Ἰουλίῳ
3547 607 3620 679 τῷ
3674 594 3794 665 «Ρῶὲ

440 679 661 741 Julium
715 679 1045 743 Romanum
1093 682 1471 762 episcopum)
1523 684 1795 763 protinus
1843 685 2092 765 impium

444 767 1008 850 Gregorium,quem
1040 769 1155 850 ipsi
1188 781 1402 850 praeter
1427 773 1588 852 leges
1615 774 2088 851 elegerant,mit—

444 866 578 920 tunt
609 858 1136 921 Alexandriam.Et
1160 879 1295 921 cum
1324 861 1564 941 quidem
1586 862 1907 925 reducebat
1934 882 2087 942 prae-

447 955 536 1008 tor
586 946 981 1029 Alexandria),
1011 967 1212 1010 secum
1240 950 1466 1012 ducens
1496 961 1720 1031 septem
1756 953 1937 1014 millia
1974 956 2089 1012 mi—

441 1036 635 1098 litum.
672 1034 840 1109 Quod
877 1054 1010 1097 cum
1042 1040 1377 1102 reseivisset
1427 1041 1809 1121 Athanasius,
1841 1041 2089 1103 Romam

443 1125 659 1187 iterum
684 1125 1268 1208 navigavit.P0pulus
1291 1137 1487 1191 autem
1514 1131 1947 1192 Alexandrinus
1973 1152 2089 1193 non

441 1214 641 1276 ferens
670 1232 796 1277 rem
826 1223 939 1277 tam
968 1218 1762 1301 nefariam,ecclesiam.quae
1776 1224 2087 1284 vocabatur

440 1303 727 1386 Dionysii,
754 1325 872 1369 non
904 1315 1069 1368 recte
1116 1308 1177 1368 id
1211 1308 1459 1390 faciens,
1492 1312 1738 1373 exussit.
1778 1310 1921 1373 Cum
1956 1331 2091 1373 vero

2178 683 2309 764 μης)
2371 688 2460 742 τὸν
2531 684 2755 753 δυσσεϐῆ
2814 690 3102 769 Γρηγόριον
3160 689 3243 749 διὰ
3295 693 3521 773 τάχους,
3575 697 3631 751 ὃν
3672 693 3796 755 οὗτοὶ

2177 774 2497 851 παρανόμως
2555 778 2992 855 ἐχειροτόνησαν,
3030 782 3102 844 εἷς
3159 782 3258 847 τὴν
3300 780 3637 860 Ἀλεξάνδρου
3691 787 3797 852 ἐξα-

2174 864 2541 937 ποστέλλουσι,
2597 866 2681 922 καὶ
2741 869 2974 945 κατῆγεν
3022 872 3176 926 αὐτὸν
3222 873 3249 926 6
3280 872 3377 937 τῆς
3434 871 3799 951 Ἀλεξανδρείας

2175 955 2498 1030 στρατηγὸς,
2561 954 2998 1036 ἑπτακισχιλίους
3058 960 3392 1036 στρατιώτας
3455 961 3569 1036 μεθ’
3633 964 3799 1021 ἑαυτοῦ

2173 1028 2529 1119 ἐπαγόμενος.
2590 1028 2652 1101 "0
2712 1028 2891 1119 μαθὼν
2950 1028 3257 1111 Ἀθανάσιος
3320 1052 3393 1114 εἷς
3452 1028 3548 1120 τὴν
3605 1054 3798 1129 Ῥωμην

2181 1130 2334 1187 πάλιν
2392 1131 2741 1198 ἀπέπλευσεν,
2807 1137 2865 1193 '0
2940 1136 2994 1192 δὲ
3061 1146 3167 1195 τῶν
3245 1140 3629 1217 Ἀλεξανδρέων
3686 1144 3798 1209 λαὸς

2177 1224 2269 1279 οὒκ
2325 1223 2554 1299 ἐνεγκὼν
2605 1225 2665 1279 16
2710 1224 2986 1301 ἔκθεσμον,
3020 1230 3119 1294 την
3163 1228 3500 1304 καλουμένην
3557 1235 3801 1291 Διονυσίου

2176 1307 2485 1377 ἐκκλησίαν,
2524 1315 2616 1370 οὒκ
2677 1314 2842 1390 ὀρθῶς
2901 1323 3198 1397 ποιοῦντες,
3242 1318 3564 1398 ἐνέπρησαν.
3636 1325 3803 1380 Μαθὼν

436 1394 781 1457 rescivisset
811 1396 1322 1479 Constantius,qui
1345 1399 1555 1478 agebat
1578 1401 2090 1475 Antiochim,l’au-

440 1483 565 1545 lum
595 1503 928 1565 praeconem
955 1487 1218 1548 veritatis
1255 1495 1314 1549 in
1346 1508 1512 1550 suam
1536 1489 1740 1551 sedem
1765 1510 1895 1553 esse
1918 1493 2093 1553 resti-

443 1580 653 1668 tutum.
682 1574 855 1668 jubet
903 1574 1268 1668 Hertnogeni
1300 1579 1432 1640 duci
1496 1581 1919 1661 exercitusqui
1955 1582 2095 1643 mit-

2181 1600 2289 1650 νον,
2333 1574 2643 1657 Ἐρμογένει
2701 1585 2778 1655 τῷ
2837 1582 3175 1662 στρατηλάτῃ
3221 1585 3523 1644 ἐντέλΛεται
3590 1574 3806 1668 πρὸς-τὰ

440 1662 676 1751 tebatur
707 1664 767 1724 in
799 1673 998 1744 partes
1050 1664 1297 1740 Traciai,
1332 1672 1644 1731 exturbare
1678 1688 1810 1731 eum
1872 1690 1941 1731 ex
1990 1689 2093 1733 ec-

2180 1669 2278 1731 τῆς
2337 1668 2546 1744 Θρᾴκης
2592 1668 2988 1746 ἐκπεμπομένῳ
3039 1674 3200 1751 μέρη,
3248 1674 3437 1739 ἐξῶσαι
3492 1662 3669 1734 τοῦτον
3720 1681 3807 1744 τῆς

440 1750 645 1845 clesia.
682 1752 753 1817 Et
782 1754 885 1845 ille
915 1755 1158 1835 quidem
1190 1774 1323 1817 cum
1380 1758 1639 1820 venisset
1670 1761 2093 1821 Constantino-

2182 1752 2533 1822 Ἰθῖκκλησίας.
2603 1759 2699 1814 Καὶ
2762 1760 2787 1815 6
2845 1760 2942 1832 μὲν
3001 1761 3099 1827 τὴν
3173 1766 3566 1824 Κωνσταντίνου
3609 1764 3806 1845 Θρᾶσας,

444 1840 648 1930 polim,
685 1843 964 1907 studebat
1018 1844 1240 1926 facere,
1273 1857 1335 1908 ut
1366 1848 1422 1909 ei
1470 1849 1658 1911 fuerat
1712 1849 2091 1930 imperatum.

2182 1842 2497 1915 ἐσπούδαζεν
2554 1848 2589 1922 ᾗ
2651 1848 3011 1924 προστέτακτο
3060 1851 3203 1923 δρᾷ-ι·
3266 1852 3327 1909 τό
3384 1853 3591 1921 πλῆθος
3629 1853 3679 1911 δὲ
3726 1861 3809 1915 οὒκ

438 1929 701 2011 Populus
729 1940 929 1995 autem
960 1953 1077 1996 non
1105 1942 1195 1997 est
1227 1936 1337 1998 hoc
1363 1957 1597 2019 passus,
1630 1939 1739 1999 sed
1773 1929 1827 1999 et
1856 1941 2095 2001 domum

2183 1934 2454 2012 ἠνείχετο,
2489 1934 2624 1991 ἀλλά
2682 1937 2776 2004 τήν
2827 1960 2883 1993 τε
2938 1941 3102 1995 οἰκίαν
3149 1942 3306 2001 αὖτοῦ
3342 1946 3701 2016 κατακαίουσι,
3733 1948 3809 2002 καὶ

443 2019 576 2097 ejus
606 2021 960 2101 incendunt,
994 2034 1054 2085 et
1100 2024 1297 2105 ipsum
1346 2036 1671 2089 extractum
1729 2028 2095 2091 interimunt.

2186 2025 2342 2080 αὔτὸν
2415 2025 2651 2100 σύροντες
2714 2024 3113 2107 διαφθείρουσιν·
3192 2029 3319 2109 ὅπερ
3363 2032 3595 2098 ἀκούσας
3670 2044 3807 2091 Κων-

439 2112 629 2181 tQuod
659 2116 891 2187 quidem
923 2131 1055 2175 cum
1087 2119 1357 2177 audiisset
1398 2122 1780 2184 Constantius.
1809 2125 2095 2194 aegerrime

2189 2114 2429 2180 στάντιος
2489 2112 2554 2170 δι’
2592 2116 2725 2194 ὀργῆ
2769 2117 2830 2171 16
2885 2120 3125 2198 πραχθὲν
3181 2120 3498 2195 ἐποιήσατο,
3530 2125 3613 2180 καὶ
3668 2123 3806 2186 αὗτὸς

450 2199 559 2261 υΙίι
590 2201 750 2281 quod
785 2202 1006 2266 factum
1039 2204 1232 2266 fuerat
1267 2222 1280 2266 :
1335 2212 1391 2265 et
1424 2224 1557 2266 cum
1592 2207 1718 2287 ipse
1752 2208 2008 2269 venisset
2038 2207 2095 2268 in

2187 2204 2285 2270 τὴν
2344 2203 2496 2260 πόλιν
2524 2204 2836 2261 καταλαϐὼν
2880 2211 2968 2263 τὸν
3013 2209 3111 2280 μὲν
3162 2210 3306 2267 ὅσιον
3340 2210 3546 2268 Παῦλον
3592 2211 3808 2271 ἀπελαύ-

446 2288 769 2373 civitatem,
798 2303 1067 2354 sanctum
1094 2294 1335 2375 quidem
1366 2297 1611 2358 Paulum
1639 2315 1706 2358 ex
1733 2315 1799 2357 ea
1831 2295 2094 2377 eapellit:

447 2386 507 2440 et
559 2379 854 2443 civitatem
888 2383 1096 2445 multat
1147 2385 1471 2464 frumento,
1505 2386 1695 2448 ablato
1742 2386 1796 2447 ei
1846 2386 2097 2448 dimidio

445 2468 775 2551 doni,quod
810 2471 970 2534 illius
994 2485 1164 2554 pater
1186 2475 1481 2552 benignus
1502 2475 1727 2536 scilicet
1758 2485 1811 2535 et
1834 2475 2097 2536 clemens

445 2561 889 2635 Constantinus,
925 2563 981 2625 ei
1038 2563 1382 2626 donaverat.
1421 2564 1562 2626 Erat
1613 2572 1807 2625 autem
1867 2583 2099 2625 summa

444 2646 784 2711 donationis
805 2652 1099 2730 octoginta
1123 2653 1305 2714 millia
1329 2672 1547 2734 panum
1584 2653 2092 2732 quotidianarum.

444 2737 816 2801 Irascebatur
866 2750 1063 2803 autem
1100 2742 1274 2803 etiam
1309 2741 1676 2816 Macedonio,
1714 2761 1829 2803 non
1875 2742 2094 2818 solum,

445 2826 605 2916 quod
639 2836 862 2907 praeter
893 2830 1025 2910 ejus
1057 2829 1422 2892 sententiam
1461 2830 1666 2893 luisset
1707 2832 1954 2916 electus,
1991 2832 2095 2894 sed

448 2913 625 2976 etiam
679 2923 923 2997 propter
950 2919 1167 2995 credes,
1198 2938 1345 3001 quas
1389 2919 1542 3001 ipse,
1576 2913 1933 2983 seditionem
1968 2920 2097 3000 agi-

446 3011 603 3106 tans,
633 3004 825 3106 fuerat
854 3026 1034 3070 causa
1063 3009 1344 3073 faciendi.
2272 3084 2347 3106 _,

533 3092 624 3155 VI.
686 3094 767 3157 Eo
829 3096 1030 3178 itaque
1081 3099 1350 3176 dimisso,
1386 3099 1545 3162 venit
1601 3098 1844 3161 Romam
1900 3100 2007 3181 (Ἰ),
2042 3110 2095 3163 et

2266 3092 2367 3168 ς’.
2431 3096 2617 3171 ’Ὅμως
2648 3097 2807 3164 ἐάσᾶς
2839 3104 2996 3159 αὒτὸν
3040 3104 3067 3159 6
3109 3102 3368 3180 μακάριος
3398 3101 3604 3165 Παῦλος
3657 3122 3805 3160 κατα-

446 3182 800 3245 versabatur
822 3184 998 3247 simul
1024 3205 1157 3250 cum
1184 3189 1541 3251 Athanasio.
1567 3188 1776 3252 Refert
1791 3207 2095 3267 rrgo,quae

2187 3182 2444 3259 λαμϐάνει
2502 3188 2601 3254 τὴν
2664 3186 2898 3264 Ῥώμην,
2961 3192 3048 3248 καὶ
3102 3191 3397 3267 Ἀθανασίῳ
3431 3198 3610 3261 συνῆν.
3667 3189 3805 3248 Ἀνα-

447 3289 660 3351 passus
711 3272 924 3347 fuerat,
960 3274 1228 3337 Romano
1267 3278 1545 3359 episcopo
1578 3298 1591 3337 :
1634 3287 1691 3338 et
1720 3295 1923 3338 rursus
1969 3297 2095 3339 mu-

2189 3273 2333 3350 φέρει
2391 3282 2517 3351 γοῦν
2580 3277 2611 3332 ἃ
2664 3279 2915 3336 πεπόνθοι
2969 3289 3042 3356 τῷ
3116 3273 3353 3358 Ῥώμης,
3386 3285 3480 3340 καὶ
3534 3282 3665 3340 αὖθις
3699 3292 3799 3340 τοῖς

445 3362 605 3423 nitus
630 3362 764 3443 ejus
794 3363 1008 3426 litteris
1033 3375 1093 3427 et
1123 3366 1462 3429 Constantis
1484 3367 1887 3447 imperatoris,
1908 3368 2095 3428 statim

2187 3361 2309 3439 παρ’
2362 3363 2542 3444 αὖτοῦ,
2577 3364 2652 3422 ἔτι
2697 3366 2751 3423 δὲ
2784 3371 2866 3425 κοὶ
2908 3383 3025 3432 τοῖς
3064 3375 3410 3437 Κώνσταντος
3456 3380 3548 3430 τοῦ
3589 3368 3801 3449 βασιλέος

443 3458 781 3535 revertitur,
816 3462 875 3515 et
927 3473 1049 3517 sum
1102 3456 1231 3516 sedi
1282 3456 1636 3529 restituitur,
1692 3475 1828 3517 cum
1882 3476 2095 3535 magno

2185 3456 2573 3531 κατοχυρωθεὶς
2634 3458 2935 3535 γράμμασι,
2995 3460 3293 3538 παραυτίκα
3349 3483 3407 3517 τε
3443 3462 3691 3539 ἐπάνεισι,
3732 3456 3805 3513 καὶ

442 3542 657 3621 gaudio
714 3553 995 3624 exceptus
1051 3565 1085 3606 a
1128 3545 1384 3608 civitate.
1448 3545 1832 3608 Constantius
1893 3553 2088 3608 autem

2179 3548 2252 3615 τῷ
2328 3544 2503 3617 οἰκείῳ
2562 3547 2732 3623 θρόνῳ
2791 3550 2925 3622 μετά
2978 3549 3185 3617 πολλῆς
3246 3553 3401 3608 αύτὸν
3438 3550 3670 3627 θυμέδίας
3722 3550 3807 3611 τῆς

441 3650 653 3694 rursus
674 3632 734 3694 id
770 3633 985 3695 factum
1012 3653 1169 3714 aegre
1201 3634 1355 3709 tulit,
1384 3644 1441 3697 et
1465 3652 1672 3697 rursus
1695 3635 1766 3696 ab
1792 3653 1863 3696 eo
1898 3636 2095 3717 prodit

2179 3631 2387 3694 πόλεως
2456 3632 2850 3711 ὑποδεξαμένης
2925 3637 3345 3719 ἐγκαθιδρύεται.
3400 3643 3505 3700 Καὶ
3581 3637 3727 3697 πάλιν
3781 3635 3804 3689 ὁ

435 3722 660 3802 jussus,
688 3723 788 3804 qui
812 3723 1040 3803 justum
1072 3724 1271 3787 mittat
1293 3725 1353 3786 in
1389 3723 1683 3787 exsilium.
1721 3722 1925 3805 Itaque
1956 3744 2093 3787 cum

2183 3721 2548 3786 Κωνστάντιος
2594 3722 2660 3780 δι’
2694 3728 2856 3804 ὀργῆς
2888 3729 2950 3783 τὸ
2997 3729 3284 3806 γινόμενον
3328 3731 3551 3801 ἐτίθετο,
3587 3729 3667 3785 καὶ
3710 3724 3805 3782 πά-

442 3830 580 3873 eum
613 3819 936 3893 accepisset
961 3816 1277 3893 przefectus
1314 3811 1643 3894 Philippus,
1668 3825 1938 3875 sanctum
1968 3817 2095 3895 qui-

2184 3807 2266 3865 λιν
2298 3811 2616 3891 πρόσταγμα
2676 3816 2749 3878 εἷς
2808 3816 3087 3895 ὖπεροριαν
3149 3817 3297 3897 ἅγιον
3329 3822 3420 3877 τὸν
3468 3818 3682 3876 δίκαιον
3734 3813 3808 3870 καὶ

2184 3899 2284 3975 γὰρ
2355 3907 2543 3957 τοῦτοῦ
2602 3900 2881 3977 δεξάμενος
2941 3909 2967 3962 6
3025 3905 3265 3988 ὕπαρχος
3296 3908 3589 3981 Φίλιππος,
3621 3902 3806 3975 ἐξορίζει

2186 3988 2283 4062 μὲν
2312 3990 2403 4044 τὸν
2447 3988 2619 4064 ὅσιον,
2653 3992 3051 4062 ἀντικαθίστησι
3096 3994 3151 4052 δὲ
3184 4003 3251 4073 τῇ
3295 4006 3386 4056 τοῦ
3417 4004 3551 4055 Θεοῦ
3598 3991 3806 4056 Ἐκκλη-

2183 4078 2268 4148 σίᾳ
2319 4080 2408 4133 τὸν
2442 4084 2904 4163 Πνευματομᾶχον
2937 4083 3287 4149 Μακεδόνων,
3344 4089 3414 4144 Τὸ
3448 4087 3501 4144 δὲ
3528 4090 3620 4152 τῆς
3664 4084 3804 4154 ὑπεἶδ’

2184 4167 2329 4241 ορίας
2362 4167 2457 4223 οὒκ
2508 4169 2568 4225 ἐκ
2627 4173 2718 4226 τοῦ
2761 4171 3049 4252 ἐμφανοῦς,
3085 4173 3205 4231 ἀλλ’
3265 4174 3317 4241 ἐξ
3362 4175 3572 4255 ἐνέδρας
3627 4167 3806 4249 προῆλ-

2182 4258 2292 4310 θεν⁶
2351 4259 2377 4312 6
2422 4259 2521 4335 γάρ
2593 4267 2686 4316 τοῦ
2767 4256 3117 4340 Ἑρμογένους
3189 4263 3348 4345 φόνος
3421 4261 3805 4346 σοαώτερόνλτι

2178 1396 2231 1453 δὲ
2296 1409 2658 1464 Κωνσταντιος
2704 1401 2758 1457 ἐν
2820 1403 3122 1484 Utinm/“sic,
3181 1396 3379 1484 διάγων
3421 1411 3494 1473 ὡς
3544 1410 3732 1476 Παῦλος
3779 1414 3804 1467 6

2178 1493 2275 1553 τῆς
2332 1488 2579 1555 ἀληθείας
2638 1491 2798 1569 κῆρυξ
2850 1494 2921 1553 εἷς
2980 1497 3070 1551 τὸν
3136 1493 3270 1552 ἴδιον
3314 1497 3652 1566 ἀποκατέστη
3691 1502 3804 1579 θρά-

2182 2314 2255 2347 νει
2315 2294 2534 2371 ταύτης,
2569 2300 2761 2368 ζημιοῖ
2815 2292 2869 2350 δέ
2931 2297 3021 2352 καὶ
3051 2297 3148 2364 τὴν
3206 2298 3362 2355 πόλιν
3422 2302 3485 2357 16
3535 2301 3808 2379 σιτηρέσιον

2181 2381 2391 2461 ἀφελὼς
2451 2386 2614 2450 αὐτῆς
2684 2384 2745 2439 τὸ
2806 2387 2971 2460 ἥμισυ
3030 2391 3126 2452 τῆς
3172 2384 3369 2461 δωρεᾶς
3431 2390 3497 2457 ἢν
3555 2391 3581 2445 6
3631 2390 3809 2446 ἐκείνου

2180 2472 2378 2548 πατὴρ,
2415 2474 2441 2528 6
2501 2472 2892 2551 φιλανθρωπος,
2942 2472 3146 2543 δηλαδὴ
3220 2488 3643 2552 Κωνσταντϊνος,
3694 2481 3808 2554 αὐτῇ

2179 2557 2505 2637 ἐδωρήσατο.
2568 2556 2664 2617 Ἦν
2736 2561 2790 2617 δὲ
2854 2564 2913 2619 τὸ
2973 2563 3097 2620 ὅλον
3139 2571 3237 2633 τῆς
3295 2563 3496 2645 δωρεᾶς
3548 2569 3807 2646 ἡμερήσιος.

2181 2647 2326 2726 ἄρτοι
2389 2647 2635 2728 μυριάδες
2682 2650 2846 2709 ὀκτώ.
2909 2651 3185 2730 Ὠργίζετο
3247 2652 3303 2711 δὲ
3352 2658 3605 2713 καὶκατά
3651 2662 3808 2712 Mans.

2180 2735 2349 2794 δονίου
2406 2740 2466 2796 οὗ
2522 2739 2682 2813 μόνον
2736 2740 2815 2797 ὅτι
2868 2743 3007 2818 παρὰ
3051 2747 3147 2811 τὴν
3199 2745 3359 2805 αὖτοῠ
3418 2746 3807 2827 κεχειροτόνητο

2180 2828 2426 2908 γνώμην,
2460 2827 2597 2885 ἀ)λά
2641 2832 2727 2886 καὶ
2779 2828 2861 2888 διά
2906 2833 3027 2895 τοὺς
3060 2833 3246 2913 φόνους
3281 2836 3356 2892 ὧν
3387 2836 3548 2902 αυτὸς
3602 2836 3803 2893 στασιά-

2180 2924 2282 2988 ζων
2315 2918 2500 2997 γέγονε
2534 2918 2708 2983 αἴτιος
2721 2966 2732 2978 .

444 3900 580 3962 dem
615 3902 790 3962 mittit
821 3901 880 3963 in
929 3902 1223 3975 exsilium,
1265 3905 1394 3982 ejus
1424 3921 1560 3964 vero
1594 3902 1723 3964 loco
1755 3903 1814 3964 in
1848 3904 2103 3966 ecclesia

441 3991 678 4068 reponit
707 3992 894 4053 sancti
922 3992 1180 4070 Spiritus
1203 3993 1441 4054 hostem
1472 3992 1912 4055 Macedonium.
1953 3995 2098 4055 Pro-

440 4080 620 4141 cessit
666 4088 860 4141 autem
920 4080 1122 4142 missio
1189 4082 1464 4143 exsilium
1529 4101 1647 4142 non
1704 4091 1933 4161 aperte,
1994 4082 2098 4143 sed

443 4187 512 4230 ex
544 4167 801 4233 insidiis.
829 4167 1034 4232 Caedes
1061 4170 1220 4233 enim
1247 4171 1640 4248 Hermogenis
1660 4169 1918 4231 redlidit
1954 4170 2097 4233 Phi-

439 4256 670 4339 lippum
695 4258 1021 4320 cautiorem
1043 4261 1117 4321 ad
1141 4259 1661 4322 malefaciendum:
1693 4269 1749 4318 et
1773 4259 2099 4320 honorifice

440 4348 681 4425 quidem
712 4356 877 4410 vocat
934 4349 1048 4412 Dei
1074 4348 1415 4429 pontiﬁcem
1447 4349 1518 4408 ad
1576 4348 1903 4421 lavacrum,
1935 4350 2095 4429 quod

2182 4347 2541 4425 κακουργῆσαι
2599 4351 2687 4405 τὸν
2746 4350 3014 4408 Φίλιππον
3071 4344 3459 4432 ἀπεφγάσατω
3502 4344 3621 4409 νκαὶ
3672 4344 3804 4406 καλεῖ

436 4436 769 4516 appellatur
791 4438 1148 4518 Zeuxippus,
1184 4455 1437 4516 anquam
1469 4447 1714 4517 propter
1740 4437 2009 4517 quaedam
2037 4438 2095 4500 in

2183 4435 2279 4508 μὲν
2342 4437 2431 4492 σὺν
2462 4444 2594 4514 τιμῇ
2627 4441 2718 4495 τὸν
2767 4441 2859 4497 τοῦ
2911 4448 3041 4497 Θεοῦ
3089 4443 3344 4523 ἀρχιερέα
3405 4446 3479 4509 εἷς
3511 4445 3569 4499 τὸ
3611 4435 3803 4512 λουτρὸν

440 4527 739 4587 communi
770 4526 937 4586 utilia
969 4536 1026 4587 et
1056 4543 1272 4586 arcana
1316 4525 1588 4587 consilia:
1628 4538 1687 4586 et
1722 4525 1890 4587 illinc
1927 4528 2095 4589 mittit

2179 4524 2253 4578 ὦν
2310 4523 2585 4601 ἐπώνυμον
2632 4527 2942 4605 Ζεύξιππος,
3004 4533 3076 4595 ὡς
3130 4533 3210 4588 ἐπὶ
3270 4532 3613 4612 κοινωφελέσι
3672 4524 3800 4592 δῆθεν

437 4616 500 4676 in
530 4614 723 4675 aulam
754 4614 1157 4694 imperatoris,
1196 4623 1251 4674 et
1283 4632 1392 4694 per
1422 4615 1609 4695 ipsam
1644 4614 1867 4677 deinde
1900 4615 2095 4678 Thcs-

2179 4613 2267 4667 καί
2323 4635 2426 4670 τισι
2457 4614 2779 4692 βουλεύμασι
2842 4634 3151 4694 μυστικοῖς,
3186 4621 3432 4678 κάκεῖθεν
3477 4624 3545 4685 εἰς
3590 4618 3674 4681 τὰς
3709 4614 3797 4690 βα⁹

436 4703 782 4779 salt-uicem,
817 4721 947 4783 quae
995 4703 1105 4764 fuit
1132 4704 1323 4783 patria
1372 4704 1499 4784 ejus
1547 4704 1889 4784 majoribus,
1927 4715 1986 4766 et
2038 4705 2095 4767 ei

2179 4700 2405 4768 σιλείους
2450 4704 2712 4781 ἐκπέμπει
2775 4708 2961 4784 αύλάς,
3006 4711 3087 4766 ml
3128 4707 3195 4766 δι’
3256 4713 3427 4768 αὒτὼν
3486 4713 3557 4774 εἰς
3616 4714 3796 4763 Θεσσα-

437 4791 676 4873 quidem
703 4800 791 4855 est
815 4791 1179 4874 prohibitum
1213 4796 1538 4857 ascendere
1562 4794 1632 4855 ad
1669 4802 1862 4874 partes
1883 4794 2094 4857 Orien-

2179 4786 2419 4865 λονίκην,
2473 4793 2539 4861 ἣν
2600 4796 2687 4851 καὶ
2732 4798 2779 4852 οἱ
2839 4799 2997 4854 αὒτοῦ
3053 4800 3308 4877 πρόγονοι
3370 4796 3585 4877 πατρίδα
3633 4792 3795 4869 εἶχον,

439 4888 535 4963 tis,
568 4900 688 4945 non
717 4892 915 4944 autem
948 4882 1008 4944 iu
1042 4884 1409 4963 propinquas
1442 4888 1739 4963 regiones.

2179 4878 2268 4935 καί
2326 4894 2443 4946 τοῖς
2477 4884 2575 4958 μὲν
2636 4885 2733 4953 τῆς
2777 4885 3034 4955 ἀνατολῆς
3080 4886 3367 4946 ἐπιϐαίνειν
3399 4889 3605 4967 μέρεσιν
3646 4881 3796 4937 ἐκικω

2172 4966 2320 5049 λυτο,
2366 4985 2487 5035 ταῖς
2520 4971 2573 5029 δὲ
2603 4973 2993 5047 πλησιαζούσαι
3024 4976 3120 5035 οὐκ
3148 4976 3252 5041 ἔτι.

512 5058 642 5125 VII.
676 5061 898 5144 Impius
936 5070 1133 5126 autem
1169 5064 1581 5127 Macedonius.
1618 5061 1859 5123 militari
1900 5081 2079 5124 manu

2255 5061 2332 5121 Z'.
2399 5053 2457 5120 Ὀ
2515 5061 2570 5119 δέ
2611 5085 2672 5141 γε
2731 5062 2988 5134 δάσσεϐὴς
3040 5066 3388 5148 Μακεδόνιος,
3433 5057 3781 5148 στρατιωτικῆς

431 5149 486 5212 ei
532 5153 853 5230 serviente,
890 5154 1162 5234 equitans
1212 5155 1387 5216 simul
1451 5173 1584 5215 cum
1635 5152 1935 5232 praefecto,
1969 5151 2077 5214 Dei

2179 5153 2345 5229 [ειρὸς
2397 5152 2789 5228 ὑπηρετούσης,
2824 5156 3284 5236 συνεποχούμενος
3329 5144 3405 5230 τῷ
3458 5144 3671 5231 ὑπέρχῳ
3714 5144 3777 5203 εἷς

500 5309 756 5385 (7)_Hoc
805 5320 1056 5382 tempore
1113 5314 1266 5370 venit
1316 5315 1550 5370 Romam
1594 5311 1827 5385 Paulus,
1883 5325 2070 5385 neque
2155 5310 2315 5378 prius
2349 5311 2543 5385 occiso
2588 5310 2915 5385 Constante,
2979 5324 3040 5370 ut
3088 5314 3229 5370 intra
3289 5328 3413 5385 cap.
3456 5313 3537 5379 10,
3571 5300 3774 5385 quando

426 5381 484 5461 in
510 5378 710 5461 Vat-Idem
735 5378 1046 5461 διηφίειἰεὶ
1072 5384 1529 5461 postcongilium
1553 5383 1888 5461 Sardicense
1918 5378 2067 5440 lit'te-
2153 5393 2254 5461 per
2285 5378 2912 5461 eumdemulflttlippuni
2948 5389 3001 5441 in
3039 5378 3671 5461 (Σθυϐθευφίξθηῖὶίυδ
3694 5378 3769 5461 Ὗ

427 5453 515 5527 ris
565 5451 913 5527 Constantis,
966 5451 1117 5510 anno
1170 5454 1289 5527 Dn:
1336 5456 1461 5519 N8,
1515 5456 1809 5511 restitutus
1860 5464 1965 5520 est,
2005 5466 2066 5510 ut
2150 5459 2203 5505 et
2259 5453 2505 5510 occisus.
2552 5454 2685 5527 Vile
2742 5451 3049 5512 B‘arumum
3092 5471 3246 5512 anno
3311 5456 3417 5510 342
3474 5451 3767 5527 ἔπρησσεν

425 5511 1213 5599 intra._capi_te_9,;narratur.
1257 5524 1397 5599 Quae
1448 5511 1581 5581 vero
1614 5511 2067 5599 bic_narrantur
2147 5537 2476 5599 get‘o._autto
2529 5526 2651 5585 348.
2687 5542 2748 5583 es
2789 5511 2940 5584 anno
2974 5511 3103 5592 3.31,
3139 5529 3166 5598 δ
3216 5511 3330 5586 Nos
3359 5511 3535 5599 ἰσίιῖέν
3582 5534 3685 5595 Τπ
3708 5511 3765 5568 δε

424 5590 496 5667 de
525 5588 767 5667 Philippi
816 5593 872 5648 in
904 5588 1447 5667 Paulumiujuriis,
1489 5596 1854 5653 restitutione
1885 5597 2069 5652 Mace-
2148 5591 2333 5650 Pauli.

424 5660 603 5726 donii,
637 5660 692 5719 et
718 5663 990 5732 martyrio
1012 5660 1282 5723 Marciani
1312 5675 1367 5724 et
1394 5660 1663 5737 alartyrli.
1697 5667 2068 5737 contigerunt
