4066 6146
349 312 472 382 889

1676 311 1862 377 VITA
1905 309 1965 372 S.
2008 308 2240 371 PAULI
2283 307 2393 371 CP.

3601 305 3721 375 890

352 451 453 519 τὴν
473 457 567 509 τοῦ
596 456 726 510 Θεοῦ
770 449 1091 519 Ἐκκλησίαν
1151 447 1541 527 παρεισδύεται,
1568 455 1666 519 τῆς
1709 448 1987 530 διαφθορᾶς

2075 442 2291 507 invadit
2322 442 2679 516 Ecclesiam,
2707 458 2840 504 cum
2866 458 2932 503 se
2957 439 3325 507 ostendisset
3344 441 3624 508 interitus
3638 441 3715 507 ad

351 542 426 605 εἰς
478 541 811 610 πεντήκοντα
855 542 943 599 καὶ
998 538 1329 619 τρισχιλίους
1384 540 1794 618 παραταθείσης.
1843 540 1986 599 Ταύ-

348 652 447 698 της
507 629 606 698 τῆς
662 631 937 707 παροινίας
997 632 1085 687 καὶ
1132 631 1430 707 Μαρκιανὸς
1484 629 1845 687 συναπέλιπε
1900 630 1987 686 καὶ

350 719 689 797 Μαρτύριος,
744 720 1079 798 ἀναγνῶσται
1136 720 1225 775 καὶ
1283 722 1358 792 τῷ
1411 718 1532 790 θείῳ
1589 717 1779 792 Παύλῳ
1847 719 1984 774 ὑπο-

346 820 572 887 γραφεῖς
640 810 1021 888 τυγχάνοντες,
1082 805 1172 865 ἅτε
1236 806 1299 876 δὴ
1349 809 1436 865 καὶ
1489 809 1660 865 αὒτῶν
1717 806 1985 886 παρρησίᾳ

348 897 816 974 συγκηρυττόντων
873 899 930 954 τὸ
1014 899 1312 973 ὁμοούσιον.
1402 896 1554 954 Οὕτω
1634 899 1804 956 τοίνυν
1862 910 1984 961 ταῖς

352 989 457 1042 τῶν
511 994 833 1061 Χριστιανῶν
895 999 1129 1065 σφαγαῖς
1196 990 1224 1044 6
1268 988 1361 1055 τῆς
1432 985 1752 1054 Ἐκκλησίας
1796 986 1986 1066 ἐχθρὸς

357 1090 474 1138 τοῖς
527 1076 997 1144 ἒκκλησιαστικοῖς
1050 1078 1255 1155 θρόνοις
1301 1074 1690 1156 ἐγκαθιδρύεται
1734 1094 1747 1107 ⁸
1782 1075 1897 1134 καθ’
1930 1075 1989 1132 ὅν

361 1163 422 1232 δὴ
465 1168 645 1245 καιρὸν
694 1168 781 1224 καὶ
831 1167 1192 1232 Κωνστάντιος
1236 1167 1334 1233 τὴν
1390 1166 1643 1245 Μεγάλην
1674 1166 1981 1238 ἐκκλησίαν,

355 1253 631 1331 ἐπώνυμον
661 1254 716 1311 δὲ
748 1260 880 1332 αὐτῇ
933 1258 968 1323 ἡ
1022 1263 1113 1313 τοῦ
1163 1259 1293 1313 Θεοῦ
1333 1257 1511 1336 σοφία,
1576 1269 1839 1337 νεουργεῖ,
1900 1257 1990 1313 καὶ

356 1343 560 1408 Παῦλος
614 1347 675 1402 τὸ
733 1346 904 1424 τρίτον
962 1348 990 1402 6
1046 1346 1320 1411 θεσπέσιος
1367 1346 1484 1409 μετ’
1532 1345 1708 1424 ὀλίγον
1737 1348 1809 1411 εἷς
1841 1344 1987 1408 Ἰτα-

355 1431 469 1489 λίαν
528 1434 893 1513 παραγίνεται,
949 1445 1035 1491 καὶ
1092 1434 1402 1493 Ἀθανάσιον
1450 1438 1535 1492 τὸν
1594 1434 1847 1493 σύναθλον
1883 1435 1990 1492 λα-

352 1520 484 1597 ϐὼν,
547 1522 981 1584 ἀναδιδασκουσιν
1025 1523 1059 1581 ὀὶ
1118 1527 1447 1582 πεπόνθεσαν
1511 1526 1852 1598 Κώνσταντα,
1897 1528 1989 1583 τὸν

352 1616 451 1680 τῆς
508 1611 732 1692 ἑσπέρας
791 1614 888 1688 μὲν
946 1614 1319 1693 βασιλεύοντα,
1378 1613 1603 1694 ἀδελφὸν
1663 1613 1717 1670 δὲ
1775 1616 1988 1695 τυγχά-

349 1724 509 1758 νοντα
543 1703 926 1765 Κωνσταντίου.
959 1703 1019 1760 ’0
1077 1702 1132 1760 δὲ
1181 1705 1247 1761 τὰ
1298 1704 1526 1779 ἔκθεσμα
1580 1708 1652 1760 ὧν
1683 1702 1989 1772 ὑπέστησαν

2073 544 2164 597 ter
2222 535 2383 597 mille
2437 542 2496 596 et
2553 532 3002 614 quinquaginta.
3061 533 3261 613 Hujus
3338 533 3718 597 contumelia

2072 625 2314 687 fuerunt
2344 624 2524 686 etiam
2560 623 2874 703 participes
2910 624 3242 686 Marcianus
3288 632 3348 688 et
3378 623 3715 706 Martyrius,

2071 715 2172 794 qui
2207 721 2375 775 erant
2403 713 2662 775 lectores
2696 721 2752 774 et
2796 710 3006 775 scriba)
3053 713 3236 775 divini
3282 714 3473 794 Pauli,
3523 722 3590 775 ut
3618 710 3721 794 qui

2070 803 2184 885 ipsi
2214 822 2450 884 quoque
2482 801 2672 865 libere
2732 801 3133 882 praedicarent
3182 804 3563 867 homousion.
3618 802 3719 866 Sic

2070 910 2211 969 ergo
2260 891 2728 955 Christianorum
2788 891 3050 955 caedibus
3101 893 3383 956 Ecclesize
3430 892 3717 955 inimicus

2071 981 2397 1043 collocatur
2425 981 2483 1043 in
2515 980 2765 1043 sedibus
2815 982 3265 1048 ecclesiasticis.
3309 984 3439 1057 Quo
3472 981 3714 1063 quidem

2072 1080 2339 1152 tempore
2367 1080 2420 1134 et
2457 1071 2840 1134 Constantius
2872 1073 3140 1151 Magnam
3198 1072 3492 1134 construit
3521 1071 3718 1133 eccle-

2070 1160 2240 1235 siam,
2269 1180 2403 1242 quaa
2430 1161 2855 1222 denominatur
2883 1182 2916 1222 a
2947 1162 3052 1224 Dei
3114 1163 3430 1242 sapientia,
3468 1170 3527 1222 et
3556 1160 3714 1222 divi-

2072 1269 2186 1313 nus
2243 1250 2459 1313 Paulus
2505 1251 2678 1313 tertio
2745 1251 2917 1331 paulo
2966 1259 3098 1331 post
3149 1256 3309 1313 venit
3366 1251 3426 1313 in
3459 1250 3710 1329 Italiam,

2074 1350 2134 1402 et
2189 1352 2434 1422 accepto
2495 1339 2821 1401 Athanasio
2876 1340 3042 1402 socio
3103 1340 3467 1413 certaminis,
3500 1342 3719 1403 docent

2074 1433 2455 1492 Constantem
2483 1448 2549 1491 ea
2575 1448 2707 1509 quae
2735 1429 2891 1508 passi
2911 1428 3165 1505 fuerant;
3193 1432 3293 1511 qui
3316 1438 3448 1492 erat
3471 1430 3714 1511 quidem

2075 1518 2403 1599 imperator
2429 1517 2798 1596 Occidentis,
2832 1526 2961 1580 erat
2986 1536 3123 1581 vero
3152 1519 3332 1582 frater
3360 1518 3715 1583 Constantii.

2076 1607 2220 1672 Cum
2269 1610 2372 1672 ille
2420 1617 2618 1669 autem
2672 1607 2995 1686 diligenter
3063 1608 3409 1684 didicisset,
3469 1628 3541 1671 ea
3590 1626 3720 1690 qua;

2074 1700 2299 1761 nefarie
2332 1706 2485 1779 passi
2533 1698 2792 1777 fuerant,
2857 1698 3064 1760 scribit
3096 1700 3166 1761 ad
3201 1699 3467 1771 fratrem,
3501 1708 3565 1760 ut
3595 1708 3717 1761 tres

349 1788 723 1872 ἀκριϐέστερον
779 1792 1022 1868 ἐκμαθὼν
1062 1841 1078 1872 ,
1167 1794 1360 1873 γροίφει
1445 1801 1521 1868 τῷ
1578 1792 1787 1872 ἀδελφῷ
1840 1806 1988 1871 τρεῖς

2075 1789 2337 1870 episcopi
2362 1789 2434 1850 ad
2492 1806 2626 1850 eum
2687 1788 2923 1850 veniant
2978 1788 3053 1849 ab
3103 1790 3371 1864 Oriente,
3423 1788 3717 1850 reddituri

350 1880 476 1957 παρ’
507 1881 665 1938 αὐτὸν
693 1881 800 1938 ἀπὸ
858 1883 955 1950 τῆς
1006 1882 1268 1951 ἀνατολῆς
1326 1883 1645 1948 ἐπισκόπους
1686 1883 1983 1962 ἀφικέσθαι,

352 1969 408 2026 οἲ
453 1972 614 2048 λόγον
656 1973 972 2041 ποιήσονται
1009 1979 1114 2027 τῶν
1149 1974 1265 2049 περὶ
1296 1972 1604 2029 Ἀθανάσιον
1648 1976 1734 2029 καὶ
1783 1972 1987 2028 Παῦλον

353 2057 743 2133 τολμημάτων,
775 2061 885 2135 ἅμα
943 2060 997 2117 δὲ
1056 2064 1141 2118 καὶ
1191 2065 1289 2129 τὴν
1338 2062 1432 2129 τῆς
1478 2063 1705 2123 πίστεως
1763 2064 1988 2141 ἔγραφον

353 2146 556 2206 ἔκθεσιν
613 2148 1005 2223 διακομίσονται
1060 2151 1187 2227 πρὸς
1243 2152 1418 2213 αὒτόν.
1477 2156 1583 2210 Καὶ
1629 2152 1735 2226 μὴν
1784 2150 1848 2218 δὴ
1894 2152 1983 2208 καὶ

353 2238 605 2318 τέσσαρες
649 2247 754 2297 τῶν
798 2243 1100 2298 ἒπισκόπων
1163 2242 1294 2317 πρὸς
1350 2242 1447 2310 τὴν
1522 2234 1734 2316 Ῥώμην
1777 2242 1983 2315 ἐκπέμ-

356 2352 572 2401 πονται,
619 2330 911 2409 Νάρκισσός
962 2352 1018 2386 τε
1062 2332 1089 2386 6
1150 2329 1293 2395 Κίλιξ
1347 2333 1435 2386 καὶ
1468 2329 1734 2407 Θεόδωρος
1767 2334 1794 2387 6
1827 2330 1984 2404 Θρᾲξ,

358 2420 581 2499 Μάρκης
634 2422 663 2477 ὁ
718 2418 1057 2485 Χαλκηδόνος
1102 2419 1198 2476 καῖ
1260 2419 1472 2498 Μάρκος
1528 2423 1557 2476 ὁ
1601 2422 1784 2499 Σύρος.
1835 2421 1991 2478 Οὗτοι

351 2512 453 2578 τὴν
515 2503 724 2587 Ῥώμην
779 2508 1176 2573 καταλαϐόντες
1221 2523 1338 2573 τοῖς
1370 2512 1488 2588 περὶ
1546 2507 1860 2567 Ἀθανάσιον
1904 2513 1989 2567 ναὶ

348 2608 558 2660 Παῦλον
601 2604 671 2664 εἰς
717 2599 907 2680 λόγους
951 2600 1048 2673 μὲν
1083 2599 1257 2657 ἐλθεῖν
1310 2604 1409 2658 οὐκ
1451 2599 1771 2678 ἐθάρσησαν,
1805 2600 1904 2667 τὴν
1935 2597 1991 2655 δὲ

343 2691 436 2750 ὑπ’
499 2691 669 2748 αὐτῶν
713 2690 768 2747 ἐν
822 2698 891 2768 τῇ
951 2689 1238 2769 Ἀντιόχου
1295 2689 1599 2746 ἐκτεθεῖσαν
1642 2690 1815 2747 πίστιν
1847 2690 1989 2746 ἀπο-

347 2782 667 2861 κρύψαντες,
724 2779 905 2860 ἑτέραν
960 2802 1017 2837 τε
1069 2779 1340 2843 συνθέντες
1416 2780 1551 2835 κατὰ
1626 2782 1688 2836 τὸ
1768 2782 1992 2856 φανερὸν

345 2876 446 2948 μὲν
503 2869 654 2929 οὐδὲν
687 2870 1005 2950 βλάσφημον
1064 2868 1444 2949 περιέχουσαν,
1488 2870 1548 2925 τὸ
1593 2869 1776 2934 μέντοι
1806 2870 1990 2946 ὁμοούο

349 2984 462 3020 σιον
519 2966 581 3021 οῦ
632 2959 1045 3040 πρεσϐεύουσαν,
1104 2956 1396 3016 ἐπιδιδόασι
1453 2959 1531 3033 τῷ
1603 2958 1840 3036 βασιλεῖ,
1903 2961 1990 3015 καὶ

350 3051 511 3109 πλέον
565 3048 714 3108 οῦδὲν
773 3049 891 3108 οὕτε
948 3047 1234 3129 δράσαντες
1306 3048 1423 3105 οὔτε
1506 3048 1764 3111 παθόντες
1846 3050 1992 3115 αὖθις

349 3140 698 3218 ἀνέστρεψαν,

430 3234 521 3293 Η’.
566 3230 802 3308 Τριετίας
842 3227 898 3286 δὲ
954 3226 1343 3308 διαδραμούσης
1404 3227 1564 3285 πάλιν
1615 3229 1662 3285 οἱ
1724 3233 1824 3297 τῆς
1854 3228 1987 3284 ἁνα-

351 3318 519 3386 τολῆς
564 3320 1004 3397 συναθροίζονται,
1056 3319 1145 3375 καὶ
1174 3318 1349 3374 πίστιν
1396 3316 1567 3386 ἄλλην
1619 3318 1986 3391 συντάττουσι,

353 3408 453 3466 καῖ
511 3421 627 3471 τοῖς
681 3412 736 3465 ἓν
783 3406 980 3479 Ἰταλίᾳ
1047 3405 1405 3482 ἐκπέμπουσι.
1467 3416 1712 3464 Διακονοι
1756 3406 1811 3463 δὲ
1854 3408 1990 3476 ἦσαν

355 3504 452 3555 τοῦ
533 3498 768 3555 τοιούτου
842 3497 1210 3574 συντάγματος
1291 3495 1530 3563 Εὔδόξιος
1588 3498 1617 3553 6
1700 3504 1989 3564 τηνικαῦτα

356 3588 730 3665 Γερμανικείας
785 3587 1072 3649 ἐπίσκοπος
1142 3586 1231 3642 καὶ
1303 3588 1593 3664 Μαρτῦριος
1637 3586 1731 3642 καί
1790 3589 1819 3642 6
1888 3588 1989 3653 τῆς

344 3677 718 3753 Μοψουεστίας
777 3674 1127 3739 Μακεδόνως,
1176 3676 1240 3732 Ἢ
1296 3674 1350 3730 δὲ
1393 3680 1492 3741 τῆς
1535 3676 1762 3741 πίστεως
1817 3675 1990 3732 αὒτῶν

347 3768 552 3831 ἕκθεσις
595 3768 684 3822 καὶ
714 3765 848 3831 αῦτη
889 3766 956 3822 τὰ
1007 3766 1105 3839 μὲν
1155 3762 1292 3820 ἄλλα
1334 3769 1402 3840 τῇ
1445 3763 1822 3840 προεκτεθείσῃ
1879 3787 1988 3821 πα-

345 3856 657 3937 ραπλησίως
705 3856 857 3934 εἶχε,
922 3856 1250 3932 προσθήκαις
1300 3851 1357 3907 δέ
1412 3873 1516 3909 τισι
1559 3865 1681 3915 ταῖς
1741 3854 1878 3908 κατὰ
1930 3852 1991 3908 τὸ

345 3945 499 4012 τέλος
541 3944 858 4008 ἀλλοκότοις
913 3946 985 4006 εἷς
1038 3945 1099 4000 τὸ
1140 3942 1463 4021 μακρότερον
1508 3940 1809 4007 ἐξετείνετο.
1844 3940 1905 3999 Ὀ
1935 3941 1991 3998 δὲ

348 4036 487 4094 κατὰ
542 4035 639 4103 τὴν
685 4027 895 4110 Ῥώμην
941 4034 1047 4091 τῶν
1102 4031 1397 4112 ἀρχιερέων
1442 4030 1696 4108 σύλλογος
1728 4032 1789 4087 οῦ
1818 4054 1988 4110 προσ-

350 4125 565 4191 εδέξατο
622 4125 843 4200 ταύτην,
902 4123 1176 4199 ἀρκεῖσθαι
1224 4123 1449 4201 φάμενοι
1492 4127 1569 4194 τῷ
1612 4119 1865 4194 συμϐόλῳ
1890 4122 1987 4189 τῆς

351 4214 581 4277 πίστεως
630 4214 660 4269 θ
709 4215 745 4281 ἢ
788 4212 842 4268 ὲν
896 4210 1086 4283 Νικαίᾳ
1126 4210 1490 4287 προηγόρευσε
1545 4208 1784 4272 σύνοδος.
1843 4209 1993 4267 Οὕτω

353 4303 411 4359 δὲ
463 4302 634 4360 πάντα
688 4302 934 4381 ταραχῆς
979 4300 1339 4378 κατεχούσης,
1401 4300 1488 4354 καὶ
1543 4298 1861 4376 συγκυτικῆς
1888 4299 1992 4377 ἔρι-

353 4392 467 4467 δός,
526 4394 845 4470 κηρύσσεται
920 4387 1128 4450 σύνοδος
1213 4388 1553 4463 οἱκουμενικὴ
1625 4388 1814 4464 γνώμῃ
1873 4402 1992 4445 τοῖν

2073 1879 2367 1940 rationem
2398 1896 2604 1941 eorum
2640 1897 2773 1959 quae
2821 1877 2881 1938 in
2934 1879 3325 1941 Athanasium
3372 1892 3432 1941 et
3467 1878 3713 1941 Paulum

2071 1977 2207 2030 sunt
2239 1977 2595 2049 perpetrata,
2629 1977 2686 2030 et
2717 1968 2896 2029 simul
2924 1969 2981 2030 in
3013 1968 3254 2048 scriptis
3275 1969 3510 2031 allaturi
3540 1985 3717 2048 expo-

2070 2059 2350 2120 sitionem
2408 2059 2573 2120 lidei.
2628 2057 2697 2119 Et
2731 2057 2976 2121 Romam
3008 2058 3253 2139 quidem
3287 2059 3599 2121 mittuntur
3625 2058 3714 2136 (8)

2070 2158 2327 2228 quatuor
2347 2146 2959 2228 episcopi,Narcissus
2980 2148 3129 2210 Cilix
3157 2147 3261 2229 (9i,
3281 2157 3339 2210 et
3360 2147 3713 2211 Theodcrus

2068 2236 2261 2299 Thrax
2295 2237 2447 2317 (10),
2488 2248 2546 2300 et
2578 2241 2803 2300 Marces
2839 2236 3363 2319 Chalcedonensis,
3393 2251 3454 2300 et
3484 2237 3715 2300 Marcus

2073 2329 2258 2408 Syrus
2291 2327 2379 2409 (ll
2397 2340 2442 2407 ).
2476 2327 2520 2390 Ii
2552 2346 2686 2389 cum
2720 2327 2968 2389 Romam
2993 2326 3320 2405 venissent,
3355 2346 3491 2390 cum
3522 2329 3709 2390 Atha-

2076 2417 2242 2478 nasio
2276 2416 2516 2498 quidem
2546 2429 2602 2480 et
2627 2416 2808 2480 Paulo
2855 2435 2974 2478 non
3005 2415 3139 2477 ausi
3187 2425 3325 2477 sunt
3355 2416 3657 2479 disserere
3696 2438 3711 2482 :

2080 2525 2215 2569 cum
2246 2519 2443 2569 autem
2477 2525 2606 2569 eam
2639 2525 2772 2587 quae
2799 2504 2872 2568 ab
2930 2505 3020 2568 eis
3076 2506 3407 2568 Antiochiae
3451 2508 3719 2587 exposita

2071 2598 2284 2672 fuerat,
2319 2598 2499 2660 ﬁdem
2530 2597 2845 2670 celassent,
2883 2604 2942 2658 et
2987 2596 3162 2657 aliam
3216 2596 3714 2676 composuissent,

2072 2706 2207 2768 quae
2230 2696 2434 2767 aperte
2465 2686 2706 2768 quidem
2735 2686 2883 2748 nihil
2909 2684 3248 2747 continebat
3277 2685 3713 2766 blasphemum,

2074 2777 2179 2838 sed
2218 2795 2338 2839 non
2369 2777 2647 2838 tuebatur
2664 2773 3333 2853 homoousion,tradunt
3352 2775 3716 2854 imperatori,

2071 2875 2285 2928 etcum
2310 2865 2458 2928 nihil
2482 2865 2739 2945 amplius
2762 2883 2868 2928 nec
2888 2864 3196 2938 fecissent,
3233 2881 3344 2926 nec
3376 2863 3534 2945 passi
3562 2864 3717 2927 fuis-

2073 2965 2229 3029 sent,
2263 2954 2590 3019 redierunt.

2153 3220 2301 3286 VIII.
2326 3223 2472 3286 Cum
2501 3220 2824 3285 triennium
2847 3231 3045 3284 autem
3079 3223 3485 3304 pmteriisset,
3508 3241 3720 3285 rursus

2073 3322 2513 3392 congregantur
2544 3312 2814 3392 episcOpi
2844 3310 3206 3393 Orientales,
3241 3323 3300 3376 et
3326 3314 3505 3375 aliam
3537 3313 3716 3375 ﬁdem

2073 3412 2463 3484 componunt,
2486 3411 2544 3464 et
2572 3402 2850 3462 emittunt
2878 3402 2951 3463 ad
2981 3419 3108 3476 eos,
3134 3402 3235 3483 qui
3267 3413 3406 3465 sunt
3433 3403 3497 3467 in
3527 3400 3715 3465 Italia.

2075 3493 2266 3572 Hujus
2295 3510 2431 3554 vero
2464 3490 2673 3571 scripti
2703 3491 2873 3552 fuere
2932 3490 3187 3553 ministri
3239 3490 3565 3572 Eudoxius,
3617 3492 3721 3571 qui

2073 3591 2212 3642 tunc
2242 3590 2369 3643 erat
2397 3583 2714 3661 episcopus
2744 3579 3162 3653 Germaniciw,
3194 3589 3256 3642 et
3288 3581 3621 3660 Martyrius,
3655 3587 3714 3640 et

2071 3670 2451 3732 Macedonius
2480 3668 2884 3749 Mopsuestia.
2929 3670 3073 3731 Erat
3104 3678 3304 3731 autem
3337 3686 3546 3731 eorum
3580 3667 3721 3730 ﬁdei

2074 3757 2359 3839 expositio
2390 3758 2608 3838 alioqui
2632 3757 2840 3819 eadem
2868 3776 3002 3819 cum
3037 3775 3128 3832 ea,
3164 3777 3297 3839 qua;
3326 3758 3494 3840 prius
3522 3757 3719 3821 fuerat

2073 3852 2462 3923 exposita,sed
2484 3852 2689 3910 alienis
2715 3853 3062 3925 quibusdam
3100 3855 3156 3909 in
3193 3853 3308 3910 ﬁne
3329 3852 3720 3910 additionibus

2074 3936 2505 4000 extendebatur
2536 3935 2799 4014 longius.
2830 3937 3179 3998 Pontiﬁcum
3211 3945 3431 4010 autem,
3458 3937 3559 4016 qui
3589 3945 3718 3999 erat

2076 4030 2302 4107 Romae,
2337 4034 2528 4088 coetus
2580 4044 2707 4087 eam
2756 4026 3000 4088 minime
3030 4026 3299 4101 admisit,
3351 4027 3624 4088 dicentes
3653 4045 3720 4089 se

2071 4123 2385 4180 contentos
2435 4132 2569 4176 esse
2596 4114 2865 4195 symbolo
2896 4115 3057 4187 lidei,
3093 4115 3249 4196 quod
3304 4114 3541 4178 Nictena
3575 4134 3716 4195 pro-

2076 4205 2374 4269 nuntiavit
2402 4202 2841 4284 synodusﬁum
2866 4214 3071 4267 essent
3092 4218 3291 4267 autem
3315 4205 3518 4266 omnia
3543 4205 3719 4284 plena

2074 4296 2332 4359 tumultu
2356 4304 2413 4357 et
2432 4293 3137 4369 contentione,indicitur
3157 4295 3528 4356 mcnmenica
3548 4311 3718 4373 syno-

2074 4385 2185 4447 dus
2232 4383 2526 4446 sententia
2581 4382 2833 4444 duorum
2888 4383 3342 4464 imperatorum.
3397 4383 3716 4446 undecimo

350 4482 498 4541 δυοῖν
553 4482 822 4561 βασιλέοιν
879 4480 1014 4553 μετὰ
1055 4477 1333 4535 ἑνδέκατον
1359 4476 1474 4540 ’έτος
1506 4477 1606 4545 τῆς
1636 4480 1728 4534 τοῦ
1770 4475 1988 4535 εῦσεϐε-

2075 4493 2229 4538 anno
2292 4481 2423 4555 post
2478 4472 2792 4536 decessum
2849 4472 3148 4553 imprimis
3198 4472 3280 4554 pii
3338 4472 3718 4554 imperatoris

348 4575 543 4631 στάτου
602 4570 997 4631 Κωνσταντίνου
1049 4574 1142 4624 τοῦ
1203 4568 1404 4644 πατρὸς
1478 4569 1648 4624 αὖτῶν
1711 4565 1985 4634 τελευτῆς.

2076 4554 2468 4641 Constantini,
2520 4579 2727 4623 eorum
2811 4563 3019 4643 patris.
3100 4564 3520 4624 Convenerunt
3576 4579 3718 4641 ergo

344 4663 617 4730 Συνῆλθον
670 4663 757 4718 οὗν
802 4659 857 4715 ἐν
901 4654 1143 4736 Σαρδικῇ
1186 4654 1247 4710 ἐκ
1278 4654 1375 4729 μὲν
1406 4651 1667 4731 Ἐσπέρας
1712 4654 1988 4713 ἐπίσκοποι

2077 4653 2365 4716 Sardicen
2419 4649 2549 4730 (l2)
2607 4650 2679 4712 ab
2723 4648 3052 4715 Occidente
3103 4651 3345 4732 quidem
3405 4652 3715 4731 plusquam

339 4752 556 4814 πλείους
618 4751 649 4819 ἢ
705 4748 1025 4829 τριακόσιοι,
1077 4748 1139 4801 ὲκ
1187 4741 1242 4799 δὲ
1285 4748 1382 4811 τῆς
1429 4742 1723 4812 Ἀνατολῆς
1753 4743 1806 4811 ’ἐξ
1837 4756 1988 4820 μόνοι

2080 4738 2722 4829 trecentigepiscopi,“
2746 4738 2990 4802 Oriente
3012 4749 3209 4804 autem
3234 4740 3348 4802 soli
3369 4741 3718 4829 septuagin-

337 4844 427 4900 καὶ
470 4827 858 4916 ἑϐδομήκοντα.
917 4837 1013 4896 Καὶ
1071 4838 1118 4892 οἱ
1171 4833 1267 4901 τῆς
1302 4831 1475 4907 Ἐῴας
1504 4847 1623 4898 τοῖς
1668 4833 1729 4890 ἐκ
1756 4838 1855 4901 τῆς
1900 4832 1987 4891 δύο

2077 4839 2136 4892 ta
2164 4848 2290 4892 sex.
2324 4827 2606 4908 Episcopi
2658 4845 2797 4889 vero
2848 4830 3111 4892 Orientis
3161 4848 3281 4892 non
3329 4828 3722 4892 admittebant

334 4953 474 4996 σεως
545 4933 618 4994 εἷς
690 4928 905 5004 ὁμιλίαν
960 4927 1232 4981 συνελθεῖν
1296 4924 1392 4979 οῦκ
1454 4922 1700 4979 ἐπένευον
1733 4939 1749 4954 ⁸
1796 4924 1858 4979 τὸ
1929 4921 1984 4979 δὲ

2075 4919 2146 4980 ad
2176 4917 2537 4998 colloquium
2570 4916 2885 4997 episcopos
2909 4917 3269 4981 Occidentis.
3298 4919 3491 4981 Causa
3518 4927 3717 4979 autem

331 5020 512 5079 αἴτιον
564 5018 643 5077 ὅτι
689 5016 895 5080 Παῦλος
938 5015 1122 5078 αὐτοῖς
1166 5012 1255 5067 καὶ
1298 5011 1611 5075 Ἀθανάσιος
1664 5012 1711 5069 οἱ
1766 5016 1866 5079 τῆς
1897 5011 1983 5067 εῦ-

2075 5016 2216 5081 erat,
2246 5006 2403 5087 quod
2437 5004 2652 5066 Paulus
2674 5013 2734 5066 et
2772 5006 3154 5083 Athanasius,
3185 5006 3429 5068 athletae
3458 5006 3716 5086 pietatis,

329 5109 537 5173 σεϐείας
569 5107 894 5187 συνεδρίαζον
925 5102 1173 5170 ἂθληταί.
1350 5186 1353 5187 ν

2075 5116 2211 5187 cum
2232 5097 2321 5159 eis
2350 5092 2744 5159 considebant
2770 5094 2918 5187 (ίξί)ἶ

414 5199 504 5262 9'.
539 5198 635 5264 Ὠς
678 5183 734 5254 8‘;
786 5195 906 5253 οὕτε
964 5196 1012 5250 οἱ
1056 5196 1155 5258 τῆς
1203 5186 1470 5251 εὐσεϐείας
1513 5190 1636 5256 τοὺς
1667 5190 1791 5269 περί
1824 5187 1974 5246 Ἀθα-

2143 5185 2237 5250 ΙΧ.
2273 5187 2418 5248 Cum
2474 5201 2613 5245 vero
2672 5201 2785 5246 nec
2817 5183 3174 5246 defensores
3221 5202 3380 5247 veras
3414 5183 3725 5262 religionis

326 5292 513 5350 νάσιον
582 5285 1044 5357 ἀπεσκευάζοντο,
1123 5277 1243 5335 οὔτε
1305 5281 1353 5335 οἱ
1413 5285 1513 5346 τῆς
1568 5278 1817 5357 αἱρέσεως
1874 5283 1974 5346 τῆς

2075 5283 2405 5338 amoverent
2420 5272 2955 5349 Athanasium,nec
2976 5273 3241 5336 haeretici
3259 5274 3629 5336 desisterent
3644 5274 3718 5338 ab

2124 5435 2238 5504 (12)
2268 5436 2436 5492 Anno
2459 5432 2563 5491 3S7
2581 5475 2594 5488 .

2122 5508 2553 5580 (13),Baronius
2614 5519 2766 5580 anno
2813 5506 2941 5573 367,
2973 5507 3000 5577 §
3032 5504 3181 5580 Quod
3208 5522 3443 5565 rursum
3472 5511 3709 5580 spectat,

2048 5587 2207 5651 putat
2246 5579 2485 5651 Paulum
2520 5577 2849 5651 interfuisse
2897 5579 3117 5651 synodo
3146 5579 3423 5638 Sardicen
3439 5577 3714 5647 si,‘secu-

2045 5647 2138 5710 ius
2167 5649 2582 5708 Theodoretum
2623 5647 2721 5705 ιιι).
2764 5660 2805 5716 t,
2839 5647 2966 5722 cap,
3007 5649 3061 5707 5.

397 5451 476 5523 (8)
504 5451 673 5523 Anno
702 5449 827 5523 διε.

394 5519 475 5592 (9)
504 5522 842 5583 Νιθῐοηίθᾱὶε
873 5519 1195 5592 episcopus.

393 5596 507 5664 (10)
542 5595 828 5652 Heracleae
855 5591 1114 5650 antistes.

392 5669 507 5738 (11)
536 5666 836 5727 Arethusae
880 5666 1205 5736 episcOpus.
