4048 6136
299 296 418 361 897

1381 293 1586 356 νΙΤΑ-
1613 290 1673 352 S.
1719 285 2036 351 NAZABII
2081 283 2178 346 ET
2221 277 2597 346 SOCIORUM

3547 267 3665 352 898

297 452 414 500 νος,
452 428 696 486 πλούσιοι
727 430 822 504 μὲν
854 428 1013 508 ἄμφω
1041 429 1128 484 καὶ
1157 427 1269 504 βίον
1289 427 1376 482 καὶ
1399 425 1614 504 ἀρετὴν,
1648 425 1747 480 ὑπὸ
1779 425 1940 486 καθη-

2042 434 2162 508 tero
2191 417 2318 508 ipsa
2339 434 2578 508 quoque
2605 425 2732 480 erat
2757 419 3039 508 Romana
3065 434 3312 508 genere,
3337 419 3514 483 ambo
3538 425 3665 501 qui-

295 523 446 600 γητῇ
475 518 530 575 δὲ
575 520 755 598 Πέτρῳ
786 519 860 592 τῷ
913 525 1005 574 τοῦ
1042 527 1209 598 χοροῦ
1250 517 1516 596 κορυφαίῳ
1546 521 1650 570 τῶν
1688 516 1941 589 μαθητῶν

297 618 378 684 τῷ
412 617 528 682 Θεῴ
557 608 762 684 μᾶλλον
810 608 1164 670 οἷκειωθέντες
1195 607 1285 663 καὶ
1313 604 1679 668 τελειωθέντες
1711 601 1856 658 ὕδατί
1883 622 1940 657 τε

297 702 388 758 καὶ
426 698 681 774 πνεύματι
716 716 730 729 ’
777 698 991 762 τούτους
1035 697 1214 774 ὥσπερ
1259 693 1524 759 εὖσεϐείας
1559 695 1585 750 ὁ
1617 696 1746 756 Θεὸς
1779 692 1940 766 ἆμειο

296 786 549 864 ϐὁμενος,
611 789 844 854 καθάπερ
895 786 1060 846 πάλαι
1111 785 1239 842 ποτὲ
1283 787 1374 842 τὸν
1435 783 1676 862 Ἀϐραὰμ
1709 788 1803 850 τῆς
1849 803 1941 860 φι-

297 878 534 944 λοξενίας
590 878 724 952 υἱὸν,
784 877 968 940 αὒτοϊς
1041 874 1133 932 καί
1197 873 1533 952 κληρονόμον
1590 878 1690 940 τῆς
1749 872 1941 952 ἀρετῆς

304 969 419 1042 ἅμα
461 969 548 1023 καὶ
606 975 705 1034 της
762 965 1062 1043 περιουσίας
1113 967 1202 1021 τὸν
1587 961 1816 1020 δίδωσιν.
1883 951 1940 1018 ιΟ

306 1057 364 1114 δὲ
394 1059 486 1116 οἷα
525 1058 654 1129 πρὸς
690 1062 822 1112 Θεοῦ
851 1053 1150 1134 δεδομένος,
1181 1054 1306 1110 ὅλον
1369 1060 1485 1126 Θεῴ
1535 1052 1696 1108 πάλιν
1757 1051 1941 1108 ἑαυτὸν

303 1145 620 1206 ἀντιδίδωσι.
659 1148 754 1204 Καὶ
804 1147 1122 1210 υἱοθετε,ϊται
1155 1145 1250 1218 μὲν
1284 1145 1438 1206 αὐτὸς
1496 1144 1598 1202 ὕπὸ
1653 1143 1807 1198 Λίνου
1867 1147 1944 1216 τῷ

298 1239 424 1312 θείῳ
479 1237 831 1314 βαπτίσματι,
894 1235 951 1296 ὃς
1011 1232 1076 1299 ἦν
1136 1234 1333 1309 Πέτρου
1412 1233 1548 1306 μετὰ
1619 1239 1712 1288 τοῦ
1761 1231 1945 1310 θρόνου)

303 1329 397 1383 καὶ
453 1331 549 1394 τῆς
607 1325 800 1403 ἀρετῆς
833 1321 1081 1403 διάδοχος
1117 1343 1133 1358 ο
1170 1321 1490 1401 τελειοτέρας
1545 1321 1599 1377 δὲ
1650 1323 1944 1392 ἁπτόμενος

303 1415 545 1496 ἡλικίας,
576 1413 896 1492 τελεωτέρας
955 1415 1042 1468 καὶ
1073 1412 1169 1480 τῆς
1201 1412 1421 1492 χάριτος
1455 1410 1712 1476 ἀξιοῦται,
1749 1410 1946 1477 Συνηύ-

304 1505 429 1571 ξανε
459 1508 558 1584 γὰρ
607 1507 748 1578 αὐτῷ
804 1503 1073 1578 αὔξομένῳ
1125 1503 1222 1569 τὴν
1279 1501 1422 1568 αὗξιν
1464 1502 1562 1568 τὴν
1617 1501 1806 1557 ἑαυτοῦ
1861 1501 1949 1556 καὶ

303 1595 474 1658 πολὺς
506 1597 592 1651 ἐπὶ
639 1595 859 1674 Χριστὸν
894 1593 1025 1672 ἔρως
1077 1593 1164 1648 καὶ
1208 1595 1396 1649 πλεῖον
1455 1590 1659 1667 μᾶλλον
1693 1589 1950 1649 ἐδείκνυτο

302 1686 396 1742 καὶ
422 1684 760 1763 θερμότερος.

393 1865 476 1927 Β’.
513 1864 664 1922 Ἐπεὶ
693 1861 748 1919 δὲ
801 1864 829 1919 ὀ
884 1863 938 1919 ἐν
982 1861 1122 1936 αὒτῷ
1179 1862 1272 1929 τῆς
1317 1858 1578 1926 εὒσεϐείας
1621 1860 1813 1940 πῦρσὸς
1867 1858 1950 1914 ἐπὶ

307 1956 450 2034 μέγα
491 1957 652 2034 ᾔρετο
682 1952 810 2026 ἤδη,
857 1956 943 2009 καὶ
986 1951 1214 2016 πολλοὺς
1259 1951 1353 2008 ἐπὶ
1397 1953 1488 2006 τὸν
1531 1947 1686 2022 ἄνδρα
1746 1947 1948 2018 ἐκάλει,

305 2047 431 2106 τοὺς
488 2041 731 2121 θορύϐους
788 2041 968 2119 ὥσπερ
1049 2043 1134 2097 καὶ
1197 2041 1296 2108 τὴν
1354 2045 1558 2119 συνεχῆ
1620 2037 1790 2118 ἄφιξιν
1847 2038 1954 2093 τῶν

306 2136 385 2198 εἷς
446 2133 601 2189 αὗτὸν
661 2129 1112 2210 παραϐαλλόντων
1165 2129 1456 2202 ἐκκλίνων,
1525 2128 1662 2206 ἔγνω
1734 2124 1955 2204 πατρίδα

304 2225 399 2282 καὶ
457 2222 674 2285 οἰκείους
731 2219 1045 2294 ἀπολιπεῖν,
1102 2220 1189 2276 καὶ
1251 2220 1304 2274 ἐν
1370 2217 1618 2296 ἀλλοτρίᾳ
1689 2217 1952 2294 γενέσθαι,

309 2314 463 2378 ὅπως
513 2316 588 2382 τῷ
645 2310 954 2384 ποθουμένῳ
1008 2331 1064 2366 τε
1121 2310 1254 2366 κατὰ
1304 2309 1471 2383 μόνας
1503 2307 1834 2386 συγγένοιτο,
1869 2307 1955 2362 καὶ

312 2401 617 2480 ἆνακηρῦξῃ
662 2400 886 2463 πολλοῖς
933 2401 1029 2466 τὴν
1087 2397 1375 2459 εὐσέϐειαν,
1437 2400 1537 2456 Τὸν
1601 2395 1955 2453 ἐπιϐάλλοντα

312 2492 490 2548 τοίνυν
533 2490 672 2563 αὒτῷ
715 2489 910 2568 κλῆρον
943 2489 1083 2564 παρὰ
1127 2494 1231 2545 τῶν
1291 2491 1552 2544 τεκόντωι
1591 2483 1766 2542 λαϐὼν
1799 2484 1954 2550 ἔξεισι

309 2583 416 2650 τῆς
477 2579 742 2659 πατρίδος,
805 2581 892 2636 καὶ
936 2578 1093 2635 πόλιν
1141 2578 1200 2634 ἐκ
1244 2577 1454 2642 πόλεως
1499 2573 1731 2650 ἀμείϐων
1776 2576 1864 2639 οἶς
1896 2576 1954 2630 ἂν

311 2672 569 2736 ἐπισταίη
636 2671 696 2725 ἐκ
753 2670 858 2725 τῶν
910 2669 1074 2724 ὄντων
1129 2668 1348 2745 ἐπήρκει
1390 2684 1404 2698 '
1456 2666 1640 2722 ’έπειτα
1701 2667 1790 2721 καὶ
1857 2665 1957 2732 τὴν

310 2761 530 2836 μείζονα
571 2759 836 2839 χορηγίαν
881 2759 966 2814 καὶ
1017 2761 1143 2834 πρὸς
1189 2757 1289 2824 τὴν
1359 2756 1532 2823 ἀληθῆ
1586 2758 1684 2821 τῆς
1741 2753 1958 2833 Τριοίδος

309 2856 510 2930 γνῶσιν
556 2849 937 2928 ἐχειραγώγει,
1002 2848 1099 2905 Καὶ
1137 2847 1331 2914 δήποτε
1366 2849 1506 2924 παρὰ
1561 2844 1714 2901 πόλιν
1759 2845 1953 2924 ἆιρικό-

315 2962 474 3016 μενος
506 2939 863 2996 Πλικεντίναν
908 2938 993 2994 καὶ
1037 2943 1103 3009 τῇ
1159 2935 1491 2992 Μεδιολάνων
1537 2934 1778 3010 ἐπιστὰς,
1811 2940 1955 3012 Προ-

316 3033 482 3104 τασίῳ
547 3030 632 3085 καὶ
693 3025 958 3105 Γερϐασίῳ
1030 3039 1147 3090 τοῖς
1230 3030 1554 3101 θαυμαστοῖς
1618 3024 1954 3104 ἐντυγχάνει,

314 3119 711 3181 κατακλείστοις
762 3117 859 3192 μὲν
903 3117 1002 3172 ὑπὸ
1045 3114 1137 3172 τοῦ
1169 3113 1428 3194 ἄρχοντος
1482 3113 1708 3178 Ἰταλίας
1766 3112 1955 3170 ’Λνου-

314 3208 461 3264 λίνου
493 3207 575 3264 δια
603 3208 700 3275 τὴν
743 3209 812 3268 εἰς
850 3206 1071 3284 Χριστὸν
1119 3203 1408 3282 ὁμολογίαν
1456 3203 1785 3283 γενομένοις,
1833 3217 1954 3267 ταῖς

316 3296 776 3373 παραδοξοποιίαις
821 3295 876 3350 δὲ
942 3297 1027 3350 καὶ
1082 3308 1196 3359 τοῖς
1255 3294 1482 3371 θαύμασι
1536 3295 1623 3351 καὶ
1677 3296 1810 3372 πρὸς
1863 3294 1956 3356 τὰς

317 3387 546 3464 ὁμόρους
578 3387 754 3466 χώρας
787 3383 1178 3465 ἐφαπλομένοις
1191 3433 1204 3446 ,

405 3655 489 3718 Γ¹,
535 3653 813 3733 Ἐντυλὼν
856 3655 942 3708 οὖν
977 3665 1093 3716 τοῖς
1147 3649 1391 3718 ἀνδράσιν
1439 3653 1464 3707 ὁ
1512 3655 1656 3716 θεῖος
1704 3652 1959 3730 Ναζάριος

312 3751 385 3821 τῇ
418 3766 473 3800 τε
518 3749 616 3811 τῆς
660 3745 889 3801 πίστεως
933 3745 1020 3798 καὶ
1064 3749 1131 3819 τῇ
1176 3747 1273 3808 τῆς
1317 3741 1510 3819 ἀρετῆς
1541 3743 1786 3814 κοινωνίᾳ
1829 3742 1958 3797 τού-

311 3853 437 3896 τους
497 3835 781 3897 οἷκειωθεῖς
840 3832 1128 3911 (ἐγγίνεται
1188 3833 1289 3911 γάρ
1344 3854 1395 3887 τι
1450 3829 1663 3910 φίλτρον
1708 3843 1825 3893 τοῖς
1855 3837 1960 3886 τῶν

313 3922 453 3980 ἴσων
486 3923 674 4001 ἐρῶσιν
705 3925 808 4003 οὐχ
836 3924 997 3989 ἦττον
1027 3921 1063 3990 ἣ
1095 3935 1209 3984 τοῖς
1261 3924 1352 3976 τοῦ
1406 3921 1563 3977 αὒτοῦ
1620 3923 1961 3979 κοινωνοῦσιν

313 4011 604 4093 αἵματος),
659 4014 788 4089 πρὸς
849 4013 944 4079 τὴν
1031 4013 1316 4088 μαρτυρίαν
1399 4012 1587 4074 αὖτοὺς
1658 4009 1956 4091 ὑπαλείφει,

2026 505 2160 568 dem
2193 505 2408 568 divites
2427 515 2484 568 et
2502 506 2880 570 facultatibus
2907 517 2964 569 et
2986 506 3206 571 virtute
3230 526 3246 572 :
3269 507 3443 572 Petro
3465 519 3662 574 autem

2023 594 2572 669 institutore,chori
2603 597 3031 679 discipulorum
3059 597 3354 680 principe,
3387 602 3510 662 Deo
3529 600 3665 663 red-

2025 685 2132 746 diti
2156 687 2340 765 magis
2364 686 2706 762 familiares,
2740 706 3011 768 aquaque
3042 702 3102 750 et
3133 690 3343 771 spiritu
3373 707 3663 753 consum-

2029 775 2191 838 mati.
2223 775 2442 838 Eorum
2500 780 2776 857 pietatem
2827 779 2983 840 Deus
3037 777 3216 840 veluti
3246 797 3664 858 remunerans,

2025 864 2325 940 quomodo
2353 865 2496 926 olim
2550 866 2806 930 Abrahae
2865 867 3350 948 hospitalitatem,
3384 870 3473 932 eis
3504 870 3669 933 dedit

2027 952 2213 1014 {ilium
2241 955 2542 1018 hieredem
2574 957 2752 1018 simul
2787 956 3019 1019 virtutis
3053 967 3110 1020 et
3131 959 3449 1036 bonorum,
3482 962 3666 1023 Naza-

2027 1042 2335 1105 rium.Iile
2364 1054 2589 1128 autem,
2615 1056 2891 1126 tanquam
2914 1066 2948 1109 a
2982 1049 3102 1111 Deo
3134 1048 3330 1123 datus,
3363 1067 3430 1112 se
3453 1068 3662 1113 rursus

2028 1140 2216 1194 totum
2265 1135 2447 1195 tradit
2479 1135 2624 1198 Deo.
2658 1133 2728 1197 Et
2773 1137 2902 1216 ipse
2934 1137 3174 1218 quidem
3199 1137 3260 1200 in
3291 1139 3493 1202 divino
3522 1140 3666 1202 ado-

2028 1230 2224 1302 ptatur
2269 1222 2626 1304 baptismate
2687 1246 2717 1285 a
2780 1225 2950 1303 Lino,
3005 1230 3105 1308 qui
3139 1241 3264 1290 erat
3293 1229 3480 1309 ipsius
3511 1230 3672 1293 Petri

2028 1311 2189 1373 sedis
2219 1321 2278 1374 et
2331 1314 2554 1375 virtutis
2613 1333 2950 1378 successor.
3012 1319 3159 1379 Cum
3192 1326 3390 1379 autem
3423 1319 3496 1380 ad
3530 1337 3671 1400 per-

2029 1401 2338 1464 fectiorem
2379 1405 2750 1481 perveniSSet
2779 1416 3036 1486 aetatem,
3075 1408 3493 1488 perfectiorem
3525 1429 3672 1491 quo-

2033 1509 2156 1568 que
2184 1493 2430 1570 gratiam
2462 1496 2875 1571 consequitur.
2909 1495 3043 1577 Ipse
3087 1496 3248 1559 enim
3285 1496 3463 1560 simul
3493 1517 3671 1578 auge-

2035 1580 2227 1662 batur,
2255 1591 2313 1644 et
2343 1587 2430 1644 sui
2465 1583 2796 1664 accipiebat
2837 1585 3299 1668 incrementum,
3333 1594 3393 1648 et
3422 1606 3672 1668 magnus

2035 1671 2163 1749 ejus
2193 1689 2363 1732 amor
2392 1671 2452 1732 in
2487 1673 2791 1737 Christum
2843 1674 3208 1738 reddebatur
3254 1676 3444 1756 major
3472 1686 3531 1739 et
3559 1678 3675 1740 fer-

1975 1798 2011 1847 Β
2032 1761 2291 1824 ventior.

2113 1848 2186 1913 II.
2223 1849 2365 1914 Cum
2397 1869 2538 1914 vero
2589 1853 2850 1934 pietatis,
2913 1873 3045 1936 quae
3074 1861 3203 1917 erat
3251 1855 3311 1917 in
3365 1855 3519 1939 ipso,
3576 1859 3673 1924 fax

2035 1941 2207 2001 valde
2236 1949 2392 2003 esset
2418 1943 2480 2004 in
2507 1942 2689 2004 altum
2745 1943 3006 2024 sublata,
3065 1955 3124 2007 et
3180 1945 3398 2008 multos
3424 1947 3497 2010 ad
3532 1966 3670 2011 eum

2034 2037 2292 2110 vocaret,
2321 2041 2381 2092 et
2413 2031 2700 2093 tumultus
2731 2040 2788 2094 et
2819 2035 3172 2096 continuum
3205 2053 3413 2097 eorum
3446 2036 3548 2116 qui
3595 2039 3672 2100 ad

2035 2119 2230 2199 ipsum
2275 2119 2642 2183 accedebant
2697 2123 3016 2184 adventum
3073 2123 3408 2200 declinans,
3468 2127 3677 2190 statuit

2040 2211 2288 2289 patriam
2322 2218 2381 2271 et
2417 2229 2555 2272 suos
2583 2211 2924 2292 relinquere
2953 2215 3350 2288 necessarios,
3378 2224 3436 2277 et
3455 2216 3680 2279 versari

2039 2299 2100 2359 in
2127 2299 2340 2374 aliena,
2377 2310 2441 2360 ut
2470 2309 2526 2360 et
2558 2321 2693 2362 cum
2728 2320 2820 2374 eo,
2849 2321 3024 2381 quem
3064 2303 3464 2380 desiderabat,
3500 2323 3674 2367 seor-

2039 2408 2170 2449 sum
2205 2389 2735 2470 colloqueretur,et
2756 2393 2956 2453 multis
2981 2393 3334 2472 przedicaret
3366 2393 3672 2474 pietatem.

2041 2477 2183 2539 Cum
2217 2497 2359 2556 ergo
2387 2480 2820 2556 haereditatem,
2853 2500 2983 2562 quae
3027 2481 3100 2542 ad
3149 2500 3282 2543 eum
3316 2484 3672 2564 pertinebat,

2039 2569 2370 2649 accepisset
2395 2588 2428 2630 a
2460 2571 2828 2652 parentibus,
2858 2570 3165 2651 egreditur
3190 2589 3224 2632 θ
3254 2571 3480 2652 patria:
3515 2580 3574 2635 et
3605 2591 3676 2635 ex

2041 2677 2156 2718 una
2181 2658 2414 2721 civitate
2446 2661 2746 2723 transiens
2801 2661 2864 2721 in
2917 2662 3117 2735 aliam,
3174 2662 3246 2724 ad
3285 2680 3677 2743 quoscunque

2040 2748 2409 2823 accessisset,
2446 2747 2520 2810 iis
2549 2768 2724 2831 opem
2755 2749 2982 2812 ferebat
3009 2768 3082 2812 ex
3115 2750 3239 2812 suis
3271 2750 3675 2816 facultatibus.

2041 2836 2272 2898 Deinde
2304 2838 2478 2899 etiam
2512 2837 2600 2900 eis
2629 2839 2855 2918 majora
2885 2838 3321 2920 suppeditabat,
3359 2848 3424 2902 ut
3452 2840 3680 2922 quieos

2041 2925 2364 2987 deduceret
2416 2927 2488 2988 ad
2542 2947 2738 2989 veram
2787 2928 3089 2990 Trinitatis
3138 2929 3563 3008 cognitionem.
3601 2930 3680 2994 Ει

2039 3034 2174 3076 cum
2205 3015 2470 3078 venisset
2501 3017 2887 3091 Placentiam,
2914 3027 2972 3080 et
3001 3020 3355 3082 accessisset
3403 3017 3681 3082 Mediola-

2041 3106 2488 3179 num,convenit
2521 3107 2868 3170 Gervasium
2904 3118 2962 3170 et
3013 3109 3348 3172 Protasium
3379 3109 3537 3173 viros
3566 3110 3678 3174 ad-

2042 3195 2370 3271 mirabiles,
2390 3196 2492 3278 qui
2524 3196 2596 3259 ab
2629 3197 2813 3260 Italiae
2850 3198 3094 3280 quidem
3129 3199 3384 3281 przeside
3413 3199 3676 3262 Anulino

2031 3284 2158 3364 jam
2191 3284 2426 3347 fuerant
2454 3289 2516 3348 in
2549 3305 2849 3351 carcerem
2883 3287 3102 3351 inclusi
3145 3297 3391 3372 propter
3418 3307 3585 3351 suam
3615 3289 3679 3351 in

2039 3372 2336 3436 Christum
2368 3376 2852 3455 confessionem;
2905 3379 2980 3440 iis
3034 3389 3255 3454 autem,
3291 3397 3428 3460 quae
3456 3379 3680 3442 ﬁebant

2041 3473 2257 3542 praeter
2288 3467 2552 3527 omnium
2585 3469 2956 3548 opinionem,
2983 3475 3042 3529 et
3073 3469 3374 3530 miraculis
3405 3468 3685 3531 extende-

2041 3552 2258 3615 bantur
2286 3555 2442 3618 fama
2471 3559 2545 3619 ad
2578 3558 2864 3619 finitimas
2896 3558 3071 3619 etiam
3100 3556 3397 3636 regiones.

2124 3643 2378 3706 llI.Cum
2413 3665 2514 3707 eos
2538 3665 2676 3725 ergo
2709 3648 2943 3708 divinus
2974 3648 3352 3708 convenisset
3372 3647 3681 3722 Nazarius,

2043 3731 2180 3794 tidei
2201 3743 2258 3792 et
2277 3733 2513 3794 virtutis
2537 3737 2962 3796 communione
2985 3736 3073 3796 eis
3110 3736 3356 3798 effectus
3373 3735 3682 3798 familiaris

2047 3821 2458 3901 (ingeneratur
2486 3823 2644 3884 enim
2669 3824 2908 3905 quidam
2942 3843 3110 3886 amor
3141 3826 3198 3886 in
3226 3826 3297 3885 iis
3327 3826 3429 3906 qui
3451 3844 3685 3888 earum-

2043 3911 2178 3972 dem
2212 3930 2416 3972 rerum
2449 3931 2654 3974 amore
2685 3923 2989 3991 tenentur,
3024 3933 3142 3976 non
3187 3913 3385 3976 minus
3414 3935 3589 3996 qualn
3620 3917 3678 3980 in

2045 4000 2523 4080 consanguineis)
2554 4020 2655 4063 eos
2675 4002 2969 4084 incitat,et
3001 4002 3086 4064 eis
3117 4003 3384 4065 animum
3415 4003 3581 4066 addit
3609 4003 3682 4065 ad

311 4105 407 4158 καὶ
452 4091 602 4180 θήγει
658 4105 864 4166 τούτοις
910 4103 1002 4157 τὸν
1033 4105 1162 4178 πρὸς
1197 4102 1418 4178 Χριστὸν
1451 4099 1640 4178 ἔρωτα,
1691 4099 1954 4157 Ἐντεῦθεν

2045 4091 2414 4171 martyrium,
2450 4091 2722 4154 etreddit
2742 4093 3034 4154 acriorem
3059 4110 3267 4154 eorum
3291 4093 3352 4154 in
3382 4093 3684 4157 Christum

312 4199 410 4248 τοῦ
454 4179 635 4271 ἀνδρὸς
695 4193 852 4272 φήμη
911 4191 1222 4270 πανταχόσε
1283 4189 1585 4247 διαδοθεῖσα
1645 4191 1824 4270 φθάνει
1871 4189 1954 4246 καὶ

2048 4198 2336 4241 amorem.
2371 4179 2522 4241 Hinc
2552 4180 2781 4242 Nazarii
2811 4183 2968 4244 fama
2989 4183 3050 4243 in
3067 4201 3307 4244 omnem
3343 4191 3571 4264 partem
3595 4184 3685 4244 di-

316 4282 485 4361 μέχρι
544 4289 636 4338 τοῦ
693 4271 952 4360 ἄρχοντος
997 4280 1324 4337 Ἀνουλίνου.
1384 4282 1444 4337 '0
1498 4277 1551 4334 δὲ
1611 4281 1954 4359 παραστησά-

2048 4286 2275 4361 spersa,
2313 4271 2581 4348 pervenit
2611 4273 2788 4333 etiam
2824 4291 3014 4353 usque
3043 4273 3113 4333 ad
3137 4273 3450 4361 praesidem
3481 4271 3688 4334 Anuli-

317 4358 481 4447 μενος
540 4373 632 4426 τὸν
668 4367 925 4449 Ναζαριον
956 4369 1052 4426 οἷα
1083 4366 1377 4434 σύμϐουλός
1422 4391 1480 4424 τε
1513 4368 1654 4444 αὒτῴ
1710 4370 1954 4425 καθίστα-

2047 4378 2212 4422 num.
2248 4358 2355 4422 Ille
2387 4371 2582 4422 autem
2618 4381 2750 4424 cum
2796 4363 2924 4424 sisti
2956 4371 3221 4424 curasset
3250 4360 3587 4444 Nazarium,
3625 4362 3691 4425 ﬁt

316 4482 432 4534 ται,
479 4461 674 4537 καὶμὴ
703 4458 917 4516 ἀσεϐεῖν
962 4457 1096 4530 μηδέ
1159 4457 1437 4537 ἐνυϐρίζειν
1481 4461 1551 4523 είς
1598 4460 1718 4520 τοὺς
1765 4458 1954 4517 ἐκείνοι

2052 4449 2107 4510 ei
2133 4457 2408 4531 tanquam
2445 4453 2842 4527 consiliarius,
2879 4460 2936 4514 et
2984 4452 3198 4514 suadet
3230 4470 3304 4513 ne
3333 4452 3412 4512 sit
3439 4451 3685 4533 impius,

419 4520 432 4534 ι
596 4520 608 4537 .
663 4520 674 4528 .
962 4520 972 4530 .
1028 4520 1039 4527 .
1283 4520 1293 4537 ,
1343 4520 1360 4529 ,
1539 4520 1549 4523 _

315 4551 467 4612 θεοὺς
526 4562 777 4627 παραινεῖ
813 4568 825 4583 ⁸
895 4549 1019 4605 εἶτα
1077 4546 1261 4614 ἐπειδὴ
1308 4547 1445 4627 ἔγνω
1500 4551 1590 4604 τὸν
1643 4549 1794 4626 ἅγιον
1849 4547 1954 4604 οὖδὲ

2051 4558 2162 4601 nec
2192 4520 2352 4602 illius
2383 4540 2526 4602 deos
2557 4542 2791 4622 probris
2846 4543 3170 4604 insectctur
3201 4549 3258 4604 et
3287 4520 3688 4604 contumeliis.

318 4639 490 4707 ἀκοῆς
528 4639 672 4704 ἀξίαν
703 4639 1002 4714 ἡγούμενον
1031 4639 1128 4706 τὴν
1174 4639 1330 4694 αὐτοῦ
1382 4637 1708 4713 συμκουλὴν,
1750 4639 1816 4712 (τί
1869 4639 1954 4716 γὰε

2049 4629 2278 4691 Deinde
2329 4613 2639 4712 postquam
2698 4633 2973 4712 cognovit
3029 4640 3301 4694 sanctum
3334 4651 3411 4693 ne
3442 4630 3689 4711 dignum

319 4727 490 4791 οὕτως
567 4726 872 4798 ἐπιτήδειον
928 4729 1002 4792 εἷς
1075 4717 1251 4806 ὕϐριν’
1293 4730 1364 4792 ὡς
1421 4728 1488 4783 τὰ
1554 4726 1890 4806 βδελύγματα
1923 4748 1954 4805 ;λ

2052 4719 2321 4799 quidem,
2354 4721 2511 4800 quod
2563 4722 2897 4802 audiretur,
2933 4730 3141 4804 putare
3169 4722 3488 4785 consilium
3524 4720 3692 4803 (quid

321 4818 468 4874 παίει
526 4818 663 4874 κατὰ
718 4823 826 4874 τῶν
857 4817 1126 4896 σιαγόνων
1177 4815 1400 4891 πολλὰς,
1433 4819 1522 4873 καί
1551 4817 1729 4896 ὥσπερ
1757 4841 1807 4874 τι
1838 4817 1954 4895 ἄγοι

2052 4809 2214 4870 enim
2246 4817 2337 4870 est
2388 4809 2462 4870 ad
2520 4809 2755 4890 probris
2802 4811 3206 4892 appetendum
3260 4811 3480 4893 aptius,
3515 4829 3691 4894 quam

320 4909 354 4962 ὁ
397 4905 745 4984 ἐναγέστατος
790 4907 994 4982 ἀτίμως
1059 4909 1216 4965 αὐτὸν
1259 4905 1353 4974 τῆς
1403 4905 1612 4969 πόλεως
1656 4905 1966 4970 ἀπελαύνει,

320 5001 490 5054 Τοῦτο
519 4994 574 5051 δὲ
606 4994 716 5069 ὅσῳ
747 4996 885 5074 μέγα
927 4997 1000 5060 εἰς
1057 4997 1316 5072 τιμωρίαν
1360 4995 1530 5052 ἐδόκει
1586 5001 1664 5070 τῷ
1721 4995 1966 5077 δικαστῃ,

317 5086 561 5159 τοσούτῳ
595 5093 780 5161 μεῖζον
812 5086 884 5150 είς
918 5085 1221 5164 εὐεργεσίαν
1253 5085 1510 5164 ἐλογίσθη
1542 5092 1618 5160 τῷ
1675 5087 1916 5165 Ναζαρίῳ
1948 5102 1964 5119 ⁶

319 5173 405 5230 ὅτι
448 5174 544 5232 καί
575 5173 800 5252 πληγῶν
831 5173 915 5231 διὰ
945 5177 1036 5232 τὸν
1079 5175 1209 5255 ὑπὲρ
1258 5177 1418 5234 αὖτοῦ
1464 5176 1698 5232 παθόντα
1743 5177 1970 5254 Χριστὸν

316 5262 542 5331 ἠξίωτο.
605 5262 780 5340 Ἐξῄει
823 5265 995 5322 τοίνυν
1049 5267 1108 5321 οῦ
1137 5272 1385 5340 σιωπῶν,
1419 5264 1535 5322 οὐδὲ
1585 5265 1685 5334 τὴν
1729 5265 1968 5345 γλῶτταν

321 5350 588 5432 ἄφθογγος
649 5356 736 5410 καὶ
786 5361 862 5428 τῷ
920 5353 1024 5410 δέει
1069 5353 1466 5430 πεπεδημένος,
1512 5351 1650 5412 ἀλλὰ
1694 5361 1792 5423 τῆς
1854 5379 1972 5412 συν-

321 5443 484 5513 ήθους
529 5443 794 5524 ἐχόμενος
826 5441 1186 5519 διδασκαλίας,
1221 5445 1309 5501 καὶ
1341 5443 1572 5510 πολλοὺς
1606 5450 1712 5501 τῶν
1734 5445 1972 5502 ἀπίστων

324 5531 464 5590 εἴσω
519 5533 615 5602 τῆς
676 5536 769 5591 τοῦ
823 5540 1051 5612 Χριστοῦ
1121 5533 1360 5614 σαγήνης
1419 5535 1766 5613 ποιούμενος.
1827 5537 1974 5594 Κατὰ

324 5625 455 5704 γοῦν
509 5624 608 5694 τὴν
661 5624 825 5683 νύκτα
893 5626 1105 5693 ἐκείνην
1171 5623 1341 5684 ἐδόκει
1401 5626 1644 5706 Ναζαρίῳ
1695 5628 1731 5696 ἡ
1793 5625 1973 5708 μήτηρ

2051 4898 2241 4960 multa
2262 4918 2394 4980 qum
2411 4898 2686 4961 coluntur
2708 4900 3085 4980 simulacra?)
3110 4900 3241 4980 ejus
3263 4900 3518 4963 maxillis
3541 4899 3694 4962 mul-

2053 5002 2141 5052 tos
2166 4994 2432 5067 impingit
2455 4994 2806 5067 colaphos,et
2837 5003 3107 5064 tanquam
3136 4993 3366 5064 aliquod
3397 4991 3692 5064 piaculum

2052 5079 2145 5142 vir
2174 5079 2574 5142 exsecranJus
2606 5097 2739 5140 eum
2762 5095 2898 5138 cum
2925 5077 3144 5158 probro
3177 5084 3236 5138 et
3256 5076 3554 5138 dedecore
3586 5094 3684 5138 ex-

2053 5167 2222 5250 pellit
2251 5187 2282 5230 e
2309 5169 2568 5231 civitate.
2603 5165 2728 5230 Hoc
2758 5174 2954 5228 autem
2987 5173 3270 5246 quantum
3296 5164 3487 5248 judici
3519 5164 3690 5228 vide-

2055 5259 2227 5321 batur
2277 5277 2557 5338 magnum
2602 5256 2675 5319 ad
2726 5254 3108 5337 supplicium,
3164 5262 3391 5318 tantum
3442 5254 3694 5318 Nazario

2057 5347 2456 5411 existimatum
2479 5355 2568 5409 est
2592 5347 2782 5427 majus
2804 5345 2876 5408 ad
2900 5343 3453 5426 beneﬂcium,quod
3479 5343 3696 5424 dignus

2057 5438 2294 5502 habitus
2326 5437 2405 5500 sit
2437 5439 2637 5520 plagas
2658 5435 2933 5517 accipere
2965 5444 3207 5519 propter
3233 5435 3561 5511 Christum,
3593 5435 3698 5517 qui

2057 5547 2165 5611 pro
2191 5528 2322 5610 ipso
2353 5546 2564 5612 passus
2594 5525 3004 5607 est.Egressus
3032 5533 3126 5589 est
3154 5542 3295 5605 ergo
3327 5544 3449 5589 non
3479 5523 3692 5602 silens,

2059 5637 2259 5700 neque
2309 5619 2565 5702 elinguis
2599 5635 2669 5683 ac
2713 5624 2933 5700 mutus,
2969 5624 3027 5681 et
3081 5625 3240 5682 metu
3269 5616 3528 5694 vinctus,
3587 5616 3697 5679 sed
