4066 6146
461 232 581 307 899

1698 237 1953 301 ADDEN
1961 225 2082 300 DA.
2145 270 2224 284 —
2282 234 2577 329 JUNIUS.

3694 233 3880 307 900‘

463 390 717 460 pergens
738 372 957 437 docere
982 377 1043 433 ut
1064 377 1477 444 consueverat,
1514 368 1807 460 et_multos
1830 367 2070 460 inﬁdele

2187 369 2446 427 ἐπιστᾶσα
2505 366 2819 447 προτρέπειν
2878 368 3019 440 αὒτῷ
3099 368 3187 425 καὶ
3268 367 3359 431 τὰς
3424 374 3529 424 τῶν
3584 368 3800 428 Γαλλιῶν

462 456 763 531 inducens
789 462 943 523 intra
966 462 1184 525 Christi
1217 477 1518 536 sagenam.
1554 456 1738 519 Porro
1771 468 1964 520 autem
1997 457 2099 518 illa

461 566 633 620 noete
653 555 775 616 visa
796 562 889 613 est.
921 559 1109 613 mater
1146 550 1393 613 Nazario
1419 550 1654 621 adesse,
1691 555 1749 608 et
1782 566 1915 609 eum
1948 548 2093 609 hor-

462 647 600 716 tari,
634 653 697 706 ut
726 642 920 704 obiret
977 638 1182 703 Galliae
1227 640 1517 712 civitates,
1553 646 1614 698 et
1662 638 1719 698 in
1754 638 1844 699 eis
1866 637 2100 717 jaceret

463 736 692 799 semina
721 729 1011 804 veritatis,
1044 730 1149 791 Ille
1172 737 1394 801 autem,
1424 744 1486 788 ut
1508 727 1561 789 ei
1591 747 1624 789 a
1653 735 1841 789 matre
1870 729 2096 790 dictum

461 821 842 899 fuerat,veuit
870 819 1100 881 Meliam
1127 830 1238 883 test
1259 828 1455 879 autem
1478 836 1547 879 ea
1575 836 1690 877 una
1721 816 1923 878 Galliae
1953 818 2095 879 civi-

461 924 594 989 tas),
639 921 700 974 et
728 928 959 989 omnes,
987 928 1136 989 quos
1175 909 1578 981 convenisset,
1608 907 1853 969 deducit
1881 908 1951 969 ad
1990 909 2095 971 Dei

460 1001 881 1081 cognitionem,
917 1007 973 1059 et
1003 1007 1205 1077 aperte
1234 997 1516 1079 prtedicat
1550 1003 1850 1077 pietatem.

538 1089 635 1154 Ν.
662 1087 904 1152 Interim
930 1096 1125 1149 autem
1150 1088 1222 1148 ad
1247 1105 1383 1149 eum
1409 1085 1642 1148 accedit
1673 1086 1894 1147 femina
1925 1106 2094 1164 quae-

460 1182 593 1243 dam
612 1176 863 1239 illustris
883 1185 941 1238 et
961 1195 1029 1238 ex
1055 1177 1264 1257 primis
1287 1175 1563 1251 civitatis,
1590 1175 1894 1236 adducens
1916 1195 2094 1257 quem

458 1268 708 1333 habebat
744 1265 932 1329 ﬁlium
966 1265 1206 1327 nomine
1255 1264 1539 1341 Celsium,
1594 1266 1717 1344 jam
1752 1273 1872 1326 tres
1903 1284 2094 1328 annos

459 1369 687 1438 natum,
713 1366 771 1418 et
798 1356 1045 1436 deponit
1065 1357 1258 1435 ipsum
1284 1355 1343 1416 in
1367 1355 1495 1435 ejus
1522 1354 1832 1416 manibus:
1867 1354 2094 1436 Seque-

459 1460 553 1512 tur
584 1457 641 1511 te
672 1446 770 1510 hic
801 1463 973 1526 puer,
1007 1446 1239 1526 dicens,
1287 1445 1343 1505 in
1400 1445 1561 1505 omni
1594 1446 1706 1517 via,
1743 1445 1934 1508 donec
1966 1451 2095 1526 ipse

2181 461 2480 538 περιελθετν
2546 456 2752 536 πόλεις,
2827 458 2913 513 καὶ
2998 456 3211 521 ταύταις
3266 459 3332 513 τὰ
3392 457 3665 535 σπέρματα
3714 464 3800 526 τῆς

2181 548 2429 616 ἀληθείας
2486 546 2831 606 καταϐαλεῖν.
2884 538 2940 604 Ὀ
3013 545 3067 602 δὲ
3125 548 3226 603 ὑπὸ
3284 550 3380 616 τῆς
3438 549 3638 624 μητρὸς
3679 550 3804 623 αὖτῷ

2180 639 2461 717 εἰρημένον
2505 636 2558 693 ἐν
2603 642 2672 712 τῇ
2717 634 2882 709 Μελίᾳ
2944 634 3120 714 (πόλις
3164 633 3217 690 δέ
3264 634 3397 703 αὕτη
3428 639 3536 692 των
3567 636 3804 711 Γαλλιῶν)

2182 730 2406 807 γένεται,
2438 726 2640 791 πάντας
2682 745 2739 779 τε
2770 725 2859 788 οἷς
2902 724 2966 780 ἅν
3009 724 3351 805 συνενεχοείη
3401 727 3534 804 πρὸς
3591 728 3806 805 θεογνω-

2182 819 2297 872 σίαν
2354 813 2671 893 καθοὸηγετ,
2732 815 2817 870 καὶ
2879 813 3231 892 ἀνακηρύττει
3274 815 3477 894 τρανῶς
3535 816 3626 882 τὴν
3669 815 3807 872 εὗσέ-

2183 903 2353 968 ϐειαν,

2264 1083 2344 1141 Δ’.
2399 1083 2490 1140 Ἐν
2545 1085 2716 1156 τούτῳ
2767 1084 2823 1140 δὲ
2878 1082 3118 1160 πρόσεισί
3175 1105 3255 1146 τις
3322 1084 3469 1156 αὒτῷ
3521 1082 3652 1158 γυνὴ
3713 1085 3807 1142 τῶν

2179 1174 2447 1253 ἐπιφανῶν
2506 1190 2559 1229 τε
2619 1177 2709 1230 καὶ
2767 1174 2992 1252 πρώτων
3053 1178 3120 1248 τῇ
3164 1170 3341 1248 πόλει,
3395 1173 3451 1227 ὃν
3498 1176 3621 1252 εἶχε
3653 1172 3804 1231 παῖδα

2182 1263 2400 1321 Κέλσιον
2431 1262 2791 1341 προσάγουσα,
2852 1264 3025 1340 τρίτον
3069 1262 3184 1324 ἔτος
3228 1259 3330 1328 ἤδη
3392 1265 3674 1338 γεγονότα,
3727 1263 3803 1319 καὶ

2178 1365 2300 1415 ταῖς
2364 1354 2518 1408 αὗτςῦ
2570 1355 2725 1431 χερσὶ
2784 1351 3143 1427 παρατίθεται,
3207 1349 3586 1420 Ἀκολοοθᾶσει
3649 1373 3725 1407 σοι
3776 1355 3798 1408 ὃ

2174 1456 2305 1507 παῖς
2348 1442 2497 1501 οὗτος
2533 1441 2587 1496 ἐν
2616 1444 2765 1517 πάσῃ
2803 1440 2927 1514 ὁδῷ,
2962 1442 3205 1512 εἰποῦσα,
3248 1440 3345 1503 ἕως
3376 1442 3465 1495 καὶ
3501 1442 3650 1504 αὐτὸς
3680 1441 3801 1505 ἄξιος

455 1555 689 1623 quoque
713 1536 933 1614 dignus
959 1536 1343 1611 evaserit,qui
1368 1536 1615 1595 sistatur
1647 1544 1783 1595 ante
1812 1536 2075 1597 thronun

2174 1531 2394 1607 γένηται
2469 1539 2544 1605 τῷ
2602 1538 2693 1588 τοῦ
2756 1533 3027 1586 Δεσπότου
3084 1536 3307 1607 Χριστοῦ
3363 1531 3538 1605 θρόνῳ
3605 1553 3803 1605 συμπα-

449 1618 687 1693 Dom—ini
714 1624 960 1688 Christi.
998 1625 1069 1686 Et
1095 1625 1193 1684 illa
1217 1624 1460 1700 quidem
1499 1625 1777 1685 discvdit.
1808 1627 2075 1687 Nazariu:

2173 1625 2450 1694 ραστῖιναι.
2516 1622 2611 1677 Κιιὶ
2666 1623 2701 1688 ἡ
2748 1620 2846 1694 μὲν
2879 1618 3271 1675 ἀπαλλάττεται
3306 1636 3317 1649 ’

3365 1622 3391 1673 ὁ
3440 1617 3494 1673 δὲ
3527 1618 3691 1686 ἡδέως
3729 1622 3807 1676 τὸν

450 1728 648 1781 autem
672 1714 1236 1776 infantemliheutcr
1282 1713 1517 1791 accipit,
1555 1731 1729 1792 quem
1764 1732 2075 1793 propemo-

2176 1707 2341 1765 παῖδα
2380 1708 2594 1788 δέχεται
2627 1714 2712 1764 καὶ
2745 1711 2906 1783 μονον
2938 1709 3031 1764 οὖν.
3060 1710 3145 1763 ἐπὶ
3192 1708 3295 1763 τῶν
3337 1708 3593 1785 ἄγκαλον
3641 1708 3805 1787 περιέ-

452 1810 593 1869 dum
623 1807 682 1867 in
702 1804 860 1866 ulnis
884 1802 1641 1881 rircumferebat.Cuinque
1667 1821 1874 1881 preces
1898 1802 2075 1863 dixis-

2172 1820 2348 1878 φέρεν,
2412 1800 2578 1878 εὖχάς
2646 1820 2704 1853 τε
2774 1798 2917 1871 αὒτῴ
2972 1798 3063 1861 τὰς
3123 1799 3361 1866 συνήθεις
3443 1798 3676 1875 ἐπιλέγει
3727 1800 3803 1854 καὶ

449 1905 540 1958 set
570 1902 911 1967 consuetas,
965 1911 1098 1952 cum
1154 1909 1257 1971 per
1312 1893 1667 1969 baptismum
1731 1891 1914 1953 efﬁcit
1966 1892 2075 1954 Dec

2174 1890 2364 1944 οἷκειοϊ
2423 1890 2538 1961 Θεῴ
2597 1886 2681 1942 διὰ
2730 1890 2821 1944 τοῦ
2876 1888 3212 1963 βαπτίματος

446 1985 797 2047 familiarem
835 2002 849 2042 :
883 1980 1163 2062 quoniam
1196 1998 1309 2043 nec
1373 1981 1550 2041 alium
1607 1991 1849 2042 noverat
1878 2001 2084 2044 verum

446 2076 760 2149 honorem,
793 2071 906 2133 nisi
929 2090 1063 2133 cum
1087 2070 1209 2132 Deo
1232 2071 1720 2151 conjunctionem
1744 2081 1799 2132 et
1824 2071 2082 2136 familia—

442 2165 703 2226 ritatem.
727 2160 827 2224 Sic
847 2179 987 2240 ergo
1006 2178 1071 2221 se
1096 2159 1322 2222 habens
1347 2160 1653 2240 Nazarius,
1677 2169 1731 2221 et
1755 2159 2078 2223 Galliarum

443 2254 705 2316 civitates
729 2252 813 2314 sic
835 2250 1104 2313 doctrina
1119 2250 1550 2330 complectens,
1589 2270 1661 2311 ne
1693 2249 1928 2312 illarum
1953 2253 2083 2332 qui-

442 2345 576 2407 dem
609 2342 923 2424 praesidem
955 2340 1722 2417 latuitDinobaum.ltaque
1752 2343 2080 2403 accersitus

440 2436 511 2496 ad
536 2452 699 2508 eum,
729 2431 891 2494 venit
911 2449 1045 2493 cum
1072 2448 1257 2511 puero
1280 2430 1480 2491 Celsio
1512 2440 1655 2492 :ete
1687 2449 1807 2507 quo
1839 2429 2078 2510 quidem

438 2542 659 2605 genere
690 2531 851 2586 esset
880 2520 1446 2601 natus,quibusnam
1475 2528 1669 2581 autem
1710 2519 2077 2599 parentibus,

440 2628 500 2676 et
528 2616 836 2692 cujusnam
875 2612 957 2672 sit
987 2610 1315 2690 religionis,
1348 2612 1720 2689 percontanti
1759 2608 2025 2670 Dinobao
2058 2629 2074 2671 :

436 2703 560 2782 Ego
590 2703 857 2783 quidem,
896 2700 1107 2781 inquit,
1135 2717 1357 2777 genere
1378 2716 1509 2759 sum
1531 2696 1871 2775 Romanus;
1902 2698 2077 2760 Chri-

437 2795 690 2853 stianam
708 2796 906 2851 autem
930 2805 1152 2867 sequor
1171 2786 1549 2864 religionem,
1585 2794 1648 2848 et
1671 2785 1856 2847 Deum
1888 2786 2076 2847 conﬁ~

438 2892 569 2943 teor
596 2898 756 2959 eum,
787 2876 890 2958 qui
931 2876 1041 2940 fuit
1070 2876 1415 2939 cruciﬁxus.
1464 2874 1633 2937 Tunc
1667 2874 1860 2937 fertur
1891 2875 2078 2937 Dino-

3257 1908 3265 1917 ·
3314 1886 3430 1941 ἐπεὶ
3492 1884 3628 1961 μηδὲ
3656 1887 3804 1961 τιμὴν

2171 1978 2352 2054 ἑτέραν
2399 1976 2514 2053 ᾔδει
2562 1975 2816 2044 ἀληθινὴν
2848 1974 2928 2032 ὅτι
2960 1976 3038 2050 μὴ
3072 1977 3198 2052 πρὸς
3230 1977 3290 2031 τὸ
3341 1983 3501 2031 Θεῒον
3534 1977 3800 2038 οἱαείωσιν,

2170 2067 2321 2125 Οῧτω
2380 2074 2653 2145 τοιγαροῦν
2713 2064 2857 2146 ἔχων
2919 2065 3174 2142 Ναζσίριος
3229 2069 3317 2121 καὶ
3361 2065 3504 2121 οὕτω
3564 2066 3653 2131 τὰς
3708 2066 3802 2122 τῶν

2166 2156 2408 2212 Γαλλιῶν
2466 2156 2647 2220 πόλεις
2712 2163 2777 2230 τῇ
2836 2152 3143 2228 διδασκαλίᾳ
3200 2154 3636 2233 περιλαμϐάνων,
3694 2154 3796 2214 οὐδὲ

2164 2247 2253 2302 τὸν
2311 2246 2545 2326 ἄρχοντα
2592 2253 2777 2302 τοῦτον
2840 2241 3123 2301 Δεινόϐαον
3182 2243 3447 2316 ἐλελήθει,
3509 2243 3645 2301 ἀλλὰ
3702 2266 3791 2319 με·

2164 2334 2475 2411 τάπεμπτός
2509 2357 2565 2392 τε
2610 2335 2751 2409 αὖτῷ
2809 2336 2942 2408 μετᾶ
2990 2341 3081 2390 τοῦ
3139 2332 3325 2397 παιδὸς
3366 2333 3496 2402 ’ἥκει
3560 2333 3786 2406 Κελσῖω,

2164 2428 2251 2481 καὶ
2310 2424 2429 2481 οἴου
2489 2424 2588 2499 μὲν
2646 2423 2828 2501 γένους
2892 2422 3007 2501 ἔφυ,
3059 2424 3212 2478 τίνων
3270 2421 3325 2479 δὲ
3370 2423 3639 2503 πατέρων,
3673 2426 3793 2488 τίνος

2164 2516 2217 2572 δὲ
2275 2517 2555 2595 θρησκείας
2635 2515 2744 2573 ἐστὶ
2822 2516 3197 2590 πυνθανομένῳ
3277 2513 3573 2597 AaV-1617,),
3643 2516 3791 2595 Ἐγὼ,

2163 2606 2289 2685 ἔφη,
2338 2608 2398 2663 τὸ
2454 2607 2551 2681 μὲν
2608 2606 2757 2682 γένος
2804 2607 2909 2681 εἰμὶ
2957 2597 3250 2681 Ῥωμαῖος,
3314 2604 3594 2684 πρεσϐεύω
3648 2604 3699 2662 δὲ
3738 2607 3794 2662 τὰ

2161 2702 2513 2776 Χριστιανῶν,
2569 2697 2656 2751 καὶ
2718 2696 2848 2751 Θεὸν
2921 2692 3175 2773 ὁμολογῶ
3238 2696 3329 2751 τὸν
3387 2694 3790 2775 ἐσταυρωμένον,

2160 2788 2291 2845 Τότε
2350 2784 2564 2862 λέγεται
2619 2786 2750 2860 πρὸς
2807 2785 2971 2862 ὀργὴν
3024 2785 3304 2851 κινηθέντα
3339 2784 3647 2857 Δεινόϐαον,
3686 2796 3792 2841 Δαιο

2162 2878 2345 2951 μόνιον
2400 2875 2572 2955 ἔχεις,
2604 2874 2787 2953 φάναι.
2827 2874 2900 2929 ’Ἡ
2956 2875 3005 2930 τί
3035 2895 3096 2953 γε
3130 2872 3260 2931 ἄλλο
3292 2876 3326 2942 ἠ
3356 2876 3593 2943 τοσαύτη
3623 2875 3790 2952 βούλε-

438 2969 612 3044 bans,
641 2967 714 3031 ad
748 2968 897 3029 iram
932 2964 1422 3048 motus,dixisse:
1461 2965 1657 3029 Habes
1689 2965 2073 3029 daemonium.

2164 2966 2246 3021 ταί
2280 2987 2357 3022 σοι
2392 2964 2615 3041 φλυαρία
2652 2979 2667 3036 ;
2704 2967 2810 3022 Οὐκ
2840 2962 2954 3018 ἔστι
2986 2984 3069 3018 σοι
3123 2964 3302 3041 πατήρ
3337 2984 3354 3035 ;
3409 2963 3504 3020 οὒκ
3535 2965 3642 3020 ἔστι
3690 2965 3790 3039 μή·

436 3058 587 3132 Quid
607 3058 766 3119 enim
805 3054 966 3118 aliud
989 3055 1106 3117 sibi
1135 3056 1338 3118 volunt
1368 3055 1461 3118 has
1493 3065 1670 3117 tanta;
1696 3071 1868 3133 nugas
1888 3055 1919 3116 ?
1947 3057 2077 3117 Non

436 3157 532 3211 est
560 3146 670 3208 tibi
699 3150 917 3227 pater?
970 3163 1088 3205 non
1140 3143 1362 3207 esttibi
1398 3143 1634 3206 mater?
1657 3144 1757 3204 llle
1790 3162 1929 3205 vero
1964 3161 1978 3202 :
2015 3143 2079 3207 Si

436 3236 798 3299 daemonium
843 3232 1153 3309 haberem,
1208 3234 1423 3315 inquit,
1456 3252 1573 3295 non
1605 3250 1756 3314 quos
1811 3241 1869 3293 tu
1903 3231 2074 3308 colis,

434 3326 738 3388 daamones
769 3323 1098 3386 insectarer
1124 3322 1366 3404 probris
1395 3332 1453 3384 et
1478 3321 2074 3386 eontumeliis.Dino-

435 3414 582 3477 baus
607 3423 803 3476 autem
839 3412 1100 3475 furorem
1132 3431 1250 3474 non
1282 3413 1484 3474 valens
1542 3414 1879 3488 continere,
1938 3431 2073 3475 cum

431 3523 684 3586 puerum
700 3503 943 3584 quidem
972 3500 1230 3566 Celsium
1263 3501 1734 3564 abstraxissetex
1762 3502 1918 3565 illius
1950 3522 2071 3565 ma-

429 3594 628 3675 nibus,
690 3593 1085 3655 intolerandis
1140 3611 1275 3653 eum
1341 3592 1526 3672 plagis
1573 3592 1776 3673 afﬁcit,
1831 3592 2070 3672 ingenio

423 3702 573 3763 puer
604 3702 768 3759 eum,
803 3682 905 3764 qui
938 3690 1065 3744 erat
1085 3700 1273 3744 canus
1296 3682 1638 3763 prudentia.
1667 3681 1895 3745 Deinde
1931 3700 2065 3744 eum

421 3772 665 3852 conjicit
695 3773 753 3833 in
780 3772 1204 3852 carcerem,,in
1234 3781 1587 3853 sequentem
1610 3771 1768 3833 diem
1803 3789 1937 3834 eum
1963 3790 2066 3833 re-

422 3879 685 3923 servans.
720 3860 927 3939 Magna
956 3859 1115 3921 enim
1151 3860 1474 3922 crudelitas
1505 3869 1564 3921 et
1613 3860 1674 3921 in
1727 3860 2066 3921 humanitas

423 3968 498 4011 ne
520 3949 762 4011 tantulae
781 3950 1023 4029 quidem
1042 3949 1230 4011 aetatis
1251 3950 1597 4011 movebatur
1620 3949 2055 4011 misericordia.

423 4039 592 4111 Quod
626 4038 866 4120 quidem
913 4039 1089 4100 etiam
1141 4039 1200 4099 in
1237 4040 1409 4102 bruta
1439 4039 1765 4101 animantia
1797 4050 1853 4100 et
1887 4058 2065 4102 novas

422 4128 653 4211 plantas
680 4128 962 4190 clementi
988 4137 1050 4192 et
1097 4128 1370 4206 benignas
1417 4130 1685 4191 evenerit
1707 4128 1959 4206 animai;
1994 4148 2065 4191 ea

420 4237 677 4301 namque
709 4219 909 4297 digna,
934 4217 1158 4299 quibus
1191 4226 1489 4294 precatur,
1516 4218 1843 4280 censuerit.
1870 4219 2062 4300 Atque

2159 3078 2261 3133 τηρ
2296 3074 2312 3131 ;
2347 3045 2405 3129 Ὀ
2447 3052 2526 3133 δὲ,
2564 3053 2619 3111 Ei
2650 3051 2922 3128 δαιμόνιον
2976 3052 3163 3132 εἶχον,
3204 3052 3388 3128 εἶπεν,
3452 3058 3548 3113 οὐκ
3599 3054 3656 3110 ἂν
3711 3051 3784 3117 οὒς

2161 3142 2333 3208 σέϐεις
2392 3141 2641 3218 δαίμονας
2696 3142 2760 3197 σὺ
2808 3140 2987 3214 αὒτὸς,
3040 3143 3277 3221 ᾑσχυνον
3332 3144 3423 3198 καὶ
3483 3139 3782 3220 καθύϐριζον,

2163 3235 2261 3291 Καὶ
2318 3235 2346 3288 ὁ
2406 3230 2714 3312 Δεινόϐαος,
2751 3230 2828 3306 μὴ
2860 3231 3150 3310 κατασχὼν
3195 3232 3294 3298 τὴν
3326 3235 3548 3313 μανίαν,
3592 3228 3779 3305 τὸνμὲν

2160 3319 2329 3380 παῖδα
2390 3321 2609 3380 Κέλσιον
2658 3326 2767 3376 τῶν
2821 3318 3021 3376 ἐκείνου
3083 3326 3282 3400 χειρῶν
3311 3320 3628 3387 ἀποσπάσας
3653 3318 3775 3386 πλη-

2158 3420 2283 3489 γαῖς
2342 3408 2617 3467 ἐπιϐάλλει
2675 3409 2735 3465 οὗ
2795 3422 3084 3489 φορηταϊς,
3133 3411 3160 3465 ὁ
3214 3423 3345 3473 παῖς
3374 3424 3503 3474 ταῖς
3534 3411 3680 3491 φρεσὶ
3703 3409 3779 3465 τὸν

2157 3499 2344 3557 πολιὸν
2394 3502 2492 3567 τὴν
2552 3500 2757 3555 σύνεσιν
2799 3519 2816 3538 ι
2869 3503 2986 3555 εἶτα
3040 3500 3128 3555 καὶ
3186 3503 3253 3575 τῇ
3309 3500 3494 3577 εἱριτῇ
3522 3496 3778 3576 ἒμϐἆλλει,

2153 3590 2535 3667 ταμιευόμενος
2567 3590 2640 3653 εἷς
2691 3589 2791 3656 τὴν
2833 3589 3131 3664 ὑστεραίαν.
3184 3578 3247 3643 ’11
3302 3588 3404 3667 γάρ
3438 3588 3613 3655 πολλῆ
3641 3589 3780 3661 ὠμό-

2151 3703 2249 3749 της
2307 3683 2393 3738 καὶ
2447 3680 2811 3758 ἀπάνθρωπον
2872 3678 2987 3736 οὐδὲ
3064 3677 3277 3745 ἡλικίας
3353 3680 3499 3753 αὒτῷ
3555 3679 3780 3743 τοιαύτης

2152 3770 2299 3829 ἔλεον
2354 3768 2536 3828 οὐδένα
2594 3768 2784 3848 εδίδου,
2850 3768 2979 3846 ὅπερ
3039 3768 3102 3824 ἄν
3160 3769 3248 3825 καὶ
3306 3770 3442 3848 πρὸς
3494 3767 3655 3848 ἄλογα
3682 3766 3778 3838 ζῶα

2148 3862 2233 3916 καὶ
2281 3862 2412 3940 πρὸς
2470 3860 2629 3937 νεαρὰ
2660 3861 2794 3941 φυτὰ
2852 3857 3222 3939 φιλάνθρωπος
3280 3859 3441 3916 πάθοι
3488 3860 3659 3938 ψυχὴ,
3698 3852 3778 3913 καί

2426 3950 2514 3973 9,3.
2554 3949 2601 3973 ’ξ
2650 3949 2662 3973 ι

2147 4041 2352 4104 οίστους
2385 4038 2596 4118 πληγὰς
2641 4037 2725 4094 διὰ
2773 4040 3000 4118 Χριστὸν
3045 4035 3213 4105 ἡδέως
3275 4039 3303 4093 ὁ
3357 4051 3495 4101 παῖς
3554 4035 3775 4118 Κέλσιος,

2144 4136 2300 4186 τοῦτο
2330 4130 2492 4205 μόνον
2514 4114 2849 4204 ’ψελλιζούσῂ
2912 4125 3133 4205 γλώσσῃ
3197 4126 3672 4207 ἐπιφθεγγόμενος,
3724 4114 3774 4179 Ὀ

2146 4220 2297 4273 Θεὸς-
2353 4222 2398 4273 ὦ
2454 4217 2562 4273 ἐγὼ
2613 4216 2878 4273 λατρεύω-
2941 4214 3096 4273 αὐτός
3153 4238 3211 4272 σε
3272 4230 3467 4273 κρινεῖ-
3529 4213 3769 4273 δικαστά·

2190 4230 2297 4297 εὸς,
2353 4230 2398 4293 ig)
2454 4230 2562 4296 ἐγὼ
2613 4230 2879 4295 λατρεύω,
2941 4230 3096 4282 αὑτσς
3153 4238 3211 4272 σε
3272 4230 3469 4297 κρινεῖ,
3529 4230 3735 4273 οικαστα

417 4307 826 4370 intolerabiles
842 4308 1082 4389 quidem
1105 4307 1305 4387 plagas
1325 4318 1569 4389 propter
1588 4308 1892 4369 Christum
1918 4327 2066 4387 puer

2164 4309 2233 4365 ιαῖ
2291 4309 2622 4384 παρακνίζων
2666 4309 2761 4364 καῖ
2821 4308 2972 4368 αὸτὸς
3054 4302 3337 4365 Δεινόϐαον
3393 4308 3474 4384 τῷ
3529 4307 3643 4384 περὶ
3693 4303 3773 4358 τὸν

416 4398 677 4460 libenter
695 4396 1026 4477 accipiebat
1057 4394 1693 4477 Celsius,balbutiente
1725 4397 1920 4475 lingua
1950 4398 2062 4459 hoc

419 4486 610 4548 solum
639 4486 884 4549 dicens:
937 4486 1118 4557 Deus,
1146 4485 1245 4547 cui
1270 4504 1379 4566 ego
1401 4487 1620 4555 servio.
1650 4488 1779 4567 ipse
1810 4498 1866 4549 te
1889 4488 2059 4568 judi-

419 4575 600 4652 cabit,
641 4595 675 4637 o
717 4576 923 4657 judex,
978 4574 1222 4635 irritans
1274 4576 1401 4655 ipse
1450 4594 1687 4657 quoque
1720 4576 2055 4639 Dinobaum

2142 4399 2368 4475 Χριστὸν
2420 4398 2590 4477 πόθῳ,
2655 4397 2891 4476 καθάπερ
2948 4394 3135 4469 πολλῷ
3193 4396 3451 4476 πρότερον
3512 4392 3769 4453 Ἰουδαίους

2142 4491 2169 4544 ὃ
2228 4489 2333 4543 τιῦν
2383 4486 2585 4554 ηλίκων
2654 4485 2851 4543 παιδων
2909 4487 3105 4565 χορὸς,
3164 4486 3447 4561 δμνοῦντες
3506 4487 3595 4543 τὸν
3659 4482 3770 4558 ἐμὸν

2142 4577 2373 4651 Ἰησοῦν,
2405 4578 2492 4632 καὶ
2526 4578 2682 4633 αἶνον
2715 4577 2856 4651 αὒτῷ
2886 4576 3310 4654 καταρτίζοντες.

419 4674 662 4747 prepter
708 4682 882 4726 suum
928 4665 988 4725 in
1020 4665 1277 4727 Cristum
1323 4664 1713 4745 desiderium,
1751 4668 1908 4730 sicut
1949 4670 2050 4731 diu
2093 4676 2231 4732 ante
2289 4664 2526 4729 Judaeos
2573 4666 2901 4747 aequalium
2947 4681 3268 4745 puerorum
3323 4664 3564 4741 chorus,
3591 4676 3767 4726 meum

418 4759 619 4821 Jesum
646 4753 877 4837 hymnis
908 4754 1284 4818 celebrantes
1313 4765 1369 4818 et
1407 4756 1643 4819 laudem
1676 4757 1729 4818 ei
1763 4758 2166 4838 perﬁcientes.

499 4845 570 4907 V.
605 4846 884 4919 Quaedam
914 4853 1113 4908 autem
1141 4845 1394 4925 insignis
1426 4846 1672 4927 femina,
1699 4846 1947 4910 nomine
1966 4849 2063 4911 Di-

415 4936 966 5018 nomeda,consulit
996 4935 1233 5015 conjugi
1256 4934 1536 5018 Dinobai,
1559 4946 1623 4998 ut
1650 4937 1899 4999 suadeat
1931 4957 2062 5000 ma-

411 5029 623 5102 rito,ut
658 5035 962 5087 moveatur
994 5023 1412 5087 misericordia
1442 5029 1612 5107 pueri
1648 5025 1859 5101 aetatis,
1884 5039 1945 5088 et.
1975 5026 2062 5088 si-

415 5116 536 5180 mul
568 5114 744 5179 etiam
802 5114 1072 5176 absolvat
1128 5115 1467 5178 Nazarium.
1502 5114 1609 5178 Illa
1662 5126 1867 5177 autem
1932 5116 2060 5178 haec

414 5208 625 5270 marito
667 5204 1095 5277 communicat,
1124 5205 1426 5285 quomodo
1474 5205 1615 5267 olim
1650 5224 1796 5267 uxor
1848 5204 2059 5268 Pilato.

420 5296 715 5361 Postridie
733 5294 934 5375 itaque
956 5311 1090 5357 cum
1113 5294 1318 5356 sedem
1339 5294 1718 5374 judiciariam
1750 5297 2062 5358 ascendis-

417 5396 508 5448 set
539 5385 862 5457 Diuobaus,
901 5396 962 5443 et
1005 5383 1355 5444 adduxisset
1403 5382 1737 5459 Nazarium,
1777 5385 2067 5447 suadebat

416 5494 524 5558 pro
556 5475 799 5552 viribus,
860 5483 924 5536 ut
981 5474 1377 5535 assentiretur
1428 5474 1746 5555 impietati.
1803 5476 1894 5538 Ne
1923 5492 2060 5536 eum

415 5567 576 5633 enim
603 5573 744 5626 tunc
773 5563 1036 5646 puniret,
1076 5560 1475 5644 prohibebant
1496 5564 1699 5628 uxoris
1721 5563 2058 5628 suasiones.

2232 4848 2311 4909 E'.
2347 4846 2484 4913 Γυνὴ
2513 4843 2568 4902 δέ
2598 4867 2678 4911 τις
2705 4851 2809 4903 τῶν
2844 4842 3229 4924 περιϐλέπτων,
3264 4844 3433 4920 ὄνομα
3477 4840 3769 4916 Δεινομέδα,

2146 4937 2491 5015 συμϐουλεύει
2521 4942 2591 5012 τῇ
2640 4932 2908 5009 Δεινοϐάῳ
2965 4935 3154 4992 οἶκτον
3191 4940 3290 5003 τῆς
3320 4944 3413 4994 τοῦ
3456 4932 3635 4998 παιδὸς
3662 4930 3771 4999 ἡλιο

2145 5029 2263 5091 χίας
2306 5028 2394 5084 καὶ
2453 5029 2611 5085 αὐτοῦ
2662 5025 2926 5100 Ναζαρίου
2954 5021 3165 5100 λαϐεῖν,
3211 5025 3301 5082 καὶ
3331 5025 3443 5102 ἅμα
3499 5023 3554 5080 δὲ.
3610 5019 3768 5090 Nati-

2146 5139 2255 5197 ριον
2310 5114 2593 5175 ἀπολῦσαι.
2630 5105 2694 5171 Ἠ
2725 5112 2778 5170 δὲ
2808 5115 2887 5190 τῷ
2919 5111 3062 5193 ἀνδρί
3088 5134 3145 5170 τε
3176 5123 3340 5174 ταῦτα
3375 5120 3764 5190 κοινολογεῖται,

2151 5207 2245 5269 οἷά
2289 5227 2417 5263 ποτε
2473 5204 2621 5284 τάχα
2680 5205 2715 5272 ἡ
2774 5204 2988 5284 γαμετή
3032 5210 3108 5277 τῷ
3153 5203 3398 5284 Φιλάτῳ,
3430 5205 3513 5261 καὶ
3544 5201 3769 5279 τῇῦστε-

2150 5298 2270 5375 ραία
2329 5295 2422 5353 ἐπὶ
2477 5295 2568 5351 τὸν
2622 5291 2925 5350 δικαστικὸν
2987 5292 3172 5373 θρόνον
3250 5290 3447 5356 ἀναϐὰς
3510 5284 3770 5349 Δεινόόιος

2144 5389 2238 5443 τὸν
2294 5384 2554 5460 Ναζάριόν
2619 5404 2675 5439 τε
2740 5383 2957 5461 ἀγα-(ὼν
3022 5382 3243 5462 παρῇνει
3305 5382 3378 5447 ὠς
3422 5382 3538 5441 οἶόν
3579 5401 3630 5437 τε
3657 5397 3768 5433 συν-

2143 5475 2319 5533 θέσθαι
2375 5476 2445 5545 τῇ
2477 5471 2711 5548 ἀσεϐείᾳ,
2747 5473 3003 5546 Κολᾶζειν
3032 5474 3133 5554 γὰρ
3186 5472 3322 5537 τέως
3355 5475 3508 5532 αὐτὸν
3559 5466 3768 5528 ίκώλυον

2143 5569 2195 5624 αἱ
2255 5563 2595 5648 παραινέσεις
2635 5569 2736 5633 τῆς
2793 5566 3065 5645 γυναικός.
3122 5563 3272 5622 Ἐπεὶ
3329 5562 3383 5622 δὲ
3441 5563 3631 5623 πείθειν
3682 5554 3765 5614 οὐκ
