4066 6146
228 252 333 325 901

1268 254 1455 323 VITA
1515 257 1578 321 S.
1625 254 1944 322 NAZARII
1990 247 2089 321 ET
2148 255 2555 321 SOCIORUM.

3480 252 3597 328 902

236 395 389 474 εἶχε,
433 395 533 459 τῆς
568 392 772 456 πόλεως
818 390 1097 451 ἂπελαύνέι
1144 394 1236 450 τὸν
1281 391 1463 471 ἄνδρα,
1509 393 1689 469 πράως
1738 393 1910 451 οὔτωλ

1999 403 2273 473 'ostquam
2304 402 2500 456 autem
2539 413 2655 456 non
2710 392 2901 475 potuit
2927 393 3311 473 persuadere,
3335 414 3471 460 eum
3504 418 3601 463 ex-

233 485 361 563 πρὸς
412 484 570 539 αὑτὸν
612 479 964 561 φθεγξάμενος
1000 501 1015 517 ⁸
1050 484 1112 540 Ai
1158 488 1260 550 τῆς
1308 483 1526 561 συζύγου
1570 504 1673 558 μου
1731 506 1870 558 συμ-

1999 484 2123 546 ellit
2154 502 2187 546 e
2217 484 2475 558 civitate,
2507 485 2594 547 sic
2628 503 2763 546 eum
2808 483 3040 563 placide
3065 483 3359 548 allocutus
3392 509 3405 551 :
3440 487 3601 552 Uxo-

234 569 435 630 ϐουλίαι
461 572 637 638 πάσης
668 570 937 646 ἐλεύθερον
986 572 1171 651 ἆφιᾶσί
1222 594 1281 630 σε
1335 574 1620 651 τιμωρίας.
1672 571 1873 630 ’Ἄπει-

1999 574 2039 634 is
2092 591 2236 634 mea;
2266 574 2510 635 consilia
2568 582 2626 635 te
2678 572 2931 635 liberum
2985 572 3292 637 dimittunt
3318 576 3393 637 ab
3440 581 3605 641 omni

235 686 318 720 σιν
369 661 460 718 οὖν
506 663 712 718 ἐκεῖθεν
772 662 1028 736 Ναζάριος
1085 662 1229 740 παρὰ
1280 662 1382 729 τὴν
1411 663 1622 739 γείτονα
1652 664 1873 739 Τίμερον

1999 662 2242 725 ruciatu.
2291 663 2459 725 Illinc
2489 681 2629 743 ergo
2660 662 2783 724 abit
2810 661 3089 725 Nazarius
3114 663 3175 726 in
3207 664 3460 728 vicinam
3493 667 3610 731 Te-

236 753 368 828 μετὰ
424 758 515 808 τοῦ
563 749 750 816 παιδὸς
809 751 1030 809 Κελσίοι,
1062 767 1076 781 ⁸
1125 750 1280 815 πόλις
1312 750 1365 808 δὲ
1397 754 1431 819 ἡ
1472 752 1695 829 Τίμερος
1739 752 1873 819 αὕτη

1999 769 2190 813 ierum
2248 770 2382 813 cum
2417 771 2604 833 puero
2659 751 2879 814 Celsio.
2912 750 3018 814 Est
3062 762 3256 816 autem
3289 756 3417 819 haec
3466 756 3611 819 urbs

233 842 319 897 καὶ
370 846 479 897 τῶν
536 840 837 917 προσοίκων
905 845 973 915 τῇ
1033 841 1222 912 Μελίᾳ.

1311 841 1444 915 Παρ’
1503 841 1637 918 αὑτῇ
1710 845 1877 899 τοίνυν

1999 839 2254 903 'emerus
2308 842 2644 923 propinqua
2704 841 2913 904 Melite.
2976 841 3043 902 ln
3104 860 3175 905 ea
3224 861 3364 925 ergo
3431 847 3608 910 vitam

236 932 451 1007 διῃτᾶτο
510 942 635 994 ταῖς
695 930 816 1007 περὶ
869 936 1000 988 Θεοῦ
1050 931 1142 986 καί
1175 930 1338 994 θείαις
1382 929 1604 995 ἐκείναις
1636 930 1880 988 διδασκα-

1999 929 2191 1007 gebat,
2255 930 2470 993 divinis
2543 931 2668 993 suis
2739 930 3031 992 doctrinis
3082 950 3306 1012 augens
3368 953 3610 1016 gregem

240 1021 374 1084 λίαις
421 1020 518 1087 τὴν
568 1021 662 1075 to;
720 1021 948 1095 Χριστοῦ
978 1020 1208 1094 ποίμνην
1253 1019 1421 1084 αὔξων
1451 1023 1540 1076 καί
1582 1022 1701 1087 τοὺς
1739 1021 1879 1079 πολ-

1964 1021 2211 1095 Christi,
2247 1028 2306 1082 et
2360 1021 2580 1082 multos
2608 1020 2900 1082 inducens
2928 1022 2999 1082 ad
3058 1022 3447 1098 agnitionem.
3481 1024 3612 1087 Non

248 1108 367 1170 λοὺς
425 1110 553 1186 πρὸς
585 1108 872 1186 ἐπίγνωσιν
912 1110 1268 1186 ἑπαγόμενος.
1300 1114 1405 1168 Οὐκ
1439 1108 1590 1189 ἔφερε
1639 1110 1694 1167 δὲ
1740 1112 1881 1169 πάν-

1999 1107 2196 1171 erebat
2225 1116 2422 1171 autem
2458 1112 2727 1184 omnino,
2763 1110 2861 1190 qui
2907 1108 3188 1171 invidiam
3223 1112 3610 1192 parturiebat,

246 1219 348 1259 τως
408 1200 435 1252 'o
477 1198 573 1265 τὴν
603 1198 891 1274 βασκανίαν
925 1196 1125 1256 ὠδίνων
1179 1196 1426 1262 διάϐολος
1468 1201 1535 1256 τὰ
1588 1208 1678 1258 τοῦ
1706 1202 1886 1279 πράγ-

1999 1197 2239 1259 liabolus
2288 1216 2387 1260 res
2420 1198 2500 1260 ita
2551 1218 2615 1260 se
2642 1198 2955 1262 habentes.
2990 1198 3301 1270 Quomodo
3344 1202 3528 1281 enim,
3563 1205 3612 1266 si

246 1308 414 1361 ματος
445 1286 644 1367 ἔχοντα
676 1285 867 1350 οὕτως.
904 1292 1025 1352 Πῶς
1069 1290 1191 1369 γάρ,
1252 1290 1296 1343 εἰ
1352 1286 1592 1351 διάϐολος
1639 1290 1702 1358 ἧν
1734 1290 1885 1347 ἐκεῖ·

1999 1287 2071 1348 lle
2123 1297 2250 1348 erat
2293 1286 2589 1366 diabolus,
2623 1297 2681 1349 et
2735 1289 2837 1368 qui
2867 1288 2941 1349 ab
2988 1288 3161 1350 initio
3192 1288 3367 1354 bonis
3405 1294 3613 1358 adver-

248 1397 338 1440 νος
369 1379 462 1432 καί
492 1377 582 1433 ἀπ’
617 1377 798 1455 ἀρχῆς
832 1390 950 1440 τοῖς
981 1376 1205 1456 ἀγαθοῖς
1236 1377 1597 1451 ἀντικείμενος
1624 1398 1640 1454 ;
1670 1379 1890 1454 Ἀμέλει

1999 1377 2217 1439 .abatur
2245 1380 2270 1437 ἴ)
2329 1376 2571 1438 Blandis
2597 1377 2799 1458 itaque
2830 1376 3027 1438 verbis
3051 1379 3428 1460 aggrediens,
3460 1402 3616 1462 prte-

245 1467 333 1522 καὶ
381 1467 473 1522 τὸν
549 1466 787 1546 ἄρχοντα
869 1472 967 1534 τῆς
1027 1466 1236 1533 πόλεως
1310 1466 1546 1524 ὑπελθὼν
1607 1470 1770 1525 πείθει
1828 1471 1893 1526 τὰ

1999 1466 2165 1527 eidem
2217 1467 2490 1539 civitatis,
2528 1468 2865 1548 persuadet,
2899 1478 2963 1527 ut
3015 1469 3235 1530 Neroni
3266 1470 3620 1552 imperatori

244 1556 367 1634 περί
428 1558 683 1633 Ναζαρίου
746 1556 945 1635 Νέρωνι
988 1557 1065 1632 τῷ
1109 1556 1331 1614 Βασιλεῖ
1374 1560 1630 1633 μηνῦσαι.
1668 1551 1760 1623 Ὠς
1805 1560 1893 1615 οὖν

1999 1554 2274 1633 ιὶςηίίὶεθι
2327 1555 2400 1616 de
2429 1554 2697 1620 Nazario.
2754 1556 2897 1618 Cum
2956 1574 3095 1635 ergo
3138 1557 3215 1618 de
3268 1551 3515 1624 Nazario
3564 1562 3618 1624 ei

245 1645 435 1718 ἐκείνῳ
491 1646 557 1700 τὰ
619 1648 735 1722 περὶ
793 1653 887 1702 τοῦ
967 1644 1153 1723 ἀνδρὸς
1228 1646 1542 1725 ἐγνωρίσθη,
1605 1669 1895 1726 γραμματα

1999 1653 2141 1705 asset
2169 1644 2587 1724 signiﬁcatum,
2625 1647 2820 1707 missa:
2845 1655 2983 1706 sunt
3012 1646 3219 1708 litterae
3242 1667 3347 1727 per
3377 1652 3621 1714 univer-

246 1735 387 1791 κατὰ
448 1733 625 1800 ποίσης
685 1734 866 1814 ἐφοίτα
941 1739 1040 1803 τῆς
1106 1736 1348 1803 ὑπηκόου
1413 1737 1673 1815 Ναζάριον
1746 1739 1899 1810 cpt-:0-

1999 1753 2106 1795 iam
2167 1734 2329 1795 illam
2387 1736 2717 1814 regionem,
2773 1734 3054 1816 jubentes
3119 1754 3354 1799 summo
3422 1742 3622 1804 studio

245 1829 434 1882 νᾶσθαι
490 1827 625 1883 κατὰ
685 1825 917 1895 σπουδὴν
962 1826 1336 1908 ἐπιτρέποντα,
1384 1831 1467 1887 καὶ
1539 1831 1629 1887 τὸν
1682 1831 1897 1909 εὑρόντα

1999 1825 2164 1906 ιιιερτὶ
2214 1823 2551 1893 Nazarium,
2591 1835 2649 1885 et
2680 1846 2841 1900 eum,
2876 1825 2976 1905 qui
3029 1826 3373 1908 invenisset,
3403 1830 3478 1892 ad
3525 1832 3621 1913 ip-

247 1936 308 1992 γε
338 1917 415 1978 ὡς
443 1915 598 1973 αὑτὸν
630 1914 804 1994 ἄγειν.

326 2004 434 2078 ς’.
469 2004 629 2062 Ἐπεί
657 2003 711 2061 δὲ
755 2007 1073 2084 κρύπτεσθαι
1105 2010 1195 2064 τὸν
1241 2006 1400 2086 ἄνδρα
1432 2012 1527 2065 οὑκ
1573 2011 1641 2076 ἦν
1694 2012 1787 2065 οἷα
1843 2008 1897 2065 ἐν

248 2102 323 2169 τῷ
380 2109 668 2175 περιφανεῖ
711 2102 807 2163 τῆς
836 2097 1024 2175 ἀρετῆς
1060 2098 1266 2155 ἑστῶτα
1310 2098 1406 2156 καί
1434 2099 1524 2154 ὑπ’
1569 2101 1733 2164 αὐτῆς
1794 2119 1894 2172 με-

250 2182 404 2261 γάλῳ
461 2184 687 2260 στόματι
745 2188 1179 2261 κηρυττόμενον,
1243 2189 1385 2268 ταχὺ
1442 2201 1559 2253 τοῖς
1620 2187 1898 2266 ἐρευνῶσιν

252 2273 575 2351 εὑρίσκεται,
633 2276 692 2332 Οἱ
749 2275 828 2349 δὲ,
888 2275 1001 2331 ἐπεὶ
1060 2275 1219 2341 δῆλος
1276 2279 1460 2338 αὑτοῖς
1519 2277 1761 2355 γέγονεν,
1796 2275 1898 2343 ἤδη

256 2362 545 2443 χαίροντες
577 2366 837 2444 χαίροντα
869 2365 1068 2442 Νέρωνι
1102 2373 1426 2442 παριστῶσι.
1459 2369 1517 2423 Τί
1548 2366 1634 2422 οὖν
1666 2366 1896 2440 ἐκεῖνος

261 2458 379 2507 Td»:
464 2451 830 2531 κολαστηρίων
919 2456 1061 2528 αὐτῷ
1152 2455 1513 2533 προκειμέν’·)ν
1599 2454 1904 2519 κολακείαις

263 2540 542 2620 ὑπήρχετο
598 2543 688 2596 τὸν
746 2543 1027 2621 Ναζάριον,
1058 2544 1150 2600 ’ἕνα
1180 2558 1294 2609 τοῖς
1326 2546 1423 2618 μὲν
1466 2542 1649 2623 φόϐον,
1686 2558 1808 2608 ταῖς
1853 2542 1907 2599 δὲ

266 2629 536 2705 μαλακίαν
589 2631 748 2694 ἐνθεὶς
783 2634 951 2689 πείσοι
986 2637 1115 2704 πρὸς
1174 2636 1235 2690 τὸ
1285 2637 1442 2690 αὑτοῦ
1499 2634 1747 2710 βούλημα
1805 2655 1907 2709 με-

268 2720 534 2782 ταθέσθαι.
596 2722 853 2798 Ναζάριος
898 2720 951 2777 δὲ
1017 2723 1074 2779 τό
1128 2723 1376 2801 παράπαν
1435 2724 1758 2799 ἀμετάθετος
1815 2726 1905 2797 ἢν,

267 2809 447 2879 ὥσπερ
504 2811 608 2867 ὑπὸ
637 2813 835 2867 τούτων
867 2811 1067 2886 μᾶλλον
1102 2835 1227 2891 προς
1289 2813 1383 2880 τὴν
1437 2813 1721 2890 μαρτυρίαν
1778 2834 1908 2868 στο-

272 2902 563 2979 μούμενος,
609 2902 669 2957 οὑ
698 2902 1082 2982 χαυνούμενος,
1118 2902 1213 2958 καί
1245 2899 1328 2958 διὰ
1358 2909 1513 2958 τοῦτο
1564 2904 1652 2959 καὶ
1705 2901 1908 2960 πλείονι

274 2996 340 3065 τῇ
394 2990 636 3047 ἒνστάσει
694 2992 997 3069 γρώμενος.
1061 2990 1239 3071 Νέρων
1294 2992 1383 3047 οὖν
1440 2996 1535 3050 οὒκ
1586 2991 1731 3072 ἔχω-ι
1774 2991 1801 3047 ὅ
1859 3014 1908 3048 τι

1980 1932 2110 1975 sum
2143 1914 2393 1977 ducere.

2064 2003 2159 2065 Vl.
2195 2008 2338 2067 Cum
2390 2013 2592 2065 autem
2624 2003 2675 2066 is
2718 2005 2902 2065 latere
2934 2022 3052 2066 non
3088 2014 3309 2086 posset,
3342 2016 3405 2069 ut
3432 2009 3535 2089 qui
3564 2010 3627 2072 in

1984 2094 2199 2155 illustri
2249 2102 2437 2155 staret
2468 2093 2600 2155 loco
2632 2093 2887 2175 virtutis,
2920 2104 2978 2154 et
3021 2113 3233 2174 magno
3264 2115 3368 2160 ore
3396 2098 3470 2160 ab
3500 2099 3628 2180 ipsa

1984 2182 2429 2261 praedicaretur,
2465 2182 2579 2244 rito
2641 2182 2941 2244 invenitur
2994 2182 3066 2244 ab
3114 2185 3211 2261 iis,
3248 2187 3350 2266 qui
3393 2197 3627 2251 scruta-

1986 2272 2221 2334 bantur.
2256 2270 2349 2332 Illi
2371 2280 2593 2352 autem,
2614 2290 2744 2332 cum
2777 2271 2829 2332 is
2846 2271 2968 2350 jam
3003 2273 3089 2333 eis
3120 2275 3405 2338 evasisset
3436 2279 3633 2340 mani-

1987 2362 2316 2431 festusJaati
2340 2361 2539 2421 laetum
2563 2361 2777 2421 sistunt
2798 2369 2934 2421 ante
2957 2360 3278 2424 Neronem.
3299 2364 3449 2437 Quid
3484 2385 3628 2447 ergo

1988 2451 2089 2512 ille
2115 2450 2145 2509 ?
2196 2449 2521 2529 Propositis
2552 2450 2605 2510 ei
2638 2450 2970 2525 tormentis,
2997 2452 3499 2516 assentationibus
3524 2474 3633 2535 ag-

1986 2558 2229 2618 gressus
2259 2550 2348 2599 est
2380 2538 2712 2613 Nazarium,
2748 2548 2813 2600 ut
2843 2558 2974 2600 cum
3000 2540 3115 2600 illis
3145 2540 3387 2621 quidem
3417 2545 3471 2608 ei
3504 2554 3629 2608 ter-

1989 2647 2185 2691 rorem
2219 2629 2534 2707 attulisset,
2561 2628 2653 2689 his
2685 2637 2877 2689 autem
2912 2648 3047 2690 eum
3087 2631 3453 2707 emolliisset,
3489 2652 3629 2715 per-

1992 2718 2270 2780 suaderet
2299 2718 2379 2791 ei,
2414 2729 2476 2779 ut
2510 2716 2788 2779 transiret
2807 2718 2878 2779 ad
2911 2736 3078 2779 suam
3111 2722 3631 2786 voluntatem.Na-

1989 2810 2185 2869 zarius
2241 2824 2378 2868 vero
2423 2813 2550 2867 erat
2606 2824 2854 2868 omnino
2915 2805 3263 2884 immobilis,
3298 2821 3360 2871 ut
3408 2811 3509 2890 qui
3559 2812 3632 2875 ab

1991 2897 2086 2958 his
2132 2895 2205 2958 ad
2259 2896 2598 2976 martyrium
2650 2901 2836 2975 magis
2890 2904 3225 2979 acueretur,
3261 2916 3378 2960 non
3431 2909 3632 2963 autem

1992 2986 2387 3049 emolliretur.
2421 2984 2489 3046 Et
2536 2984 2669 3047 ideo
2721 2986 2929 3065 majori
2964 2984 3235 3048 utebatur
3279 2991 3631 3055 constantia.

274 3075 498 3159 δράσειε,
556 3078 767 3159 φυλακῇ
824 3080 957 3145 τέως
1017 3082 1107 3137 τὸν
1164 3080 1323 3154 ἄνδρα
1384 3082 1519 3157 μετὰ
1576 3088 1665 3138 τοῦ
1724 3079 1910 3145 παιδὸς

1999 3078 2143 3138 Cum
2197 3076 2465 3138 nesciret
2495 3093 2634 3155 ergo
2682 3077 2836 3137 Nero
2870 3074 3010 3156 quid
3056 3086 3280 3156 ageret,
3316 3087 3454 3142 tunc
3497 3098 3637 3143 eum

272 3164 467 3227 δίδωσι.
516 3175 703 3248 Βραχὺ
745 3170 806 3226 τὸ
863 3171 915 3225 ἐν
976 3169 1144 3245 μέσῳ,
1198 3171 1286 3227 καὶ
1336 3170 1552 3248 Νέρωνα
1596 3172 1693 3245 μὲν
1756 3172 1908 3227 πάλιν

269 3258 296 3314 ὁ
339 3255 645 3322 δικαστικὸς
694 3259 822 3339 εἶχε
868 3260 1071 3337 θρόνος,
1123 3261 1380 3338 Ναζάριος
1413 3259 1466 3315 δὲ
1499 3260 1743 3339 εἰσήγετο
1775 3261 1911 3335 μετὰ

267 3356 359 3405 τοῦ
413 3347 600 3415 παιδός
629 3365 641 3377 ·
705 3352 792 3406 καὶ
852 3350 1014 3405 πάλιν
1069 3352 1264 3424 ὁμοίως
1325 3358 1412 3407 νῦν
1459 3351 1554 3427 μὲν
1586 3350 1749 3413 πολὺς
1782 3351 1845 3418 ἦν
1882 3353 1908 3406 ὁ

272 3438 453 3515 Νέρων
506 3452 624 3503 ταῖς
681 3437 959 3519 ἀπειλαῖς,
1020 3450 1104 3497 νῦν
1165 3438 1217 3494 δὲ
1275 3453 1398 3504 ταῖς
1457 3439 1755 3502 κολακείαις
1786 3439 1909 3508 ἡδὺς

276 3528 363 3583 καὶ
419 3540 537 3591 ταῖς
597 3530 976 3609 ὑποσχέσεσιν,
1015 3519 1105 3591 Ὠς
1137 3527 1191 3585 δὲ
1224 3531 1309 3586 ἐπὶ
1341 3534 1436 3598 τῆς
1494 3531 1657 3598 αὑτῆς
1716 3531 1909 3586 ἐνστά-

279 3638 408 3683 σεως
465 3621 556 3676 τὸν
613 3617 772 3699 ἄνδρα
829 3619 1287 3697 ἑώρα,ἀπογνοὺς
1345 3621 1421 3694 τῷ
1475 3621 1640 3685 οἶιτως
1698 3621 1912 3698 ὑπαγα-

272 3707 450 3785 γέσθαι
511 3710 791 3787 Ναζοὶριον,
853 3713 929 3783 τῷ
998 3714 1126 3776 τῆς·
1174 3708 1443 3776 θαλάσσης
1498 3708 1911 3787 ὲναποῤῥιφῆναι

272 3799 412 3875 βυθῷ
468 3800 605 3874 μετὰ
660 3805 753 3854 τοῦ
811 3796 999 3863 παιδὸς
1064 3797 1384 3876 προστάσσει
1463 3798 1706 3878 Κελσίου,
1768 3798 1913 3862 ὅπως

273 3887 408 3963 μηδὲ
470 3891 597 3964 aps»
656 3887 775 3967 ἔχοι
848 3890 936 3952 οὓς
999 3886 1135 3962 μηδὲ
1210 3892 1305 3963 ζῇν
1358 3887 1497 3944 οὕτω
1553 3885 1914 3960 διακειμένοδς

272 3974 545 4039 ἐϐούλετο,
580 3976 729 4035 Ἀλλ’
782 3978 919 4046 ἦσαν
966 3977 1186 4044 ἀληθεῖς
1239 3979 1450 4039 πάντως
1495 3979 1544 4033 οἱ
1574 3987 1665 4035 τοὺ
1692 3977 1917 4055 θεόφρο-

272 4089 360 4130 νος
419 4058 652 4124 Ἠσαίου
710 4068 885 4147 λόγοι,
943 4068 1123 4143 ὥσπερ
1179 4070 1309 4145 πρὸς
1368 4068 1553 4132 αὐτοὺς
1612 4066 1909 4143 εἰρημένον

278 4176 303 4215 α
365 4155 496 4215 Ἐὰν
554 4154 823 4234 διαϐαίνῃς
884 4154 950 4213 δι’
1009 4156 1219 4235 ὕδατος,
1282 4158 1417 4229 μετὰ
1475 4164 1569 4213 σοῦ
1627 4159 1761 4237 εἰμι,
1828 4158 1915 4214 καὶ

269 4248 511 4323 ποταμοὶ
567 4249 625 4302 οὑ
676 4246 1038 4325 συγκλείσουσί
1096 4269 1154 4304 σε
1188 4265 1207 4284 ·
1268 4249 1356 4304 καὶ
1432 4248 1522 4303 ἐὰν
1580 4244 1786 4324 διέλθῃς
1832 4246 1915 4304 διὰ

269 4339 457 4414 πυρὸς,
493 4337 555 4393 οὑ
596 4336 673 4411 μη
703 4340 1059 4413 κατακαυθῇς.
1098 4360 1125 4391 ››
1161 4338 1311 4393 (Επεὶ
1340 4337 1438 4414 γὰρ
1471 4337 1657 4399 αὑτοὺς
1703 4339 1730 4392 ὁ
1762 4338 1914 4414 βυθὸς

1992 3184 2127 3227 cum
2162 3183 2347 3245 pnero
2381 3164 2560 3225 tradit
2588 3164 2649 3225 in
2688 3164 3042 3228 custodiam.
3063 3164 3277 3227 Parum
3298 3166 3640 3232 intercessit

1995 3255 2305 3336 temporis,
2335 3264 2395 3316 et
2414 3252 2712 3315 Neronem
2746 3253 2986 3332 quidem
3009 3273 3215 3317 rursus
3236 3258 3413 3320 sedes
3431 3258 3639 3323 habuit

1986 3344 2323 3424 judiciaria.
2358 3343 2738 3407 Introductus
2789 3354 2986 3405 autem
3037 3344 3146 3405 fuit
3174 3347 3451 3410 Nazarius
3500 3366 3637 3411 cum

1994 3452 2201 3514 quero.
2254 3432 2324 3494 Et
2370 3451 2583 3494 rursus
2612 3431 2915 3514 similiter,
2952 3451 3112 3495 nunc
3160 3435 3401 3514 quidem
3460 3438 3639 3500 minis

1995 3525 2319 3585 vehemens
2336 3536 2462 3585 erat
2484 3522 2663 3603 Nero,
2696 3540 2856 3583 nunc
2887 3532 3083 3583 autem
3107 3526 3306 3586 suavis
3333 3524 3638 3589 blanditiis

1997 3622 2055 3675 et
2087 3612 2420 3691 promissis.
2436 3615 2755 3691 Postquam
2777 3621 2979 3672 autem
3003 3610 3150 3672 vidit
3167 3631 3302 3674 eum
3328 3623 3485 3675 tanta
3505 3633 3642 3678 esse

1997 3705 2353 3777 constantia,
2386 3701 2713 3781 desperans
2742 3700 2829 3760 sic
2861 3717 3034 3780 posse
3064 3700 3268 3763 induci
3300 3701 3635 3781 Nazarium,

1995 3789 2162 3870 jubet
2194 3808 2327 3850 eum
2363 3790 2531 3867 injici
2562 3790 2621 3850 in
2668 3789 3028 3869 profundum
3063 3790 3244 3851 maris
3272 3810 3407 3853 cum
3457 3811 3642 3874 puero

1999 3880 2215 3956 Celsio,
2251 3888 2315 3940 ut
2343 3896 2454 3940 nec
2484 3896 2587 3939 eos
2618 3880 2856 3958 quidem
2893 3887 3093 3960 posset
3124 3880 3353 3963 videre,
3386 3901 3536 3963 quos
3567 3900 3646 3947 ne

2000 3973 2224 4030 volebat
2247 3973 2471 4043 quidem
2506 3973 2696 4028 vivere
2727 3974 2811 4027 sic
2842 3973 3095 4030 affectos.
3128 3973 3237 4031 Sed
3267 3986 3430 4035 erant
3459 3977 3645 4034 omni-

2001 4076 2077 4143 np
2103 4076 2261 4133 vera,
2289 4074 2419 4137 quae
2448 4055 2596 4116 dixit
2626 4055 2859 4119 divinus
2889 4057 3091 4134 Isaias,
3124 4065 3408 4140 tanquam
3452 4060 3528 4123 de
3559 4061 3647 4124 eis

1999 4147 2417 4226 praenuntiata:
2445 4147 2504 4207 Si
2539 4146 2851 4208 transieris
2875 4164 2981 4226 per
3000 4157 3440 4229 aquam,tecum
3471 4169 3602 4213 sum
3628 4171 3643 4215 :

1999 4244 2058 4297 et
2089 4255 2208 4297 non
2259 4245 2314 4296 te
2342 4234 2706 4297 concludent
2752 4236 2937 4298 ﬂuvii.
2980 4235 3050 4297 Et
3085 4237 3135 4299 si
3189 4241 3494 4302 transieris
3542 4256 3650 4320 per

1996 4325 2221 4404 ignem,
2258 4344 2377 4387 non
2418 4323 2811 4386 combureris.
2842 4324 2989 4387 Nam
3021 4344 3157 4388 cum
3203 4327 3330 4406 jam
3358 4337 3560 4391 essent
3584 4329 3648 4390 in

271 4425 434 4505 εἶχεν
495 4423 623 4499 ἤδη,
669 4428 756 4482 καὶ
786 4427 834 4482 οἰ
881 4430 948 4500 τῇ
988 4424 1230 4500 θαλάσσῃ
1279 4426 1527 4502 ῥίψαντες
1580 4425 1910 4504 προσεδόκων

2001 4417 2384 4497 profundo,et
2404 4415 2505 4496 qui
2545 4432 2649 4475 eos
2665 4415 2967 4495 jecerant,
2992 4416 3310 4479 crederent
3337 4418 3485 4490 fore,
3518 4426 3649 4481 uta

270 4516 408 4571 πολὺ
437 4522 546 4572 τῶν
575 4516 774 4591 ἰγθύων
830 4517 1017 4593 βρῶμα
1075 4516 1451 4595 περιμάχητον
1509 4518 1697 4579 αὑτοὺς
1760 4516 1913 4594 γενέ-

273 4607 443 4680 σθαι,
511 4603 778 4684 ἀγγελική
840 4626 921 4669 τις
980 4602 1197 4680 δύναμις
1250 4604 1447 4662 ἄνωθεν
1507 4604 1785 4663 καταϐᾶσα
1826 4614 1920 4664 τοὺ

272 4694 431 4770 βυθοῦ
490 4694 796 4752 ἀνεσώσατο
828 4742 845 4774 ,
902 4692 999 4751 καῗ
1055 4699 1124 4770 τῇ
1176 4694 1360 4773 χέρσῳ
1416 4692 1671 4762 ἀϐλαϐεῖς
1731 4698 1918 4761 αὐτοὺς

274 4781 610 4864 ἀποδέδωκε,
651 4792 742 4842 τοῦ
797 4781 986 4847 παιδὸς
1034 4783 1255 4842 Κελσίου
1311 4781 1397 4842 διὰ
1457 4787 1517 4841 τὸ
1568 4791 1665 4852 τῆς
1710 4785 1918 4853 ἡλικίας

2004 4507 2205 4568 multis
2237 4506 2500 4587 piscibus
2542 4507 2971 4569 devorarentur
2995 4524 3206 4586 magna
3237 4508 3647 4586 contentione,

2002 4597 2269 4676 angelica
2299 4597 2572 4675 quaedam
2605 4597 2789 4657 virtus
2849 4596 3113 4677 desuper
3160 4596 3477 4680 advolavit,
3522 4607 3581 4660 et
3617 4616 3651 4660 e

2004 4687 2297 4766 profundo
2357 4686 2634 4765 servavit,
2669 4696 2727 4747 et
2775 4687 2994 4748 illaesos
3023 4704 3126 4749 eos
3157 4696 3330 4750 terra;
3361 4688 3646 4765 reddidit,

2005 4794 2188 4858 puero
2217 4775 2410 4837 Celsio
2446 4784 2687 4855 propter
2719 4783 2950 4837 aetatem
2982 4777 3177 4840 adhuc
3213 4777 3651 4861 imperfectam,

275 4872 465 4940 ἀτελὲς
518 4873 592 4931 ἔτι
649 4874 880 4949 ναυτίος,
946 4874 1125 4950 ὥσπερ
1180 4874 1350 4945 εἰκὸς,
1418 4875 1505 4932 καὶ
1549 4874 1736 4942 ἀηδίας
1793 4878 1910 4933 ὑπο-

2013 4883 2236 4928 nausea
2294 4876 2350 4926 et
2381 4865 2620 4927 fastidio
2672 4864 2870 4944 pleno,
2907 4874 2974 4925 ut
3025 4874 3114 4927 est
3161 4878 3653 4931 consentaneum.

274 4960 639 5030 πλησθέντος.
693 4960 841 5020 Ἀλλ’
904 4967 1044 5043 εὐχῇ
1071 4969 1254 5020 τοῦτον
1295 4962 1384 5020 καί
1413 4964 1561 5039 τύπῳ
1590 4972 1816 5043 σταυροῦ
1843 4988 1910 5024 κα

2012 4954 2132 5018 Sed
2183 4954 2456 5034 precibus
2509 4963 2568 5015 et
2616 4954 2787 5033 signo
2844 4956 3060 5031 crucis,
3094 4964 3153 5016 et
3201 4957 3399 5019 divino
3449 4957 3654 5021 osculo

273 5052 398 5125 θείῳ
431 5051 695 5132 φιλήματι
728 5054 848 5131 ὑγιᾶ
878 5053 1140 5131 Ναζάριος
1170 5050 1456 5116 δείκνυσιν.

352 5139 439 5204 Ζ’.
486 5140 727 5223 Ἀγρεύει
764 5144 826 5199 τὸ
881 5145 1055 5218 θαῦμα
1110 5144 1265 5199 τοῦτο
1314 5144 1550 5223 καθάπερ
1602 5144 1790 5223 ἰχθύας
1844 5145 1927 5202 καὶ

271 5231 397 5297 τοὺς
457 5230 545 5289 ἰπὶ
603 5236 701 5300 τῆς
755 5231 1026 5301 θαλάσσης
1055 5235 1242 5297 αὑτοὺς
1273 5233 1527 5297 καθέντας
1559 5240 1652 5290 τοῦ
1685 5234 1923 5314 Νέρωνος

270 5320 570 5401 ὑπηρέτας.
626 5324 699 5381 Τὸ
755 5325 857 5402 γὰρ
913 5321 1018 5379 ἀπὸ
1085 5322 1273 5382 τούτου
1336 5322 1615 5380 ἀκόλουθοι
1672 5324 1922 5403 γεγόνασι

271 5418 350 5487 τῷ
409 5410 570 5494 ἁγίῳ,
628 5413 718 5471 καὶ
770 5411 910 5470 οὕτω
964 5412 1108 5487 αὑτῷ
1162 5413 1556 5493 προσετέθησαν
1586 5415 1659 5477 ὡς
1688 5415 1778 5471 καὶ
1832 5420 1925 5472 τοῦ

274 5500 541 5581 προτέρου
616 5502 733 5579 βίου
808 5501 980 5560 πολλὰ
1040 5500 1363 5581 μεταμέλειν
1421 5509 1632 5581 αὑτοῖς,
1691 5506 1779 5560 καὶ
1843 5502 1924 5561 ὅτι

280 5592 362 5672 μὴ
407 5590 472 5649 ἐκ
502 5589 706 5651 πολλοῦ
729 5589 970 5673 Νέρωνος
1000 5592 1327 5660 ἀποστάντες
1371 5591 1556 5672 ἐκείνῳ
1602 5605 1922 5677 προσεῖχον,

2012 5064 2150 5107 eum
2173 5045 2396 5105 salvum
2427 5042 2693 5105 reddidit
2719 5043 3027 5106 Nazarius.

2089 5133 2698 5214 Vll.Capit,tanquam
2724 5132 3062 5214 pisces,hoc
3087 5135 3438 5197 miraculum
3461 5134 3653 5198 Nero-

2007 5224 2100 5286 nis
2130 5242 2368 5305 quoque
2393 5241 2617 5297 servos,
2645 5242 2747 5304 qu,
2784 5224 2947 5303 ipsos
2979 5224 3038 5284 in
3073 5240 3235 5286 tnare
3262 5224 3649 5291 demiserant.

2007 5312 2288 5376 Sanctum
2324 5312 2482 5375 enim
2537 5312 2822 5393 deinceps
2852 5322 2991 5374 sunt
3034 5315 3250 5396 secuti,
3280 5323 3339 5376 et
3367 5316 3449 5376 ita
3503 5332 3568 5379 se
3599 5317 3657 5379 ei

2006 5404 2427 5484 adjunxerunt,
2463 5412 2521 5464 ut
2583 5403 2799 5483 prioris
2846 5403 2979 5466 vitae
3033 5422 3245 5485 magna
3292 5404 3658 5469 ducerentur

2006 5493 2620 5576 ptenitentia,eta3gre
2639 5493 2865 5555 ferrent
2885 5494 3045 5575 quod
3084 5512 3202 5556 non
3228 5494 3330 5556 diu
3362 5504 3522 5572 ante,
3553 5514 3658 5559 re-

2008 5583 2148 5649 licto
2170 5582 2432 5670 Nerone,
2449 5586 2717 5649 animum
2735 5583 2821 5646 illi
2843 5586 2912 5647 ad
2923 5583 3488 5651 hibuissenLTerrae
3516 5605 3656 5671 ergo
