4066 6146
409 260 526 342 903
1672 280 2053 345 ADDENDA.
2108 313 2175 325 —
2221 279 2508 344 JUNIUS.
3659 275 3781 342 904

403 432 540 479 cum
584 431 769 496 puero
797 414 1026 479 reditus
1082 415 1386 499 Nazarius,
1419 417 1633 480 transit
1681 434 1816 480 cum
1850 434 1919 479 eo
1973 414 2042 478 ad

2130 414 2313 479 δεινῶς
2373 415 2652 495 ἄχθεσθαι.
2715 412 3017 478 Ἀποδοθεὶς
3060 414 3232 472 τοίνυν
3265 415 3401 491 μετὰ
3450 423 3543 474 τοῖ’)
3590 411 3784 475 παιδὸς

405 504 726 579 civitatem,
748 525 882 589 quae
912 507 1131 569 dicitur
1159 506 1422 585 Tenusa;
1449 515 1506 570 et
1535 507 1698 569 illinc
1723 506 2045 590 profectus,

2131 512 2199 583 τῇ
2243 505 2425 586 χέρσῳ
2478 504 2735 582 Ναζάριος
2794 505 2867 568 εἷς
2948 503 3102 561 πόλιν
3134 505 3419 563 ’Τένουσαν
3470 502 3783 584 λεγομένην

409 595 569 658 venit
594 596 1233 673 Mediolanum,rursus
1255 616 1491 678 quoque
1509 599 1765 680 priorem
1793 613 2045 678 pergens

2130 597 2221 653 σὺν
2279 596 2423 670 αὒτῷ
2492 591 2822 669 μεταϐαίνει,
2870 595 3118 653 κάκεῖθεν
3175 595 3383 672 ἀπάρας
3455 598 3510 651 ἒν
3583 591 3779 649 Μεδιο-

405 686 549 747 dare
577 685 933 761 doctrinam,
972 695 1029 748 et
1069 686 1229 748 dulci
1264 695 1465 765 potare
1521 696 1757 751 nectare
1789 705 1914 767 eos,
1948 686 2045 768 qui

2130 685 2308 749 λάνοις
2369 684 2594 763 γίνεται,
2635 683 2733 751 τῆς
2782 685 3040 763 προτέρας
3094 687 3181 741 καὶ
3239 686 3382 742 αὖθις
3433 681 3781 745 διδασκαλίας

407 782 580 838 erant
611 792 751 836 vere
780 774 885 837 lilii
907 775 1222 854 regni.Sed
1255 777 1413 838 cives
1442 795 1648 839 rursus
1680 778 1732 838 ei
1767 795 1881 837 non
1918 792 2045 857 per.

2131 775 2419 855 ὲχδμενος,
2453 775 2541 829 καὶ
2599 772 2786 848 νέκταρ
2841 771 2931 839 ἧδυ
2988 778 3106 839 τοὺς
3144 774 3287 839 υἱοὺς
3337 773 3502 835 ὅντως
3544 774 3784 842 ποτίζων

410 864 721 927 mittebant
752 864 941 926 libere
968 865 1293 945 pr’edicare
1322 884 1516 927 veram
1540 867 1914 947 religionem,
1942 865 2044 926 sed

2130 866 2225 932 τῆς
2282 865 2578 940 βασιλείας.
2628 858 2796 918 Ἀλλςὶ
2852 861 3009 919 πσλίν
3043 865 3199 920 αὒτὸν
3248 867 3294 920 οἱ
3337 868 3434 929 τῆς
3471 862 3683 924 πόλεως
3716 861 3783 917 τὸ

408 972 540 1016 eum
590 953 1196 1034 comprehenderunt,
1228 965 1286 1017 et
1317 975 1451 1017 eum
1499 956 1737 1037 prmsidi
1766 954 2045 1037 Anulino,

2130 961 2229 1020 τῆς
2288 951 2552 1015 εὗσεϐείας
2640 952 2889 1030 κήρυγιια
2975 951 3306 1031 διαγγέλλειν
3386 952 3444 1008 οὗ
3500 964 3781 1030 παρεῖχον

407 1044 508 1123 qui
538 1043 591 1104 ei
623 1043 787 1123 prius
819 1042 1035 1105 multas
1066 1047 1392 1125 impegerat
1419 1045 2042 1126 alapas,tradiderunt,

2130 1044 2457 1121 ἐλευθερίως,
2519 1040 2658 1097 ἀλλὰ
2702 1049 2778 1115 τῷ
2826 1040 3047 1123 ἄρχοντι
3091 1040 3382 1115 ’Λνουλίνῳ
3439 1050 3510 1114 τῷ
3569 1040 3781 1104 πολλὰς

404 1133 494 1194 vel
528 1150 633 1213 per
662 1132 815 1210 illos,
849 1141 915 1195 ut
947 1133 1142 1194 verius
1175 1135 1394 1209 dicam,
1426 1134 1476 1195 is
1505 1137 1601 1215 qui
1634 1136 1744 1198 fuit
1768 1135 1840 1198 ab
1871 1133 2044 1197 initio

2130 1133 2272 1208 αὖτῷ
2327 1133 2412 1188 καὶ
2472 1130 2726 1208 πρότερον
2808 1133 2945 1187 κατὰ
3021 1136 3127 1187 τῶν
3199 1137 3431 1209 παρειῶν
3499 1130 3780 1208 παίσαντι,

405 1221 661 1295 invidus,
691 1231 750 1283 et
781 1220 919 1283 odio
965 1222 1169 1285 habuit
1200 1223 1495 1285 homines.
1528 1222 1633 1285 Ille
1663 1234 1857 1286 autem
1876 1223 2045 1303 jubet

2130 1219 2478 1286 συλλαϐόντες
2550 1218 2961 1298 παραδιδοῦσιν,
3037 1221 3072 1287 ἠ
3148 1219 3215 1276 δι’
3266 1221 3503 1297 ἐκείνων,
3568 1217 3778 1296 μᾶλλον

404 1329 541 1374 eum
586 1328 795 1373 rursus
843 1311 1067 1373 includi
1119 1312 1181 1374 in
1227 1312 1408 1394 priori
1460 1314 1745 1375 custodia.
1800 1313 2045 1375 Nazario

2130 1311 2436 1391 φιλαληθῶς
2469 1312 2663 1381 εἰπεῖν,
2698 1312 2724 1366 6
2774 1309 2823 1375 ἐξ
2875 1310 3052 1388 ἀρχῆς
3110 1310 3373 1387 βάσκανος
3425 1309 3519 1365 καὶ
3576 1309 3777 1383 μισαν-

402 1410 602 1464 autem
627 1400 751 1482 ipsa
788 1401 1057 1465 custodia
1091 1391 1449 1464 erat'multis
1494 1404 1677 1483 regiis
1707 1404 2044 1485 pretiosior,

2130 1405 2358 1480 θρωπος.
2399 1391 2456 1457 Ὀ
2487 1398 2541 1454 δὲ
2599 1400 2671 1463 εἰς
2730 1399 2829 1466 τὴν
2874 1403 3133 1478 προτέραν
3187 1399 3280 1455 καὶ
3341 1399 3485 1460 αὖθις
3544 1398 3774 1479 φρουρὰν

401 1499 631 1573 pratum
680 1491 984 1572 ﬂoridum,
1015 1510 1199 1553 novus
1258 1492 1586 1572 paradisus.
1626 1492 1689 1554 In
1712 1484 1851 1555 eam
1884 1494 2044 1554 enim

2130 1489 2515 1547 κατάκλειστον
2606 1488 2919 1567 προστάττει
3029 1488 3293 1565 γενέσθαι.
3389 1487 3629 1566 Ναζιρίῳ
3717 1484 3775 1542 δὲ

403 1580 711 1661 ingressus
763 1579 1110 1643 versabatur
1160 1599 1293 1642 cum
1344 1581 1627 1645 Gervasio
1674 1591 1734 1645 at
1782 1581 2045 1645 Protasio

2130 1582 2164 1649 ἡ
2218 1580 2415 1659 φρουρὰ
2470 1576 2602 1654 adit-9
2648 1576 2862 1635 πολλῶν
2906 1577 3191 1655 βασιλείων
3224 1578 3514 1656 τιμιωτέρα
3543 1578 3774 1655 γίνεται,

404 1670 584 1734 sociis
611 1671 957 1734 certaminis
986 1691 1000 1733 :
1035 1689 1068 1731 a
1099 1671 1311 1751 quibus
1334 1671 1574 1734 assidue
1607 1672 1731 1753 ille,
1768 1680 2045 1753 tanquam

2130 1668 2330 1745 λειμὼν
2362 1666 2605 1742 εὐανθὴς,
2655 1667 2771 1731 νέος
2815 1665 3157 1745 παράδεισος.
3192 1666 3402 1724 Ἐκεϊσε
3462 1669 3562 1745 γὰρ
3592 1664 3776 1723 εἰσελ-

400 1759 476 1823 ab
506 1759 806 1842 aliquibus
836 1758 1203 1835 ﬂuminibus,
1233 1760 1534 1839 irrigatus,
1572 1760 1856 1842 carpebat
1903 1779 2044 1823 sua-

2130 1759 2231 1815 θὼν
2266 1756 2531 1833 Γερϐασίῳ
2557 1778 2613 1812 τε
2642 1760 2729 1813 καὶ
2762 1758 3033 1835 Προτασίῳ
3098 1769 3209 1822 τοῖς
3259 1755 3531 1813 συνέθλοις
3576 1759 3774 1830 συνῆν,

401 1851 679 1913 vissimos
703 1851 882 1912 ﬂores
898 1850 1136 1911 illorum
1160 1850 1705 1933 consuetudinis,ut
1738 1870 2047 1932 propemo-

402 1940 543 2002 dum
593 1941 811 2019 gratias
840 1938 1086 2001 haberet
1136 1940 1423 2015 Anulino,
1461 1942 1619 2022 quod
1653 1961 1789 2004 eum
1839 1960 2046 2004 rursus

401 2029 808 2109 conjunxisset
837 2048 970 2091 cum
1028 2029 1100 2092 iis
1131 2049 1282 2110 quos
1313 2030 1716 2093 desiderabat.
1762 2030 1906 2093 Cum
1959 2032 2045 2094 eis

399 2137 541 2200 ergo
563 2136 941 2198 congressus,
968 2127 1026 2181 et
1050 2137 1321 2198 magnam
1354 2120 1584 2200 accepit
1615 2120 1954 2194 utilitatem,
1981 2129 2046 2181 ut

402 2208 533 2287 ipse
558 2209 733 2271 etiam
768 2208 1026 2272 vicissim
1053 2208 1252 2270 intulit
1274 2227 1343 2271 ea
1372 2228 1504 2285 quae
1532 2217 1703 2271 erant
1733 2209 1902 2271 utilia
1937 2229 1953 2287 ;
1988 2215 2048 2271 et

402 2316 506 2360 eos
556 2298 703 2361 satis
731 2297 805 2360 ad
838 2299 1186 2379 certamina,
1225 2306 1282 2359 et
1309 2316 1556 2380 puerum
1591 2299 1859 2361 incitavit
1905 2298 2044 2361 Cel-

398 2387 555 2450 sium
584 2408 599 2451 :
632 2405 808 2469 quem
841 2406 1092 2469 puerum
1150 2387 1388 2469 quidem
1435 2406 1657 2466 sermo,
1713 2389 2041 2470 perfectum

396 2486 593 2541 autem
625 2478 884 2541 ostendit
915 2477 1091 2544 actio.

480 2657 629 2722 VIII.
663 2657 959 2720 Anulinus
1003 2664 1196 2719 autem
1243 2675 1378 2719 cum
1412 2655 1488 2720 de
1535 2655 1781 2719 Nazario
1813 2657 2045 2737 singula

397 2760 590 2810 exacte
620 2750 935 2816 didicisset,
969 2749 1285 2807 mirabatur
1306 2749 1785 2821 quemadmodum
1825 2753 2046 2823 potuis-

2133 1845 2215 1928 Scp’
2246 1850 2320 1905 ὧν
2364 1847 2488 1902 ὅσαι
2521 1849 2652 1926 ὧραι
2685 1848 2918 1924 καθάπερ
2950 1847 3049 1903 ὅπό
3107 1867 3267 1904 τινων
3314 1849 3568 1920 ποταμῶν
3625 1844 3777 1901 ἑκεί-

2127 1961 2225 2005 νης
2270 1934 2625 2015 ἆρδευομένης
2668 1937 2734 1993 τὰ
2781 1934 2969 2004 ἥδιστα
3017 1936 3117 2004 τῆς
3148 1935 3361 1991 ἐκείνων
3393 1934 3605 2009 ὁμιλίας
3636 1932 3775 2004 ἄνθη

2128 2024 2446 2107 δρεπόμενος
2477 2025 2568 2100 ἦν,
2601 2027 2675 2080 ὡς
2708 2031 2897 2102 μικροῦ
2940 2023 3037 2081 καὶ
3068 2027 3230 2103 χάριν
3260 2022 3549 2102 ὁμολογεῖν
3582 2024 3776 2081 Ἀνου-

2128 2117 2255 2189 λίνῳ
2305 2115 2385 2171 ὅτι
2444 2116 2531 2171 καὶ
2585 2114 2745 2171 πάλιν
2801 2115 2955 2170 αὐτὸν
3012 2118 3217 2190 συνῆψε
3246 2127 3365 2177 τοῖς
3395 2112 3768 2188 ποθουμένοις.

2130 2205 2523 2285 Συγγενόμενος
2593 2209 2873 2283 τοιγαροῦν
2944 2216 3063 2267 τοῖς
3141 2201 3353 2281 ἀνδράσι
3417 2199 3625 2269 πολλῆς
3710 2222 3773 2259 τε

2128 2294 2426 2353 ἀπέλαυσεν
2474 2292 2756 2374 ὠφελείας,
2802 2295 2890 2351 καὶ
2950 2292 3103 2359 αὐτὸς
3144 2293 3198 2349 ἐν
3229 2299 3307 2367 τῷ
3338 2291 3507 2372 μέρει,
3542 2293 3608 2348 τὰ
3635 2292 3774 2371 πρὸς

2126 2384 2387 2465 ὠφέλειαν
2413 2384 2820 2462 ἀντεισήγαγεν,
2851 2384 3045 2445 ἱκανῶς
3099 2404 3155 2439 τε
3217 2385 3404 2446 αὐτοὺς
3469 2382 3600 2460 πρὸς
3646 2383 3775 2447 τοὺς

2126 2474 2338 2551 ἀγῶνας
2394 2475 2479 2529 καὶ
2538 2475 2630 2529 τὸν
2687 2472 2858 2530 παῖδα
2920 2473 3139 2530 Κέλσιον
3196 2470 3420 2548 ὤλειψε,
3458 2470 3683 2530 Κέλσιον
3711 2470 3775 2527 δν

2126 2562 2296 2620 παῖδα
2327 2563 2425 2636 μὲν
2454 2565 2481 2618 6
2512 2561 2692 2641 λόγος,
2725 2561 2926 2618 τέλειον
2957 2561 3011 2617 δὲ
3041 2562 3077 2629 ἠ
3107 2560 3292 2638 πρᾶξις
3323 2562 3664 2641 παρίστησιν.

2210 2653 2299 2714 Η’.
2334 2650 2641 2716 Ἀνουλῐνος
2684 2650 2738 2706 δὲ
2776 2651 2885 2731 (καὶ
2944 2652 3132 2730 γὰρτὸ
3179 2653 3404 2725 μανικὸν
3462 2650 3640 2708 ἐκεῖνο
3683 2651 3776 2707 καὶ

2125 2739 2381 2822 θηριῶδες
2412 2738 2527 2817 ᾕδει
2557 2748 2651 2797 τοῦ
2697 2741 2937 2819 Νέρωνος
2990 2738 3253 2819 ἀκριϐῶς)
3304 2741 3369 2796 τὰ
3426 2741 3541 2819 περὶ
3601 2748 3778 2811 Ναζαο

397 2843 490 2898 set
517 2835 780 2915 effugere
808 2832 1106 2897 Neronem
1158 2834 1420 2912 (sciebat
1450 2834 1639 2911 enim,
1670 2854 1846 2913 quam
1883 2844 2042 2901 esset

2130 2834 2234 2910 ρίου
2286 2830 2467 2905 μαθὼν
2526 2827 2580 2884 ἐν
2623 2829 2849 2903 θαύματι
2908 2828 3172 2900 ἐποιεῖτο,
3220 2832 3336 2888 πῶς
3395 2825 3495 2906 ἄρα
3540 2827 3632 2883 καὶ
3664 2826 3774 2885 Νέ-

398 2928 650 2986 furiosus
681 2937 735 2985 et
762 2941 933 2999 quam
966 2926 1121 2984 ferus
1144 2926 1537 2998 Nero),lupum
1563 2932 1835 3001 agnus,ut
1855 2930 2035 2987 aiunt.

2130 2942 2264 3000 ρωνα
2323 2932 2510 3000 φυγεῖν
2570 2917 2831 2993 ἠδυνήθη,
2892 2931 2980 2974 τον
3026 2916 3209 2992 λύκον,
3270 2916 3458 2996 φασίν,
3503 2919 3528 2972 6
3572 2916 3771 2991 ἀμνός.

395 3010 548 3076 Hinc
575 3013 755 3075 etiam
788 3012 863 3074 de
911 3021 1116 3074 sancto
1152 3010 1394 3074 Nazario
1427 3024 1488 3075 et
1521 3012 1650 3093 ejus
1695 3014 1874 3075 sociis
1904 3033 2039 3077 cum

2125 3009 2393 3067 Ἐντεῦθεν
2451 3008 2538 3063 καὶ
2596 3008 2901 3086 γράμμασιν
2960 3006 3103 3080 αὗτῷ
3173 3007 3238 3062 τὰ
3301 3008 3414 3084 περὶ
3471 3012 3562 3062 τοῦ
3621 3006 3775 3083 ἁγίου

395 3102 534 3165 facit
554 3102 766 3164 litteris
786 3102 1130 3183 certiorem,
1155 3120 1372 3182 rogans
1398 3100 1678 3184 quidnam
1689 3101 1951 3181 juberet,
1976 3114 2043 3165 ut

2130 3100 2213 3156 καὶ
2266 3105 2371 3154 τῶν
2424 3098 2693 3154 συνάθλων
2750 3099 2992 3175 γνώριμα
3065 3099 3332 3176 καθιστᾷ,
3393 3097 3633 3174 προσθεὶς
3691 3095 3774 3152 ὅτι

394 3198 606 3256 taceret
633 3196 866 3251 sanctis.
905 3193 1009 3250 Ille
1028 3204 1219 3252 autem
1242 3208 1374 3251 cum
1404 3194 1715 3254 audivisset
1745 3195 2043 3253 Nazarium

394 3279 594 3343 adhuc
624 3295 756 3342 esse
794 3278 1200 3359 superstitem,
1221 3277 1443 3340 caedem
1469 3278 1733 3359 spirabat
1759 3280 2043 3342 adversus

396 3366 895 3450 lictores,quibus
917 3367 1202 3447 jusserat,
1229 3375 1293 3429 ut
1321 3386 1455 3429 eum
1491 3367 1555 3429 in
1587 3366 1768 3429 maris
1798 3370 2042 3449 prcl‘un-

396 3460 536 3523 dum
570 3459 887 3541 iujicerent
919 3474 936 3531 ;
966 3465 1028 3519 et
1060 3475 1181 3537 ιιι-ω
1208 3457 1295 3518 ira
1327 3475 1360 3518 e
1411 3455 1557 3519 sede
1588 3457 1876 3521 exsiliens
1905 3476 2040 3521 cum

395 3549 817 3613 vociferatione
829 3545 1109 3609 currebat
1131 3564 1237 3627 per
1256 3543 1780 3626 regiam,clamaus
1803 3547 2046 3610 insidia-

394 3647 576 3720 tores,
609 3644 892 3719 ingratos,
927 3636 1215 3698 adversus
1238 3635 1383 3698 deos
1413 3633 1655 3716 impios,
1693 3644 1750 3698 et
1773 3636 2048 3718 cupiebat

394 3748 493 3794 eos
523 3734 807 3798 invenire,
833 3741 895 3789 ut
925 3733 1081 3802 ipsos
1119 3731 1290 3787 etiam
1324 3730 1680 3788 interimeret
1708 3731 1881 3787 simul
1915 3746 2046 3789 cum

395 3817 778 3900 martyribus,
806 3816 1085 3897 ignorans
1134 3813 1409 3890 stolidus,
1442 3815 1599 3896 quod
1640 3813 1797 3878 Deus
1852 3825 2045 3897 potest

390 3927 506 3971 non
540 3912 729 3969 solum
760 3925 789 3967 ιι
823 3907 967 3966 mari
999 3922 1231 3965 servare
1250 3920 1382 3964 eum
1412 3907 1513 3979 qui
1536 3908 1592 3964 in
1625 3908 1749 3979 ipso
1779 3907 2046 3968 habuerit

404 3994 815 4074 ﬂduciam,sed
835 3994 1011 4055 etiam
1035 3993 1230 4073 ipsum
1257 4010 1419 4054 mare
1445 3992 2046 4055 exsiccare.Testatur

402 4094 598 4147 autem
629 4085 801 4146 divus
826 4082 1007 4145 David
1039 4081 1270 4163 dicens,
1294 4099 1427 4143 eum
1450 4081 1722 4162 posuisse
1752 4083 1959 4144 ﬂuvios
1982 4083 2045 4145 in

401 4176 937 4249 desertum,contra
954 4171 1413 4239 autem,deserta
1432 4172 1491 4231 in
1513 4171 1676 4232 locus
1693 4189 1976 4252 aquarum
1995 4174 2041 4233 ί.

403 4266 550 4330 Cum
589 4283 694 4326 eos
724 4280 866 4342 ergo
919 4261 1170 4323 multum
1224 4260 1611 4341 quaesivisset,
1646 4269 1703 4320 et
1742 4278 1861 4321 non
1891 4261 2050 4324 inve-

402 4355 616 4437 uisset,
646 4353 736 4415 sic
766 4351 979 4414 litteris
1029 4350 1272 4431 exponit
1299 4367 1465 4437 suam
1497 4349 1782 4411 adversus
1810 4359 2048 4414 sanctos

403 4443 788 4508 Sententiam:
822 4440 1108 4513 Quoniam
1137 4439 1202 4513 ii,
1226 4436 1326 4517 qui
1361 4445 1499 4498 ante
1520 4456 1629 4500 nos
1650 4440 2051 4503 ascenderunt

2126 3190 2214 3246 καὶ
2270 3196 2385 3251 πῶς
2420 3188 2563 3262 αὖτῷ
2595 3188 2653 3243 τὸ
2682 3186 2874 3243 λοιπὸν
2922 3187 3239 3265 προστάττει
3297 3187 3605 3264 χρήσασθαι
3648 3189 3771 3252 τοῖς

2126 3278 2314 3355 ἁγίοις.
2358 3269 2416 3333 Ὀ
2447 3275 2502 3331 δὲ
2546 3276 2794 3343 ἀκηκοὼς
2851 3275 2926 3332 ἔτι
2969 3275 3228 3353 Ναζάριον
3281 3275 3571 3351 περιεῖναι,
3628 3273 3765 3330 πολὺ

2125 3367 2262 3423 κατὰ
2307 3369 2412 3421 τῶν
2441 3366 2801 3444 ὶπιταγέντων
2832 3366 2988 3423 αὐτὸν
3018 3364 3222 3440 δημίων
3260 3371 3337 3438 τῷ
3365 3365 3510 3441 βυθῷ
3538 3368 3634 3430 τῆς
3663 3368 3769 3420 θα-

2126 3454 2329 3524 λάσσης
2360 3458 2634 3536 ἒναφεϊναι
2666 3457 2727 3512 τὸ
2758 3458 2973 3536 φονικὸν
3005 3454 3204 3527 ἐπνέει,
3237 3455 3338 3510 ὑπὸ
3369 3459 3469 3521 τῆς
3515 3456 3679 3533 ὀργῆς
3712 3475 3772 3510 τε

2128 3547 2216 3603 καὶ
2261 3554 2354 3604 τοῦ
2401 3544 2586 3624 θρόνου
2614 3543 2849 3621 ἀνέθορε,
2902 3545 2989 3601 καὶ
3038 3544 3176 3620 μετὰ
3229 3544 3364 3621 βοῆς
3424 3545 3489 3601 τὰ
3529 3543 3775 3620 βασίλεια

2127 3633 2308 3715 διέθει,
2365 3635 2488 3698 τοὺς
2547 3631 2858 3697 ἐπιϐούλους
2901 3635 3207 3712 κεκραγὼς,
3265 3634 3387 3699 τοὺς
3419 3633 3772 3712 ἀχαρίστους,

2129 3726 2249 3789 τοὺς
2283 3725 2403 3803 περὶ
2430 3725 2553 3786 τοὺς
2596 3725 2743 3790 θεοὺς
2800 3722 3042 3797 ἀσεϐεῖς,
3099 3723 3271 3794 ἐζήτει
3302 3744 3360 3778 τε
3391 3723 3580 3786 αὐτοὺς
3612 3722 3776 3804 ἐφευ-

2129 3828 2244 3894 ρεϊν
2274 3813 2365 3870 ἵνα
2396 3815 2485 3871 καὶ
2529 3813 2786 3891 συνανέλῃ
2844 3826 2963 3879 τοῖς
3008 3813 3284 3892 μάρτυσιν,
3331 3811 3540 3891 ἀγνοῶν
3586 3815 3613 3868 6
3656 3814 3775 3889 μά-

2125 3925 2274 3970 ταιος
2316 3902 2397 3961 ὅτι
2441 3902 2657 3961 δυνατὸν
2691 3910 2808 3978 Θεῷ
2838 3902 2915 3974 μὴ
2946 3901 3027 3957 ὅτι
3057 3924 3119 3982 φε
3148 3902 3418 3968 θαλάσσης
3466 3907 3636 3958 σῶσαι
3681 3904 3776 3959 τὸν

2129 3996 2299 4067 ἑαυτῷ
2372 3994 2687 4067 πεποιθότα,
2748 3990 2886 4049 ἀλλὰ
2940 3996 3027 4049 καὶ
3087 3991 3249 4059 αὖτῆν
3321 3988 3492 4057 δήπου
3550 3990 3774 4069 ξηράναι

2126 4084 2227 4151 τὴν
2281 4080 2572 4142 θάλασσαν.
2638 4087 2733 4139 Καὶ
2763 4093 3022 4159 μαρτυρεῖ
3072 4077 3243 4139 Δαυλιδ
3294 4082 3322 4136 6
3376 4083 3546 4159 θεῖος,
3599 4084 3773 4137 θεῖναι

2129 4171 2302 4251 λέγων
2358 4173 2516 4228 αὐτὸν
2572 4172 2846 4245 ποταμοὺς
2908 4172 2983 4233 εἷς
3040 4169 3265 4249 ἔρημον,
3303 4168 3534 4245 ἔμπαλιν
3578 4166 3635 4225 δὲ
3684 4171 3774 4227 καὶ

2127 4263 2226 4329 τὴν
2286 4261 2484 4340 ἔρημον
2540 4262 2615 4325 εἷς
2672 4260 2861 4336 λίμνας
2908 4259 3134 4322 ὑδάτων,
3184 4258 3364 4315 Πολλὰ
3404 4260 3575 4316 τοίνυν
3604 4258 3773 4331 ἑκζη.

2127 4354 2320 4427 τήσας,
2384 4351 2497 4407 ἐπεὶ
2564 4350 2642 4426 μὴ
2694 4349 2917 4430 ἐφεῦρε,
2980 4350 3254 4428 γράμμασι
3315 4350 3414 4417 τὴν
3471 4350 3611 4406 κατὰ
3674 4355 3774 4406 τῶν

2129 4442 2293 4521 ἁγίων
2350 4440 2616 4520 ἀπόφασιν
2688 4441 2947 4497 ἐκτίθεται
3007 4438 3175 4504 οὕτως
3210 4456 3228 4475 ο
3314 4435 3643 4518 Ἐπειδήπερ
3726 4440 3774 4496 οἱ

400 4534 465 4597 in
498 4534 651 4595 hanc
685 4531 977 4593 excelsam
1008 4527 1250 4608 imperii
1280 4526 1512 4608 sedem,
1546 4545 1663 4589 non
1696 4528 1883 4589 solum
1918 4548 2043 4608 eos,

2131 4533 2233 4608 πρό
2281 4532 2437 4605 ἡμῶν
2502 4530 2589 4587 ἐπὶ
2642 4531 2732 4586 τὸν
2811 4527 3019 4605 ὑψηλὸν
3095 4534 3282 4587 τοῦτον
3343 4528 3442 4594 τῆς
3498 4527 3775 4604 βασιλείας

404 4621 505 4705 qui
530 4622 593 4684 in
625 4620 918 4682 maximos
940 4618 1084 4679 deos
1115 4623 1285 4679 erant
1312 4614 1501 4697 impii,
1530 4625 1720 4678 morte
1745 4636 1849 4680 sua
1879 4621 2047 4681 dam-

404 4719 628 4776 nabant
656 4710 971 4784 sententia,
1006 4707 1112 4770 sed
1162 4707 1363 4781 etiam,
1399 4705 1449 4767 si
1478 4706 1886 4770 invenirentur
1932 4709 2048 4772 ali-

402 4803 528 4886 qui,
551 4806 649 4884 qui
682 4797 991 4862 maleficiis
1020 4804 1080 4860 et
1102 4795 1415 4879 praestigiis
1446 4797 1661 4886 multos
1690 4816 2047 4880 corrumpe-

405 4884 563 4969 rent,
600 4908 706 4974 par
758 4907 995 4972 quoque
1038 4889 1099 4950 in
1131 4906 1235 4951 eos
1274 4884 1613 4948 statuebant
1662 4888 2045 4969 supplicium,

403 4994 606 5047 nostra
634 4998 875 5065 quoque
907 4981 1179 5042 decernit
1206 4977 1491 5059 potentia,
1522 4976 1676 5059 quod
1707 4977 1805 5040 isti
1836 4997 2049 5060 quam-

402 5073 660 5157 primum
694 5072 813 5134 vita
866 5069 1194 5152 priventur,
1231 5067 1432 5147 gladio
1490 5065 1783 5157 capitibus
1837 5086 2044 5131 eorum

401 5156 740 5247 amputatis:
764 5161 984 5224 deinde
1007 5177 1215 5223 eorum
1247 5174 1499 5247 corpora
1528 5156 1887 5247 objicientur
1904 5159 2049 5221 feris

400 5256 475 5320 ad
492 5246 993 5329 devorandum,ut
1016 5268 1092 5313 ne
1109 5247 1378 5312 omnium
1401 5246 1643 5328 quidem
1666 5266 2047 5310 communem

401 5349 849 5426 consequantur
897 5340 1288 5421 sepulturam.
1324 5337 1413 5401 Sit
1442 5354 1584 5426 ergo
1635 5337 1742 5399 tibi
1773 5356 1929 5401 cura:
1959 5338 2043 5414 id,

402 5435 559 5515 quod
591 5424 651 5495 in
685 5430 1001 5515 prresentia
1041 5428 1216 5509 jussi,
1251 5424 1519 5505 exsequi.
1556 5427 1659 5490 Est
1690 5428 1850 5490 enim
1901 5428 2050 5491 mihi

479 5620 502 5664 ί
535 5618 688 5683 Psat.
716 5634 836 5698 cn,
870 5617 965 5682 35.

2128 4618 2416 4684 ἀναϐάντες
2494 4620 2676 4697 θρόνον
2757 4621 2816 4676 οὔ
2884 4621 3006 4687 τοὺς
3078 4620 3197 4697 περὶ
3260 4617 3540 4696 μεγίστους
3609 4617 3773 4694 μόνον

2129 4706 2507 4773 δυσσεϐοὖντας
2564 4710 2711 4772 θεοὺς
2771 4711 2938 4789 ψήφῳ
2990 4709 3219 4768 θανάτου
3265 4707 3595 4783 κατέκρινον,
3647 4706 3773 4765 ἀλλ’

2129 4802 2174 4857 εἰ
2221 4799 2310 4855 καί
2355 4820 2491 4865 τινες
2540 4800 2858 4875 εδρίσκοιντο
2912 4799 3261 4877 μαγγανείαις
3324 4797 3424 4876 ἄρα
3479 4798 3569 4854 καὶ
3626 4819 3772 4876 γοη-

2128 4890 2291 4953 τείαις
2347 4891 2469 4953 τοὺς
2514 4887 2748 4954 πολλοὺς
2804 4889 3234 4969 ἀποφθείροντες,
3268 4889 3356 4944 καὶ
3401 4886 3588 4949 αὐτοῖς
3641 4885 3774 4957 ἴσην

2127 4981 2228 5047 τὴν
2269 4980 2527 5058 τιμωρίαν
2579 4978 2994 5058 ἐπεψηφίζοντο,
3052 4978 3282 5049 θεσπίζει
3339 4977 3520 5034 καὶτὸ
3562 4977 3771 5053 ἡμέτε-

2131 5090 2221 5143 ρον
2264 5070 2456 5148 κράτος
2513 5067 2595 5124 ὅτι
2670 5068 2840 5150 τάχος
2892 5069 3076 5131 αὐτοὺς
3129 5074 3222 5124 τοῦ
3269 5071 3367 5145 ζῇν
3424 5070 3769 5145 στερηθῆναι,

2130 5158 2261 5239 ξίφει
2318 5159 2414 5221 τὰς
2487 5156 2722 5238 κεφαλάς
2784 5159 3144 5233 ὲκτμηθὲντας
3180 5204 3197 5238 ,
3252 5156 3379 5214 εἶτα
3438 5157 3594 5236 θηρσὶ
3647 5158 3770 5220 τοὺς

2133 5249 2346 5326 νεκροὺς
2405 5249 2577 5305 αὐτῶν
2634 5250 2707 5312 εἰς
2765 5249 2925 5328 βορὰν
2980 5251 3323 5328 προτεθῆναι,
3390 5247 3463 5311 ὡς
3519 5245 3586 5302 ἂν
3634 5244 3772 5322 μηδὲ

2131 5338 2229 5407 τῆς
2274 5342 2459 5406 κοινῆς
2487 5338 2735 5396 ἁπάντων
2764 5337 3039 5407 ἀξιωθεῖεν
3083 5342 3283 5417 ταφῆς.
3343 5333 3635 5412 Ἐπιμελὶς
3681 5336 3774 5393 οὖν

2131 5431 2193 5486 τὸ
2249 5430 2418 5510 παρόν
2470 5451 2553 5486 σοι
2609 5435 2764 5487 τοῦτο
2822 5428 3053 5509 γενέσθω
3106 5428 3421 5509 πρόσταγμα
3474 5427 3550 5491 εἰς
3608 5425 3775 5507 πέρας
