  <div class='ocr_page' id='page_1' title='image "/cluster/home/n/w/nwhite01/storage/ocr_20150623/116/mdp.39015008903554/460.png"; bbox 0 0 4048 6136; ppageno 0'>
   <div class='ocr_carea' id='block_1_1' title="bbox 261 239 382 303">
    <p class='ocr_par' dir='ltr' id='par_1_1' title="bbox 261 239 382 303">
     <span class='ocr_line' id='line_1_1' title="bbox 261 239 382 303; baseline 0.008 -2"><span class='ocrx_word' id='word_1_1' title='bbox 261 239 382 303; x_wconf 88' lang='lat'><strong>905</strong></span> 
     </span>
    </p>
   </div>
   <div class='ocr_carea' id='block_1_2' title="bbox 1309 235 2585 303">
    <p class='ocr_par' dir='ltr' id='par_1_2' title="bbox 1309 235 2585 303">
     <span class='ocr_line' id='line_1_2' title="bbox 1309 235 2585 303; baseline -0.002 -1"><span class='ocrx_word' id='word_1_2' title='bbox 1309 240 1496 303; x_wconf 80' lang='lat' dir='ltr'><strong>VlTA</strong></span> <span class='ocrx_word' id='word_1_3' title='bbox 1545 239 1602 300; x_wconf 91' lang='lat' dir='ltr'><strong>S.</strong></span> <span class='ocrx_word' id='word_1_4' title='bbox 1669 236 1984 302; x_wconf 75' lang='lat' dir='ltr'><strong>NAZARII</strong></span> <span class='ocrx_word' id='word_1_5' title='bbox 2031 235 2127 298; x_wconf 85' lang='lat' dir='ltr'><strong>ET</strong></span> <span class='ocrx_word' id='word_1_6' title='bbox 2181 236 2585 300; x_wconf 82' lang='lat' dir='ltr'><strong>SOCIORUM.</strong></span> 
     </span>
    </p>
   </div>
   <div class='ocr_carea' id='block_1_3' title="bbox 3521 238 3639 307">
    <p class='ocr_par' dir='ltr' id='par_1_3' title="bbox 3521 238 3639 307">
     <span class='ocr_line' id='line_1_3' title="bbox 3521 238 3639 307; baseline 0.017 -2"><span class='ocrx_word' id='word_1_7' title='bbox 3521 238 3639 307; x_wconf 87' lang='lat'><strong>906</strong></span> 
     </span>
    </p>
   </div>
   <div class='ocr_carea' id='block_1_4' title="bbox 261 365 1911 453">
    <p class='ocr_par' dir='ltr' id='par_1_4' title="bbox 261 372 1899 453">
     <span class='ocr_line' id='line_1_4' title="bbox 261 372 1899 453; baseline -0.001 -25"><span class='ocrx_word' id='word_1_8' title='bbox 261 372 586 452; x_wconf 55' lang='grc' dir='ltr'>ἐξενεγκεῖν</span> <span class='ocrx_word' id='word_1_9' title='bbox 644 373 792 444; x_wconf 78' lang='grc' dir='ltr'>μέλει</span> <span class='ocrx_word' id='word_1_10' title='bbox 843 373 943 453; x_wconf 79' lang='grc' dir='ltr'><strong>γάρ</strong></span> <span class='ocrx_word' id='word_1_11' title='bbox 997 397 1088 448; x_wconf 88' lang='grc' dir='ltr'><strong>μοι</strong></span> <span class='ocrx_word' id='word_1_12' title='bbox 1125 379 1218 440; x_wconf 78' lang='grc' dir='ltr'>τῆς</span> <span class='ocrx_word' id='word_1_13' title='bbox 1263 375 1336 438; x_wconf 87' lang='grc' dir='ltr'><strong>εἰς</strong></span> <span class='ocrx_word' id='word_1_14' title='bbox 1368 375 1488 438; x_wconf 87' lang='grc' dir='ltr'>τοὺς</span> <span class='ocrx_word' id='word_1_15' title='bbox 1538 373 1683 437; x_wconf 78' lang='grc' dir='ltr'>θεοὺς</span> <span class='ocrx_word' id='word_1_16' title='bbox 1713 374 1899 446; x_wconf 76' lang='grc' dir='ltr'>τιμῆς,</span> 
     </span>
    </p>
   </div>
   <div class='ocr_carea' id='block_1_5' title="bbox 2000 365 3638 453">
    <p class='ocr_par' dir='ltr' id='par_1_5' title="bbox 2000 365 3638 453">
     <span class='ocr_line' id='line_1_5' title="bbox 2000 365 3638 453; baseline 0.006 -25"><span class='ocrx_word' id='word_1_17' title='bbox 2000 368 2197 449; x_wconf 83' lang='lat' dir='ltr'><strong>majori</strong></span> <span class='ocrx_word' id='word_1_18' title='bbox 2230 387 2389 430; x_wconf 87' lang='lat' dir='ltr'><strong>curae</strong></span> <span class='ocrx_word' id='word_1_19' title='bbox 2420 368 2717 430; x_wconf 87' lang='lat' dir='ltr'><strong>honorare</strong></span> <span class='ocrx_word' id='word_1_20' title='bbox 2746 365 2916 444; x_wconf 80' lang='lat' dir='ltr'><strong>deos,</strong></span> <span class='ocrx_word' id='word_1_21' title='bbox 2952 385 3135 445; x_wconf 87' lang='lat' dir='ltr'><strong>quam</strong></span> <span class='ocrx_word' id='word_1_22' title='bbox 3188 387 3392 433; x_wconf 84' lang='lat' dir='ltr'><strong>curam</strong></span> <span class='ocrx_word' id='word_1_23' title='bbox 3425 391 3638 453; x_wconf 84' lang='lat' dir='ltr'><strong>gerere</strong></span> 
     </span>
    </p>
   </div>
   <div class='ocr_carea' id='block_1_6' title="bbox 264 461 1491 541">
    <p class='ocr_par' dir='ltr' id='par_1_6' title="bbox 264 461 1491 541">
     <span class='ocr_line' id='line_1_6' title="bbox 264 461 1491 541; baseline -0.002 -22"><span class='ocrx_word' id='word_1_24' title='bbox 264 465 419 538; x_wconf 82' lang='grc' dir='ltr'><strong>μέλει</strong></span> <span class='ocrx_word' id='word_1_25' title='bbox 453 461 619 518; x_wconf 84' lang='grc' dir='ltr'><strong>πλέον</strong></span> <span class='ocrx_word' id='word_1_26' title='bbox 643 463 676 530; x_wconf 75' lang='grc' dir='ltr'>ἢ</span> <span class='ocrx_word' id='word_1_27' title='bbox 709 469 815 518; x_wconf 83' lang='grc' dir='ltr'><strong>τῶν</strong></span> <span class='ocrx_word' id='word_1_28' title='bbox 846 468 938 519; x_wconf 83' lang='grc' dir='ltr'><strong>τοῦ</strong></span> <span class='ocrx_word' id='word_1_29' title='bbox 966 469 1145 519; x_wconf 79' lang='grc' dir='ltr'>κοινοῦ</span> <span class='ocrx_word' id='word_1_30' title='bbox 1186 461 1491 541; x_wconf 68' lang='grc' dir='ltr'>φροντίδων,</span> 
     </span>
    </p>
   </div>
   <div class='ocr_carea' id='block_1_7' title="bbox 346 551 1911 629">
    <p class='ocr_par' dir='ltr' id='par_1_7' title="bbox 346 551 1911 629">
     <span class='ocr_line' id='line_1_7' title="bbox 346 551 1911 629; baseline -0.001 -20"><span class='ocrx_word' id='word_1_31' title='bbox 346 551 431 613; x_wconf 81' lang='grc' dir='ltr'><strong>Θ’.</strong></span> <span class='ocrx_word' id='word_1_32' title='bbox 498 558 667 610; x_wconf 74' lang='grc' dir='ltr'>Ταῦτα</span> <span class='ocrx_word' id='word_1_33' title='bbox 709 551 894 620; x_wconf 73' lang='grc' dir='ltr'>ἐπειδὴ</span> <span class='ocrx_word' id='word_1_34' title='bbox 951 551 1238 624; x_wconf 66' lang='grc' dir='ltr'>Ἀνουλίνῳ</span> <span class='ocrx_word' id='word_1_35' title='bbox 1293 553 1360 608; x_wconf 79' lang='grc' dir='ltr'><strong>τὰ</strong></span> <span class='ocrx_word' id='word_1_36' title='bbox 1409 551 1699 629; x_wconf 77' lang='grc' dir='ltr'>γράμματα</span> <span class='ocrx_word' id='word_1_37' title='bbox 1753 551 1911 625; x_wconf 82' lang='grc' dir='ltr'>ἧκεν,</span> 
     </span>
    </p>
   </div>
   <div class='ocr_carea' id='block_1_8' title="bbox 262 640 1915 719">
    <p class='ocr_par' dir='ltr' id='par_1_8' title="bbox 262 640 1915 719">
     <span class='ocr_line' id='line_1_8' title="bbox 262 640 1915 719; baseline -0.004 -19"><span class='ocrx_word' id='word_1_38' title='bbox 262 642 412 707; x_wconf 74' lang='grc' dir='ltr'>εὒθυς</span> <span class='ocrx_word' id='word_1_39' title='bbox 496 642 598 708; x_wconf 77' lang='grc' dir='ltr'><strong>την</strong></span> <span class='ocrx_word' id='word_1_40' title='bbox 681 640 766 696; x_wconf 80' lang='grc' dir='ltr'><strong>ἐπὶ</strong></span> <span class='ocrx_word' id='word_1_41' title='bbox 848 641 1070 698; x_wconf 78' lang='grc' dir='ltr'>θάνατον</span> <span class='ocrx_word' id='word_1_42' title='bbox 1153 640 1368 719; x_wconf 77' lang='grc' dir='ltr'>ἄγεσθαι</span> <span class='ocrx_word' id='word_1_43' title='bbox 1452 641 1572 704; x_wconf 83' lang='grc' dir='ltr'>τοὺς</span> <span class='ocrx_word' id='word_1_44' title='bbox 1647 640 1915 718; x_wconf 78' lang='grc' dir='ltr'>μάρτυρας</span> 
     </span>
    </p>
   </div>
   <div class='ocr_carea' id='block_1_9' title="bbox 263 724 1912 808">
    <p class='ocr_par' dir='ltr' id='par_1_9' title="bbox 263 724 1912 808">
     <span class='ocr_line' id='line_1_9' title="bbox 263 724 1912 808; baseline -0.001 -22"><span class='ocrx_word' id='word_1_45' title='bbox 263 724 558 789; x_wconf 72' lang='grc' dir='ltr'>ἐπιτάττει.</span> <span class='ocrx_word' id='word_1_46' title='bbox 611 729 671 787; x_wconf 78' lang='grc' dir='ltr'><strong>Οἱ</strong></span> <span class='ocrx_word' id='word_1_47' title='bbox 722 727 776 784; x_wconf 80' lang='grc' dir='ltr'>δὲ</span> <span class='ocrx_word' id='word_1_48' title='bbox 835 735 913 802; x_wconf 82' lang='grc' dir='ltr'>τῷ</span> <span class='ocrx_word' id='word_1_49' title='bbox 969 737 1061 786; x_wconf 75' lang='grc' dir='ltr'>τοῦ</span> <span class='ocrx_word' id='word_1_50' title='bbox 1117 736 1338 808; x_wconf 72' lang='grc' dir='ltr'>σταυροῦ</span> <span class='ocrx_word' id='word_1_51' title='bbox 1395 729 1543 803; x_wconf 84' lang='grc' dir='ltr'>τύπῳ</span> <span class='ocrx_word' id='word_1_52' title='bbox 1594 725 1912 806; x_wconf 59' lang='grc' dir='ltr'>φραξάμενοι</span> 
     </span>
    </p>
   </div>
   <div class='ocr_carea' id='block_1_10' title="bbox 262 816 1912 898">
    <p class='ocr_par' dir='ltr' id='par_1_10' title="bbox 262 816 1912 898">
     <span class='ocr_line' id='line_1_10' title="bbox 262 816 1912 898; baseline -0.001 -23"><span class='ocrx_word' id='word_1_53' title='bbox 262 818 489 896; x_wconf 77' lang='grc' dir='ltr'><strong>ἐξῄεσαν</strong></span> <span class='ocrx_word' id='word_1_54' title='bbox 541 817 677 876; x_wconf 72' lang='grc' dir='ltr'>οὕτω</span> <span class='ocrx_word' id='word_1_55' title='bbox 723 816 974 898; x_wconf 71' lang='grc' dir='ltr'>φαιδρῶς,</span> <span class='ocrx_word' id='word_1_56' title='bbox 1007 818 1187 896; x_wconf 79' lang='grc' dir='ltr'>ὥσπερ</span> <span class='ocrx_word' id='word_1_57' title='bbox 1217 823 1277 877; x_wconf 71' lang='grc' dir='ltr'><strong>οὗ</strong></span> <span class='ocrx_word' id='word_1_58' title='bbox 1307 820 1435 898; x_wconf 73' lang='grc' dir='ltr'>πρὸς</span> <span class='ocrx_word' id='word_1_59' title='bbox 1478 819 1724 890; x_wconf 72' lang='grc' dir='ltr'>θάνατον,</span> <span class='ocrx_word' id='word_1_60' title='bbox 1776 816 1912 873; x_wconf 78' lang='grc' dir='ltr'>ἀλλὰ</span> 
     </span>
    </p>
   </div>
   <div class='ocr_carea' id='block_1_11' title="bbox 260 906 1911 986">
    <p class='ocr_par' dir='ltr' id='par_1_11' title="bbox 260 906 1911 986">
     <span class='ocr_line' id='line_1_11' title="bbox 260 906 1911 986; baseline -0.002 -22"><span class='ocrx_word' id='word_1_61' title='bbox 260 911 395 985; x_wconf 73' lang='grc' dir='ltr'>πρὸς</span> <span class='ocrx_word' id='word_1_62' title='bbox 445 909 586 979; x_wconf 66' lang='grc' dir='ltr'>ζωὴν</span> <span class='ocrx_word' id='word_1_63' title='bbox 619 906 845 984; x_wconf 73' lang='grc' dir='ltr'>μᾶλλον,</span> <span class='ocrx_word' id='word_1_64' title='bbox 878 907 1007 986; x_wconf 79' lang='grc' dir='ltr'>ὅπερ</span> <span class='ocrx_word' id='word_1_65' title='bbox 1037 909 1124 965; x_wconf 83' lang='grc' dir='ltr'>καὶ</span> <span class='ocrx_word' id='word_1_66' title='bbox 1173 907 1368 976; x_wconf 77' lang='grc' dir='ltr'>ἀληθὲς</span> <span class='ocrx_word' id='word_1_67' title='bbox 1426 907 1518 984; x_wconf 81' lang='grc' dir='ltr'><strong>ἧν,</strong></span> <span class='ocrx_word' id='word_1_68' title='bbox 1554 907 1654 974; x_wconf 70' lang='grc' dir='ltr'>τὴν</span> <span class='ocrx_word' id='word_1_69' title='bbox 1699 907 1911 963; x_wconf 76' lang='grc' dir='ltr'><strong>αἰωνίαν</strong></span> 
     </span>
    </p>
   </div>
   <div class='ocr_carea' id='block_1_12' title="bbox 263 994 1905 1076">
    <p class='ocr_par' dir='ltr' id='par_1_12' title="bbox 263 994 1905 1076">
     <span class='ocr_line' id='line_1_12' title="bbox 263 994 1905 1076; baseline 0 -24"><span class='ocrx_word' id='word_1_70' title='bbox 263 997 604 1072; x_wconf 82' lang='grc' dir='ltr'>καλούμενοι,</span> <span class='ocrx_word' id='word_1_71' title='bbox 651 997 740 1052; x_wconf 82' lang='grc' dir='ltr'><strong>καὶ</strong></span> <span class='ocrx_word' id='word_1_72' title='bbox 783 994 943 1060; x_wconf 68' lang='grc' dir='ltr'>ἄλλος</span> <span class='ocrx_word' id='word_1_73' title='bbox 979 995 1140 1053; x_wconf 72' lang='grc' dir='ltr'>ἄλλον</span> <span class='ocrx_word' id='word_1_74' title='bbox 1198 997 1499 1076; x_wconf 68' lang='grc' dir='ltr'>προφθάσαι</span> <span class='ocrx_word' id='word_1_75' title='bbox 1549 995 1905 1075; x_wconf 65' lang='grc' dir='ltr'>φιλονεικοῦν-</span> 
     </span>
    </p>
   </div>
   <div class='ocr_carea' id='block_1_13' title="bbox 265 1075 1903 1161">
    <p class='ocr_par' dir='ltr' id='par_1_13' title="bbox 265 1075 1903 1161">
     <span class='ocr_line' id='line_1_13' title="bbox 265 1075 1903 1161; baseline -0.002 -17"><span class='ocrx_word' id='word_1_76' title='bbox 265 1110 355 1152; x_wconf 86' lang='grc' dir='ltr'><strong>τες</strong></span> <span class='ocrx_word' id='word_1_77' title='bbox 401 1090 484 1142; x_wconf 81' lang='grc' dir='ltr'><strong>καὶ</strong></span> <span class='ocrx_word' id='word_1_78' title='bbox 533 1075 633 1154; x_wconf 63' lang='grc' dir='ltr'>τὴν</span> <span class='ocrx_word' id='word_1_79' title='bbox 681 1085 854 1154; x_wconf 64' lang='grc' dir='ltr'>καλὴν</span> <span class='ocrx_word' id='word_1_80' title='bbox 908 1084 1140 1160; x_wconf 76' lang='grc' dir='ltr'><strong>ἅμιλλαν</strong></span> <span class='ocrx_word' id='word_1_81' title='bbox 1192 1075 1580 1161; x_wconf 81' lang='grc' dir='ltr'>ἀπιλλῶμενοι,</span> <span class='ocrx_word' id='word_1_82' title='bbox 1613 1083 1903 1148; x_wconf 79' lang='grc' dir='ltr'><strong>δεδοικότες</strong></span> 
     </span>
    </p>
   </div>
   <div class='ocr_carea' id='block_1_14' title="bbox 261 1173 1902 1254">
    <p class='ocr_par' dir='ltr' id='par_1_14' title="bbox 261 1173 1902 1254">
     <span class='ocr_line' id='line_1_14' title="bbox 261 1173 1902 1254; baseline -0.002 -20"><span class='ocrx_word' id='word_1_83' title='bbox 261 1179 341 1251; x_wconf 78' lang='grc' dir='ltr'>μὴ</span> <span class='ocrx_word' id='word_1_84' title='bbox 414 1173 612 1253; x_wconf 78' lang='grc' dir='ltr'>Νέρωνι</span> <span class='ocrx_word' id='word_1_85' title='bbox 676 1173 1028 1251; x_wconf 72' lang='grc' dir='ltr'><strong>μεταμελήσῃ</strong></span> <span class='ocrx_word' id='word_1_86' title='bbox 1088 1182 1182 1246; x_wconf 80' lang='grc' dir='ltr'><strong>τῆς</strong></span> <span class='ocrx_word' id='word_1_87' title='bbox 1251 1174 1592 1254; x_wconf 73' lang='grc' dir='ltr'>ἀποφέίσεως,</span> <span class='ocrx_word' id='word_1_88' title='bbox 1655 1177 1744 1231; x_wconf 84' lang='grc' dir='ltr'><strong>καὶ</strong></span> <span class='ocrx_word' id='word_1_89' title='bbox 1812 1181 1902 1231; x_wconf 70' lang='grc' dir='ltr'><strong>τ’ιῦ</strong></span> 
     </span>
    </p>
   </div>
   <div class='ocr_carea' id='block_1_15' title="bbox 262 1261 1902 1344">
    <p class='ocr_par' dir='ltr' id='par_1_15' title="bbox 262 1261 1902 1344">
     <span class='ocr_line' id='line_1_15' title="bbox 262 1261 1902 1344; baseline -0.001 -24"><span class='ocrx_word' id='word_1_90' title='bbox 262 1266 523 1344; x_wconf 80' lang='grc' dir='ltr'>μακαρίου</span> <span class='ocrx_word' id='word_1_91' title='bbox 607 1263 782 1327; x_wconf 78' lang='grc' dir='ltr'>τέλους</span> <span class='ocrx_word' id='word_1_92' title='bbox 852 1262 1264 1343; x_wconf 70' lang='grc' dir='ltr'>ἀπολειφθῶσιν.</span> <span class='ocrx_word' id='word_1_93' title='bbox 1328 1264 1545 1332; x_wconf 79' lang='grc' dir='ltr'><strong>Ἐπειδὴ</strong></span> <span class='ocrx_word' id='word_1_94' title='bbox 1601 1261 1652 1319; x_wconf 79' lang='grc' dir='ltr'>δὲ</span> <span class='ocrx_word' id='word_1_95' title='bbox 1733 1266 1902 1342; x_wconf 80' lang='grc' dir='ltr'>Κυρίῳ</span> 
     </span>
    </p>
   </div>
   <div class='ocr_carea' id='block_1_16' title="bbox 259 1350 1899 1431">
    <p class='ocr_par' dir='ltr' id='par_1_16' title="bbox 259 1350 1899 1431">
     <span class='ocr_line' id='line_1_16' title="bbox 259 1350 1899 1431; baseline 0 -22"><span class='ocrx_word' id='word_1_96' title='bbox 259 1354 735 1431; x_wconf 72' lang='grc' dir='ltr'><strong>ἐξομολογούμενοι</strong></span> <span class='ocrx_word' id='word_1_97' title='bbox 784 1354 874 1408; x_wconf 74' lang='grc' dir='ltr'>τὸν</span> <span class='ocrx_word' id='word_1_98' title='bbox 929 1354 1026 1418; x_wconf 83' lang='grc' dir='ltr'>τῆς</span> <span class='ocrx_word' id='word_1_99' title='bbox 1075 1352 1394 1418; x_wconf 80' lang='grc' dir='ltr'><strong>τελειώσεως</strong></span> <span class='ocrx_word' id='word_1_100' title='bbox 1449 1350 1739 1410; x_wconf 81' lang='grc' dir='ltr'>κατέλαϐον</span> <span class='ocrx_word' id='word_1_101' title='bbox 1802 1355 1899 1409; x_wconf 82' lang='grc' dir='ltr'>τό·</span> 
     </span>
    </p>
   </div>
   <div class='ocr_carea' id='block_1_17' title="bbox 261 1444 1902 1523">
    <p class='ocr_par' dir='ltr' id='par_1_17' title="bbox 261 1444 1902 1523">
     <span class='ocr_line' id='line_1_17' title="bbox 261 1444 1902 1523; baseline -0.001 -23"><span class='ocrx_word' id='word_1_102' title='bbox 261 1467 388 1523; x_wconf 88' lang='grc' dir='ltr'>πον,</span> <span class='ocrx_word' id='word_1_103' title='bbox 423 1446 684 1523; x_wconf 77' lang='grc' dir='ltr'><strong>φθονήσας</strong></span> <span class='ocrx_word' id='word_1_104' title='bbox 738 1444 766 1498; x_wconf 80' lang='grc' dir='ltr'>ὁ</span> <span class='ocrx_word' id='word_1_105' title='bbox 816 1445 1046 1520; x_wconf 74' lang='grc' dir='ltr'>πονηρὸς</span> <span class='ocrx_word' id='word_1_106' title='bbox 1098 1450 1434 1520; x_wconf 77' lang='grc' dir='ltr'>Χριστιανοϊς</span> <span class='ocrx_word' id='word_1_107' title='bbox 1464 1447 1561 1509; x_wconf 76' lang='grc' dir='ltr'>τῆς</span> <span class='ocrx_word' id='word_1_108' title='bbox 1609 1444 1902 1522; x_wconf 75' lang='grc' dir='ltr'>εὖεργεσίας</span> 
     </span>
    </p>
   </div>
   <div class='ocr_carea' id='block_1_18' title="bbox 259 1530 1905 1610">
    <p class='ocr_par' dir='ltr' id='par_1_18' title="bbox 259 1530 1905 1610">
     <span class='ocr_line' id='line_1_18' title="bbox 259 1530 1905 1610; baseline -0.001 -20"><span class='ocrx_word' id='word_1_109' title='bbox 259 1535 428 1590; x_wconf 79' lang='grc' dir='ltr'>πείθει</span> <span class='ocrx_word' id='word_1_110' title='bbox 505 1533 626 1596; x_wconf 76' lang='grc' dir='ltr'>τοὺς</span> <span class='ocrx_word' id='word_1_111' title='bbox 680 1530 894 1607; x_wconf 80' lang='grc' dir='ltr'>δημίους</span> <span class='ocrx_word' id='word_1_112' title='bbox 957 1531 1216 1587; x_wconf 75' lang='grc' dir='ltr'>ἀπελάσαι</span> <span class='ocrx_word' id='word_1_113' title='bbox 1287 1532 1540 1610; x_wconf 79' lang='grc' dir='ltr'>πρότερον</span> <span class='ocrx_word' id='word_1_114' title='bbox 1593 1532 1714 1596; x_wconf 77' lang='grc' dir='ltr'>τοὺς</span> <span class='ocrx_word' id='word_1_115' title='bbox 1789 1532 1905 1588; x_wconf 74' lang='grc' dir='ltr'>ἐκεῖ</span> 
     </span>
    </p>
   </div>
   <div class='ocr_carea' id='block_1_19' title="bbox 261 1619 1905 1701">
    <p class='ocr_par' dir='ltr' id='par_1_19' title="bbox 261 1619 1905 1701">
     <span class='ocr_line' id='line_1_19' title="bbox 261 1619 1905 1701; baseline -0.001 -23"><span class='ocrx_word' id='word_1_116' title='bbox 261 1623 530 1701; x_wconf 73' lang='grc' dir='ltr'><strong>παρόντας</strong></span> <span class='ocrx_word' id='word_1_117' title='bbox 590 1619 881 1694; x_wconf 72' lang='grc' dir='ltr'>θεοσεϐεῖς,</span> <span class='ocrx_word' id='word_1_118' title='bbox 928 1620 1020 1677; x_wconf 72' lang='grc' dir='ltr'><strong>ἵνα</strong></span> <span class='ocrx_word' id='word_1_119' title='bbox 1090 1621 1169 1696; x_wconf 71' lang='grc' dir='ltr'>μὴ</span> <span class='ocrx_word' id='word_1_120' title='bbox 1225 1620 1317 1678; x_wconf 80' lang='grc' dir='ltr'>τοῦ</span> <span class='ocrx_word' id='word_1_121' title='bbox 1378 1621 1642 1698; x_wconf 83' lang='grc' dir='ltr'>ἀγιασμοῠ</span> <span class='ocrx_word' id='word_1_122' title='bbox 1697 1623 1905 1687; x_wconf 74' lang='grc' dir='ltr'>πάντως</span> 
     </span>
    </p>
   </div>
   <div class='ocr_carea' id='block_1_20' title="bbox 1997 457 2358 536">
    <p class='ocr_par' dir='ltr' id='par_1_20' title="bbox 1997 457 2358 536">
     <span class='ocr_line' id='line_1_20' title="bbox 1997 457 2358 536; baseline -0.003 -18"><span class='ocrx_word' id='word_1_123' title='bbox 1997 457 2358 536; x_wconf 65' lang='lat' dir='ltr'><strong>reipublicae.</strong></span> 
     </span>
    </p>
   </div>
   <div class='ocr_carea' id='block_1_21' title="bbox 2078 545 3635 629">
    <p class='ocr_par' dir='ltr' id='par_1_21' title="bbox 2078 545 3635 629">
     <span class='ocr_line' id='line_1_21' title="bbox 2078 545 3635 629; baseline 0.004 -22"><span class='ocrx_word' id='word_1_124' title='bbox 2078 545 2178 607; x_wconf 84' lang='lat' dir='ltr'><strong>IX.</strong></span> <span class='ocrx_word' id='word_1_125' title='bbox 2208 545 2525 626; x_wconf 81' lang='lat' dir='ltr'><strong>Postquam</strong></span> <span class='ocrx_word' id='word_1_126' title='bbox 2547 548 2637 609; x_wconf 89' lang='lat' dir='ltr'><strong>hae</strong></span> <span class='ocrx_word' id='word_1_127' title='bbox 2661 547 2873 610; x_wconf 68' lang='lat' dir='ltr'><strong>litterae</strong></span> <span class='ocrx_word' id='word_1_128' title='bbox 2895 547 3270 611; x_wconf 87' lang='lat' dir='ltr'><strong>veneruntad</strong></span> <span class='ocrx_word' id='word_1_129' title='bbox 3283 547 3635 629; x_wconf 89' lang='lat' dir='ltr'><strong>Anuliuum,</strong></span> 
     </span>
    </p>
   </div>
   <div class='ocr_carea' id='block_1_22' title="bbox 1997 635 3636 719">
    <p class='ocr_par' dir='ltr' id='par_1_22' title="bbox 1997 635 3636 719">
     <span class='ocr_line' id='line_1_22' title="bbox 1997 635 3636 719; baseline 0.004 -22"><span class='ocrx_word' id='word_1_130' title='bbox 1997 635 2162 715; x_wconf 85' lang='lat' dir='ltr'><strong>iubet</strong></span> <span class='ocrx_word' id='word_1_131' title='bbox 2191 637 2387 698; x_wconf 88' lang='lat' dir='ltr'><strong>statim</strong></span> <span class='ocrx_word' id='word_1_132' title='bbox 2411 636 2483 698; x_wconf 90' lang='lat' dir='ltr'><strong>ad</strong></span> <span class='ocrx_word' id='word_1_133' title='bbox 2517 644 2768 700; x_wconf 91' lang='lat' dir='ltr'><strong>mortem</strong></span> <span class='ocrx_word' id='word_1_134' title='bbox 2803 637 2938 699; x_wconf 89' lang='lat' dir='ltr'><strong>duci</strong></span> <span class='ocrx_word' id='word_1_135' title='bbox 2974 645 3281 719; x_wconf 85' lang='lat' dir='ltr'><strong>martyres.</strong></span> <span class='ocrx_word' id='word_1_136' title='bbox 3317 637 3407 699; x_wconf 85' lang='lat' dir='ltr'><strong>llli</strong></span> <span class='ocrx_word' id='word_1_137' title='bbox 3437 649 3636 703; x_wconf 85' lang='lat' dir='ltr'><strong>autem</strong></span> 
     </span>
    </p>
   </div>
   <div class='ocr_carea' id='block_1_23' title="bbox 1999 725 3644 806">
    <p class='ocr_par' dir='ltr' id='par_1_23' title="bbox 1999 725 3644 806">
     <span class='ocr_line' id='line_1_23' title="bbox 1999 725 3644 806; baseline 0.004 -21"><span class='ocrx_word' id='word_1_138' title='bbox 1999 725 2212 787; x_wconf 89' lang='lat' dir='ltr'><strong>muniti</strong></span> <span class='ocrx_word' id='word_1_139' title='bbox 2244 726 2430 804; x_wconf 77' lang='lat' dir='ltr'><strong>ﬁgura</strong></span> <span class='ocrx_word' id='word_1_140' title='bbox 2482 726 2703 806; x_wconf 90' lang='lat' dir='ltr'><strong>crucis,</strong></span> <span class='ocrx_word' id='word_1_141' title='bbox 2733 725 3055 788; x_wconf 84' lang='lat' dir='ltr'><strong>admodum</strong></span> <span class='ocrx_word' id='word_1_142' title='bbox 3102 726 3220 789; x_wconf 85' lang='lat' dir='ltr'><strong>laeti</strong></span> <span class='ocrx_word' id='word_1_143' title='bbox 3250 727 3544 806; x_wconf 83' lang='lat' dir='ltr'><strong>exierunt,</strong></span> <span class='ocrx_word' id='word_1_144' title='bbox 3577 738 3644 792; x_wconf 88' lang='lat' dir='ltr'><strong>ut</strong></span> 
     </span>
    </p>
   </div>
   <div class='ocr_carea' id='block_1_24' title="bbox 1997 814 3641 900">
    <p class='ocr_par' dir='ltr' id='par_1_24' title="bbox 1997 814 3641 900">
     <span class='ocr_line' id='line_1_24' title="bbox 1997 814 3641 900; baseline 0.005 -27"><span class='ocrx_word' id='word_1_145' title='bbox 1997 815 2095 894; x_wconf 90' lang='lat' dir='ltr'><strong>qui</strong></span> <span class='ocrx_word' id='word_1_146' title='bbox 2132 833 2248 874; x_wconf 89' lang='lat' dir='ltr'><strong>non</strong></span> <span class='ocrx_word' id='word_1_147' title='bbox 2295 814 2366 875; x_wconf 90' lang='lat' dir='ltr'><strong>ad</strong></span> <span class='ocrx_word' id='word_1_148' title='bbox 2401 827 2676 896; x_wconf 87' lang='lat' dir='ltr'><strong>mortem,</strong></span> <span class='ocrx_word' id='word_1_149' title='bbox 2711 816 2815 876; x_wconf 87' lang='lat' dir='ltr'><strong>sed</strong></span> <span class='ocrx_word' id='word_1_150' title='bbox 2856 816 2928 878; x_wconf 79' lang='lat' dir='ltr'><strong>ad</strong></span> <span class='ocrx_word' id='word_1_151' title='bbox 2979 817 3154 878; x_wconf 88' lang='lat' dir='ltr'><strong>vitam</strong></span> <span class='ocrx_word' id='word_1_152' title='bbox 3207 816 3403 896; x_wconf 87' lang='lat' dir='ltr'><strong>potius</strong></span> <span class='ocrx_word' id='word_1_153' title='bbox 3454 818 3641 900; x_wconf 92' lang='lat' dir='ltr'><strong>(quod</strong></span> 
     </span>
    </p>
   </div>
   <div class='ocr_carea' id='block_1_25' title="bbox 1995 907 3644 976">
    <p class='ocr_par' dir='ltr' id='par_1_25' title="bbox 1995 907 3644 976">
     <span class='ocr_line' id='line_1_25' title="bbox 1995 907 3644 976; baseline 0.005 -14"><span class='ocrx_word' id='word_1_154' title='bbox 1995 921 2198 965; x_wconf 90' lang='lat' dir='ltr'><strong>verum</strong></span> <span class='ocrx_word' id='word_1_155' title='bbox 2226 913 2659 976; x_wconf 65' lang='lat' dir='ltr'><strong>erat)azternam</strong></span> <span class='ocrx_word' id='word_1_156' title='bbox 2691 915 3086 969; x_wconf 72' lang='lat' dir='ltr'><strong>vocarentur:</strong></span> <span class='ocrx_word' id='word_1_157' title='bbox 3122 916 3180 968; x_wconf 90' lang='lat' dir='ltr'><strong>et</strong></span> <span class='ocrx_word' id='word_1_158' title='bbox 3200 907 3644 972; x_wconf 84' lang='lat' dir='ltr'><strong>contendebant</strong></span> 
     </span>
    </p>
   </div>
   <div class='ocr_carea' id='block_1_26' title="bbox 1995 993 3644 1078">
    <p class='ocr_par' dir='ltr' id='par_1_26' title="bbox 1995 993 3644 1078">
     <span class='ocr_line' id='line_1_26' title="bbox 1995 993 3644 1078; baseline 0.004 -24"><span class='ocrx_word' id='word_1_159' title='bbox 1995 993 2144 1056; x_wconf 90' lang='lat' dir='ltr'><strong>alius</strong></span> <span class='ocrx_word' id='word_1_160' title='bbox 2195 994 2376 1056; x_wconf 91' lang='lat' dir='ltr'><strong>alium</strong></span> <span class='ocrx_word' id='word_1_161' title='bbox 2427 995 2787 1073; x_wconf 84' lang='lat' dir='ltr'><strong>praevenire,</strong></span> <span class='ocrx_word' id='word_1_162' title='bbox 2841 1004 2900 1057; x_wconf 89' lang='lat' dir='ltr'><strong>et</strong></span> <span class='ocrx_word' id='word_1_163' title='bbox 2951 997 3201 1078; x_wconf 87' lang='lat' dir='ltr'><strong>pulchro</strong></span> <span class='ocrx_word' id='word_1_164' title='bbox 3255 997 3644 1061; x_wconf 81' lang='lat' dir='ltr'><strong>decertabant</strong></span> 
     </span>
    </p>
   </div>
   <div class='ocr_carea' id='block_1_27' title="bbox 1991 1084 3641 1167">
    <p class='ocr_par' dir='ltr' id='par_1_27' title="bbox 1991 1084 3641 1167">
     <span class='ocr_line' id='line_1_27' title="bbox 1991 1084 3641 1167; baseline 0.004 -24"><span class='ocrx_word' id='word_1_165' title='bbox 1991 1084 2344 1164; x_wconf 84' lang='lat' dir='ltr'><strong>certamine,</strong></span> <span class='ocrx_word' id='word_1_166' title='bbox 2386 1086 2667 1145; x_wconf 89' lang='lat' dir='ltr'><strong>timentes</strong></span> <span class='ocrx_word' id='word_1_167' title='bbox 2700 1103 2775 1144; x_wconf 91' lang='lat' dir='ltr'><strong>ne</strong></span> <span class='ocrx_word' id='word_1_168' title='bbox 2807 1086 3107 1147; x_wconf 90' lang='lat' dir='ltr'><strong>Neronem</strong></span> <span class='ocrx_word' id='word_1_169' title='bbox 3143 1104 3265 1147; x_wconf 73' lang='lat' dir='ltr'><strong>sum</strong></span> <span class='ocrx_word' id='word_1_170' title='bbox 3316 1087 3641 1167; x_wconf 63' lang='lat' dir='ltr'><strong>paeniteret</strong></span> 
     </span>
    </p>
   </div>
   <div class='ocr_carea' id='block_1_28' title="bbox 1985 1171 3637 1257">
    <p class='ocr_par' dir='ltr' id='par_1_28' title="bbox 1985 1171 3637 1257">
     <span class='ocr_line' id='line_1_28' title="bbox 1985 1171 3637 1257; baseline 0.005 -25"><span class='ocrx_word' id='word_1_171' title='bbox 1985 1173 2316 1244; x_wconf 61' lang='lat' dir='ltr'><strong>sententiae,</strong></span> <span class='ocrx_word' id='word_1_172' title='bbox 2362 1181 2420 1234; x_wconf 89' lang='lat' dir='ltr'><strong>et</strong></span> <span class='ocrx_word' id='word_1_173' title='bbox 2474 1171 2710 1234; x_wconf 82' lang='lat' dir='ltr'><strong>beatum</strong></span> <span class='ocrx_word' id='word_1_174' title='bbox 2755 1173 2934 1236; x_wconf 86' lang='lat' dir='ltr'><strong>ﬁnem</strong></span> <span class='ocrx_word' id='word_1_175' title='bbox 2993 1194 3111 1236; x_wconf 91' lang='lat' dir='ltr'><strong>non</strong></span> <span class='ocrx_word' id='word_1_176' title='bbox 3151 1184 3637 1257; x_wconf 88' lang='lat' dir='ltr'><strong>assequerentur.</strong></span> 
     </span>
    </p>
   </div>
   <div class='ocr_carea' id='block_1_29' title="bbox 1985 1259 3641 1346">
    <p class='ocr_par' dir='ltr' id='par_1_29' title="bbox 1985 1259 3641 1346">
     <span class='ocr_line' id='line_1_29' title="bbox 1985 1259 3641 1346; baseline 0.005 -24"><span class='ocrx_word' id='word_1_177' title='bbox 1985 1259 2302 1341; x_wconf 87' lang='lat' dir='ltr'><strong>Postquam</strong></span> <span class='ocrx_word' id='word_1_178' title='bbox 2328 1269 2525 1324; x_wconf 90' lang='lat' dir='ltr'><strong>autem</strong></span> <span class='ocrx_word' id='word_1_179' title='bbox 2561 1261 2816 1324; x_wconf 90' lang='lat' dir='ltr'><strong>Domino</strong></span> <span class='ocrx_word' id='word_1_180' title='bbox 2841 1264 3213 1341; x_wconf 89' lang='lat' dir='ltr'><strong>conﬁtentes,</strong></span> <span class='ocrx_word' id='word_1_181' title='bbox 3241 1276 3641 1346; x_wconf 88' lang='lat' dir='ltr'><strong>pervenerunt</strong></span> 
     </span>
    </p>
   </div>
   <div class='ocr_carea' id='block_1_30' title="bbox 1983 1349 3640 1426">
    <p class='ocr_par' dir='ltr' id='par_1_30' title="bbox 1983 1349 3640 1426">
     <span class='ocr_line' id='line_1_30' title="bbox 1983 1349 3640 1426; baseline 0.005 -16"><span class='ocrx_word' id='word_1_182' title='bbox 1983 1350 2057 1411; x_wconf 90' lang='lat' dir='ltr'><strong>ad</strong></span> <span class='ocrx_word' id='word_1_183' title='bbox 2111 1349 2304 1412; x_wconf 91' lang='lat' dir='ltr'><strong>locum</strong></span> <span class='ocrx_word' id='word_1_184' title='bbox 2357 1351 2909 1426; x_wconf 86' lang='lat' dir='ltr'><strong>consummationis,</strong></span> <span class='ocrx_word' id='word_1_185' title='bbox 2960 1353 3234 1416; x_wconf 88' lang='lat' dir='ltr'><strong>invidens</strong></span> <span class='ocrx_word' id='word_1_186' title='bbox 3284 1355 3640 1419; x_wconf 85' lang='lat' dir='ltr'><strong>Christianis</strong></span> 
     </span>
    </p>
   </div>
   <div class='ocr_carea' id='block_1_31' title="bbox 1988 1439 3639 1526">
    <p class='ocr_par' dir='ltr' id='par_1_31' title="bbox 1988 1439 3639 1526">
     <span class='ocr_line' id='line_1_31' title="bbox 1988 1439 3639 1526; baseline 0.006 -27"><span class='ocrx_word' id='word_1_187' title='bbox 1988 1439 2282 1518; x_wconf 83' lang='lat' dir='ltr'><strong>malignus</strong></span> <span class='ocrx_word' id='word_1_188' title='bbox 2316 1440 3030 1521; x_wconf 88' lang='lat' dir='ltr'><strong>beneﬁcium,persuadet</strong></span> <span class='ocrx_word' id='word_1_189' title='bbox 3051 1443 3454 1521; x_wconf 86' lang='lat' dir='ltr'><strong>lictoribus,ut</strong></span> <span class='ocrx_word' id='word_1_190' title='bbox 3475 1448 3639 1526; x_wconf 90' lang='lat' dir='ltr'><strong>prius</strong></span> 
     </span>
    </p>
   </div>
   <div class='ocr_carea' id='block_1_32' title="bbox 1985 1527 3640 1610">
    <p class='ocr_par' dir='ltr' id='par_1_32' title="bbox 1985 1527 3640 1610">
     <span class='ocr_line' id='line_1_32' title="bbox 1985 1527 3640 1610; baseline 0.005 -21"><span class='ocrx_word' id='word_1_191' title='bbox 1985 1527 2294 1608; x_wconf 83' lang='lat' dir='ltr'><strong>abigerent</strong></span> <span class='ocrx_word' id='word_1_192' title='bbox 2323 1530 2474 1610; x_wconf 91' lang='lat' dir='ltr'><strong>pios,</strong></span> <span class='ocrx_word' id='word_1_193' title='bbox 2510 1532 2610 1610; x_wconf 92' lang='lat' dir='ltr'><strong>qui</strong></span> <span class='ocrx_word' id='word_1_194' title='bbox 2637 1529 2755 1591; x_wconf 91' lang='lat' dir='ltr'><strong>illic</strong></span> <span class='ocrx_word' id='word_1_195' title='bbox 2785 1532 3059 1606; x_wconf 86' lang='lat' dir='ltr'><strong>aderant,</strong></span> <span class='ocrx_word' id='word_1_196' title='bbox 3096 1551 3172 1594; x_wconf 89' lang='lat' dir='ltr'><strong>ne</strong></span> <span class='ocrx_word' id='word_1_197' title='bbox 3203 1533 3447 1596; x_wconf 89' lang='lat' dir='ltr'><strong>omnino</strong></span> <span class='ocrx_word' id='word_1_198' title='bbox 3477 1536 3640 1597; x_wconf 84' lang='lat' dir='ltr'><strong>frue—</strong></span> 
     </span>
    </p>
   </div>
   <div class='ocr_carea' id='block_1_33' title="bbox 1987 1619 3641 1705">
    <p class='ocr_par' dir='ltr' id='par_1_33' title="bbox 1987 1619 3641 1705">
     <span class='ocr_line' id='line_1_33' title="bbox 1987 1619 3641 1705; baseline 0.005 -28"><span class='ocrx_word' id='word_1_199' title='bbox 1987 1626 2197 1679; x_wconf 87' lang='lat' dir='ltr'><strong>rentur</strong></span> <span class='ocrx_word' id='word_1_200' title='bbox 2255 1619 2721 1680; x_wconf 89' lang='lat' dir='ltr'><strong>sanctiﬁcatione</strong></span> <span class='ocrx_word' id='word_1_201' title='bbox 2771 1622 3076 1700; x_wconf 78' lang='lat' dir='ltr'><strong>sanguinis</strong></span> <span class='ocrx_word' id='word_1_202' title='bbox 3137 1629 3505 1701; x_wconf 89' lang='lat' dir='ltr'><strong>sanctorum,</strong></span> <span class='ocrx_word' id='word_1_203' title='bbox 3539 1626 3641 1705; x_wconf 90' lang='lat' dir='ltr'><strong>qui</strong></span> 
     </span>
    </p>
   </div>
   <div class='ocr_carea' id='block_1_34' title="bbox 258 1707 1911 1793">
    <p class='ocr_par' dir='ltr' id='par_1_34' title="bbox 258 1708 1903 1787">
     <span class='ocr_line' id='line_1_34' title="bbox 258 1708 1903 1787; baseline -0.001 -19"><span class='ocrx_word' id='word_1_204' title='bbox 258 1714 356 1768; x_wconf 77' lang='grc' dir='ltr'>τοῦ</span> <span class='ocrx_word' id='word_1_205' title='bbox 417 1709 795 1784; x_wconf 78' lang='grc' dir='ltr'>ἐκκενουμένου</span> <span class='ocrx_word' id='word_1_206' title='bbox 852 1708 1087 1785; x_wconf 75' lang='grc' dir='ltr'>α’ίματος</span> <span class='ocrx_word' id='word_1_207' title='bbox 1143 1716 1248 1766; x_wconf 83' lang='grc' dir='ltr'><strong>τῶν</strong></span> <span class='ocrx_word' id='word_1_208' title='bbox 1334 1711 1496 1787; x_wconf 80' lang='grc' dir='ltr'>ἁγίων</span> <span class='ocrx_word' id='word_1_209' title='bbox 1553 1710 1903 1787; x_wconf 74' lang='grc' dir='ltr'>παραπολαύο</span> 
     </span>
    </p>
   </div>
   <div class='ocr_carea' id='block_1_35' title="bbox 2000 1707 3638 1793">
    <p class='ocr_par' dir='ltr' id='par_1_35' title="bbox 2000 1707 3638 1793">
     <span class='ocr_line' id='line_1_35' title="bbox 2000 1707 3638 1793; baseline 0.006 -25"><span class='ocrx_word' id='word_1_210' title='bbox 2000 1707 2499 1788; x_wconf 77' lang='lat' dir='ltr'><strong>etinndebatur,et</strong></span> <span class='ocrx_word' id='word_1_211' title='bbox 2530 1708 2618 1770; x_wconf 88' lang='lat' dir='ltr'><strong>sic</strong></span> <span class='ocrx_word' id='word_1_212' title='bbox 2649 1717 2978 1787; x_wconf 82' lang='lat' dir='ltr'><strong>martyrum</strong></span> <span class='ocrx_word' id='word_1_213' title='bbox 3012 1710 3205 1792; x_wconf 87' lang='lat' dir='ltr'><strong>capita</strong></span> <span class='ocrx_word' id='word_1_214' title='bbox 3236 1720 3638 1793; x_wconf 89' lang='lat' dir='ltr'><strong>amputarent.</strong></span> 
     </span>
    </p>
   </div>
   <div class='ocr_carea' id='block_1_36' title="bbox 262 1799 1902 1877">
    <p class='ocr_par' dir='ltr' id='par_1_36' title="bbox 262 1799 1902 1877">
     <span class='ocr_line' id='line_1_36' title="bbox 262 1799 1902 1877; baseline 0 -20"><span class='ocrx_word' id='word_1_215' title='bbox 262 1820 433 1874; x_wconf 79' lang='grc' dir='ltr'>σαιεν,</span> <span class='ocrx_word' id='word_1_216' title='bbox 491 1801 578 1856; x_wconf 81' lang='grc' dir='ltr'>καὶ</span> <span class='ocrx_word' id='word_1_217' title='bbox 622 1799 759 1856; x_wconf 57' lang='grc' dir='ltr'>οὕτω</span> <span class='ocrx_word' id='word_1_218' title='bbox 814 1800 908 1862; x_wconf 82' lang='grc' dir='ltr'><strong>τὰς</strong></span> <span class='ocrx_word' id='word_1_219' title='bbox 966 1800 1072 1855; x_wconf 77' lang='grc' dir='ltr'><strong>τῶν</strong></span> <span class='ocrx_word' id='word_1_220' title='bbox 1130 1800 1410 1877; x_wconf 85' lang='grc' dir='ltr'>μαρτύρων</span> <span class='ocrx_word' id='word_1_221' title='bbox 1470 1800 1761 1876; x_wconf 72' lang='grc' dir='ltr'>ἀποτεμεῖν</span> <span class='ocrx_word' id='word_1_222' title='bbox 1807 1823 1902 1857; x_wconf 83' lang='grc' dir='ltr'>κε-</span> 
     </span>
    </p>
   </div>
   <div class='ocr_carea' id='block_1_37' title="bbox 257 1886 1902 1968">
    <p class='ocr_par' dir='ltr' id='par_1_37' title="bbox 257 1886 1902 1968">
     <span class='ocr_line' id='line_1_37' title="bbox 257 1886 1902 1968; baseline -0.001 -21"><span class='ocrx_word' id='word_1_223' title='bbox 257 1890 456 1962; x_wconf 74' lang='grc' dir='ltr'>φαλάς,</span> <span class='ocrx_word' id='word_1_224' title='bbox 517 1889 668 1946; x_wconf 82' lang='grc' dir='ltr'>Ἀλλ’</span> <span class='ocrx_word' id='word_1_225' title='bbox 700 1888 904 1968; x_wconf 66' lang='grc' dir='ltr'>ἐσφάλη</span> <span class='ocrx_word' id='word_1_226' title='bbox 957 1889 1053 1956; x_wconf 72' lang='grc' dir='ltr'>τῆς</span> <span class='ocrx_word' id='word_1_227' title='bbox 1087 1886 1324 1967; x_wconf 80' lang='grc' dir='ltr'>ἐλπίδος,</span> <span class='ocrx_word' id='word_1_228' title='bbox 1359 1889 1452 1944; x_wconf 77' lang='grc' dir='ltr'>κᾶν</span> <span class='ocrx_word' id='word_1_229' title='bbox 1498 1892 1659 1945; x_wconf 73' lang='grc' dir='ltr'><strong>ταῦτα</strong></span> <span class='ocrx_word' id='word_1_230' title='bbox 1709 1893 1735 1946; x_wconf 87' lang='grc' dir='ltr'>ὁ</span> <span class='ocrx_word' id='word_1_231' title='bbox 1770 1914 1902 1964; x_wconf 83' lang='grc' dir='ltr'>μια-</span> 
     </span>
    </p>
   </div>
   <div class='ocr_carea' id='block_1_38' title="bbox 259 1977 1900 2058">
    <p class='ocr_par' dir='ltr' id='par_1_38' title="bbox 259 1977 1900 2058">
     <span class='ocr_line' id='line_1_38' title="bbox 259 1977 1900 2058; baseline 0 -24"><span class='ocrx_word' id='word_1_232' title='bbox 259 1984 351 2058; x_wconf 75' lang='grc' dir='ltr'><strong>ρὸς</strong></span> <span class='ocrx_word' id='word_1_233' title='bbox 408 1982 495 2036; x_wconf 84' lang='grc' dir='ltr'>καὶ</span> <span class='ocrx_word' id='word_1_234' title='bbox 525 1979 675 2056; x_wconf 76' lang='grc' dir='ltr'>ὀλίγα</span> <span class='ocrx_word' id='word_1_235' title='bbox 731 1978 824 2046; x_wconf 67' lang='grc' dir='ltr'><strong>τῆς</strong></span> <span class='ocrx_word' id='word_1_236' title='bbox 886 1977 1140 2054; x_wconf 87' lang='grc' dir='ltr'>πονηρίας</span> <span class='ocrx_word' id='word_1_237' title='bbox 1188 1978 1460 2039; x_wconf 84' lang='grc' dir='ltr'>ἀπώνατο.</span> <span class='ocrx_word' id='word_1_238' title='bbox 1524 1980 1598 2038; x_wconf 78' lang='grc' dir='ltr'>Τὰ</span> <span class='ocrx_word' id='word_1_239' title='bbox 1641 1979 1742 2056; x_wconf 76' lang='grc' dir='ltr'><strong>γὰρ</strong></span> <span class='ocrx_word' id='word_1_240' title='bbox 1796 1985 1900 2035; x_wconf 76' lang='grc' dir='ltr'>τῶν</span> 
     </span>
    </p>
   </div>
   <div class='ocr_carea' id='block_1_39' title="bbox 262 2065 1902 2146">
    <p class='ocr_par' dir='ltr' id='par_1_39' title="bbox 262 2065 1902 2146">
     <span class='ocr_line' id='line_1_39' title="bbox 262 2065 1902 2146; baseline 0 -22"><span class='ocrx_word' id='word_1_241' title='bbox 262 2071 431 2146; x_wconf 79' lang='grc' dir='ltr'>ἁγίων</span> <span class='ocrx_word' id='word_1_242' title='bbox 487 2067 636 2142; x_wconf 86' lang='grc' dir='ltr'>τίμια</span> <span class='ocrx_word' id='word_1_243' title='bbox 693 2065 939 2144; x_wconf 73' lang='grc' dir='ltr'>λείψανα,</span> <span class='ocrx_word' id='word_1_244' title='bbox 999 2069 1253 2145; x_wconf 70' lang='grc' dir='ltr'>Ναζαρίου</span> <span class='ocrx_word' id='word_1_245' title='bbox 1301 2068 1437 2145; x_wconf 75' lang='grc' dir='ltr'>φημὶ</span> <span class='ocrx_word' id='word_1_246' title='bbox 1485 2069 1569 2123; x_wconf 82' lang='grc' dir='ltr'><strong>καὶ</strong></span> <span class='ocrx_word' id='word_1_247' title='bbox 1626 2065 1902 2146; x_wconf 79' lang='grc' dir='ltr'>Γερϐασίου</span> 
     </span>
    </p>
   </div>
   <div class='ocr_carea' id='block_1_40' title="bbox 261 2155 1905 2235">
    <p class='ocr_par' dir='ltr' id='par_1_40' title="bbox 261 2155 1905 2235">
     <span class='ocr_line' id='line_1_40' title="bbox 261 2155 1905 2235; baseline -0.002 -20"><span class='ocrx_word' id='word_1_248' title='bbox 261 2160 358 2215; x_wconf 84' lang='grc' dir='ltr'>σὺν</span> <span class='ocrx_word' id='word_1_249' title='bbox 413 2171 532 2220; x_wconf 73' lang='grc' dir='ltr'>τοῖς</span> <span class='ocrx_word' id='word_1_250' title='bbox 594 2155 894 2234; x_wconf 74' lang='grc' dir='ltr'>συνάθλοις,</span> <span class='ocrx_word' id='word_1_251' title='bbox 938 2157 1238 2235; x_wconf 80' lang='grc' dir='ltr'>Χριστιανοί</span> <span class='ocrx_word' id='word_1_252' title='bbox 1289 2177 1430 2220; x_wconf 89' lang='grc' dir='ltr'>τινες</span> <span class='ocrx_word' id='word_1_253' title='bbox 1486 2158 1580 2213; x_wconf 73' lang='grc' dir='ltr'>οὐκ</span> <span class='ocrx_word' id='word_1_254' title='bbox 1615 2157 1750 2214; x_wconf 75' lang='grc' dir='ltr'>ἀθεεὶ</span> <span class='ocrx_word' id='word_1_255' title='bbox 1809 2157 1905 2232; x_wconf 80' lang='grc' dir='ltr'>μὲν</span> 
     </span>
    </p>
   </div>
   <div class='ocr_carea' id='block_1_41' title="bbox 261 2243 1903 2324">
    <p class='ocr_par' dir='ltr' id='par_1_41' title="bbox 261 2243 1903 2324">
     <span class='ocr_line' id='line_1_41' title="bbox 261 2243 1903 2324; baseline -0.001 -20"><span class='ocrx_word' id='word_1_256' title='bbox 261 2247 588 2318; x_wconf 72' lang='grc' dir='ltr'>κινηθέντες,</span> <span class='ocrx_word' id='word_1_257' title='bbox 647 2244 810 2323; x_wconf 72' lang='grc' dir='ltr'>λάθρα</span> <span class='ocrx_word' id='word_1_258' title='bbox 860 2244 914 2300; x_wconf 74' lang='grc' dir='ltr'>δὲ</span> <span class='ocrx_word' id='word_1_259' title='bbox 971 2243 1287 2324; x_wconf 72' lang='grc' dir='ltr'>ὑφελόμενοι</span> <span class='ocrx_word' id='word_1_260' title='bbox 1337 2245 1480 2324; x_wconf 69' lang='grc' dir='ltr'>παρὰ</span> <span class='ocrx_word' id='word_1_261' title='bbox 1535 2251 1603 2322; x_wconf 79' lang='grc' dir='ltr'><strong>τῇ</strong></span> <span class='ocrx_word' id='word_1_262' title='bbox 1655 2250 1751 2313; x_wconf 76' lang='grc' dir='ltr'>τῆς</span> <span class='ocrx_word' id='word_1_263' title='bbox 1801 2247 1903 2302; x_wconf 82' lang='grc' dir='ltr'>πό-</span> 
     </span>
    </p>
   </div>
   <div class='ocr_carea' id='block_1_42' title="bbox 259 2333 1900 2413">
    <p class='ocr_par' dir='ltr' id='par_1_42' title="bbox 259 2333 1900 2413">
     <span class='ocr_line' id='line_1_42' title="bbox 259 2333 1900 2413; baseline -0.001 -19"><span class='ocrx_word' id='word_1_264' title='bbox 259 2339 400 2403; x_wconf 79' lang='grc' dir='ltr'>λεως</span> <span class='ocrx_word' id='word_1_265' title='bbox 429 2335 569 2413; x_wconf 79' lang='grc' dir='ltr'>πύλῃ</span> <span class='ocrx_word' id='word_1_266' title='bbox 598 2335 634 2402; x_wconf 81' lang='grc' dir='ltr'>ὴ</span> <span class='ocrx_word' id='word_1_267' title='bbox 665 2337 750 2391; x_wconf 86' lang='grc' dir='ltr'><strong>καὶ</strong></span> <span class='ocrx_word' id='word_1_268' title='bbox 804 2333 1038 2409; x_wconf 86' lang='grc' dir='ltr'>Ῥωμαία</span> <span class='ocrx_word' id='word_1_269' title='bbox 1070 2333 1336 2407; x_wconf 78' lang='grc' dir='ltr'>καλεϊναι,</span> <span class='ocrx_word' id='word_1_270' title='bbox 1370 2335 1557 2408; x_wconf 88' lang='grc' dir='ltr'>τιμίως</span> <span class='ocrx_word' id='word_1_271' title='bbox 1600 2336 1900 2408; x_wconf 75' lang='grc' dir='ltr'><strong>κατέθεντο,</strong></span> 
     </span>
    </p>
   </div>
   <div class='ocr_carea' id='block_1_43' title="bbox 259 2412 1904 2495">
    <p class='ocr_par' dir='ltr' id='par_1_43' title="bbox 259 2412 1904 2495">
     <span class='ocr_line' id='line_1_43' title="bbox 259 2412 1904 2495; baseline -0.002 -20"><span class='ocrx_word' id='word_1_272' title='bbox 259 2412 840 2495; x_wconf 58' lang='grc' dir='ltr'>τεσσαρεσκαιδεκάτην</span> <span class='ocrx_word' id='word_1_273' title='bbox 931 2415 1050 2472; x_wconf 89' lang='grc' dir='ltr'>τότε</span> <span class='ocrx_word' id='word_1_274' title='bbox 1126 2423 1217 2473; x_wconf 79' lang='grc' dir='ltr'>τοῦ</span> <span class='ocrx_word' id='word_1_275' title='bbox 1303 2412 1620 2491; x_wconf 79' lang='grc' dir='ltr'>Ὀκτωϐρίου</span> <span class='ocrx_word' id='word_1_276' title='bbox 1677 2415 1904 2495; x_wconf 73' lang='grc' dir='ltr'>ἐπέχον-</span> 
     </span>
    </p>
   </div>
   <div class='ocr_carea' id='block_1_44' title="bbox 1990 1796 3642 1879">
    <p class='ocr_par' dir='ltr' id='par_1_44' title="bbox 1990 1796 3642 1879">
     <span class='ocr_line' id='line_1_44' title="bbox 1990 1796 3642 1879; baseline 0.005 -21"><span class='ocrx_word' id='word_1_277' title='bbox 1990 1796 2107 1858; x_wconf 87' lang='lat' dir='ltr'><strong>Sed</strong></span> <span class='ocrx_word' id='word_1_278' title='bbox 2164 1799 2250 1857; x_wconf 91' lang='lat' dir='ltr'><strong>sic</strong></span> <span class='ocrx_word' id='word_1_279' title='bbox 2307 1816 2542 1878; x_wconf 85' lang='lat' dir='ltr'><strong>quoque</strong></span> <span class='ocrx_word' id='word_1_280' title='bbox 2599 1816 2632 1858; x_wconf 90' lang='lat' dir='ltr'><strong>a</strong></span> <span class='ocrx_word' id='word_1_281' title='bbox 2689 1815 2797 1878; x_wconf 87' lang='lat' dir='ltr'><strong>spe</strong></span> <span class='ocrx_word' id='word_1_282' title='bbox 2848 1799 3073 1861; x_wconf 89' lang='lat' dir='ltr'><strong>dedicit</strong></span> <span class='ocrx_word' id='word_1_283' title='bbox 3120 1803 3547 1879; x_wconf 81' lang='lat' dir='ltr'><strong>exsecrandus,</strong></span> <span class='ocrx_word' id='word_1_284' title='bbox 3583 1813 3642 1866; x_wconf 91' lang='lat' dir='ltr'><strong>et</strong></span> 
     </span>
    </p>
   </div>
   <div class='ocr_carea' id='block_1_45' title="bbox 1991 1886 3644 1970">
    <p class='ocr_par' dir='ltr' id='par_1_45' title="bbox 1991 1886 3644 1970">
     <span class='ocr_line' id='line_1_45' title="bbox 1991 1886 3644 1970; baseline 0.007 -25"><span class='ocrx_word' id='word_1_285' title='bbox 1991 1903 2196 1965; x_wconf 89' lang='lat' dir='ltr'><strong>parum</strong></span> <span class='ocrx_word' id='word_1_286' title='bbox 2222 1887 2515 1947; x_wconf 87' lang='lat' dir='ltr'><strong>commodi</strong></span> <span class='ocrx_word' id='word_1_287' title='bbox 2538 1886 2768 1967; x_wconf 90' lang='lat' dir='ltr'><strong>accepit</strong></span> <span class='ocrx_word' id='word_1_288' title='bbox 2799 1906 2867 1950; x_wconf 82' lang='lat' dir='ltr'><strong>ex</strong></span> <span class='ocrx_word' id='word_1_289' title='bbox 2900 1888 3300 1970; x_wconf 84' lang='lat' dir='ltr'><strong>improbitate.</strong></span> <span class='ocrx_word' id='word_1_290' title='bbox 3361 1892 3644 1956; x_wconf 70' lang='lat' dir='ltr'><strong>Pretioste</strong></span> 
     </span>
    </p>
   </div>
   <div class='ocr_carea' id='block_1_46' title="bbox 1990 1974 3645 2059">
    <p class='ocr_par' dir='ltr' id='par_1_46' title="bbox 1990 1974 3645 2059">
     <span class='ocr_line' id='line_1_46' title="bbox 1990 1974 3645 2059; baseline 0.005 -25"><span class='ocrx_word' id='word_1_291' title='bbox 1990 1974 2149 2034; x_wconf 89' lang='lat' dir='ltr'><strong>enim</strong></span> <span class='ocrx_word' id='word_1_292' title='bbox 2200 1980 2558 2036; x_wconf 71' lang='lat' dir='ltr'><strong>sanctorum‘</strong></span> <span class='ocrx_word' id='word_1_293' title='bbox 2590 1975 2882 2055; x_wconf 70' lang='lat' dir='ltr'><strong>reliquiae,</strong></span> <span class='ocrx_word' id='word_1_294' title='bbox 2937 1976 3201 2052; x_wconf 87' lang='lat' dir='ltr'><strong>Nazarii,</strong></span> <span class='ocrx_word' id='word_1_295' title='bbox 3256 1983 3525 2059; x_wconf 84' lang='lat' dir='ltr'><strong>inquam,</strong></span> <span class='ocrx_word' id='word_1_296' title='bbox 3582 1987 3645 2042; x_wconf 92' lang='lat' dir='ltr'><strong>et</strong></span> 
     </span>
    </p>
   </div>
   <div class='ocr_carea' id='block_1_47' title="bbox 1989 2061 3643 2147">
    <p class='ocr_par' dir='ltr' id='par_1_47' title="bbox 1989 2061 3643 2147">
     <span class='ocr_line' id='line_1_47' title="bbox 1989 2061 3643 2147; baseline 0.003 -21"><span class='ocrx_word' id='word_1_297' title='bbox 1989 2061 2252 2126; x_wconf 87' lang='lat' dir='ltr'><strong>Gervasii</strong></span> <span class='ocrx_word' id='word_1_298' title='bbox 2277 2083 2408 2125; x_wconf 90' lang='lat' dir='ltr'><strong>cum</strong></span> <span class='ocrx_word' id='word_1_299' title='bbox 2437 2065 2638 2138; x_wconf 87' lang='lat' dir='ltr'><strong>sociis,</strong></span> <span class='ocrx_word' id='word_1_300' title='bbox 2662 2084 2696 2126; x_wconf 88' lang='lat' dir='ltr'><strong>a</strong></span> <span class='ocrx_word' id='word_1_301' title='bbox 2727 2065 3076 2142; x_wconf 86' lang='lat' dir='ltr'><strong>Christianis</strong></span> <span class='ocrx_word' id='word_1_302' title='bbox 3108 2065 3490 2147; x_wconf 85' lang='lat' dir='ltr'><strong>quibusdam,</strong></span> <span class='ocrx_word' id='word_1_303' title='bbox 3523 2086 3643 2131; x_wconf 87' lang='lat' dir='ltr'><strong>non</strong></span> 
     </span>
    </p>
   </div>
   <div class='ocr_carea' id='block_1_48' title="bbox 1989 2151 3646 2238">
    <p class='ocr_par' dir='ltr' id='par_1_48' title="bbox 1989 2151 3646 2238">
     <span class='ocr_line' id='line_1_48' title="bbox 1989 2151 3646 2238; baseline 0.005 -25"><span class='ocrx_word' id='word_1_304' title='bbox 1989 2152 2122 2214; x_wconf 90' lang='lat' dir='ltr'><strong>sine</strong></span> <span class='ocrx_word' id='word_1_305' title='bbox 2171 2151 2277 2214; x_wconf 90' lang='lat' dir='ltr'><strong>Dei</strong></span> <span class='ocrx_word' id='word_1_306' title='bbox 2334 2153 2582 2214; x_wconf 89' lang='lat' dir='ltr'><strong>numine</strong></span> <span class='ocrx_word' id='word_1_307' title='bbox 2627 2153 2825 2232; x_wconf 90' lang='lat' dir='ltr'><strong>motis,</strong></span> <span class='ocrx_word' id='word_1_308' title='bbox 2877 2153 3031 2215; x_wconf 90' lang='lat' dir='ltr'><strong>clam</strong></span> <span class='ocrx_word' id='word_1_309' title='bbox 3078 2155 3310 2231; x_wconf 76' lang='lat' dir='ltr'><strong>ablatae,</strong></span> <span class='ocrx_word' id='word_1_310' title='bbox 3361 2157 3646 2238; x_wconf 61' lang='lat' dir='ltr'><strong>deposita</strong></span> 
     </span>
    </p>
   </div>
   <div class='ocr_carea' id='block_1_49' title="bbox 1989 2241 3641 2326">
    <p class='ocr_par' dir='ltr' id='par_1_49' title="bbox 1989 2241 3641 2326">
     <span class='ocr_line' id='line_1_49' title="bbox 1989 2241 3641 2326; baseline 0.006 -26"><span class='ocrx_word' id='word_1_311' title='bbox 1989 2249 2127 2301; x_wconf 89' lang='lat' dir='ltr'><strong>sunt</strong></span> <span class='ocrx_word' id='word_1_312' title='bbox 2158 2241 2488 2302; x_wconf 89' lang='lat' dir='ltr'><strong>honoriﬁce</strong></span> <span class='ocrx_word' id='word_1_313' title='bbox 2519 2241 2674 2322; x_wconf 88' lang='lat' dir='ltr'><strong>apud</strong></span> <span class='ocrx_word' id='word_1_314' title='bbox 2708 2249 2939 2322; x_wconf 86' lang='lat' dir='ltr'><strong>portam</strong></span> <span class='ocrx_word' id='word_1_315' title='bbox 2994 2243 3269 2321; x_wconf 82' lang='lat' dir='ltr'><strong>civitatis,</strong></span> <span class='ocrx_word' id='word_1_316' title='bbox 3303 2263 3435 2326; x_wconf 66' lang='lat' dir='ltr'><strong>quas</strong></span> <span class='ocrx_word' id='word_1_317' title='bbox 3465 2247 3641 2310; x_wconf 89' lang='lat' dir='ltr'><strong>etiam</strong></span> 
     </span>
    </p>
   </div>
   <div class='ocr_carea' id='block_1_50' title="bbox 1991 2331 3642 2411">
    <p class='ocr_par' dir='ltr' id='par_1_50' title="bbox 1991 2331 3642 2411">
     <span class='ocr_line' id='line_1_50' title="bbox 1991 2331 3642 2411; baseline 0.007 -23"><span class='ocrx_word' id='word_1_318' title='bbox 1991 2336 2234 2391; x_wconf 90' lang='lat' dir='ltr'><strong>vocatur</strong></span> <span class='ocrx_word' id='word_1_319' title='bbox 2251 2333 2544 2405; x_wconf 80' lang='lat' dir='ltr'><strong>Romana,</strong></span> <span class='ocrx_word' id='word_1_320' title='bbox 2575 2338 2787 2411; x_wconf 89' lang='lat' dir='ltr'><strong>quarto</strong></span> <span class='ocrx_word' id='word_1_321' title='bbox 2817 2331 3055 2393; x_wconf 90' lang='lat' dir='ltr'><strong>decimo</strong></span> <span class='ocrx_word' id='word_1_322' title='bbox 3088 2333 3315 2394; x_wconf 89' lang='lat' dir='ltr'><strong>mensis</strong></span> <span class='ocrx_word' id='word_1_323' title='bbox 3344 2333 3642 2399; x_wconf 85' lang='lat' dir='ltr'><strong>Octobris.</strong></span> 
     </span>
    </p>
   </div>
   <div class='ocr_carea' id='block_1_51' title="bbox 1988 2417 3643 2505">
    <p class='ocr_par' dir='ltr' id='par_1_51' title="bbox 1988 2417 3643 2505">
     <span class='ocr_line' id='line_1_51' title="bbox 1988 2417 3643 2505; baseline 0.004 -26"><span class='ocrx_word' id='word_1_324' title='bbox 1988 2417 2166 2480; x_wconf 91' lang='lat' dir='ltr'><strong>Paulo</strong></span> <span class='ocrx_word' id='word_1_325' title='bbox 2202 2428 2335 2499; x_wconf 90' lang='lat' dir='ltr'><strong>post</strong></span> <span class='ocrx_word' id='word_1_326' title='bbox 2387 2427 2580 2482; x_wconf 83' lang='lat' dir='ltr'><strong>autem</strong></span> <span class='ocrx_word' id='word_1_327' title='bbox 2616 2419 2799 2482; x_wconf 87' lang='lat' dir='ltr'><strong>divini</strong></span> <span class='ocrx_word' id='word_1_328' title='bbox 2829 2428 3115 2501; x_wconf 80' lang='lat' dir='ltr'><strong>martyres</strong></span> <span class='ocrx_word' id='word_1_329' title='bbox 3161 2421 3222 2482; x_wconf 90' lang='lat' dir='ltr'><strong>in</strong></span> <span class='ocrx_word' id='word_1_330' title='bbox 3278 2424 3506 2484; x_wconf 86' lang='lat' dir='ltr'><strong>somnis</strong></span> <span class='ocrx_word' id='word_1_331' title='bbox 3533 2442 3643 2505; x_wconf 87' lang='lat' dir='ltr'><strong>ap-</strong></span> 
     </span>
    </p>
   </div>
   <div class='ocr_carea' id='block_1_52' title="bbox 264 2503 1911 2594">
    <p class='ocr_par' dir='ltr' id='par_1_52' title="bbox 264 2503 1907 2583">
     <span class='ocr_line' id='line_1_52' title="bbox 264 2503 1907 2583; baseline -0.002 -19"><span class='ocrx_word' id='word_1_332' title='bbox 264 2531 382 2570; x_wconf 80' lang='grc' dir='ltr'>τος.</span> <span class='ocrx_word' id='word_1_333' title='bbox 446 2505 640 2583; x_wconf 82' lang='grc' dir='ltr'>Ὀλίγῳ</span> <span class='ocrx_word' id='word_1_334' title='bbox 670 2503 724 2560; x_wconf 71' lang='grc' dir='ltr'>δὲ</span> <span class='ocrx_word' id='word_1_335' title='bbox 781 2504 994 2583; x_wconf 74' lang='grc' dir='ltr'>ὕστερον</span> <span class='ocrx_word' id='word_1_336' title='bbox 1047 2507 1094 2561; x_wconf 78' lang='grc' dir='ltr'>οἱ</span> <span class='ocrx_word' id='word_1_337' title='bbox 1137 2507 1272 2560; x_wconf 72' lang='grc' dir='ltr'>θεῖοι</span> <span class='ocrx_word' id='word_1_338' title='bbox 1327 2505 1581 2582; x_wconf 84' lang='grc' dir='ltr'>μάρτυρες</span> <span class='ocrx_word' id='word_1_339' title='bbox 1627 2503 1751 2582; x_wconf 65' lang='grc' dir='ltr'>ὄναρ</span> <span class='ocrx_word' id='word_1_340' title='bbox 1805 2506 1907 2560; x_wconf 80' lang='grc' dir='ltr'>τινὶ</span> 
     </span>
    </p>
   </div>
   <div class='ocr_carea' id='block_1_53' title="bbox 2000 2503 3642 2594">
    <p class='ocr_par' dir='ltr' id='par_1_53' title="bbox 2000 2503 3642 2594">
     <span class='ocr_line' id='line_1_53' title="bbox 2000 2503 3642 2594; baseline 0.005 -26"><span class='ocrx_word' id='word_1_341' title='bbox 2000 2518 2203 2587; x_wconf 83' lang='lat' dir='ltr'><strong>parent</strong></span> <span class='ocrx_word' id='word_1_342' title='bbox 2257 2509 2493 2571; x_wconf 88' lang='lat' dir='ltr'><strong>cuidam</strong></span> <span class='ocrx_word' id='word_1_343' title='bbox 2529 2528 2598 2572; x_wconf 82' lang='lat' dir='ltr'><strong>ex</strong></span> <span class='ocrx_word' id='word_1_344' title='bbox 2631 2507 2703 2570; x_wconf 90' lang='lat' dir='ltr'><strong>iis</strong></span> <span class='ocrx_word' id='word_1_345' title='bbox 2734 2509 2833 2590; x_wconf 88' lang='lat' dir='ltr'><strong>qui</strong></span> <span class='ocrx_word' id='word_1_346' title='bbox 2885 2518 3059 2572; x_wconf 88' lang='lat' dir='ltr'><strong>erant</strong></span> <span class='ocrx_word' id='word_1_347' title='bbox 3088 2509 3262 2573; x_wconf 88' lang='lat' dir='ltr'><strong>amici</strong></span> <span class='ocrx_word' id='word_1_348' title='bbox 3295 2503 3642 2594; x_wconf 81' lang='lat' dir='ltr'><strong>martyrum,</strong></span> 
     </span>
    </p>
   </div>
   <div class='ocr_carea' id='block_1_54' title="bbox 257 2593 1911 2682">
    <p class='ocr_par' dir='ltr' id='par_1_54' title="bbox 257 2593 1906 2676">
     <span class='ocr_line' id='line_1_54' title="bbox 257 2593 1906 2676; baseline -0.003 -23"><span class='ocrx_word' id='word_1_349' title='bbox 257 2603 370 2654; x_wconf 80' lang='grc' dir='ltr'>τῶν</span> <span class='ocrx_word' id='word_1_350' title='bbox 454 2595 853 2676; x_wconf 78' lang='grc' dir='ltr'>φιλομαρτύρων</span> <span class='ocrx_word' id='word_1_351' title='bbox 924 2593 1232 2655; x_wconf 75' lang='grc' dir='ltr'>ἐπιστάντες</span> <span class='ocrx_word' id='word_1_352' title='bbox 1299 2593 1398 2660; x_wconf 69' lang='grc' dir='ltr'>τὴν</span> <span class='ocrx_word' id='word_1_353' title='bbox 1467 2595 1572 2648; x_wconf 80' lang='grc' dir='ltr'>τῶν</span> <span class='ocrx_word' id='word_1_354' title='bbox 1645 2595 1906 2668; x_wconf 68' lang='grc' dir='ltr'>σωμάτων</span> 
     </span>
    </p>
   </div>
   <div class='ocr_carea' id='block_1_55' title="bbox 2000 2593 3642 2682">
    <p class='ocr_par' dir='ltr' id='par_1_55' title="bbox 2000 2593 3642 2682">
     <span class='ocr_line' id='line_1_55' title="bbox 2000 2593 3642 2682; baseline 0.003 -24"><span class='ocrx_word' id='word_1_355' title='bbox 2000 2597 2296 2678; x_wconf 82' lang='lat' dir='ltr'><strong>iubentes,</strong></span> <span class='ocrx_word' id='word_1_356' title='bbox 2328 2605 2390 2659; x_wconf 91' lang='lat' dir='ltr'><strong>ut</strong></span> <span class='ocrx_word' id='word_1_357' title='bbox 2421 2616 2631 2659; x_wconf 90' lang='lat' dir='ltr'><strong>eorum</strong></span> <span class='ocrx_word' id='word_1_358' title='bbox 2665 2616 2916 2678; x_wconf 84' lang='lat' dir='ltr'><strong>corpora</strong></span> <span class='ocrx_word' id='word_1_359' title='bbox 2949 2607 3302 2660; x_wconf 87' lang='lat' dir='ltr'><strong>assumeret.</strong></span> <span class='ocrx_word' id='word_1_360' title='bbox 3325 2593 3642 2682; x_wconf 85' lang='lat' dir='ltr'><strong>Proprium</strong></span> 
     </span>
    </p>
   </div>
   <div class='ocr_carea' id='block_1_56' title="bbox 257 2681 1911 2766">
    <p class='ocr_par' dir='ltr' id='par_1_56' title="bbox 257 2681 1910 2762">
     <span class='ocr_line' id='line_1_56' title="bbox 257 2681 1910 2762; baseline -0.004 -20"><span class='ocrx_word' id='word_1_361' title='bbox 257 2684 530 2760; x_wconf 69' lang='grc' dir='ltr'>ἀνάληψιν</span> <span class='ocrx_word' id='word_1_362' title='bbox 586 2683 909 2762; x_wconf 80' lang='grc' dir='ltr'>ἐγγυώμενοι</span> <span class='ocrx_word' id='word_1_363' title='bbox 967 2682 1133 2757; x_wconf 81' lang='grc' dir='ltr'>ἁγίων</span> <span class='ocrx_word' id='word_1_364' title='bbox 1189 2683 1361 2755; x_wconf 80' lang='grc' dir='ltr'>τούτῳ</span> <span class='ocrx_word' id='word_1_365' title='bbox 1390 2684 1475 2738; x_wconf 83' lang='grc' dir='ltr'>καὶ</span> <span class='ocrx_word' id='word_1_366' title='bbox 1526 2681 1910 2762; x_wconf 79' lang='grc' dir='ltr'>φιλανθρώπων</span> 
     </span>
    </p>
   </div>
   <div class='ocr_carea' id='block_1_57' title="bbox 2000 2681 3643 2766">
    <p class='ocr_par' dir='ltr' id='par_1_57' title="bbox 2000 2687 3643 2766">
     <span class='ocr_line' id='line_1_57' title="bbox 2000 2687 3643 2766; baseline 0.003 -18"><span class='ocrx_word' id='word_1_367' title='bbox 2000 2696 2086 2750; x_wconf 86' lang='lat' dir='ltr'><strong>est</strong></span> <span class='ocrx_word' id='word_1_368' title='bbox 2114 2687 2228 2748; x_wconf 89' lang='lat' dir='ltr'><strong>hoc</strong></span> <span class='ocrx_word' id='word_1_369' title='bbox 2259 2696 2596 2749; x_wconf 86' lang='lat' dir='ltr'><strong>sanctarum</strong></span> <span class='ocrx_word' id='word_1_370' title='bbox 2631 2695 2691 2750; x_wconf 90' lang='lat' dir='ltr'><strong>et</strong></span> <span class='ocrx_word' id='word_1_371' title='bbox 2731 2687 3118 2766; x_wconf 87' lang='lat' dir='ltr'><strong>benignarum</strong></span> <span class='ocrx_word' id='word_1_372' title='bbox 3151 2689 3488 2751; x_wconf 87' lang='lat' dir='ltr'><strong>animarum</strong></span> <span class='ocrx_word' id='word_1_373' title='bbox 3522 2709 3643 2753; x_wconf 88' lang='lat' dir='ltr'><strong>non</strong></span> 
     </span>
    </p>
   </div>
   <div class='ocr_carea' id='block_1_58' title="bbox 257 2770 1911 2862">
    <p class='ocr_par' dir='ltr' id='par_1_58' title="bbox 257 2770 1904 2854">
     <span class='ocr_line' id='line_1_58' title="bbox 257 2770 1904 2854; baseline -0.002 -23"><span class='ocrx_word' id='word_1_374' title='bbox 257 2781 454 2854; x_wconf 70' lang='grc' dir='ltr'>ψυχῶν</span> <span class='ocrx_word' id='word_1_375' title='bbox 511 2772 647 2830; x_wconf 78' lang='grc' dir='ltr'>ἴδιον</span> <span class='ocrx_word' id='word_1_376' title='bbox 705 2773 804 2852; x_wconf 69' lang='grc' dir='ltr'>οὔχ</span> <span class='ocrx_word' id='word_1_377' title='bbox 853 2770 946 2827; x_wconf 59' lang='grc' dir='ltr'><strong>τίνα</strong></span> <span class='ocrx_word' id='word_1_378' title='bbox 1003 2773 1148 2828; x_wconf 75' lang='grc' dir='ltr'>αὖτοὶ</span> <span class='ocrx_word' id='word_1_379' title='bbox 1181 2770 1490 2845; x_wconf 80' lang='grc' dir='ltr'>δοξασθῶσι,</span> <span class='ocrx_word' id='word_1_380' title='bbox 1523 2778 1638 2836; x_wconf 82' lang='grc' dir='ltr'>πῶς</span> <span class='ocrx_word' id='word_1_381' title='bbox 1669 2792 1767 2849; x_wconf 82' lang='grc' dir='ltr'><strong>γαρ</strong></span> <span class='ocrx_word' id='word_1_382' title='bbox 1804 2792 1818 2844; x_wconf 72' lang='grc' dir='ltr'><strong>ς</strong></span> <span class='ocrx_word' id='word_1_383' title='bbox 1852 2772 1904 2829; x_wconf 85' lang='grc' dir='ltr'>ο’ί</span> 
     </span>
    </p>
   </div>
   <div class='ocr_carea' id='block_1_59' title="bbox 2000 2770 3648 2862">
    <p class='ocr_par' dir='ltr' id='par_1_59' title="bbox 2000 2775 3648 2862">
     <span class='ocr_line' id='line_1_59' title="bbox 2000 2775 3648 2862; baseline 0.003 -26"><span class='ocrx_word' id='word_1_384' title='bbox 2000 2784 2054 2837; x_wconf 89' lang='lat' dir='ltr'><strong>ut</strong></span> <span class='ocrx_word' id='word_1_385' title='bbox 2085 2775 2199 2857; x_wconf 87' lang='lat' dir='ltr'><strong>ipsi</strong></span> <span class='ocrx_word' id='word_1_386' title='bbox 2227 2777 2659 2856; x_wconf 89' lang='lat' dir='ltr'><strong>gloriﬁcentur,</strong></span> <span class='ocrx_word' id='word_1_387' title='bbox 2691 2777 3010 2858; x_wconf 80' lang='lat' dir='ltr'><strong>(quomodo</strong></span> <span class='ocrx_word' id='word_1_388' title='bbox 3056 2777 3240 2853; x_wconf 90' lang='lat' dir='ltr'><strong>enim,</strong></span> <span class='ocrx_word' id='word_1_389' title='bbox 3276 2779 3374 2858; x_wconf 86' lang='lat' dir='ltr'><strong>qui</strong></span> <span class='ocrx_word' id='word_1_390' title='bbox 3405 2790 3648 2862; x_wconf 87' lang='lat' dir='ltr'><strong>propter</strong></span> 
     </span>
    </p>
   </div>
   <div class='ocr_carea' id='block_1_60' title="bbox 256 2860 1911 2948">
    <p class='ocr_par' dir='ltr' id='par_1_60' title="bbox 256 2860 1909 2941">
     <span class='ocr_line' id='line_1_60' title="bbox 256 2860 1909 2941; baseline -0.002 -22"><span class='ocrx_word' id='word_1_391' title='bbox 256 2886 322 2941; x_wconf 83' lang='grc' dir='ltr'><strong>γε</strong></span> <span class='ocrx_word' id='word_1_392' title='bbox 379 2861 462 2919; x_wconf 73' lang='grc' dir='ltr'>διὰ</span> <span class='ocrx_word' id='word_1_393' title='bbox 519 2863 618 2930; x_wconf 69' lang='grc' dir='ltr'><strong>τὴν</strong></span> <span class='ocrx_word' id='word_1_394' title='bbox 662 2862 836 2918; x_wconf 77' lang='grc' dir='ltr'>ἐκεῖθε</span> <span class='ocrx_word' id='word_1_395' title='bbox 883 2863 1252 2938; x_wconf 81' lang='grc' dir='ltr'>μακαριότητα</span> <span class='ocrx_word' id='word_1_396' title='bbox 1304 2862 1481 2927; x_wconf 78' lang='grc' dir='ltr'>πάσης</span> <span class='ocrx_word' id='word_1_397' title='bbox 1537 2863 1634 2928; x_wconf 79' lang='grc' dir='ltr'>τῆς</span> <span class='ocrx_word' id='word_1_398' title='bbox 1693 2860 1909 2917; x_wconf 77' lang='grc' dir='ltr'>ἐνταῦθα</span> 
     </span>
    </p>
   </div>
   <div class='ocr_carea' id='block_1_61' title="bbox 2000 2860 3649 2948">
    <p class='ocr_par' dir='ltr' id='par_1_61' title="bbox 2000 2860 3649 2948">
     <span class='ocr_line' id='line_1_61' title="bbox 2000 2860 3649 2948; baseline 0.005 -24"><span class='ocrx_word' id='word_1_399' title='bbox 2000 2882 2146 2938; x_wconf 88' lang='lat' dir='ltr'><strong>eam,</strong></span> <span class='ocrx_word' id='word_1_400' title='bbox 2181 2883 2311 2945; x_wconf 74' lang='lat' dir='ltr'><strong>quae</strong></span> <span class='ocrx_word' id='word_1_401' title='bbox 2347 2865 2467 2926; x_wconf 90' lang='lat' dir='ltr'><strong>illic</strong></span> <span class='ocrx_word' id='word_1_402' title='bbox 2517 2874 2629 2947; x_wconf 90' lang='lat' dir='ltr'><strong>est,</strong></span> <span class='ocrx_word' id='word_1_403' title='bbox 2663 2865 3118 2941; x_wconf 87' lang='lat' dir='ltr'><strong>beatitudinem,</strong></span> <span class='ocrx_word' id='word_1_404' title='bbox 3155 2860 3649 2948; x_wconf 77' lang='lat' dir='ltr'><strong>contempserunt</strong></span> 
     </span>
    </p>
   </div>
   <div class='ocr_carea' id='block_1_62' title="bbox 259 2948 1911 3035">
    <p class='ocr_par' dir='ltr' id='par_1_62' title="bbox 259 2948 1906 3030">
     <span class='ocr_line' id='line_1_62' title="bbox 259 2948 1906 3030; baseline -0.003 -21"><span class='ocrx_word' id='word_1_405' title='bbox 259 2953 417 3020; x_wconf 60' lang='grc' dir='ltr'>δόξης</span> <span class='ocrx_word' id='word_1_406' title='bbox 470 2949 822 3030; x_wconf 71' lang='grc' dir='ltr'>ὅπεριδόντες,</span> <span class='ocrx_word' id='word_1_407' title='bbox 856 2948 974 3006; x_wconf 80' lang='grc' dir='ltr'>ἀλλ’</span> <span class='ocrx_word' id='word_1_408' title='bbox 1007 2949 1098 3005; x_wconf 71' lang='grc' dir='ltr'>ἴνα</span> <span class='ocrx_word' id='word_1_409' title='bbox 1155 2955 1222 3025; x_wconf 77' lang='grc' dir='ltr'><strong>τῇ</strong></span> <span class='ocrx_word' id='word_1_410' title='bbox 1253 2948 1448 3019; x_wconf 77' lang='grc' dir='ltr'>εὗρέσει</span> <span class='ocrx_word' id='word_1_411' title='bbox 1485 2950 1604 3012; x_wconf 79' lang='grc' dir='ltr'>τοὺς</span> <span class='ocrx_word' id='word_1_412' title='bbox 1659 2948 1906 3028; x_wconf 70' lang='grc' dir='ltr'>φιλευσε-</span> 
     </span>
    </p>
   </div>
   <div class='ocr_carea' id='block_1_63' title="bbox 2000 2948 3646 3035">
    <p class='ocr_par' dir='ltr' id='par_1_63' title="bbox 2000 2953 3646 3035">
     <span class='ocr_line' id='line_1_63' title="bbox 2000 2953 3646 3035; baseline 0.003 -21"><span class='ocrx_word' id='word_1_413' title='bbox 2000 2972 2254 3035; x_wconf 90' lang='lat' dir='ltr'><strong>omnem,</strong></span> <span class='ocrx_word' id='word_1_414' title='bbox 2283 2972 2414 3034; x_wconf 64' lang='lat' dir='ltr'><strong>qua:</strong></span> <span class='ocrx_word' id='word_1_415' title='bbox 2436 2964 2525 3014; x_wconf 89' lang='lat' dir='ltr'><strong>est</strong></span> <span class='ocrx_word' id='word_1_416' title='bbox 2551 2954 2668 3028; x_wconf 89' lang='lat' dir='ltr'><strong>hic,</strong></span> <span class='ocrx_word' id='word_1_417' title='bbox 2691 2953 3002 3034; x_wconf 79' lang='lat' dir='ltr'><strong>gloriam?)</strong></span> <span class='ocrx_word' id='word_1_418' title='bbox 3030 2954 3133 3016; x_wconf 90' lang='lat' dir='ltr'><strong>sed</strong></span> <span class='ocrx_word' id='word_1_419' title='bbox 3163 2962 3229 3016; x_wconf 87' lang='lat' dir='ltr'><strong>ut</strong></span> <span class='ocrx_word' id='word_1_420' title='bbox 3257 2953 3371 3034; x_wconf 89' lang='lat' dir='ltr'><strong>piis</strong></span> <span class='ocrx_word' id='word_1_421' title='bbox 3399 2973 3466 3017; x_wconf 90' lang='lat' dir='ltr'><strong>ac</strong></span> <span class='ocrx_word' id='word_1_422' title='bbox 3497 2957 3646 3019; x_wconf 86' lang='lat' dir='ltr'><strong>reli-</strong></span> 
     </span>
    </p>
   </div>
   <div class='ocr_carea' id='block_1_64' title="bbox 262 3031 1911 3124">
    <p class='ocr_par' dir='ltr' id='par_1_64' title="bbox 262 3031 1906 3121">
     <span class='ocr_line' id='line_1_64' title="bbox 262 3031 1906 3121; baseline 0.002 -30"><span class='ocrx_word' id='word_1_423' title='bbox 262 3042 381 3105; x_wconf 73' lang='grc' dir='ltr'>ϐετς</span> <span class='ocrx_word' id='word_1_424' title='bbox 412 3041 788 3121; x_wconf 65' lang='grc' dir='ltr'>ὠφεμτςσωσιν,</span> <span class='ocrx_word' id='word_1_425' title='bbox 851 3031 911 3096; x_wconf 83' lang='grc' dir='ltr'><strong>Ὀ</strong></span> <span class='ocrx_word' id='word_1_426' title='bbox 945 3037 999 3093; x_wconf 78' lang='grc' dir='ltr'>δὲ</span> <span class='ocrx_word' id='word_1_427' title='bbox 1054 3045 1120 3114; x_wconf 77' lang='grc' dir='ltr'><strong>τῇ</strong></span> <span class='ocrx_word' id='word_1_428' title='bbox 1150 3038 1269 3113; x_wconf 73' lang='grc' dir='ltr'>ὄψει</span> <span class='ocrx_word' id='word_1_429' title='bbox 1300 3037 1414 3094; x_wconf 54' lang='grc' dir='ltr'>λίαν</span> <span class='ocrx_word' id='word_1_430' title='bbox 1471 3041 1648 3106; x_wconf 81' lang='grc' dir='ltr'>ἡσθεὶς</span> <span class='ocrx_word' id='word_1_431' title='bbox 1681 3038 1906 3102; x_wconf 79' lang='grc' dir='ltr'>ἀναστὰς</span> 
     </span>
    </p>
   </div>
   <div class='ocr_carea' id='block_1_65' title="bbox 2000 3031 3658 3124">
    <p class='ocr_par' dir='ltr' id='par_1_65' title="bbox 2000 3031 3658 3124">
     <span class='ocr_line' id='line_1_65' title="bbox 2000 3031 3658 3124; baseline 0.004 -21"><span class='ocrx_word' id='word_1_432' title='bbox 2000 3043 2180 3120; x_wconf 87' lang='lat' dir='ltr'><strong>giosis</strong></span> <span class='ocrx_word' id='word_1_433' title='bbox 2235 3031 2591 3124; x_wconf 70' lang='lat' dir='ltr'><strong>prodessent</strong></span> <span class='ocrx_word' id='word_1_434' title='bbox 2621 3031 2992 3106; x_wconf 73' lang='lat' dir='ltr'><strong>inventione.</strong></span> <span class='ocrx_word' id='word_1_435' title='bbox 3046 3043 3152 3106; x_wconf 92' lang='lat' dir='ltr'><strong>llle</strong></span> <span class='ocrx_word' id='word_1_436' title='bbox 3181 3031 3380 3106; x_wconf 78' lang='lat' dir='ltr'><strong>autem</strong></span> <span class='ocrx_word' id='word_1_437' title='bbox 3424 3044 3658 3110; x_wconf 84' lang='lat' dir='ltr'><strong>visione</strong></span> 
     </span>
    </p>
   </div>
   <div class='ocr_carea' id='block_1_66' title="bbox 262 3100 1911 3209">
    <p class='ocr_par' dir='ltr' id='par_1_66' title="bbox 262 3125 1911 3208">
     <span class='ocr_line' id='line_1_66' title="bbox 262 3125 1911 3208; baseline -0.002 -20"><span class='ocrx_word' id='word_1_438' title='bbox 262 3133 410 3195; x_wconf 66' lang='grc' dir='ltr'>εὖθὺς</span> <span class='ocrx_word' id='word_1_439' title='bbox 439 3131 504 3186; x_wconf 71' lang='grc' dir='ltr'><strong>τά</strong></span> <span class='ocrx_word' id='word_1_440' title='bbox 563 3152 620 3186; x_wconf 84' lang='grc' dir='ltr'><strong>τε</strong></span> <span class='ocrx_word' id='word_1_441' title='bbox 648 3128 776 3208; x_wconf 78' lang='grc' dir='ltr'>ἅγια</span> <span class='ocrx_word' id='word_1_442' title='bbox 824 3127 1046 3203; x_wconf 77' lang='grc' dir='ltr'>λείψανα</span> <span class='ocrx_word' id='word_1_443' title='bbox 1080 3126 1378 3203; x_wconf 56' lang='lat' dir='ltr'><strong>segmenta);</strong></span> <span class='ocrx_word' id='word_1_444' title='bbox 1412 3125 1612 3184; x_wconf 67' lang='grc' dir='ltr'>ἕκεϊθεδ</span> <span class='ocrx_word' id='word_1_445' title='bbox 1665 3126 1911 3203; x_wconf 73' lang='grc' dir='ltr'>ἀναλαμ-</span> 
     </span>
    </p>
   </div>
   <div class='ocr_carea' id='block_1_67' title="bbox 2000 3100 3651 3209">
    <p class='ocr_par' dir='ltr' id='par_1_67' title="bbox 2000 3100 3651 3209">
     <span class='ocr_line' id='line_1_67' title="bbox 2000 3100 3651 3209; baseline 0.004 -17"><span class='ocrx_word' id='word_1_446' title='bbox 2000 3100 2164 3197; x_wconf 59' lang='lat' dir='ltr'><strong>:alde</strong></span> <span class='ocrx_word' id='word_1_447' title='bbox 2195 3100 2450 3209; x_wconf 59' lang='lat' dir='ltr'><strong>laetatus,</strong></span> <span class='ocrx_word' id='word_1_448' title='bbox 2476 3132 2674 3195; x_wconf 89' lang='lat' dir='ltr'><strong>statim</strong></span> <span class='ocrx_word' id='word_1_449' title='bbox 2708 3149 2978 3208; x_wconf 83' lang='lat' dir='ltr'><strong>surgens,</strong></span> <span class='ocrx_word' id='word_1_450' title='bbox 3014 3143 3074 3195; x_wconf 89' lang='lat' dir='ltr'><strong>et</strong></span> <span class='ocrx_word' id='word_1_451' title='bbox 3105 3151 3238 3194; x_wconf 91' lang='lat' dir='ltr'><strong>cum</strong></span> <span class='ocrx_word' id='word_1_452' title='bbox 3263 3135 3651 3198; x_wconf 88' lang='lat' dir='ltr'><strong>veneratione</strong></span> 
     </span>
    </p>
   </div>
   <div class='ocr_carea' id='block_1_68' title="bbox 256 3215 1911 3302">
    <p class='ocr_par' dir='ltr' id='par_1_68' title="bbox 256 3215 1911 3296">
     <span class='ocr_line' id='line_1_68' title="bbox 256 3215 1911 3296; baseline -0.003 -17"><span class='ocrx_word' id='word_1_453' title='bbox 256 3220 439 3296; x_wconf 69' lang='grc' dir='ltr'>ϐαίνει,</span> <span class='ocrx_word' id='word_1_454' title='bbox 495 3222 580 3275; x_wconf 87' lang='grc' dir='ltr'><strong>καὶ</strong></span> <span class='ocrx_word' id='word_1_455' title='bbox 637 3226 713 3293; x_wconf 86' lang='grc' dir='ltr'>τῷ</span> <span class='ocrx_word' id='word_1_456' title='bbox 754 3217 864 3292; x_wconf 76' lang='grc' dir='ltr'>ἰδίῳ</span> <span class='ocrx_word' id='word_1_457' title='bbox 907 3218 1244 3296; x_wconf 81' lang='grc' dir='ltr'>παρατίθεται</span> <span class='ocrx_word' id='word_1_458' title='bbox 1299 3217 1457 3290; x_wconf 60' lang='grc' dir='ltr'>οἴκῳέ</span> <span class='ocrx_word' id='word_1_459' title='bbox 1494 3215 1712 3284; x_wconf 81' lang='grc' dir='ltr'>Οἶδενὴ</span> <span class='ocrx_word' id='word_1_460' title='bbox 1771 3217 1911 3274; x_wconf 80' lang='grc' dir='ltr'>ἐκεί-</span> 
     </span>
    </p>
   </div>
   <div class='ocr_carea' id='block_1_69' title="bbox 2000 3215 3650 3302">
    <p class='ocr_par' dir='ltr' id='par_1_69' title="bbox 2000 3221 3650 3302">
     <span class='ocr_line' id='line_1_69' title="bbox 2000 3221 3650 3302; baseline 0.002 -18"><span class='ocrx_word' id='word_1_461' title='bbox 2000 3223 2161 3285; x_wconf 90' lang='lat' dir='ltr'><strong>illinc</strong></span> <span class='ocrx_word' id='word_1_462' title='bbox 2194 3230 2425 3285; x_wconf 89' lang='lat' dir='ltr'><strong>sanctas</strong></span> <span class='ocrx_word' id='word_1_463' title='bbox 2451 3223 2698 3284; x_wconf 86' lang='lat' dir='ltr'><strong>assumit</strong></span> <span class='ocrx_word' id='word_1_464' title='bbox 2749 3221 3056 3302; x_wconf 86' lang='lat' dir='ltr'><strong>reliquias,</strong></span> <span class='ocrx_word' id='word_1_465' title='bbox 3092 3229 3151 3283; x_wconf 92' lang='lat' dir='ltr'><strong>et</strong></span> <span class='ocrx_word' id='word_1_466' title='bbox 3178 3221 3341 3283; x_wconf 91' lang='lat' dir='ltr'><strong>domi</strong></span> <span class='ocrx_word' id='word_1_467' title='bbox 3387 3241 3509 3286; x_wconf 64' lang='lat' dir='ltr'><strong>sua</strong></span> <span class='ocrx_word' id='word_1_468' title='bbox 3539 3224 3650 3287; x_wconf 82' lang='lat' dir='ltr'><strong>de-</strong></span> 
     </span>
    </p>
   </div>
   <div class='ocr_carea' id='block_1_70' title="bbox 259 3307 1911 3393">
    <p class='ocr_par' dir='ltr' id='par_1_70' title="bbox 259 3307 1911 3388">
     <span class='ocr_line' id='line_1_70' title="bbox 259 3307 1911 3388; baseline -0.003 -21"><span class='ocrx_word' id='word_1_469' title='bbox 259 3334 355 3368; x_wconf 86' lang='grc' dir='ltr'><strong>νου</strong></span> <span class='ocrx_word' id='word_1_470' title='bbox 403 3309 685 3388; x_wconf 77' lang='grc' dir='ltr'>παρημένη</span> <span class='ocrx_word' id='word_1_471' title='bbox 712 3307 944 3386; x_wconf 80' lang='grc' dir='ltr'>θυγάτηρ</span> <span class='ocrx_word' id='word_1_472' title='bbox 999 3308 1061 3362; x_wconf 81' lang='grc' dir='ltr'>τὸ</span> <span class='ocrx_word' id='word_1_473' title='bbox 1113 3307 1332 3384; x_wconf 76' lang='grc' dir='ltr'>γεγονὸς</span> <span class='ocrx_word' id='word_1_474' title='bbox 1375 3313 1442 3382; x_wconf 78' lang='grc' dir='ltr'><strong>τῇ</strong></span> <span class='ocrx_word' id='word_1_475' title='bbox 1487 3307 1591 3362; x_wconf 82' lang='grc' dir='ltr'><strong>τῶν</strong></span> <span class='ocrx_word' id='word_1_476' title='bbox 1637 3308 1911 3385; x_wconf 82' lang='grc' dir='ltr'>μαρτύρων</span> 
     </span>
    </p>
   </div>
   <div class='ocr_carea' id='block_1_71' title="bbox 2000 3307 3649 3393">
    <p class='ocr_par' dir='ltr' id='par_1_71' title="bbox 2000 3310 3649 3393">
     <span class='ocr_line' id='line_1_71' title="bbox 2000 3310 3649 3393; baseline 0.001 -19"><span class='ocrx_word' id='word_1_477' title='bbox 2000 3313 2182 3393; x_wconf 89' lang='lat' dir='ltr'><strong>ponit.</strong></span> <span class='ocrx_word' id='word_1_478' title='bbox 2218 3311 2345 3373; x_wconf 86' lang='lat' dir='ltr'><strong>Non</strong></span> <span class='ocrx_word' id='word_1_479' title='bbox 2372 3313 2531 3392; x_wconf 90' lang='lat' dir='ltr'><strong>quod</strong></span> <span class='ocrx_word' id='word_1_480' title='bbox 2563 3312 2778 3373; x_wconf 82' lang='lat' dir='ltr'><strong>factum</strong></span> <span class='ocrx_word' id='word_1_481' title='bbox 2812 3311 3007 3373; x_wconf 85' lang='lat' dir='ltr'><strong>fuerat</strong></span> <span class='ocrx_word' id='word_1_482' title='bbox 3033 3310 3163 3391; x_wconf 84' lang='lat' dir='ltr'><strong>ejus</strong></span> <span class='ocrx_word' id='word_1_483' title='bbox 3196 3312 3337 3387; x_wconf 88' lang='lat' dir='ltr'><strong>ﬁlia,</strong></span> <span class='ocrx_word' id='word_1_484' title='bbox 3361 3331 3497 3390; x_wconf 80' lang='lat' dir='ltr'><strong>quae</strong></span> <span class='ocrx_word' id='word_1_485' title='bbox 3521 3325 3649 3376; x_wconf 88' lang='lat' dir='ltr'><strong>erat</strong></span> 
     </span>
    </p>
   </div>
   <div class='ocr_carea' id='block_1_72' title="bbox 259 3393 1905 3476">
    <p class='ocr_par' dir='ltr' id='par_1_72' title="bbox 259 3393 1905 3476">
     <span class='ocr_line' id='line_1_72' title="bbox 259 3393 1905 3476; baseline -0.002 -19"><span class='ocrx_word' id='word_1_486' title='bbox 259 3399 553 3470; x_wconf 78' lang='grc' dir='ltr'>ἐπεστασίᾳ</span> <span class='ocrx_word' id='word_1_487' title='bbox 610 3398 707 3465; x_wconf 74' lang='grc' dir='ltr'>τὴν</span> <span class='ocrx_word' id='word_1_488' title='bbox 765 3397 1021 3476; x_wconf 79' lang='grc' dir='ltr'>προτέραν</span> <span class='ocrx_word' id='word_1_489' title='bbox 1081 3395 1223 3459; x_wconf 68' lang='grc' dir='ltr'>εὐθὺς</span> <span class='ocrx_word' id='word_1_490' title='bbox 1294 3395 1469 3473; x_wconf 80' lang='grc' dir='ltr'>ῥεῦσιν</span> <span class='ocrx_word' id='word_1_491' title='bbox 1540 3393 1905 3454; x_wconf 69' lang='grc' dir='ltr'>ἀπολαϐοῦσα.</span> 
     </span>
    </p>
   </div>
   <div class='ocr_carea' id='block_1_73' title="bbox 261 3484 1909 3563">
    <p class='ocr_par' dir='ltr' id='par_1_73' title="bbox 261 3484 1909 3563">
     <span class='ocr_line' id='line_1_73' title="bbox 261 3484 1909 3563; baseline -0.004 -16"><span class='ocrx_word' id='word_1_492' title='bbox 261 3489 548 3547; x_wconf 72' lang='grc' dir='ltr'>Ἐλάνθανε</span> <span class='ocrx_word' id='word_1_493' title='bbox 599 3487 698 3563; x_wconf 85' lang='grc' dir='ltr'>μὲν</span> <span class='ocrx_word' id='word_1_494' title='bbox 728 3487 816 3543; x_wconf 77' lang='grc' dir='ltr'>οὖν</span> <span class='ocrx_word' id='word_1_495' title='bbox 858 3489 886 3543; x_wconf 71' lang='grc' dir='ltr'>ὁ</span> <span class='ocrx_word' id='word_1_496' title='bbox 932 3492 1036 3542; x_wconf 82' lang='grc' dir='ltr'>τῶν</span> <span class='ocrx_word' id='word_1_497' title='bbox 1071 3491 1402 3563; x_wconf 84' lang='grc' dir='ltr'>μαρτυρικῶν</span> <span class='ocrx_word' id='word_1_498' title='bbox 1446 3484 1660 3542; x_wconf 78' lang='grc' dir='ltr'>ἐκείνων</span> <span class='ocrx_word' id='word_1_499' title='bbox 1711 3485 1909 3560; x_wconf 80' lang='grc' dir='ltr'>λειψά-</span> 
     </span>
    </p>
   </div>
   <div class='ocr_carea' id='block_1_74' title="bbox 265 3572 1909 3656">
    <p class='ocr_par' dir='ltr' id='par_1_74' title="bbox 265 3572 1909 3656">
     <span class='ocr_line' id='line_1_74' title="bbox 265 3572 1909 3656; baseline -0.002 -22"><span class='ocrx_word' id='word_1_500' title='bbox 265 3601 375 3634; x_wconf 90' lang='grc' dir='ltr'><strong>νων</strong></span> <span class='ocrx_word' id='word_1_501' title='bbox 427 3579 706 3656; x_wconf 81' lang='grc' dir='ltr'>θησαυρὸς,</span> <span class='ocrx_word' id='word_1_502' title='bbox 739 3575 791 3632; x_wconf 78' lang='grc' dir='ltr'>ἐν</span> <span class='ocrx_word' id='word_1_503' title='bbox 847 3580 924 3648; x_wconf 80' lang='grc' dir='ltr'><strong>τῷ</strong></span> <span class='ocrx_word' id='word_1_504' title='bbox 980 3597 1070 3631; x_wconf 86' lang='grc' dir='ltr'><strong>του</strong></span> <span class='ocrx_word' id='word_1_505' title='bbox 1127 3574 1310 3653; x_wconf 72' lang='grc' dir='ltr'>ἀνδρὸς</span> <span class='ocrx_word' id='word_1_506' title='bbox 1359 3572 1498 3648; x_wconf 78' lang='grc' dir='ltr'>οἴκῳ</span> <span class='ocrx_word' id='word_1_507' title='bbox 1550 3575 1909 3653; x_wconf 79' lang='grc' dir='ltr'>κρυπτόμενος</span> 
     </span>
    </p>
   </div>
   <div class='ocr_carea' id='block_1_75' title="bbox 260 3662 1910 3744">
    <p class='ocr_par' dir='ltr' id='par_1_75' title="bbox 260 3662 1910 3744">
     <span class='ocr_line' id='line_1_75' title="bbox 260 3662 1910 3744; baseline -0.003 -17"><span class='ocrx_word' id='word_1_508' title='bbox 260 3675 368 3734; x_wconf 77' lang='grc' dir='ltr'>ἕως</span> <span class='ocrx_word' id='word_1_509' title='bbox 414 3669 495 3725; x_wconf 82' lang='grc' dir='ltr'><strong>ἐπὶ</strong></span> <span class='ocrx_word' id='word_1_510' title='bbox 525 3669 615 3724; x_wconf 74' lang='grc' dir='ltr'><strong>τὸν</strong></span> <span class='ocrx_word' id='word_1_511' title='bbox 672 3666 840 3744; x_wconf 83' lang='grc' dir='ltr'>μέγαν</span> <span class='ocrx_word' id='word_1_512' title='bbox 897 3665 1196 3744; x_wconf 71' lang='grc' dir='ltr'>Θεοδόσιον,</span> <span class='ocrx_word' id='word_1_513' title='bbox 1231 3665 1286 3730; x_wconf 82' lang='grc' dir='ltr'>ὃς</span> <span class='ocrx_word' id='word_1_514' title='bbox 1341 3664 1392 3730; x_wconf 80' lang='grc' dir='ltr'>ἐξ</span> <span class='ocrx_word' id='word_1_515' title='bbox 1422 3662 1647 3744; x_wconf 74' lang='grc' dir='ltr'>Ἰϐηρίας</span> <span class='ocrx_word' id='word_1_516' title='bbox 1693 3671 1788 3733; x_wconf 80' lang='grc' dir='ltr'><strong>τῆς</strong></span> <span class='ocrx_word' id='word_1_517' title='bbox 1823 3677 1910 3725; x_wconf 82' lang='grc' dir='ltr'>νῦν</span> 
     </span>
    </p>
   </div>
   <div class='ocr_carea' id='block_1_76' title="bbox 259 3753 1907 3834">
    <p class='ocr_par' dir='ltr' id='par_1_76' title="bbox 259 3753 1907 3834">
     <span class='ocr_line' id='line_1_76' title="bbox 259 3753 1907 3834; baseline -0.006 -12"><span class='ocrx_word' id='word_1_518' title='bbox 259 3760 531 3822; x_wconf 84' lang='grc' dir='ltr'>Ἰσπανίας</span> <span class='ocrx_word' id='word_1_519' title='bbox 588 3755 924 3833; x_wconf 85' lang='grc' dir='ltr'>καλουμένης</span> <span class='ocrx_word' id='word_1_520' title='bbox 979 3755 1130 3813; x_wconf 73' lang='grc' dir='ltr'>εἷλκε</span> <span class='ocrx_word' id='word_1_521' title='bbox 1176 3756 1239 3811; x_wconf 81' lang='grc' dir='ltr'>τὸ</span> <span class='ocrx_word' id='word_1_522' title='bbox 1292 3754 1465 3834; x_wconf 86' lang='grc' dir='ltr'>γένος,</span> <span class='ocrx_word' id='word_1_523' title='bbox 1511 3756 1578 3811; x_wconf 77' lang='grc' dir='ltr'><strong>τὰ</strong></span> <span class='ocrx_word' id='word_1_524' title='bbox 1633 3753 1907 3832; x_wconf 87' lang='grc' dir='ltr'>Ῥωμαίων</span> 
     </span>
    </p>
   </div>
   <div class='ocr_carea' id='block_1_77' title="bbox 257 3847 823 3932">
    <p class='ocr_par' dir='ltr' id='par_1_77' title="bbox 257 3847 823 3932">
     <span class='ocr_line' id='line_1_77' title="bbox 257 3847 823 3932; baseline -0.018 -22"><span class='ocrx_word' id='word_1_525' title='bbox 257 3851 520 3932; x_wconf 80' lang='grc' dir='ltr'>μετέπεσε</span> <span class='ocrx_word' id='word_1_526' title='bbox 551 3847 823 3925; x_wconf 78' lang='grc' dir='ltr'>σκῆπτρα,</span> 
     </span>
    </p>
   </div>
   <div class='ocr_carea' id='block_1_78' title="bbox 343 3931 1910 4010">
    <p class='ocr_par' dir='ltr' id='par_1_78' title="bbox 343 3931 1910 4010">
     <span class='ocr_line' id='line_1_78' title="bbox 343 3931 1910 4010; baseline -0.004 -15"><span class='ocrx_word' id='word_1_527' title='bbox 343 3939 407 4005; x_wconf 83' lang='grc' dir='ltr'>ι’,</span> <span class='ocrx_word' id='word_1_528' title='bbox 470 3936 619 3994; x_wconf 86' lang='grc' dir='ltr'>Ἐπεὶ</span> <span class='ocrx_word' id='word_1_529' title='bbox 653 3933 708 3990; x_wconf 66' lang='grc' dir='ltr'>δὲ</span> <span class='ocrx_word' id='word_1_530' title='bbox 763 3934 911 3998; x_wconf 81' lang='grc' dir='ltr'>οὗτος</span> <span class='ocrx_word' id='word_1_531' title='bbox 946 3934 1082 4009; x_wconf 82' lang='grc' dir='ltr'>μετὰ</span> <span class='ocrx_word' id='word_1_532' title='bbox 1114 3936 1208 4002; x_wconf 74' lang='grc' dir='ltr'><strong>τήν</strong></span> <span class='ocrx_word' id='word_1_533' title='bbox 1259 3931 1552 3997; x_wconf 72' lang='grc' dir='ltr'>Οὒάλεντος</span> <span class='ocrx_word' id='word_1_534' title='bbox 1582 3942 1674 3992; x_wconf 76' lang='grc' dir='ltr'>τοῦ</span> <span class='ocrx_word' id='word_1_535' title='bbox 1721 3934 1910 4010; x_wconf 76' lang='grc' dir='ltr'>θεομά-</span> 
     </span>
    </p>
   </div>
   <div class='ocr_carea' id='block_1_79' title="bbox 263 4022 1908 4112">
    <p class='ocr_par' dir='ltr' id='par_1_79' title="bbox 263 4022 1908 4112">
     <span class='ocr_line' id='line_1_79' title="bbox 263 4022 1908 4112; baseline -0.004 -25"><span class='ocrx_word' id='word_1_536' title='bbox 263 4045 374 4112; x_wconf 70' lang='grc' dir='ltr'>χοι)</span> <span class='ocrx_word' id='word_1_537' title='bbox 424 4026 563 4086; x_wconf 75' lang='grc' dir='ltr'>κατά</span> <span class='ocrx_word' id='word_1_538' title='bbox 613 4027 712 4092; x_wconf 78' lang='grc' dir='ltr'>τὴν</span> <span class='ocrx_word' id='word_1_539' title='bbox 764 4024 973 4103; x_wconf 81' lang='grc' dir='ltr'>Θρᾴκην</span> <span class='ocrx_word' id='word_1_540' title='bbox 1023 4025 1124 4080; x_wconf 81' lang='grc' dir='ltr'><strong>ὑπὸ</strong></span> <span class='ocrx_word' id='word_1_541' title='bbox 1176 4029 1281 4080; x_wconf 80' lang='grc' dir='ltr'>τῶν</span> <span class='ocrx_word' id='word_1_542' title='bbox 1325 4022 1598 4103; x_wconf 78' lang='grc' dir='ltr'>βαρϐάρων</span> <span class='ocrx_word' id='word_1_543' title='bbox 1648 4025 1908 4103; x_wconf 85' lang='grc' dir='ltr'>ἀναίρεσιν</span> 
     </span>
    </p>
   </div>
   <div class='ocr_carea' id='block_1_80' title="bbox 1995 3401 3646 3483">
    <p class='ocr_par' dir='ltr' id='par_1_80' title="bbox 1995 3401 3646 3483">
     <span class='ocr_line' id='line_1_80' title="bbox 1995 3401 3646 3483; baseline 0 -20"><span class='ocrx_word' id='word_1_544' title='bbox 1995 3401 2339 3483; x_wconf 86' lang='lat' dir='ltr'><strong>paralytica;</strong></span> <span class='ocrx_word' id='word_1_545' title='bbox 2375 3419 2510 3462; x_wconf 87' lang='lat' dir='ltr'><strong>nam</strong></span> <span class='ocrx_word' id='word_1_546' title='bbox 2533 3402 2786 3462; x_wconf 81' lang='lat' dir='ltr'><strong>adventu</strong></span> <span class='ocrx_word' id='word_1_547' title='bbox 2811 3407 3136 3479; x_wconf 84' lang='lat' dir='ltr'><strong>martyrum</strong></span> <span class='ocrx_word' id='word_1_548' title='bbox 3171 3401 3434 3479; x_wconf 89' lang='lat' dir='ltr'><strong>priorem</strong></span> <span class='ocrx_word' id='word_1_549' title='bbox 3453 3419 3646 3464; x_wconf 90' lang='lat' dir='ltr'><strong>recu-</strong></span> 
     </span>
    </p>
   </div>
   <div class='ocr_carea' id='block_1_81' title="bbox 1997 3489 3647 3572">
    <p class='ocr_par' dir='ltr' id='par_1_81' title="bbox 1997 3489 3647 3572">
     <span class='ocr_line' id='line_1_81' title="bbox 1997 3489 3647 3572; baseline -0.001 -19"><span class='ocrx_word' id='word_1_550' title='bbox 1997 3491 2228 3571; x_wconf 77' lang='lat' dir='ltr'><strong>peravit</strong></span> <span class='ocrx_word' id='word_1_551' title='bbox 2257 3489 2686 3552; x_wconf 86' lang='lat' dir='ltr'><strong>valetudinem.</strong></span> <span class='ocrx_word' id='word_1_552' title='bbox 2721 3492 2918 3566; x_wconf 88' lang='lat' dir='ltr'><strong>Atque</strong></span> <span class='ocrx_word' id='word_1_553' title='bbox 2942 3489 3112 3550; x_wconf 90' lang='lat' dir='ltr'><strong>latuit</strong></span> <span class='ocrx_word' id='word_1_554' title='bbox 3143 3490 3386 3570; x_wconf 89' lang='lat' dir='ltr'><strong>quidem</strong></span> <span class='ocrx_word' id='word_1_555' title='bbox 3421 3499 3647 3572; x_wconf 90' lang='lat' dir='ltr'><strong>marty-</strong></span> 
     </span>
    </p>
   </div>
   <div class='ocr_carea' id='block_1_82' title="bbox 1995 3577 3652 3668">
    <p class='ocr_par' dir='ltr' id='par_1_82' title="bbox 1995 3577 3652 3668">
     <span class='ocr_line' id='line_1_82' title="bbox 1995 3577 3652 3668; baseline 0.002 -30"><span class='ocrx_word' id='word_1_556' title='bbox 1995 3580 2253 3640; x_wconf 77' lang='lat' dir='ltr'><strong>ricarum</strong></span> <span class='ocrx_word' id='word_1_557' title='bbox 2303 3580 2688 3659; x_wconf 85' lang='lat' dir='ltr'><strong>reliquiarum</strong></span> <span class='ocrx_word' id='word_1_558' title='bbox 2723 3579 3036 3668; x_wconf 67' lang='lat' dir='ltr'><strong>thesaurus</strong></span> <span class='ocrx_word' id='word_1_559' title='bbox 3065 3577 3400 3668; x_wconf 61' lang='lat' dir='ltr'><strong>absconsus</strong></span> <span class='ocrx_word' id='word_1_560' title='bbox 3429 3578 3491 3639; x_wconf 91' lang='lat' dir='ltr'><strong>in</strong></span> <span class='ocrx_word' id='word_1_561' title='bbox 3523 3580 3652 3659; x_wconf 86' lang='lat' dir='ltr'><strong>ejus</strong></span> 
     </span>
    </p>
   </div>
   <div class='ocr_carea' id='block_1_83' title="bbox 1991 3665 3651 3749">
    <p class='ocr_par' dir='ltr' id='par_1_83' title="bbox 1991 3665 3651 3749">
     <span class='ocr_line' id='line_1_83' title="bbox 1991 3665 3651 3749; baseline 0.001 -20"><span class='ocrx_word' id='word_1_562' title='bbox 1991 3668 2238 3743; x_wconf 84' lang='lat' dir='ltr'><strong>aedibus,</strong></span> <span class='ocrx_word' id='word_1_563' title='bbox 2279 3667 2473 3729; x_wconf 89' lang='lat' dir='ltr'><strong>donec</strong></span> <span class='ocrx_word' id='word_1_564' title='bbox 2523 3667 2594 3728; x_wconf 85' lang='lat' dir='ltr'><strong>ad</strong></span> <span class='ocrx_word' id='word_1_565' title='bbox 2629 3685 2904 3746; x_wconf 81' lang='lat' dir='ltr'><strong>magnum</strong></span> <span class='ocrx_word' id='word_1_566' title='bbox 2965 3665 3395 3744; x_wconf 68' lang='lat' dir='ltr'><strong>Theodosium,</strong></span> <span class='ocrx_word' id='word_1_567' title='bbox 3425 3669 3522 3749; x_wconf 92' lang='lat' dir='ltr'><strong>qui</strong></span> <span class='ocrx_word' id='word_1_568' title='bbox 3580 3687 3651 3731; x_wconf 87' lang='lat' dir='ltr'><strong>ex</strong></span> 
     </span>
    </p>
   </div>
   <div class='ocr_carea' id='block_1_84' title="bbox 1993 3755 3644 3836">
    <p class='ocr_par' dir='ltr' id='par_1_84' title="bbox 1993 3755 3644 3836">
     <span class='ocr_line' id='line_1_84' title="bbox 1993 3755 3644 3836; baseline 0.002 -20"><span class='ocrx_word' id='word_1_569' title='bbox 1993 3757 2211 3831; x_wconf 85' lang='lat' dir='ltr'><strong>Iberia,</strong></span> <span class='ocrx_word' id='word_1_570' title='bbox 2245 3775 2379 3832; x_wconf 65' lang='lat' dir='ltr'><strong>quae</strong></span> <span class='ocrx_word' id='word_1_571' title='bbox 2409 3774 2566 3817; x_wconf 90' lang='lat' dir='ltr'><strong>nunc</strong></span> <span class='ocrx_word' id='word_1_572' title='bbox 2615 3755 2906 3833; x_wconf 85' lang='lat' dir='ltr'><strong>Hispania</strong></span> <span class='ocrx_word' id='word_1_573' title='bbox 2937 3755 3176 3836; x_wconf 89' lang='lat' dir='ltr'><strong>dicitur,</strong></span> <span class='ocrx_word' id='word_1_574' title='bbox 3212 3755 3380 3817; x_wconf 83' lang='lat' dir='ltr'><strong>duxit</strong></span> <span class='ocrx_word' id='word_1_575' title='bbox 3435 3776 3644 3836; x_wconf 88' lang='lat' dir='ltr'><strong>genus,</strong></span> 
     </span>
    </p>
   </div>
   <div class='ocr_carea' id='block_1_85' title="bbox 1994 3843 3239 3928">
    <p class='ocr_par' dir='ltr' id='par_1_85' title="bbox 1994 3843 3239 3928">
     <span class='ocr_line' id='line_1_85' title="bbox 1994 3843 3239 3928; baseline -0.003 -20"><span class='ocrx_word' id='word_1_576' title='bbox 1994 3853 2398 3926; x_wconf 87' lang='lat' dir='ltr'><strong>pervenerunt</strong></span> <span class='ocrx_word' id='word_1_577' title='bbox 2427 3855 2660 3928; x_wconf 78' lang='lat' dir='ltr'><strong>sceptra</strong></span> <span class='ocrx_word' id='word_1_578' title='bbox 2691 3844 2941 3906; x_wconf 83' lang='lat' dir='ltr'><strong>Romani</strong></span> <span class='ocrx_word' id='word_1_579' title='bbox 2973 3843 3239 3925; x_wconf 89' lang='lat' dir='ltr'><strong>imperii.</strong></span> 
     </span>
    </p>
   </div>
   <div class='ocr_carea' id='block_1_86' title="bbox 2074 3932 3654 4014">
    <p class='ocr_par' dir='ltr' id='par_1_86' title="bbox 2074 3932 3654 4014">
     <span class='ocr_line' id='line_1_86' title="bbox 2074 3932 3654 4014; baseline 0.002 -19"><span class='ocrx_word' id='word_1_580' title='bbox 2074 3933 2146 3995; x_wconf 88' lang='lat' dir='ltr'><strong>X.</strong></span> <span class='ocrx_word' id='word_1_581' title='bbox 2179 3934 2322 3996; x_wconf 90' lang='lat' dir='ltr'><strong>Cum</strong></span> <span class='ocrx_word' id='word_1_582' title='bbox 2352 3943 2547 3996; x_wconf 89' lang='lat' dir='ltr'><strong>autem</strong></span> <span class='ocrx_word' id='word_1_583' title='bbox 2581 3935 2631 3995; x_wconf 93' lang='lat' dir='ltr'><strong>is</strong></span> <span class='ocrx_word' id='word_1_584' title='bbox 2680 3945 2808 4014; x_wconf 87' lang='lat' dir='ltr'><strong>post</strong></span> <span class='ocrx_word' id='word_1_585' title='bbox 2840 3932 2944 3996; x_wconf 90' lang='lat' dir='ltr'><strong>Dei</strong></span> <span class='ocrx_word' id='word_1_586' title='bbox 2975 3934 3210 3996; x_wconf 86' lang='lat' dir='ltr'><strong>hostem</strong></span> <span class='ocrx_word' id='word_1_587' title='bbox 3242 3935 3586 4013; x_wconf 87' lang='lat' dir='ltr'><strong>Valentem,</strong></span> <span class='ocrx_word' id='word_1_588' title='bbox 3619 3954 3654 3998; x_wconf 88' lang='lat' dir='ltr'><strong>a</strong></span> 
     </span>
    </p>
   </div>
   <div class='ocr_carea' id='block_1_87' title="bbox 1992 4022 3652 4098">
    <p class='ocr_par' dir='ltr' id='par_1_87' title="bbox 1992 4022 3652 4098">
     <span class='ocr_line' id='line_1_87' title="bbox 1992 4022 3652 4098; baseline 0.001 -13"><span class='ocrx_word' id='word_1_589' title='bbox 1992 4023 2262 4085; x_wconf 89' lang='lat' dir='ltr'><strong>barbaris</strong></span> <span class='ocrx_word' id='word_1_590' title='bbox 2292 4024 2353 4084; x_wconf 91' lang='lat' dir='ltr'><strong>in</strong></span> <span class='ocrx_word' id='word_1_591' title='bbox 2405 4023 2611 4086; x_wconf 88' lang='lat' dir='ltr'><strong>Tracia</strong></span> <span class='ocrx_word' id='word_1_592' title='bbox 2642 4022 3048 4098; x_wconf 78' lang='lat' dir='ltr'><strong>interfectum,</strong></span> <span class='ocrx_word' id='word_1_593' title='bbox 3086 4031 3250 4085; x_wconf 89' lang='lat' dir='ltr'><strong>esset</strong></span> <span class='ocrx_word' id='word_1_594' title='bbox 3292 4026 3652 4088; x_wconf 90' lang='lat' dir='ltr'><strong>constitutus</strong></span> 
     </span>
    </p>
   </div>
   <div class='ocr_carea' id='block_1_88' title="bbox 263 4113 1911 4195">
    <p class='ocr_par' dir='ltr' id='par_1_88' title="bbox 263 4113 1906 4195">
     <span class='ocr_line' id='line_1_88' title="bbox 263 4113 1906 4195; baseline -0.005 -18"><span class='ocrx_word' id='word_1_595' title='bbox 263 4122 351 4177; x_wconf 69' lang='grc' dir='ltr'><strong>επὶ</strong></span> <span class='ocrx_word' id='word_1_596' title='bbox 398 4122 498 4186; x_wconf 71' lang='grc' dir='ltr'>τῆς</span> <span class='ocrx_word' id='word_1_597' title='bbox 528 4116 707 4195; x_wconf 74' lang='grc' dir='ltr'>ἀρχῆς</span> <span class='ocrx_word' id='word_1_598' title='bbox 761 4113 1014 4186; x_wconf 80' lang='grc' dir='ltr'>κατέστη,</span> <span class='ocrx_word' id='word_1_599' title='bbox 1051 4113 1113 4169; x_wconf 74' lang='grc' dir='ltr'><strong>τὰ</strong></span> <span class='ocrx_word' id='word_1_600' title='bbox 1161 4134 1280 4191; x_wconf 88' lang='grc' dir='ltr'>περι</span> <span class='ocrx_word' id='word_1_601' title='bbox 1312 4114 1372 4169; x_wconf 78' lang='grc' dir='ltr'>τὸ</span> <span class='ocrx_word' id='word_1_602' title='bbox 1425 4113 1581 4169; x_wconf 80' lang='grc' dir='ltr'>Θετόν</span> <span class='ocrx_word' id='word_1_603' title='bbox 1611 4135 1668 4169; x_wconf 88' lang='grc' dir='ltr'><strong>τε</strong></span> <span class='ocrx_word' id='word_1_604' title='bbox 1713 4113 1906 4191; x_wconf 82' lang='grc' dir='ltr'>ἀγαθὸς</span> 
     </span>
    </p>
   </div>
   <div class='ocr_carea' id='block_1_89' title="bbox 2000 4113 3654 4195">
    <p class='ocr_par' dir='ltr' id='par_1_89' title="bbox 2000 4113 3654 4194">
     <span class='ocr_line' id='line_1_89' title="bbox 2000 4113 3654 4194; baseline 0.001 -20"><span class='ocrx_word' id='word_1_605' title='bbox 2000 4114 2346 4194; x_wconf 86' lang='lat' dir='ltr'><strong>imperator,</strong></span> <span class='ocrx_word' id='word_1_606' title='bbox 2384 4121 2443 4174; x_wconf 91' lang='lat' dir='ltr'><strong>et</strong></span> <span class='ocrx_word' id='word_1_607' title='bbox 2478 4115 2537 4174; x_wconf 91' lang='lat' dir='ltr'><strong>in</strong></span> <span class='ocrx_word' id='word_1_608' title='bbox 2572 4114 2760 4174; x_wconf 92' lang='lat' dir='ltr'><strong>Deum</strong></span> <span class='ocrx_word' id='word_1_609' title='bbox 2795 4123 2921 4175; x_wconf 89' lang='lat' dir='ltr'><strong>erat</strong></span> <span class='ocrx_word' id='word_1_610' title='bbox 2951 4113 3110 4193; x_wconf 85' lang='lat' dir='ltr'><strong>pius,</strong></span> <span class='ocrx_word' id='word_1_611' title='bbox 3147 4114 3196 4174; x_wconf 92' lang='lat' dir='ltr'><strong>si</strong></span> <span class='ocrx_word' id='word_1_612' title='bbox 3226 4113 3386 4176; x_wconf 90' lang='lat' dir='ltr'><strong>ullus</strong></span> <span class='ocrx_word' id='word_1_613' title='bbox 3411 4115 3654 4191; x_wconf 87' lang='lat' dir='ltr'><strong>alius,et</strong></span> 
     </span>
    </p>
   </div>
   <div class='ocr_carea' id='block_1_90' title="bbox 263 4200 1911 4287">
    <p class='ocr_par' dir='ltr' id='par_1_90' title="bbox 263 4200 1911 4287">
     <span class='ocr_line' id='line_1_90' title="bbox 263 4200 1911 4287; baseline -0.004 -23"><span class='ocrx_word' id='word_1_614' title='bbox 263 4210 422 4287; x_wconf 73' lang='grc' dir='ltr'>εἴπερ</span> <span class='ocrx_word' id='word_1_615' title='bbox 481 4227 562 4269; x_wconf 89' lang='grc' dir='ltr'><strong>τις</strong></span> <span class='ocrx_word' id='word_1_616' title='bbox 620 4204 798 4284; x_wconf 89' lang='grc' dir='ltr'>ἓτερος</span> <span class='ocrx_word' id='word_1_617' title='bbox 856 4203 947 4282; x_wconf 77' lang='grc' dir='ltr'>ἦν,</span> <span class='ocrx_word' id='word_1_618' title='bbox 997 4204 1082 4260; x_wconf 84' lang='grc' dir='ltr'>καὶ</span> <span class='ocrx_word' id='word_1_619' title='bbox 1129 4200 1196 4268; x_wconf 78' lang='grc' dir='ltr'>δὴ</span> <span class='ocrx_word' id='word_1_620' title='bbox 1254 4203 1342 4265; x_wconf 73' lang='grc' dir='ltr'><strong>καὶ</strong></span> <span class='ocrx_word' id='word_1_621' title='bbox 1397 4202 1673 4281; x_wconf 81' lang='grc' dir='ltr'>μαρτύρων</span> <span class='ocrx_word' id='word_1_622' title='bbox 1727 4215 1911 4278; x_wconf 74' lang='grc' dir='ltr'>τιμαῖς</span> 
     </span>
    </p>
   </div>
   <div class='ocr_carea' id='block_1_91' title="bbox 2000 4200 3651 4287">
    <p class='ocr_par' dir='ltr' id='par_1_91' title="bbox 2001 4201 3651 4285">
     <span class='ocr_line' id='line_1_91' title="bbox 2001 4201 3651 4285; baseline 0.001 -21"><span class='ocrx_word' id='word_1_623' title='bbox 2001 4217 2326 4283; x_wconf 76' lang='lat' dir='ltr'><strong>martyrum</strong></span> <span class='ocrx_word' id='word_1_624' title='bbox 2363 4203 2670 4265; x_wconf 84' lang='lat' dir='ltr'><strong>laetabatur</strong></span> <span class='ocrx_word' id='word_1_625' title='bbox 2699 4201 3054 4279; x_wconf 84' lang='lat' dir='ltr'><strong>honoribus,</strong></span> <span class='ocrx_word' id='word_1_626' title='bbox 3091 4210 3230 4264; x_wconf 89' lang='lat' dir='ltr'><strong>tunc</strong></span> <span class='ocrx_word' id='word_1_627' title='bbox 3274 4222 3514 4285; x_wconf 88' lang='lat' dir='ltr'><strong>quoque</strong></span> <span class='ocrx_word' id='word_1_628' title='bbox 3546 4221 3651 4265; x_wconf 86' lang='lat' dir='ltr'><strong>sa-</strong></span> 
     </span>
    </p>
   </div>
   <div class='ocr_carea' id='block_1_92' title="bbox 270 4289 1911 4379">
    <p class='ocr_par' dir='ltr' id='par_1_92' title="bbox 270 4289 1911 4379">
     <span class='ocr_line' id='line_1_92' title="bbox 270 4289 1911 4379; baseline -0.005 -24"><span class='ocrx_word' id='word_1_629' title='bbox 270 4297 699 4379; x_wconf 68' lang='grc' dir='ltr'>εὔφραινόμενος·</span> <span class='ocrx_word' id='word_1_630' title='bbox 760 4294 878 4350; x_wconf 87' lang='grc' dir='ltr'>τότε</span> <span class='ocrx_word' id='word_1_631' title='bbox 909 4293 1003 4348; x_wconf 85' lang='grc' dir='ltr'><strong>καί</strong></span> <span class='ocrx_word' id='word_1_632' title='bbox 1051 4291 1117 4347; x_wconf 74' lang='grc' dir='ltr'>τὰ</span> <span class='ocrx_word' id='word_1_633' title='bbox 1153 4289 1266 4368; x_wconf 76' lang='grc' dir='ltr'><strong>ἱερά</strong></span> <span class='ocrx_word' id='word_1_634' title='bbox 1307 4292 1507 4349; x_wconf 88' lang='grc' dir='ltr'>τούτων</span> <span class='ocrx_word' id='word_1_635' title='bbox 1565 4291 1790 4367; x_wconf 84' lang='grc' dir='ltr'>λείψανα</span> <span class='ocrx_word' id='word_1_636' title='bbox 1846 4297 1911 4367; x_wconf 79' lang='grc' dir='ltr'><strong>τῇ</strong></span> 
     </span>
    </p>
   </div>
   <div class='ocr_carea' id='block_1_93' title="bbox 2000 4289 3654 4379">
    <p class='ocr_par' dir='ltr' id='par_1_93' title="bbox 2000 4293 3654 4374">
     <span class='ocr_line' id='line_1_93' title="bbox 2000 4293 3654 4374; baseline 0 -20"><span class='ocrx_word' id='word_1_637' title='bbox 2000 4311 2116 4355; x_wconf 84' lang='lat' dir='ltr'><strong>crae</strong></span> <span class='ocrx_word' id='word_1_638' title='bbox 2145 4310 2352 4355; x_wconf 89' lang='lat' dir='ltr'><strong>eorum</strong></span> <span class='ocrx_word' id='word_1_639' title='bbox 2402 4293 2700 4374; x_wconf 61' lang='lat' dir='ltr'><strong>reliquias,</strong></span> <span class='ocrx_word' id='word_1_640' title='bbox 2735 4302 3012 4373; x_wconf 83' lang='lat' dir='ltr'><strong>tanquam</strong></span> <span class='ocrx_word' id='word_1_641' title='bbox 3047 4293 3399 4369; x_wconf 87' lang='lat' dir='ltr'><strong>thesaurus,</strong></span> <span class='ocrx_word' id='word_1_642' title='bbox 3434 4311 3654 4355; x_wconf 90' lang='lat' dir='ltr'><strong>recon-</strong></span> 
     </span>
    </p>
   </div>
   <div class='ocr_carea' id='block_1_94' title="bbox 272 4380 1914 4462">
    <p class='ocr_par' dir='ltr' id='par_1_94' title="bbox 272 4380 1914 4462">
     <span class='ocr_line' id='line_1_94' title="bbox 272 4380 1914 4462; baseline -0.006 -15"><span class='ocrx_word' id='word_1_643' title='bbox 272 4385 608 4447; x_wconf 77' lang='grc' dir='ltr'>Μεδιολὰνων</span> <span class='ocrx_word' id='word_1_644' title='bbox 662 4383 1029 4462; x_wconf 81' lang='grc' dir='ltr'>θησαυρίζεται</span> <span class='ocrx_word' id='word_1_645' title='bbox 1087 4380 1366 4457; x_wconf 75' lang='grc' dir='ltr'>ἐκκλησίᾳ,</span> <span class='ocrx_word' id='word_1_646' title='bbox 1417 4382 1698 4460; x_wconf 80' lang='grc' dir='ltr'>Ναζαρίου,</span> <span class='ocrx_word' id='word_1_647' title='bbox 1753 4382 1914 4461; x_wconf 73' lang='grc' dir='ltr'>φημὶ,</span> 
     </span>
    </p>
   </div>
   <div class='ocr_carea' id='block_1_95' title="bbox 1999 4380 3650 4462">
    <p class='ocr_par' dir='ltr' id='par_1_95' title="bbox 1999 4380 3650 4462">
     <span class='ocr_line' id='line_1_95' title="bbox 1999 4380 3650 4462; baseline -0.001 -18"><span class='ocrx_word' id='word_1_648' title='bbox 1999 4382 2223 4444; x_wconf 89' lang='lat' dir='ltr'><strong>duntur</strong></span> <span class='ocrx_word' id='word_1_649' title='bbox 2253 4384 2311 4443; x_wconf 91' lang='lat' dir='ltr'><strong>in</strong></span> <span class='ocrx_word' id='word_1_650' title='bbox 2342 4382 2598 4444; x_wconf 89' lang='lat' dir='ltr'><strong>ecclesia</strong></span> <span class='ocrx_word' id='word_1_651' title='bbox 2617 4381 3070 4456; x_wconf 82' lang='lat' dir='ltr'><strong>Mediolanensi,</strong></span> <span class='ocrx_word' id='word_1_652' title='bbox 3104 4380 3356 4459; x_wconf 88' lang='lat' dir='ltr'><strong>Nazarii,</strong></span> <span class='ocrx_word' id='word_1_653' title='bbox 3384 4383 3650 4462; x_wconf 84' lang='lat' dir='ltr'><strong>inquam,</strong></span> 
     </span>
    </p>
   </div>
   <div class='ocr_carea' id='block_1_96' title="bbox 269 4467 1911 4555">
    <p class='ocr_par' dir='ltr' id='par_1_96' title="bbox 269 4470 1911 4555">
     <span class='ocr_line' id='line_1_96' title="bbox 269 4470 1911 4555; baseline -0.007 -16"><span class='ocrx_word' id='word_1_654' title='bbox 269 4481 361 4539; x_wconf 82' lang='grc' dir='ltr'>καὶ</span> <span class='ocrx_word' id='word_1_655' title='bbox 415 4472 718 4555; x_wconf 78' lang='grc' dir='ltr'>Γερϐασίου,</span> <span class='ocrx_word' id='word_1_656' title='bbox 754 4472 1041 4551; x_wconf 87' lang='grc' dir='ltr'>[Ιροτασίου</span> <span class='ocrx_word' id='word_1_657' title='bbox 1070 4492 1128 4527; x_wconf 86' lang='grc' dir='ltr'><strong>τε</strong></span> <span class='ocrx_word' id='word_1_658' title='bbox 1174 4471 1269 4528; x_wconf 76' lang='grc' dir='ltr'><strong>καῖ</strong></span> <span class='ocrx_word' id='word_1_659' title='bbox 1332 4470 1576 4550; x_wconf 80' lang='grc' dir='ltr'>Κελσίου,</span> <span class='ocrx_word' id='word_1_660' title='bbox 1603 4476 1710 4526; x_wconf 83' lang='grc' dir='ltr'><strong>τῶν</strong></span> <span class='ocrx_word' id='word_1_661' title='bbox 1765 4493 1911 4550; x_wconf 88' lang='grc' dir='ltr'>περι-</span> 
     </span>
    </p>
   </div>
   <div class='ocr_carea' id='block_1_97' title="bbox 2000 4467 3659 4555">
    <p class='ocr_par' dir='ltr' id='par_1_97' title="bbox 2003 4470 3659 4553">
     <span class='ocr_line' id='line_1_97' title="bbox 2003 4470 3659 4553; baseline -0.002 -19"><span class='ocrx_word' id='word_1_662' title='bbox 2003 4480 2060 4534; x_wconf 91' lang='lat' dir='ltr'><strong>et</strong></span> <span class='ocrx_word' id='word_1_663' title='bbox 2088 4471 2373 4546; x_wconf 89' lang='lat' dir='ltr'><strong>Gervasii,</strong></span> <span class='ocrx_word' id='word_1_664' title='bbox 2411 4471 2692 4534; x_wconf 88' lang='lat' dir='ltr'><strong>Prostasii</strong></span> <span class='ocrx_word' id='word_1_665' title='bbox 2724 4480 2783 4534; x_wconf 88' lang='lat' dir='ltr'><strong>et</strong></span> <span class='ocrx_word' id='word_1_666' title='bbox 2813 4470 3018 4553; x_wconf 87' lang='lat' dir='ltr'><strong>Celsii,</strong></span> <span class='ocrx_word' id='word_1_667' title='bbox 3038 4471 3403 4553; x_wconf 86' lang='lat' dir='ltr'><strong>inclytorum</strong></span> <span class='ocrx_word' id='word_1_668' title='bbox 3435 4471 3659 4540; x_wconf 82' lang='lat' dir='ltr'><strong>Christi</strong></span> 
     </span>
    </p>
   </div>
   <div class='ocr_carea' id='block_1_98' title="bbox 270 4557 1920 4641">
    <p class='ocr_par' dir='ltr' id='par_1_98' title="bbox 270 4557 1920 4641">
     <span class='ocr_line' id='line_1_98' title="bbox 270 4557 1920 4641; baseline -0.006 -15"><span class='ocrx_word' id='word_1_669' title='bbox 270 4567 517 4626; x_wconf 83' lang='grc' dir='ltr'>ϐλέπτῶν</span> <span class='ocrx_word' id='word_1_670' title='bbox 593 4570 686 4620; x_wconf 83' lang='grc' dir='ltr'>τοῦ</span> <span class='ocrx_word' id='word_1_671' title='bbox 737 4567 961 4641; x_wconf 77' lang='grc' dir='ltr'>Χριστοῦ</span> <span class='ocrx_word' id='word_1_672' title='bbox 1038 4563 1335 4639; x_wconf 85' lang='grc' dir='ltr'>μαρτύρων.</span> <span class='ocrx_word' id='word_1_673' title='bbox 1381 4561 1542 4622; x_wconf 68' lang='grc' dir='ltr'>,Τίνες</span> <span class='ocrx_word' id='word_1_674' title='bbox 1618 4557 1672 4614; x_wconf 78' lang='grc' dir='ltr'>δὲ</span> <span class='ocrx_word' id='word_1_675' title='bbox 1728 4561 1816 4617; x_wconf 87' lang='grc' dir='ltr'>καὶ</span> <span class='ocrx_word' id='word_1_676' title='bbox 1874 4562 1920 4616; x_wconf 78' lang='grc' dir='ltr'><strong>οἱ</strong></span> 
     </span>
    </p>
   </div>
   <div class='ocr_carea' id='block_1_99' title="bbox 271 4647 1920 4728">
    <p class='ocr_par' dir='ltr' id='par_1_99' title="bbox 271 4647 1920 4728">
     <span class='ocr_line' id='line_1_99' title="bbox 271 4647 1920 4728; baseline -0.006 -13"><span class='ocrx_word' id='word_1_677' title='bbox 271 4659 390 4728; x_wconf 77' lang='grc' dir='ltr'>περὶ</span> <span class='ocrx_word' id='word_1_678' title='bbox 460 4659 558 4722; x_wconf 79' lang='grc' dir='ltr'>τὴν</span> <span class='ocrx_word' id='word_1_679' title='bbox 633 4648 996 4728; x_wconf 77' lang='grc' dir='ltr'>μετακομιδην</span> <span class='ocrx_word' id='word_1_680' title='bbox 1052 4649 1254 4706; x_wconf 77' lang='grc' dir='ltr'>τούτων</span> <span class='ocrx_word' id='word_1_681' title='bbox 1311 4647 1407 4706; x_wconf 75' lang='grc' dir='ltr'><strong>καί</strong></span> <span class='ocrx_word' id='word_1_682' title='bbox 1463 4649 1562 4717; x_wconf 78' lang='grc' dir='ltr'><strong>τὴν</strong></span> <span class='ocrx_word' id='word_1_683' title='bbox 1638 4651 1920 4706; x_wconf 79' lang='grc' dir='ltr'>κατάθεσιν</span> 
     </span>
    </p>
   </div>
   <div class='ocr_carea' id='block_1_100' title="bbox 271 4723 1920 4825">
    <p class='ocr_par' dir='ltr' id='par_1_100' title="bbox 271 4723 1920 4825">
     <span class='ocr_line' id='line_1_100' title="bbox 271 4723 1920 4825; baseline -0.006 -20"><span class='ocrx_word' id='word_1_684' title='bbox 271 4723 742 4825; x_wconf 70' lang='grc' dir='ltr'>ὒπουργὴσαντεςς</span> <span class='ocrx_word' id='word_1_685' title='bbox 805 4723 1120 4818; x_wconf 69' lang='grc' dir='ltr'>’Ᾰμϐρόσιος</span> <span class='ocrx_word' id='word_1_686' title='bbox 1159 4741 1183 4795; x_wconf 74' lang='lat'><strong>&#39;3</strong></span> <span class='ocrx_word' id='word_1_687' title='bbox 1230 4738 1327 4805; x_wconf 75' lang='grc' dir='ltr'>τὴν</span> <span class='ocrx_word' id='word_1_688' title='bbox 1357 4737 1547 4818; x_wconf 76' lang='grc' dir='ltr'>ἀρετὴν</span> <span class='ocrx_word' id='word_1_689' title='bbox 1605 4737 1920 4818; x_wconf 81' lang='grc' dir='ltr'>περιϐόητος</span> 
     </span>
    </p>
   </div>
   <div class='ocr_carea' id='block_1_101' title="bbox 273 4826 1922 4907">
    <p class='ocr_par' dir='ltr' id='par_1_101' title="bbox 273 4826 1922 4907">
     <span class='ocr_line' id='line_1_101' title="bbox 273 4826 1922 4907; baseline -0.005 -14"><span class='ocrx_word' id='word_1_690' title='bbox 273 4837 364 4894; x_wconf 83' lang='grc' dir='ltr'>καὶ</span> <span class='ocrx_word' id='word_1_691' title='bbox 421 4840 518 4901; x_wconf 74' lang='grc' dir='ltr'>τῆς</span> <span class='ocrx_word' id='word_1_692' title='bbox 575 4838 690 4890; x_wconf 83' lang='grc' dir='ltr'><strong>τῶν</strong></span> <span class='ocrx_word' id='word_1_693' title='bbox 753 4828 1096 4887; x_wconf 78' lang='grc' dir='ltr'>Μεδιολάνων</span> <span class='ocrx_word' id='word_1_694' title='bbox 1159 4826 1480 4894; x_wconf 85' lang='grc' dir='ltr'>Ἐκκλησίας</span> <span class='ocrx_word' id='word_1_695' title='bbox 1534 4828 1653 4884; x_wconf 89' lang='grc' dir='ltr'>τότε</span> <span class='ocrx_word' id='word_1_696' title='bbox 1723 4829 1922 4907; x_wconf 74' lang='grc' dir='ltr'>θρόνοις</span> 
     </span>
    </p>
   </div>
   <div class='ocr_carea' id='block_1_102' title="bbox 276 4917 1921 5005">
    <p class='ocr_par' dir='ltr' id='par_1_102' title="bbox 276 4917 1921 5005">
     <span class='ocr_line' id='line_1_102' title="bbox 276 4917 1921 5005; baseline -0.007 -22"><span class='ocrx_word' id='word_1_697' title='bbox 276 4926 589 5005; x_wconf 76' lang='grc' dir='ltr'>ἐμπρέπων.</span> <span class='ocrx_word' id='word_1_698' title='bbox 627 4921 790 4986; x_wconf 81' lang='grc' dir='ltr'>Οὗτος</span> <span class='ocrx_word' id='word_1_699' title='bbox 837 4917 903 4986; x_wconf 76' lang='grc' dir='ltr'><strong>δὴ</strong></span> <span class='ocrx_word' id='word_1_700' title='bbox 934 4925 1142 4998; x_wconf 82' lang='grc' dir='ltr'>πρῶτος</span> <span class='ocrx_word' id='word_1_701' title='bbox 1188 4917 1508 4996; x_wconf 78' lang='grc' dir='ltr'>ἐλειτούργει</span> <span class='ocrx_word' id='word_1_702' title='bbox 1547 4923 1613 4994; x_wconf 77' lang='grc' dir='ltr'><strong>τῇ</strong></span> <span class='ocrx_word' id='word_1_703' title='bbox 1643 4919 1921 4993; x_wconf 81' lang='grc' dir='ltr'>μεναθέσει</span> 
     </span>
    </p>
   </div>
   <div class='ocr_carea' id='block_1_103' title="bbox 275 5006 1928 5089">
    <p class='ocr_par' dir='ltr' id='par_1_103' title="bbox 275 5006 1928 5089">
     <span class='ocr_line' id='line_1_103' title="bbox 275 5006 1928 5089; baseline -0.007 -15"><span class='ocrx_word' id='word_1_704' title='bbox 275 5018 374 5074; x_wconf 72' lang='grc' dir='ltr'>οὒκ</span> <span class='ocrx_word' id='word_1_705' title='bbox 426 5015 689 5085; x_wconf 74' lang='grc' dir='ltr'>ἀνίπτοις,</span> <span class='ocrx_word' id='word_1_706' title='bbox 749 5013 776 5067; x_wconf 77' lang='grc' dir='ltr'>ὃ</span> <span class='ocrx_word' id='word_1_707' title='bbox 828 5008 1062 5088; x_wconf 83' lang='grc' dir='ltr'>λέγεται,</span> <span class='ocrx_word' id='word_1_708' title='bbox 1097 5010 1281 5089; x_wconf 85' lang='grc' dir='ltr'>χερσὶν</span> <span class='ocrx_word' id='word_1_709' title='bbox 1335 5007 1473 5063; x_wconf 80' lang='grc' dir='ltr'>ἀλλὰ</span> <span class='ocrx_word' id='word_1_710' title='bbox 1522 5008 1608 5063; x_wconf 88' lang='grc' dir='ltr'><strong>καὶ</strong></span> <span class='ocrx_word' id='word_1_711' title='bbox 1653 5006 1770 5063; x_wconf 87' lang='grc' dir='ltr'>λίαν</span> <span class='ocrx_word' id='word_1_712' title='bbox 1827 5030 1928 5064; x_wconf 86' lang='grc' dir='ltr'>κα-</span> 
     </span>
    </p>
   </div>
   <div class='ocr_carea' id='block_1_104' title="bbox 272 5093 1928 5185">
    <p class='ocr_par' dir='ltr' id='par_1_104' title="bbox 272 5093 1928 5185">
     <span class='ocr_line' id='line_1_104' title="bbox 272 5093 1928 5185; baseline -0.01 -21"><span class='ocrx_word' id='word_1_713' title='bbox 272 5111 467 5185; x_wconf 74' lang='grc' dir='ltr'>θαραῖς</span> <span class='ocrx_word' id='word_1_714' title='bbox 503 5105 566 5160; x_wconf 80' lang='grc' dir='ltr'>τὰ</span> <span class='ocrx_word' id='word_1_715' title='bbox 605 5101 808 5179; x_wconf 73' lang='grc' dir='ltr'>καθαρὰ</span> <span class='ocrx_word' id='word_1_716' title='bbox 869 5100 1278 5175; x_wconf 87' lang='grc' dir='ltr'>πιστευόμενος·</span> <span class='ocrx_word' id='word_1_717' title='bbox 1315 5098 1444 5173; x_wconf 82' lang='grc' dir='ltr'>πρὸς</span> <span class='ocrx_word' id='word_1_718' title='bbox 1495 5093 1550 5151; x_wconf 77' lang='grc' dir='ltr'>δὲ</span> <span class='ocrx_word' id='word_1_719' title='bbox 1576 5095 1672 5153; x_wconf 79' lang='grc' dir='ltr'><strong>καΐ</strong></span> <span class='ocrx_word' id='word_1_720' title='bbox 1729 5099 1928 5175; x_wconf 77' lang='grc' dir='ltr'>κλῆρον</span> 
     </span>
    </p>
   </div>
   <div class='ocr_carea' id='block_1_105' title="bbox 274 5186 1928 5267">
    <p class='ocr_par' dir='ltr' id='par_1_105' title="bbox 274 5186 1928 5267">
     <span class='ocr_line' id='line_1_105' title="bbox 274 5186 1928 5267; baseline -0.007 -14"><span class='ocrx_word' id='word_1_721' title='bbox 274 5198 417 5258; x_wconf 78' lang='grc' dir='ltr'>ἅπας</span> <span class='ocrx_word' id='word_1_722' title='bbox 471 5195 560 5250; x_wconf 88' lang='grc' dir='ltr'><strong>καὶ</strong></span> <span class='ocrx_word' id='word_1_723' title='bbox 593 5195 640 5248; x_wconf 75' lang='grc' dir='ltr'><strong>οἱ</strong></span> <span class='ocrx_word' id='word_1_724' title='bbox 694 5190 751 5248; x_wconf 74' lang='grc' dir='ltr'>ἑν</span> <span class='ocrx_word' id='word_1_725' title='bbox 779 5189 921 5247; x_wconf 89' lang='grc' dir='ltr'>τέλει</span> <span class='ocrx_word' id='word_1_726' title='bbox 971 5188 1242 5267; x_wconf 73' lang='grc' dir='ltr'>γλώσσαις</span> <span class='ocrx_word' id='word_1_727' title='bbox 1270 5186 1540 5264; x_wconf 76' lang='grc' dir='ltr'>ᾀδούσαις,</span> <span class='ocrx_word' id='word_1_728' title='bbox 1574 5186 1728 5265; x_wconf 82' lang='grc' dir='ltr'>χερσὶ</span> <span class='ocrx_word' id='word_1_729' title='bbox 1783 5187 1928 5262; x_wconf 88' lang='grc' dir='ltr'>λαμ-</span> 
     </span>
    </p>
   </div>
   <div class='ocr_carea' id='block_1_106' title="bbox 275 5274 1926 5365">
    <p class='ocr_par' dir='ltr' id='par_1_106' title="bbox 275 5274 1926 5365">
     <span class='ocr_line' id='line_1_106' title="bbox 275 5274 1926 5365; baseline -0.006 -21"><span class='ocrx_word' id='word_1_730' title='bbox 275 5284 448 5348; x_wconf 64' lang='grc' dir='ltr'>πέδας</span> <span class='ocrx_word' id='word_1_731' title='bbox 480 5283 780 5365; x_wconf 78' lang='grc' dir='ltr'>φορούσαις,</span> <span class='ocrx_word' id='word_1_732' title='bbox 817 5280 881 5335; x_wconf 75' lang='grc' dir='ltr'><strong>τὰ</strong></span> <span class='ocrx_word' id='word_1_733' title='bbox 910 5277 1099 5354; x_wconf 87' lang='grc' dir='ltr'>πολλῷ</span> <span class='ocrx_word' id='word_1_734' title='bbox 1139 5278 1301 5334; x_wconf 90' lang='grc' dir='ltr'>πλέον</span> <span class='ocrx_word' id='word_1_735' title='bbox 1329 5283 1435 5333; x_wconf 84' lang='grc' dir='ltr'><strong>τῶν</strong></span> <span class='ocrx_word' id='word_1_736' title='bbox 1483 5274 1779 5351; x_wconf 78' lang='grc' dir='ltr'>λαμπάδων</span> <span class='ocrx_word' id='word_1_737' title='bbox 1807 5291 1926 5342; x_wconf 74' lang='grc' dir='ltr'>τοῖς</span> 
     </span>
    </p>
   </div>
   <div class='ocr_carea' id='block_1_107' title="bbox 273 5366 1926 5451">
    <p class='ocr_par' dir='ltr' id='par_1_107' title="bbox 273 5366 1926 5451">
     <span class='ocr_line' id='line_1_107' title="bbox 273 5366 1926 5451; baseline -0.005 -18"><span class='ocrx_word' id='word_1_738' title='bbox 273 5379 508 5451; x_wconf 80' lang='grc' dir='ltr'>θαύμασι</span> <span class='ocrx_word' id='word_1_739' title='bbox 564 5369 961 5446; x_wconf 80' lang='grc' dir='ltr'>διαλάμποντα·</span> <span class='ocrx_word' id='word_1_740' title='bbox 1024 5367 1226 5446; x_wconf 76' lang='grc' dir='ltr'><strong>Τυφλοί</strong></span> <span class='ocrx_word' id='word_1_741' title='bbox 1300 5367 1396 5440; x_wconf 74' lang='grc' dir='ltr'>μὲν</span> <span class='ocrx_word' id='word_1_742' title='bbox 1453 5367 1552 5444; x_wconf 79' lang='grc' dir='ltr'>γὰρ</span> <span class='ocrx_word' id='word_1_743' title='bbox 1612 5366 1712 5429; x_wconf 85' lang='grc' dir='ltr'>ἓως</span> <span class='ocrx_word' id='word_1_744' title='bbox 1770 5367 1926 5425; x_wconf 76' lang='grc' dir='ltr'>αὒτὸν</span> 
     </span>
    </p>
   </div>
   <div class='ocr_carea' id='block_1_108' title="bbox 277 5455 1928 5546">
    <p class='ocr_par' dir='ltr' id='par_1_108' title="bbox 277 5455 1928 5546">
     <span class='ocr_line' id='line_1_108' title="bbox 277 5455 1928 5546; baseline -0.005 -25"><span class='ocrx_word' id='word_1_745' title='bbox 277 5459 779 5546; x_wconf 82' lang='grc' dir='ltr'>χειραγωγηθέντες</span> <span class='ocrx_word' id='word_1_746' title='bbox 838 5461 950 5537; x_wconf 69' lang='grc' dir='ltr'>φῶς</span> <span class='ocrx_word' id='word_1_747' title='bbox 992 5479 1049 5514; x_wconf 85' lang='grc' dir='ltr'><strong>τε</strong></span> <span class='ocrx_word' id='word_1_748' title='bbox 1105 5458 1249 5522; x_wconf 78' lang='grc' dir='ltr'>εὐθὺς</span> <span class='ocrx_word' id='word_1_749' title='bbox 1307 5455 1476 5530; x_wconf 66' lang='grc' dir='ltr'>εἶδον,</span> <span class='ocrx_word' id='word_1_750' title='bbox 1517 5456 1604 5511; x_wconf 87' lang='grc' dir='ltr'>καὶ</span> <span class='ocrx_word' id='word_1_751' title='bbox 1667 5455 1772 5536; x_wconf 70' lang='grc' dir='ltr'>οὐχ</span> <span class='ocrx_word' id='word_1_752' title='bbox 1828 5457 1928 5514; x_wconf 80' lang='grc' dir='ltr'><strong>ὑπὸ</strong></span> 
     </span>
    </p>
   </div>
   <div class='ocr_carea' id='block_1_109' title="bbox 277 5546 1928 5638">
    <p class='ocr_par' dir='ltr' id='par_1_109' title="bbox 277 5546 1928 5638">
     <span class='ocr_line' id='line_1_109' title="bbox 277 5546 1928 5638; baseline -0.005 -27"><span class='ocrx_word' id='word_1_753' title='bbox 277 5558 610 5638; x_wconf 81' lang='grc' dir='ltr'>χειραγωγῷ</span> <span class='ocrx_word' id='word_1_754' title='bbox 661 5549 868 5608; x_wconf 75' lang='grc' dir='ltr'>ἔϐαινον</span> <span class='ocrx_word' id='word_1_755' title='bbox 928 5547 1030 5623; x_wconf 76' lang='grc' dir='ltr'>ἔτι,</span> <span class='ocrx_word' id='word_1_756' title='bbox 1091 5547 1228 5606; x_wconf 78' lang='grc' dir='ltr'><strong>ἆλλᾶ</strong></span> <span class='ocrx_word' id='word_1_757' title='bbox 1291 5546 1408 5610; x_wconf 83' lang='grc' dir='ltr'>τοὺς</span> <span class='ocrx_word' id='word_1_758' title='bbox 1461 5546 1658 5604; x_wconf 78' lang='grc' dir='ltr'>ἑαυτῶν</span> <span class='ocrx_word' id='word_1_759' title='bbox 1712 5546 1928 5626; x_wconf 70' lang='grc' dir='ltr'>ἔχοντες</span> 
     </span>
    </p>
   </div>
   <div class='ocr_carea' id='block_1_110' title="bbox 605 5683 1257 5752">
    <p class='ocr_par' dir='ltr' id='par_1_110' title="bbox 605 5683 1257 5752">
     <span class='ocr_line' id='line_1_110' title="bbox 605 5683 1257 5752; baseline -0.014 -3"><span class='ocrx_word' id='word_1_760' title='bbox 605 5687 866 5752; x_wconf 73' lang='grc' dir='ltr'>ΡΑτιιοι..</span> <span class='ocrx_word' id='word_1_761' title='bbox 899 5685 1011 5751; x_wconf 80' lang='lat' dir='ltr'><strong>Gn.</strong></span> <span class='ocrx_word' id='word_1_762' title='bbox 1051 5683 1257 5748; x_wconf 86' lang='lat' dir='ltr'>CXVI.</span> 
     </span>
    </p>
   </div>
   <div class='ocr_carea' id='block_1_111' title="bbox 2003 4559 3652 4642">
    <p class='ocr_par' dir='ltr' id='par_1_111' title="bbox 2003 4559 3652 4642">
     <span class='ocr_line' id='line_1_111' title="bbox 2003 4559 3652 4642; baseline 0.001 -20"><span class='ocrx_word' id='word_1_763' title='bbox 2003 4571 2342 4642; x_wconf 89' lang='lat' dir='ltr'><strong>martyrum.</strong></span> <span class='ocrx_word' id='word_1_764' title='bbox 2379 4559 2630 4632; x_wconf 88' lang='lat' dir='ltr'><strong>Quinam</strong></span> <span class='ocrx_word' id='word_1_765' title='bbox 2680 4568 2876 4623; x_wconf 88' lang='lat' dir='ltr'><strong>autem</strong></span> <span class='ocrx_word' id='word_1_766' title='bbox 2936 4561 3182 4623; x_wconf 83' lang='lat' dir='ltr'><strong>fuerunt</strong></span> <span class='ocrx_word' id='word_1_767' title='bbox 3229 4560 3566 4623; x_wconf 89' lang='lat' dir='ltr'><strong>administri</strong></span> <span class='ocrx_word' id='word_1_768' title='bbox 3593 4560 3652 4624; x_wconf 89' lang='lat' dir='ltr'><strong>in</strong></span> 
     </span>
    </p>
   </div>
   <div class='ocr_carea' id='block_1_112' title="bbox 2001 4649 3656 4731">
    <p class='ocr_par' dir='ltr' id='par_1_112' title="bbox 2001 4649 3656 4731">
     <span class='ocr_line' id='line_1_112' title="bbox 2001 4649 3656 4731; baseline -0.001 -18"><span class='ocrx_word' id='word_1_769' title='bbox 2001 4649 2435 4713; x_wconf 80' lang='lat' dir='ltr'><strong>transferendis</strong></span> <span class='ocrx_word' id='word_1_770' title='bbox 2457 4658 2515 4711; x_wconf 89' lang='lat' dir='ltr'><strong>et</strong></span> <span class='ocrx_word' id='word_1_771' title='bbox 2540 4651 2914 4731; x_wconf 86' lang='lat' dir='ltr'><strong>deponendis</strong></span> <span class='ocrx_word' id='word_1_772' title='bbox 2943 4650 3035 4711; x_wconf 90' lang='lat' dir='ltr'><strong>his</strong></span> <span class='ocrx_word' id='word_1_773' title='bbox 3055 4649 3370 4730; x_wconf 85' lang='lat' dir='ltr'><strong>reliquiis?</strong></span> <span class='ocrx_word' id='word_1_774' title='bbox 3392 4649 3656 4712; x_wconf 85' lang='lat' dir='ltr'><strong>Ambro-</strong></span> 
     </span>
    </p>
   </div>
   <div class='ocr_carea' id='block_1_113' title="bbox 2003 4738 3660 4818">
    <p class='ocr_par' dir='ltr' id='par_1_113' title="bbox 2003 4738 3660 4818">
     <span class='ocr_line' id='line_1_113' title="bbox 2003 4738 3660 4818; baseline 0.001 -19"><span class='ocrx_word' id='word_1_775' title='bbox 2003 4738 2128 4800; x_wconf 82' lang='lat' dir='ltr'><strong>sius</strong></span> <span class='ocrx_word' id='word_1_776' title='bbox 2157 4738 2261 4800; x_wconf 92' lang='lat' dir='ltr'><strong>ille</strong></span> <span class='ocrx_word' id='word_1_777' title='bbox 2291 4739 2508 4800; x_wconf 72' lang='lat' dir='ltr'><strong>virtute</strong></span> <span class='ocrx_word' id='word_1_778' title='bbox 2557 4740 2776 4813; x_wconf 88' lang='lat' dir='ltr'><strong>clarus,</strong></span> <span class='ocrx_word' id='word_1_779' title='bbox 2813 4745 2872 4800; x_wconf 90' lang='lat' dir='ltr'><strong>et</strong></span> <span class='ocrx_word' id='word_1_780' title='bbox 2901 4739 3001 4818; x_wconf 89' lang='lat' dir='ltr'><strong>qui</strong></span> <span class='ocrx_word' id='word_1_781' title='bbox 3036 4747 3175 4800; x_wconf 85' lang='lat' dir='ltr'><strong>tunc</strong></span> <span class='ocrx_word' id='word_1_782' title='bbox 3206 4739 3526 4801; x_wconf 83' lang='lat' dir='ltr'><strong>decorabat</strong></span> <span class='ocrx_word' id='word_1_783' title='bbox 3557 4757 3660 4801; x_wconf 88' lang='lat' dir='ltr'><strong>se-</strong></span> 
     </span>
    </p>
   </div>
   <div class='ocr_carea' id='block_1_114' title="bbox 2005 4825 3663 4908">
    <p class='ocr_par' dir='ltr' id='par_1_114' title="bbox 2005 4825 3663 4908">
     <span class='ocr_line' id='line_1_114' title="bbox 2005 4825 3663 4908; baseline 0.001 -19"><span class='ocrx_word' id='word_1_784' title='bbox 2005 4827 2141 4889; x_wconf 91' lang='lat' dir='ltr'><strong>dem</strong></span> <span class='ocrx_word' id='word_1_785' title='bbox 2172 4826 2453 4888; x_wconf 82' lang='lat' dir='ltr'><strong>Ecclesiae</strong></span> <span class='ocrx_word' id='word_1_786' title='bbox 2476 4826 2958 4890; x_wconf 86' lang='lat' dir='ltr'><strong>Mediolanensis.</strong></span> <span class='ocrx_word' id='word_1_787' title='bbox 2993 4825 3051 4889; x_wconf 93' lang='lat' dir='ltr'><strong>Is</strong></span> <span class='ocrx_word' id='word_1_788' title='bbox 3103 4828 3340 4908; x_wconf 87' lang='lat' dir='ltr'><strong>primus</strong></span> <span class='ocrx_word' id='word_1_789' title='bbox 3369 4837 3457 4890; x_wconf 90' lang='lat' dir='ltr'><strong>est</strong></span> <span class='ocrx_word' id='word_1_790' title='bbox 3487 4846 3663 4890; x_wconf 82' lang='lat' dir='ltr'><strong>exse-</strong></span> 
     </span>
    </p>
   </div>
   <div class='ocr_carea' id='block_1_115' title="bbox 2011 4916 3662 4991">
    <p class='ocr_par' dir='ltr' id='par_1_115' title="bbox 2011 4916 3662 4991">
     <span class='ocr_line' id='line_1_115' title="bbox 2011 4916 3662 4991; baseline 0.001 -14"><span class='ocrx_word' id='word_1_791' title='bbox 2011 4926 2184 4978; x_wconf 88' lang='lat' dir='ltr'><strong>cutus</strong></span> <span class='ocrx_word' id='word_1_792' title='bbox 2227 4916 2623 4978; x_wconf 89' lang='lat' dir='ltr'><strong>ministerium</strong></span> <span class='ocrx_word' id='word_1_793' title='bbox 2659 4916 3084 4991; x_wconf 81' lang='lat' dir='ltr'><strong>translationis,</strong></span> <span class='ocrx_word' id='word_1_794' title='bbox 3119 4925 3184 4978; x_wconf 89' lang='lat' dir='ltr'><strong>ut</strong></span> <span class='ocrx_word' id='word_1_795' title='bbox 3214 4918 3308 4978; x_wconf 92' lang='lat' dir='ltr'><strong>cui</strong></span> <span class='ocrx_word' id='word_1_796' title='bbox 3331 4936 3451 4978; x_wconf 90' lang='lat' dir='ltr'><strong>non</strong></span> <span class='ocrx_word' id='word_1_797' title='bbox 3485 4916 3662 4979; x_wconf 82' lang='lat' dir='ltr'><strong>illotis</strong></span> 
     </span>
    </p>
   </div>
   <div class='ocr_carea' id='block_1_116' title="bbox 2016 5003 3662 5086">
    <p class='ocr_par' dir='ltr' id='par_1_116' title="bbox 2016 5003 3662 5086">
     <span class='ocr_line' id='line_1_116' title="bbox 2016 5003 3662 5086; baseline 0.001 -19"><span class='ocrx_word' id='word_1_798' title='bbox 2016 5005 2197 5086; x_wconf 86' lang='lat' dir='ltr'><strong>(quod</strong></span> <span class='ocrx_word' id='word_1_799' title='bbox 2229 5005 2473 5083; x_wconf 90' lang='lat' dir='ltr'><strong>dicitur)</strong></span> <span class='ocrx_word' id='word_1_800' title='bbox 2493 5003 2793 5078; x_wconf 88' lang='lat' dir='ltr'><strong>manibus,</strong></span> <span class='ocrx_word' id='word_1_801' title='bbox 2827 5005 2932 5066; x_wconf 91' lang='lat' dir='ltr'><strong>sed</strong></span> <span class='ocrx_word' id='word_1_802' title='bbox 2965 5004 3134 5066; x_wconf 88' lang='lat' dir='ltr'><strong>valde</strong></span> <span class='ocrx_word' id='word_1_803' title='bbox 3166 5004 3408 5067; x_wconf 90' lang='lat' dir='ltr'><strong>mundis</strong></span> <span class='ocrx_word' id='word_1_804' title='bbox 3438 5005 3662 5068; x_wconf 87' lang='lat' dir='ltr'><strong>munda</strong></span> 
     </span>
    </p>
   </div>
   <div class='ocr_carea' id='block_1_117' title="bbox 2013 5093 3664 5157">
    <p class='ocr_par' dir='ltr' id='par_1_117' title="bbox 2013 5093 3664 5157">
     <span class='ocr_line' id='line_1_117' title="bbox 2013 5093 3664 5157; baseline 0 -1"><span class='ocrx_word' id='word_1_805' title='bbox 2013 5095 2239 5157; x_wconf 84' lang='lat' dir='ltr'><strong>fuerint</strong></span> <span class='ocrx_word' id='word_1_806' title='bbox 2270 5095 2524 5157; x_wconf 79' lang='lat' dir='ltr'><strong>credita.</strong></span> <span class='ocrx_word' id='word_1_807' title='bbox 2571 5097 2867 5157; x_wconf 82' lang='lat' dir='ltr'><strong>Praeterea</strong></span> <span class='ocrx_word' id='word_1_808' title='bbox 2890 5104 3090 5155; x_wconf 86' lang='lat' dir='ltr'><strong>autem</strong></span> <span class='ocrx_word' id='word_1_809' title='bbox 3122 5093 3436 5156; x_wconf 86' lang='lat' dir='ltr'><strong>universus</strong></span> <span class='ocrx_word' id='word_1_810' title='bbox 3465 5094 3664 5157; x_wconf 89' lang='lat' dir='ltr'><strong>clerus</strong></span> 
     </span>
    </p>
   </div>
   <div class='ocr_carea' id='block_1_118' title="bbox 2016 5182 3664 5264">
    <p class='ocr_par' dir='ltr' id='par_1_118' title="bbox 2016 5182 3664 5264">
     <span class='ocr_line' id='line_1_118' title="bbox 2016 5182 3664 5264; baseline 0 -17"><span class='ocrx_word' id='word_1_811' title='bbox 2016 5195 2072 5247; x_wconf 91' lang='lat' dir='ltr'><strong>et</strong></span> <span class='ocrx_word' id='word_1_812' title='bbox 2095 5203 2304 5247; x_wconf 90' lang='lat' dir='ltr'><strong>omnes</strong></span> <span class='ocrx_word' id='word_1_813' title='bbox 2327 5187 2728 5263; x_wconf 80' lang='lat' dir='ltr'><strong>magistratus,</strong></span> <span class='ocrx_word' id='word_1_814' title='bbox 2760 5183 2979 5260; x_wconf 79' lang='lat' dir='ltr'><strong>linguis</strong></span> <span class='ocrx_word' id='word_1_815' title='bbox 2995 5182 3244 5264; x_wconf 90' lang='lat' dir='ltr'><strong>hymnos</strong></span> <span class='ocrx_word' id='word_1_816' title='bbox 3271 5195 3579 5260; x_wconf 81' lang='lat' dir='ltr'><strong>canentes,</strong></span> <span class='ocrx_word' id='word_1_817' title='bbox 3603 5197 3664 5252; x_wconf 84' lang='lat' dir='ltr'><strong>et</strong></span> 
     </span>
    </p>
   </div>
   <div class='ocr_carea' id='block_1_119' title="bbox 2011 5273 3665 5356">
    <p class='ocr_par' dir='ltr' id='par_1_119' title="bbox 2011 5273 3665 5356">
     <span class='ocr_line' id='line_1_119' title="bbox 2011 5273 3665 5356; baseline 0.001 -20"><span class='ocrx_word' id='word_1_818' title='bbox 2011 5294 2156 5356; x_wconf 90' lang='lat' dir='ltr'><strong>quas</strong></span> <span class='ocrx_word' id='word_1_819' title='bbox 2183 5275 2458 5336; x_wconf 90' lang='lat' dir='ltr'><strong>manibus</strong></span> <span class='ocrx_word' id='word_1_820' title='bbox 2485 5273 2818 5354; x_wconf 73' lang='lat' dir='ltr'><strong>gestabant,</strong></span> <span class='ocrx_word' id='word_1_821' title='bbox 2851 5273 3227 5355; x_wconf 90' lang='lat' dir='ltr'><strong>lampadibus</strong></span> <span class='ocrx_word' id='word_1_822' title='bbox 3259 5292 3328 5337; x_wconf 89' lang='lat' dir='ltr'><strong>ea</strong></span> <span class='ocrx_word' id='word_1_823' title='bbox 3359 5273 3665 5338; x_wconf 88' lang='lat' dir='ltr'><strong>illustran-</strong></span> 
     </span>
    </p>
   </div>
   <div class='ocr_carea' id='block_1_120' title="bbox 2012 5367 3666 5443">
    <p class='ocr_par' dir='ltr' id='par_1_120' title="bbox 2012 5367 3666 5443">
     <span class='ocr_line' id='line_1_120' title="bbox 2012 5367 3666 5443; baseline 0.001 -16"><span class='ocrx_word' id='word_1_824' title='bbox 2012 5377 2113 5432; x_wconf 85' lang='lat' dir='ltr'><strong>tes,</strong></span> <span class='ocrx_word' id='word_1_825' title='bbox 2137 5383 2261 5441; x_wconf 61' lang='lat' dir='ltr'><strong>quae</strong></span> <span class='ocrx_word' id='word_1_826' title='bbox 2285 5376 2472 5427; x_wconf 87' lang='lat' dir='ltr'><strong>tamen</strong></span> <span class='ocrx_word' id='word_1_827' title='bbox 2498 5369 2682 5439; x_wconf 82' lang='lat' dir='ltr'><strong>magis</strong></span> <span class='ocrx_word' id='word_1_828' title='bbox 2712 5367 3003 5426; x_wconf 85' lang='lat' dir='ltr'><strong>miraculis</strong></span> <span class='ocrx_word' id='word_1_829' title='bbox 3027 5368 3666 5443; x_wconf 81' lang='lat' dir='ltr'><strong>resplendebant,quam</strong></span> 
     </span>
    </p>
   </div>
   <div class='ocr_carea' id='block_1_121' title="bbox 2013 5449 3664 5534">
    <p class='ocr_par' dir='ltr' id='par_1_121' title="bbox 2013 5449 3664 5534">
     <span class='ocr_line' id='line_1_121' title="bbox 2013 5449 3664 5534; baseline 0.001 -19"><span class='ocrx_word' id='word_1_830' title='bbox 2013 5451 2407 5534; x_wconf 88' lang='lat' dir='ltr'><strong>lampadibus.</strong></span> <span class='ocrx_word' id='word_1_831' title='bbox 2455 5449 2600 5513; x_wconf 82' lang='lat' dir='ltr'><strong>Nam</strong></span> <span class='ocrx_word' id='word_1_832' title='bbox 2635 5451 2775 5514; x_wconf 80' lang='lat' dir='ltr'><strong>caeci</strong></span> <span class='ocrx_word' id='word_1_833' title='bbox 2809 5452 3053 5533; x_wconf 88' lang='lat' dir='ltr'><strong>quidem</strong></span> <span class='ocrx_word' id='word_1_834' title='bbox 3109 5469 3289 5516; x_wconf 81' lang='lat' dir='ltr'><strong>manu</strong></span> <span class='ocrx_word' id='word_1_835' title='bbox 3318 5451 3562 5516; x_wconf 89' lang='lat' dir='ltr'><strong>deducti</strong></span> <span class='ocrx_word' id='word_1_836' title='bbox 3589 5454 3664 5517; x_wconf 84' lang='lat' dir='ltr'><strong>ad</strong></span> 
     </span>
    </p>
   </div>
   <div class='ocr_carea' id='block_1_122' title="bbox 2013 5539 3665 5625">
    <p class='ocr_par' dir='ltr' id='par_1_122' title="bbox 2013 5539 3665 5625">
     <span class='ocr_line' id='line_1_122' title="bbox 2013 5539 3665 5625; baseline 0.004 -21"><span class='ocrx_word' id='word_1_837' title='bbox 2013 5561 2114 5607; x_wconf 87' lang='lat' dir='ltr'><strong>eas</strong></span> <span class='ocrx_word' id='word_1_838' title='bbox 2144 5561 2334 5624; x_wconf 90' lang='lat' dir='ltr'><strong>usque</strong></span> <span class='ocrx_word' id='word_1_839' title='bbox 2361 5539 2672 5624; x_wconf 87' lang='lat' dir='ltr'><strong>reliquias,</strong></span> <span class='ocrx_word' id='word_1_840' title='bbox 2704 5541 2896 5606; x_wconf 89' lang='lat' dir='ltr'><strong>lucem</strong></span> <span class='ocrx_word' id='word_1_841' title='bbox 2925 5539 3122 5604; x_wconf 83' lang='lat' dir='ltr'><strong>statim</strong></span> <span class='ocrx_word' id='word_1_842' title='bbox 3143 5549 3529 5625; x_wconf 78' lang='lat' dir='ltr'><strong>aspexerant,</strong></span> <span class='ocrx_word' id='word_1_843' title='bbox 3551 5561 3665 5610; x_wconf 88' lang='lat' dir='ltr'><strong>nec</strong></span> 
     </span>
    </p>
   </div>
   <div class='ocr_carea' id='block_1_123' title="bbox 3305 5677 3381 5746">
    <p class='ocr_par' dir='ltr' id='par_1_123' title="bbox 3305 5677 3381 5746">
     <span class='ocr_line' id='line_1_123' title="bbox 3305 5677 3381 5746; baseline 0.039 -3"><span class='ocrx_word' id='word_1_844' title='bbox 3305 5677 3381 5746; x_wconf 83' lang='lat'>29</span> 
     </span>
    </p>
   </div>
  </div>
