4066 6146
475 218 592 288 907
1678 209 2070 286 ADDENDA.

2161 257 2213 268 -
2286 222 2651 288 OCTOBER.
3691 227 3782 293 908

473 375 625 440 opus
646 354 903 437 amplius
930 353 1230 418 habebant
1254 351 1592 434 aliquo,qui
1617 369 1720 414 eos
1743 370 1927 416 manu
1951 355 2129 417 dedu-

2220 357 2518 438 ὀφθαλμοὺς
2578 357 2824 434 ὁδηγους,
2887 357 3082 438 χωλοὶ,
3115 356 3268 432 μόλις
3312 357 3394 438 ὗηῖ
3450 358 3617 437 ἐτέρων
3657 383 3788 419 κεκο-

477 455 661 522 ceret,
701 447 805 509 sed
863 465 1003 508 suos
1034 444 1335 507 habebant
1382 444 1566 503 duces
1617 443 1843 505 oculos.
1897 445 2130 520 Claudi,

478 539 581 619 qui
633 538 724 599 vix
751 538 984 599 fuerant
1016 533 1228 614 portati
1261 532 1335 594 ab
1391 531 1549 612 aliis,
1586 532 1846 612 propriis
1875 534 2002 596 suis
2032 551 2134 596 re-

477 626 862 692 vertebantur
885 623 1160 706 pedibus,
1196 621 1540 702 pernicibus
1560 621 1633 682 ad
1657 623 2042 704 currendum,
2079 631 2138 684 et

481 717 634 798 aptis
662 716 733 778 ad
767 713 1123 784 saltandum,
1155 713 1470 791 Leprosos,
1496 710 1597 791 qui
1627 711 1687 771 in
1721 713 2006 792 templum
2032 730 2136 774 ve-

482 815 719 881 nerant,
754 805 967 866 domus
1018 802 1246 881 aspexit
1298 799 1578 876 mundos,
1611 808 1668 862 et
1713 802 2057 880 quicunque
2102 820 2136 862 a

486 899 753 971 malignis
781 896 1189 954 detinebantur
1219 894 1644 964 spiritibus,eos
1675 909 1903 968 quoque
1928 896 2138 958 licebat

482 987 686 1049 videre
720 985 1002 1046 liberatos
1019 982 1094 1043 ab
1125 983 1196 1043 iis
1219 983 1318 1062 qui
1351 982 1514 1062 ipsos
1544 981 2132 1057 vexabant,furiosa-

483 1094 598 1157 que
627 1082 686 1136 et
711 1073 970 1136 amentia
999 1089 1206 1133 eorum
1244 1072 1450 1142 verba,
1483 1087 1779 1132 conversa
1823 1073 1885 1133 in
1915 1076 2136 1152 gratia-

482 1183 614 1227 rum
662 1164 984 1238 actionem,
1021 1169 1080 1223 et
1127 1160 1527 1222 communiter
1556 1160 1772 1222 Christi
1828 1172 2138 1245 martyres.

483 1253 758 1316 laudibus
807 1250 1106 1314 celebrari
1163 1258 1228 1313 et
1262 1248 1581 1329 glorificari
1636 1248 1708 1310 ab
1738 1253 2040 1315 omnibus.
2076 1253 2140 1316 In

487 1362 592 1406 eos
624 1361 757 1404 cum
784 1357 1034 1420 magnus
1066 1337 1760 1400 incidisset'l‘heodosius
1790 1343 1949 1416 (tunc
1980 1343 2139 1406 enim

486 1433 698 1511 agebat
748 1429 1065 1493 Mediolani
1094 1429 1378 1491 adversus
1435 1435 1768 1508 tyrannum,
1799 1429 2141 1509 Maximum,

485 1524 754 1603 inquam,
785 1522 1142 1595 decertans),
1176 1537 1312 1580 cum
1345 1519 1678 1600 accepisset
1709 1527 1908 1599 partes
1939 1540 2142 1586 sacra-

2219 447 2488 522 μισμένοι,
2546 459 2662 511 τοῖς
2722 448 2874 502 ποσὶν
2928 446 3167 525 ἐχρῶντο
3225 458 3344 509 τοῖς
3403 446 3538 507 ἴδῖοις
3566 447 3787 524 εὖδρόμοις

2217 538 2305 593 καὶ
2346 535 2616 598 ἅλτικοτς·
2667 536 2887 613 λεπροὺς
2935 541 3014 609 τῷ
3055 539 3165 610 ναῷ
3217 535 3631 614 προσελθόνταςὸ
3669 539 3791 603 οἶκος

2219 625 2478 705 καθαροὺς
2549 625 2823 683 ἐθεάσατο·
2884 625 2999 682 ὅσοι
3052 645 3108 682 τε
3164 627 3266 681 ὺπῦ
3307 627 3598 699 πνευμάτων
3647 629 3794 683 κατεί-

2219 737 2387 796 χοντο
2443 723 2713 794 πονηρῶν,
2737 714 2835 772 καὶ
2875 717 3088 781 τούτους
3117 717 3241 791 ὁρᾷν
3269 714 3334 781 ἧν
3363 721 3462 771 τῶν
3490 715 3796 797 ἐνοχλούντων

2221 804 2687 884 ἀπηλλαγμένους,
2733 805 2800 860 τά
2851 805 3130 885 παράφορα
3181 827 3238 860 τε
3298 805 3476 866 αὒτοϊς
3527 809 3603 862 καὶ
3641 809 3801 880 μανικὰ

2221 897 2434 972 ῥήματα
2518 897 2591 960 εἷς
2673 896 3016 975 εὐχαριστίαν
3099 892 3488 968 μεταϐληθεντα
3556 899 3633 951 καὶ
3678 904 3803 973 κοινῇ

2221 986 2344 1048 τοὺς
2397 993 2488 1042 τοῦ
2551 992 2778 1058 Χριστιιῦ
2853 985 3116 1063 μάρτυρας
3171 985 3272 1039 ὑπὸ
3321 983 3526 1038 πάντων
3573 982 3807 1055 δοξαζομέ-

2223 1096 2368 1136 νους.
2417 1076 2630 1138 Τούτοις
2664 1077 2691 1129 ὁ
2750 1074 2916 1152 μέγας
2978 1073 3280 1151 περιτυχὼν
3313 1071 3574 1133 Θεοδόσιος
3625 1072 3803 1143 (ivstiti-

2225 1185 2311 1236 μει
2356 1164 2454 1242 γὰρ
2511 1165 2631 1220 τότε
2690 1170 2758 1239 τῇ
2812 1159 3145 1217 Μεδιολάνων
3200 1161 3330 1238 πρός
3403 1183 3458 1216 τε
3501 1162 3681 1226 Σκύθας
3736 1164 3806 1218 καὶ

2222 1255 2313 1309 τὸν
2377 1253 2622 1330 τύραννόν
2695 1274 2833 1331 φημι
2903 1249 3139 1324 Μάξιμον
3201 1247 3643 1327 διαγωνιζόμενος)
3695 1251 3805 1328 μέρη

2223 1348 2330 1398 τῶν
2386 1345 2539 1418 ἱερῶν
2606 1343 2804 1397 τούτων
2857 1340 3122 1415 λειψάνων
3178 1337 3289 1394 ἀντὶ
3364 1341 3550 1402 παντὸς
3617 1339 3808 1418 λαούρου

2223 1433 2366 1496 τινὸς
2426 1432 2460 1499 ἢ
2517 1431 2659 1494 λείας
2725 1431 2760 1498 ἢ
2806 1429 3006 1504 μᾶλλον
3057 1445 3227 1485 sm:er
3294 1427 3408 1485 ἀντὶ
3453 1431 3636 1493 παντὸς
3672 1429 3808 1485 ὅπλου

2225 1523 2312 1576 καὶ
2369 1519 2654 1598 ασφαλείας
2709 1526 2776 1594 τῇ
2846 1516 3072 1594 βασιλίδι
3142 1519 3368 1592 κομίζει,
3431 1522 3512 1577 οἷς
3565 1539 3617 1574 τε
3684 1518 3810 1579 αὒτός

487 1631 621 1674 rum
661 1612 869 1672 harum
919 1609 1332 1688 reliquiarum,
1371 1626 1478 1688 pro
1529 1607 1897 1687 quibuslibet
1943 1613 2136 1692 spoliis

2227 1608 2340 1666 εἶδε
2392 1612 2667 1670 πιστωθεὶς
2717 1610 2944 1683 θαύμασι
2990 1610 3076 1664 καὶ
3107 1609 3421 1687 σιυμμάχοῦς
3459 1611 3588 1664 κατά
3637 1611 3812 1664 Σκυθῶν

491 1711 594 1764 aut
625 1700 946 1773 manubiis,
981 1707 1084 1760 aut
1116 1698 1311 1777 potius
1343 1716 1449 1778 pro
1475 1697 1844 1773 quibuslibet
1875 1701 2057 1762 armis
2087 1710 2145 1762 et

2169 1681 2206 1731 Β
2228 1698 2594 1777 ἀπροσμάχως
2625 1697 2927 1766 πλουτήσας
2962 1698 3081 1759 τοὺς
3111 1698 3396 1774 μάρτυρας,

488 1789 894 1864 munimentis,
929 1788 990 1848 in
1030 1788 1238 1848 urbem
1270 1786 1485 1848 detulit
1511 1785 1763 1866 regiam,
1789 1787 1864 1850 iis
1889 1809 2024 1870 quas
2053 1789 2184 1871 ipse
2213 1787 2380 1860 vidit,
2419 1785 2722 1848 miraculis
2753 1787 3161 1865 conﬁrmatus,
3188 1792 3244 1846 et
3274 1784 3557 1846 adversus
3586 1785 3811 1864 Scythas,

486 1879 682 1942 socios
709 1875 1202 1958 inexpugnabiles
1223 1884 1540 1937 assecutus
1575 1883 1882 1957 martyres.

566 1967 665 2030 XI.
692 1966 846 2028 Ante
876 1965 1027 2027 hanc
1056 1981 1330 2044 magnam
1364 1965 1565 2046 itaque
1594 1965 1894 2030 civitatem
1927 1968 2015 2029 eis
2045 1986 2139 2028 ex-

489 2057 630 2120 citat
658 2056 971 2137 pulchrum
1004 2062 1065 2115 et
1097 2055 1338 2134 elegans
1397 2053 1710 2136 templum,
1745 2066 1803 2118 et
1832 2057 1892 2118 in
1939 2075 2011 2118 eo
2041 2074 2140 2118 sa-

490 2165 621 2210 cras
648 2152 974 2222 martyrum
1004 2142 1292 2221 reliquias
1321 2142 1882 2226 deponit,tanquam
1907 2147 2143 2208 thesau-

488 2253 622 2298 rum
671 2253 852 2315 super
881 2231 1065 2293 millia
1115 2232 1376 2313 (divinus
1410 2232 1554 2295 dicit
1608 2233 1794 2296 David
1823 2234 1872 2316 9)
1907 2236 2030 2296 auri
2083 2243 2140 2297 et

490 2325 746 2406 argenti.
780 2323 880 2384 Eas
910 2330 1125 2402 praeter
1153 2321 1271 2384 alia
1301 2329 1736 2400 unguentorum
1753 2343 1993 2406 quoque
2014 2325 2138 2385 fon-

493 2421 582 2475 tes
633 2412 922 2475 emittunt
949 2411 1345 2492 abundantes,
1400 2430 1519 2473 non
1573 2413 1764 2475 solum
1788 2414 2139 2496 corporibus

491 2503 803 2575 salutares,
837 2499 940 2563 sed
969 2518 1176 2562 eorum
1208 2499 1410 2577 etiam,
1445 2501 1546 2581 qui
1575 2501 1874 2577 hauriunt,
1908 2504 2136 2564 animas

492 2598 908 2673 expurgantes:
945 2597 1008 2652 ut
1036 2608 1151 2651 non
1184 2589 1376 2652 solum
1409 2588 1666 2652 habeant
1694 2591 1849 2671 apud
1880 2609 1945 2653 se
1973 2611 2133 2654 mar-

492 2689 648 2761 tyres
697 2698 768 2741 ea
820 2697 952 2758 quas
993 2687 1384 2758 acceperunt,
1424 2678 1528 2739 sed
1575 2677 1709 2740 aliis
1739 2699 1978 2760 quoque
2035 2700 2141 2743 sua

498 2769 653 2830 bona
683 2766 1152 2829 communicent.
1213 2765 1312 2828 Sic
1342 2766 1612 2829 Christus
1641 2768 1740 2830 hic
1769 2787 2006 2852 quoque
2039 2789 2142 2833 eos

496 2857 808 2938 gloriﬁcat,
843 2857 944 2937 qui
979 2856 1142 2917 illum
1175 2866 1542 2918 amaverunt.
1580 2857 1806 2919 Talium
1858 2860 2140 2921 certami-

493 2965 637 3008 num
669 2946 817 3006 tales
867 2945 966 3007 dat
998 2946 1538 3010 remunerationes.
1575 2947 1845 3027 quaedam
1898 2950 2141 3011 omnino

495 3036 784 3117 procemia
812 3033 974 3096 illius
1003 3052 1278 3114 supernae
1308 3033 1715 3097 beatitudinis.
1762 3037 1941 3118 Cujus
1971 3038 2145 3100 nobis

497 3142 736 3205 quoque
767 3123 942 3185 liceat
976 3141 1109 3185 esse
1137 3123 1460 3204 participes
1487 3126 1675 3202 gratia
1701 3127 2057 3189 sanctissimi
2090 3139 2149 3190 et

2307 1967 2414 2028 lA’,
2472 1965 2690 2041 Ἀμέλει
2736 1967 2823 2022 καὶ
2879 1967 3004 2021 ναὸν
3063 1965 3243 2030 αὖτοῖς
3283 1966 3382 2042 πρὸ
3428 1965 3520 2032 τῆς
3563 1963 3820 2041 μεγαλοπό·

2226 2055 2357 2121 λαως
2417 2059 2614 2122 ταύτης
2660 2057 2913 2135 χαρίεντα
2970 2076 3027 2110 τε
3085 2058 3172 2112 καὶ
3237 2055 3530 2133 περικαλλῆ
3578 2053 3817 2132 ἀνεγείρει,

2225 2148 2311 2202 καὶ
2341 2147 2512 2219 τούτῳ
2543 2167 2606 2200 τα
2648 2145 2760 2218 ἱερά
2809 2143 3036 2219 λείψανα
3064 2151 3174 2200 τῶν
3225 2146 3499 2221 μαρτύρων
3529 2147 3597 2206 ὡς
3647 2148 3814 2210 θησαυ-

2226 2237 2346 2312 ροὺς
2406 2237 2744 2300 κατττῖθησιν
2791 2234 2920 2312 ὑπὲρ
2976 2232 3250 2313 χιλιάδας,
3311 2237 3338 2290 ὁ
3399 2238 3540 2296 θεῖος
3609 2233 3664 2288 ἂν
3716 2233 3818 2287 εἶπε

2225 2324 2413 2404 Δαυῖδ³
2448 2325 2665 2404 χρυσίου
2694 2325 2789 2380 καῖ
2832 2325 3098 2401 ἀργυρίου.
3133 2327 3208 2382 Τὰ
3235 2323 3288 2379 δὲ
3348 2324 3474 2402 πρὸς
3503 2324 3615 2388 τοῖς
3668 2323 3818 2385 ἄλλοις

2218 2415 2313 2470 καῖ
2395 2417 2568 2492 μύρων
2626 2415 2862 2492 ἀφθόνως
2918 2411 3212 2469 ἀναδιδοῦσι
3289 2435 3471 2491 πηγας
3539 2414 3594 2468 οὗ
3647 2411 3817 2483 σώματι

2219 2506 2380 2580 μόνον
2442 2505 2756 2582 σωτηρίους,
2803 2504 2942 2559 ἀλλά
2996 2505 3083 2560 καὶ
3131 2509 3342 2584 ψυχαῖς
3403 2510 3508 2559 τῶν
3560 2503 3819 2583 ἀρυομένων

2224 2595 2598 2671 καθαρτηρίους
2630 2639 2645 2666 ,
2719 2593 2810 2649 ’ἕνα
2893 2594 2970 2669 μὴ
3059 2595 3240 2668 μόνοις
3326 2593 3452 2670 παρ’
3540 2594 3727 2656 ἑαυτοῖς
3783 2589 3818 2644 οἱ

2225 2683 2479 2761 μάρτυρες
2541 2681 2674 2759 ἅπερ
2746 2683 3023 2761 εἰλήφασιν
3106 2681 3330 2761 ἔχωσιν,
3395 2683 3534 2738 ama
3590 2682 3670 2738 καὶ
3729 2693 3819 2742 τοῖς

2223 2772 2385 2836 ἄλλος
2470 2772 2569 2827 ὦσι
2648 2771 2752 2826 τῶν
2823 2770 3032 2848 ἀγαθῶν
3087 2773 3353 2833 κοινωνοί,
3441 2771 3588 2829 Οῗτω
3659 2768 3818 2840 δοξάζει

2224 2863 2484 2919 κάνταῦθα
2545 2862 2768 2937 Χριστὸς
2812 2861 2932 2925 τοὺς
2987 2861 3194 2918 ἐκεῖνον
3249 2861 3621 2938 ἠγαπηκότας·
3675 2858 3817 2916 τοιώ-

2224 2975 2330 3010 των
2409 2949 2628 3029 ἀγώνων
2709 2951 2951 3012 τοιαύτας
3021 2949 3228 3006 δίδωσιν
3289 2948 3556 3027 τάμοιϐὰς,
3613 2948 3819 3023 προοίμιά

2227 3064 2343 3099 τινα
2420 3040 2634 3102 πάντως
2687 3043 2784 3108 τῆς
2856 3039 3058 3096 ἐκεῖθεν
3138 3041 3558 3119 μακαριότητος·
3626 3042 3691 3096 ὧν
3748 3041 3824 3102 τῆς

2230 3128 2436 3210 μερίδος
2490 3129 2578 3184 καὶ
2632 3130 2776 3203 ἡμᾶς
2835 3128 3042 3207 γένοιτο
3111 3130 3312 3195 πάντας
3370 3129 3628 3198 ἀξωθῆναι
3678 3127 3823 3208 χάριτι

496 3213 710 3274 viviﬁci
760 3210 1018 3292 Spiritus
1068 3229 1228 3272 nunc
1285 3219 1344 3272 et
1389 3229 1653 3293 semper,
1713 3222 1770 3276 et
1814 3215 1875 3277 in
1928 3216 2136 3280 saecula

2229 3221 2321 3279 τοῦ
2375 3217 2634 3295 παναγίου
2687 3219 2772 3274 καὶ
2827 3225 3093 3289 ζωοποιοῦ
3151 3219 3484 3301 Πνεύματος,
3519 3229 3603 3278 νῦν
3639 3215 3720 3273 καί
3758 3214 3823 3270 ἀεὶ

497 3301 875 3364 saculorum.
909 3301 1122 3364 Amen.

2231 3312 2314 3366 καὶ
2345 3310 2418 3373 εἷς
2447 3309 2568 3372 τοὺς
2600 3308 2790 3373 αἰῶνας
2819 3310 2923 3363 τῶν
2960 3308 3188 3368 αἰώνων.
3223 3306 3425 3385 Ἀμήν.

1324 3619 1732 3766 ΜΕΝ
1745 3619 2018 3767 SIS
2127 3620 3055 3772 OCTOBER.

1616 3971 1869 4059 ΒΙΟΣ
1943 3973 2132 4059 ΚΑΙ

2201 3973 2740 4062 ΠΟΛΙΤΕΙΑ

1085 4199 1459 4361 ΤΗΣ
1615 4200 2166 4364 ΟΣΙΑΣ
2321 4199 3282 4367 ΠΕΛΑΓΙΑΣ

1834 4442 1966 4493 ΤΗΣ
2031 4445 2114 4495 ΕΝ
2176 4444 2563 4510 ΑΝΤΙΟΧΕΙᾼ.

1515 4713 1772 4800 VITA
1861 4717 1994 4801 ET
2079 4716 2866 4805 CONVEBSATIO

504 4933 1275 5118 SANCTZE
1487 4936 2136 5116 PELAG]

2220 4939 2346 5118 Ἐ
2543 4938 3838 5124 ΑΝΤΙΟΟΗΕΝλἘ.

1569 5209 1773 5281 (Surius
1800 5212 1861 5270 ad
1893 5213 1926 5270 8
1956 5211 2187 5282 Octobr.,

2219 5214 2331 5273 cod.
2373 5215 2498 5286 Reg.
2533 5231 2588 5273 n.
2629 5216 2816 5288 1512.)

575 5467 630 5563 Ι.⁸
656 5469 1012 5563 Muliebrem
1044 5469 1323 5563 virtutem
1373 5469 1718 5534 fortitudine
1747 5470 2012 5563 virorum
2045 5470 2131 5534 ni-

2314 5473 2402 5539 A'.
2482 5475 2787 5535 Γυναικείαν
2859 5481 3051 5562 ἀρετὴν
3124 5486 3223 5554 τῆς
3293 5486 3396 5542 τῶν
3468 5480 3667 5563 ἀνδρῶν
3725 5474 3849 5537 ο·Ὲέν

497 5557 577 5620 hil
615 5559 967 5622 inferiorem
1000 5557 1279 5622 omnibus
1309 5578 1554 5623 narrare
1585 5568 1676 5624 est
1717 5560 1886 5640 utile,
1921 5580 2138 5641 eoque,

574 5689 602 5736 ³
627 5689 784 5760 Psal.
819 5707 1019 5776 cxvru,
1048 5695 1145 5757 7t.

2222 5565 2639 5649 ἀπολειφθεῖσαν
2670 5573 2799 5626 πᾶσι
2845 5568 3085 5639 διεξιέναι
3131 5575 3403 5656 γυσιτεγὲς
3456 5574 3548 5632 καὶ
3577 5571 3848 5654 ὠφέλιμον,
