4048 6136
191 299 323 368 909
1521 297 1703 366 VITA
1767 306 1826 368 S.
1888 300 2259 366 PELAGlrE.
3460 301 3580 364 910

191 444 294 497 καὶ
352 440 584 512 τοσούτῳ
617 440 848 514 μᾶλλον,
884 440 1092 515 ὅσῳπερ
1139 436 1402 514 ἀναλόγου
1431 440 1683 517 πρότερον
1727 442 1847 497 ἄντ-

1951 437 2152 516 nugis,
2189 430 2346 513 quod
2385 429 2604 489 femina
2636 427 2761 488 haec
2788 425 3044 517 Pelagia,
3073 425 3146 486 de
3169 444 3283 507 qua
3314 428 3582 491 scribere

170 527 497 608 ἐισηνέχθη
559 530 772 590 κακίας.
834 530 984 584 Οὕτω
1043 529 1141 604 γὰρ
1194 526 1255 582 ἂν
1285 529 1344 582 τὸ
1379 528 1477 599 μὲν
1527 515 1631 583 τῶν
1692 529 1843 607 ἆῤῥέ..

1951 543 2087 586 ιιιηο
2119 519 2521 599 aggredimur,
2583 523 2697 575 tam
2759 515 3063 576 excellens
3096 523 3299 594 postea
3331 519 3577 593 exstitit,

191 642 310 676 νων
361 619 510 696 γένος
556 619 654 685 τὴν
718 627 810 676 τοῦ
869 617 1057 684 θήλεος
1110 615 1490 686 ὑπερϐαλέσθαι
1547 618 1694 695 φύσιν
1751 641 1845 696 φι-

1951 632 2104 694 [uam
2137 621 2313 672 antea
2345 608 2484 668 vitio
2518 604 2769 696 insignis
2818 604 3030 696 fuerat.
3065 605 3167 666 Sic
3199 604 3356 696 enim
3391 624 3580 685 genus

190 707 556 782 λοτιμήσαιτο
588 723 600 736 ’
670 720 922 783 γυναῖκες
966 705 1019 762 δὲ
1077 711 1174 771 τῆς
1219 710 1324 761 τῶν
1358 713 1626 783 συγγενῶν
1658 707 1845 784 ἀρετῆς

1951 701 2167 782 ιυὶόθιη
2199 697 2618 769 masculorum,
2652 694 2897 784 honoris
2920 694 3446 784 causa,mulierum
3479 714 3579 758 na-

192 797 284 872 μὴ
319 794 703 874 ἀπολειφθῆναι
736 794 820 850 διὰ
852 795 1084 861 σπουδῆς
1136 795 1195 849 ἃν
1251 795 1565 864 ποιήσαιντο
1600 811 1612 824 °
1657 795 1847 852 ἑκατέ-

1955 809 2121 851 uram
2151 805 2434 867 superare
2467 783 2883 858 contenderit;
2919 783 3204 846 mulieres
3229 797 3424 846 autem
3445 793 3576 847 stu-

191 908 308 964 ρων
369 885 423 940 δὲ
475 883 830 961 ὅπεξαιρεθείη
885 887 948 940 τὸ
1003 883 1098 951 τῆς
1156 890 1391 959 πονηρᾶς
1443 883 1599 948 ἕξεως
1651 887 1724 948 ὡς
1786 885 1850 941 τὰ

1951 879 2172 940 iuerint
2203 873 2546 954 hujusmodi
2581 872 2816 933 feminae
2848 873 3066 936 virtute
3113 873 3433 936 inferiores
3459 893 3579 937 non

193 961 379 1031 πολλὰ
403 971 816 1030 δυσαπόνιπτον.
852 971 919 1030 ’Ὁ
951 971 1015 1039 δὴ
1074 973 1161 1028 καὶ
1217 972 1370 1034 αὒτὸς
1401 973 1503 1048 πρὸ
1533 979 1639 1028 τῶν
1671 972 1847 1028 ἄλλων

1951 987 2086 1030 esse.
2124 967 2385 1046 Uterque
2417 983 2555 1023 vero
2589 980 2767 1023 sexus
2802 961 2898 1022 tali
2927 963 3222 1044 exemplo,
3269 964 3340 1024 ab
3373 983 3578 1026 earum

201 1061 360 1126 εἰδὼς
390 1064 452 1117 τὰ
495 1063 634 1118 κατα
683 1062 784 1126 τὴν
838 1063 1097 1140 μακαρίαν
1146 1061 1342 1126 ταύτην
1403 1059 1690 1139 Πελαγίαν,
1723 1062 1758 1129 ἢ
1790 1063 1849 1116 τὸ

1951 1076 2131 1118 'erum
2160 1076 2290 1137 qum
2323 1072 2515 1134 parvae
2546 1051 2918 1132 sunt,habitu
2948 1053 3372 1116 removebitur.
3408 1053 3576 1127 Quod

201 1157 310 1217 τῆς
366 1157 493 1207 Θεοῦ
578 1148 969 1229 φιλανθρωπίας
1050 1153 1186 1224 ἡμῖν
1249 1149 1501 1226 ἐγνώρισε
1596 1149 1848 1226 πέλαγος,

1951 1147 2110 1224 plane
2144 1164 2276 1207 cum
2311 1144 2441 1224 ipse
2493 1160 2614 1222 prae
2671 1143 2900 1204 caeteris
2953 1145 3356 1221 cognoverim,
3393 1142 3583 1223 ipsius

202 1239 408 1296 ἄνωθεν
454 1238 618 1310 εἴπω,
648 1241 734 1294 καὶ
766 1237 1118 1315 διηγήσομαι.

1951 1235 2186 1314 Pelagia;
2210 1236 2406 1307 vitam,
2443 1250 2577 1308 quze
2608 1231 2712 1293 Dei
2741 1249 2881 1309 erga
2903 1232 3178 1293 homines
3203 1232 3583 1311 benignitatis

1941 1328 2178 1404 pelagus
2211 1323 2381 1385 nobis
2442 1320 2775 1401 explicavit,
2837 1319 3011 1381 altius
3061 1321 3383 1384 exordiens
3439 1339 3583 1384 nar-

1944 1414 2112 1475 rabo.

295 1508 384 1569 B'.
448 1506 588 1573 Αὕτη
634 1504 857 1584 πατρίδα
911 1505 1006 1580 μὲν
1069 1505 1199 1585 ἔσχε
1256 1509 1343 1563 καὶ
1393 1505 1548 1562 πόλιν
1579 1507 1675 1572 τὴν
1737 1506 1858 1562 ’Av-

2030 1506 2101 1564 ll.
2137 1501 2217 1563 Ea
2239 1501 2490 1582 patriam
2545 1499 2790 1576 quidem
2822 1508 2878 1560 et
2899 1501 3197 1562 civitatem
3224 1500 3582 1564 habuitAn-

200 1598 411 1675 τιόχου
442 1611 455 1625 ⁸
517 1594 729 1668 πλούτῳ
777 1593 831 1650 δὲ
877 1596 1140 1672 γενομένη
1201 1599 1496 1675 περιφανὴς
1544 1597 1631 1651 καὶ
1673 1595 1858 1654 κάλλει

1951 1593 2250 1653 tiochiam.
2286 1591 2428 1652 Cum
2456 1599 2613 1650 esset
2645 1597 2840 1650 autem
2878 1597 2935 1648 et
2969 1588 3187 1650 divitiis
3218 1590 3492 1671 insignis,
3529 1599 3588 1653 et

201 1685 515 1765 διαπρεπὴς
573 1684 669 1740 οὒκ
722 1685 792 1750 εἷς
848 1683 1012 1740 καλὸν
1067 1691 1141 1758 τῷ
1172 1683 1383 1757 πλούτῳ
1436 1685 1731 1763 ἐχρήσατο,
1765 1685 1857 1741 οὒο

1951 1681 2161 1744 eximia
2188 1678 2655 1762 pulchritudine,
2691 1697 2807 1739 non
2841 1688 3006 1740 recte
3041 1697 3149 1740 usa
3196 1688 3284 1742 est
3336 1680 3582 1757 divitiis,

203 1774 260 1830 δὲ
331 1783 586 1833 τοσοῦτον
643 1781 718 1847 τῷ
777 1772 962 1828 κάλλει
1017 1781 1112 1828 τοὺ
1170 1773 1416 1848 σώματος
1473 1773 1857 1848 ἕνειμεν,ὅσον

1951 1789 2134 1852 neque
2157 1769 2662 1847 pulchritudinem
2689 1767 2954 1848 corporis
2978 1769 3058 1829 ita
3075 1770 3437 1850 possedit,ut
3467 1789 3588 1832 non

203 1865 289 1939 μὴ
353 1866 416 1920 τὸ
461 1863 556 1930 τῆς
617 1867 802 1941 ψυχῆς
874 1860 1364 1938 παραϐλάπτεσθαι.
1428 1862 1593 1918 Ἀλλὰ
1642 1865 1700 1919 τὸ
1760 1864 1857 1938 μὲν

1951 1862 2261 1922 laederetur
2294 1857 2672 1938 pulchritudo
2705 1857 2943 1918 animae.
2996 1857 3112 1920 Sed
3147 1877 3280 1921 cum
3314 1859 3412 1920 illa
3447 1861 3586 1940 qui-

203 1952 428 2020 ἐπήνθει
473 1955 637 2028 ταύτῃ
668 1951 828 2031 πολὺ,
862 1950 1044 2026 πολλῷ
1075 1953 1172 2026 μὲν
1216 1952 1440 2027 κομώσῃ
1493 1958 1570 2024 τῷ
1629 1959 1854 2031 φυσικῷ,

1951 1949 2078 2010 dem
2111 1948 2194 2010 illi
2229 1946 2587 2008 naturaliter
2619 1946 2788 2007 valde
2811 1947 3074 2026 ﬂoreret,
3113 1947 3372 2027 plurimo
3407 1949 3586 2011 etiam

204 2043 419 2100 πλείονι
455 2040 508 2097 δὲ
539 2040 802 2120 χριομένη
849 2048 925 2115 τῷ
967 2049 1216 2120 τεχνητῷ
1252 2059 1268 2076 ⁸
1315 2043 1377 2097 τὸ
1421 2041 1473 2096 δὲ
1531 2041 1626 2108 τῆς
1673 2046 1858 2120 ψυχῆς

1951 2047 2213 2099 uteretur
2240 2035 2513 2110 artiﬁcio,
2552 2035 2930 2116 pulchritudo
2981 2038 3198 2099 animae
3249 2056 3589 2100 marcesce-

204 2133 442 2201 ἀπήνθει
505 2133 590 2187 καὶ
652 2130 989 2208 ἐμαραίνετο.
1045 2132 1244 2207 Χρυσὸς
1299 2128 1349 2185 δὲ
1396 2133 1462 2198 ἦν
1511 2129 1644 2205 αὗτῇ
1693 2130 1858 2194 πολὺς

1951 2125 2042 2187 bat
2076 2135 2134 2187 et
2165 2124 2572 2187 ﬂaccessebat.
2605 2123 2744 2184 Erat
2791 2143 2930 2184 vero
2982 2126 3035 2185 ei
3069 2125 3317 2188 multum
3349 2127 3589 2208 quidem

205 2222 314 2296 μὲν
361 2223 391 2276 ὀ
423 2221 487 2275 τὸ
549 2221 705 2292 σῶμα
765 2225 1003 2292 κοσμῶν,
1037 2217 1201 2283 πολὺς
1245 2217 1299 2273 δὲ
1332 2221 1415 2274 καὶ
1446 2223 1474 2274 '0
1504 2222 1626 2282 ταῖς
1658 2219 1862 2299 χρείαις

1951 2215 2114 2295 auri,
2175 2214 2328 2295 quod
2391 2232 2607 2292 corpus
2667 2212 3012 2293 exornabat,
3076 2216 3324 2277 multum
3386 2224 3589 2280 autem

205 2309 518 2384 ὑπηρετῶν,
579 2308 667 2362 καὶ
723 2305 924 2375 πλῆθος
971 2306 1273 2364 ἀκολούθων
1329 2313 1433 2364 τῶν
1463 2308 1559 2382 μὲν
1589 2330 1861 2384 προηγου-

1951 2305 2149 2380 etiam,
2204 2303 2360 2384 quod
2423 2303 2554 2381 ejus
2585 2303 2881 2364 serviebat
2911 2302 3142 2376 usibus,
3180 2311 3238 2365 et
3271 2305 3589 2370 multitudo

211 2400 423 2473 μένων⁹
469 2403 575 2453 τῶν
631 2393 686 2450 δέ
746 2400 834 2451 καὶ
894 2395 1253 2476 ἐφεπομένων.
1295 2400 1393 2462 Οἷς
1425 2395 1488 2464 δὴ
1515 2398 1599 2452 καὶ
1633 2396 1866 2471 μάλιστα

214 2490 281 2542 τὸ
341 2487 453 2543 τῶν
528 2489 708 2542 παθῶν
763 2484 965 2564 ἔχονσα
1020 2486 1120 2562 πῦρ
1180 2486 1543 2561 ἀναπτόμενοι
1602 2488 1689 2542 καὶ
1750 2489 1865 2550 τοὺς

219 2576 452 2653 ἐραστὰς
482 2574 794 2652 ὑπαγομένη
832 2596 886 2629 νε
937 2576 1023 2630 καὶ
1055 2575 1359 2646 ἐκκαίουσα,
1394 2575 1448 2628 ἐν
1480 2573 1718 2653 πόρναις,
1773 2576 1866 2631 θ’ί-

220 2665 366 2740 μοιί
431 2663 596 2720 ἐτέλει
653 2664 740 2718 καὶ
798 2663 984 2739 πρώτη
1033 2669 1137 2719 τῶν
1183 2664 1236 2719 ἐν
1289 2669 1357 2739 τῇ
1400 2663 1552 2720 πόλει
1591 2664 1867 2721 Μαινάδων

221 2753 639 2833 ἑπεγινώσκετο.
702 2749 870 2808 Ἀλλὰ
925 2754 1025 2831 γαρ
1083 2753 1178 2810 οὒκ
1239 2751 1430 2831 ἤνεγκε
1496 2755 1680 2832 Κύριος
1718 2755 1868 2832 φύσιν

1949 2393 2370 2474 comitum,qui
2407 2391 2618 2471 partim
2651 2392 2891 2471 quidem
2926 2393 3588 2474 praecedebant,partim

1950 2493 2143 2545 autem
2175 2482 2598 2560 sequebantur.
2647 2480 2874 2552 Quibus
2921 2481 3160 2562 quidem
3193 2482 3374 2544 rebus
3404 2485 3588 2545 animi

1953 2573 2463 2652 perturbationum
2492 2572 2720 2632 habens
2741 2571 2937 2648 ignem
2962 2572 3216 2634 maxime
3245 2591 3588 2654 accensum,

1951 2661 2330 2742 illiciensque
2363 2670 2419 2722 et
2451 2678 2630 2720 urens
2684 2668 3011 2739 amatores,
3052 2659 3209 2722 inter
3242 2667 3590 2724 meretrices

1955 2751 2127 2830 (proh
2161 2751 2331 2811 dolor
2353 2752 2404 2829 Ξ)
2436 2750 2609 2810 vitam
2638 2749 2848 2826 agebat
2871 2748 3382 2826 etagnoscebatur
3400 2751 3596 2830 prima

223 2846 310 2899 καὶ
362 2844 552 2922 ψυχὴν
623 2841 866 2919 γενναίαν
925 2840 1344 2918 τυραννουμένην
1391 2843 1494 2897 ὑπὸ
1543 2852 1635 2900 τοῦ
1692 2865 1867 2908 πονη.ο

227 2940 342 3012 ροῦ³
375 2934 436 2988 τό
468 2954 524 2988 τε
557 2930 753 3006 μέλλον
784 2932 915 2999 ὀρῶν
962 2933 1036 2993 ὡς
1068 2929 1167 2999 ἤδη
1201 2932 1389 3008 παρὸν,
1435 2932 1520 2986 καὶ
1566 2931 1656 2986 οἵα
1699 2930 1760 2986 ἂν
1817 2931 1868 2996 ἐξ

1955 2840 2310 2907 Maenadum,
2347 2857 2480 2919 quae
2511 2847 2679 2898 erant
2722 2838 2785 2898 in
2831 2837 3090 2898 civitate.
3126 2835 3242 2900 Sed
3276 2838 3438 2900 enim
3474 2858 3592 2902 non

1952 2929 2088 2991 sivit
2117 2927 2273 2988 Deus
2304 2946 2651 3007 generosam
2686 2927 2942 2988 animam
2988 2935 3046 2988 et
3069 2935 3339 2990 naturam
3364 2946 3398 2989 a
3422 2929 3596 2990 mali-

233 3022 355 3085 οῗας
408 3021 620 3100 γένοιτο
682 3019 962 3097 προειδὼς,
1044 3021 1132 3074 καί
1188 3043 1236 3074 τι
1303 3020 1395 3075 καὶ
1448 3018 1626 3075 δουναι
1702 3019 1866 3076 θέλων

1951 3024 2048 3098 gni
2083 3017 2340 3098 opprimi
2391 3017 2720 3099 tyrannide,
2759 3016 3022 3078 futurum
3075 3016 3282 3078 videns
3313 3027 3594 3095 tanquam

231 3124 346 3176 τοῖς
428 3111 583 3167 αυτὸν
665 3107 972 3182 σεϐομένοις
1051 3106 1385 3186 παράδειγμα
1461 3111 1535 3171 ὡς
1594 3109 1750 3188 ἀρκεῖ
1809 3113 1866 3167 τὸ

1952 3107 2113 3185 quod
2137 3107 2262 3186 jam
2297 3107 2554 3186 adesset,
2592 3115 2649 3168 et
2681 3107 3001 3186 prsesciens
3054 3105 3242 3186 qualis
3299 3124 3372 3168 ex
3432 3107 3600 3185 quali

228 3199 449 3266 θελῆσαι
480 3203 644 3276 μόνον
675 3199 805 3275 πρὸς
847 3201 909 3254 τὸ
941 3196 1176 3276 γενέσθαι
1207 3197 1472 3276 χρηστόν,

1954 3205 2111 3258 esset
2164 3213 2433 3271 evasura,
2493 3204 2551 3256 et
2608 3197 2816 3256 Vulens
2868 3195 2964 3270 iis,
3051 3195 3153 3274 qui
3225 3195 3423 3276 ipsum
3487 3215 3596 3258 c0-

1954 3288 2104 3358 lunt,
2138 3285 2283 3347 dare
2314 3285 2548 3365 aliquod
2601 3283 2964 3364 exemplum,
3023 3284 3185 3364 quod
3216 3285 3410 3347 solum
3447 3287 3598 3348 velle

1957 3377 2129 3439 alicui
2162 3377 2421 3438 sufﬁciat
2450 3375 2522 3436 ad
2560 3377 2694 3452 hoc,
2731 3386 2794 3438 ut
2825 3377 2928 3438 fiat
2957 3376 3152 3437 bonus
3187 3380 3285 3452 (1).

359 3467 376 3491 ν
517 3467 532 3488 \
567 3463 590 3485 κ
880 3472 902 3483 τ
1022 3463 1038 3486 ν
1405 3466 1418 3486 ν
1563 3466 1577 3484 ς
1671 3469 1683 3486 ο

316 3475 358 3524 Α
390 3516 404 3530 .
439 3475 534 3524 Και
561 3468 623 3536 δή
655 3487 785 3524 ποτε
816 3488 908 3524 του
939 3465 991 3520 ἐν
1046 3469 1330 3544 Αντιοχείᾳ
1360 3487 1480 3522 τοτε
1530 3488 1618 3522 τον
1674 3487 1866 3545 ιερατι-

2039 3466 2134 3527 ΙΙΙ.
2171 3465 2313 3528 Cum
2348 3467 2545 3546 itaque
2576 3467 2625 3526 is
2657 3466 2756 3546 qui
2797 3474 2933 3527 tunc
2976 3466 3312 3528 Antiochiae
3333 3466 3596 3527 admini-

237 3558 332 3614 κόν
389 3554 652 3617 διέποντος
709 3553 888 3634 θρόνον
919 3555 1054 3610 κατά
1083 3576 1200 3610 τινα
1240 3556 1425 3633 χρείαν
1456 3555 1576 3617 τοὺς
1605 3553 1692 3610 ὑπ’
1725 3555 1866 3611 αὒτὸκ

1962 3555 2191 3616 strabut
2218 3555 2420 3616 sedem
2457 3555 2878 3634 pontiﬁcalem,
2915 3573 3023 3616 usu
3067 3555 3265 3636 aliquo
3288 3556 3367 3616 ita
3391 3565 3600 3634 postu-

240 3646 560 3709 ἐπισκόπους
620 3646 1009 3722 συναγαγόντος
1041 3643 1096 3698 ἐν
1125 3644 1214 3705 οἷς
1246 3642 1396 3700 ἄλλοι
1425 3665 1481 3700 τε
1510 3643 1699 3701 πολλοὶ
1741 3667 1866 3722 προ-

1966 3645 2148 3720 lante,
2185 3662 2292 3706 eos
2324 3645 2420 3724 qui
2453 3643 2562 3704 sub
2597 3662 2660 3704 se
2692 3652 2882 3719 erant,
2917 3655 3332 3723 congregasset
3359 3643 3600 3725 episco-

240 3735 463 3815 ἔχοντες
518 3740 624 3790 τῶν
657 3733 867 3790 πολλῶν
901 3736 1038 3801 ἦσαν
1087 3734 1175 3788 καὶ
1223 3729 1289 3799 δὴ
1332 3736 1418 3789 καὶ
1475 3733 1666 3798 Νάννος
1725 3733 1866 3810 ἀνὴρ.

1970 3753 2098 3814 pos,
2150 3733 2308 3794 inter
2336 3751 2484 3812 quos
2546 3743 2740 3809 erant,
2775 3733 2877 3812 qui
2909 3735 3107 3795 multis
3137 3732 3511 3813 praestabant,
3547 3743 3606 3797 et

238 3823 410 3882 τᾶλλα
449 3845 508 3880 τε
537 3825 837 3898 θαυμαστὸς
897 3823 984 3879 καὶ
1027 3823 1117 3878 τὸν
1158 3822 1354 3896 τρόπον
1402 3821 1712 3900 ἆγγελικὶς.
1747 3824 1866 3880 T05-

1970 3833 2094 3885 erat
2134 3829 2308 3883 etiam
2346 3821 2589 3882 Nonnus
2618 3823 2709 3882 vir
2741 3833 2799 3884 et
2829 3825 2889 3883 in
2923 3823 3153 3884 caeteris
3207 3822 3602 3895 admirabilis,

239 3936 342 3972 των
390 3915 484 3970 οὖν
525 3909 629 3979 ἤδη
669 3910 1086 3990 συνειλεγμένων
1115 3912 1205 3968 καί
1246 3932 1388 3975 τινος
1438 3918 1541 3967 τῶν
1599 3911 1653 3966 ἐν
1684 3917 1751 3988 τῇ
1781 3913 1866 3968 πό-

1969 3921 2029 3974 et
2060 3910 2322 3972 moribus
2377 3911 2699 3989 angelicus.
2735 3912 2879 3974 Cum
2940 3913 2980 3972 ii
3031 3922 3224 3974 autem
3251 3913 3374 3993 jam
3407 3922 3608 3974 essent

239 4001 319 4059 λει
369 4004 532 4078 νεῶν,
570 4002 860 4058 Ἰουλιανοῦ
892 3999 946 4056 δὲ
993 4002 1088 4056 τοῦ
1135 4000 1396 4080 μάρτυρος
1439 4002 1509 4066 ἧν
1555 4000 1730 4080 οὗτος,
1786 4002 1866 4080 πρὲ

1969 4001 2304 4080 congregati
2324 4010 2380 4061 et
2402 4002 2684 4063 sederent
2706 4019 2810 4080 pro
2828 4001 3055 4063 foribus
3076 4002 3608 4082 templicujusdam

243 4094 348 4150 τῶν
438 4091 618 4149 πυλῶν
702 4089 1067 4165 γαθεζομένων
1150 4092 1237 4146 καὶ
1315 4089 1740 4169 φιλοσοφούντων
1823 4092 1866 4147 τέ

1969 4110 2038 4153 ex
2071 4093 2144 4152 iis
2175 4110 2306 4170 quae
2340 4099 2506 4150 erant
2540 4089 2597 4150 in
2632 4089 2890 4165 civitate,
2927 4092 2987 4152 id
3017 4101 3210 4154 autem
3241 4101 3365 4154 erat
3390 4092 3610 4154 Juliani

244 4183 468 4261 θεοφιλῆ
515 4203 570 4238 τε
619 4181 709 4237 καὶ
751 4178 859 4236 ἅνω
912 4179 1138 4258 φέροντα
1193 4183 1293 4236 καὶ
1353 4180 1445 4238 τοῦ
1496 4181 1637 4260 ἱεροῦ
1695 4181 1866 4238 Νόννσ

1978 4181 2270 4260 martyris,
2295 4179 2858 4261 philosopharentur
2879 4191 3073 4244 autem
3101 4181 3175 4243 de
3207 4182 3280 4244 iis
3313 4200 3444 4263 quas
3475 4190 3612 4242 sunt

245 4270 550 4352 ψυχωφελῆ
603 4293 722 4327 τινα
772 4268 1109 4325 διδασκαλίαν
1169 4271 1299 4349 πρὸς
1354 4268 1540 4333 αὐτοὺς
1593 4270 1864 4336 μετιόντος

1977 4272 2072 4350 pia
2103 4280 2160 4331 et
2218 4288 2452 4330 sursum
2514 4270 2738 4346 i'erunt,
2777 4280 2833 4332 et
2890 4281 3304 4334 sacrosanctus
3361 4273 3613 4334 Nonnus

245 4363 442 4439 παρῇει
496 4359 730 4436 Πελαγία
787 4363 853 4434 τῇ
912 4359 1126 4427 συνήθει
1161 4357 1424 4436 χρωμένη
1483 4359 1570 4414 καὶ
1613 4363 1777 4434 σκευῇ
1806 4381 1866 4414 κα

1977 4357 2288 4440 quamdam
2323 4360 2539 4420 animae
2579 4360 2782 4421 utilem
2835 4361 2988 4441 apud
3023 4380 3125 4423 eos
3155 4368 3618 4443 persequeretur

245 4449 416 4527 στολῇ
469 4449 555 4505 ἐπί
622 4470 764 4511 τινος
829 4448 1111 4526 ὀχήματος
1173 4447 1474 4526 καθημένη³
1551 4445 1778 4511 πολλοῖς
1837 4446 1864 4503 δ

633 4538 643 4553 .
843 4539 858 4557 ς
957 4539 970 4554 ς
1110 4535 1130 4557 η
1225 4537 1236 4557 1
1382 4537 1428 4556 ς-

1951 4448 2332 4546 ,όοςινίηειιω
2359 4448 2611 4510 accessit
2643 4449 2884 4528 Pelagia
2915 4461 3094 4513 utens
3121 4461 3410 4514 consueto
3439 4467 3615 4530 appa-

246 4538 715 4617 παραπεμπομένη
774 4539 863 4594 καὶ
921 4539 1013 4593 τὸν
1071 4535 1296 4603 πλησίον
1373 4537 1502 4616 ἀέρα
1560 4559 1866 4616 καταχρων-

1951 4535 2101 4608 ’τθιυ
2121 4546 2178 4600 et
2209 4538 2436 4618 habitu,
2463 4539 2800 4620 sedensque
2852 4541 2910 4600 in
2941 4542 3200 4618 quodam
3239 4541 3529 4603 vehiculo.
3563 4541 3618 4603 A

249 4630 371 4686 νῦσά
398 4650 462 4685 τε
503 4630 592 4684 καὶ
650 4627 960 4706 μυρίζουσα,
998 4627 1060 4681 τὸ
1092 4627 1192 4701 μὲν
1241 4627 1308 4694 τῆ
1360 4631 1466 4681 τῶν
1511 4627 1688 4704 μύρων
1747 4628 1866 4703 ὀσμῆ

1978 4627 2175 4687 multis
2205 4636 2398 4688 autem
2434 4626 2843 4690 deducebatur
2873 4638 2931 4692 et
2984 4631 3382 4712 propinquum
3414 4647 3618 4692 aerem

251 4717 310 4772 τὸ
362 4717 420 4775 δὲ
477 4723 544 4794 τῇ
587 4717 692 4774 τῶν
758 4715 917 4771 λίθων
979 4716 1067 4771 καὶ
1125 4717 1413 4794 μαργάρων
1464 4715 1642 4794 αὒγῇ,,
1685 4717 1862 4783 Ταύτη

1976 4716 2282 4778 colorabat
2301 4724 2358 4776 et
2379 4716 2777 4794 perfundebat
2797 4726 2919 4780 tum
2941 4720 3125 4782 odore
3150 4728 3616 4801 unguentorum,

251 4812 334 4861 οὖν
390 4814 686 4884 παριοῦσαν
740 4804 1157 4882 ἀνερυθριᾶστως
1203 4805 1343 4860 οὕτω
1398 4805 1486 4860 καὶ
1550 4805 1755 4880 ἰταμῶς
1822 4808 1866 4862 ὼ

1978 4812 2101 4865 tum
2139 4805 2459 4884 splendore
2492 4807 2966 4882 margaritarum.
2995 4812 3161 4872 Hanc
3193 4828 3336 4889 ergo
3372 4818 3487 4870 tam
3523 4808 3620 4870 in—

259 4893 286 4949 ὁ
330 4896 438 4953 τῶν
489 4895 759 4972 ποιμένων
791 4892 934 4951 εἶδεν
965 4896 1132 4973 χορὸς
1165 4896 1211 4950 οἱ
1244 4895 1342 4968 μὲν
1369 4893 1543 4967 ἄλλοι,
1577 4893 1670 4950 εἴτε
1699 4892 1763 4962 δὴ
1797 4918 1866 4970 μη

1979 4893 2338 4966 verecunde,
2378 4903 2434 4955 et
2468 4904 2581 4956 tam
2609 4895 2991 4976 impudenter
3011 4899 3393 4960 accedentem
3415 4897 3624 4960 videns

261 4980 343 5039 δέν
397 5009 449 5043 τι
491 4985 652 5042 πλέον
706 4992 812 5041 τῶν
874 4983 1158 5062 ὁρωμένων
1221 4983 1439 5063 ἔχοντες
1516 4983 1719 5063 ἐνορᾷο³
1782 4985 1866 5040 θέα

1990 4993 2291 5064 pastorum
2320 4985 2561 5058 chorus,
2586 4985 2684 5045 alii
2711 4985 3048 5066 quideui,ut
3075 4987 3173 5066 qui
3207 4988 3354 5049 nihil
3389 4995 3627 5067 possent

262 5065 422 5132 αὐτῆς
478 5066 868 5145 κατεγίνωσκον
929 5064 1217 5142 πορνικὴν⁹
1251 5062 1386 5121 ηκαὶ
1441 5063 1557 5120 οὐδὲ
1628 5062 1866 5140 προσιδεϊ

1985 5062 2202 5134 intueri
2239 5080 2454 5151 przeler
2484 5091 2553 5134 ea
2608 5092 2738 5152 quae
2785 5062 3206 5157 cernebantur,
3263 5062 3629 5136 damnabunt

266 5150 395 5220 ὅλως
449 5156 732 5230 ὑπέμενον,
791 5152 911 5209 ἀλλ’
987 5153 1240 5231 ἠρυθρίων
1296 5155 1386 5210 καὶ
1459 5152 1848 5232 ἀπεστρέφοντο

1984 5150 2290 5242 aspectum
2318 5163 2449 5242 ejus
2477 5150 2905 5241 meretricium,
2925 5174 3078 5227 etne
3100 5150 3470 5227 sustinebant
3491 5165 3628 5245 quie

267 5242 455 5309 Νόννος
485 5244 540 5300 δε
568 5243 666 5319 ἄρα
696 5241 812 5320 ᾔδει
860 5244 948 5299 καὶ
1003 5244 1068 5297 τὰ
1115 5241 1322 5298 ἐναντία
1362 5240 1623 5306 πολλάκις
1676 5245 1738 5299 ἒκ
1793 5243 1866 5300 τῶ

1986 5240 2123 5312 dem
2148 5240 2392 5313 omnino
2422 5251 2714 5330 aspicere,
2777 5253 2883 5314 sed
2943 5252 3381 5316 erubescebant
3409 5261 3469 5315 et
3498 5240 3630 5316 eam

267 5327 509 5390 ἐναντίων
573 5334 920 5411 κν-ρποῦσθαι,
1006 5331 1093 5386 καὶ
1177 5329 1243 5385 δι’
1323 5332 1384 5386 οὗ
1448 5329 1660 5408 κέντρον
1707 5329 1866 5398 ἡδονῆ

1989 5340 2440 5403 aversabantur.
2473 5327 2722 5403 Nonnus
2753 5352 2947 5405 autem
2982 5345 3082 5424 qui
3116 5344 3345 5407 sciebat
3391 5362 3466 5407 ex
3494 5362 3636 5407 con-

267 5413 419 5487 ἄλλος
450 5425 512 5479 ἂν
540 5423 674 5485 ἴσως
707 5419 912 5485 ἐδέξατο
942 5424 1010 5496 τῇ
1041 5423 1218 5499 ψυχῇ,
1254 5426 1406 5476 τοῦτο
1449 5417 1514 5486 δὴ
1561 5418 1712 5482 οὗτος
1745 5419 1866 5503 ἔσχε

1993 5429 2193 5493 trariis
2225 5449 2381 5512 saepe
2433 5430 2720 5510 colligere
2779 5413 3098 5515 contraria,
3157 5453 3265 5516 per
3293 5435 3449 5517 quod
3483 5435 3635 5500 alius

348 5596 918 5736 whii'iltlegigglbgq
932 5595 1488 5736 itiosvsqlﬁuqostrum
1539 5615 1658 5660 non
1689 5606 2026 5686 praeveniat,
2060 5609 2166 5673 sed
2225 5619 2507 5692 sequatur
2541 5610 2791 5691 gratiam
2827 5612 2958 5692 Dei,
2993 5613 3124 5677 sine
3153 5633 3271 5696 qua
3299 5632 3412 5678 nec
3438 5613 3635 5696 ipsum

271 5675 420 5738 velle
445 5676 663 5743 bonum
686 5675 918 5741 habere
952 5695 1286 5760 possumus.
1562 5711 1566 5716 -
