4066 6146
416 304 526 370 911
1616 301 2002 365 ΑΒΒΕΝΒΑ.
2074 331 2084 344 ι

2218 296 2582 362 OCTOBER.
3667 296 3736 360 9i
3751 297 3787 362 2

413 440 570 504 forte
589 437 796 502 animo
815 436 1153 519 accepisset.
1184 436 1488 500 stimulum
1511 434 1971 516 voluptatis,hoc
2002 433 2053 495 is
2073 459 2084 492 λ

2174 434 2447 509 πὲκκαυμά
2495 457 2546 492 τι
2606 438 2734 513 πρὸς
2790 435 3004 514 ἀρετὴν,
3052 434 3159 493 ἀιθ’
3217 438 3291 493 ὧν
3333 437 3421 493 καὶ
3450 437 3548 505 τῆς
3583 436 3786 515 πόρνης

416 528 622 592 habuit
645 527 962 610 quemdam
1008 525 1277 589 fomitem
1309 527 1381 588 ad
1412 526 1715 587 virtutem.
1753 524 2060 599 Quamob-

2175 524 2241 581 ὖκ
2287 524 2480 602 ἀφίστη
2540 531 2645 582 τῶν
2702 524 3012 605 ὀφθαλμῶν,
3058 524 3195 581 ἀλλὰ
3230 527 3316 582 καὶ
3353 527 3618 606 παρούσης
3652 527 3786 603 πρὸς

415 636 549 683 rem
568 616 622 682 is
636 635 672 680 a
691 615 1007 681 meretrice
1027 634 1146 678 non
1166 614 1861 689 dimovebatoculos,sed
1882 613 2058 677 etiam

2174 615 2309 681 εὖτὴν
2354 613 2494 693 ἑώρα
2523 614 2724 689 ἀτενὲς,
2759 615 2848 672 καὶ
2880 615 3144 683 ἀπιούσης
3177 616 3330 682 αὐτος
3379 612 3456 671 ἔτι
3507 620 3606 683 τῆς
3663 614 3789 676 θέας

421 726 557 771 cum
589 707 692 770 illa
719 707 957 770 adesset
998 706 1115 768 ﬁxo
1168 704 1377 769 obtutu
1398 705 1588 787 ipsam
1618 704 1971 786 aspiciebat,
2006 710 2064 764 et
2146 703 2358 784 εἴχετο.

425 815 557 861 cum
579 795 929 878 abiret,ipse
949 795 1143 858 adhuc
1165 813 1297 858 eam
1326 794 1618 877 pergebat
1643 791 2056 874 contemplari.

503 885 605 949 IV.
637 886 866 949 Deinde
893 885 1063 947 valde
1088 886 1489 964 ingemiscens
1520 892 1580 946 et
1601 884 1858 945 suffusus
1881 882 2066 963 lacry-

2233 881 2792 938 tyrr-"-
3049 882 3089 921 ἐ
3682 882 3715 938 λ

2304 929 2314 939 .
2398 924 2412 938 Α
2449 903 2514 938 τα
2572 903 2653 938 Ακι
2707 905 2844 963 μερι
2908 904 3154 949 στενα,ας
3207 907 3294 942 και
3348 905 3581 963 οακρλων
3640 905 3679 939 π
3718 905 3792 950 η··

426 976 540 1038 mis
560 976 826 1056 seipsum
854 974 1114 1038 deﬂebat
1134 975 1224 1038 vir
1244 974 1475 1055 beatus,
1508 983 1567 1035 et
1594 973 1757 1037 illius
1792 980 2063 1035 ornatum

2174 974 2286 1036 τθεὶς
2373 972 2560 1029 ἑαυτὸν
2648 975 2675 1029 ὁ
2762 974 3019 1051 μακάριος
3119 973 3457 1052 ἀπεκλαίετο,
3530 974 3616 1029 καὶ
3701 974 3795 1029 τὸν

425 1064 661 1128 dicebat
680 1082 850 1126 suam
878 1082 1010 1128 esse
1034 1065 1616 1140 condemnationem,
1646 1062 1942 1143 siquidem
1964 1061 2068 1123 illa

2180 1064 2357 1128 κείνης
2413 1060 2797 1138 καλλωπισμὸν
2856 1064 3162 1137 κατάκρισιν
3206 1063 3385 1141 ἔλεγεν
3445 1064 3652 1131 ἑαυτοῦ,
3710 1062 3796 1117 εἴ·

425 1173 634 1218 amans
662 1154 902 1237 quidem
935 1155 1281 1238 corpora,in
1303 1172 1434 1236 quae
1456 1154 1611 1216 cadit
1632 1154 1933 1232 interitus,
1968 1152 2066 1212 id-

428 1262 547 1326 que
575 1244 649 1307 ad
670 1245 760 1306 sui
783 1243 1091 1308 interitum
1111 1262 1437 1322 veramque
1468 1263 1537 1305 ac
1570 1259 1914 1323 germanam
1959 1241 2068 1302 ha-

427 1333 578 1398 bens
609 1332 1109 1416 pulchritudinem
1144 1333 1205 1396 in
1235 1334 1360 1397 suis
1410 1334 1698 1396 membris
1729 1333 2067 1407 ﬂorentem,

424 1443 549 1488 non
578 1422 886 1486 dubitabat
936 1430 1134 1487 tamen
1184 1423 1440 1487 naturali
1492 1419 1923 1504 pulchritudini
1957 1419 2069 1480 ali-

428 1512 574 1597 quid
605 1511 984 1577 architectari
1040 1521 1102 1576 et
1155 1513 1404 1577 artiﬁcio
1463 1512 1816 1593 adjungere,
1852 1517 1913 1573 et
1942 1527 2070 1572 eam

2153 1172 2250 1229 περ
2305 1150 2479 1216 ἐγείνη
2512 1150 2608 1224 μὲν
2642 1152 2903 1226 σωμάτων
2948 1151 3119 1230 ἐρῶσα
3168 1156 3406 1234 φθαρτῶν
3459 1154 3552 1209 καί
3625 1150 3794 1207 ταῦτα

2153 1239 2238 1295 ἐπὶ
2269 1239 2412 1316 λύμη
2445 1246 2512 1316 τῇ
2556 1241 2748 1307 ἑαυτῆς
2806 1244 2893 1297 καί
2953 1265 3001 1297 τι
3061 1244 3278 1318 γνήσιον
3343 1242 3544 1322 ἔχουσα
3601 1239 3797 1304 κάλλος

2154 1342 2270 1391 τοῖς
2330 1329 2542 1403 μέλεσιν
2592 1329 2868 1410 ἐπανθοῦν,
2932 1328 3079 1403 ὅμως
3139 1333 3231 1389 οὒκ
3312 1331 3539 1388 ἀποκνεῖ
3611 1327 3798 1396 ἐπιδη-

2157 1426 2479 1497 μιουργοῦσα
2511 1423 2587 1491 τῷ
2628 1420 2834 1498 φυσικῷ
2873 1418 3056 1476 κάλλει
3106 1423 3194 1477 καὶ
3248 1419 3653 1501 ἐπιτεχνωμένη
3708 1420 3800 1476 καί

2159 1530 2262 1564 τισι
2320 1514 2475 1565 τοῦτο
2535 1522 2820 1586 μηχαναῖς
2878 1507 3342 1587 ἐπιλαμπρύνουσα
3413 1512 3500 1567 καὶ
3555 1511 3792 1587 ὑπογρα-

428 1591 787 1687 quibusdam
820 1603 1113 1666 machinis
1171 1611 1231 1665 et
1274 1591 1787 1684 descriptionibus
1818 1599 2075 1663 reddere

2174 1609 2285 1675 ραῖς
2315 1596 2409 1653 ’ἕνα
2450 1595 2628 1673 κλέψῃ
2661 1595 2853 1663 δούλην
2887 1598 3073 1676 πικρὰν
3107 1597 3324 1669 ἡδονήν,
3362 1591 3552 1674 Ἠμεῖς
3598 1595 3676 1678 δέ,
3709 1599 3798 1660 οἷς

430 1685 925 1776 splendidiorem,
960 1700 1028 1756 ut
1082 1710 1342 1756 amaram
1377 1692 1636 1771 aliquam
1665 1690 1782 1751 sibi
1812 1689 2072 1751 sulfure-

2174 1687 2258 1743 ιὲν
2315 1685 2571 1750 ἀθάνατος
2655 1687 2683 1742 ὀ
2769 1686 3058 1764 ἐρωμενος,
3134 1692 3418 1768 προσθήσω
3474 1686 3521 1744 δ’
3575 1687 3657 1745 ὅτι
3715 1688 3804 1745 καὶ

433 1774 531 1846 tur
559 1782 957 1872 voluptatem.
1014 1781 1137 1872 Nos
1199 1791 1413 1872 autem;
1459 1780 1676 1862 quibus
1729 1778 2075 1872 immortalis

2174 1776 2413 1854 ἐραστὴς,
2445 1776 2702 1841 ἀθάνατος
2735 1774 2789 1832 δὲ
2821 1778 2848 1832 ὁ
2879 1778 3115 1857 νυμφὼν,
3151 1780 3186 1846 ἡ
3218 1775 3272 1834 δὲ
3302 1778 3461 1858 χάρις
3487 1790 3600 1841 τοῖς
3633 1775 3800 1841 ὅντως

433 1870 676 1951 quidem
710 1880 800 1933 est
828 1872 879 1933 is
927 1871 1029 1953 qui
1060 1879 1312 1949 amatur,
1346 1870 1660 1953 adjungam
1695 1869 1870 1931 etiam
1906 1887 2073 1931 ama-

2174 1864 2693 1939 ιεκαλλωπισμὲνοις
2753 1865 2890 1939 μηδὲ
2964 1868 3305 1945 γηράσκουσι
3366 1877 3615 1926 τοσοῦτον
3669 1867 3804 1923 ἀπέο

435 1970 530 2024 tor
559 1959 973 2042 thalamusque
1000 1960 1381 2044 immortalis,
1414 1969 1474 2023 et
1502 1959 1691 2041 gratia
1711 1959 1785 2021 iis
1807 1958 1908 2040 qui
1938 1975 2077 2019 vere

2174 1977 2334 2036 (ομεν
2390 1955 2490 2011 τὴν
2546 1955 2802 2012 ἀθένκτον
2861 1954 3214 2028 καλλωπίζειν
3278 1959 3485 2037 ψυχὴν,
3536 1956 3673 2014 ὥστε
3706 1958 3802 2012 καί

435 2057 575 2114 sunt
594 2048 790 2112 ornati
814 2068 931 2112 non
955 2068 1415 2127 consenescens,
1437 2058 1662 2113 tantum
1683 2048 1851 2111 abest
1879 2050 1943 2110 ﬁt
1971 2065 2077 2109 or-

434 2156 651 2203 nemus
677 2138 962 2216 animam,
995 2152 1058 2202 ut
1115 2159 1234 2203 non
1267 2139 1692 2203 erubescamus
1723 2138 1900 2200 etiam
1935 2155 2077 2219 pro-

436 2228 548 2292 bro
577 2227 822 2292 afﬁcere
853 2230 1183 2293 naturalem
1227 2230 1357 2310 ejus
1390 2229 1922 2311 pulchritudinem.
1959 2224 2077 2290 Sed

440 2317 806 2382 contumelia
832 2337 943 2381 nos
972 2323 1135 2401 ipsos
1164 2319 1487 2395 alﬁcimus,
1524 2326 1581 2380 et
1627 2317 1700 2379 ab
1732 2317 1837 2381 illa
1865 2316 2077 2378 ineti‘a-

437 2407 547 2471 bili
575 2414 636 2470 et
663 2406 1005 2471 admirabili
1035 2427 1145 2473 nos
1196 2407 1622 2471 miserabiliter
1673 2424 1946 2469 arcemus
1976 2423 2080 2467 vo-

439 2498 690 2579 luptate,
720 2496 901 2580 idque
959 2517 1094 2561 cum
1146 2516 1267 2561 non
1312 2498 1683 2578 ignoremus,
1717 2497 1874 2577 quod
1911 2492 2084 2556 nobis

440 2585 750 2667 impendet
778 2585 1135 2668 supplicium
1169 2595 1228 2650 et
1258 2606 1391 2668 quae
1418 2594 1556 2648 sunt
1585 2584 1708 2646 illic
1760 2591 2079 2646 tormenta.

441 2675 544 2739 Sic
572 2674 673 2737 ille
704 2674 971 2756 quidem,
1006 2695 1125 2738 non
1166 2676 1387 2756 solum,
1441 2683 1505 2736 ut
1534 2673 1812 2747 arbitror,
1845 2672 2084 2733 intuens

445 2762 520 2825 ad
548 2762 631 2837 id,
665 2762 822 2842 quod
853 2762 1082 2846 aderat,
1107 2764 1214 2827 sed
1251 2765 1375 2845 jam
1400 2764 1575 2826 etiam
1602 2763 1859 2824 futurum
1887 2769 2087 2823 mente

446 2850 801 2933 praevidens,
832 2858 891 2913 et
920 2854 1117 2915 sciens
1147 2853 1303 2935 quod
1367 2872 1485 2916 non
1519 2853 1703 2915 multo
1738 2858 1869 2933 post
1898 2869 2084 2932 supe-

443 2940 737 3003 rabuntur
757 2941 937 3004 etiam
955 2942 1027 3005 ab
1051 2944 1181 3024 ejus
1201 2943 1417 3006 animm
1439 2942 1903 3025 pulchritudine,
1929 2951 1991 3003 et
2013 2942 2085 3003 ad

450 3035 778 3094 certamina
800 3033 1090 3113 spiritalia
1110 3033 1469 3096 videbuntur
1508 3034 1725 3096 cedere
1756 3031 2082 3095 meretrici.

449 3119 609 3202 quod
640 3120 881 3201 quidem
916 3121 972 3182 ei
1000 3121 1491 3202 praesigniﬁcabat
1519 3120 1715 3184 divina
1744 3122 1869 3183 haec
1900 3128 1960 3182 et
1988 3121 2090 3184 ad-

451 3207 745 3271 mirabilis
773 3225 810 3270 a
840 3212 963 3272 Deo
993 3211 1164 3274 visio.

536 3298 610 3361 V.
642 3297 1011 3360 Videbantur
1039 3297 1452 3373 Nonnus,cum
1486 3301 1747 3365 divinum
1781 3317 2092 3384 peragere-

449 3397 547 3452 tur
578 3386 998 3461 ministerium,
1032 3387 1162 3468 ipse
1194 3388 1435 3469 quidem
1490 3401 1645 3454 stare
1675 3391 1746 3454 ad
1778 3390 2090 3454 sinistrum

451 3493 637 3540 cornu
666 3476 892 3553 altaris,
926 3478 1194 3558 quaedam
1226 3488 1421 3540 autem
1450 3481 1728 3544 columba
1776 3481 1896 3542 luto
1944 3478 2092 3541 illita

451 3584 586 3629 eum
615 3566 1070 3647 circumvolare,
1101 3584 1161 3630 et
1215 3588 1335 3632 non
1387 3570 1558 3633 facile
1613 3570 1924 3645 recedere,
1984 3568 2088 3631 sed

452 3673 639 3738 prope
671 3656 869 3718 volare
899 3665 954 3719 et
1014 3657 1069 3718 ei
1124 3658 1459 3721 molestiam
1513 3659 1827 3742 exhibere,
1854 3668 1912 3722 et
1940 3666 2091 3721 tetro

454 3745 640 3809 odore
672 3746 984 3807 maximam
1016 3746 1233 3811 afferre
1266 3749 1589 3824 tristitiam,
1619 3758 1679 3813 et
1728 3751 1853 3812 haec
1901 3749 2095 3811 donec

457 3835 872 3897 catechumeni
894 3845 1249 3899 vocarentur
1279 3857 1314 3901 a
1343 3838 1673 3904 sacerdote.
1711 3839 1859 3912 Quid
1893 3847 2090 3900 autem

454 3932 661 4005 postea
681 3934 770 3986 est
789 3927 1226 3990 consecutum?
1272 3927 1402 4010 Ipsa
1424 3929 1664 4011 quidem
1695 3948 1812 3991 non
1839 3946 2093 4010 appare-

454 4012 578 4090 bat,
605 4013 867 4093 quandiu
906 4014 1135 4078 duravit
1188 4024 1422 4099 tempus
1455 4021 1875 4101 mysteriorum
1910 4025 1968 4080 et
2000 4026 2093 4079 to-

457 4101 573 4163 tius
594 4102 1030 4166 ministerii.Eo
1061 4113 1258 4169 autem
1285 4107 1407 4186 jam
1444 4116 1708 4190 peracto,
1736 4107 1848 4188 ipsi
1879 4124 1913 4167 a
1938 4115 2090 4168 tem-

456 4191 555 4271 plo
577 4192 930 4270 egredienti,
963 4213 1096 4256 cum
1128 4195 1337 4257 fuisset
1358 4196 1419 4256 in
1454 4197 1679 4271 limine,
1711 4197 1918 4258 eadem
1950 4213 2088 4257 rur-

455 4298 557 4343 sus
586 4280 865 4342 columba
893 4284 1275 4363 apparuit,ita
1300 4284 1543 4363 quidem
1576 4303 1642 4347 se
1671 4285 1897 4347 habens
1928 4292 1985 4345 et
2012 4285 2092 4346 ita

453 4369 700 4448 faciens,
732 4372 925 4433 donec
957 4380 1232 4452 porrecta
1258 4374 1522 4450 dextera,
1549 4394 1678 4436 eam
1712 4393 1891 4436 manu
1912 4392 2090 4437 acce-

459 4465 642 4539 ptam,
667 4460 908 4522 demisit
936 4459 997 4521 in
1024 4461 1318 4523 lavacrum
1346 4481 1498 4544 aqua
1535 4464 1799 4545 plenum.
1826 4462 1931 4526 Illa
1955 4483 2092 4526 vero

2164 2047 2222 2100 τὸ
2279 2046 2492 2125 φυσικὸν
2557 2049 2714 2111 αὑτῆς
2774 2044 2971 2109 κὰἰλλος
3030 2047 3373 2125 αἰσχύνοντες
3406 2047 3501 2102 οὒκ
3528 2050 3804 2126 ἓπαισχυ-

2165 2135 2384 2210 νὸμεθα,
2445 2132 2564 2188 ἀλλ’
2608 2131 2943 2210 ἐφυϐρίζομεν
3004 2134 3242 2210 ἑαυτοὺς,
3303 2138 3391 2192 καὶ
3448 2140 3544 2205 τῆς
3605 2134 3806 2205 ἡδονῆς

2163 2223 2369 2290 ἑκεινης
2443 2227 2541 2288 τῆς
2628 2221 2924 2300 ἀποῤῥῆτου
2995 2226 3080 2279 καὶ
3170 2228 3475 2300 θαυμαστῆς
3562 2224 3808 2291 ἐλεεινῶς

2165 2311 2548 2390 ἀπειργόμεθα,
2596 2312 2683 2367 καὶ
2714 2314 2875 2368 ταῦτα
2909 2311 3045 2388 μηδέ
3095 2314 3195 2381 τὴν
3245 2312 3622 2391 ἐπηρτημένον
3669 2318 3810 2390 ἡμῖν

2167 2403 2473 2480 ἀγνοοῦντες
2564 2400 2781 2458 κόλασιν
2865 2404 2953 2458 καὶ
3038 2403 3104 2459 τὰ
3178 2404 3381 2461 ἐκεῖθεν
3430 2402 3804 2483 δικαιωτήρια,

2168 2490 2320 2549 Οὕτω
2379 2490 2477 2567 μὲν
2538 2490 2742 2556 ἐκεῖνος
2787 2494 2846 2548 οὒ
2880 2491 3040 2566 μόνον
3082 2493 3214 2571 πρός
3260 2515 3322 2570 γε
3364 2495 3424 2550 τὸ
3466 2496 3632 2572 παρὸν
3663 2496 3808 2552 ἀπο-

2167 2576 2399 2659 ϐλέπων,
2431 2582 2505 2644 ὡς
2538 2580 2806 2654 πείθομαι,
2854 2579 2973 2636 ἀλλ’
3004 2580 3106 2648 ἤδη
3139 2583 3225 2638 καὶ
3255 2584 3314 2639 τὸ
3362 2583 3560 2660 μέλλον
3604 2592 3681 2660 τῷ
3741 2594 3813 2662 vi};

2169 2674 2429 2748 προορῶν,
2491 2671 2578 2724 καὶ
2636 2668 2783 2735 εἰδὼς
2826 2672 2900 2733 ὡς
2952 2674 3009 2729 οὒ
3068 2672 3202 2747 μετὰ
3258 2671 3392 2728 πολὺ
3439 2677 3524 2731 καὶ
3565 2683 3661 2732 τοῦ
3713 2676 3812 2744 τῆς

2168 2762 2354 2838 ψυχῆς
2413 2761 2577 2825 αὖτῆς
2626 2760 3015 2829 ἡττηθήσονται
3060 2759 3287 2827 κάλλους
3329 2761 3427 2820 καὶ
3472 2767 3672 2844 πόρνης
3723 2770 3814 2824 θκ-

2171 2857 2377 2905 νουνται
2420 2849 2550 2925 πρὸς
2596 2848 2808 2925 ἀγῶνας
2864 2852 3252 2926 πνευματικοὺς
3327 2850 3578 2933 δεύτεροι.
3617 2855 3691 2913 “Ο
3745 2855 3809 2923 δὴ

2168 2941 2267 2994 zu“:
2328 2937 2604 3016 ὀνειράτων
2664 2935 2785 3012 ὄψις
2831 2940 2974 3011 αὐτῷ
3017 2938 3338 3015 προεδείκνυ,
3399 2945 3484 2998 καὶ
3536 2946 3571 3012 ἡ
3631 2943 3811 3023 ὅρασις

2170 3024 2345 3082 τοιάδε
2377 3048 2456 3091 τις
2485 3025 2595 3083 θεία
2626 3027 2712 3083 καὶ
2738 3028 3014 3102 θαυμαστή
3042 3030 3129 3086 καὶ
3161 3031 3300 3109 παρά
3334 3038 3486 3090 Θεοῦ.

2253 3292 2334 3353 Ε’.
2398 3291 2606 3352 Ἐδόκει
2665 3296 2765 3365 τῆς
2823 3298 2963 3362 θείας
3021 3296 3347 3380 λειτουργίας
3417 3303 3734 3381 τελουμένης
3778 3308 3811 3362 ὃ

2174 3383 2368 3450 Νάννος
2414 3384 2565 3451 αὒτὸς
2622 3385 2720 3461 μὲν
2780 3394 2858 3462 τῷ
2905 3393 3040 3462 λαιῷ
3089 3388 3267 3466 κέρατι
3311 3400 3405 3450 τοῦ
3445 3396 3818 3472 θυσιαστηρίου

2176 3474 2560 3552 παρεστηκέναι
2592 3519 2605 3546 ,
2665 3479 2978 3557 περιστερὰν
3027 3475 3082 3534 δὲ
3133 3477 3602 3560 βεϐορϐορωμένην
3655 3484 3821 3542 αὒτὶν

2178 3562 2543 3644 περιπέτεσθαι
2574 3566 2661 3622 καὶ
2691 3565 2828 3642 μηδὲ
2882 3565 3066 3644 ῥᾳδίως
3112 3571 3451 3651 ἀφίστασθαι,
3498 3572 3639 3630 ἀλλά
3667 3573 3818 3642 πλη-

2177 3653 2288 3744 σίον
2324 3650 2587 3744 Δίιτταισθαιι
2641 3657 2731 3744 καὶ
2780 3653 3031 3737 διοχλεῖν
3073 3659 3161 3715 καὶ
3212 3661 3398 3739 μυρίαν
3438 3650 3687 3740 ἐμποιεῖν
3755 3672 3824 3744 τῇ

2177 3740 2399 3816 δυσωδίᾳ
2428 3744 2526 3810 τὴν
2557 3742 2767 3815 ἀηδίαν,
2799 3747 3080 3803 καὶταῦτα
3128 3747 3291 3830 μέχρι
3339 3757 3434 3819 τῆς
3489 3759 3598 3810 τῶν
3640 3740 3822 3826 nam;

2178 3829 2460 3913 χευμένων
2498 3834 2633 3913 παρᾶ
2664 3840 2756 3891 τοῦ
2785 3835 2965 3913 ἱερέως
3017 3829 3422 3916 προσκλήσεως.
3455 3844 3527 3900 Τὸ
3577 3841 3632 3899 δὲ
3683 3847 3826 3921 μετά

2178 3923 2424 4014 ταυταλτί
2454 3941 2470 4004 ;
2506 3922 2744 4002 Ἀφανὴς
2803 3935 2900 4000 μὲν
2960 3922 3095 3994 αὕτη
3140 3929 3264 3985 ὃσον
3306 3931 3335 3987 ὀ
3381 3935 3487 3993 τῶν
3515 3936 3829 4014 μυστηρίων

2178 4013 2265 4068 καὶ
2296 4012 2502 4101 πάσης-
2531 4017 2629 4080 τῆς
2688 4014 3012 4092 λειτουργίας
3078 4016 3275 4099 ἐπεῖχε
3319 4024 3503 4101 καιρός
3537 4041 3552 4060 ·
3602 4012 3711 4093 ἤδη
3768 4023 3828 4081 δὲ

2176 4101 2373 4192 ταύτης
2431 4099 2765 4192 τελεσθείσης
2815 4102 3152 4185 ὲΞερχομένῳ
3198 4116 3291 4167 τοῦ
3348 4099 3485 4188 ἱεροῦ
3513 4112 3601 4170 καὶ
3655 4135 3820 4192 γενε-

2176 4188 2320 4265 μὲνῳ
2346 4192 2478 4270 πρὸς
2520 4197 2587 4269 τῇ
2617 4190 2765 4272 φλιᾷ,
2799 4193 2960 4251 πάλιν
2988 4195 3088 4264 τὴν
3151 4198 3314 4268 αὐτὴν
3369 4205 3597 4281 φανῆναι
3654 4188 3819 4282 περι-

2177 4280 2363 4358 στερὰν
2413 4279 2550 4339 οὕτω
2614 4281 2712 4357 μὲν
2770 4282 3022 4367 ἔχουσαν,
3084 4285 3223 4344 οὕτω
3280 4287 3335 4345 δὲ
3384 4279 3480 4349 καὶ
3536 4279 3821 4368 ποιοῦσαν,

2176 4370 2368 4450 μέχρις
2427 4372 2487 4427 οὗ
2540 4371 2710 4437 τείνας
2762 4373 2858 4441 τὴν
2901 4371 3069 4441 δεξιὰν
3124 4377 3210 4434 καὶ
3264 4379 3461 4448 ταύτης
3518 4378 3818 4458 λαϐόμενος

2301 4460 2448 4540 χειρί
2510 4464 2739 4529 καθῆκεν
2808 4463 2973 4531 αὒτήν
3029 4464 3113 4524 ἐπὶ
3172 4469 3264 4524 τὸν
3338 4468 3571 4551 λουτῆρα
3629 4471 3818 4539 53110;

457 4547 742 4642 deinceps
766 4548 993 4610 alarum
1023 4550 1231 4629 ejectis
1259 4551 1560 4629 sordibus,
1586 4553 1801 4617 volavit
1832 4561 1889 4615 in
1916 4554 2084 4617 aethe-

2175 4547 2299 4605 ὄντα
2357 4548 2800 4630 πεπληρωμένον.
2873 4553 3100 4622 Κάκείνη
3167 4554 3355 4615 λοιπὸν
3431 4547 3538 4616 τῶν
3609 4569 3820 4642 πτερῶν

455 4653 525 4698 ra
552 4642 612 4698 et
637 4637 711 4698 ad
743 4644 964 4699 tantam
1027 4640 1295 4721 pervenit
1325 4640 1723 4721 altitudinem,
1760 4652 1823 4705 ut
1858 4662 1932 4705 ne
1962 4643 2090 4725 ipse

455 4724 699 4808 quidem
728 4735 930 4808 posset
956 4729 1029 4791 ad
1088 4748 1217 4793 eam
1265 4732 1605 4813 pertingere
1635 4733 1843 4797 oculis.
1875 4724 2003 4796 Hoc
2029 4733 2089 4795 id

458 4816 616 4897 quod
645 4816 907 4879 futurum
941 4827 1089 4895 erat,
1123 4821 1288 4902 prius
1318 4821 1658 4905 descripsit,
1676 4831 1733 4885 et
1761 4823 1921 4904 quod
1954 4841 2094 4885 noc-

458 4914 519 4969 tu
547 4904 765 4969 factum
799 4916 909 4988 est,
943 4909 1333 4990 praeﬁguravit
1357 4910 1440 4991 id,
1476 4904 1651 4994 quod,
1669 4921 1796 4976 erat
1823 4912 2090 4975 futurum

453 4996 736 5060 interdiu.

536 5086 634 5147 Vl.
667 5086 813 5150 Cum
848 5106 1021 5152 mane
1048 5106 1187 5170 ergo
1229 5091 1613 5167 surrexisset,
1647 5098 1705 5153 et
1734 5090 2090 5174 quibusdam

454 5180 1257 5253 communicassetvtsionem,
1291 5187 1445 5242 venit
1467 5184 1698 5258 quidem
1723 5187 1779 5243 in
1812 5186 2091 5258 templum

454 5263 633 5327 simul
663 5282 799 5327 cum
826 5266 959 5328 aliis
990 5267 1348 5348 pastoribus,
1381 5287 1514 5333 cum
1541 5277 1738 5332 autem
1769 5269 1995 5333 Novum
2030 5271 2089 5333 in

454 5370 670 5415 manus
715 5354 1065 5436 sumpsisset
1112 5354 1582 5437 Testamentum,
1643 5358 1933 5432 divinum,
1991 5360 2091 5423 in—

454 5458 657 5523 quam,
687 5441 1093 5522 Evangelium,
1127 5462 1260 5506 cum
1293 5446 1352 5508 id
1399 5448 1456 5509 ei
1498 5447 1779 5528 jussisset
1811 5451 2091 5531 princeps

455 5537 678 5618 pastor,
711 5531 789 5593 ob
813 5551 944 5595 eam
967 5550 1096 5614 quae
1117 5532 1180 5594 in
1203 5534 1330 5615 ipso
1353 5546 1482 5599 erat
1526 5535 1784 5618 Spiritus
1812 5540 2085 5618 gratiam,

454 5616 676 5699 populo
709 5628 801 5683 est
825 5621 1278 5689 sermocinatus.
1310 5623 1406 5690 Fit
1438 5616 1585 5705 ergo
1621 5626 1703 5703 id,
1737 5616 1898 5710 quod
1928 5616 2086 5692 nuné

2174 4637 2518 4699 ἀπολαϐοῦσα
2591 4641 2684 4696 τὸν
2756 4640 3051 4719 μολυσμὸν,
3116 4646 3339 4726 αἱθὲριος
3407 4647 3631 4727 ἵπτατο,
3713 4637 3816 4710 sui

2178 4729 2305 4806 πρὸς
2335 4731 2581 4786 τοσοῦτον
2624 4728 2760 4806 ὕψος
2795 4731 3030 4813 ἐφέρετο,
3064 4736 3193 4813 πρὸς
3223 4735 3251 4793 8
3302 4737 3438 4814 μηδὲ
3494 4743 3651 4811 tat-5:5;
3697 4742 3819 4810 οἶός

2174 4838 2231 4872 τε
2292 4818 2358 4885 ἦν
2397 4817 2712 4909 ἐξικνεῖσθαι
2742 4830 2864 4885 τοὺς
2915 4821 3243 4903 ὀφθαλμοὺς.
3296 4833 3461 4886 Τοῦτο
3516 4831 3579 4887 τὸ
3608 4830 3819 4909 μᾶλλον

2175 4908 2594 5001 προεζωχράφει,
2656 4910 2761 5001 καὶ,
2792 4912 2852 4967 τὸ
2904 4912 3192 4989 γενόμενον
3248 4914 3304 4973 ἐν
3361 4923 3505 4977 νυκτὶ
3554 4908 3649 4978 τοῦ
3696 4922 3817 5001 μεθ’

2176 4998 2375 5076 ἡμέραν
2405 4998 2471 5065 ἧν
2500 4999 2857 5076 γενησομένου
2886 5004 3244 5080 προτύπωσις,

2253 5086 2357 5162 ς’.
2409 5087 2615 5146 ’Ἐωθεν
2655 5088 2743 5145 οὖν
2791 5092 2819 5143 ὁ
2862 5092 2998 5170 ἱερὸς
3031 5092 3164 5174 ἀνὴρ
3199 5094 3428 5164 ἀναστὰς
3457 5100 3549 5157 καί
3579 5125 3685 5159 τισι
3717 5103 3822 5173 τὴν

2174 5178 2358 5256 ὅρασιν
2412 5181 2806 5254 κοινωσάμενος
2866 5179 3166 5258 ἀφικνεῖται
3225 5186 3325 5262 μὲν
3384 5188 3469 5247 ἐπὶ
3539 5193 3633 5249 τὸν
3690 5196 3819 5251 ναὸν

2173 5267 2286 5343 ἅμα
2324 5279 2443 5332 τοῖς
2496 5264 2680 5332 ἄλλοις
2736 5270 2977 5347 ποιμέσι,
3041 5273 3140 5340 τὴν
3182 5272 3236 5330 δὲ
3265 5279 3454 5346 καινὴν
3499 5282 3586 5338 ἐπὶ
3617 5296 3819 5363 χεῖρας

2178 5356 2476 5448 ᾼιαθήκην,
2537 5357 2598 5413 τὸ
2656 5359 2826 5438 θεῖον,
2887 5360 3048 5441 φημὶ,
3106 5360 3284 5421 λαϐὼν
3344 5356 3665 5448 Εὐαγγέλιον
3720 5356 3823 5431 ’τοῦ

2172 5446 2560 5527 ἀρχιποίμενος
2590 5448 2731 5522 αὖτῷ
2785 5448 3186 5528 ἐπιτρέψαντος,
3221 5452 3308 5512 διὰ
3334 5456 3430 5525 τῆς
3462 5446 3517 5514 ἓν
3547 5459 3691 5535 αὖτῷ
3721 5469 3822 5520 τοῦ

2175 5536 2480 5632 Πνεύματος
2532 5536 2755 5632 χάριτος
2808 5550 2924 5632 τοῖς
2956 5538 3113 5601 λαοῖς
3144 5543 3364 5632 ᾥμίλει,
3402 5548 3602 5607 Γίνεται
3633 5553 3749 5632 οὖν,
3787 5552 3818 5607 ὃ

2170 5626 2248 5702 μὴ
2306 5623 2562 5705 πρότερον
2613 5626 2701 5681 καὶ
2744 5630 2964 5708 πρᾶγμα
2991 5632 3099 5688 τῶν
3140 5629 3236 5710 οὐκ
3280 5632 3640 5715 ἐλπιζομένων
3694 5623 3817 5701 obde
