4048 6136
251 337 375 404 913

1574 340 1759 405 VITA
1803 342 1863 406 S.
1919 341 2297 405 PELAGLE.

3522 348 3640 414 914

250 470 518 542 συνήθων,
578 475 685 527 τῶν
738 470 891 551 ίερών
942 472 1205 550 ακροατὴς
1261 471 1459 550 λογων,
1520 473 1613 530 καῖ
1670 473 1722 530 τί
1791 476 1888 552 μὲν

1990 493 2144 564 luam
2168 474 2580 564 prius,r_'esque
2607 472 2932 564 eratplane
2955 474 3260 557 insperata
3294 484 3353 540 et
3372 478 3632 564 insueta,

248 560 526 617 ἀκούσασα
572 561 636 617 τὰ
686 561 940 641 παρόντα,
976 563 1026 618 τί
1073 560 1127 618 δὲ
1170 563 1237 619 τὰ
1267 561 1554 642 μέλλοντα,
1587 565 1674 620 καὶ
1716 564 1766 622 τί
1797 566 1895 640 μὲν

1990 564 2071 644 ﬁt,
2111 563 2328 644 inquit,
2362 562 2596 640 Pelagia
2642 562 2899 625 auditrix
2930 582 3234 627 sacrorum
3293 560 3634 633 verborum.

246 650 284 717 ἡ
319 651 499 728 ψυχὴ,
548 650 625 716 τίς
678 648 731 707 δὲ
789 653 816 708 ί,
847 652 1045 717 ταύτης
1092 650 1308 731 δεσμὸς,
1341 654 1428 708 καὶ
1471 651 1615 719 ὅπως
1643 661 1736 711 τοῦ
1786 657 1896 711 σώ-

1990 651 2125 725 Ωυιο
2176 670 2310 712 cum
2345 651 2608 713 audisset
2656 650 2799 731 quid
2832 653 2952 714 sint
2999 653 3241 734 quidem
3293 661 3632 740 praesentia,

250 761 427 815 ματος
484 738 865 818 διαζεύγνυται,
914 743 1000 798 καὶ
1062 740 1222 798 πάλιν
1277 741 1571 818 ἀνίσταται,
1623 745 1710 799 καὶ
1771 744 1892 823 κρί-

250 850 423 909 νεται,
467 829 553 885 καὶ
592 829 729 887 τίσιν
776 830 1109 911 αἰσχύνεται,
1142 829 1186 889 ὢ
1237 840 1330 889 τοῦ
1380 833 1644 897 θαύματος
1680 836 1692 892 ι
1728 834 1896 912 γινώ-

254 939 374 974 σκει
407 919 470 975 τὰ
524 920 742 994 ἑαυτῆς,
776 921 863 977 καὶ
912 916 1135 977 πάντων
1170 922 1550 1000 καταγινώσκει
1607 927 1714 979 τῶν
1757 924 1897 1002 πρὶν,

255 1008 345 1063 καὶ
391 1005 715 1065 συσταλεῖσα
771 1010 900 1085 πρὸς
934 1010 1147 1082 ἑαυτὴν,
1181 1008 1281 1077 ὅλη
1342 1017 1430 1068 τοῦ
1479 1010 1644 1068 καλοῦ
1688 1012 1900 1080 καὶτῆς

259 1098 539 1172 μετανοίας
592 1097 815 1178 γίνεται,
846 1098 933 1155 καὶ
984 1096 1179 1178 δάκρυα
1227 1099 1344 1180 χέει
1395 1104 1512 1166 τοῖς
1541 1103 1662 1178 πρὶν
1721 1100 1899 1179 γέλω-

256 1208 341 1241 σιν
383 1186 760 1262 ἀντισούειεντ
809 1188 933 1245 εἶτα
977 1185 1069 1244 καῖ
1114 1190 1315 1255 τούτοις
1367 1193 1567 1270 χρῆται
1596 1192 1729 1270 πρὸς
1787 1213 1896 1248 σω-

250 1277 440 1352 τηρίαν
490 1279 574 1342 οἷς
606 1276 810 1356 ἐχρῆτο
859 1275 1110 1356 πρότερον
1170 1281 1243 1341 εἷς
1301 1278 1598 1353 ἀπώλειαν,
1629 1282 1719 1338 καί
1762 1301 1900 1337 τισιν

249 1364 525 1444 ἐπιτρέπει
609 1373 716 1435 τῷν
773 1367 965 1434 ἑαυτῆς
1043 1366 1398 1433 συνεξελθοῦσι
1458 1377 1548 1426 τοῦ
1614 1371 1785 1449 ἱεροῦν
1824 1376 1899 1444 τῷ

249 1452 439 1530 Νόννῳ
493 1457 579 1513 καὶ
611 1453 1094 1526 συνακολουθήσασι
1150 1458 1236 1515 καὶ
1290 1456 1355 1526 δὴ
1387 1458 1474 1515 καὶ
1522 1458 1893 1535 θεασαμένοις,

247 1549 306 1602 οῖ
352 1547 460 1613 τὴν
493 1548 800 1612 κατοίκησιν
844 1560 1101 1619 ποιεῖται,
1137 1547 1372 1627 τάχιστα
1423 1547 1752 1628 ἀπαγγέλλει
1811 1551 1904 1607 αὗ-

244 1640 315 1711 τῇ
346 1637 445 1691 καί
476 1635 553 1710 μὴ
585 1633 800 1694 μέλλειν
831 1636 958 1714 πρὸς
988 1641 1087 1704 τῆν
1130 1636 1384 1703 ἐπιταξιν,

329 1724 388 1781 z'
480 1734 519 1783 Τ
564 1724 578 1745 ’
733 1724 779 1745 "‘
1015 1725 1026 1744 '
1364 1733 1390 1743 ’-
1508 1728 1513 1733 ·
1738 1728 1757 1761 -'

393 1772 410 1798 ,
522 1746 674 1782 ουτου
728 1742 794 1793 οη
836 1746 1120 1803 γενομενου
1182 1728 1270 1784 καὶ
1323 1746 1430 1784 των
1491 1730 1900 1808 ἓκπεμφθιντων

1981 739 2121 823 quid
2150 749 2347 804 autem
2382 740 2600 818 futura,
2628 746 2687 803 et
2717 740 2859 821 quid
2891 751 3093 805 nostra
3120 743 3360 827 quidem
3411 739 3633 828 anima,

1986 829 2287 911 quodnam
2311 837 2508 892 autem
2530 829 2664 910 ejus
2688 830 3017 909 vinculum,
3050 842 3108 895 et
3137 834 3640 916 quemadmodum

1985 927 2360 1016 separatura
2391 927 2734 1016 corpore,et
2764 938 2972 982 rursus
3001 923 3194 1002 surgit
3223 933 3281 987 et
3306 925 3636 1016 judicatur,

1990 1007 2049 1098 (ο
2084 1006 2436 1098 miraculum
2469 1006 2506 1085 Ξ)
2557 1008 2813 1098 seipsam
2847 1015 3171 1090 cognoscit,
3206 1022 3266 1076 et
3311 1033 3441 1096 quas
3471 1006 3639 1098 prius

1986 1097 2233 1172 fecerat,
2268 1097 2510 1158 damnat
2536 1097 2761 1174 omnia,
2794 1099 2866 1161 ad
2923 1118 2987 1162 se
3018 1120 3324 1181 conversa,
3359 1097 3538 1168 totan
3569 1125 3637 1171 se

1987 1187 2236 1277 honesto
2263 1185 2361 1248 dat
2381 1194 2440 1250 et
2462 1188 2917 1277 pmnitentim,et
2940 1189 3130 1254 fundit
3151 1192 3441 1276 lacrymas
3461 1215 3633 1277 pares

1981 1276 2233 1358 pristino
2256 1277 2427 1357 risui,
2457 1276 2677 1340 deinde
2696 1277 2783 1341 eis
2805 1280 2990 1341 utitur
3011 1282 3084 1359 ad
3107 1281 3383 1360 salutem,
3412 1285 3634 1366 quibus

1983 1368 2140 1439 prius
2169 1385 2267 1427 usa
2300 1371 2482 1427 fuerat
2503 1369 2575 1427 ad
2598 1370 2914 1439 interitum,
2939 1383 2992 1431 et
3005 1372 3171 1446 jubet
3188 1376 3532 1448 quibusdam
3563 1392 3638 1438 ex

1985 1453 2131 1529 suis,
2166 1461 2230 1514 ut
2259 1472 2393 1515 cum
2427 1451 2639 1516 Nonno
2672 1473 2705 1517 e
2737 1457 2957 1536 templo
2988 1459 3382 1538 egredientes,
3408 1470 3472 1525 et
3496 1481 3632 1527 eum

1984 1550 2444 1634 consequentes,
2478 1562 2611 1634 cum
2644 1543 2903 1634 viderint
2930 1545 3032 1607 ubi
3061 1547 3309 1625 habitet,
3344 1551 3400 1614 ei
3428 1570 3637 1634 quam-

1984 1631 2244 1712 primum
2269 1631 2707 1706 renuntient,et
2728 1652 2848 1696 non
2875 1633 3147 1698 differant
3163 1639 3332 1719 jussa
3359 1631 3629 1721 exsequi.

2063 1722 2191 1785 VII.
2227 1721 2375 1783 Cum
2403 1721 2518 1783 hoc
2539 1729 2738 1783 autem
2770 1722 2991 1786 factum
3026 1735 3185 1789 esset
3208 1735 3267 1790 et
3284 1730 3510 1793 reversi
3529 1748 3632 1793 es-

248 1813 651 1872 ἐπανελθόντων
707 1824 794 1872 καὶ
837 1816 898 1873 τὸ
957 1817 1293 1896 προσταχθὲν
1335 1815 1723 1895 ἀγγειλάντων,
1768 1819 1896 1895 βου-

1990 1817 2137 1883 sent,
2173 1816 2270 1892 qui
2308 1809 2474 1872 missi
2504 1809 2763 1888 fuerant,
2799 1819 2857 1875 et
2899 1814 3342 1879 renuntiassent
3372 1816 3430 1880 id
3471 1817 3635 1899 quod

249 1905 348 1972 λὴν
406 1901 716 1981 βουλεύεται
775 1904 1018 1982 γενναίαν
1060 1907 1146 1962 καὶ
1207 1903 1453 1986 ἀνδρικὴν
1505 1908 1591 1964 καὶ
1622 1909 1752 1985 πρὸς
1808 1908 1896 1965 τὸν

1990 1899 2175 1989 iuerat
2195 1901 2576 1983 imperatum,
2600 1918 2955 1981 generosum
2980 1912 3040 1967 et
3058 1903 3228 1968 virile
3245 1906 3402 1989 capit
3428 1908 3636 1972 consi-

245 1995 386 2071 ἱερὸν
468 1992 878 2071 παῤῥησιάξεται
959 1993 1179 2069 Νύννον,
1240 1996 1326 2051 καὶ
1383 1994 1448 2056 δὴ
1506 1997 1593 2052 καὶ
1666 1993 1896 2054 λαϐοῦσα

1990 1988 2151 2062 lium,
2216 1999 2274 2052 et
2331 2008 2468 2051 cum
2538 1991 2871 2071 accepisset
2902 1992 3191 2071 chartam,
3252 1988 3630 2059 sacrosancto

247 2083 464 2161 χάρτην
522 2080 831 2162 διεχάραξεν
889 2081 1077 2150 οὕτως·
1139 2084 1383 2141 ’Ἠκουσά
1453 2107 1545 2142 σου
1600 2092 1708 2141 τῶν
1778 2092 1896 2162 Χρι-

1990 2081 2200 2168 Nonno
2233 2077 2423 2141 libere
2449 2079 2534 2142 sic
2565 2079 2776 2142 scribit
2807 2101 2820 2144 :
2869 2080 3104 2157 Audivi,
3140 2103 3174 2146 o
3207 2084 3499 2168 discipule
3529 2085 3641 2149 Dei

249 2177 506 2242 στιανῶν,
540 2178 764 2250 Χριστοῦ
818 2173 1054 2249 μαθητὰ,
1110 2173 1183 2236 ὥς
1232 2176 1362 2252 φησί
1409 2196 1511 2233 που
1555 2179 1660 2230 τῶν
1718 2174 1896 2231 ἑαυτοῦ

1990 2167 2653 2250 Christianorum,quod
2685 2170 2904 2231 alicubi
2926 2170 2987 2233 in
3019 2172 3097 2235 iis
3123 2192 3254 2254 quae
3284 2174 3358 2237 de
3389 2193 3459 2238 eo
3482 2178 3637 2238 scri-

249 2260 428 2337 λόγων
488 2263 517 2317 ὁ
583 2283 672 2324 σος
736 2263 1035 2328 Δεσπότης·
1111 2283 1134 2317 ιι
1170 2264 1277 2321 Οῦκ
1332 2262 1496 2329 ἦλθον
1552 2260 1771 2320 καλέσαι
1815 2261 1896 2319 δι-

1990 2266 2085 2340 pta
2119 2267 2280 2332 sunt,
2315 2257 2460 2321 dicit
2493 2267 2626 2320 tuus
2656 2257 2944 2322 Dominus
2974 2282 2987 2324 :
3031 2283 3054 2317 ι
3087 2260 3219 2325 Non
3247 2264 3383 2326 veni
3421 2283 3639 2328 vocare

249 2351 458 2423 καίουε,
514 2349 651 2407 ἀλλὰ
708 2350 1051 2430 ἁμαρτωλοὺς
1124 2354 1168 2409 εἰ
1228 2352 1530 2428 μετόινοιαν⁸
1572 2375 1601 2409 ι
1659 2353 1756 2410 καὶ
1828 2355 1896 2416 ὡς

1990 2347 2303 2427 iustos,sed
2328 2356 2671 2427 peccatores
2691 2347 2761 2410 ad
2789 2348 3203 2429 paenitentiam
3226 2353 3378 2430 ψει
3403 2353 3561 2431 quod
3576 2355 3640 2416 in

252 2438 320 2507 δὴ
354 2438 469 2497 ’καὶ
524 2439 756 2505 τελώνας
830 2439 1197 2521 συνανεκλίθη,
1247 2443 1335 2499 καὶ
1390 2442 1607 2520 πόρναις
1679 2464 1896 2499 συνανε-

1990 2455 2195 2498 mensa
2241 2435 2520 2498 accubuit
2552 2455 2668 2498 una
2698 2455 2834 2499 cum
2890 2437 3250 2521 publicanis,
3282 2448 3341 2504 et
3370 2450 3638 2505 versatus

255 2528 490 2607 στρέφῃ,
537 2530 622 2585 καὶ
694 2527 1033 2608 Σαμαρείτιδι
1088 2532 1223 2610 πρὸς
1291 2531 1354 2587 τὸ
1416 2530 1589 2611 φρέαρ,
1633 2530 1896 2607 ὡμίλησε.

1990 2526 2092 2593 fuit
2120 2525 2296 2587 simul
2329 2544 2461 2587 cum
2514 2525 2956 2602 meretricibus,
2987 2534 3045 2589 et
3093 2547 3230 2591 cum
3265 2528 3641 2595 Samaritana

253 2620 340 2675 καὶ
382 2617 549 2696 λόγου
604 2617 838 2699 μετέσχε
896 2641 953 2676 τε
997 2621 1084 2677 καὶ
1144 2617 1440 2695 μετέδωκεν
1498 2620 1556 2677 ὃν
1598 2620 1776 2698 τρέμει
1835 2622 1896 2678 τὰ

1990 2612 2222 2678 locutus
2253 2623 2343 2676 est
2365 2614 2437 2677 ad
2471 2615 2543 2677 ad
2578 2623 2819 2696 puteum
2838 2615 2952 2698 ζει
2982 2617 3159 2681 verba
3180 2617 3345 2680 dedit
3371 2619 3639 2683 vicissim

251 2705 526 2787 χερουϐὶν,
570 2708 658 2764 καὶ
707 2706 821 2766 οὐδὲ
864 2706 1078 2765 ϐλέπειν
1136 2708 1310 2787 στέγει
1354 2710 1420 2765 τὰ
1466 2710 1714 2789 σεραφίμ.
1747 2701 1896 2767 Ἀλλ’

1990 2714 2042 2767 et
2074 2710 2324 2786 accepit,
2350 2723 2527 2786 quem
2557 2705 2768 2768 timent
2797 2705 3195 2783 Cberubin,et
3226 2725 3336 2770 nec
3361 2709 3634 2791 aspicere

253 2796 304 2853 εἴ
360 2819 411 2853 τι
485 2796 548 2852 σὺ
605 2798 845 2854 τοιούτου
894 2797 992 2872 μέν
1056 2795 1239 2861 δοῦλος
1324 2796 1603 2877 δεσπότου,
1660 2799 1896 2856 τοιούτου

1990 2794 2220 2868 quidem
2248 2794 2544 2855 sustinent
2580 2791 2900 2873 Seraphin.
2934 2793 3139 2877 Itaque
3163 2795 3213 2857 si
3236 2802 3296 2858 tu
3324 2815 3388 2859 es
3417 2814 3633 2860 servus

171 2911 176 2916 ·
252 2883 304 2941 δὲ
363 2885 610 2960 μαθητὴς
669 2880 1009 2964 διδασκάλου,
1057 2884 1229 2950 δεῖξον
1287 2899 1405 2950 τοῖς
1456 2885 1652 2965 ἔργοις,
1683 2887 1769 2943 καὶ
1816 2888 1894 2963 μὴ

1990 2883 2114 2944 talis
2132 2881 2394 2959 Domini,
2431 2889 2491 2945 et
2512 2882 2845 2964 discipulus
2870 2882 2998 2946 talis
3024 2884 3309 2963 magistri,
3354 2883 3415 2947 id
3436 2892 3639 2949 osten-

262 2974 479 3051 βδελύξῃ
552 2974 754 3054 πόρνίην
826 2977 1061 3053 ὁμογενῇ
1118 2979 1216 3032 καὶ⁵
1261 2973 1571 3051 ὁμόδουλον,
1619 2974 1755 3033 ἀλλὰ
1810 2977 1896 3033 καὶ

1990 2973 2057 3034 de
2086 2972 2345 3046 factis,et
2377 2991 2488 3035 nec
2515 2970 2842 3034 abhorreas
2873 2972 3145 3053 ejusdem
3175 2982 3371 3036 tecum
3403 2974 3643 3054 generis

262 3062 513 3140 δεομένην
572 3069 666 3131 νῆς
725 3066 825 3132 σῆς
882 3066 1021 3144 ἱερᾶς
1054 3064 1269 3130 ἀξίωσον
1324 3064 1470 3143 θέας,
1501 3067 1589 3122 καὶ
1639 3064 1896 3141 ἓξομολο-

1990 3061 2367 3124 meretricem
2423 3069 2483 3124 et
2532 3077 2903 3137 conservam,
2937 3063 3043 3126 sed
3096 3061 3275 3125 etiam
3327 3071 3641 3145 rogantem

256 3156 516 3234 γοωμένη-θ
596 3154 762 3237 δέξαι,
816 3158 902 3215 καὶ
962 3162 1135 3213 σῶσον
1218 3155 1602 3231 ὑπολλυλένην,
1663 3159 1750 3215 καὶ
1805 3164 1896 3216 σοῦ

1990 3148 2231 3230 dignare
2259 3169 2436 3214 sacro
2468 3159 2565 3215 tuo
2596 3158 2937 3232 aspectu,et
2957 3153 3205 3233 succipe
3228 3152 3640 3231 conﬁtentem,

256 3247 414 3321 μόνον
454 3244 781 3327 ἑξεχομέντ,ν
812 3247 898 3303 καὶ
928 3248 1007 3303 σοὶ
1032 3248 1125 3311 τὰς
1151 3243 1365 3311 ἐλπίδας
1388 3244 1734 3310 σαλεύουσαν,

1990 3211 2244 3304 ειυεετνο
2294 3211 2682 3321 pereuntem:
2702 3248 2761 3303 et
2789 3259 2822 3302 a
2867 3248 2926 3302 te
2974 3240 3107 3304 solo
3132 3211 3551 3322 {pendentem
3585 3211 3642 3309 ei

1980 3348 2146 3409 spem
2180 3336 2241 3392 iu
2276 3339 2333 3392 te
2356 3330 2778 3393 collocantem.

335 3422 433 3485 11’.
495 3429 666 3480 Ταῦτα
720 3420 999 3496 δεξάμενος
1066 3425 1093 3479 ὂ
1136 3423 1274 3501 ἱερὸς
1331 3421 1548 3499 ᾐδέσθη,
1603 3423 1760 3500 ἀνὴρ,
1809 3419 1896 3479 καὶ

2066 3421 2218 3484 Vlll.
2252 3417 2391 3483 llaec
2422 3438 2557 3483 cum
2592 3419 2929 3500 accepisset
2960 3419 3051 3481 vir
3094 3427 3526 3505 sacrosanctus,
3553 3429 3643 3486 est

259 3512 404 3586 μόνῳ
463 3511 558 3586 μὲν
615 3510 1016 3569 ἀντεπιστέλλει
1056 3512 1134 3587 μὴ
1195 3511 1534 3591 προσελθεῖν,
1564 3511 1667 3580 ἤδη
1725 3510 1779 3569 δέ
1841 3534 1896 3568 τε

1990 3509 2370 3585 reveritus,et
2392 3506 2673 3571 rescribit
2696 3526 2771 3571 ne
2794 3507 2863 3569 ad
2890 3508 3084 3569 solum
3105 3507 3347 3589 quidem
3372 3511 3639 3589 accedat,

257 3600 350 3656 καί
404 3606 512 3657 τῶν
584 3600 785 3659 λοιπῶν
839 3602 1224 3680 συμπαρόντων
1281 3602 1575 3681 ἀρχιερέων
1644 3611 1896 3681 φανεροῦν

1990 3599 2090 3661 sed
2124 3618 2258 3661 cum
2279 3599 2404 3679 jam
2434 3599 2609 3660 simul
2645 3597 2861 3678 reliqui
2895 3596 3177 3659 aifuerint
3205 3597 3543 3679 pontiﬁces,
3576 3619 3643 3664 se

252 3690 441 3760 ἑαυτὴν
498 3691 592 3746 καί
651 3694 679 3747 ὁ
732 3688 975 3748 ϐούλοιτο
1038 3689 1214 3769 λέγειν
1273 3692 1359 3747 καὶ
1417 3689 1766 3747 ἐκκαλύπτειν
1830 3692 1894 3747 τὰ

1990 3688 2153 3750 sistat
2205 3696 2266 3749 et
2295 3687 2453 3750 dicat
2483 3687 2640 3768 quod
2696 3686 2860 3761 velit,
2898 3692 2955 3747 et
2984 3704 3053 3749 ea
3084 3704 3223 3763 quae
3269 3695 3537 3768 spectant
3564 3691 3641 3755 ad

250 3781 463 3848 ἑαυτῆς.
527 3783 593 3837 Ἦ
625 3778 676 3836 δέ
726 3791 910 3837 τούτου
970 3787 1209 3859 τυχοῦσα
1266 3782 1358 3835 τὸν
1412 3781 1590 3858 καιρὸν
1650 3777 1891 3859 ἀρπάξει,

1990 3777 2171 3857 ipsam
2217 3777 2470 3857 aperiat.
2525 3774 2631 3838 Illa
2659 3783 2856 3839 autem
2889 3794 3025 3838 cum
3076 3776 3189 3839 hoc
3233 3775 3636 3857 impetrasset,

253 3873 336 3926 καὶ
376 3869 559 3926 διώκει
599 3872 692 3926 τὸν
722 3871 976 3941 σώζοντα.
1016 3872 1118 3928 Καὶ
1150 3866 1521 3926 καταλαϐοῦσα
1549 3869 1649 3935 τὴν
1693 3867 1896 3935 ἐκκλη-

1990 3866 2196 3946 arripit
2238 3864 2613 3927 occasionem
2649 3876 2710 3926 et
2739 3864 3015 3942 sequitur
3049 3882 3182 3926 eum
3231 3867 3330 3946 qui
3361 3864 3459 3928 dat
3486 3868 3640 3931 salu-

249 3960 388 4033 σίαν,
435 3959 608 4038 πόρνη
670 3982 748 4022 τις
801 3961 867 4028 ἦν
924 3958 1061 4026 ἄλλη
1121 3959 1254 4015 κατὰ
1311 3958 1410 4035 γῆς
1471 3956 1757 4036 ἐῤῥιμμὲνη
1815 3959 1896 4014 καῖ

1990 3963 2130 4016 tem.
2165 3952 2236 4015 Et
2266 3972 2400 4014 cum
2429 3953 2695 4017 venisset
2722 3953 2797 4015 ad
2830 3953 3172 4028 ecclesiam,
3212 3962 3337 4016 erat
3367 3955 3640 4037 quadam

250 4048 501 4105 κλίνουσα
553 4050 613 4105 τὸ
646 4050 770 4126 γόνυ
822 4050 907 4105 καὶ
936 4050 1036 4116 τὴν
1067 4048 1252 4127 ψυχὴν
1296 4047 1384 4103 καὶ
1414 4044 1578 4110 πόδας
1637 4048 1896 4124 βρέχουσα

1990 4044 2100 4105 alia
2123 4043 2406 4106 meretrix
2437 4042 2603 4105 bumi
2627 4043 2858 4124 jacens,
2888 4048 2951 4107 et
2980 4063 3137 4121 genu
3165 4046 3412 4108 ﬂectens
3431 4054 3490 4109 et
3508 4048 3643 4111 ani-

250 4137 345 4193 κᾶν
381 4140 462 4214 μὴ
494 4136 859 4211 δεσποτικοὺς,
907 4137 1027 4195 ἀλλ’
1072 4140 1161 4194 οῦν
1219 4136 1509 4207 ἱερατικοὺς
1539 4136 1630 4192 καὶ
1681 4136 1896 4212 ὡραίους

1990 4152 2170 4208 mam,
2204 4142 2257 4197 et
2287 4132 2470 4215 pedes
2491 4132 2775 4210 riganssi
2806 4151 2926 4195 non
2958 4132 3322 4209 Dominicos,
3348 4144 3411 4196 at
3435 4153 3643 4199 sacer-

250 4228 334 4282 καὶ
377 4232 569 4305 ψυχῆς
624 4228 836 4300 εἰρήνην
896 4226 1108 4293 ἀληθῶς
1154 4228 1325 4282 εἰπεῖν
1369 4223 1895 4303 εὐαγγελιζομένους,

249 4316 332 4371 καὶ
388 4313 499 4375 οὐδ’
529 4319 593 4372 ἂν
642 4313 697 4371 εἴ
726 4339 774 4371 τι
832 4315 1040 4393 γένοιτο
1092 4316 1341 4389 μεθήσειν
1398 4314 1651 4391 πρότερον
1704 4313 1898 4393 ἔφασκε

247 4406 364 4480 πρὶν
423 4405 459 4472 ἢ
492 4406 591 4460 τὶν
634 4404 699 4461 δι’
749 4404 934 4471 ὕδατος
980 4403 1118 4481 λάϐῃ
1182 4405 1269 4460 καὶ
1298 4404 1605 4478 [Ινσύματος
1669 4406 1898 4483 ὰναγέν-

252 4516 423 4560 νησιν.
487 4496 585 4553 Καὶ
613 4497 681 4561 ἦν
735 4496 881 4572 ἁγὼν
911 4493 1227 4573 ἀμφοτέροις
1271 4500 1345 4567 τῷ
1400 4493 1497 4567 μὲν
1530 4506 1713 4550 πεῖσαι
1766 4495 1898 4550 ταύ-

252 4604 346 4650 την
404 4588 512 4639 τῶν
542 4583 718 4641 ποδῶν
748 4582 1021 4663 ἇφεμένην
1073 4581 1439 4655 ἐξαναστῆναι,
1488 4588 1556 4658 τῇ
1588 4581 1643 4638 δὲ
1700 4584 1897 4639 τούτων

253 4670 476 4750 ἔχεσθαι
536 4672 764 4746 μᾶλλον,
828 4675 930 4730 Καὶ
978 4674 1079 4751 πρὸ
1141 4679 1233 4728 τοῦ
1276 4670 1495 4748 λουτροῦ
1538 4672 1785 4751 κάθαρσις
1828 4672 1895 4740 ἦν

251 4759 387 4828 ἄλλη
460 4761 555 4817 καί
615 4760 850 4838 δακρύων
908 4760 1164 4839 λουτρὼν,
1230 4768 1322 4818 τοῦ
1404 4763 1895 4839 πνευματικωτὲρου

252 4846 453 4918 δηλαδὴ
480 4853 543 4907 τὸ
603 4850 1016 4928 ἐπιπονώτερον.
1049 4853 1223 4907 Ταῦτα
1253 4851 1340 4905 καὶ
1391 4850 1533 4928 παρὰ
1559 4850 1664 4907 τῶν
1724 4850 1893 4929 ὁρών-

248 4958 351 4994 των
405 4938 627 5017 δακρυον
671 4940 1004 5013 ἐξεκαλεῖτο,
1062 4943 1149 4996 καὶ
1206 4939 1271 5007 ἦν
1333 4942 1515 5002 αὐτοῖς
1589 4937 1732 5007 λύπη
1789 4962 1893 5019 τις,

250 5026 503 5099 ἐκπλήξει
577 5031 662 5085 καὶ
720 5028 885 5099 ἡδονῆ
943 5033 1258 5111 σύγκρατος,
1328 5029 1437 5085 τῶν
1503 5026 1737 5107 δακρύων
1800 5028 1897 5103 μὲν

253 5120 384 5193 αὖτῇ
465 5118 859 5176 κοινωνούντων
948 5124 1035 5178 καὶ
1128 5117 1552 5195 συναλγούντων,
1640 5119 1728 5173 καὶ
1800 5118 1899 5185 τὴν

250 5208 423 5263 πίστιν
481 5207 952 5285 ἐκπληττομένων,
1006 5209 1305 5291 χαιρόντων
1365 5205 1420 5262 δὲ
1476 5205 1572 5263 καί
1626 5204 1899 5280 ἡδομένων

252 5300 318 5371 τῇ
350 5299 611 5376 σωτηρίᾳ,

336 5471 418 5533 ϐ’.
454 5475 588 5532 Εἶτα
633 5474 786 5551 μόλις
838 5479 1136 5545 πεισθείσης
1194 5477 1280 5533 καὶ
1323 5474 1627 5543 ἀναστάσης
1657 5476 1745 5534 καὶ
1808 5480 1894 5531 τοῦ

334 5651 354 5693 ¹
389 5651 586 5715 Matth.
619 5669 701 5733 rx,
733 5654 830 5716 t3.
919 5653 951 5704 2
976 5654 1147 5718 Joan.
1172 5669 1257 5731 Ix,
1287 5659 1312 5716 4
1354 5670 1446 5735 sq.

1989 4222 2214 4285 dotales
2237 4222 2482 4304 quidem
2511 4229 2762 4296 certe,et
2784 4222 3101 4303 episcopos
3123 4230 3182 4286 et
3207 4242 3408 4303 pacem
3432 4225 3647 4288 animm

1984 4316 2066 4385 (ut
2090 4329 2227 4372 vere
2249 4311 2471 4387 dicam)
2501 4310 2996 4390 evangelizantes.
3033 4308 3173 4382 Qum
3194 4309 3452 4388 dicebat,
3479 4311 3645 4375 nulla

1984 4400 2231 4463 omnino
2274 4400 2400 4462 fore
2455 4401 2709 4475 ratione,
2758 4407 2824 4463 ut
2872 4400 3094 4480 aliquid
3153 4400 3406 4476 diceret,
3443 4400 3642 4482 prius-

1984 4509 2157 4570 quam
2204 4492 2721 4569 regenerationem
2752 4489 3089 4568 accepisset
3141 4507 3248 4570 per
3304 4507 3518 4571 aquam
3572 4498 3632 4553 et

1924 4570 1963 4620 ο
1984 4576 2296 4660 Spiritum.
2332 4579 2405 4640 Et
2455 4588 2583 4641 erat
2615 4578 2888 4657 utrisque
2920 4587 3248 4654 certamen,
3281 4570 3375 4639 illi
3397 4577 3641 4660 quidem

1981 4677 2043 4728 ut
2064 4668 2117 4729 ei
2142 4668 2533 4747 persuaderet
2557 4686 2802 4747 surgere
2835 4668 3099 4730 dimissis
3130 4686 3332 4729 eorum
3360 4668 3638 4748 pedibus,

1982 4757 2115 4818 huic
2140 4768 2339 4818 autem
2366 4766 2428 4817 ut
2452 4758 2539 4819 eis
2563 4757 2748 4835 magis
2772 4757 3142 4819 limrerctEt
3170 4763 3309 4818 ante
3333 4756 3640 4819 lavacrum

1981 4855 2111 4908 crat
2141 4845 2257 4906 alia
2275 4846 2588 4928 purgatio,
2615 4851 2674 4905 et
2703 4845 3000 4907 lavacrum
3038 4845 3428 4925 lacrymarum
3454 4846 3639 4926 spiri-

1983 4935 2175 4996 taliori
2220 4934 2452 4996 scilicet
2504 4934 2857 4996 laboriosus.
2892 4932 3028 4994 Haec
3082 4951 3186 4993 eos
3218 4933 3313 5010 qui
3360 4933 3639 4997 videbant

1984 5022 2382 5102 provocabant
2435 5041 2503 5085 ac
2562 5022 2884 5100 lacrymas,
2928 5029 3176 5100 eratque
3227 5021 3314 5082 eis
3365 5021 3637 5100 quaedam

1985 5112 2247 5187 tristitia,
2278 5122 2527 5193 stupore
2549 5121 2607 5173 et
2644 5110 2938 5190 voluptate
2973 5117 3512 5187 contemperata,ut
3533 5112 3632 5190 qui

1982 5220 2118 5264 cum
2163 5202 2342 5263 ﬂente
2375 5202 2616 5283 quidem
2661 5218 2798 5261 suas
2828 5201 3116 5280 lacrymas
3165 5198 3627 5278 conjungerent,

1983 5299 2041 5353 et
2090 5309 2223 5352 cum
2277 5292 2517 5354 dolente
2575 5289 2870 5369 dolerent,
2908 5289 3206 5370 iidemque
3237 5288 3367 5368 ejus
3419 5296 3626 5369 stupe-

1985 5389 2143 5452 rent,
2173 5379 2363 5443 salute
2390 5388 2587 5443 autem
2622 5379 2753 5460 ejus
2783 5377 3134 5457 gauderent.

2061 5468 2164 5533 1x.
2218 5468 2449 5533 Deinde
2480 5489 2613 5533 cum
2669 5468 2761 5530 vix
2813 5484 3097 5549 persuasa
3144 5466 3519 5550 surrexisset,
3568 5474 3628 5531 et
