4066 6146
413 326 530 398 915

1615 336 1999 401 ADDENDA.
2028 371 2104 385 —
2131 338 2576 404 NOVEMBER.

3661 335 3779 404 916

411 476 828 537 sacrosanctus
857 469 1106 537 Nonnus
1142 460 1441 554 quaereret
1498 472 1972 553 ﬁdejussionem,
2008 472 2066 536 et

2152 477 2284 555 ἱεροῦ
2340 476 2538 536 Νόννου
2607 475 2799 555 ἐγγύας
2877 483 3159 548 ζητοῦντος
3213 476 3298 534 καὶ
3361 472 3791 550 ἀναϐαλλομένου

414 561 686 626 differret
716 563 1136 643 expiationem,
1164 562 1265 625 illa
1286 580 1494 626 rursus
1527 564 1783 644 procidit
1812 565 1882 626 ad
1933 566 2062 642 eius

415 651 623 734 pedes,
651 659 712 714 et
727 653 967 715 easdem
996 653 1210 714 emittit
1238 671 1436 716 voces.
1470 652 1564 727 Et,
1590 652 1677 716 Tu
1710 673 1913 715 eorum
1934 672 2064 733 quae

413 739 532 805 feci
561 740 781 804 reddes
815 743 1129 820 rationem,
1164 740 1420 814 dicebat,
1455 761 1489 803 ο
1546 743 1651 805 Dei
1687 742 1975 823 pontifex,
2008 752 2066 805 et

416 845 685 891 mearum
715 829 1094 910 iniquitatum
1126 829 1236 891 tibi
1264 830 1597 892 ascribetur
1642 832 1979 912 multitudo,
2014 835 2064 895 si

411 917 912 981 illuminationem
948 917 1190 980 diﬂeras
1212 928 1269 980 et
1298 919 1748 999 baptismum,et
1773 922 1845 982 ad
1873 940 2061 983 mtam

412 1024 536 1070 non
566 1025 857 1088 properes
891 1007 1170 1089 salutem,
1202 1008 1293 1070 vel
1329 1027 1426 1070 me
1456 1010 1846 1089 spiritualiter
1875 1012 2067 1091 parias

414 1104 476 1159 et
500 1114 845 1175 regeneres,
876 1105 974 1161 aut
1009 1116 1104 1160 me
1127 1097 1304 1159 hodie
1338 1099 1617 1160 mundam
1657 1116 1932 1180 sponsam
1989 1098 2065 1160 ad

414 1186 701 1249 mundum
763 1186 1027 1249 adducas
1084 1206 1369 1270 sponsum
1432 1197 1490 1249 et
1544 1189 1777 1253 Christo
1830 1185 2064 1251 efferas.

411 1272 680 1337 Tandem
714 1275 1139 1355 persuadet;et
1168 1295 1302 1337 cum
1339 1282 1722 1358 surrexisset,
1754 1279 2070 1338 conﬁtetur

413 1371 475 1426 et
526 1362 788 1425 divinam
822 1366 1053 1428 invocat
1102 1365 1508 1440 clementiam,
1544 1375 1599 1426 et
1631 1367 1787 1446 quod
1823 1375 1980 1428 esset
2012 1368 2064 1428 ei

410 1471 634 1516 nomen
664 1473 699 1516 a
720 1455 1032 1535 juventute
1060 1462 1269 1537 rogata
1298 1455 1371 1517 ab
1404 1456 1867 1535 episcopo,dixit
1900 1475 1962 1517 se
1990 1456 2064 1518 ab

411 1542 586 1607 initio
628 1543 870 1624 quidem
906 1544 1092 1607 fuisse
1136 1545 1208 1606 ab
1239 1546 1521 1606 omnibus
1549 1555 1808 1606 vocatam
1842 1555 1900 1606 et
1952 1565 2061 1606 no-

411 1639 689 1698 minatam
713 1640 1002 1713 Pelagiam
1028 1661 1042 1709 ;
1076 1642 1460 1698 Antiochenos
1490 1651 1675 1698 autem
1701 1656 2060 1713 gemmarum

412 1733 473 1788 et
497 1726 968 1805 margaritarum,
1004 1744 1136 1806 qua;
1166 1725 1226 1787 in
1258 1726 1386 1806 ipsa
1415 1734 1584 1787 erant
1618 1724 2058 1787 multitudinem

2144 567 2244 633 τὴν
2304 566 2554 644 κάθαρσιν
2610 566 2770 622 πάλιν
2827 564 3002 633 ἐκείνη
3060 566 3165 623 τῶν
3213 565 3370 622 αύτοῦ
3427 563 3601 622 ποδῶν
3644 565 3789 642 γίνε-

2145 677 2255 729 ται,
2316 656 2529 720 καὶτὰς
2591 654 2750 720 αὖτάς
2804 654 3070 731 ἐκπέμπει
3130 655 3331 736 φωνὰς,
3360 655 3471 727 καὶ,
3506 655 3578 710 Σὺ
3633 652 3792 732 λόγον

2148 743 2223 801 ῶν
2294 744 2492 821 ἔπραξα
2554 743 2761 819 δώσεις,
2824 743 3024 824 ἔλεγεν,
3071 744 3319 825 ἀρχιερεῦ
3360 750 3453 802 τοῦ
3507 748 3662 817 Θεοῦ,
3706 742 3796 799 καὶ

2147 836 2230 890 σοὶ
2260 835 2363 890 τῶν
2410 833 2554 908 ἐμῶν
2600 833 2836 909 ἀνομιῶν
2890 833 3304 912 ἐπιγραφήσεται
3353 835 3388 902 ἡ
3431 831 3658 911 πληθὺς,
3702 828 3793 887 ἐὰν

2147 922 2346 1000 ὑπὲρθῃ
2415 924 2505 979 τὸν
2584 924 2858 1002 φωτισμὸν
2916 927 3002 980 καὶ
3059 920 3299 1000 ἀναϐάλῃ
3371 924 3434 979 τὸ
3490 922 3788 998 βάπτισμα,

2147 1015 2235 1069 καὶ
2294 1014 2371 1088 μὴ
2422 1011 2653 1089 σπεύσης
2702 1010 2829 1079 μηδ’
2870 1013 3128 1093 ἐπειχθῇς
3185 1014 3317 1091 πρὸς
3368 1013 3464 1081 τὴν
3494 1011 3632 1087 ἐμὴν
3679 1034 3794 1069 σω-

2148 1102 2365 1181 τηφίαν,
2425 1103 2513 1158 καὶ
2590 1108 2958 1177 πνευματικῶς
3013 1100 3280 1179 ὠδινήσης
3340 1102 3428 1158 καὶ
3495 1100 3795 1179 ἀναγεννή-

2153 1213 2271 1267 σῃς,
2330 1192 2418 1248 καὶ
2475 1191 2684 1270 νύμφην
2745 1212 2812 1263 με
2866 1191 3098 1265 σήμερον
3179 1191 3403 1269 ιιαθαράν
3459 1197 3536 1264 τῷ
3582 1193 3797 1266 καθαρῷ

2153 1281 2497 1358 προσαγάγῃς
2564 1280 2793 1357 νυμφίω,
2839 1281 2926 1335 καὶ
2983 1281 3329 1357 παραστὴσης
3381 1282 3613 1358 Χριστῷ.
3690 1278 3795 1335 Τέ-

2149 1367 2242 1431 λος
2316 1368 2516 1448 πείθει,
2581 1369 2670 1424 καὶ
2736 1367 3006 1424 ἀναστᾶσα
3061 1368 3485 1445 ἐξομολογεῖται,
3545 1371 3629 1425 καὶ
3697 1367 3799 1430 τὴν

2147 1459 2288 1515 θείαν
2345 1457 2652 1514 ἐκκαλεῖται
2720 1456 3133 1537 φιλανθρωπίαν.
3199 1460 3296 1516 Καὶ
3354 1460 3404 1514 τί
3456 1458 3590 1525 αὒτῆ
3630 1458 3694 1514 τὸ
3736 1456 3800 1513 ἐκ

2147 1547 2396 1614 νεότητος
2475 1547 2643 1620 ὄνομα
2718 1568 2859 1624 παρα
2924 1557 3014 1606 τοῦ
3069 1547 3363 1604 ἐπισκόπου
3442 1547 3795 1622 ἐρωτηθεῖσα,

2147 1635 2379 1714 Πελαγία
2439 1635 2546 1712 μὲν
2618 1635 2736 1692 ἕλεν
2793 1633 2843 1701 ἐξ
2902 1637 3148 1716 δπαρχῆς
3208 1635 3488 1693 καλεῖσθαι
3545 1641 3675 1692 πᾶσι
3729 1658 3800 1692 κα

2145 1726 2518 1805 ὀνομάζεσθαι,
2565 1724 2885 1804 Ἀντιοχέας
2929 1724 3009 1799 δὲ,
3042 1727 3103 1782 τό
3131 1747 3189 1781 τε
3231 1725 3436 1792 πλῆθος
3463 1726 3551 1781 καὶ
3600 1722 3798 1787 κάλλος

411 1813 737 1876 admiratus
765 1823 825 1876 et
851 1814 1354 1894 pulchritudinem
1388 1832 1629 1876 vocasse
1662 1816 2055 1893 Margaritam,

2152 1820 2249 1871 τῶν
2308 1814 2365 1869 ἐν
2440 1817 2573 1892 αὐτῇ
2645 1813 2802 1871 λίθων
2858 1816 2946 1872 καὶ
3003 1816 3289 1892 μαργάρων
3377 1814 3808 1889 τεθαυμακότας,

415 1902 658 1965 inventa
703 1904 1104 1985 appellatione
1160 1922 1230 1965 ex
1287 1903 1531 1965 nomine
1584 1922 1787 1967 eorum
1849 1906 2063 1985 quibus

2148 1907 2467 1984 Μαργαριτὼ
2539 1904 2733 1961 καλεῖν
2808 1908 2894 1969 οἷς
2958 1907 3248 1980 ἐκοσμεῖτο
3310 1903 3501 1971 κλῆσιν
3578 1902 3808 1981 πραξευ-

414 1991 762 2056 ornabatur.
813 1994 918 2054 Hic
949 1993 1197 2073 primam
1252 1994 1464 2073 recipit
1495 1993 1957 2072 appellationem
2005 2003 2063 2056 et

2152 1996 2332 2073 ρόντας
2390 1994 2723 2074 φερώνυμον.
2781 1993 3035 2052 Ἐνταῦθα
3097 1995 3194 2061 τὴν
3276 1992 3496 2069 πρώτην
3556 1993 3808 2067 ἀναλαμ-

410 2089 663 2144 vocatur
692 2082 950 2162 Pelagia,
979 2090 1037 2146 et
1066 2081 1362 2145 lavacrum
1395 2084 1648 2162 suscipit
1678 2091 1739 2145 et
1771 2085 2058 2165 expiatur,

2152 2083 2291 2139 ϐαίνει
2355 2082 2570 2159 κλῆσιν,
2632 2085 2719 2141 καὶ
2780 2081 3016 2160 Πελαγία
3084 2082 3363 2162 καλεῖται,
3422 2083 3510 2138 καὶ
3581 2080 3809 2161 δέχεται

414 2179 474 2234 et
498 2181 801 2252 unguento
833 2176 1091 2251 ungitur,
1116 2172 1298 2252 ﬁtque
1323 2173 1617 2253 particeps
1648 2173 1983 2235 intemerati
2006 2183 2065 2235 et

2152 2174 2208 2230 τὸ
2266 2172 2508 2253 λουτρὸν,
2572 2175 2660 2230 καὶ
2720 2174 3047 2253 καθαίρεται,
3094 2174 3183 2230 καὶ
3242 2174 3391 2250 μύρῳ
3433 2173 3668 2251 χρίεται,
3721 2172 3812 2227 καὶ

413 2261 715 2324 incruenti
745 2260 1045 2325 sacrificii.
1077 2259 1151 2326 Et
1178 2270 1303 2322 erat
1354 2271 1494 2323 tunc
1524 2262 1916 2325 Antiuchenis
1948 2282 2061 2342 pu-

2152 2262 2386 2343 μέτοχος
2446 2263 2539 2330 τῆς
2598 2263 2869 2342 ἄχραντου
2918 2264 3006 2319 καὶ
3060 2262 3388 2337 ἆναιμᾶκτου
3416 2261 3594 2324 θυσίας
3653 2260 3809 2337 γίνε-

413 2348 572 2412 blica
595 2357 652 2412 et
675 2358 1012 2413 communis
1036 2350 1265 2427 laetitia,
1297 2369 1431 2412 cum
1467 2351 1805 2412 communis
1826 2352 2063 2433 quidam

2152 2374 2259 2414 ται,
2325 2354 2421 2409 Καὶ
2457 2352 2524 2420 ἦν
2582 2374 2662 2417 τις
2718 2351 3085 2431 Ἀντιοχεῦσιν
3141 2351 3434 2431 τύφροσύνη
3491 2353 3614 2406 τότε
3657 2351 3802 2425 {tiv-

411 2438 602 2503 hostis
618 2440 744 2519 jam
768 2439 1084 2503 cecidisset
1105 2449 1165 2503 et
1188 2441 2072 2520 essetsuperatns,exsultarent

411 2538 614 2592 autem
640 2528 870 2602 ﬁdeles,
904 2538 962 2592 et
992 2528 1153 2591 illius
1184 2530 1438 2592 salutem
1471 2548 1642 2607 suam
1665 2529 2070 2611 unusquisque

413 2619 716 2701 propriam
746 2619 976 2681 diceret
1007 2627 1065 2682 et
1098 2627 1354 2700 putaret.

493 2796 567 2860 X.
622 2795 738 2861 Sed
772 2797 932 2860 enim
967 2797 1122 2860 solet
1174 2797 1379 2860 nescio
1413 2799 1710 2879 quomodo
1759 2809 2073 2878 superatus

411 2885 693 2949 inimicus
744 2887 881 2949 ﬁeri
910 2886 1341 2967 impudentior.
1373 2887 1771 2960 Quamobrem
1807 2892 1923 2966 pati
1954 2907 2072 2948 non

412 2980 597 3052 potuit
615 2989 836 3038 tantum
863 2992 1039 3038 suum
1063 2981 1336 3045 dedecus,
1363 2996 1552 3052 neque
1577 2988 1788 3039 tantam
1817 2982 2072 3038 ﬁdelium

413 3064 750 3146 spiritalem
781 3066 1169 3146 voluptatem.
1210 3065 1333 3130 Sed
1370 3068 1822 3129 transformatus
1851 3068 1907 3126 in
1957 3066 2071 3127 bu-

414 3153 638 3255 min‘em
671 3152 741 3233 is,
771 3153 872 3233 qui
892 3153 1029 3216 odio
1058 3155 1240 3217 habet
1269 3155 1572 3231 homines,
1603 3164 1660 3216 et
1683 3173 1979 3235 apparens
2010 3153 2067 3213 in
2088 3204 2128 3255 ο

413 3240 613 3303 medio
645 3243 939 3318 omnium,
972 3243 1224 3305 cadillos
1255 3244 1504 3314 vellens,
1546 3253 1603 3305 et
1634 3244 1899 3323 seipsum
1935 3243 2066 3322 pul-

2152 2440 2322 2516 δημος
2383 2444 2479 2498 καὶ
2539 2441 2717 2521 κοινὴ,
2750 2448 2842 2498 τοῦ
2886 2442 2983 2516 μὲν
3040 2462 3218 2498 κοινου
3258 2437 3515 2512 πολεμίου
3546 2439 3803 2501 πεσόντος

2154 2528 2258 2604 ᾔδη
2305 2533 2392 2587 καὶ
2424 2528 2764 2605 ἡττηθέντος,
2800 2536 2908 2586 τῶν
2938 2527 2993 2585 δὲ
3039 2535 3241 2586 πιστῶν
3271 2527 3686 2606 ἀγαλλιωμὲνων
3716 2530 3807 2585 καὶ

2151 2620 2246 2688 τὴν
2300 2620 2506 2687 ἐκείνης
2583 2619 2848 2697 σωτηρίαν
2909 2619 3039 2675 ἰδίαν
3097 2618 3325 2676 ἑκάστου
3381 2619 3470 2674 καὶ
3536 2616 3807 2695 λεγόντων

2151 2709 2240 2765 καὶ
2281 2709 2627 2784 νομιζόντων.

2236 2797 2297 2860 ι’.
2363 2797 2530 2855 Ἀλλὰ
2588 2799 2688 2876 γὰρ
2748 2796 2897 2879 φιλεῖ
2949 2803 3065 2862 πῶς
3123 2800 3151 2854 ὁ
3196 2798 3429 2874 πονηρὸς
3487 2796 3804 2871 ἡττώμενος

2156 2885 2521 2967 ἀναιδέστερος
2581 2888 2834 2966 γίνεσθαι*
2912 2886 3027 2944 ὅθεν
3085 2891 3180 2945 οὒκ
3234 2885 3426 2962 ἤνεγκε
3479 2886 3578 2953 τὴν
3623 2887 3807 2944 ἑαυτοῦ

2155 2979 2418 3043 τοσαύτην
2479 2978 2765 3056 αἰσχύνην,
2800 2975 2916 3035 οῦδὲ
2962 2978 3063 3044 τὴν
3120 2976 3383 3042 τοσαύτην
3440 2980 3546 3031 τῶν
3602 2983 3807 3034 πιστῶν

2154 3067 2517 3141 πνευματικὴν
2565 3067 2788 3145 ἡδο-θην,
2820 3066 2957 3123 ἀλλά
3016 3064 3079 3133 δῆ
3134 3066 3522 3146 σχηματισθεὶς
3573 3067 3649 3131 εἰς
3707 3065 3807 3122 ἅν-

2152 3159 2360 3234 θρωπον
2393 3159 2420 3212 ὁ
2465 3157 2855 3235 μισάνθρωπος,
2895 3158 2982 3212 καὶ
3019 3155 3180 3229 μέσος
3211 3155 3426 3210 πὰντωθ
3471 3156 3681 3234 φανεὶς,
3713 3158 3810 3221 τὰς

2155 3248 2346 3324 χεῖρας
2408 3244 2556 3324 ἔχων
2613 3245 2698 3301 ἐπὶ
2741 3250 2840 3312 τῆς
2894 3244 3131 3325 κεφαλῆς
3189 3245 3280 3299 καὶ
3335 3244 3550 3299 κόπτων
3616 3243 3804 3297 ἑαυτὸν

412 3347 553 3392 saus
601 3348 672 3392 ac
722 3329 994 3393 lacerans
1052 3332 1332 3393 omnibus
1391 3331 1752 3405 videntibus,
1809 3333 2066 3411 primum

2153 3333 2366 3390 πάντων
2438 3334 2705 3410 ὁρώντων,
2774 3335 2984 3407 πρῶτον
3054 3334 3153 3408 μὲν
3222 3330 3453 3388 κατεϐόα
3512 3333 3599 3387 τοῦ
3659 3330 3811 3406 ἱεροῦ

412 3421 643 3494 quidem
672 3422 1094 3479 vociterabatur
1133 3424 1414 3480 adversus
1449 3432 1882 3480 sacrosanctum
1916 3421 2066 3478 Non-

2156 3423 2349 3480 Νόννου
2409 3425 2495 3480 καὶ
2552 3422 2853 3480 ἀδικεῖσθαι
2923 3422 3203 3481 διετείνετο
3269 3423 3334 3478 τὰ
3387 3421 3614 3498 μέγιστα
3679 3418 3809 3497 παρ’

410 3524 577 3583 num,
604 3514 663 3569 et
692 3506 1022 3569 afﬁrmabat
1049 3526 1116 3570 se
1137 3508 1212 3570 ab
1253 3525 1322 3569 eo
1347 3509 1531 3569 fuisse
1558 3525 1768 3584 magna
1791 3508 2066 3567 affectum

2156 3513 2312 3569 αὖτοῦ
2344 3511 2436 3566 καΐ
2496 3513 2587 3573 τὰς
2624 3511 2778 3572 οὔσας
2842 3516 2983 3587 αὐτῷ
3033 3512 3280 3585 δυνάμεις
3328 3509 3666 3589 ἀφαιρεῖσθαι
3722 3510 3816 3565 καὶ

409 3594 653 3676 injuria,
687 3608 746 3658 et
775 3596 1066 3677 privatum
1119 3598 1192 3657 iis
1221 3615 1354 3679 qua}
1403 3597 1463 3657 in
1495 3616 1560 3658 se
1591 3606 1757 3658 erant
1816 3597 2063 3657 viribus.

408 3683 641 3750 Deinde
667 3687 845 3750 etiam
878 3686 1260 3766 impudenter
1301 3688 1599 3748 accedens
1628 3686 1698 3747 ad
1737 3685 2062 3764 Pelagiam,

407 3793 540 3839 eam
561 3775 940 3858 proditricem
958 3775 1204 3838 vocabat
1223 3785 1283 3838 et
1307 3775 1637 3839 inﬁdelem.
1674 3774 1770 3849 Et,
1795 3776 1935 3849 Cur,
1971 3776 2067 3836 in-

408 3865 562 3948 quit,
602 3877 768 3928 tuum
819 3864 1131 3947 abnegasti
1182 3874 1242 3928 et
1275 3884 1339 3928 es
1388 3885 1633 3928 assensa
1661 3864 1918 3928 alieno?
1963 3865 2069 3927 llla

408 3964 607 4018 autem
640 3954 908 4018 extendit
939 3974 1179 4019 manum
1205 3963 1265 4018 et
1296 3956 1617 4036 malignum
1645 3956 1838 4036 pulsat
1867 3972 2068 4017 cruce.

408 4042 609 4105 Hostis
654 4062 794 4107 vero
848 4044 1118 4126 protinus
1175 4050 1434 4108 evanuit.
1484 4045 1555 4106 Et
1586 4063 1663 4106 ne
1713 4044 1799 4107 sic
1828 4045 2070 4125 quidem

408 4131 631 4196 desinit
678 4151 816 4196 esse
861 4134 1182 4215 impudens
1236 4143 1292 4197 et
1341 4153 1375 4196 a
1429 4142 1623 4215 cmpto
1674 4133 1932 4213 desistit,
1963 4134 2069 4195 sed

2151 3598 2584 3673 περικόπτεσθαν
2646 3602 2768 3657 εἶτα
2816 3602 2904 3656 καὶ
2955 3607 3024 3676 τῇ
3090 3599 3320 3676 Πελαγίᾳ
3377 3596 3596 3664 ἀναιδὴς
3640 3619 3814 3675 προσ-

2151 3689 2315 3747 ελθὼν
2373 3689 2637 3769 προδότην
2695 3690 2860 3757 αὐτὴν
2919 3692 3008 3746 καὶ
3070 3687 3294 3746 ἄπιστον
3350 3686 3639 3765 ἀπεκάλει,
3692 3688 3812 3766 καὶ,

2147 3779 2265 3837 Ἵνα
2291 3781 2361 3853 τί,
2409 3780 2563 3858 φησὶ,
2609 3781 2700 3836 τὸν
2735 3780 2824 3835 σὸν
2870 3780 3093 3856 ἠρνήσω
3127 3780 3213 3835 καὶ
3260 3784 3336 3851 τῷ
3364 3776 3627 3853 ἀλλοτρίῳ
3681 3798 3817 3833 συν-

2157 3870 2273 3926 έθου
2306 3889 2322 3950 ;
2386 3859 2449 3926 Ἠ
2506 3868 2560 3923 δὲ
2617 3870 2773 3924 τείνει
2804 3869 2902 3935 τὴν
2957 3881 3148 3948 χεῖρα,
3182 3868 3269 3922 καὶ
3306 3865 3490 3943 βάλλει
3519 3867 3614 3922 τὸν
3641 3888 3819 3933 πονη-

2140 3961 2244 4038 ρὸν
2316 3964 2393 4032 τῷ
2457 3962 2688 4037 σταυρῷ,
2733 3956 2830 4014 καί
2889 3958 3115 4033 παρευθῦ
3173 3958 3201 4012 ὁ
3256 3954 3514 4030 πολέμιος
3572 3955 3813 4032 ἀφανής,

2157 4050 2255 4108 Καὶ
2329 4047 2445 4104 οὒδὲ
2505 4046 2643 4104 οὕτω
2716 4052 2815 4113 τῆς
2888 4043 3151 4110 ἀναιδείας
3225 4045 3505 4125 ἀφίσταται
3561 4045 3648 4101 καὶ
3719 4044 3821 4101 τοῦ

2156 4137 2580 4218 ἐγχειρήματος,
2622 4133 2761 4191 ἀλλὰ
2812 4136 2897 4191 καὶ
2958 4135 3110 4197 αὖθις
3168 4133 3466 4214 ἐπιχειρεῖ,
3499 4134 3587 4189 καὶ
3630 4138 3820 4212 πειρᾶ-

407 4240 538 4285 eam
569 4239 780 4287 rursus
838 4230 1026 4286 tentat
1055 4232 1114 4286 et
1162 4223 1521 4303 aggreditur,
1554 4230 1611 4284 et
1642 4222 1840 4283 media
1897 4232 2066 4284 nocte

2154 4249 2267 4306 ται,
2331 4229 2410 4283 ui
2461 4223 2780 4300 καθευδούσῃ
2840 4224 2958 4302 περὶ
3002 4222 3169 4299 μέσας
3218 4224 3407 4286 νύκτας
3462 4226 3596 4298 αὐτῇ
3642 4243 3822 4300 προσ·-

405 4311 480 4375 ad
525 4330 655 4376 eam
685 4313 985 4376 accedens
1014 4313 1236 4376 assistit
1271 4324 1327 4373 et
1378 4330 1509 4373 eam
1543 4312 1778 4388 excitat,
1815 4318 1871 4371 et
1931 4311 2066 4378 dicit

2155 4314 2341 4389 ελθὼν,
2404 4315 2704 4394 ἐφίσταται,
2765 4315 2854 4371 καὶ
2925 4310 3201 4392 διυπνίζει,
3258 4312 3345 4368 καὶ
3388 4309 3534 4389 λέγει
3590 4312 3693 4386 μὲν
3751 4311 3820 4368 τά

405 4400 639 4464 eadem.
673 4402 907 4464 Rursus
931 4409 1127 4463 autem
1153 4400 1365 4462 feritur
1388 4418 1589 4473 cruce,
1619 4408 1679 4461 et
1701 4399 1902 4461 statim
1929 4418 2066 4462 eva-

2154 4406 2306 4479 αὖτά,
2366 4402 2527 4461 πάλιν
2600 4401 2653 4458 δὲ
2705 4401 2960 4480 βάλλεται
3022 4408 3099 4475 τῷ
3155 4407 3385 4477 σταυρῷ,
3440 4400 3537 4456 καῖ
3598 4400 3813 4481 ἀρανὴς

404 4489 734 4553 nescitJlla
759 4506 903 4552 vero
929 4508 1066 4551 cum
1091 4488 1476 4569 surrexisset,
1516 4487 1808 4567 signiﬁcat
1830 4489 2066 4570 quidem

2154 4495 2300 4557 εὐθὺς
2360 4495 2580 4570 γίνεται.
2647 4482 2709 4547 Ἦ
2767 4489 2823 4547 δὲ
2892 4489 3212 4547 διαναστᾶσα
3273 4490 3511 4568 γνωρίζει
3569 4489 3672 4546 πὲν
3742 4495 3816 4567 τῇ

403 4577 484 4653 ei,
518 4596 649 4658 quae
699 4578 889 4659 ipsam
921 4595 956 4639 e
1004 4585 1209 4639 sancto
1247 4587 1602 4658 susceperat
1630 4577 1927 4659 baptismo
1974 4576 2066 4640 cui

2155 4585 2260 4640 ἀπὸ
2301 4584 2393 4639 τοῦ
2444 4582 2593 4660 ἀγίου
2650 4580 2846 4647 ταύτην
2907 4577 3269 4655 ἀναδεξαμὲνῃ
3326 4580 3725 4657 βαπτίσματος,
3773 4583 3811 4658 ᾗ

400 4685 627 4730 nomen
657 4676 786 4730 erat
808 4667 1326 4740 RomanaJuctam
1362 4666 1707 4730 adversarii.
1743 4666 2066 4730 Conﬁrma-

2153 4670 2217 4739 δὴ
2289 4673 2376 4728 καὶ
2453 4670 2703 4746 Ῥωμάνα
2778 4668 3034 4746 τοῦνομα,
3065 4668 3165 4736 τὴν
3225 4667 3405 4736 πάλην
3457 4678 3551 4727 τοῦ
3618 4665 3815 4745 δυσμε-

402 4763 502 4821 tur
533 4767 738 4819 autem
771 4755 973 4819 verbis
1004 4755 1194 4833 illius,
1228 4767 1285 4819 et
1339 4756 1620 4819 adversus
1653 4758 1887 4820 hostem
1917 4757 2066 4818 diri-

2152 4768 2293 4839 νοῦς,
2382 4760 2722 4840 ἐπιῤῥώνυται
2816 4757 2872 4815 δὲ
2958 4771 3075 4823 τοῖς
3163 4757 3369 4826 ἐκείνης
3451 4758 3635 4837 λόγοις
3722 4761 3813 4816 καὶ

399 4844 489 4928 git
518 4845 735 4921 aciem,
772 4854 833 4908 et
864 4845 1120 4928 imponit
1151 4846 1415 4925 maligno
1451 4847 1605 4909 hanc
1641 4846 1965 4908 secundam
2011 4854 2066 4909 et

2153 4852 2293 4915 ππὸς
2392 4846 2682 4929 παράταξιν
2766 4847 3132 4904 ἀντιτάττεται
3236 4848 3326 4903 καὶ
3406 4845 3633 4918 πλήττει
3723 4850 3814 4904 τὸν

399 4944 625 5000 certam
677 4934 934 5017 plagam.
966 4937 1116 5000 Nam
1177 4955 1310 4998 cum
1343 4955 1376 4998 a
1420 4937 1545 4997 suis
1581 4937 1773 4998 servis
1802 4945 2066 4999 vocasset

2152 4941 2384 5019 πονηρὸν
2441 4938 2654 5016 δευτέρᾳ
2722 4939 2810 4994 καὶ
2878 4937 3055 5016 καιρίᾳ
3109 4937 3278 5013 ταύτῃ
3337 4934 3550 5015 πληγῇ.
3628 4934 3805 4995 Καλέ-

400 5043 567 5103 eum,
599 5025 703 5108 qui
732 5032 860 5088 erat
892 5024 1151 5087 maxime
1203 5024 1528 5087 benevolus
1558 5036 1617 5086 et
1647 5024 2066 5087 obedientissi-

2152 5051 2284 5086 σασα
2330 5028 2431 5108 γάρ
2488 5035 2593 5084 τῶν
2637 5028 2833 5095 ἑαυτῆς
2909 5026 3247 5105 θεραπόντων
3306 5026 3398 5083 τὸν
3451 5025 3801 5083 εὐνουστατόν

397 5132 555 5193 mus,
581 5115 754 5197 jubet
803 5123 868 5177 ut
901 5114 975 5177 ab
1010 5134 1080 5177 eo
1131 5115 1631 5178 describerentur
1680 5132 1891 5176 omnes
1935 5133 2066 5195 quae

2152 5139 2203 5174 τε
2249 5120 2337 5175 καὶ
2396 5116 2819 5190 ε-ἶιπειθέστατον,
2874 5120 3051 5171 πᾶσαν
3114 5115 3212 5191 μὲν
3270 5115 3406 5190 αὖτῇ
3462 5114 3562 5182 τὴν
3619 5116 3677 5172 ἐν
3722 5122 3801 5189 τῷ

394 5213 565 5269 erant
587 5204 749 5267 domi
772 5223 895 5267 suae
913 5204 1245 5286 facultates,
1274 5213 1508 5288 quantm
1540 5213 1744 5267 essent
1768 5212 1826 5266 et
1853 5205 2058 5285 quales

2152 5207 2283 5280 οἴκῳ
2338 5207 2516 5264 οὐσίαν
2571 5204 2943 5285 ἀπογραφῆναι
3010 5201 3239 5277 κελεύει,
3284 5202 3387 5270 ὅση
3445 5225 3502 5259 τε
3546 5203 3641 5271 εἴη
3701 5206 3798 5260 καί

391 5292 457 5358 in
485 5312 656 5375 auro,
689 5293 752 5356 in
782 5302 1058 5372 argento,
1094 5294 1153 5355 in
1186 5295 1462 5373 gemmis,
1498 5295 1559 5355 in
1609 5294 1970 5374 margaritis,
1996 5295 2052 5355 in

2152 5295 2233 5353 ι’ία
2290 5295 2344 5353 ἐν
2397 5299 2604 5375 χρυσῷ,
2658 5292 2713 5349 ἐν
2765 5293 2995 5373 ἀργύρῳ,
3039 5291 3094 5348 ἐν
3146 5291 3333 5371 λίθοις,
3365 5293 3423 5349 ἐν
3473 5292 3798 5371 μαργάροις,

391 5382 569 5464 usis,
622 5384 683 5444 in
735 5382 1022 5462 vestibus,
1076 5390 1134 5443 et
1182 5382 1328 5443 nihil
1379 5384 1755 5463 praetermitti
1806 5383 2051 5444 omnino

2152 5388 2190 5442 ἰν
2239 5384 2501 5459 σκεύεσιν,
2535 5383 2590 5440 ἐν
2650 5381 2896 5454 στολαῖς,
2929 5382 3019 5437 καὶ
3057 5378 3186 5457 μηδ’
3244 5383 3418 5441 ὁτιοῦν
3470 5379 3611 5446 ὅλως
3662 5382 3691 5437 ὃ
3717 5383 3801 5455 μὴ

389 5470 548 5552 quod
600 5488 720 5532 non
751 5469 1215 5533 describeretur.
1255 5468 1422 5543 Quod
1451 5471 1693 5550 quidem
1757 5471 1847 5532 illi
1880 5489 1912 5533 e
1943 5489 2050 5534 sua

2152 5474 2504 5555 ἱπογραφῆναι
2581 5470 2932 5551 καταλείφθῇ,
3009 5472 3098 5528 καὶ
3168 5471 3269 5538 τὴν
3338 5470 3661 5551 ἀπογραφήν
3719 5474 3797 5535 ὡς

388 5556 999 5645 proceditsententia.
1038 5557 1262 5619 Etcum
1289 5568 1734 5621 sacrosanctum
1769 5558 2043 5622 Nonnum

2152 5565 2300 5645 πάχος
2364 5565 2500 5640 αὒτῇ
2556 5566 2904 5637 κομισθῆναι.
2965 5559 3037 5618 ’Ὀ
3103 5558 3169 5628 δὴ
3230 5560 3320 5615 καὶ
3375 5560 3511 5615 κατά
3566 5560 3796 5637 γνώμην

383 5642 758 5717 accersisset,
785 5646 838 5707 ei
869 5645 1107 5724 quidem
1133 5645 1289 5707 cedit
1329 5646 1605 5708 omnibus
1630 5647 2040 5726 facultatibus,

2157 5642 2304 5729 κείνῃ
2359 5664 2565 5732 χωρεῖ.
2628 5654 2724 5711 Καὶ
2783 5652 2873 5707 τὸν
2928 5650 3067 5727 ἱερὸν
3128 5646 3624 5729 προσκαλεσαμένη,
3662 5648 3795 5708 Νότ-
