4066 6146
331 357 443 424 921

1620 360 1806 425 VlTA
1860 357 1920 422 S.
1985 355 2404 421 MATRON/E.

3579 354 3697 424 922

327 522 511 559 τατον.
553 499 712 558 Λῦτοί
765 520 824 556 τε
867 500 968 578 γὰρ
1020 497 1248 556 ἐπαίνων
1290 497 1447 571 ἄξιοι,
1502 499 1587 555 καὶ
1631 500 1659 556 ὁ
1703 497 1820 575 περὶ
1869 498 1964 552 αὒ-

2056 496 2113 550 et
2138 487 2312 569 longe
2340 488 2751 552 utilissimum.
2787 489 2936 552 Nam
2970 499 3030 555 et
3077 487 3192 572 ipsi
3217 498 3353 553 sunt
3393 490 3571 554 laude
3600 493 3698 554 di-

326 597 437 646 τῶν
491 588 655 666 λόγος
713 591 819 646 τῶν
879 590 1076 664 ὁμοίιον
1129 588 1457 666 ἒφγάπτεσθαι
1506 589 1744 651 καὶτοὺς
1777 585 1968 646 ἄλλους

327 665 682 755 διαθερμαίνει
743 679 874 754 πρὸς
932 678 1125 756 ἔρωτα.
1182 665 1344 734 Ὅταν
1417 676 1470 733 δὲ
1546 682 1633 734 καὶ
1695 678 1755 732 τὸ
1812 675 1970 731 ἐπαι-

325 770 581 843 νούμενον
633 767 766 846 γυνὴ
795 770 853 843 ᾗ,
895 789 957 844 το
1006 765 1216 830 ἄσθενὲς
1249 772 1349 833 τῆς
1398 766 1687 844 ἀνθρώπων
1737 766 1968 845 φύσεως,

322 858 412 913 καὶ
462 856 591 933 πρὸς
648 858 710 911 τὸ
770 861 876 912 τῶν
930 856 1107 912 πόνων
1162 856 1337 933 τραχὺ
1407 858 1493 912 καὶ
1551 855 1963 928 μαλακωτατον,

323 951 441 1009 πῶς
494 947 553 1002 οῦ
609 944 892 1012 λυσιτελὴς
951 947 979 1001 ὁ
1064 944 1280 1009 ἔπαινος
1364 942 1610 1021 ἀνδράσιν
1686 945 1800 1017 ἅμα
1881 943 1968 998 καὶ

325 1033 598 1112 γυναιξὶν,
681 1035 1009 1113 ἀμφοτέρους
1107 1037 1236 1113 πρὸς
1318 1036 1384 1092 τὰ
1475 1033 1614 1090 καλὰ
1694 1033 1966 1110 διεγείρειν

327 1125 632 1198 δυνάμενος,
712 1125 806 1186 τὰς
882 1124 977 1196 μὲν
1057 1123 1151 1178 ’ίνα
1203 1131 1295 1180 τοῦ
1347 1123 1506 1180 αὐτοῦ
1573 1124 1966 1193 κοινωνήσασαι

325 1213 507 1290 γένους
564 1215 651 1268 καὶ
694 1219 799 1270 τῶν
845 1214 1016 1269 αὖτὼν
1046 1213 1159 1268 εἶεν
1192 1213 1581 1287 ἒπειλημμέναι
1643 1211 1821 1268 πόνων
1879 1213 1970 1268 καὶ

322 1299 589 1381 ἆμοιϐὤν,
661 1303 782 1364 τοὺς
857 1298 914 1357 δὲ.
983 1302 1073 1359 ’ίνα
1147 1304 1224 1372 μὴ
1284 1299 1464 1380 ἄνδρες
1519 1301 1666 1368 ὄντες
1733 1301 1965 1379 δεύτεροι

323 1397 590 1468 γυναικῶν
646 1391 859 1469 ὀφθεῖεν
925 1392 1010 1447 καὶ
1053 1393 1181 1470 πρὸς
1239 1393 1300 1448 τὸ
1358 1404 1546 1466 μονεῐν
1604 1390 1960 1469 ἆγενέστεροι.

322 1481 534 1537 Τούτων
580 1479 666 1536 οὖν
720 1480 826 1536 τῶν
879 1482 1171 1538 ἔπαινετῶν
1200 1482 1329 1558 βίων
1381 1482 1471 1537 καὶ
1527 1479 1825 1558 φιλαρέτων
1880 1481 1967 1535 καὶ

321 1571 352 1625 ὁ
414 1569 707 1646 Ματρώνης
789 1569 1141 1644 καθέστηκεν,
1208 1567 1421 1647 ἀνδράσι
1481 1569 1578 1644 μὲν
1647 1567 1964 1643 ἁμιλληθεὶ-

321 1680 425 1724 σης
496 1660 593 1726 τὴν
655 1659 871 1736 ἀρετὴν,
933 1659 1366 1737 παρενεγκοῦσης
1425 1657 1479 1713 δὲ
1529 1659 1746 1723 τούτους
1801 1659 1965 1734 ὑπερ-

321 1748 472 1827 φυέτι
525 1762 644 1813 τοῖς
689 1747 1122 1826 κατορθώμασιν,
1171 1752 1246 1812 ὡς
1296 1749 1556 1826 προϊόντα
1615 1747 1846 1814 δηλώσει
1905 1748 1970 1805 τὰ

321 1836 722 1918 λεχθησόμενα.

403 2105 483 2168 Β’.
547 2106 704 2183 Χώρα
761 2107 840 2170 τίς
898 2105 1039 2161 ἐστιν
1088 2106 1499 2182 ὑποτεταγμένη
1557 2111 1626 2180 τῇ
1691 2097 1966 2177 Ῥωμαίων

316 2196 468 2274 ἄρ’(ᾖ
496 2195 549 2250 ἐν
580 2196 842 2273 μεθορίοις
879 2193 1109 2252 Κιλίκων
1159 2216 1214 2249 τε
1262 2196 1348 2250 καὶ
1404 2194 1655 2268 Ἰσαύρων
1711 2193 1962 2268 κειμένη,

319 2285 547 2358 τοῦνομα
608 2283 910 2364 Παμφυλία,
949 2284 1094 2352 ἢκαὶ
1127 2281 1210 2338 διὰ
1254 2285 1315 2338 τὸ
1367 2284 1719 2362 κουροτρόφον
1767 2284 1963 2349 ταύτης

318 2377 408 2430 καὶ
466 2373 874 2450 πολυάνθρωπον
932 2375 1020 2430 καὶ
1069 2374 1132 2430 τὸ
1196 2372 1247 2437 ἐξ
1327 2373 1545 2428 ἀπασῶν
1603 2379 1710 2429 τῶν
1757 2371 1966 2428 πολεων

321 2465 604 2538 οἰκήτορας
668 2464 839 2544 ἔχειν,
896 2464 1145 2529 τοιαύτης
1205 2462 1364 2542 ἔτυχε
1431 2462 1528 2529 τῆς
1581 2463 1960 2540 προσηγορίας.

322 2554 431 2610 Μία
483 2554 538 2610 δὲ
578 2559 682 2609 τῶν
736 2551 823 2609 ὑπ’
869 2554 1036 2621 αὐτὴν
1101 2551 1311 2610 πόλεων
1366 2553 1543 2628 [Ιέργιγ⁵
1600 2553 1964 2628 κατονομάζε-

319 2665 434 2717 ται,
501 2643 568 2712 ἣν
623 2645 962 2720 θρεψαμένην
1042 2641 1203 2722 ἔσχεν
1270 2644 1306 2709 ἡ
1363 2643 1596 2719 μακαρία
1654 2642 1786 2708 αὕτη
1855 2649 1966 2698 Μα-

320 2733 514 2811 τρώνα,
563 2732 681 2800 ἥτις
725 2735 826 2789 ὑπὸ
870 2739 975 2789 τῶν
1023 2733 1354 2811 γειναμένων
1397 2730 1686 2808 ἐλευθερίου
1729 2738 1967 2811 τυχοῦσα

319 2821 557 2884 παιδείας
600 2825 690 2880 καὶ
729 2823 950 2900 ἀγωγῆς
1008 2823 1081 2886 εἷς
1140 2821 1282 2896 ὥραν
1339 2843 1396 2876 τε
1433 2822 1610 2897 γάμου
1657 2827 1966 2876 καταστᾶσα

324 2912 416 2992 (ἦν
458 2914 557 2990 γὰρ
586 2913 675 2968 καὶ
707 2919 781 2986 τῷ
826 2911 1011 2967 κάλλει
1070 2909 1466 2987 περίϐλεπτος),
1503 2908 1644 2988 ἀνδρὶ
1703 2913 1965 2966 συνάπτε-

321 3024 410 3058 ται
452 3007 510 3062 οί)
567 3009 673 3058 τῶν
732 3001 943 3058 πολλῶν
977 3002 1052 3057 ἐνὶ
1109 3003 1197 3057 καὶ
1256 3007 1359 3057 τῶν
1404 2999 1704 3079 τυχόντων,
1737 2999 1966 3075 τοῦνομα

1775 3093 1801 3104 ~

330 3099 658 3167 Δομετιανῷ,
717 3098 844 3167 μιᾶς
901 3113 959 3146 τε
1012 3089 1198 3154 παιδὸς
1258 3091 1458 3167 γίνεται
1504 3091 1708 3163 μήτηρ,
1870 3091 1967 3156 τὴν

2054 578 2178 655 gni,
2206 589 2262 640 et
2293 598 2425 658 quae
2477 579 2550 640 de
2583 580 2669 640 eis
2723 581 2975 642 habetur
3032 581 3244 662 oratio,
3279 581 3483 643 incitat
3515 589 3574 644 et
3603 583 3698 644 in.

2054 668 2318 730 ﬂammat
2345 669 2491 732 alios
2523 669 2592 731 ad
2629 688 2891 732 amorem
2938 670 3326 749 aggrediendi
3354 671 3512 734 talia.
3550 671 3698 734 Cum

2054 767 2249 820 autem
2278 767 2334 820 et
2357 759 2605 840 id,quod
2649 761 2944 834 laudatur,
2980 760 3161 822 fuerit
3197 760 3430 834 mulier,
3485 761 3542 822 id
3575 764 3696 824 sci—

2055 847 2216 927 licet,
2250 848 2406 928 quod
2440 858 2528 910 est
2559 850 2834 910 humana;
2883 861 3113 912 naturae
3145 849 3398 912 maxime
3431 850 3697 912 imbecil-

2051 936 2202 1016 lum,
2239 947 2295 998 et
2325 939 2396 999 ad
2431 957 2676 1018 asperos
2707 939 3122 1020 suscipiendos
3155 937 3390 1000 labores
3424 940 3698 1002 mollissi-

2054 1045 2236 1101 mum,
2274 1028 2775 1106 quemadmodum
2835 1048 2954 1090 non
3013 1040 3103 1090 est
3135 1029 3267 1090 laus
3297 1030 3698 1092 conducibilis

2052 1116 2198 1178 viris
2226 1115 2403 1178 simul
2439 1127 2496 1179 et
2523 1118 2787 1196 feminis,
2823 1138 2954 1198 quae
2989 1127 3179 1200 potest
3214 1130 3496 1200 utrosque
3530 1121 3695 1182 exci-

2053 1215 2175 1269 tare
2199 1207 2271 1268 ad
2301 1225 2370 1268 ea
2399 1227 2530 1288 qua;
2565 1217 2702 1269 sunt
2728 1209 2975 1288 pulchra
3002 1223 3060 1269 et
3090 1209 3340 1271 honesta
3362 1216 3388 1271 ’ἰ
3419 1209 3696 1270 Feminas

2049 1294 2546 1375 quidem,ut,cum
2574 1299 2690 1358 sint
2715 1298 2985 1376 ejusdem
3011 1297 3528 1378 generis,eosdem
3554 1317 3697 1378 quo-

2051 1403 2163 1464 que
2189 1385 2424 1448 labores
2450 1386 2783 1467 suscipiant
2805 1398 2863 1448 et
2889 1387 3127 1449 easdem
3155 1389 3690 1461 remunerationes;

2053 1475 2208 1534 viros
2236 1482 2457 1549 autem,
2492 1494 2590 1551 ne,
2626 1496 2760 1538 cum
2797 1477 2915 1537 sint
2966 1477 3093 1556 viri,
3130 1485 3449 1538 cernantur
3479 1478 3696 1540 cedere

2055 1562 2428 1637 mulieribus,
2478 1573 2536 1625 et
2568 1566 2638 1626 ad
2692 1565 2926 1628 labores
2957 1566 3373 1647 suscipiendos
3422 1566 3509 1627 eis
3561 1586 3695 1630 esse

2053 1652 2404 1733 ignaviores.
2423 1653 2505 1715 Ex
2536 1654 2606 1716 iis
2629 1674 2770 1734 ergo
2793 1675 2925 1736 qum
2948 1657 3121 1717 vitam
3146 1654 3520 1717 laudabiliter
3549 1675 3692 1736 ege-

2053 1753 2188 1804 runt
2215 1751 2272 1803 et
2303 1762 2372 1804 ex
2404 1745 2637 1819 virtute,
2672 1745 2780 1806 fuit
2830 1747 3006 1807 etiam
3073 1746 3360 1816 Matrona,
3393 1765 3528 1823 qua:
3557 1765 3691 1806 cum

1992 1857 2029 1908 Β
2055 1832 2194 1892 viris
2226 1832 2468 1910 quidem
2502 1835 2716 1896 virtute
2747 1835 3084 1914 contendit,
3121 1835 3421 1914 praeclaris
3472 1853 3606 1896 vero
3638 1845 3695 1897 et

2051 1921 2416 1982 admirandis
2443 1923 2610 1984 factis
2642 1942 2744 1984 eos
2794 1924 3118 2003 superavit,
3163 1933 3228 1986 ut
3289 1923 3350 1985 in
3413 1942 3694 2004 processu

2052 2012 2371 2074 ostendent
2403 2031 2472 2073 ea
2502 2031 2630 2092 qua:
2661 2012 2955 2076 dicentur.

2110 2099 2311 2163 ~ll.Est
2330 2103 2600 2180 qumdam
2626 2103 2791 2182 regio
2816 2103 3082 2182 subjecta
3106 2104 3356 2184 imperio
3390 2105 3696 2164 Romano-

2050 2195 2328 2259 rum,sita
2355 2192 2412 2252 in
2435 2194 2696 2254 continio
2716 2191 2968 2255 Cilicum
2999 2203 3056 2256 ct
3084 2192 3697 2266 lsaurorum,nomine

2052 2280 2416 2360 Pamphylia,
2455 2300 2585 2361 quae
2617 2294 2933 2362 propterea
2982 2283 3142 2360 quod
3202 2284 3276 2343 sit
3321 2283 3539 2362 populo
3571 2282 3694 2343 fre-

2049 2387 2261 2449 quens,
2297 2380 2354 2430 et
2375 2370 2588 2432 habeat
2623 2371 2985 2432 habitatores
3027 2391 3095 2433 ex
3120 2371 3399 2434 omnibus
3431 2371 3692 2433 civitati-

2051 2458 2180 2532 bus,
2209 2458 2294 2519 sic
2329 2459 2436 2520 fuit
2466 2460 2778 2540 appellata.
2818 2461 2944 2524 Una
2971 2471 3164 2523 autem
3194 2481 3265 2523 ex
3296 2462 3366 2521 iis
3400 2480 3530 2542 qua:
3559 2469 3696 2521 sunt

2051 2547 2110 2608 in
2145 2566 2240 2628 ea,
2275 2548 2609 2612 civitatibus
2643 2559 2884 2613 vocatur
2933 2554 3138 2631 Perge,
3175 2551 3232 2612 in
3263 2570 3378 2632 qua
3409 2551 3514 2612 fuit
3543 2549 3692 2612 edu-

2051 2647 2182 2700 cata
2215 2639 2342 2700 bare
2373 2638 2547 2701 beata
2582 2642 3010 2721 Matrona,qua3
3037 2659 3071 2702 a
3101 2639 3450 2722 parentibus
3483 2639 3694 2720 adepta

2050 2728 2359 2790 liberalem
2405 2729 2784 2810 disciplinam
2845 2742 2902 2792 et
2933 2729 3373 2804 educationem,
3409 2749 3542 2792 cum
3568 2729 3691 2809 jam

2051 2829 2204 2880 esset
2241 2817 2459 2880 nubilis
2496 2820 2646 2899 (erat
2698 2820 2856 2882 enim
2917 2821 3135 2900 insigni
3193 2820 3689 2901 pulchritudine),

2043 2908 2314 2987 jungitur
2371 2909 2750 2970 matrimonio
2803 2911 3011 2972 marito
3087 2930 3202 2972 non
3261 2910 3507 2990 vulgari,
3570 2929 3690 2971 non

2054 2997 2307 3076 plebeio,
2347 3000 2586 3060 nomine
2635 2999 2992 3075 Domitiano,
3055 3002 3235 3080 ﬁtque
3296 3008 3483 3060 mater
3516 3000 3690 3061 unius

2057 3087 2215 3168 tiliae,
2250 3088 2347 3149 cui
2377 3090 2574 3149 statim
2609 3107 2682 3151 ex
2715 3089 2927 3152 futuris
2969 3091 3177 3152 tribuit
3208 3089 3689 3170 appellationem,

321 3187 680 3261 προσηγορίαν
732 3183 794 3239 ἐκ
846 3188 952 3238 τῶν
1002 3179 1268 3255 ἐσομένων
1318 3181 1462 3245 εὒθὺς
1494 3180 1796 3254 ἡρμόσατο,
1836 3187 1963 3236 Θεο-

2052 3186 2116 3238 ut
2147 3195 2277 3257 quae
2311 3196 2463 3273 eam
2528 3179 2846 3240 nominarit
2877 3178 3250 3253 Theodoten,
3313 3177 3437 3241 Deo
3493 3188 3692 3240 autem

319 3271 478 3338 δότην
536 3274 633 3348 μὲν
662 3271 992 3347 ὀνομάσασα,
1028 3277 1142 3344 Θεῷ
1171 3267 1225 3325 δὲ
1256 3268 1411 3326 δοῦσα
1456 3271 1651 3335 ταύτην
1699 3269 1758 3325 ἐκ
1790 3292 1963 3344 σπαρ-

2052 3285 2178 3327 eam
2213 3266 2446 3328 dederit
2479 3287 2546 3330 ex
2579 3268 2722 3349 ipsis
2752 3268 2971 3332 fasciis.
3018 3271 3218 3350 Atque
3278 3281 3339 3328 ut
3376 3276 3507 3348 post
3537 3288 3694 3349 nup-

317 3362 496 3438 γάνων
544 3363 736 3421 αὐτῶν.
801 3360 985 3423 ’Ὅπως
1039 3359 1138 3433 μὲν
1196 3360 1284 3413 οὖν
1348 3359 1484 3433 μετὰ
1537 3361 1627 3414 τὸν
1678 3359 1851 3434 γάμον
1883 3358 1966 3414 καὶ

319 3451 422 3517 τὴν
473 3452 774 3517 συνοίκησιν
832 3451 892 3504 τὸ
950 3447 1163 3526 μέτριόν
1207 3468 1265 3502 τε
1321 3448 1411 3504 καὶ
1442 3447 1638 3528 ἄτυφον
1696 3451 1830 3523 αὒτῇ
1862 3469 1964 3522 με-

327 3539 589 3614 μελέτητο
647 3541 736 3596 καὶ
765 3541 826 3596 τὸ
857 3537 1185 3618 φιλόκοσμον
1218 3536 1314 3593 οὒκ
1348 3535 1402 3591 ἐν
1443 3550 1560 3600 τοῖς
1611 3536 1965 3598 ἒπιπλάστοις

328 3631 415 3685 καὶ
460 3641 830 3706 κομμωτικοῐς
888 3626 1162 3703 κάλλεσιν,
1222 3624 1342 3682 ἀλλ’
1389 3627 1461 3690 εἷς
1519 3628 1610 3682 τὸν
1671 3627 1820 3688 ἐντὸς
1863 3629 1963 3692 τῆς

323 3723 508 3799 ψυχῆς
576 3719 848 3797 ἄνθρωπον
931 3715 1150 3795 ἤσκετο,
1229 3716 1476 3787 τιθεμένη
1553 3712 1639 3769 διὰ
1729 3712 1963 3781 σπουδῆς

322 3809 637 3886 σωφροσύνῃ
659 3829 716 3865 τε
749 3810 832 3865 καὶ
862 3811 930 3885 τῇ
961 3806 1096 3863 κατὰ
1125 3807 1234 3881 βίον
1267 3803 1558 3878 σεμνότητι
1589 3801 1800 3879 διαζῆν,

407 3897 496 3957 Γ’.
544 3896 858 3956 Ἐπαινετὸν
917 3897 1012 3972 μὲν
1061 3897 1149 3952 καὶ
1207 3893 1384 3957 ἄλλως
1443 3892 1722 3971 ἀγαπητὸν
1752 3893 1812 3948 τὸ
1846 3892 1962 3970 περὶ

321 3989 524 4045 τούτων
582 3987 868 4066 ἐπεξιέναι,
911 3986 1160 4064 περιττὸν
1217 3982 1272 4039 δὲ
1315 3981 1479 4048 δόξειε
1537 3983 1750 4047 πάντως
1797 3983 1840 4038 εἷ
1898 3983 1963 4038 τὰ

322 4078 538 4154 μείζονα
597 4077 848 4157 παρέντες
907 4077 995 4132 καὶ
1066 4072 1360 4150 τελεώτερα
1433 4074 1551 4150 περὶ
1609 4072 1708 4140 τὴν
1763 4072 1962 4128 τούτων

323 4168 547 4242 μνήμην
606 4165 946 4245 ἀπασχολεϊν
1006 4165 1128 4227 τοὺς
1188 4163 1450 4240 ἀκροατὰς
1482 4160 1748 4237 ἑλώμεθα.
1783 4161 1852 4220 ’Ὁ
1907 4159 1960 4216 δὲ

319 4263 430 4312 τῶν
483 4255 658 4312 ἄλλων
707 4256 840 4322 αὐτὴ
886 4255 1269 4334 προτετίμηκε,
1331 4259 1485 4308 τοῦτο
1542 4253 1632 4308 καὶ
1687 4254 1961 4329 προθεῖναι

323 4351 424 4412 τῆς
481 4343 784 4423 διηγήσεως
849 4345 1078 4423 ἁρμόζον
1141 4341 1306 4402 ἐστιν,
1354 4340 1570 4416 Ἔκρινε
1614 4341 1713 4418 γὰρ
1769 4341 1830 4396 10‘
1872 4342 1966 4397 τοῦ

326 4434 655 4493 Ἀποστόλου
699 4437 772 4499 εἷς
824 4434 982 4511 ἄκρον
1044 4431 1179 4507 αὒτῇ
1249 4427 1614 4509 φυλαχθῆναι.
1680 4442 1806 4486 Δεῖν
1864 4431 1964 4508 γὰρ

324 4523 527 4586 ἐκεῖνός
553 4546 682 4602 φησι
741 4525 862 4587 τοὺς
921 4522 1150 4602 ἔχοντας
1205 4531 1462 4598 γυναῖκας
1511 4520 1584 4580 ὡς
1618 4518 1694 4586 μὴ
1739 4518 1965 4599 ἔχοντας

321 4578 638 4672 διακεῖσθαι..
697 4613 858 4672 Ὅθεν
913 4578 1104 4670 ἰδίοῠσα
1159 4578 1256 4675 τ’ῖίς
1315 4606 1676 4685 ἐνεγκαμένης
1734 4578 2030 4664 Egeram!)

321 4704 457 4758 κατὰ
510 4703 650 4760 θείαν
711 4706 849 4782 φημὶ
899 4701 1175 4778 πρόνοιαν,
1233 4697 1300 4766 ἢν
1360 4696 1491 4774 ἔσχε
1546 4699 1632 4754 καὶ
1680 4698 1962 4775 συμπράτ-

322 4813 513 4848 τουσαν
567 4799 645 4866 τῷ
700 4791 1044 4869 βουλεύματι,
1105 4790 1178 4852 εἰς
1212 4788 1312 4852 τὴν
1341 4785 1805 4862 προκαθεζομένην
1858 4790 1962 4841 τῶν

322 4880 534 4938 πόλεων
575 4888 636 4938 τὸ
695 4883 977 4953 Βυζάντιον
1025 4879 1123 4946 τὴν
1183 4872 1486 4950 ἀποδημίαν
1541 4875 1654 4949 ἅμα
1703 4883 1780 4948 τῷ
1838 4897 1960 4930 συνο

325 4975 551 5024 οικοῦντι
609 4971 942 5040 πεποίηται,
1030 4968 1088 5022 ὃν
1147 4964 1276 5041 εἶχε
1334 4962 1432 5038 μὲν
1489 4961 1964 5036 συναποδημοῦντα

321 5059 412 5112 καὶ
461 5055 596 5131 μηδὲ
638 5060 700 5113 τδ
739 5059 906 5137 τυχὸν
962 5055 1340 5135 ἀφιστάμενον,
1395 5055 1456 5110 οὗ
1512 5051 1621 5126 μὴν
1662 5057 1768 5108 τῶν
1799 5051 1963 5125 μελε-

319 5146 576 5221 τωμένων
629 5148 907 5222 σῦνίστορα
955 5145 1072 5202 οὐδὲ
1131 5142 1260 5210 ὅπερ
1319 5141 1477 5220 εἶχεν
1514 5139 1646 5206 αὕτη
1679 5142 1816 5196 κατὰ
1847 5148 1966 5198 νοῦν

319 5234 697 5310 ἐπιστάμενον.
786 5241 920 5294 Εἶτα
1004 5237 1103 5302 τὴν
1195 5230 1578 5308 βασιλεύουσαν
1662 5228 1964 5287 εἰσελθοῦσα

317 5339 436 5386 τοῖς
524 5338 676 5389 ναοῖς
755 5325 852 5382 ἀνὰ
946 5331 1123 5380 πᾶσαν
1194 5320 1394 5398 ἡμέραν
1461 5316 1786 5396 προσήδρευε
1857 5325 1962 5374 τῶν

318 5415 484 5492 ἁγίων
548 5412 708 5471 νύκτα
763 5415 852 5471 καὶ
908 5413 1026 5480 μεθ’
1077 5411 1282 5491 ἡμέραν
1339 5407 1511 5464 αὖτῶν
1578 5409 1674 5464 οῦκ
1730 5408 1962 5488 ἀφιστα-

318 5503 481 5581 μένη,
519 5504 765 5570 νηστείας
795 5524 853 5560 τε
883 5505 967 5559 κτὶ
995 5498 1303 5580 προσευχῆς
1349 5494 1713 5572 ἐπιμελομένη
1743 5499 1830 5552 καὶ
1859 5503 1964 5554 τῶν

318 5592 484 5648 ὄντων
512 5599 837 5651 κοινωνοῦσα
867 5606 986 5658 τοῖς
1042 5590 1313 5666 δεομένοις
1375 5594 1507 5644 Θεοῦ
1548 5607 1606 5643 τε
1641 5585 1726 5646 διὰ
1768 5589 1964 5652 παντὸς

317 5678 546 5759 δεομένη
600 5686 1015 5751 κατευνασθῆναι
1077 5681 1239 5755 ταύτῃ
1296 5677 1389 5734 τὸν
1440 5675 1669 5756 ἔμφυτον
1721 5675 1959 5753 πόλεμον

2051 3355 2160 3416 tias
2213 3355 2453 3435 quidem
2516 3366 2575 3418 et
2631 3357 3160 3433 cohabitationem,
3220 3356 3691 3420 moderationem

2049 3455 2379 3518 exerceret,
2416 3455 2473 3507 et
2503 3465 2536 3506 a
2559 3447 2711 3508 fastu
2740 3466 2808 3508 ac
2838 3447 3120 3527 superbia
3153 3447 3597 3519 alienationem,
3633 3455 3694 3509 et

2051 3546 2372 3597 ornaretur
2407 3555 2524 3596 non
2553 3545 2784 3610 ornatu,
2821 3538 2919 3616 qui
2953 3537 3224 3598 consistit
3257 3537 3315 3596 in
3349 3537 3485 3597 ﬁcta
3515 3545 3572 3596 et
3595 3536 3690 3596 fu-

2046 3632 2176 3684 cata
2201 3624 2670 3706 pulchritudine,
2699 3625 2802 3687 sed
2832 3626 2891 3686 in
2925 3626 3157 3687 interno
3189 3625 3403 3686 anima;-
3422 3624 3686 3702 homine,

2045 3712 2365 3774 adhibebat
2389 3714 2673 3792 studium,
2696 3723 2753 3776 et
2784 3723 2847 3775 ut
2873 3716 2932 3774 in
2959 3713 3350 3796 temperantia
3384 3712 3560 3774 vitam
3588 3712 3692 3775 de-

2047 3811 2217 3878 geret
2248 3809 2310 3864 et
2335 3803 2666 3865 honestate.

2126 3889 2226 3954 Ill.
2259 3889 2576 3953 Laudabile
2640 3892 2908 3973 quidem,
2979 3900 3037 3954 et
3091 3891 3312 3973 alioqui
3342 3901 3571 3972 gratum
3602 3901 3691 3954 est

2045 3979 2171 4041 hazc
2215 3981 2520 4060 persequi.
2553 3984 3072 4061 Supervacaneum
3108 3990 3307 4044 autem
3345 3982 3531 4044 visum
3554 4001 3689 4044 om-

2045 4068 2185 4129 nino
2214 4069 2418 4146 fuerit,
2455 4069 2503 4130 si
2532 4072 2849 4150 praeteritis
2874 4070 3200 4152 majoribus
3223 4080 3283 4133 et
3317 4071 3688 4150 perfectiori-

2045 4156 2180 4236 bus,
2216 4158 2578 4222 voluerimus
2602 4170 2924 4240 occupatos
2947 4171 3153 4222 tenere
3171 4159 3474 4222 auditores
3495 4163 3554 4221 in
3579 4162 3689 4222 ho-

2047 4265 2177 4307 rum
2201 4248 2642 4312 recordatione.
2669 4249 2836 4322 Quod
2859 4260 3058 4312 autem
3080 4254 3212 4329 ipsa
3251 4249 3382 4310 aliis
3411 4250 3686 4329 prmtulit,

2047 4336 2160 4397 hoc
2192 4337 2368 4398 etiam
2397 4339 2672 4401 convenit
2697 4357 3046 4420 praaponere
3070 4339 3130 4399 in
3163 4338 3521 4401 narratione.
3556 4337 3690 4401 Sta-

2048 4431 2238 4488 tuebat
2258 4433 2413 4489 enim
2437 4433 2674 4504 id,quod
2697 4433 3216 4504 dicitApostolus,a
3241 4447 3300 4489 se
3322 4447 3546 4489 summe
3567 4448 3692 4490 esse

2048 4518 2422 4579 servandum.
2462 4516 2571 4580 Ille
2601 4521 2761 4580 enim
2796 4517 2962 4582 dicit.
3011 4531 3291 4597 oportere
3323 4536 3427 4580 eos
3459 4517 3560 4597 qui
3584 4517 3692 4578 ha-

2049 4603 2192 4666 bent
2222 4625 2459 4687 uxores,
2489 4609 2648 4670 attici
2711 4609 2960 4688 perinde
3013 4629 3081 4671 ac
3139 4609 3186 4671 si
3241 4628 3358 4670 non
3411 4607 3691 4673 habeant.

2046 4693 2444 4766 Quamobrem
2477 4716 2607 4758 cum
2671 4717 2778 4759 sua
2829 4709 3044 4779 sponte
3119 4699 3472 4761 excessisset
3519 4697 3592 4760 ab
3625 4716 3696 4758 ea

2045 4801 2178 4864 qua:
2205 4784 2363 4845 illam
2401 4785 2532 4847 tulit
2560 4789 2765 4865 patria,
2802 4787 3025 4862 divina,
3068 4788 3332 4868 inquam,
3371 4787 3693 4867 providen-

2049 4871 2149 4946 tia,
2184 4892 2356 4952 quam
2395 4875 2523 4952 ejus
2572 4875 2891 4935 consilium
2955 4875 3159 4936 habuit
3199 4875 3599 4955 adjuvantem,
3631 4875 3692 4937 in

2048 4979 2179 5021 eam
2233 4981 2363 5042 qum
2395 4963 2652 5043 primam
2689 4964 2892 5024 sedem
2951 4964 3182 5025 obtinet
3211 4965 3370 5026 inter
3398 4965 3686 5038 civitates,

2047 5068 2266 5130 nempe
2285 5053 2791 5131 Byzantium,cum
2820 5053 3031 5113 marito
3054 5054 3480 5131 proﬁciscitur:
3508 5071 3686 5132 quem

2047 5139 2302 5200 habebat
2337 5140 2575 5220 quidem
2605 5142 2782 5203 simul
2818 5143 3394 5222 peregrinantein,et
3422 5162 3496 5203 ne
3518 5141 3691 5202 mini-

2047 5247 2206 5289 mum
2240 5229 2482 5310 quidem
2520 5230 3060 5310 recedentein,non
3085 5241 3280 5294 tamen
3305 5249 3511 5293 eorum
3537 5249 3690 5292 con-

2045 5318 2261 5394 scium,
2298 5337 2428 5399 quae
2457 5320 2655 5380 animo
2703 5320 2984 5404 agitabat,
3019 5340 3214 5404 neque
3257 5321 3548 5383 scientem
3583 5320 3690 5380 ali-

2050 5409 2215 5490 quid,
2252 5409 2406 5489 quod
2461 5429 2527 5472 ea
2593 5419 2792 5473 mente
2849 5411 3138 5475 versabat.
3197 5411 3428 5474 Deinde
3477 5409 3688 5473 urbem

2047 5499 2314 5578 ingressa
2340 5498 2721 5580 regiam,toto
2748 5502 2845 5564 die
2866 5502 3165 5564 assidebat
3197 5502 3257 5564 in
3291 5501 3525 5582 templis
3546 5519 3688 5562 san-

2046 5597 2304 5663 ctorum,
2341 5607 2449 5650 nec
2482 5588 2582 5651 diu
2617 5609 2725 5654 nec
2755 5600 2931 5654 noctu
2965 5593 3039 5654 ab
3070 5593 3160 5654 eis
3192 5592 3508 5672 recedens,
3527 5590 3684 5672 jeju-

2046 5676 2252 5757 niique
2283 5687 2338 5740 et
2372 5695 2617 5759 precum
2649 5699 2854 5745 curam
2913 5700 3128 5772 gerens
3157 5691 3214 5745 et
3244 5680 3549 5754 facultates
3583 5681 3687 5748 im-
