4066 6146
427 323 542 392 923
1596 331 1853 398 ADDEN
1860 332 1985 394 DA.
2054 365 2126 379 --
2187 333 2636 399 NOVEMBER.
3675 334 3788 402 924

417 462 692 546 pertiens
733 464 1064 546 egentibus,
1117 476 1174 530 et
1223 467 1406 530 Deum
1453 467 1698 530 assidue
1727 485 1967 549 rogans,
2002 478 2052 529 ul

2150 473 2246 536 τῆς
2292 470 2508 547 σαρκός,
2561 468 2656 528 Καὶ
2685 467 2785 544 γὰρ
2835 467 2900 537 ἧν
2948 468 3070 525 τότε
3122 468 3242 527 νέαν
3271 467 3470 550 ἄγουσα
3516 471 3615 539 τὴν
3672 469 3787 538 ἠλιο

424 559 723 638 sopiretur
752 563 811 619 in
838 577 908 620 ea
939 561 1204 621 innatum
1252 559 1473 622 bellum
1505 560 1722 632 carnis,
1750 567 1872 621 erat
1905 558 2052 621 enim

2148 559 2292 634 κίαν,
2351 561 2410 616 οὐ
2439 558 2608 616 πλείω
2664 563 2770 616 τῶν
2816 557 2992 616 εἴκοσι
3037 559 3165 637 πρός
3201 573 3321 624 τοῖς
3370 559 3526 617 πέντε
3571 560 3786 641 χρόνοις

423 651 565 708 tunc
595 656 768 709 aztate
792 648 1057 728 juvenis,
1093 655 1157 709 ut
1220 667 1356 729 quae
1421 667 1540 710 non
1572 655 1730 711 esset
1763 655 1899 710 nata
1933 649 2066 729 plus
2149 649 2438 726 γενομένη.

422 753 597 815 quam
635 736 833 814 viginti
861 738 1126 819 quinque
1157 757 1372 801 annos.

501 823 604 888 IV.
633 826 898 904 Rogabat
930 827 1258 905 ergo,sicut
1299 828 1581 902 diximus,
1616 837 1680 889 ut
1708 827 2052 889 liberaretur

2231 819 2313 889 Δ’.
2369 825 2577 885 Ἐδεῖτο
2627 834 2773 906 γοῦν,
2806 828 2985 906 ὥσπερ
3029 827 3266 909 εἴρηται,
3298 834 3406 886 τῶν
3436 827 3497 886 ἐκ
3527 834 3626 897 τῆς
3655 852 3789 903 σαρ-

422 930 456 973 a
486 913 682 974 carnis
707 916 1017 991 molestiis,
1052 924 1282 998 ut,cum
1316 927 1510 998 posset
1542 919 1738 980 vivere
1771 918 1901 978 sine
1934 937 2052 979 ma-

2146 917 2240 980 κὸς
2294 916 2579 997 όχλήσεων
2633 917 2904 998 ἀνεθῆναι⁷
2967 917 3060 976 ἵνα
3117 917 3211 976 καί
3287 927 3380 977 τοῦ
3440 917 3624 999 ἂνδρὺς
3670 917 3792 976 ἄνευ

419 1001 554 1076 rito,
593 1004 784 1066 libere
832 1016 1064 1068 vacaret
1120 1008 1489 1088 spiritalibus
1543 1017 1601 1070 et
1634 1007 2061 1070 divinioribus.

420 1091 562 1164 Quae
583 1102 777 1155 autem
802 1113 930 1157 eam
957 1096 1028 1158 ad
1056 1117 1147 1177 ea,
1182 1117 1314 1178 qme
1346 1106 1484 1159 sunt
1532 1099 1811 1177 honesta,
1846 1096 2060 1158 incita-

419 1180 540 1255 bat,
575 1192 704 1244 erat
727 1185 996 1266 quaedam
1023 1185 1308 1266 Eugenio,
1329 1207 1460 1267 quae
1490 1187 1919 1249 convenienter
1951 1205 2063 1248 no-

420 1271 569 1332 mini
601 1281 725 1333 erat
758 1275 1026 1338 moribus
1060 1277 1356 1356 ingenuis,
1412 1287 1470 1340 et
1527 1296 1665 1352 una,
1717 1295 1850 1357 quae
1884 1284 2061 1339 totam

417 1360 601 1423 vitam
624 1365 1015 1427 consumebat
1037 1366 1095 1428 in
1122 1366 1432 1428 nocturnis
1457 1367 1812 1430 stationibus
1839 1375 1900 1429 et
1923 1385 2060 1428 ora-

419 1450 702 1513 tionibus.
732 1455 878 1516 Cum
913 1474 1030 1532 qua
1061 1455 1188 1536 ipsa
1237 1476 1475 1538 quoque
1525 1456 1679 1518 bona
1721 1456 2062 1518 decertabat

420 1541 806 1604 contentione
839 1546 1306 1621 exercitationis,
1334 1566 1402 1608 ea
1427 1546 1642 1626 quibus
1697 1554 2062 1609 exercentur

422 1632 1053 1713 monachi,diligenter
1072 1636 1530 1699 exercenleaec
1549 1653 1854 1717 vero,quae
1870 1637 2060 1714 quoti-

420 1719 518 1782 die
549 1722 788 1793 flebant,
823 1743 975 1803 aegre
1007 1723 1236 1786 ferebat
1265 1725 1657 1802 Domitianus,
1695 1735 1757 1788 et
1786 1727 2061 1789 absurdae

2146 1011 2241 1081 ζῇν
2286 1005 2550 1082 δυναμένη
2596 1007 2891 1087 σχολάζειν
2934 1007 3237 1088 ἐλευθερίως
3313 1009 3418 1089 ἔχῃ
3471 1022 3592 1072 τοῖς
3636 1031 3795 1066 πνευ-

2148 1109 2399 1170 ματικοῖς
2460 1118 2517 1153 τε
2575 1099 2661 1153 καὶ
2712 1097 3020 1176 θειοτέροις.
3085 1098 3153 1154 Ἠ
3214 1097 3269 1154 δὲ
3326 1100 3458 1177 πρὸς
3513 1099 3581 1156 τᾶ
3651 1099 3796 1156 καλὰ

2147 1186 2349 1254 ταύτην
2425 1184 2774 1265 διερεθίζουσα
2859 1186 3082 1264 Εὖγενία
3163 1211 3245 1252 τις
3303 1188 3394 1268 ἦν,
3464 1189 3793 1268 φερωνύμως

2145 1277 2484 1356 ὑπάρχουσα,
2537 1277 2632 1350 μία
2689 1297 2748 1332 τε
2797 1276 2904 1332 τῶν
2947 1277 3002 1333 ἐν
3059 1290 3182 1341 ταῖς
3233 1278 3528 1357 παννύχοις
3573 1279 3790 1336 στάσεσι

2144 1366 2234 1422 καὶ
2277 1364 2532 1431 ἐντεύξεσι
2576 1366 2668 1422 τὸν
2724 1365 2897 1421 πάντα
2940 1366 3053 1442 βίον
3109 1365 3593 1425 καταναλίσκουσα·
3656 1369 3790 1446 πρὸς

2143 1455 2208 1523 ἢν
2258 1453 2403 1531 ἤριζε
2460 1456 2549 1511 καὶ
2608 1454 2738 1521 αὕτη
2799 1454 2895 1522 τὴν
2952 1456 3157 1534 ἀγαθὴν
3211 1454 3316 1534 έριν
3350 1461 3450 1521 τῆς
3481 1457 3786 1533 ἀσκήσεως,

2143 1545 2209 1600 τὰ
2265 1549 2370 1601 τῶν
2428 1543 2678 1610 ἀσκητῶν
2740 1542 3042 1622 φιλοπόνως
3098 1545 3495 1623 γυμναζομένη.
3569 1548 3789 1611 Τούτοις

2143 1634 2262 1689 ὅσαι
2321 1633 2515 1710 ἡμέραι
2573 1645 2959 1710 πραττομένοις
3005 1636 3032 1690 ὁ
3101 1637 3426 1710 Δομετιανὸς
3484 1636 3788 1716 ἀχθόμενος

2142 1723 2229 1798 ἧν,
2277 1728 2365 1781 καὶ
2413 1724 2485 1784 εἷς
2530 1723 2760 1785 ἀτόπους
2801 1723 3002 1786 ἐννοίας
3055 1722 3357 1804 ὲξέπιπτεν,
3390 1725 3486 1782 οὒκ
3515 1726 3609 1782 ἐπὶ
3637 1724 3792 1799 καλῷ

419 1811 686 1890 quaedam
720 1819 779 1874 et
817 1823 1017 1894 turpes
1078 1817 1464 1894 cogitationes
1515 1815 1570 1876 ei
1629 1815 1949 1878 veniebant
1999 1823 2052 1877 in

2143 1813 2314 1892 λέγων
2372 1814 2432 1870 τὸ
2473 1812 2568 1880 τῆς
2614 1811 2839 1891 προόδου
2883 1814 3113 1890 γίνεσθαι
3160 1814 3409 1892 συνεχὲς,
3471 1813 3608 1870 ἀλλὰ
3649 1815 3792 1871 κατά

422 1910 709 1978 mentem,
737 1904 992 1966 dicendo
1020 1923 1032 1967 :
1059 1905 1186 1967 Non
1209 1916 1370 1968 recte
1394 1907 1574 1969 habet
1617 1908 1933 1969 continuus
1965 1907 2052 1968 hic

2142 1926 2261 1960 τινα
2317 1902 2539 1981 γνώμην
2597 1903 2671 1966 εἷς
2729 1901 2928 1980 φαύλας
2985 1910 3267 1982 χωροῦσαν
3348 1903 3647 1978 ἐπιθυμίας,
3727 1905 3790 1959 τὸ

422 2009 798 2074 progressus,
831 1995 937 2056 sed
972 1995 1035 2056 tit
1092 1997 1313 2068 animo,
1375 1998 1474 2077 qui
1519 1997 1591 2059 ad
1654 1997 1836 2059 malas
1867 1996 2052 2058 tendit

2144 1993 2239 2050 ἀπ’
2289 1993 2490 2048 ἐκείνου
2546 2013 2604 2047 τε
2659 1997 2832 2049 πᾶσαν
2877 1989 3115 2070 φυλακὴν
3171 1990 3432 2067 ἐποιεῖτο,
3500 1991 3633 2068 μηδέ
3693 1998 3792 2050 τοῦ

419 2081 853 2159 cupiditateset
871 2085 1084 2147 exhinc
1101 2104 1341 2147 omnem
1361 2085 1684 2148 adhibebat
1701 2087 2060 2162 custodiam,

420 2188 497 2230 ne
520 2189 646 2232 eam
673 2172 914 2253 quidem
940 2176 1139 2236 sinens
1164 2176 1406 2254 prodire
1426 2184 1590 2238 extra
1612 2176 2062 2252 domunculam,

421 2271 477 2321 et
495 2266 742 2322 ambobu
759 2282 782 2322 s
804 2276 926 2325 erat
946 2272 1319 2326 consumtum
1342 2279 1630 2327 certamen
1657 2288 1670 2328 :
1697 2271 1780 2326 illi
1805 2271 2063 2344 quidem,

422 2366 500 2410 ne
527 2348 853 2413 dimitteret
885 2371 1011 2414 eam
1068 2352 1268 2414 facere
1325 2372 1394 2417 ea
1443 2373 1576 2434 quae
1629 2366 2055 2432 consueverat;

420 2437 558 2499 huic
580 2449 884 2516 autem,ne
910 2443 1146 2504 abesset
1177 2462 1208 2504 a
1237 2444 1422 2504 sacris
1453 2445 1735 2508 coetibus.
1770 2445 1885 2508 Sed
1918 2465 2054 2508 cum

409 2525 462 2588 is
494 2528 659 2591 valde
692 2544 1078 2611 repugnaret,
1117 2551 1185 2592 ea
1219 2533 1420 2594 multis
1478 2551 1698 2612 urgens
1753 2534 2052 2615 precibus,

409 2617 502 2680 vix
534 2619 771 2680 tandem
808 2621 1126 2700 persuadet
1158 2629 1220 2681 ut
1271 2619 1389 2682 sibi
1445 2622 1617 2684 liceat
1669 2623 1864 2686 facere
1893 2625 2054 2704 quod

412 2707 612 2767 vellet.

493 2792 777 2875 V.Magno
807 2798 1008 2876 itaque
1032 2800 1224 2860 studio
1258 2801 1420 2862 venit
1453 2801 1512 2862 in
1542 2802 1826 2882 templum
1855 2821 2051 2864 sacro-

2147 2083 2412 2158 δωματίου
2473 2083 2666 2149 ταύτην
2725 2083 3042 2160 προκύπτειν
3102 2086 3207 2140 ἒῶν
3234 2103 3249 2118 ο
3307 2084 3451 2160 ἀγών
3493 2105 3549 2140 τε
3603 2085 3792 2164 ἀμφο-

2146 2175 2316 2253 τέροις
2374 2173 2678 2250 καθίστατο,
2737 2177 2813 2245 τῷ
2889 2173 2988 2247 μὲν
3057 2174 3136 2248 μὴ
3197 2173 3406 2253 ἀφιέναι
3460 2174 3664 2240 ταύτην
3725 2174 3793 2229 τὰ

2145 2265 2346 2334 συνήθη
2394 2274 2598 2333 ποιεῖν,
2630 2267 2696 2338 τῇ
2738 2259 2792 2317 δὲ
2823 2269 2927 2318 τῶν
2983 2262 3136 2339 ἱερῶν
3181 2261 3442 2328 συνάξεων
3505 2263 3583 2338 μὴ
3645 2263 3795 2320 ἀπο-

2145 2353 2519 2427 λιμπάνεσθαι.
2580 2349 2746 2408 Ἀλλὰ
2807 2352 2906 2429 γὰρ
2936 2350 3252 2409 ἀπειθοῦντα
3306 2359 3489 2410 τοῦτον
3549 2352 3651 2428 ὀψὲ
3697 2353 3793 2408 καί

2143 2442 2298 2518 μόλις
2358 2440 2471 2498 λίαν
2530 2440 2824 2518 ἐγκειμένη
2907 2453 3027 2504 ταῖς
3106 2440 3473 2519 παρακλήσεσι
3526 2440 3793 2518 λαμϐάνει

2139 2535 2433 2598 καταπειθῆ
2472 2532 2714 2608 πράττειν
2745 2528 2772 2585 ὅ
2804 2552 2852 2586 τι
2893 2529 2988 2586 καί
3018 2529 3284 2606 βούλοιτο,

2219 2621 2307 2680 Ε’.
2343 2618 2555 2696 Σπουδῇ
2595 2621 2766 2676 τοίνυν
2794 2620 2884 2676 τόν
2933 2625 3039 2676 τῶν
3075 2622 3227 2696 ἱερῶν
3288 2619 3632 2678 ’Λποστόλων
3675 2644 3784 2679 κα-

2135 2709 2461 2786 ταλαμϐάνει
2498 2711 2646 2780 ναὸν,
2677 2708 2761 2790 ἐφ’
2819 2709 2879 2766 οῦ
2927 2709 3192 2786 γενομένη
3245 2711 3332 2766 καὶ
3390 2711 3784 2790 συντονωτέραν

2135 2800 2426 2874 ποιουμένη
2485 2800 2582 2867 τὴν
2652 2797 2834 2865 δέησιν
2886 2801 3060 2869 ἐζήτει
3112 2797 3280 2873 μηδὲν
3336 2797 3582 2873 ἐμποδὼν
3649 2803 3785 2878 αὺτῇ

413 2900 545 2943 rum
566 2885 1009 2964 Apostolorum.
1036 2889 1098 2952 In
1124 2909 1239 2970 quo
1264 2910 1394 2952 cum
1421 2891 1650 2966 fuisset,
1682 2910 1784 2954 eos
1810 2911 2052 2972 precans

2140 2889 2381 2967 γενέσθαι
2439 2891 2566 2956 πρὸς
2625 2889 2723 2954 τὴν
2777 2887 2884 2944 ἀπὸ
2937 2894 3030 2944 τοῦ
3109 2888 3313 2963 κόσμου
3389 2889 3585 2968 φυγὴν,
3643 2889 3784 2947 ἀλλὰ

419 2975 1052 3056 intensius,petebatut
1082 2979 1197 3040 sibi
1222 2982 1368 3041 nihil
1404 2990 1562 3042 esset
1596 2982 2051 3062 impedimento,

2140 2985 2347 3056 Χριστῷ
2405 2979 2491 3034 καὶ
2548 2978 2743 3044 ταύτην
2789 2990 3174 3055 προσενεγκεῖν
3219 2978 3356 3051 μετὰ
3388 2984 3479 3034 τοῦ
3508 2977 3612 3045 ἤδη
3643 2983 3784 3055 πρό-

413 3078 530 3142 quo
563 3065 758 3127 minus
779 3066 1008 3146 fugeret
1031 3070 1454 3149 mundum,sed
1481 3090 1608 3131 eam
1631 3090 1864 3151 quoque
1893 3071 2052 3133 Chri-

2140 3089 2286 3146 τερον
2345 3066 2432 3124 ὑπ’
2492 3069 2662 3126 αὒτῶν
2719 3065 3172 3145 προσενεχθέντος
3230 3065 3618 3144 πληρώματος.
3678 3068 3785 3127 Οὕ-

413 3160 502 3213 sto
529 3155 812 3216 offerrent
854 3176 988 3217 cum
1020 3177 1090 3220 eo
1124 3173 1298 3228 coetu,
1336 3161 1438 3239 qui
1487 3161 1612 3240 jam
1668 3160 1741 3221 ab
1774 3162 1860 3222 eis
1892 3163 2052 3240 prius

2140 3180 2243 3221 τως
2306 3157 2468 3224 αότῆς
2526 3155 2826 3230 δεηθείσης,
2901 3154 3126 3228 ἑσπέρας
3211 3154 3316 3222 ἤδη
3376 3155 3786 3224 καταλαϐούσης

415 3242 468 3304 ei
502 3243 609 3303 fuit
638 3243 893 3307 oblatus.
929 3246 1074 3308 Cum
1124 3267 1193 3308 ea
1247 3248 1332 3308 sic
1365 3260 1523 3311 esset
1555 3257 1814 3329 precata,
1849 3259 1908 3311 et
1941 3253 2049 3321 iam

2140 3249 2223 3302 καὶ
2281 3252 2385 3302 τῶν
2449 3247 2546 3313 τὴν
2602 3244 2841 3324 φυλακὴν
2891 3251 2984 3301 τοῦ
3043 3251 3170 3302 ναοῦ
3225 3245 3558 3320 ποιουμένων
3587 3245 3780 3311 ἐξιέναι

412 3333 1086 3414 adventassetvespera,
1123 3345 1179 3396 et
1213 3339 1308 3417 qui
1335 3337 1391 3398 id
1430 3338 1714 3417 templum
1751 3340 2050 3401 custodie-

412 3420 858 3502 bantjuberent
881 3443 1090 3485 omnes
1113 3426 1339 3504 egredi,
1373 3427 1501 3506 ipsa
1533 3446 1666 3488 cum
1703 3429 1765 3488 in
1798 3429 2052 3507 quodam

411 3512 637 3592 porticu
671 3531 740 3575 ex
771 3514 846 3577 iis
877 3521 975 3595 qui
1009 3514 1131 3575 illic
1171 3524 1358 3588 erant,
1388 3515 1675 3579 Susanna:
1708 3518 2048 3597 cujusdam,

410 3601 464 3663 ei
484 3603 605 3682 jam
630 3602 772 3664 olim
797 3603 1462 3680 familiaris,invenisset
1489 3606 2055 3686 habitaculum,quae

407 3691 479 3751 ab
511 3693 757 3754 ineunte
788 3703 956 3755 astate
986 3695 1380 3773 virginitatem
1427 3713 1784 3759 conservare
1817 3702 2047 3758 consti~

411 3789 624 3857 tuerat,
662 3792 720 3845 et
744 3801 816 3845 ex
850 3786 972 3847 Deo
1014 3784 1188 3845 vitam
1226 3804 1421 3862 agere,
1457 3804 1592 3848 cum
1619 3805 1688 3847 ea
1719 3795 1897 3849 totam
1932 3806 2050 3848 no-

413 3880 569 3932 ctem
607 3872 849 3952 peragit.
919 3874 1023 3936 Die
1073 3893 1209 3936 vero
1251 3876 1375 3954 jam
1409 3885 1756 3955 apparente,
1795 3882 2052 3939 Matrona

407 3960 652 4020 ventitat
673 3963 743 4022 ad
771 3962 1107 4041 magistram
1137 3961 1484 4040 Eugeniam,
1512 3966 1585 4025 de
1619 3965 1796 4026 rebus
1830 3986 2013 4046 prope
2033 4001 2048 4012 -

410 4049 537 4109 sitis
569 4067 704 4110 cum
738 4070 806 4112 ea
863 4054 1393 4118 communicatum.
1429 4053 1572 4116 Cum
1634 4064 1830 4116 autem
1868 4058 2050 4117 multa

410 4138 566 4200 ultro
600 4139 866 4220 citroque
914 4141 1074 4204 dicta
1104 4152 1328 4222 essent,
1364 4143 1642 4222 magistra
1673 4143 1910 4206 dicebat
1937 4146 2050 4207 hoc

408 4238 547 4291 ante
564 4229 676 4290 alia
695 4249 826 4292 esse
847 4231 1678 4312 considerandum,quomodo
1695 4251 1757 4294 se
1775 4233 2049 4296 habitura

409 4328 567 4380 esset
595 4319 715 4381 ﬁlia
742 4320 1070 4383 Theodote.
1105 4324 1373 4384 Matrona
1403 4332 1624 4395 autem,
1660 4341 1791 4402 quae
1825 4323 2046 4386 nullam

407 4407 588 4468 alinm
621 4427 864 4489 scopum
893 4409 1008 4472 sibi
1057 4410 1426 4489 paoponebat
1477 4418 1690 4488 praeter
1724 4410 1934 4487 Deum,
1992 4423 2049 4475 et

405 4514 643 4557 omnem
677 4499 850 4558 aliam
881 4498 1212 4576 negligebat
1242 4499 1705 4561 sollicitudinem
1743 4520 1756 4562 :
1802 4505 1911 4582 Me,
1958 4504 2046 4564 in-

2135 3339 2340 3399 πάντας
2395 3333 2877 3413 διακελευομένων,
2934 3332 3071 3401 αὕτη
3127 3335 3215 3391 επί
3285 3357 3405 3391 τινα
3459 3341 3565 3392 τῶν
3606 3335 3788 3392 ἐκεῖσε

2983 3422 3147 3480 πάλαι
3228 3427 3482 3494 συνήθους
3571 3427 3795 3503 εὑροῦσα

2135 3514 2460 3592 καταγωγὴν
2506 3512 2622 3580 ἥτις
2667 3517 2728 3570 ὲκ
2767 3519 2956 3592 νεαρᾶς
3019 3512 3095 3569 ἔτι
3153 3513 3251 3580 τῆς
3309 3513 3520 3580 ἡλικίας
3568 3517 3628 3571 τὸ
3661 3537 3797 3594 παρ-

2136 3603 2360 3658 θενεύειν
2407 3605 2542 3678 ὁμοῦ
2615 3603 2701 3658 καὶ
2743 3602 2842 3669 τὴν
2913 3603 3050 3658 κατὰ
3107 3604 3236 3658 Θεὸν
3286 3601 3557 3659 πολιτείαν
3601 3605 3797 3683 προεί-

2135 3690 2277 3766 λετο,
2327 3693 2422 3748 σὺν
2465 3694 2598 3768 αὐτῇ
2657 3693 2756 3758 τὴν
2811 3692 2971 3748 νύκτα
3029 3697 3207 3748 πᾶσαν
3251 3691 3508 3750 διατελεῖ.
3551 3684 3792 3771 Ἡμέρας

2134 3783 2222 3838 οῦν
2277 3782 2379 3849 ἤδη
2441 3781 2819 3861 διαφαινούσης
2884 3781 2911 3848 ἦ
2973 3781 3235 3857 Ματρώνα
3296 3783 3424 3858 πρὸς
3482 3781 3580 3848 τὴν
3633 3780 3788 3840 διδα-

2135 3871 2330 3928 σκαλον
2380 3873 2626 3949 Εὖγενίαν
2685 3876 2842 3948 φοιτᾷ
2902 3872 3018 3948 περὶ
3077 3877 3184 3926 τῶν
3235 3870 3601 3948 προκειμένων
3649 3872 3790 3948 αὐτῇ

2134 3960 2618 4039 κοινολογουμένη.
2686 3953 2978 4028 Ῥηθέντων
3055 3958 3110 4016 δὲ
3189 3959 3363 4037 λόγων
3420 3959 3640 4016 πολλῶν
3696 3961 3787 4040 ἔφ’

2134 4052 2356 4130 ἑκάτερα
2425 4051 2690 4129 φερόντων
2748 4053 2782 4117 ἡ
2875 4049 3210 4129 διδάσκαλος,
3282 4057 3444 4107 Τοῦτο
3515 4053 3615 4128 πρὸ
3674 4055 3782 4108 τῶν

2134 4139 2332 4210 ἄλλων,
2368 4141 2494 4219 ἔφη,
2526 4143 2842 4196 σκοπεῖσθαι
2875 4138 2980 4214 δεῖ,
3019 4146 3134 4204 πῶς
3185 4141 3252 4196 τὰ
3309 4141 3428 4209 περὶ
3485 4139 3583 4207 τῆς
3642 4163 3781 4197 παι-

2131 4227 2218 4294 δὸς
2278 4227 2538 4296 Θεοδότης
2597 4227 2836 4296 διατεθῇ.
2900 4227 2962 4285 Ἠ
3025 4229 3286 4307 Ματρώνα
3331 4228 3386 4285 δὲ
3418 4230 3582 4302 μόνου
3618 4251 3781 4306 γενο-

2131 4317 2267 4392 μένη
2328 4321 2422 4375 τοῦ
2475 4317 2613 4374 κατὰ
2673 4318 2803 4374 Θεὸν
2861 4327 3061 4376 σκοποῦ
3087 4321 3174 4374 καὶ
3205 4318 3384 4385 πάσης
3414 4317 3583 4384 ἄλλης
3614 4341 3783 4398 φρον-

2129 4405 2269 4471 τίδος
2369 4415 2788 4486 καταφρονοῦσα,
2878 4407 3034 4479 Ἐμὲ,
3121 4407 3304 4486 εἶπεν,
3382 4410 3408 4463 ὁ
3485 4410 3780 4475 ἀσκητικὸς

2132 4499 2224 4552 καί
2288 4495 2619 4574 μονότροπος
2668 4493 2987 4570 Λαμϐανέτω
3028 4497 3167 4572 βίος·
3228 4495 3491 4564 Θεοδότην
3539 4495 3597 4553 δὲ
3653 4505 3780 4554 Σω-

2135 3431 2306 3481 στοῶν
2394 3425 2683 3491 Σωσάννης
2759 3426 2900 3489 τινὸς

410 4585 813 4665 quit,accipiat
843 4571 1106 4648 solitaria
1135 4589 1245 4649 vita
1276 4596 1336 4648 et
1360 4589 1688 4652 monastica
1722 4609 1735 4654 :
1773 4571 2045 4654 Theodo-

2140 4586 2295 4663 σάνιῃ
2356 4571 2465 4641 καὶ.
2498 4592 2614 4658 Θεῷ
2671 4583 3025 4662 παραδίδωμι,
3091 4586 3176 4642 καὶ
3228 4585 3323 4653 τῆς
3401 4586 3521 4663 περὶ
3611 4589 3780 4654 αὐτῆς

407 4681 507 4735 ten
538 4685 733 4735 autem
767 4678 1050 4738 Sosannte
1081 4687 1137 4737 et
1193 4677 1311 4739 Deo
1363 4679 1528 4740 trado
1563 4700 1576 4740 :
1637 4689 1694 4741 et
1723 4681 1798 4741 de
1831 4700 1899 4742 ea
1920 4683 2044 4761 jam

409 4764 571 4824 omni
605 4782 751 4826 cura
785 4765 1026 4829 liberer.
1083 4766 1272 4829 Verba
1326 4785 1424 4829 res
1486 4769 1612 4848 ipsa
1640 4788 1881 4850 quoque
1915 4791 2048 4832 mox

409 4867 498 4914 681.
521 4865 861 4919 consecuta.

488 5035 820 5098 VLBursus
842 5044 1037 5098 autem
1060 5037 1359 5116 quomodo
1385 5043 1656 5115 oporteat
1689 5037 1930 5100 silentio
1963 5039 2049 5100 vi-

403 5132 629 5196 vere,et
655 5127 773 5187 Deo
800 5125 1037 5205 placere
1058 5145 1331 5206 quaerens
1355 5129 1642 5201 Matrona,
1677 5145 1782 5207 per
1807 5127 2046 5188 eviden-

409 5221 526 5274 tem
560 5213 618 5274 in
652 5216 876 5274 somnis
908 5214 1196 5275 visionem
1255 5217 1504 5277 docetur
1535 5235 1568 5276 a
1599 5215 1874 5279 Domino.
1911 5216 2045 5279 Fuit

404 5313 599 5364 autem
634 5305 762 5364 ham
797 5303 939 5363 visio
973 5303 1365 5365 admirabilis.
1401 5305 1726 5368 Videbatur
1764 5309 1920 5367 enim
1955 5308 2043 5367 vir

409 5392 646 5470 quidam
672 5411 800 5452 eam
837 5392 1273 5472 persequi,ipsa
1301 5404 1495 5456 autem
1532 5395 1785 5475 fugiens,
1817 5405 2044 5458 servata

407 5499 538 5542 esse
568 5499 600 5540 a
632 5482 990 5556 quibusdam
1042 5483 1371 5561 monachis,
1400 5486 1553 5564 quod
1589 5485 1830 5564 quidem
1867 5487 1920 5546 ei
1954 5485 2041 5547 si-

406 5567 744 5646 gnificabat,
767 5570 923 5648 quod
961 5572 1022 5629 in
1049 5571 1407 5633 monasterio
1432 5582 1734 5653 oporteret
1756 5593 1884 5634 eam
1918 5594 2041 5636 sus-

409 5660 610 5736 cipere
659 5661 833 5720 vitam
904 5659 1160 5719 virorum
1226 5661 1680 5725 monachorum.
1737 5661 1833 5724 Sic
1879 5664 2038 5727 enim

2129 4673 2233 4741 ἧδη
2293 4673 2561 4755 φροντίδος
2623 4674 2842 4749 λύομαι.
2905 4673 3106 4731 Εἵπετο
3148 4686 3268 4737 τοῖς
3312 4673 3495 4753 λόγοις
3553 4677 3645 4732 καὶ
3718 4679 3779 4732 τὸ

2132 4761 2284 4840 ἔργον
2316 4764 2462 4826 εὒθύς
2473 4807 2488 4822 .

2208 5029 2308 5104 ς·’.
2347 5032 2499 5094 Αὖθις
2529 5029 2582 5086 δὲ
2613 5034 2741 5104 περὶ
2777 5033 2862 5086 τοῦ
2893 5035 3005 5095 πῶς
3055 5029 3138 5088 δεῖ
3189 5030 3307 5087 καθ’
3357 5033 3589 5111 ἡσυχίαν
3631 5034 3765 5110 βιῶ-

2130 5141 2212 5175 ναι
2257 5120 2344 5176 καὶ
2403 5119 2748 5197 εὒαρεστῆσαι
2809 5124 2924 5192 Θεῷ
2982 5122 3016 5188 ἡ
3067 5120 3328 5199 Ματρώνα
3376 5130 3609 5192 ζητοῦσα
3653 5145 3770 5197 μα-

2125 5211 2238 5264 θεῖν
2269 5206 2351 5264 διὰ
2383 5213 2480 5274 τῆς
2525 5210 2662 5265 κατὰ
2704 5209 2826 5272 τοὺς
2871 5209 3061 5274 ὕπνους
3097 5208 3346 5288 ἐναργοῦς
3390 5210 3570 5285 ὅψεως
3629 5213 3773 5290 παρὰ

2132 5299 2318 5375 Κυρίου
2346 5295 2669 5360 διδάσκεται,
2705 5299 2802 5355 Καὶ
2848 5298 2884 5364 ἦ
2944 5297 3124 5370 ὅρασις
3182 5297 3356 5356 τοιάδε
3415 5302 3504 5357 ναὶ
3559 5304 3772 5374 θαυμα-

2127 5388 2252 5455 στή.
2302 5384 2504 5444 Ἐδόκει
2551 5388 2651 5465 γὰρ
2693 5389 2784 5443 τὸν
2843 5385 3001 5464 ἄνδρα
3057 5387 3315 5446 διώκοντα
3365 5389 3486 5464 μὲν,
3521 5389 3688 5457 αὐτὴν
3718 5388 3772 5445 δὲ

2126 5477 2386 5555 φεύγοντα
2414 5478 2516 5533 ὑπό
2576 5499 2731 5534 τινων
2765 5477 3023 5534 σεσῶσθαι
3077 5479 3361 5557 μοναχῶν,
3414 5478 3546 5557 ὅπερ
3591 5480 3773 5536 συνιέ-

2127 5586 2210 5620 ναι
2265 5562 2430 5620 ἐδίδου
2486 5567 2560 5630 ὡς
2629 5565 2683 5622 ἐν
2735 5566 3119 5644 φροντιστηρίῳ
3175 5564 3291 5624 δέον
3349 5567 3514 5634 αὐτὴν
3568 5567 3770 5633 ἀνδρῶν

2126 5655 2216 5710 τὸν
2271 5661 2376 5711 τῶν
2436 5659 2694 5733 μοναχῶν
2751 5655 2864 5731 βίον
2905 5653 3176 5719 ὑπελθεῖν.
3223 5655 3373 5714 Οὕτω
3431 5658 3533 5738 γὰρ
3577 5659 3639 5716 ἃν
3683 5658 3769 5714 ναὶ
