4048 6136
278 332 409 398 9'25

1564 315 1751 387 VITA
1823 319 1882 384 S.
1955 315 2370 382 MATRON/E.

3546 276 3664 380 9‘26

277 476 370 545 τῷ
397 467 622 542 συνοίκῳ
679 465 918 531 καὶτοῖς
991 461 1175 527 ἀλλοις
1227 460 1376 520 ἔσται
1431 458 1790 539 ἀγνοουμένη,
1857 456 1941 515 Ἐν

2033 453 2182 545 fore,
2213 463 2279 516 ut
2307 460 2364 514 et
2395 451 2608 514 marito
2637 457 2697 514 et
2727 448 2858 545 aliis
2887 449 2962 513 sit
2996 449 3216 529 ignota.
3251 446 3495 545 cumse
3520 466 3665 545 ergo

275 567 410 641 χρῷ
473 565 560 615 οῦν
602 556 890 633 κειραμένη
941 556 1025 611 καὶ
1055 556 1128 618 εὶς
1174 553 1427 631 εὺνοῦχον
1480 551 1670 615 ἑαυτὴν
1701 567 1934 641 σχημα-

274 635 500 719 τίσλσα,
556 646 718 704 πάλιν
782 647 853 711 εἷς
900 646 990 700 τὸν
1037 642 1258 720 ρηθέντα
1321 643 1528 715 σύναμα
1583 640 1652 707 τῆ
1718 635 1935 713 Εὐγενίᾳ

274 744 393 796 τῶν
435 738 587 794 θείων
621 725 962 793 Ἀποστόλ·ι)ν
986 731 1083 800 ἧκε
1121 733 1265 804 ναὸν,
1299 728 1530 800 δήλωσίν
1574 749 1630 784 τε
1659 732 1765 783 τῶν
1791 725 1932 804 ἀφα-

274 833 394 885 νῶν
455 827 516 882 ὲκ
557 828 663 882 τῶν
714 824 989 900 θειοτέρων
1044 819 1341 898 βουλομένη
1406 823 1620 894 μαθεῖν,
1681 818 1742 871 τὸ
1796 815 1934 892 ἱερὸν

278 916 656 992 ὓπανοίγνυσιν
728 910 1080 988 Εὒαγγέλιον,
1132 911 1220 966 καὶ
1262 909 1486 982 τοιούτῷ
1539 907 1684 968 εὒθὺς
1744 905 1932 978 ἐντυγ-

289 1007 450 1085 χάνει
520 1005 688 1081 ῥητῷ·
772 1022 794 1056 ιι
831 999 1018 1063 ’Ὅστις
1091 998 1230 1055 θέλει
1320 998 1489 1054 ὀπίσω
1561 1016 1664 1070 μου
1735 992 1930 1085 ἐλθεῖν,

290 1080 684 1170 ἀπαρνησάσθω
733 1091 940 1162 ἑαυτὸν,
973 1090 1060 1145 καὶ
1111 1086 1288 1164 ἀράτω
1339 1088 1429 1142 τὸν
1479 1085 1702 1161 σταυρὸν
1753 1080 1932 1158 ανῦτοῦ,

288 1186 384 1240 καὶ
441 1181 791 1239 ἀκολουθείτω
821 1201 935 1253 μοι,
974 1201 1002 1233 ι»
1065 1175 1334 1234 Ἐντεῦθεν
1363 1172 1734 1231 ἀνενδοίαστον
1790 1194 1937 1249 γνω-

286 1296 380 1329 σιν
431 1279 658 1352 σχοῦσαι
691 1276 793 1325 τῶν
839 1266 1170 1346 ἀρεσκόντων
1213 1267 1288 1338 τῷ
1333 1271 1469 1344 Θεῷ,
1507 1265 1590 1320 οιαὶ
1647 1262 1830 1352 τούτῳΔ
1874 1259 1939 1314 τὰ

286 1365 417 1419 καθ’
504 1360 692 1422 ἑαυτὰς
785 1355 1118 1430 ἀναθέμεναι,
1205 1357 1292 1410 καὶ
1372 1359 1479 1410 τῶν
1563 1348 1939 1428 πραττομένων

285 1451 432 1516 ἕξειν
487 1450 642 1506 αύτὺν
700 1446 1042 1522 συλλήπτορα
1107 1441 1560 1523 προσδοκήσασαι,
1627 1438 1720 1495 ἀπ’
1774 1437 1940 1506 ἀλλή-

285 1539 407 1598 λων
465 1537 853 1616 διεψωρίζοντο,
919 1527 980 1591 Ἠ
1043 1540 1303 1610 Ματριῦνα
1349 1531 1551 1607 μέντοι,
1597 1531 1668 1594 ὣς
1703 1526 1935 1604 εἴρηται,

277 1633 389 1688 τὸν
462 1630 716 1705 εὐνοῦχον
774 1627 1200 1702 προσποιηθεϊσα
1283 1623 1370 1678 καὶ
1441 1616 1679 1676 Βαϐύλαν
1745 1617 1938 1684 έαάτὴν

283 1720 627 1794 ὀνομάσασα,
712 1721 788 1786 τῷ
874 1723 966 1772 τοῦ
1047 1712 1186 1768 ὁσίου
1267 1717 1525 1766 Βασιανοῦ
1609 1705 1936 1775 παραϐάλλει

2017 543 2090 603 ad
2121 551 2315 604 cutem
2352 561 2540 622 usque
2573 541 2957 613 tetendisset,
2991 549 3048 600 et
3091 539 3350 601 eunuchi
3399 537 3663 600 habitum

2015 631 2331 707 induisset,
2364 649 2573 692 rursus
2625 631 2788 692 venit
2837 648 2970 690 cum
3016 629 3287 706 Eugenia
3331 625 3394 688 in
3443 625 3664 687 dictum

2018 720 2306 799 templum
2355 720 2693 780 divinorum
2727 719 3177 798 Apostolorum,
3211 727 3269 778 et
3316 715 3522 778 volens
3554 716 3667 776 ob—

2017 827 2330 870 scurorum
2383 809 2542 869 scire
2591 807 3082 886 significationem
3121 825 3192 869 ex
3246 803 3664 876 divinioribus,

2017 916 2248 959 sacrum
2283 897 2475 977 aperit
2509 896 2920 977 Evangelium,
2956 906 3014 958 et
3069 897 3338 976 protinus
3369 893 3578 956 incidit
3609 894 3668 954 in

2021 989 2134 1047 tale
2181 987 2402 1048 dictum
2443 1008 2455 1048 :
2517 1007 2544 1045 α
2582 986 2935 1067 Quicunque
2981 987 3100 1047 vult
3159 995 3295 1066 post
3339 1003 3434 1046 me
3465 983 3670 1044 venire

2018 1075 2270 1154 abneget
2323 1075 2614 1154 seipsum,
2649 1085 2706 1136 et
2757 1077 2924 1137 tollat
2955 1094 3196 1137 crucem
3249 1093 3440 1153 suam,
3477 1081 3534 1134 et
3562 1090 3664 1132 se-

2020 1175 2232 1246 quatur
2283 1184 2375 1225 me
2411 1167 2457 1226 l.
2495 1190 2519 1220 ι)
2577 1163 2728 1226 Hinc
2780 1184 2986 1226 eorum
3043 1184 3172 1245 quae
3226 1164 3348 1226 Deo
3403 1164 3656 1243 placent,

2020 1253 2409 1315 indubitatam
2461 1253 2749 1315 habentes
2803 1254 3230 1332 cognitionem,
3265 1273 3400 1315 cum
3448 1270 3552 1313 sua
3605 1252 3662 1314 ei

2022 1343 2414 1416 dedicassent,
2450 1352 2508 1403 et
2555 1352 2895 1422 sperassent
2927 1363 2991 1404 se
3047 1362 3181 1404 eum
3221 1343 3523 1404 habituras
3553 1343 3664 1403 ad-

2014 1433 2276 1512 jutorem
2313 1451 2517 1493 eorum
2563 1452 2694 1513 qua)
2742 1432 2981 1505 ﬁebant,
3015 1453 3047 1492 a
3098 1451 3160 1494 se
3200 1432 3453 1493 invicem
3485 1449 3664 1509 sepa-

2021 1530 2248 1582 rantur.
2306 1523 2568 1584 Matrona
2620 1531 2840 1589 autem,
2876 1541 3034 1594 cum,
3068 1531 3133 1582 ut
3181 1522 3401 1582 dictum
3454 1528 3565 1592 est,
3600 1538 3666 1579 se

2021 1629 2154 1673 esse
2208 1611 2546 1672 eunuchum
2593 1610 2952 1683 simulasset,
2990 1619 3048 1671 et
3088 1609 3358 1690 Babylam
3408 1610 3662 1688 seipsam

2021 1699 2407 1778 nominasset,
2439 1701 2508 1760 ad
2558 1700 2744 1762 sancti
2769 1699 3036 1761 Bassiani
3083 1700 3311 1762 accedit
3362 1709 3666 1759 monaste-

280 1788 543 1885 σεμνείῳ,
600 1806 692 1860 καί
753 1804 892 1879 παρά
948 1807 1053 1858 τῶν
1118 1805 1374 1879 μοναχῶν
1425 1798 1759 1877 εἷσδεχθεϊσα
1806 1798 1936 1873 πρὸς

2027 1789 2175 1850 rium
2217 1810 2230 1852 :
2265 1798 2322 1850 et
2355 1797 2596 1869 accepta
2626 1807 2659 1851 a
2705 1789 3037 1864 monachis,
3074 1792 3341 1868 protinus
3369 1788 3439 1849 ad
3469 1800 3667 1849 certa—

280 1899 502 1975 ἀγῶνας
577 1892 964 1967 πνεῦματικοῦς
1023 1892 1166 1955 εὐθὺς
1241 1887 1518 1961 ἀπεόύετο,
1601 1891 1694 1945 οὐκ
1753 1886 1939 1965 ὠχρό-

281 2009 418 2053 τητι
475 1986 650 2061 ὄψεως
719 1982 1005 2061 προσώπου
1063 2001 1119 2036 τε
1163 1977 1566 2055 σκυθρωπότητι
1631 1998 1728 2044 την
1781 1972 1941 2029 euhi-

285 2073 416 2131 ϐιαν
470 2070 886 2152 ὑποκρινομένη,
942 2068 1080 2125 ἀλλά
1122 2069 1353 2147 γνησίως
1413 2063 1614 2140 μᾶλλον
1660 2064 1746 2120 καὶ
1799 2061 1941 2127 ἀλη-

287 2169 428 2240 θῶς,
459 2165 556 2230 τὴν
604 2151 797 2241 ἀρετὴν
855 2166 1109 2234 μετιοῦσα
1155 2161 1240 2213 καὶ
1299 2156 1461 2211 παντί
1508 2154 1688 2229 τρόπῳ
1745 2151 1942 2207 λανθά-

291 2275 408 2311 νειν
464 2251 845 2322 σπουδάζουσα,
908 2250 981 2310 ὡς
1039 2247 1092 2302 ἐν
1149 2247 1312 2322 ὀλίγῳ
1347 2244 1476 2322 πρὸς
1530 2243 1799 2322 ἀκρότητα
1853 2247 1946 2296 τοῦ

293 2343 441 2400 κατά
498 2343 629 2398 Θεὸν
679 2342 953 2415 ὕψωθῆναι
1028 2337 1162 2413 βίου,
1214 2337 1302 2392 καὶ
1354 2333 1437 2389 διὰ
1489 2335 1754 2407 θαύματος
1817 2337 1945 2386 πᾶσι

295 2431 665 2504 καθίστασθαι,
726 2429 906 2506 ὅτιπερ
953 2427 1082 2503 ἀνὴρ
1155 2426 1252 2491 τὴν
1306 2421 1424 2479 κατ’
1478 2425 1730 2500 εὖνοῦχον
1782 2420 1943 2476 ἀσθέ-

285 2543 440 2579 νειαν
523 2518 885 2593 περικείμενος
969 2516 1109 2572 οὕτω
1191 2513 1525 2591 διακαρτερεϊ
1610 2513 1740 2588 πρὸς
1824 2510 1943 2572 τοὺς

283 2613 508 2683 πόνους,
565 2610 652 2665 καὶ
722 2608 843 2672 τοὺς
926 2605 1198 2685 μοναχοὺς
1279 2603 1517 2667 ἅπαντας
1593 2597 1942 2677 παρελαύνειν

283 2699 608 2781 φιλονεικεῖ,
671 2703 763 2755 τοῦ
832 2699 1056 2771 θυμικοῦ
1130 2714 1186 2749 τε
1268 2692 1522 2770 γενναίως
1595 2692 1802 2766 κρατῶν
1858 2689 1944 2743 καὶ

285 2777 450 2856 δόξης
508 2791 581 2852 ὡς
639 2786 867 2862 ματαίας
928 2789 1297 2862 καταφρονῶν,
1352 2783 1592 2846 ὑπακοῆς
1650 2800 1707 2834 τε
1765 2777 1942 2844 πάσης

287 2881 430 2936 κατά
461 2875 678 2936 πολλὼν
711 2873 1130 2951 μετριοφρούνην
1171 2871 1582 2949 περιεχόμςνος.

377 2967 457 3027 Ζ¹.
517 2965 739 3043 Ἀμέλει
803 2964 891 3019 καὶ
949 2961 1231 3038 βασκαίνεν
1290 2961 1388 3034 μὲν
1445 2963 1540 3018 οὒκ
1580 2958 1743 3038 εἶχον
1787 2958 1939 3032 αὐτῇ·

295 3057 558 3132 ἐλεύθερος
617 3056 717 3132 γὰρ
750 3057 777 3111 ὁ
833 3049 954 3108 κατ’
1014 3050 1206 3128 ἀρετὴν
1259 3049 1418 3120 ζῆλος
1477 3047 1666 3126 φθόνου
1722 3046 1940 3110 παντός·

293 3150 369 3211 ὡς
413 3144 710 3218 διδασκάλῳ
751 3141 806 3199 δὲ
854 3140 1058 3217 μᾶλλον
1103 3138 1391 3218 προσέχειν
1467 3136 1771 3209 ἠϐούλοντο,
1833 3138 1944 3213 ὼρ-

291 3236 530 3315 μημένοι
592 3237 679 3291 καὶ
733 3235 989 3311 πρότερον
1032 3235 1150 3310 πρὶς
1210 3236 1306 3296 την
1352 3229 1604 3304 μίμησιν,
1653 3233 1852 3302 Μικροῦ
1893 3223 1947 3280 δὲ

291 3314 384 3385 καὶ
451 3333 513 3382 τὸ
576 3325 938 3402 κρυπτόμενον
1008 3319 1324 3397 ἑγινώσκετο
1385 3317 1470 3390 ἂν,
1519 3315 1611 3373 καί
1677 3314 1757 3370 ὅτι
1815 3314 1946 3392 γυνὴ

291 3418 386 3495 ἦν,
442 3415 633 3494 φανερά
689 3415 995 3481 καθίστατο,
1048 3411 1093 3465 εί
1148 3409 1224 3481 μὴ
1274 3408 1372 3473 τὴν
1425 3406 1751 3485 ἐπισχοῦσαν
1809 3405 1946 3459 ὑπό-

298 3494 446 3563 νοιαν
502 3511 567 3582 τῇ
609 3507 942 3576 πνευματικῇ
988 3500 1142 3578 σοφίᾳ
1202 3496 1429 3554 διέλυσε.
1495 3495 1640 3553 Κατά
1687 3515 1806 3550 τινα
1848 3494 1948 3568 γὰρ

296 3594 493 3677 χρὸνον
545 3593 684 3651 οὕτω
743 3588 946 3665 συμϐὰν
1001 3589 1119 3664 περὶ
1174 3587 1273 3654 τὴν
1328 3588 1510 3640 ἐκεϊσε
1572 3583 1942 3661 τυγχάνουσαν

293 3672 630 3757 κηπεύσιμον
686 3679 933 3758 ἐργασίαν
989 3682 1313 3752 συμπονοῦσι
1358 3686 1476 3735 τοῖς
1523 3684 1794 3749 μοναχοῒς
1853 3672 1947 3725 τοῦ

293 3774 450 3852 ἔργου
507 3794 566 3828 τε
614 3769 1005 3848 προθυμότερον
1065 3764 1328 3845 ἐχομένῃ,
1477 3761 1590 3852 σὺν-
1625 3759 1798 3852 Eneti»?
1843 3758 1944 3814 λα·-

291 3846 412 3945 χξιὶλν
489 3846 794 3940 ἐργάζεσθαι
874 3856 1145 3934 μοναχὸς,
1204 3848 1472 3928 Βαρνάϐας
1541 3849 1682 3919 αύτῷ
1754 3846 1943 3923 ὄνομα,

291 3936 710 4029 περιεργότερων
782 3944 1047 4002 ἐπιϐαλὼν
1119 3943 1218 4008 τὴν
1294 3940 1415 4015 ὄψιν
1479 3941 1634 4012 αὐτῇ,
1697 3936 1786 3991 ἅτε
1845 3938 1946 4012 πρὸ

294 4025 501 4118 μικροῦ.
542 4025 618 4108 τῷ
647 4045 754 4094 τῶν
802 4041 1058 4113 μοναχῶν
1093 4034 1191 4109 βίῳ
1246 4030 1350 4085 ἀπὸ
1381 4033 1478 4094 τῆς
1524 4025 1722 4092 σκηνῆς
1773 4046 1944 4100 προσ-

294 4114 485 4209 ἐλθὼν,
520 4129 616 4186 κᾶν
662 4131 734 4191 εἰς
783 4124 1000 4202 ὕστεραν
1065 4121 1341 4198 προκόψας
1401 4119 1473 4178 εἰς
1517 4115 1706 4184 ἀρετὴν
1754 4115 1841 4169 καὶ
1885 4114 1945 4168 τὸ

295 4203 646 4296 καθηγεῖσθαι
711 4217 817 4270 τῶν
872 4215 1128 4290 μοναχῶν
1182 4208 1484 4284 ἐπιστεύθη,
1539 4203 1720 4296 ἠρώτα
1775 4203 1945 4257 εἰπεῖν

298 4309 456 4365 πόθεν
534 4304 848 4385 ἀμφοτέρων
930 4306 1031 4356 τῶν
1087 4299 1239 4354 ὤτων
1308 4296 1474 4370 ταύτῃ
1546 4291 1826 4369 τέτρηνται
1899 4293 1944 4346 οἱ

293 4395 464 4458 λοόοί,
514 4388 574 4452 Ἠ
623 4379 860 4469 μακαρία
894 4389 946 4447 δὲ
993 4389 1251 4461 σύντομον
1294 4388 1428 4458 ὁμοῦ
1479 4383 1564 4440 καὶ
1620 4379 1942 4469 λελογισμέ-

293 4511 393 4554 νην
479 4487 576 4554 τὴν
625 4467 930 4560 ἀπόκρισιν
1020 4475 1285 4548 ἀπεδίδου,
1363 4474 1654 4548 Πέπονθας,
1726 4467 1940 4560 ἀδελφέ,

2027 1880 2184 1940 mina
2216 1897 2278 1938 se
2312 1879 2533 1957 paravit
2565 1879 2876 1958 spiritalia,
2907 1897 3020 1942 nou
3057 1878 3285 1960 pallore
3316 1879 3529 1947 vultus,
3558 1894 3669 1936 nec

2028 1967 2265 2028 ll‘lSlilia
2294 1967 2485 2048 faciei,
2521 1969 2625 2029 sed
2658 1987 2941 2046 germane
2996 1972 3188 2048 potius
3219 1977 3276 2028 et
3307 1985 3444 2028 vere
3477 1967 3664 2026 virtu-

2029 2064 2145 2117 tem
2192 2075 2505 2130 exercens,
2541 2067 2597 2117 et
2627 2058 2905 2118 omnibus
2952 2057 3143 2118 modis
3175 2057 3422 2117 studens
3457 2055 3664 2124 latere,

2029 2153 2092 2206 ut
2151 2146 2575 2224 propemodum
2655 2155 2930 2226 provecta
2986 2147 3166 2206 fuerit
3224 2145 3296 2206 ad
3368 2161 3666 2206 summum

2029 2235 2181 2305 vitae,
2217 2253 2347 2310 quae
2376 2253 2447 2294 ex
2483 2238 2606 2295 Deo
2656 2236 2867 2314 agitur,
2903 2245 2961 2295 et
2993 2235 3312 2296 haberetur
3345 2235 3421 2294 al)
3468 2231 3669 2294 omni-

2029 2323 2139 2385 bus
2171 2325 2228 2383 in
2274 2324 2692 2397 admiratione,
2729 2323 3025 2403 quomodo
3074 2325 3183 2396 vir,
3218 2323 3318 2402 qui
3375 2331 3503 2384 erat
3549 2322 3664 2382 im-

2030 2413 2308 2481 becillus,
2343 2423 2552 2490 utpo:e
2604 2413 2938 2490 eunuchus,
2973 2423 3085 2473 tam
3140 2411 3372 2472 fortiter
3424 2429 3488 2470 se
3519 2410 3670 2488 gerit

2027 2503 2311 2563 adversus
2358 2501 2614 2574 labores,
2652 2512 2708 2562 et
2739 2520 2948 2562 omnes
2993 2503 3316 2562 monachos
3362 2499 3672 2561 contendit

2027 2610 2337 2671 superare,
2366 2610 2577 2669 magno
2609 2601 2668 2654 et
2697 2590 2930 2652 excelso
2956 2590 3156 2651 animo
3179 2591 3324 2651 iram
3359 2588 3667 2660 cohibens,

2029 2687 2088 2742 et
2144 2681 2394 2760 gloriam
2433 2690 2709 2757 tanquam
2765 2698 2970 2740 vanam
3004 2679 3368 2758 despiciens,
3430 2696 3668 2738 omnem

2029 2770 2436 2832 obedientiam
2473 2789 2548 2833 ex
2581 2788 2812 2833 summa
2843 2769 3249 2850 complectens
3280 2765 3588 2828 modestia.

2110 2948 2238 3010 VI].
2265 2948 2336 3010 Et
2360 2959 2523 3011 certe
2551 2968 2669 3010 non
2691 2956 2967 3028 poterant
2999 2944 3466 3019 invidere,Zelus
3487 2949 3669 3022 enim,

2029 3040 2128 3117 qui
2161 3047 2342 3100 estex
2370 3039 2609 3110 virtute,
2641 3037 2794 3099 liber
2826 3047 2911 3098 est
2943 3036 3015 3098 ab
3049 3035 3208 3098 omni
3250 3033 3492 3096 invidia.
3531 3034 3671 3094 Eum

2030 3135 2231 3189 autem
2267 3127 2466 3208 potius
2515 3127 2792 3190 colebant
2818 3137 3092 3207 tanquam
3127 3123 3675 3203 magistrum.prius

2032 3216 2206 3277 etiam
2245 3217 2463 3278 incitati
2496 3217 2566 3277 ad
2600 3217 2995 3278 imitationem
3025 3236 3040 3291 ;
3075 3213 3503 3295 prepemodum
3535 3231 3674 3272 vero

2034 3307 2209 3366 etiam
2243 3309 2547 3385 cognitum
2580 3305 2812 3384 fuisset,
2840 3305 2997 3385 quod
3032 3303 3357 3376 celabatur,
3394 3311 3450 3362 et
3481 3303 3677 3362 mani—

2031 3396 2244 3456 festum
2291 3393 2496 3458 fuisset
2531 3414 2659 3456 eam
2712 3414 2842 3456 esse
2877 3393 3215 3463 mulierem,
3251 3392 3364 3453 nisi
3409 3399 3674 3454 exortam

2031 3484 2432 3562 suspicionem
2484 3485 2736 3565 spiritali
2801 3483 3120 3544 amovisset
3167 3481 3478 3560 sapientia.
3530 3477 3675 3539 Nam

2028 3593 2162 3634 cum
2194 3573 2391 3652 aliquo
2420 3583 2688 3652 tempore
2723 3573 2800 3633 ita
2829 3571 3202 3650 contigisset,
3236 3578 3300 3630 ut
3330 3569 3388 3630 in
3422 3567 3676 3647 quodam

2028 3663 2199 3723 horto
2236 3660 2534 3722 laboraret
2566 3681 2698 3722 cum
2736 3660 3068 3738 monachis,
3100 3664 3402 3738 operiquaz
3432 3657 3680 3717 instaret

2029 3749 2359 3831 promptius
2389 3759 2449 3810 et
2478 3750 2757 3828 alacrius,
2786 3748 3112 3808 monachus
3145 3752 3241 3808 cui
3271 3747 3590 3824 obtigerat,
3616 3755 3680 3806 ut

2029 3859 2163 3901 cum
2212 3857 2279 3897 ea
2314 3837 2632 3918 laboraret,
2672 3837 2915 3898 nomine
2947 3835 3269 3916 Barnabas,
3303 3836 3362 3895 in
3423 3854 3549 3896 eam
3582 3836 3676 3898 in-

2022 3926 2203 4006 jectis
2234 3926 2425 3987 oculis
2459 3925 2630 4004 paulo
2662 3927 2977 4006 curiosius,
3013 3933 3076 3986 ut
3106 3924 3207 4005 qui
3244 3925 3414 4005 paulo
3444 3927 3584 3986 ante
3605 3926 3677 3985 ad

2030 4017 2204 4077 vitam
2259 4013 2646 4075 monasticam
2695 4016 3049 4076 accessisset
3105 4033 3174 4074 ex
3206 4032 3410 4086 scena,
3447 4013 3675 4074 etiamsi

2031 4114 2232 4184 postca
2286 4104 2598 4184 profecerit
2637 4106 2694 4165 in
2745 4105 2979 4175 virtute,
3015 4114 3072 4164 et
3103 4103 3156 4164 ei
3208 4103 3526 4162 commissa
3559 4101 3677 4163 fue-

2028 4195 2106 4256 rit
2139 4195 2494 4274 przefectura
2549 4194 3010 4267 monachorum,
3047 4193 3270 4271 rogavit
3311 4192 3412 4267 qui
3462 4192 3678 4252 factum

2028 4284 2123 4347 sit.
2152 4293 2212 4344 ut
2237 4285 2355 4344 sint
2387 4283 2442 4344 ei
2467 4282 2661 4344 ambae
2694 4283 3006 4361 perforata:
3035 4281 3336 4343 auriculae.
3363 4280 3542 4342 Beata
3571 4299 3679 4340 au-

2027 4383 2145 4436 tem
2181 4373 2283 4435 illa
2325 4372 2562 4434 brevem
2600 4372 2778 4432 simul
2831 4381 2886 4431 et
2914 4372 3349 4432 consideratam
3384 4369 3548 4429 dedit
3579 4387 3679 4429 re-

2029 4463 2415 4541 sponsionem
2449 4480 2462 4524 :
2499 4460 2737 4524 Accidit
2767 4459 2877 4521 tibi
2910 4460 3174 4540 quidem,
3199 4479 3232 4520 ο
3264 4458 3678 4531 fratcr,huma-

304 4533 389 4554 "I'
490 4533 572 4554 "I'
651 4533 921 4560 --η--ι--π-
1270 4533 1285 4548 ι
1640 4533 1654 4548 ,
1867 4533 1877 4547 .
1924 4533 1937 4540 ,

292 4575 541 4654 λέγουσα,
602 4571 926 4647 ἀνθρώπινον
986 4567 1106 4646 μὲν,
1157 4571 1250 4622 τοῦ
1313 4561 1428 4619 καθ’
1475 4563 1617 4635 ἡμᾶς
1663 4557 1716 4613 δὲ
1775 4555 1941 4612 ἀλλό-

2030 4533 2169 4612 ηἰιῐη
2194 4551 2526 4632 quidpiam,
2552 4550 2814 4610 alienum
2842 4533 2981 4610 vero
3006 4569 3036 4611 a
3062 4559 3260 4610 nostra
3285 4549 3675 4628 professione,

285 4647 434 4742 τριόν
487 4659 918 4738 ἐπαγγέλματος·
982 4660 1051 4735 τῇ
1109 4661 1180 4733 γῇ
1236 4654 1337 4732 γὰρ
1391 4647 1852 4742 δέονᾲπροσέχειν

287 4735 439 4829 ὄφεις
503 4735 829 4830 ἀνθρωπίνας
907 4745 1364 4822 περιεργάζεσθαι.
1444 4738 1590 4830 [ίλὴν
1665 4735 1802 4830 ἀλλά
1861 4739 1946 4830 καὶ

285 4825 425 4902 οτάτω
481 4825 610 4906 τὴν*
659 4837 804 4894 λύσιν
879 4835 1106 4906 μάνθανε
1188 4839 1280 4888 τοῦ
1339 4827 1670 4902 ζητήματοςο
1743 4827 1776 4892 ἡ
1847 4825 1946 4901 γὰρ

285 4933 385 5007 ἐμὲ
443 4928 694 5010 πρότερον
772 4932 978 5005 σχοῦσα
1050 4924 1137 4978 καὶ
1212 4918 1541 5010 θρεχαμένη-
1598 4913 1948 5010 (ριλόστοργόν

2028 4659 2162 4700 cum
2197 4649 2411 4700 terram
2449 4648 2714 4717 oporteat
2746 4658 3070 4708 arare,non
3105 4638 3325 4699 vullum
3359 4637 3679 4698 humanum

2029 4729 2268 4790 curiose
2322 4728 2563 4789 intueri.
2613 4726 2728 4789 Sed
2763 4732 3031 4806 quamvis
3087 4746 3185 4788 res
3217 4728 3295 4787 ita
3322 4743 3386 4786 se
3441 4727 3678 4797 habeat,

2030 4819 2376 4897 quaastionis
2425 4815 2588 4876 disce
2619 4815 2998 4878 solutionem.
3053 4814 3196 4876 Nam
3232 4834 3362 4894 qua;
3411 4834 3506 4876 me
3537 4815 3676 4875 olim

2031 4908 2219 4967 tenuit
2277 4915 2334 4967 et
2383 4903 2678 4982 educavit,
2713 4906 2773 4964 in
2829 4923 2922 4964 me
2955 4923 3188 4964 summa
3238 4903 3677 4984 benevolentia,

285 4993 406 5078 τινα
477 4993 617 5095 πρός.
686 5036 754 5090 με
810 4993 1139 5088 ἀὶκτημένη
1211 4993 1439 5065 διάθεσιν
1500 5001 1941 5095 Δἐφιλοτιμήσατό

2035 4996 2316 5057 munifice
2347 4995 2408 5055 in
2443 5012 2606 5055 meas
2635 5010 2814 5054 aures
2843 5011 3023 5054 aurea
3070 4993 3272 5070 injecit
3304 5002 3676 5073 ornamenta,

286 5133 393 5185 μου
433 5080 529 5164 καὶ.
581 5080 755 5187 χρυσᾶ
800 5080 1012 5177 κόσμια·
1057 5113 1172 5164 τοῖς
1233 5099 1359 5155 ὠσὶν
1418 5091 1712 5187 ἐμϐαλεῖνζ
1765 5091 1941 5154 Οὕτως

2030 5085 2127 5146 Sic
2174 5084 2341 5145 beata
2373 5084 2474 5144 illa
2509 5083 2864 5143 monachum
2912 5081 3163 5160 sapienti
3199 5080 3546 5140 inventione
3580 5099 3680 5141 ie-

286 5169 324 5268 ii;
381 5169 636 5274 puxapi:
687 5196 774 5251 τὸν
833 5169 1074 5270 μοναχὸν
1150 5193 1288 5267 σοφῇ
1343 5184 1579 5263 περινοίᾳ
1651 5181 1941 5274 τῆςᾳῦπο-

2027 5176 2210 5236 movit
2242 5193 2274 5233 a
2307 5172 2811 5252 suspicione;eam
2837 5178 3032 5230 autem
3063 5169 3245 5229 suhiit
3273 5187 3484 5246 magna
3511 5169 3683 5231 turba

285 5255 432 5352 νόίάς
503 5255 1044 5363 ἀὶπηγαγεν,“Ᾱνῖ›τῖίξν
1096 5277 1152 5336 δὲ
1217 5255 1373 5338 πολὺς
1415 5255 1496 5334 τις
1556 5272 1744 5363 εἰσῄει,
1775 5268 1931 5363 λογι..

2027 5263 2477 5342 cogitationum,
2515 5271 2575 5322 et
2608 5271 2898 5321 venerunt
2928 5259 2986 5320 ei
3014 5259 3072 5319 in
3111 5267 3370 5320 mentem
3405 5259 3676 5319 admoni-

285 5377 440 5453 σμῶν
517 5346 716 5453 6113;;
768 5377 856 5428 καὶ
920 5346 1011 5434 εἷς
1051 5369 1273 5441 μνήμην
1357 5369 1462 5421 τῶν
1515 5346 1656 5426 τῆς
1694 5357 1939 5453 comm

2027 5353 2218 5414 tiones
2265 5351 2568 5429 Eugeniae,
2605 5349 2860 5448 dicentis
2890 5373 2906 5450 ξ
2945 5351 3065 5453 Res
3095 5357 3184 5408 est
3215 5346 3536 5447 admodum
3570 5348 3679 5408 dif-

281 5436 590 5524 καθίστατόυ
652 5436 1036 5540 παραιδὲσεων,
1099 5467 1365 5536 Δυσχερες
1436 5475 1484 5508 τι
1548 5454 1791 5526 πρᾶγμα,
1841 5445 1936 5501 λε-

2027 5442 2221 5515 liciiis,
2261 5441 2568 5502 mulierem
2604 5438 2823 5500 versari
2856 5437 3030 5499 simul
3085 5456 3219 5498 cum
3258 5436 3419 5512 viris,
3457 5447 3513 5498 et
3547 5447 3678 5500 ten-

365 5645 385 5687 ¹
423 5642 568 5706 Luc.
603 5658 685 5704 ix.
718 5639 820 5700 23.
