4048 6136
447 303 562 372 927
1609 312 1995 376 ADDENDA.
2070 344 2134 357 —-
2193 313 2644 380 NOVEMBER.
3685 313 3779 379 9‘28

453 451 606 524 tare,
637 451 705 506 ut
749 442 879 525 ipsa
907 443 992 506 vir
1040 444 1277 508 videtur
1327 445 1481 507 sicut
1513 446 1623 508 illi.
1675 447 1882 528 Neque
1929 447 2088 510 enim

2188 451 2397 532 γούσης,
2458 464 2687 529 γυναῖκα
2759 448 3134 529 συνδιατρίϐειν
3206 451 3442 529 ἂνδράσι,
3500 451 3586 508 καὶ
3651 449 3783 528 ἄνδρα

455 533 584 596 ﬁeri
633 540 846 611 potest,
880 541 943 595 ut
975 543 1260 614 perpetuo
1315 533 1492 596 lateat
1521 536 1846 600 simulatio.
1888 539 2098 600 Atten-

2188 541 2299 598 rat’
2359 542 2587 605 ἐκείνους
2645 545 2920 620 πειρᾶσθαι
2964 539 3165 598 δοκεῖν·
3203 541 3486 621 ἀμήχανον
3533 542 3630 618 γὰρ
3681 541 3788 620 ἄχρι

455 622 592 684 tiori
638 631 834 684 tamen
867 624 1217 702 cogitatione
1273 625 1396 688 sola
1446 626 1637 686 solum
1697 629 1885 689 Deum
1946 627 2098 690 allo-

458 731 698 795 quens:
761 715 884 776 Tuo
947 723 1111 790 nutu,
1172 715 1432 789 dicebat,
1489 735 1522 776 ο
1592 717 1869 792 Domine,
1919 724 2096 779 vitam

458 802 697 884 suscepi
752 805 1159 885 monasticam,
1216 814 1273 866 et
1330 823 1463 866 eum
1519 807 1620 886 qui
1677 807 1850 884 jussit
1904 809 2099 888 sequi,

457 910 758 972 nunquam
788 901 948 954 retro
979 911 1264 956 conversa
1285 913 1415 956 sum
1451 894 2099 968 secuta.0uamobrem

461 999 535 1041 ne
562 981 806 1062 efﬁcias,
843 992 906 1044 ut
937 1001 1044 1063 ego
1076 1003 1337 1061 unquam
1379 1003 1510 1046 mea
1541 1003 1644 1065 Spe
1673 984 1864 1060 fallar,
1892 1004 2004 1048 nec
2027 985 2099 1048 ab

458 1069 570 1130 hoc
625 1069 782 1130 bono
835 1090 1093 1152 unquam
1155 1073 1462 1154 proposito
1523 1074 1811 1136 excidam.
1871 1076 1988 1137 Sed
2039 1084 2100 1138 tu

460 1176 651 1220 meam
707 1159 1041 1223 defendens
1091 1162 1583 1237 imbecillitatem,
1618 1182 1811 1226 annue
1857 1173 1919 1225 ut
1967 1184 2098 1228 meo

458 1265 639 1328 scopo
669 1249 804 1312 ﬁnis
834 1250 1062 1313 accidat
1093 1252 1324 1313 similis.
1361 1253 1496 1314 Haec
1526 1253 1755 1326 dicens,
1789 1254 2100 1316 videbatur

455 1337 632 1401 etiam
663 1339 866 1403 videre
895 1360 1041 1422 pura
1071 1343 1268 1406 anima
1304 1343 1615 1406 meliorem
1649 1345 1892 1406 exitum.

540 1607 692 1673 VIII.
727 1610 871 1674 Cum
902 1631 967 1672 ea
1001 1630 1140 1690 ergo
1176 1612 1264 1674 sic
1288 1611 1562 1693 haberet,
1590 1612 1644 1674 ei
1676 1613 1851 1674 vitam
1881 1612 2104 1692 ample-

461 1709 722 1763 cteretur
750 1702 1096 1781 spiritalem,
1133 1703 1307 1781 longo
1361 1712 1628 1783 tempore
1659 1704 1938 1782 ignoratae
1969 1708 2106 1763 sunt

2181 629 2366 694 τέλους
2426 630 2696 688 διαλαθεῖν
2766 633 2864 699 τὴν
2922 631 3216 708 ὑπόκρισιν,
3289 631 3477 706 ⁹¹Ομως
3535 652 3792 706 προσεκτι-

2186 720 2390 799 κωτέρα
2447 727 2514 797 τῇ
2590 719 2813 795 διανοίᾳ,
2875 722 3014 796 μόνη
3073 722 3150 794 τῷ
3207 721 3352 796 μόνῳ
3419 727 3538 794 Θεῷ
3585 721 3795 799 itur/'6-

2185 831 2368 884 νουσα,
2439 815 2526 884 Τῷ
2587 817 2665 883 σῷ
2722 811 2964 885 νεύματι,
3032 810 3298 884 Δέσποτα,
3358 808 3534 886 ἔλεγε,
3590 809 3676 866 τὸν
3713 810 3800 866 tri»

2185 902 2441 978 μοναχῶν
2512 898 2860 975 ἓπανῄρημαι
2911 899 3045 974 βίον,
3101 898 3453 966 ἀκολουθῆσαί
3526 919 3584 954 τε
3641 896 3800 954 λελεύο

2185 1010 2333 1044 σαντι
2415 989 2767 1068 ἀμετατρεπτὶ
2851 987 3190 1056 ἠκολούθησα
3224 1005 3237 1020 ⁸
3324 987 3402 1044 διὸ
3499 988 3633 1062 μήτε
3710 993 3800 1044 τῶν

2184 1077 2536 1135 ἐλπισθέντων
2625 1083 2916 1153 ψευσθῆναι
3001 1078 3434 1157 παρασκευάσῃς,
3513 1076 3646 1152 μηδὲ
3719 1078 3801 1141 τῆς

2185 1168 2385 1244 ἀγαθῆς
2457 1168 2652 1234 ταύτης
2724 1165 3034 1245 διαμαρτεῖν
3112 1167 3428 1245 προθέσεως
3519 1165 3656 1222 ἀλλὰ.
3717 1169 3799 1230 τῆς

2184 1256 2320 1330 ἐμῆς
2406 1258 2561 1318 αὐτὸς
2632 1257 3024 1335 προϊστάμενος
3106 1256 3371 1319 ἀσθενείας
3477 1254 3801 1334 κατάγγειλόν

2185 1368 2284 1420 μου
2343 1344 2658 1424 συνδραμεῖν
2717 1353 2792 1421 τῷ
2840 1353 3046 1421 σκοπῷ,
3081 1348 3168 1402 καὶ
3224 1347 3287 1402 τὸ
3329 1344 3481 1408 τέλος
3533 1345 3799 1402 ἐπινευσον.

2184 1445 2410 1492 Τοιαυτα
2483 1435 2710 1514 λέγουσα
2767 1438 2854 1492 καὶ
2910 1439 3033 1514 ὁρᾶν
3091 1435 3260 1492 ἐδόκει
3317 1437 3393 1511 τῷ
3463 1439 3672 1513 καθαρῷ
3722 1439 3800 1499 τῆς

2183 1528 2367 1604 ψυχῆς
2397 1526 2762 1605 χρηστοτέραν
2794 1525 2893 1591 τὴν
2924 1524 3162 1582 ἔκϐασιν.

2266 1613 2354 1678 Η’.
2413 1613 2589 1679 Οὕτως
2647 1617 2734 1670 οὗν
2791 1613 3022 1694 ἐχούσης
3057 1614 3220 1682 αὐτῆς
3285 1616 3371 1670 καὶ
3421 1614 3642 1691 ἀγωγῆς
3671 1613 3802 1668 ἀντε-

2187 1704 2429 1783 χομένης
2490 1704 2849 1780 πνευματικῆς
2923 1703 3008 1760 ἐπὶ
3064 1709 3257 1782 χρόνον
3327 1705 3529 1783 συχνὸν
3588 1703 3649 1759 τὰ
3707 1709 3802 1758 κατ’

458 1809 556 1852 res
585 1794 713 1870 ejus
739 1810 772 1854 a
792 1793 1098 1864 Bassiano.
1130 1792 1360 1853 etiamsi
1393 1811 1510 1854 non
1542 1802 1699 1854 esset
1732 1808 1940 1870 expers
1962 1790 2100 1851 doni

2188 1794 2348 1860 αὐτὴν
2407 1795 2631 1871 ἠγνοῖτο
2691 1798 2954 1866 Βασιανῷ,
3016 1795 3183 1849 καίτοι
3257 1792 3391 1868 μηδὲ
3451 1803 3546 1851 τοῦ
3603 1792 3806 1864 διορατι-

464 1881 862 1958 perspiciendi
900 1900 913 1944 :
952 1900 1089 1943 eum
1123 1891 1316 1943 tamen
1348 1881 1514 1945 latuit
1563 1882 1668 1944 Dei
1700 1880 2009 1961 sapientia,
2045 1889 2102 1940 et

463 1970 651 2044 magis
678 1972 912 2034 arcanis
934 1971 1288 2048 quibusdam
1315 1973 1584 2052 judiciis,
1606 1969 1900 2052 quomodo
1927 1970 2101 2031 etiam

461 2058 721 2122 Eliseum
777 2061 1096 2137 aliquando
1157 2063 1498 2125 Sunamitis.
1563 2061 1711 2124 Sero
1769 2072 1968 2123 autem
2043 2068 2103 2122 et

457 2145 636 2228 longo
668 2160 799 2230 post
831 2161 1098 2232 tempore
1129 2173 1199 2215 ea
1231 2153 1342 2233 ipsi
1377 2152 1600 2215 exstitit
1633 2152 1965 2213 manifesta.
2004 2149 2102 2213 Sic

463 2248 658 2300 autem
693 2241 772 2302 fit.
808 2241 982 2304 Visus
1007 2251 1094 2304 est
1125 2246 1182 2304 in
1219 2243 1445 2304 somnis
1466 2242 1666 2303 videre
1692 2261 1934 2321 magnus
1966 2243 2102 2304 Bas-

460 2328 664 2391 sianus
725 2331 913 2393 virum
974 2331 1188 2396 amictu
1249 2333 1488 2414 quidem
1546 2331 1882 2404 honestum,
1939 2331 2101 2390 vuliu

460 2427 654 2481 autem
710 2421 1016 2494 decorum,
1051 2432 1106 2482 et
1138 2427 1236 2504 qui
1289 2422 1596 2484 videbatur
1626 2439 1758 2482 esse
1787 2419 2098 2500 cujusdam

2184 1892 2277 1940 κοῦ
2330 1887 2660 1963 χαρίσματος
2712 1885 3042 1960 ἆμοιροῠντι.
3108 1881 3393 1940 Ἐλάνθανε
3440 1881 3488 1938 δ’
3544 1882 3630 1938 οὖν
3683 1881 3803 1954 ὅμως

2185 1981 2315 2030 Θεοῦ
2418 1975 2574 2051 σοφίᾳ
2659 1975 2745 2029 καὶ
2832 1973 3267 2050 ἆπο.ῥητοτέροις
3351 1985 3470 2035 τοῖς
3566 1973 3801 2048 κρίμασιν,

2182 2063 2362 2140 ὥσπερ
2395 2065 2482 2119 καὶ
2538 2061 2851 2120 Ἐλισσαῖόν
2896 2085 3023 2118 ποτε
3055 2064 3117 2118 τὸ
3149 2068 3242 2128 τῆς
3277 2058 3652 2137 Σουμανίτιδος
3674 2059 3801 2137 (sic).

2185 2151 2314 2226 Ὀψὲ
2369 2152 2544 2208 δὲκαὶ
2603 2153 2693 2207 σῖδν
2725 2151 2908 2231 χρόνῶ
2965 2159 3151 2226 μακρῷ
3200 2150 3334 2218 δῆλα
3385 2152 3453 2206 τὰ
3517 2151 3631 2227 περὶ
3669 2148 3803 2212 αδτῆς

2183 2244 2324 2315 αὖτῷ
2396 2244 2613 2319 γίνεται·
2655 2243 2853 2318 γίνεται
2910 2240 2962 2295 δὲ
3022 2241 3211 2302 οὕτως.
3278 2239 3462 2304 ’Ἔδοξε
3521 2241 3652 2294 κατὰ
3705 2236 3801 2298 τοὺς

2181 2331 2369 2395 ὕπνους
2423 2335 2544 2408 ὁρᾷν
2589 2333 2616 2388 6
2650 2332 2814 2408 μέγας
2849 2331 3103 2392 Βασιανὸς
3142 2327 3299 2406 ἄνδρα
3333 2329 3558 2402 κόσμιον
3591 2329 3682 2400 μὲν
3724 2325 3802 2390 τὴν

2187 2419 2476 2493 ἀναϐολὴν,
2509 2421 2752 2498 ἐκπρεπῆ
2798 2419 2852 2475 δὲ
2903 2421 2998 2486 τὴν
3053 2418 3201 2493 ὄψιν,
3234 2418 3320 2475 καί
3375 2441 3522 2480 τινος
3571 2414 3801 2491 θειοτέρας

2188 2511 2332 2566 εἶναι
2364 2508 2613 2566 δοκοῦντα
2670 2513 2898 2588 φύσεως,
2945 2509 3033 2564 καὶ
3083 2516 3264 2565 τοῦτον
3309 2509 3418 2573 τρὶς
3473 2507 3629 2563 αὺτὸν
3673 2524 3802 2582 προσσ

2188 2612 2384 2674 ειπεῖν,
2421 2599 2500 2654 ὅτι
2561 2596 2797 2661 Βαϐύλας
2853 2601 2880 2655 6
2939 2601 3192 2677 εὐνοῦχος
3237 2600 3264 2653 6
3319 2600 3424 2653 τῶν
3483 2598 3622 2673 παρὰ
3647 2599 3708 2669 τῇ
3747 2598 3801 2666 σῇ

2188 2690 2390 2766 ποίμνῃ
2434 2689 2690 2765 μοναχῶν
2741 2689 2812 2752 εἰς
2862 2687 2996 2765 γυνὴ
3055 2686 3150 2760 μέν
3221 2686 3360 2742 ἐστιν
3419 2683 3679 2763 ἄντικρυς,
3731 2685 3802 2740 εὺο

461 2519 685 2572 naturae
730 2511 1057 2586 divinioris,
1093 2522 1150 2574 et
1207 2513 1259 2573 ei
1300 2522 1388 2575 ter
1419 2511 1621 2572 dicere
1657 2532 1672 2585 ;
1712 2509 1958 2588 Babylas
1993 2529 2100 2569 eu-

462 2601 714 2675 nuchus,
751 2601 852 2681 qui
901 2610 990 2662 est
1020 2621 1172 2662 unus
1218 2619 1288 2662 ex
1338 2600 1668 2672 monachis,
1702 2599 1804 2678 qui
1855 2609 1992 2658 sunt
2042 2598 2102 2658 in

461 2697 559 2750 tuo
591 2707 788 2768 grege,
823 2697 1022 2768 aperte
1046 2689 1283 2770 quidem
1320 2700 1406 2751 est
1439 2689 1662 2749 femina
1699 2710 1714 2763 ;
1749 2687 1984 2747 simulat
2005 2705 2104 2747 au-

458 2788 577 2839 tem
639 2798 704 2840 se
761 2797 896 2840 esse
955 2779 1318 2856 eunuchum,
1379 2787 1438 2838 ut
1499 2779 1696 2840 lateat.
1761 2776 1928 2839 Sicut
1975 2776 2100 2856 ipse

2189 2781 2383 2858 νοῦχος
2429 2777 2482 2833 δέ
2541 2778 2684 2833 εἶναι
2740 2775 2824 2832 διὰ
2895 2778 2957 2833 τὸ
3016 2775 3196 2832 λαθεῖν
3268 2777 3626 2852 ὑποκρίνεται.
3689 2770 3802 2830 Κατὰ

457 2875 678 2937 autem.
713 2867 962 2930 Aeacius
993 2871 1232 2948 quoque
1275 2867 1540 2948 quidam,
1582 2868 1665 2928 vir
1696 2867 1948 2947 insignis
1996 2867 2100 2928 fuit

2188 2870 2374 2925 ταυτὸν
2416 2867 2469 2924 δέ
2501 2870 2588 2924 καὶ
2633 2865 2884 2930 ’Λκᾶκιὸς
2919 2887 3000 2926 τις
3060 2866 3218 2943 ἀνὴρ,
3267 2863 3352 2920 ἐπ’
3385 2861 3628 2934 εὐλαϐείᾳ
3679 2881 3800 2937 περι·

459 2958 697 3038 pietate,
733 2962 829 3039 qui
864 2957 970 3019 fuit
1001 2959 1172 3019 etiam
1202 2977 1305 3039 pro
1339 2959 1510 3021 tertia
1544 2967 1707 3038 parte
1741 2968 1944 3038 pastor
1976 2978 2100 3019 mo-

2188 2959 2376 3037 φανὴς,
2426 2958 2481 3019 ὃς
2545 2957 2629 3013 καὶ
2691 2956 2783 3024 τῆς
2844 2957 2920 3019 εἰς
2983 2955 3155 3034 τρίτον
3214 2955 3385 3029 μονῆς
3448 2955 3542 3009 τοῦ
3596 2951 3804 3029 θεοφόρου

459 3047 702 3108 nasterii
760 3048 946 3109 divini
978 3048 1266 3124 Abramii,
1303 3050 1574 3110 eamdem
1607 3048 1754 3110 vidit
1785 3048 2098 3110 visionem.

2188 3046 2474 3124 Ἀϐραμίου
2574 3046 2779 3121 ποιμὴν
2860 3044 3146 3122 ἐτύγχανε,
3226 3044 3356 3110 τὴν.
3408 3043 3580 3110 αὒτῆν
3657 3040 3804 3117 ὅρασιν

462 3141 629 3200 Mane
660 3157 802 3216 ergo
835 3157 966 3198 cum
1002 3139 1317 3200 Bassianus
1375 3138 1788 3199 accersivisset
1820 3157 2001 3198 unum
2037 3158 2100 3198 ex

2191 3138 2391 3195 ἐθεᾶτο.
2449 3134 2662 3193 ’Ἒωθὲν
2698 3136 2785 3191 οὖν
2835 3137 2861 3190 6
2895 3135 3152 3194 Βασιανὸς
3203 3133 3688 3208 μεταπεμψάμενος
3734 3124 3803 3182 ἕνα

463 3227 796 3306 monachis,
830 3229 1116 3289 Joannem
1167 3229 1508 3307 quemdam,
1565 3227 1667 3302 qui
1729 3236 1860 3306 post
1906 3227 2100 3306 ipsum

2189 3233 2295 3282 τῶν
2362 3232 2624 3303 μοναχῶν
2683 3223 2935 3290 Ἰωάννην
2982 3223 3102 3278 τινὰ
3131 3223 3188 3284 ὃς
3247 3220 3489 3295 δεύτερος
3521 3218 3632 3296 μετ’
3672 3216 3798 3272 αὐτὸν

459 3324 588 3379 erat
617 3315 871 3378 secudus
901 3316 959 3377 in
995 3317 1379 3391 monasterio,
1405 3315 1665 3377 narravit
1685 3317 1737 3376 ei
1762 3315 1921 3395 quod
1946 3316 2100 3377 vide-

2190 3316 2244 3372 ἐν
2304 3322 2380 3390 τῷ
2435 3315 2661 3388 σεμνείῳ
2704 3315 3008 3391 καθίστατο,
3048 3311 3194 3377 ὅπως
3251 3313 3382 3391 εἶχε
3440 3315 3506 3368 τὸ
3535 3309 3646 3386 ὄναρ
3683 3307 3796 3375 αὐτῷ

458 3418 552 3469 rat
589 3407 646 3468 in
679 3407 924 3468 somnis.
961 3405 1202 3470 interim
1231 3425 1370 3467 vero
1415 3405 1554 3466 dum
1591 3406 1715 3466 haec
1748 3394 2100 3482 disserebat,

2189 3403 2455 3482 διηγεῖτο,
2519 3405 2608 3460 Ἐν
2650 3403 2758 3475 ὅσῳ
2816 3401 2871 3458 δὲ
2907 3400 3172 3479 διελέγετο
3212 3408 3377 3458 ταῦτα
3433 3401 3536 3468 ἧκέ
3591 3420 3664 3462 τις
3693 3394 3795 3472 πρὸς

459 3495 614 3556 venit
643 3493 886 3571 quidam
924 3496 1137 3555 missus
1168 3495 1240 3555 ab
1271 3495 1510 3567 Acacio,
1541 3512 1789 3556 narrans
1819 3494 2100 3556 Bassiano

2189 3493 2438 3552 Ἀκακίου
2495 3493 2772 3572 πεμφθεὶς,
2806 3493 2874 3548 τὰ
2927 3497 3027 3558 τῆς
3070 3491 3248 3566 ὅψεως
3276 3489 3458 3568 ὥσπερ
3495 3489 3557 3548 δὴ
3601 3487 3679 3542 καὶ
3723 3485 3800 3539 αὖ·

458 3604 630 3664 quam
664 3585 792 3666 ipse
822 3583 1051 3645 viderat
1106 3583 1421 3646 visionem.
1455 3583 1622 3644 Tunc
1654 3601 1794 3663 ergo
1855 3602 2100 3662 magnus

2188 3586 2276 3646 τὸς
2338 3581 2481 3640 εἶδεν
2541 3580 2900 3658 ἀπαγγέλλων
2974 3587 3239 3654 Βασιανῷ,
3303 3586 3602 3645 Τηνικαῦτα
3659 3574 3800 3666 τοίνυγ

458 3659 798 3749 Bassianus,
831 3673 1042 3735 volens
1095 3673 1170 3734 de
1203 3674 1310 3735 hac
1357 3691 1423 3735 re
1454 3659 1748 3754 majorem
1779 3672 1892 3734 sibi
1923 3659 2100 3736 ﬁdem

2188 3676 2273 3730 καὶ
2339 3676 2366 3729 ὁ
2422 3673 2587 3750 μέγας
2671 3670 2932 3736 Βασιανός
2990 3669 3210 3727 πλείονα
3264 3670 3438 3725 πίστιν
3504 3666 3684 3725 ἐθέλων
3735 3659 3802 3717 ἐπὶ

462 3763 610 3840 fieri,
638 3763 698 3824 in
751 3781 960 3826 manus
990 3771 1226 3844 sumpto
1281 3781 1449 3824 sacro
1481 3751 1797 3842 Evangelio
1830 3773 1887 3825 et
1920 3763 2100 3843 expli-

2188 3765 2354 3837 τούτῳ
2385 3761 2599 3837 λαϐεῖν,
2643 3764 2705 3818 τὸ
2734 3761 2873 3838 ἱερὸν
2925 3759 3010 3816 ἐπὶ
3040 3772 3234 3840 χεῖρας
3263 3757 3439 3815 λαϐὼν
3496 3751 3801 3850 Εὖαγγὲλιονζ

461 3863 613 3928 cato,
647 3853 708 3914 in
742 3853 847 3916 illa
894 3852 1072 3914 verba
1107 3852 1340 3927 incidit,
1384 3871 1515 3932 quae
1545 3853 1822 3914 dicebant
1855 3871 2100 3931 regnum

2191 3854 2280 3910 καὶ
2337 3850 2658 3930 ἀναπτύξας,
2723 3851 2940 3912 ἐκείνοις
3000 3849 3314 3928 ἐντυγχάνει
3365 3861 3489 3913 τοῖς
3545 3846 3712 3922 λογοις
3763 3846 3804 3892 οἳ

463 3942 743 4003 cmlor-um
796 3960 928 4005 esse
983 3943 1183 4004 simile
1235 3943 1548 4017 fermento,
1585 3943 1740 4023 quod
1799 3952 2100 4022 acceptum

2193 3939 2544 4015 διελάμϐανον
2615 3941 2801 4015 ὁμοίαν
2872 3939 3013 3994 εἶναι
3085 3939 3224 4014 ζύμῃ
3279 3941 3378 4004 τὴν
3437 3944 3542 3993 τῶν
3613 3932 3805 4023 οὔρανιῖλν

461 4033 680 4096 mulier
729 4034 1040 4096 abscondit
1087 4035 1148 4096 in
1206 4035 1409 4096 farina;
1465 4017 1621 4096 satis
1666 4033 1878 4110 tribus,
1917 4017 2100 4094 donec

2193 4031 2485 4108 βασιλείαν,
2520 4030 2586 4098 ἢν
2617 4027 2853 4086 λαϐοῦσα
2898 4027 3029 4106 γυνὴ
3063 4027 3284 4104 ἔκρυψεν
3339 4027 3412 4090 είς
3445 4023 3657 4102 ἀλεύρου
3701 4017 3806 4073 σάτα

459 4131 616 4185 esset
645 4123 1062 4186 fermentatum
1092 4125 1142 4186 ε.

2193 4121 2332 4198 τρία,
2369 4119 2467 4182 ἕως
2498 4118 2740 4193 ἐζυμώθη
2775 4117 2922 4176 ὅλον.

536 4211 630 4276 ΙΧ.
691 4213 835 4276 Cum
865 4215 1060 4295 itaque
1097 4213 1493 4276 intellexisset
1527 4232 1678 4288 eam,
1715 4231 1845 4292 quae
1877 4213 1934 4272 in
1971 4231 2100 4291 pro-

2274 4209 2356 4272 Θ’,
2416 4211 2596 4272 Συνεὶς
2643 4211 2730 4263 οὖν
2763 4209 2862 4274 τὴν
2894 4205 2977 4262 διὰ
3009 4206 3200 4282 βάθους
3221 4204 3559 4281 δηλουμένην
3587 4201 3804 4258 διάνοιαν,

447 4302 636 4366 fundo
668 4291 1777 4382 signiﬁcabatur,intelligentiam,post
1806 4302 1931 4363 haec
1953 4303 2100 4382 apud

2190 4301 2251 4357 τὸ
2306 4300 2440 4375 μετὰ
2464 4305 2630 4354 ταῦτα
2675 4297 2792 4353 καθ’
2838 4297 3022 4353 ἑαυτὸν
3082 4295 3368 4352 ἐσκέπτετο
3411 4302 3530 4357 πῶς
3585 4291 3644 4348 ἂν
3697 4305 3803 4362 μετ’

455 4411 520 4454 se
541 4393 1159 4474 cogitabat,quomodo
1187 4393 1396 4453 dextre
1421 4391 1848 4469 aggrederetur
1869 4391 1926 4452 id
1953 4391 2100 4469 quod

2191 4387 2333 4446 ἔλθοι
2389 4386 2570 4453 δεξιῶς
2631 4389 2692 4442 τὸ
2751 4387 3123 4464 προκείμενον,
3181 4387 3268 4441 καὶ
3320 4384 3398 4460 μὴ
3459 4382 3648 4474 δῆλον-
3681 4383 3802 4434 τοῦτο

456 4489 584 4543 erat
613 4471 1006 4561 propositum,
1042 4491 1099 4542 et
1134 4481 1253 4542 hoc
1280 4479 1478 4540 multis
1513 4498 1629 4540 non
1663 4480 1835 4540 ﬁeret
1865 4481 2100 4542 manife-

2191 4491 2307 4540 τοῖς
2365 4476 2594 4540 πολλοῖς
2653 4476 2899 4554 γένηται.
2957 4474 3354 4530 Μεταχαλεῖται
3383 4473 3558 4530 τοίνυν
3603 4471 3802 4540 τὴνμαν

456 4577 636 4632 stum.
696 4569 962 4631 Accersit
991 4588 1132 4648 ergo
1187 4568 1416 4629 beatam
1455 4568 1638 4644 illam,
1675 4578 1732 4630 et
1763 4587 1895 4630 eam
1946 4580 2100 4632 torve

2191 4567 2362 4645 καρίν,
2434 4567 2523 4623 καὶ
2593 4564 2746 4644 δριμὺ
2795 4564 2961 4640 ταύτῃ
3024 4563 3351 4642 ἐνατενὶσας,
3407 4563 3474 4620 Τέ
3535 4563 3594 4618 τὸ
3658 4573 3800 4650 mgf.

453 4657 772 4740 aspiciens:
804 4657 958 4731 Quid
987 4647 1092 4718 fuit
1122 4675 1346 4734 causae,
1388 4658 1607 4739 inquit,
1643 4678 1676 4720 ο
1710 4659 2100 4740 mulier,quod

2192 4657 2450 4712 σκευασα-θ
2493 4676 2576 4728 σε,
2637 4655 2876 4733 γύναιον,
2940 4652 3064 4732 ἔφη,
3137 4651 3453 4718 τηλικοῦτον
3500 4649 3614 4709 καθ’
3677 4647 3800 4716 ἡμῶν

460 4737 576 4811 tam
635 4747 822 4810 audax
856 4756 1119 4828 coeptum
1176 4749 1234 4808 in
1285 4767 1392 4808 nos
1456 4737 1537 4810 sis
1563 4766 1862 4828 aggressa,
1897 4737 2100 4828 et'qua

2192 4745 2440 4802 ὑπελθεῖν
2495 4745 2778 4820 τόλμημα,
2811 4744 2900 4799 καὶ
2956 4745 3080 4798 κατ’
3136 4739 3280 4798 οὖδὲν
3309 4743 3446 4816 ἡμῖν
3506 4737 3800 4826 προσήιονξα

464 4837 638 4902 nobis
686 4856 804 4899 non
853 4837 1264 4909 conveniebat,
1298 4838 1681 4899 tentationem
1739 4847 1796 4898 et
1827 4838 2100 4918 probrum

2192 4836 2486 4913 πειρασμὸν
2549 4835 2636 4890 καὶ
2681 4831 2881 4895 ὄνειδος
2925 4831 3296 4918 ἐπιτρίψασθαι
3353 4834 3416 4886 τὸ
3466 4829 3640 4918 λαθεῖν
3690 4839 3800 4901 χροο

465 4928 1009 5001 inusseris,tantum
1038 4941 1269 5009 tempus
1293 4928 1537 4989 studens
1563 4915 1892 4990 latere?llla
1915 4938 2100 4988 autem

2195 4948 2283 4981 vov
2341 4924 2593 4981 τοσοῦτον
2623 4919 3040 4988 ἐπιτηδεύσασαν
3077 4939 3092 4995 ;
3141 4919 3204 4976 Ἠ
3259 4917 3338 4993 δὲ,
3371 4922 3432 4976 τὸ
3481 4915 3661 4996 λεχθὲν
3699 4930 3799 4964 συν·

2458 5014 2468 5018 _
2579 5015 2588 5018 _
2704 5015 2715 5018 -
2869 5012 2880 5018 -
3007 5010 3018 5018 .
3201 5007 3241 5018 ..
3469 5014 3491 5018 _
3596 5005 3607 5018 .
3701 4999 3712 5018 ρ

464 5019 523 5080 id
577 5019 734 5100 quod
769 5017 990 5079 dictum
1043 5005 1254 5098 fuerat,
1285 5018 1646 5097 intelligens,
1681 5024 1742 5079 et
1787 5017 2100 5078 formidans

2196 5026 2318 5069 εῖσα
2389 5014 2476 5069 καὶ
2543 5015 2605 5068 τὸ
2663 5012 2923 5088 αὒστηρέιν
3001 5007 3349 5078 ὑποπτήξασα
3425 5014 3527 5064 τῶν
3586 5005 3800 5081 ῥημάτων

463 5097 893 5180 austeritatem,
928 5117 985 5168 et
1035 5127 1167 5188 qua;
1215 5097 1273 5168 in
1326 5109 1453 5188 ejus
1511 5107 1677 5168 vultu
1732 5115 2100 5185 apparuerat,

2195 5105 2326 5181 πρὸς
2377 5101 2432 5158 δὲ
2492 5104 2580 5158 καὶ
2640 5104 2700 5157 τὸ
2751 5101 2870 5174 περὶ
2913 5099 3012 5165 τὴν
3068 5101 3192 5177 δχιν
3251 5097 3500 5177 ἐπιφανὲν
3539 5099 3682 5153 αὖτοῦ
3723 5101 3800 5147 της

463 5196 804 5260 acerbitatis
836 5196 992 5258 nube
1027 5183 1461 5278 obstupefacta,
1490 5205 1551 5258 et
1584 5183 1836 5257 maxime
1881 5196 1952 5257 iis
1981 5214 2100 5273 qua

2194 5192 2406 5270 πικρίας
2468 5192 2618 5270 νέφος
2677 5187 3114 5266 καταπλαγεῖσα,
3155 5185 3386 5260 μάλιστα
3445 5187 3530 5242 καὶ
3570 5183 3660 5248 τὴν
3699 5193 3801 5230 συν⁹

468 5291 614 5348 dicta
639 5299 822 5359 erant,
856 5276 1242 5346 uestimonium
1269 5291 1543 5346 ferentem
1576 5291 1706 5346 habi
1728 5303 1795 5345 ns
1817 5291 2100 5346 cor-scien

2198 5284 2398 5348 είόησιν
2456 5279 2659 5360 ἔχουσα
2722 5285 3083 5357 παρτυρουσαν
3136 5289 3251 5338 τοῖς
3300 5276 3614 5353 εἰρημένοις,
3661 5281 3803 5356 x111:

470 5379 633 5449 tiam,
669 5393 733 5435 se
780 5373 1020 5453 quidem
1081 5374 1274 5434 statim
1315 5372 1476 5432 humi
1531 5373 1873 5453 prosternit,
1928 5382 2100 5436 sanct

2198 5371 2381 5428 ϐάλλει
2444 5371 2543 5443 μὲν
2599 5371 2790 5436 ἑαυτὴν
2880 5368 3022 5429 εὒθὺς
3082 5371 3152 5430 εἷς
3211 5368 3272 5422 τὸ
3329 5365 3534 5444 ἔδαφος,
3590 5365 3682 5416 τῶν
3731 5369 3804 5451 τοί)

470 5481 611 5525 vero
635 5465 817 5543 pedes
841 5461 1418 5542 prehensans,verba
1445 5481 1572 5542 qua:
1601 5463 1847 5524 multum
1873 5463 2100 5540 quidem

2199 5461 2345 5518 ὀσὶου
2395 5459 2449 5516 δὲ
2507 5458 2683 5517 ποδῶν
2745 5455 3112 5532 ἐπιλαϐομένη
3179 5455 3367 5534 λόγους
3424 5453 3554 5511 πολὺ
3614 5453 3698 5524 μὲν
3756 5457 3803 5492 το

552 5649 577 5698 2
605 5647 749 5711 Luc.
785 5665 906 5725 xm,
943 5648 1016 5709 33
1048 5666 1216 5729 seqq.
