4066 6146
323 283 444 346 929

1607 279 1793 348 VITA
1859 284 1918 346 S.
1979 280 2394 344 MATRONKE.

3571 284 3690 353 930

317 419 571 475 ταπεινὸν
598 416 851 496 ἔχοντας,
887 416 1044 492 μόλις
1096 415 1148 472 δὲ
1198 417 1696 497 ὑποφθεγγομένους
1743 419 1980 497 προ’ἱει,.

2069 413 2342 507 lababant
2373 414 2756 490 humilitatis,
2812 416 2905 478 vix
2937 424 3154 507 autem
3211 418 3690 507 proferebantur,

311 511 384 566 Οὐ
445 507 763 585 πειρασμὸν,
811 505 856 560 ὦ
897 503 1152 585 δέσποτα,
1203 504 1459 584 λέγουσα,
1497 506 1796 584 ἐπαγαγεῖν
1827 507 1958 582 βου-

310 593 545 670 λομένη,
606 601 676 672 τῇ
712 596 916 672 ποίμνῃ
976 595 1214 668 ἐμαυτὴν
1281 594 1624 672 ἐγκατέλεξα,
1693 594 1833 651 ἀλλὰ
1873 595 1964 650 τὸν

310 686 420 742 ἀπὸ
478 692 584 742 τῶν
640 685 891 740 ἐναντίων
949 683 1154 760 μᾶλλον
1232 682 1590 764 διαφεύγουσα
1666 684 1962 764 πειράσμὸν

311 776 400 831 καὶ
449 775 548 837 τὰς
605 773 657 830 ἐν
715 781 792 849 τῷ
848 774 946 850 βίῳ
990 779 1167 852 πάγας
1227 774 1563 832 ἐκκλίνουσα.
1597 775 1735 852 Πρὸς
1766 773 1832 839 ἦν
1862 771 1961 828 αὖε

307 867 389 927 θις
424 867 451 920 6
485 872 746 928 Βασιανὸς
777 862 1098 941 ἀπεκρίνατο
1130 883 1144 898 ο
1211 870 1332 927 Πῶς
1379 862 1433 920 δὲ
1498 866 1586 919 καὶ
1644 864 1777 941 γυνὴ
1827 884 1960 938 τυγ-

317 954 557 1033 χάνουσα
621 966 738 1016 τοῖς
788 953 978 1017 θεοίοις
1055 955 1362 1033 μυστηρίοις
1417 951 1594 1032 γυμνῇ
1647 953 1964 1031 προσήρχου

319 1049 392 1119 τῇ
446 1048 674 1122 κεφαλῇ,
722 1044 813 1098 καὶ
863 1045 918 1098 ἐν
977 1047 1054 1118 τῷ
1114 1045 1249 1122 πρὸς
1311 1041 1525 1118 εἰρήνην
1583 1042 1855 1118 ἀσπασμῷ
1904 1041 1964 1096 τὸ

323 1134 492 1207 στόμα
549 1144 668 1195 τοῖς
727 1129 981 1211 ἀδελφοῖς
1041 1131 1208 1196 ἀδεῶς
1261 1133 1542 1212 ὑπεῖχες;
1607 1123 1668 1188 Ἦ
1728 1130 1808 1207 δὲ,
1844 1129 1965 1208 Περὶ

320 1221 420 1296 μὲν
475 1222 542 1278 τὰ
582 1225 702 1278 θεῖα
752 1219 918 1300 δῶρα,
974 1224 1128 1301 φησὶ,
1179 1224 1612 1300 προσποιουμένη
1669 1221 1964 1294 ἀσθένειαν,

319 1314 383 1369 οὗ
420 1309 490 1366 δι’
551 1309 677 1368 ὅλου
734 1312 794 1366 τὸ
852 1313 982 1390 πρὸς
1034 1318 1106 1388 τῇ
1165 1310 1372 1392 διεφαλῇ
1429 1311 1684 1388 κάλυμμα
1715 1311 1965 1382 ἕλκουσα,

322 1399 466 1456 οὕτω
521 1408 590 1475 τῇ
647 1399 948 1476 μεταλήψει
1005 1407 1113 1457 τῶν
1173 1401 1477 1480 μυστηρίων
1537 1401 1965 1480 προσεφερόμηψ

321 1490 388 1546 τὸ
445 1489 501 1546 δὲ
561 1491 656 1558 τῆς
686 1490 903 1568 ἀγάπης
947 1493 1078 1569 πρὸς
1124 1491 1244 1555 τοὺς
1279 1488 1536 1568 ἀδελφοὺς
1577 1488 1846 1564 σύμϐολον
1877 1492 1970 1545 οὖ-

327 1577 515 1655 δαμῶς
574 1581 928 1656 παρῃτούμην
965 1600 978 1615 ’
1028 1579 1144 1639 οὐδὲ
1209 1581 1309 1658 γὰρ
1367 1580 1714 1658 ἀνθρωπίνοις
1763 1580 1972 1655 στόμα-

327 1691 438 1743 σιν,
485 1667 608 1724 ἀλλ’
669 1670 964 1748 ἀνθρώποις
1015 1671 1116 1737 τὴν
1169 1669 1462 1747 ἀγγελικὴν
1521 1669 1770 1741 ζηλοῦσιν
1828 1669 1973 1725 ἀπά-

325 1761 476 1815 θειαν
505 1760 794 1838 προσάγειν
825 1760 1060 1834 ἐμαυτὴν
1084 1757 1481 1835 ὑπελάμϐανον.

415 1849 477 1912 1’,
536 1850 676 1928 Πρὸς
705 1847 759 1904 δὲ
819 1850 919 1917 τὴν
963 1850 1185 1918 συνετὴν
1248 1850 1448 1917 ταύτην
1490 1849 1770 1927 ἀπόκρισιν
1800 1849 1828 1906 6
1858 1857 1969 1905 Βα-

328 1940 514 2001 σιανὸς
545 1937 855 2016 ἐκπλαγεὶς,
917 1941 1016 1997 Καὶ
1071 1937 1157 1996 διὰ
1212 1941 1263 1996 τί
1317 1940 1396 2016 μὴ
1447 1939 1613 2018 ἑτέρῳ
1657 1960 1970 2018 φροντιστηο

329 2039 452 2107 ρεῳ,
500 2029 653 2107 φησὶ,
702 2030 791 2086 καὶ
831 2032 876 2102 ᾦ
933 2027 1162 2107 γῦναιξὶν
1221 2029 1429 2109 ἐφεῖται
1489 2027 1688 2107 διάγειν
1747 2030 1974 2095 σεαυτὴν

514 2118 522 2131 ι
770 2109 782 2129 ε
894 2119 907 2134 ε
1440 2128 1458 2137 δ
1947 2119 1958 2134 \

329 2117 737 2195 ἐγκατελεξας;
788 2125 831 2175 Η
863 2117 942 2174 δε⁶
1002 2121 1189 2199 μικρὸν
1236 2123 1532 2199 ἐπισχουσα
1578 2120 1666 2176 καὶ
1722 2121 1784 2174 τὸ
1838 2117 1974 2174 πολυ

329 2216 428 2265 τοῦ
482 2203 630 2271 δέους
690 2206 1017 2282 ἀποθεμένη,
1091 2205 1194 2263 ἅτε
1265 2211 1353 2264 καὶ
1437 2209 1684 2288 ἀφορμὴν
1740 2205 1975 2264 λαϐοῦσα

335 2294 545 2352 πλείοσι
585 2297 712 2374 πρὸς
745 2295 1037 2375 ἀπολογίαν
1098 2299 1402 2377 χρήσασθαι
1455 2296 1661 2374 λόγοις,
1709 2298 1844 2353 κατὰ
1873 2295 1976 2371 μέ·-

338 2407 430 2464 ρος
460 2385 604 2450 ὅπως
635 2385 764 2465 εἶχε
797 2387 860 2441 τὰ
890 2385 1007 2442 καθ’
1066 2388 1259 2455 ἑαυτὴν
1318 2387 1694 2460 ἐξεκαλυπτεν,
1749 2388 1822 2448 ὡς
1855 2408 1980 2444 συι-

338 2476 529 2553 αςρθείη
587 2477 684 2549 μὲν
727 2478 865 2532 κατὰ
899 2477 1092 2552 νόμους
1126 2475 1266 2556 ἀνδρὶ
1303 2479 1391 2533 καὶ
1435 2484 1562 2553 μιᾶς
1621 2479 1804 2554 μήτηρ
1832 2477 1977 2543 κλη-

341 2566 458 2631 θείη
517 2562 727 2641 παιδὸς,
761 2564 933 2644 διάγοι
966 2568 1018 2622 δὲ
1050 2567 1178 2632 ὅλας
1234 2570 1422 2630 νύκτας
1482 2581 1598 2630 τοῖς
1649 2568 1756 2624 τῶν
1816 2568 1979 2644 ἁγίων

345 2653 714 2730 ἐνδιαιτήμασι
771 2655 1128 2737 διατρίϐουσα,
1187 2661 1275 2714 καὶ
1331 2661 1404 2721 ὡς
1467 2660 1609 2730 παρὰ
1663 2667 1754 2716 τοῦ
1798 2678 1978 2714 συνοι-

345 2754 563 2807 κοῦντος
614 2746 745 2802 ποτὲ
803 2747 901 2811 μὲν
946 2747 1317 2827 ἀπειλοῦντος,
1379 2748 1508 2804 ποτὲ
1553 2746 1608 2803 δὲ
1651 2749 1738 2803 καὶ
1767 2747 1979 2824 π)ηγὰς

2045 504 2262 566 emittit
2283 504 2497 567 dicens
2521 524 2540 563 :
2575 508 2708 568 Non
2741 504 3698 587 tentationem,odomine,volens

2044 594 2290 667 afferre,
2324 612 2417 655 me
2450 593 2628 656 retuli
2690 595 2751 657 in
2819 613 3135 656 numerum
3191 595 3273 657 tui
3323 599 3550 679 gregis,
3589 601 3698 665 sed

2047 683 2439 746 tentationem
2479 683 2680 765 potius
2709 684 2943 763 fugiens
2972 683 3045 746 ab
3082 684 3471 764 adversariis,
3515 699 3575 751 et
3604 689 3697 752 la-

2045 791 2234 853 queos
2261 775 2361 852 qui
2395 782 2533 834 sunt
2561 774 2621 834 in
2671 775 2894 837 mundo
2920 825 2933 849 ,
2968 775 3297 837 declinans.
3339 776 3444 840 Cui
3491 797 3700 842 rursus

2046 862 2362 942 respondit
2386 862 2732 927 Bassianus:
2757 864 3065 938 Quomodo
3083 873 3451 941 autem,cum
3470 869 3553 930 sis
3574 889 3702 933 mu-

2048 951 2184 1032 lier,
2216 953 2289 1013 ad
2323 953 2522 1014 divina
2553 961 2924 1016 sacramenta
2941 954 3248 1016 accessisti
3287 957 3448 1019 nudo
3479 961 3694 1040 capite,

2051 1049 2110 1102 et
2134 1041 2194 1102 in
2221 1043 2384 1122 pacis
2416 1043 2774 1105 salutatione
2809 1062 2875 1104 os
2931 1053 3097 1105 tuum
3132 1062 3347 1107 secure
3377 1047 3703 1112 exhibuisti

2048 1127 2336 1190 fratribus
2359 1128 2383 1192 ἵ
2405 1130 2514 1192 Illa
2533 1149 2671 1192 vero
2699 1152 2711 1194 :
2738 1130 2905 1204 Quod
2944 1131 3016 1193 ad
3043 1133 3242 1195 divina
3270 1135 3514 1215 quidem
3543 1139 3702 1200 dona

2050 1217 2283 1293 attinet,
2307 1219 2521 1301 inquit,
2546 1220 2839 1282 simulans
2867 1219 3374 1306 imbecillitatem,
3416 1245 3534 1288 non
3565 1246 3699 1289 om-

2053 1307 2196 1368 nino
2227 1307 2511 1370 aufereus
2549 1317 2809 1386 tegmen,
2846 1310 3002 1389 quod
3030 1320 3156 1371 erat
3182 1311 3242 1371 in
3275 1312 3491 1394 capite,
3517 1313 3596 1376 ita
3627 1314 3701 1375 ad

2054 1405 2563 1459 sacramentorum
2588 1397 2948 1460 accedebam
2973 1401 3484 1464 communionem:
3507 1404 3704 1465 chari-

2057 1487 2192 1546 tatis
2211 1497 2408 1548 autem
2437 1488 2593 1567 apud
2619 1488 2832 1548 fratres
2865 1488 3100 1566 signum
3128 1508 3432 1571 nunquam
3452 1510 3699 1555 recusa-

2057 1575 2216 1638 barr.
2252 1576 2456 1657 Neque
2489 1579 2649 1638 enim
2679 1578 2988 1638 hominum
3011 1578 3290 1654 vultibus,
3315 1581 3420 1642 sed
3442 1582 3704 1644 homini.

2058 1667 2167 1728 bus
2195 1668 2520 1743 angelicam
2571 1667 2946 1730 imitantibus
2995 1669 3520 1750 impatibilitatem,
3555 1673 3704 1735 mei-

1994 1780 2036 1834 Β
2060 1775 2225 1837 psam
2259 1758 2475 1820 offerre
2505 1757 2941 1819 existimabam.

2136 1845 2206 1907 X.
2243 1845 2592 1929 Sapientem
2621 1858 2820 1910 autem
2871 1848 3326 1928 responsionem
3373 1851 3707 1915 admiratus

2058 1943 2412 2000 Bassianus:
2442 1941 2512 1999 Et
2543 1956 2644 1998 cur
2668 1956 2808 2008 non,
2833 1941 3039 2014 inquit,
3060 1943 3116 2000 in
3147 1944 3452 2012 alterum,o
3474 1947 3704 2014 mulier,

2057 2037 2114 2089 te
2137 2026 2441 2088 contulisti
2467 2027 2924 2100 monasterium,
2959 2035 3018 2087 et
3038 2027 3099 2087 in
3122 2027 3283 2107 quod
3305 2027 3444 2089 licet
3474 2030 3707 2110 ingredi

2060 2115 2450 2177 mulieribus?
2474 2114 2577 2176 Illa
2601 2125 2796 2177 autem
2823 2135 2956 2177 cum
2981 2134 3046 2177 se
3069 2134 3276 2195 parum
3301 2119 3702 2197 sustinuisset,

2060 2215 2116 2268 et
2145 2213 2416 2268 timorem
2443 2205 2900 2280 excussisset,ut
2921 2225 3055 2286 quae
3077 2207 3409 2287 accepisset
3429 2209 3706 2271 occasio-

2060 2314 2198 2357 nem
2221 2295 2430 2356 utendi
2464 2294 2737 2374 pluribus
2764 2293 2970 2356 verbis
2989 2296 3060 2356 ad
3085 2296 3524 2380 defensionem,
3558 2319 3706 2380 quo-

2064 2385 2242 2446 modo
2271 2402 2369 2445 res
2401 2386 2538 2464 ejus
2569 2403 2634 2446 se
2658 2381 2972 2458 haberent,
2997 2384 3344 2463 singulatim
3378 2390 3653 2468 exposuit
3688 2408 3701 2452 :

2060 2475 2218 2556 quod
2237 2475 2444 2535 marito
2468 2474 2708 2554 quidem
2730 2473 2937 2535 fuisset
2955 2474 3222 2552 legitimo
3242 2477 3565 2554 conjuncta
3588 2497 3707 2540 ma-

2063 2564 2368 2642 trimonio,
2409 2572 2466 2624 et
2494 2571 2695 2625 vocata
2726 2571 2886 2625 esset
2915 2573 3106 2625 mater
3136 2564 3312 2626 unius
3346 2565 3481 2628 filia:
3509 2589 3524 2645 ;
3558 2576 3708 2630 totas

2064 2665 2259 2716 autem
2295 2662 2499 2715 noctes
2542 2661 2881 2715 versaretur
2932 2653 2993 2714 in
3051 2665 3395 2716 sanctorum
3427 2657 3704 2734 cmtibus,

2068 2753 2126 2806 et
2155 2743 2312 2823 quod
2343 2743 2414 2804 ab
2448 2762 2517 2805 eo
2549 2743 2651 2824 qui
2680 2761 2816 2804 cum
2847 2762 2919 2806 ea
2960 2743 3358 2819 cohabitabat,
3390 2746 3709 2827 aliquando

343 2834 693 2915 ἐντείνοντος,
730 2844 825 2908 τῆς
878 2838 1129 2904 τοιαύτης
1161 2837 1475 2917 ἐπισχεθείη
1509 2839 1680 2912 ὃρμῆς
1729 2839 1818 2894 καὶ
1847 2857 1980 2913 προ-

2071 2834 2309 2914 quidem
2344 2833 2626 2905 minante,
2662 2833 2983 2913 aliquando
3013 2843 3209 2894 autem
3240 2835 3443 2914 plagas
3469 2842 3711 2917 quoque

345 2923 560 2999 θέσεως,
622 2927 712 2982 καὶ
787 2929 859 2990 ὡς
931 2930 1121 2997 ζητοίη
1183 2930 1301 2983 τινὰ
1368 2929 1682 3007 προφάσεως
1728 2926 1980 3006 μηχανὴν

2069 2921 2729 2999 intentante,retardata
2753 2922 2964 2983 fuisset
2985 2921 3056 2982 ab
3078 2939 3149 2984 eo
3174 2923 3478 2986 desiderio
3501 2933 3558 2986 et
3581 2943 3713 3006 pro-

347 3012 464 3080 ἥτις
512 3016 722 3071 καὶτὸν
766 3014 925 3094 ἄνδρα
969 3019 1356 3096 παρασκευάσει
1415 3017 1597 3074 λαθεῖν
1654 3019 1741 3073 καὶ
1793 3016 1980 3083 ἑαυτὴν

2073 3014 2281 3094 posito,
2313 3013 2552 3094 etquod
2583 3013 2952 3092 quaesivisset
2981 3011 3241 3092 aliquam
3273 3021 3714 3097 rationem,qua

351 3102 416 3157 τὰ
447 3105 575 3160 κατὰ
605 3104 827 3182 γνώμην
860 3105 1063 3167 τελεῖν.
1113 3109 1332 3171 Τούτοις
1364 3107 1574 3184 ἐπεξῄει
1606 3108 1692 3162 καὶ
1739 3107 1836 3173 τὴν
1887 3110 1980 3174 τῆς

2074 3113 2272 3182 posset
2303 3103 2488 3165 latere
2519 3108 2821 3177 maritum,
2858 3111 2918 3163 et
2947 3121 3015 3163 se
3043 3121 3114 3164 ex
3160 3120 3269 3163 sua
3315 3122 3532 3184 gerere
3564 3124 3710 3167 sen-

354 3190 537 3258 παιδὸς
593 3196 724 3272 πρὸς
784 3197 884 3263 τὴν
953 3196 1238 3254 Σωσανναν
1293 3198 1625 3276 ἐγχείρησιν,
1671 3197 1761 3253 καὶ
1832 3194 1980 3260 τέλος

2069 3193 2277 3257 tentia.
2312 3195 2450 3256 Post
2490 3193 2616 3254 haec
2668 3191 3162 3272 prosequebatur,
3199 3194 3497 3272 quomodo
3532 3195 3710 3257 filiam

349 3279 517 3362 ἐπῆγε
576 3285 673 3351 τὴν
730 3288 868 3342 κατὰ
924 3290 1045 3349 τοὺς
1101 3286 1294 3352 ὕπνους
1350 3287 1472 3343 θέαν
1501 3289 1575 3350 ὡς
1606 3286 1867 3366 φεύγουσα
1896 3289 1986 3342 τὸν

349 3369 512 3450 ἄνδρα
541 3376 878 3449 μοναζόντων
909 3375 1078 3432 ἐδόκει
1135 3381 1521 3454 περισεσῶσθαι
1568 3377 1776 3457 χερσὶν,
1823 3374 1851 3430 ὅ
1899 3378 1985 3432 καὶ

352 3474 573 3519 συνεῖσα
630 3465 704 3528 εἷς
754 3463 873 3520 τόδε
926 3467 987 3521 τὸ
1045 3472 1242 3547 σχῆμα
1295 3468 1632 3544 μετήμειψεν
1662 3466 1856 3532 ἑαυτὴν
1899 3467 1986 3522 καὶ

356 3551 518 3619 αὐτὴν
571 3555 668 3620 τὴν
712 3554 1072 3634 προσηγορίαν
1124 3555 1516 3632 μεταϐαλοῦσα.
1553 3557 1760 3614 Τούτων
1806 3558 1834 3612 6
1879 3564 1988 3612 Βα-

357 3642 534 3706 σιανὸς
566 3642 820 3714 ἀκούσας,
876 3647 963 3701 καὶ
1009 3646 1067 3700 τὸ
1122 3648 1234 3724 περὶ
1278 3645 1482 3702 σύνέσιν
1527 3645 1689 3710 αὐτῆς
1750 3644 1990 3706 ἐκτόπως

353 3728 440 3796 ὀξὺ
499 3731 552 3789 ἐν
609 3734 836 3809 θαύματι
891 3737 1280 3810 ποιησάμενος,
1331 3737 1417 3792 καὶ
1472 3735 1532 3791 τὸ
1592 3739 1691 3801 τῆς
1738 3733 1992 3812 προαιρέ-

357 3843 494 3887 σεως
547 3822 839 3882 ἀπόδεκτον
869 3824 1249 3904 λογισάμενος,
1282 3827 1327 3882 εἰ
1369 3827 1501 3904 πρὸς
1532 3827 1593 3880 τὸ
1622 3822 1810 3880 λοιπὸν
1843 3824 1992 3902 αἱρέ-

351 3912 441 3976 τδς
501 3913 529 3968 6
582 3920 689 3970 τῶν
743 3922 998 3995 μοναχῶν
1052 3917 1162 3992 βίος
1208 3915 1342 3992 αὒτῇ
1383 3914 1720 3972 ἐπυνθάνετο.
1761 3919 1869 3981 Τῆς
1910 3911 1988 3994 δὲ,

355 4003 460 4060 Καὶ
507 4000 646 4083 λίαν,
708 4006 984 4086 εἰπούσης,
1031 4005 1117 4062 διὰ
1172 4007 1272 4084 γὰρ
1340 4013 1494 4062 τοῦτο
1550 4005 1750 4080 κὸσμον
1804 4025 1860 4059 τε
1902 4007 1992 4062 καὶ

357 4097 462 4147 τῶν
505 4099 598 4148 τοῦ
647 4094 852 4170 κόσμου
909 4097 1149 4174 γενέσθαι
1210 4097 1442 4176 μακρὰν,
1502 4095 1715 4174 Θάρσει,
1779 4094 1988 4172 τέκνον,

352 4184 474 4260 περὶ
520 4189 613 4239 τοῦ
670 4183 982 4260 μέλλοντος,
1030 4189 1056 4243 6
1117 4189 1373 4249 Βασιανὸς
1423 4185 1806 4264 ἀπεφθέγγετο,
1867 4207 1994 4241 νου-

347 4273 580 4342 θετήσας
637 4296 694 4329 τε
746 4273 846 4332 ὅσα
875 4277 1133 4333 συνοίσειν
1170 4277 1451 4352 ἧπίστατο,
1483 4278 1554 4334 Τὸ
1597 4275 1810 4350 λοιπὸν,
1842 4276 1990 4352 εἶπε,

351 4361 559 4442 τέκνον,
611 4362 858 4442 ἀναίδημα
905 4370 1205 4446 περιθέσθαι
1259 4389 1316 4423 σε
1375 4371 1443 4442 τῇ
1501 4364 1709 4442 κεφαλῇ
1765 4363 1849 4422 διὰ
1901 4367 1993 4422 τὸν

2071 3283 2416 3346 tradidisset
2443 3286 2826 3360 Sosannae,et
2847 3281 3093 3344 tandem
3120 3282 3319 3344 intulit
3339 3302 3467 3346 eam
3490 3303 3623 3367 quae
3651 3287 3714 3348 in

2070 3375 2297 3434 somnis
2325 3371 3116 3454 apparuit,visionem,quod
3143 3372 3374 3451 fugiens
3408 3377 3709 3457 maritum,

2071 3463 2378 3525 videbatur
2410 3464 2592 3524 fuisse
2649 3470 2880 3524 servata
2926 3461 3204 3524 manibus
3255 3465 3710 3531 monachorum.

2072 3552 2236 3624 Quod
2270 3553 2512 3633 quidem
2542 3551 3175 3632 intelligens,seipsam
3201 3553 3444 3615 mutavit
3464 3555 3523 3615 in
3556 3555 3715 3617 hunc

2073 3643 2361 3716 habitum,
2398 3643 2526 3722 ipso
2575 3659 2812 3722 quoque
2845 3649 3070 3702 mutato
3104 3640 3371 3704 nomine.
3408 3643 3547 3705 Haec
3578 3663 3713 3706 cum

2072 3731 2356 3794 audiisset
2385 3732 2726 3805 Bassianus,
2760 3742 2820 3791 et
2849 3748 2990 3792 acre
3025 3731 3155 3810 ejus
3186 3731 3496 3810 ingenium
3543 3734 3716 3796 valde

2073 3830 2229 3884 esset
2258 3820 2581 3882 admiratus
2615 3831 2673 3881 et
2701 3820 3145 3882 considerasset
3185 3823 3551 3902 prepositum
3585 3824 3718 3903 ejus

2071 3910 2532 3986 admittendum,
2565 3909 2813 3986 rogavit,
2840 3928 2914 3971 an
2971 3909 3046 3970 de
3077 3917 3290 3970 caetero
3323 3919 3481 3973 esset
3512 3913 3567 3974 ei
3597 3915 3716 3976 vita

2077 4000 2353 4081 eligenda
2377 3999 2883 4062 monastica.Cum
2905 4017 2974 4061 ea
2999 4007 3194 4062 autem
3214 3999 3464 4064 dixisset
3489 4023 3502 4066 :
3525 4004 3714 4065 Maxi-

2076 4109 2197 4171 me,
2233 4097 2549 4171 propterea
2578 4087 2739 4149 enim
2772 4107 2836 4150 se
2867 4107 2900 4149 a
2933 4088 3178 4164 mundo,
3213 4097 3271 4150 et
3312 4089 3385 4152 iis
3415 4110 3548 4171 qua;
3577 4102 3717 4156 sunt

2078 4178 2640 4260 mundi,recessisse
2666 4196 2679 4240 :
2708 4181 2792 4241 De
2818 4184 3034 4238 caetero
3058 4179 3316 4260 confide,
3353 4199 3385 4241 ο
3417 4181 3718 4256 filia,dixit

2076 4270 2420 4333 Bassianus.
2455 4267 2523 4330 Et
2539 4287 2674 4330 cum
2695 4286 2765 4330 ea
2787 4268 3055 4329 dedisset
3081 4268 3468 4350 monita,quae
3493 4270 3718 4334 sciebat

2077 4361 2131 4422 ei
2163 4377 2298 4422 esse
2327 4359 2636 4437 profutura
2663 4376 2676 4420 :
2702 4357 2788 4420 De
2814 4365 3052 4433 caetero,
3078 4357 3294 4438 inquit,
3324 4379 3357 4420 ο
3392 4360 3718 4442 filia,opor-

356 4452 452 4520 τῆς
511 4452 718 4534 φύσεως
777 4456 942 4532 νόμον
1003 4458 1287 4537 προσήκει,
1352 4455 1668 4532 προσμένειν
1709 4477 1767 4512 τε
1826 4455 1980 4519 οὕτως

2077 4457 2158 4513 tet
2190 4461 2246 4513 te
2275 4451 2613 4549 vittamtuo
2644 4448 2822 4529 capiti
2876 4449 3189 4529 imponere
3247 4459 3495 4549 propter
3525 4451 3716 4532 legem

386 4541 440 4564 9κ
515 4543 526 4564 Ι
824 4544 850 4564 Μ
1177 4547 1188 4564 1
1417 4549 1432 4570 κ
1525 4550 1540 4571 9
1738 4546 1749 4559 ⁸
1966 4546 1980 4564 ‘

355 4553 594 4598 ευοοκιαν
651 4545 748 4613 τὴν
820 4549 1043 4622 ανωθεν,
1100 4569 1192 4603 και
1229 4546 1309 4604 δτι
1345 4569 1435 4604 και
1485 4547 1641 4610 αυτὸς
1701 4567 1764 4603 τα
1803 4543 1980 4603 δυνατο

2080 4550 2330 4617 naturae,
2367 4548 2431 4601 et
2459 4538 2546 4600 sic
2575 4556 2897 4619 supernam
2923 4546 3269 4619 exspectare
3299 4542 3667 4604 vocationem
3704 4565 3720 4617 ;

357 4633 714 4712 συμπράττειν
745 4635 805 4692 ού
835 4637 1175 4717 περιόψεται,

443 4816 560 4880 IA'.
607 4815 759 4874 Οὕτω
815 4815 869 4873 δὲ
924 4825 1215 4886 τηνικαῦτα
1266 4817 1471 4877 ἐκεῖθεν
1515 4818 1868 4886 διαναστάσης
1908 4819 1997 4874 αὖ-

359 4912 486 4984 τῆς,
547 4909 574 4963 ὁ
626 4907 799 4964 πάντα
842 4908 972 4986 πρὸς
1016 4908 1078 4965 τὰ
1140 4917 1404 4989 συμφέρον
1461 4911 1753 4986 οἰκονομῶν
1813 4909 1996 4986 Κύριος

307 5001 312 5007 ’
360 4997 449 5052 καὶ
503 4995 599 5066 την
657 5001 755 5064 τῆς
805 4998 1102 5078 Ματρώνης
1149 4997 1312 5056 παῖδα
1355 5006 1444 5056 τοῦ
1489 5000 1603 5075 βίου
1635 4999 1878 5075 μεθίστη,
1913 4999 1999 5055 καὶ

360 5088 436 5150 εἷς
496 5087 682 5144 ἑαυτὸν
736 5085 1196 5167 προσελάμϐανεν,
1242 5088 1334 5145 ἵνα
1379 5089 1457 5156 μὴ
1489 5093 1566 5162 τῷ
1622 5093 1843 5167 πονηρῷ
1901 5089 1997 5165 γέ-

363 5198 511 5234 νοιτο
565 5176 684 5234 κατ’
720 5177 884 5246 αὐτῆς
913 5179 1154 5260 ἀφορμὴ,
1188 5181 1276 5236 καὶ
1307 5181 1377 5243 ὡς
1422 5177 1526 5247 ἤδη
1579 5176 1998 5257 διαγνωσθεῖσαν

358 5267 440 5324 ὅτι
474 5269 606 5346 γυνὴ
638 5269 730 5338 ἦν,
776 5274 844 5347 τῇ
890 5269 1150 5349 προφάσει
1193 5275 1292 5338 τῆς
1334 5271 1454 5347 περὶ
1496 5269 1594 5337 τὴν
1629 5267 1791 5329 παῖδα
1834 5277 1995 5349 φρόν-

355 5353 517 5431 τίδος,
576 5356 684 5414 ἀπὸ
738 5363 836 5425 τῆς
881 5359 1145 5438 θειοτέρας
1204 5357 1367 5425 αὐτὴν
1427 5359 1651 5437 κὰτάγοι
1710 5359 1996 5437 μερίμνης,

356 5447 445 5504 καὶ
503 5452 574 5523 τῇ
623 5444 826 5519 διανοίᾳ
871 5449 1070 5515 ταύτης
1126 5448 1415 5527 λογισμοὺς
1463 5447 1713 5525 ἐνσπείρῃ
1743 5449 1863 5513 τοὺς
1909 5471 1998 5505 κο-

355 5537 609 5612 σμικούς.
643 5534 803 5594 ’Ὅθεν
847 5539 906 5594 οὒ
936 5537 1149 5613 πένθος,
1181 5537 1302 5596 ἀλλ’
1332 5537 1529 5606 ἡδονὴν
1558 5537 1645 5595 ἐπὶ
1693 5545 1770 5613 τῷ
1817 5538 1998 5618 πράγ-

354 5629 490 5709 μάτι
520 5625 952 5712 προσελάμϐανε,
1006 5630 1068 5686 τὸ
1118 5629 1357 5710 πραχθὲν
1404 5633 1498 5692 οὒκ
1544 5627 1823 5700 ἀποϐολὴν
1851 5632 1997 5688 τιθε-

2086 4651 2199 4696 nec
2228 4649 2294 4691 se
2325 4647 2395 4692 ea
2416 4628 2561 4690 dixit
2597 4627 3037 4708 neglecturum,
3074 4646 3206 4709 quae
3231 4630 3304 4693 ad
3335 4649 3512 4713 opem
3538 4632 3592 4695 ei
3625 4632 3718 4695 fe-

2081 4720 2330 4787 rendam
2362 4717 2684 4798 pertinent.

2161 4809 2259 4873 ΧΙ.
2299 4808 2443 4870 Cum
2470 4807 2596 4887 ipsa
2618 4807 2705 4868 sic
2736 4815 2874 4867 tunc
2908 4806 3070 4869 illinc
3101 4807 3476 4886 recessisset,
3513 4811 3720 4875 Domi-

2082 4923 2220 4977 nus,
2251 4899 2352 4981 qui
2383 4896 2586 4958 omnia
2614 4896 2920 4976 dispensat
2976 4895 3051 4956 ad
3082 4896 3143 4957 id
3185 4897 3343 4978 quod
3405 4907 3495 4961 est
3550 4902 3720 4980 utile,

2083 4993 2267 5055 filiam
2292 4991 2572 5050 Matrona;
2597 4986 2740 5047 fecit
2764 5004 2798 5046 e
2820 4986 2934 5046 vita
2955 4985 3271 5061 excedere,
3306 4993 3366 5047 et
3406 4988 3478 5050 ad
3530 5007 3594 5051 se
3625 5009 3720 5053 as-

2081 5079 2445 5162 sumpsit,ne
2468 5075 2753 5137 adversus
2773 5077 2962 5154 ipsam
2989 5082 3147 5136 esset
3167 5075 3428 5154 maligno
3457 5079 3718 5161 occasio,

2082 5180 2142 5236 et
2171 5190 2246 5233 ne
2279 5186 2409 5231 eam
2451 5184 2628 5247 quam
2670 5164 2794 5244 jam
2825 5163 3125 5241 cognitum
3154 5172 3314 5225 esset
3341 5183 3477 5228 esse
3506 5168 3724 5232 mulie-

2082 5280 2231 5334 rem,
2259 5266 2544 5340 praatextu
2572 5273 2731 5317 curae
2751 5254 3030 5332 gerendae
3068 5253 3144 5315 de
3175 5252 3318 5335 filia,
3351 5272 3386 5316 a
3427 5255 3723 5323 diviniora

2084 5351 2414 5414 deduceret
2438 5345 2866 5422 sollicitudine,
2900 5352 2959 5406 et
2986 5342 3049 5405 in
3087 5343 3218 5423 ejus
3247 5343 3449 5406 animo
3470 5348 3724 5411 munda-

2083 5461 2191 5506 nas
2219 5443 2513 5502 insereret
2540 5437 2950 5516 cogitationes.
2976 5430 3380 5506 Quamobrem
3415 5453 3533 5498 non
3555 5437 3725 5501 dolo-

2077 5551 2235 5609 rem,
2279 5530 2385 5592 sed
2425 5527 2793 5609 voluptatem
2840 5543 2909 5586 ex
2942 5541 3012 5586 ea
3041 5541 3107 5586 re
3139 5523 3369 5606 accepit
3404 5545 3418 5592 :
3452 5529 3611 5608 quod
3641 5529 3751 5592 fa-'

2082 5633 2241 5690 ctum
2265 5628 2546 5703 erat,non
2571 5635 2706 5682 esse
2727 5622 2992 5683 statuens
3015 5613 3151 5678 ﬁliae
3172 5616 3583 5694 amissionem,
3616 5619 3722 5683 sed
