4066 6146
443 255 550 325 931

1610 256 1996 327 ADDENDA.
2053 293 2134 309 —-
2197 261 2634 327 NOVEMBEB.

443 413 478 455 a
499 393 660 455 curis
681 393 755 456 de
772 413 841 455 ea
865 395 1158 474 susceptis
1191 393 1630 471 liberationem,
1653 406 1712 456 et
1739 413 1942 457 earum
1976 396 2079 457 de-

2173 403 2308 476 μὲνη
2369 395 2556 461 παιδὸς
2585 445 2599 476 ,

3674 253 3774 325 932

2687 395 2823 452 ἀλλά
2901 403 3007 451 τῶν
3092 397 3210 474 περὶ
3263 397 3458 463 ταύτην
3515 396 3776 476 φροντίδων

446 483 830 564 positionem.
857 483 989 564 Ipsa
1017 503 1156 563 ergo
1180 485 1399 546 latebat
1429 485 1584 566 apud
1615 486 1966 556 Sosannam,
1992 493 2079 545 aut

2173 490 2490 565 ἀπαλλαγὴν
2547 489 2636 542 καὶ
2704 486 2973 546 ἀπόθεσιν.
3049 485 3374 562 Ἐκρύπτετο
3441 487 3606 540 τοίνυν
3660 485 3775 554 αὕτη

443 571 602 633 Deus
636 573 830 652 potius
860 590 989 633 eam
1043 575 1314 634 servabat
1363 592 1467 654 per
1515 577 1874 637 Sosannam.
1911 576 2089 635 Fama

441 671 745 741 autem,ea
769 681 900 742 quas
919 661 991 722 ab
1016 663 1143 741 ipsa
1164 663 1315 724 facta
1367 672 1558 738 erant,
1591 664 1812 744 ubique
1844 681 2082 725 annun-

442 750 654 831 tiabat,
687 759 746 811 et
773 752 866 811 hic
891 760 1059 810 actus
1082 751 1152 812 ad
1180 770 1356 814 aures
1375 753 1640 814 omnium
1670 751 2081 832 permanebat.

444 837 572 910 Quo
603 840 821 899 factum
857 847 965 913 est,
1002 848 1065 899 ut
1096 841 1345 902 maritus
1377 843 1506 920 ejus
1530 841 1902 903 Domitianus
1935 859 2086 920 pau-

443 927 605 988 latim
629 945 848 988 venans
885 927 1218 1004 veritatem,
1249 940 1309 990 ut
1337 932 1434 1011 qui
1467 951 1581 992 non
1607 943 1902 991 cessasset
1937 949 2084 991 uxo-

440 1034 566 1077 rem
587 1033 752 1076 suam
779 1017 1159 1095 investigare,
1184 1028 1498 1100 postquam
1523 1021 1752 1100 reliqua
1775 1019 1922 1080 obiit
1954 1037 2088 1079 mo-

441 1105 721 1178 nasteria,
755 1105 826 1165 ad
864 1106 1008 1166 illud
1042 1127 1286 1188 quoque
1318 1109 1496 1184 venit,
1534 1110 1592 1169 in
1626 1129 1741 1189 quo
1777 1109 1946 1171 beata
1976 1109 2086 1168 fuit

442 1205 689 1268 versata,
721 1195 1006 1274 quasdam
1060 1215 1178 1257 non
1212 1214 1526 1277 expressas
1550 1206 1606 1258 et
1637 1199 1951 1258 indecoras
1986 1215 2084 1257 vo-

439 1302 541 1344 ces
566 1300 686 1363 pm
716 1285 803 1343 ira
832 1283 1135 1360 emittens,
1173 1288 1514 1366 importune
1565 1287 1723 1348 fores
1757 1288 2000 1365 pulsans
2031 1294 2087 1346 et

438 1373 752 1444 insultans,
803 1373 1111 1434 dicendo:
1175 1373 1456 1446 Quasnam
1519 1386 1606 1436 est
1665 1394 1733 1436 ea
1764 1377 1872 1452 vis,
1909 1393 2084 1455 quam

441 1461 587 1522 mihi
610 1461 890 1522 attulistis
917 1461 940 1522 Τ
972 1462 1257 1534 Quanam
1295 1472 1386 1524 est
1419 1466 1542 1525 haec
1576 1483 1788 1543 magna
1820 1465 2084 1543 injuria?

438 1548 690 1611 Pulchra
713 1561 940 1631 certe,o
963 1553 1260 1626 monachi,
1293 1554 1543 1632 pulchra
1565 1563 1702 1614 sunt
1732 1553 2082 1628 admodum,

439 1657 574 1716 quae
597 1659 630 1700 ει
657 1638 825 1700 vobis
854 1641 1006 1700 facta
1033 1649 1193 1702 sunt.
1231 1643 1347 1702 Cur
1372 1661 1499 1717 eos,
1536 1641 1637 1722 qui
1669 1651 1808 1703 sunt
1836 1641 2085 1720 pulchre

439 1729 767 1808 conjuncti,
801 1745 903 1792 vos
958 1731 1111 1790 male
1167 1731 1344 1791 vultis
1395 1730 1710 1793 dividere?
1763 1730 1910 1792 Date
1942 1730 2084 1791 mihi

440 1836 632 1878 meam
655 1817 785 1878 vitae
807 1818 1055 1878 sociam.
1093 1821 1240 1880 Date
1277 1837 1433 1895 eam,
1468 1837 1605 1897 quae
1635 1827 1725 1880 est
1748 1819 1899 1880 mihi
1933 1837 2080 1880 con-

433 1909 643 1986 juncta
668 1905 924 1983 legibus.

520 1993 652 2058 Xll.
684 1994 822 2056 Haec
846 2004 904 2056 et
926 1994 998 2055 iis
1021 1997 1212 2076 plura,
1243 1997 1548 2059 desiderio
1579 1998 1764 2058 victus
1813 2005 1872 2058 et
1901 1996 2084 2058 animi

439 2084 814 2163 aegritudine,
848 2103 993 2146 voce
1022 2085 1358 2167 interrupta
1387 2105 1421 2147 a
1453 2088 1682 2167 dolore,
1710 2086 2080 2148 exclamavit.

439 2176 682 2236 Audivit
711 2182 909 2236 autem
933 2173 1006 2235 ab
1029 2175 1175 2255 ipsis
1206 2197 1218 2234 :
1249 2177 1369 2238 Nos
1390 2194 1638 2237 uxorem
1665 2176 1901 2254 quidem
1925 2185 2082 2239 tuam

442 2283 562 2324 non
593 2264 938 2344 accepimus
968 2264 1195 2344 (neque
1225 2265 1386 2326 enim
1434 2267 1523 2326 fas
1557 2274 1645 2326 est
1676 2265 1911 2326 femina
1943 2283 2083 2344 per-

443 2354 676 2414 mittere
719 2353 1057 2430 ingressum
1096 2353 1156 2414 in
1213 2354 1698 2433 monasterium),
1745 2355 2084 2414 eunuchum

439 2452 638 2504 autem
672 2442 990 2520 quemdam
1045 2445 1430 2516 monachum,
1487 2444 1729 2504 nomine
1777 2443 2079 2523 Babylam,

437 2533 666 2594 scimus
719 2533 926 2609 aliquo
972 2542 1239 2613 tempore
1287 2531 1601 2594 nobiscum
1642 2531 1815 2591 vitam
1866 2533 2079 2610 egisse,

438 2623 660 2684 deinde
692 2630 943 2702 repente
973 2631 1261 2682 mutatum
1294 2622 1574 2683 statuisse
1606 2621 1906 2700 proficisci
1936 2619 2081 2681 Ilie-

438 2712 756 2791 rosolyma.
814 2712 964 2772 lium
1014 2727 1154 2787 ergo
1206 2729 1343 2771 cum
1377 2709 1628 2770 haberet
1659 2709 1813 2770 hanc
1842 2726 2080 2771 causam

439 2817 690 2882 peregre
716 2798 1159 2878 proﬁciscendi,
1206 2799 1409 2860 multis
1436 2811 1574 2860 ante
1603 2797 1820 2860 diebus
1847 2817 1881 2860 a
1911 2797 2084 2860 nobis

438 2889 790 2950 discessisse
823 2888 1230 2966 cognovimus.
1264 2887 1518 2950 Ubinam
1548 2898 1746 2950 autem
1779 2908 1938 2950 nunc
1969 2890 2078 2949 de-

436 2987 557 3057 gat,
584 2977 671 3038 illi
702 2977 812 3039 soli
844 2978 1090 3038 omnino
1123 2988 1213 3040 est
1235 2979 1743 3058 cognitum,cujus
1764 2978 1955 3040 oculis
1984 2978 2081 3039 ui-

2171 581 2314 658 παρά
2347 576 2624 654 Σωσάννῃ,
2659 573 2863 650 μᾶλλον
2893 573 2944 629 δὲ
2977 576 3004 630 6
3050 575 3176 639 Θεὸς
3221 571 3304 629 διά
3349 575 3626 640 Σωσάννης
3663 577 3778 631 ταύ·

2168 692 2269 737 την
2299 666 2606 747 ἐφύλαττεν,
2639 668 2704 721 Ἣ
2734 665 2892 742 φήμη
2935 662 2990 718 δὲ
3033 663 3098 719 τά
3124 665 3260 719 κατά
3288 663 3483 730 ταύτην
3512 661 3778 744 ἀπανταχῆ

2169 756 2477 835 ’διήγγελλε⁷
2511 756 2597 810 καὶ
2649 752 2732 810 διὰ
2776 754 2953 819 πάσης
3001 749 3196 832 ἐχώρει
3240 757 3340 820 τῆς
3396 752 3562 818 ἀκοῆς
3603 753 3665 808 τα
3703 761 3782 810 τοῦ

2169 846 2457 924 δράματος,
2514 842 2631 921 Ἀφ’
2692 842 2757 908 ἧς
2819 844 2902 896 καὶ
2965 842 3288 914 Δομετιανὸς
3341 844 3368 896 6
3425 842 3616 906 ταύτης
3663 842 3780 908 ἀνὴρ

2169 937 2307 990 κατά
2351 934 2542 1008 μικρὸν
2585 930 2821 1008 θηρεύων
2865 931 2962 996 τὴν
3023 938 3126 986 τῶν
3175 929 3479 1006 γενομένων
3529 929 3778 1006 ἀλήθειαν,

2169 1026 2262 1081 ἅτε
2308 1025 2389 1098 ’μη
2449 1022 2787 1096 παυσάμενος
2819 1021 2882 1074 τὰ
2925 1021 3172 1097 περὶτῆς
3228 1022 3473 1096 γυναικὸς
3522 1024 3616 1086 τῆς
3667 1020 3782 1086 ἰδίας

2171 1113 2512 1194 ίχνηλατεῖν,
2545 1111 2681 1184 μετὰ
2731 1111 2792 1164 τὸ
2850 1111 2937 1164 καὶ
2969 1112 3035 1165 τὰ
3065 1108 3228 1166 λοιπά
3261 1107 3556 1186 περιελθεῖν
3587 1132 3783 1188 φροντι-

2169 1205 2358 1280 στήρια
2411 1203 2499 1258 καὶ
2529 1199 2612 1254 ἐπ’
2659 1198 2836 1254 ἐκεῖνο
2892 1197 3013 1254 ἔνθα
3057 1200 3092 1266 ἡ
3153 1199 3385 1275 μακαρία
3444 1195 3668 1276 διέτριψε
3706 1200 3784 1275 γί-

2169 1314 2336 1362 νεται,
2375 1291 2618 1364 ἀσήμους
2647 1290 2796 1351 τινας
2825 1289 2925 1343 ὑπὸ
2955 1290 3120 1361 θυμοῦ
3176 1288 3263 1344 καὶ
3317 1288 3584 1361 ἀκόσμους
3628 1289 3784 1366 φωνὰς

2170 1382 2321 1460 ἆφιὲς
2368 1384 2674 1457 θυροκοπῶν
2731 1398 2786 1432 τε
2837 1376 3067 1449 ἀκαίρως
3109 1377 3197 1432 καὶ
3252 1379 3653 1452 θρασυνόμενος,
3707 1379 3782 1440 Τίς

2169 1473 2202 1538 ἡ
2261 1468 2385 1546 περῖ
2419 1469 2536 1546 ἐμὲ,
2571 1466 2766 1544 λέγων,
2799 1467 2906 1541 βία,
2942 1467 2992 1521 τί
3038 1468 3099 1521 τὸ
3148 1467 3286 1543 μέγα
3332 1468 3487 1521 τοῦτο
3521 1465 3736 1539 ἀδίκημα
3766 1485 3780 1540 ;

2171 1558 2320 1618 Καλά
2350 1579 2434 1636 γε,
2465 1559 2510 1612 ὤ
2537 1557 2793 1634 μοναχοὶ,
2838 1553 2978 1611 καλά
3007 1554 3122 1610 λίαν
3165 1556 3229 1610 τά
3277 1554 3400 1630 παρ’
3456 1557 3600 1629 ὑμῶν
3646 1557 3783 1632 γενό·

2170 1670 2321 1722 μενα.
2361 1647 2478 1703 ’Ίνα
2506 1647 2555 1701 τί
2601 1647 2721 1704 τοὺς
2746 1704 2748 1707 ,
2774 1643 2954 1706 καλῶς
3011 1644 3362 1723 συναφθέντας
3418 1646 3573 1718 ὑμεῖς
3627 1644 3780 1708 καλῶς

2168 1735 2390 1808 διαιρεῖν
2421 1734 2666 1810 βούλεσθε
2703 1753 2719 1808 ;
2757 1737 2887 1789 Δότε
2920 1755 3010 1806 μοι
3060 1734 3303 1790 σύνοικον
3337 1734 3435 1800 τὴν
3466 1734 3600 1808 ἐμήν
3633 1749 3645 1763 ·
3682 1731 3784 1790 δότε

2165 1827 2266 1893 τὴν
2299 1825 2434 1880 κατὰ
2461 1821 2652 1898 νόμους
2685 1822 2803 1897 ἐμοὶ
2834 1825 3211 1900 συναφθεῖσαν.

2249 1914 2351 1972 ΙΒ’.
2388 1912 2560 1971 Ταῦτα
2588 1916 2677 1969 καὶ
2701 1911 2919 1968 πλείονα
2946 1914 3146 1967 τούτων
3175 1911 3322 1986 πόθῳ
3370 1913 3671 1986 κινούμενος
3709 1916 3787 1970 καὶ

2167 2005 2388 2080 ἀθυμίας
2444 2004 2751 2075 ἡττώμενος
2811 2003 2900 2056 καὶ
2957 2001 3056 2068 τὴν
3114 2001 3298 2080 φωνὴν
3327 2002 3430 2056 ὑπὸ
3469 2003 3560 2056 τοῦ
3609 2002 3783 2064 πάθους

2167 2091 2557 2169 ἐγκοπτόμενος
2614 2087 2817 2154 ἐξεϐόα,
2879 2086 3112 2147 ’Ήκουσε
3185 2086 3240 2143 δὲ
3297 2085 3423 2165 παρ’
3481 2088 3673 2168 αὖτῶν,
3723 2091 3785 2151 ὡς

2173 2173 2364 2256 Ἡμεῖς
2424 2179 2521 2254 μὲν
2579 2191 2808 2256 γυναῖκα
2866 2177 2962 2233 οὒκ
3037 2175 3404 2254 εἰσδεδέγμεθα
3440 2194 3454 2208 ⁸
3515 2175 3647 2251 μηδὲ
3698 2178 3785 2255 γὰρ

2168 2270 2312 2326 εἶναι
2342 2269 2556 2344 θεμιτὸν
2587 2274 2654 2344 τῇ
2683 2271 2824 2344 μονῇ
2859 2265 3084 2344 γυναιξὶν
3131 2265 3372 2344 ἐφεῖσθαι
3403 2267 3501 2334 τὴν
3547 2265 3740 2322 εἴσοδον
3768 2283 3781 2296 °

2168 2364 2422 2438 εὐνοῦχον
2477 2355 2533 2412 δέ
2589 2379 2706 2413 τινα
2757 2359 3003 2436 μοναχὸν
3036 2353 3277 2411 Βαϐύλαν
3305 2355 3448 2411 οὕτω
3477 2354 3783 2430 καλούμενον

2170 2449 2328 2523 ἴσμεν
2385 2447 2469 2503 ἐπὶ
2523 2448 2704 2523 καιροῦ
2757 2467 2898 2510 τινος
2955 2445 3054 2510 τὴν
3105 2445 3312 2519 σύναμα
3345 2444 3491 2517 ἡμῖν
3538 2443 3785 2522 διαγωγὴν

2164 2537 2551 2611 ποιησάμενον,
2613 2539 2734 2590 εἶτα
2777 2535 2977 2614 ἀθρόως
3023 2531 3430 2609 μεταϐάλλοντα
3463 2533 3562 2601 τὴν
3604 2533 3689 2590 ἐπὶ
3730 2533 3785 2588 τὰ

2168 2618 2507 2703 Ἰεροσόλυμα
2588 2623 2967 2700 βουλεύσασθαι
3046 2626 3389 2702 πορευθῆναι,
3475 2629 3664 2680 Τοῦτον
3710 2624 3783 2678 οὖν

2164 2715 2411 2780 τοιαύτην
2466 2713 2664 2792 ἔχοντα
2720 2717 2818 2780 τῆς
2899 2709 3202 2786 ἀποδημίας
3279 2713 3534 2769 ὑπόθεσιν
3592 2717 3650 2771 οὗ
3699 2712 3782 2789 πρὸ

2165 2804 2379 2862 πολλῶν
2423 2804 2618 2859 τούτων
2649 2805 2751 2858 τῶν
2795 2805 3011 2880 ἡμερῶν
3045 2801 3138 2880 ἀφ’
3187 2803 3341 2876 ἡμῶν
3387 2799 3670 2861 διαστάντα
3708 2824 3782 2878 γι-

2165 2898 2458 2969 νώσκομεν.
2524 2892 2697 2950 ’Ὅπου
2741 2891 2796 2948 δὲ
2845 2915 2930 2948 νυν
2975 2890 3146 2968 διάγει
3202 2892 3350 2964 μόνῳ
3409 2894 3626 2955 πάντως
3656 2912 3781 2969 γνω-

2167 2987 2289 3042 στὸν
2319 2984 2379 3039 οὗ
2427 2980 2592 3058 μηδὲν
2649 2995 2768 3046 τοῖς
2827 2983 3126 3060 ὀφθαλμοῖς
3183 2980 3514 3058 ἀθεώρητον,
3581 2980 3694 3038 ’Ὁτι
3739 2977 3782 3033 δὲ

435 3068 520 3129 hil
550 3075 640 3128 est
669 3066 828 3147 quod
880 3085 1000 3128 nou
1033 3070 1216 3147 possit
1261 3068 1468 3148 aspici.
1525 3069 1692 3140 Quod
1723 3077 1923 3130 autem
1955 3069 2079 3128 haec

2166 3073 2338 3140 ἀληθῆ
2386 3078 2551 3128 ταῦτα
2610 3073 2995 3148 μαρτυρήσειεν
3055 3068 3116 3124 ἂν
3174 3070 3261 3125 καὶ
3315 3070 3378 3125 τὸ
3449 3076 3550 3127 πᾶν
3603 3068 3782 3137 πλῆθος

433 3175 576 3220 τετε
605 3157 746 3237 sint,
782 3155 1095 3217 testabitur
1142 3157 1460 3219 universus
1510 3159 1768 3238 populus
1799 3157 2073 3219 civitatis.

433 3245 572 3310 Haec
602 3263 738 3306 cum
791 3245 1118 3306 audivisset
1147 3245 1548 3326 Domitianus,
1582 3257 1640 3307 et
1671 3246 1949 3308 instratus
1977 3264 2078 3307 es-

435 3345 525 3395 set
545 3341 738 3414 ccepto
764 3351 888 3395 suae
915 3333 1345 3414 inquisitionis,
1379 3345 1437 3397 et
1481 3336 1644 3396 omni
1673 3337 1922 3415 pulchra
1950 3336 2078 3416 pri-

435 3434 600 3486 vatus
631 3426 971 3497 occasione,
1005 3443 1070 3484 se
1100 3423 1368 3485 vertebat
1420 3427 1478 3485 in
1511 3443 1748 3486 omnem
1785 3426 2073 3505 Speciem,

434 3513 590 3594 quod
623 3532 720 3574 res
754 3513 812 3575 ei
841 3531 959 3574 non
993 3511 1300 3594 cessisset,
1325 3532 1391 3574 se
1427 3513 1802 3589 excrucians,
1837 3523 2079 3594 propter

429 3605 625 3668 zelum
657 3604 950 3684 irascens,
1013 3612 1260 3684 propter
1312 3605 1442 3683 ejus
1499 3621 1765 3664 amorem
1801 3602 2078 3665 incitatus

431 3695 778 3774 cupiditate.
807 3694 1000 3773 Atque
1023 3692 1126 3754 ille
1151 3692 1398 3773 quidem
1430 3693 1518 3755 sic
1540 3693 1819 3769 recessit,
1853 3692 2076 3755 distra-

435 3794 565 3846 ctus
594 3784 691 3845 his
715 3783 900 3846 animi
929 3783 1505 3864 perturbationibus.

514 3872 668 3936 XIII.
691 3872 1040 3935 Bassianum
1064 3882 1264 3935 autem
1290 3873 1504 3933 invasit
1525 3890 1740 3952 agmen
1773 3889 2076 3946 curarum,

436 3981 513 4026 ne
541 3963 823 4024 Matronae
849 3964 1070 4044 anima,
1097 3981 1234 4043 quae
1265 3962 1394 4042 ejus
1425 3961 1565 4025 ﬁdei
1594 3962 1915 4024 commissa
1945 3961 2078 4023 fue-

435 4062 549 4130 rat,
583 4069 728 4114 vere
744 4051 1030 4114 subiisset
1058 4052 1465 4127 interitum,et
1487 4071 1621 4114 cum
1648 4070 1752 4113 eos
1773 4050 2080 4113 accersiis-

436 4140 661 4223 set,qui
690 4140 903 4202 ordine
935 4141 1195 4218 quodam
1220 4141 1582 4221 erantprimi
1605 4142 2034 4201 monachorum
2059 4161 2072 4202 :

437 4232 564 4308 Est,
593 4232 814 4311 inquit,
849 4229 1024 4292 nobis
1070 4231 1328 4311 amplius
1360 4230 1862 4292 considerandum
1902 4230 1977 4290 de
2007 4247 2077 4290 ea

436 4339 568 4402 quae
595 4340 628 4382 a
651 4320 825 4382 nobis
853 4319 1154 4396 discessit,
1189 4337 1422 4380 sorore.
1455 4319 1603 4381 Nam
1638 4317 1749 4378 etsi
1777 4336 1919 4378 sexu
1951 4327 2078 4378 erat

438 4411 709 4473 diversa:
734 4410 1014 4489 quoniam
1041 4407 1323 4470 tamenin
1349 4416 1618 4468 nostrum
1663 4405 1922 4486 ascripta
1950 4417 2076 4470 erat

2163 3168 2262 3229 τῆς
2315 3159 2547 3222 πόλεως.
2611 3160 2822 3217 Τούτων
2853 3158 3086 3222 ἀκούσας
3119 3159 3147 3213 6
3183 3161 3518 3232 Δομετιανὸς
3573 3160 3662 3215 καί
3696 3162 3778 3223 τῆς

2160 3250 2286 3330 περῖ
2317 3250 2415 3316 τὴν
2457 3251 2680 3320 ζήτησιν
2733 3249 3106 3326 ἀποκρουσθεὶς
3149 3249 3526 3326 ἒγχειρήσεως
3577 3248 3771 3326 εὐπροσ-

2161 3343 2310 3397 ώπου
2337 3361 2395 3396 τε
2425 3339 2604 3404 πάσης
2635 3338 2878 3418 ἀφορμῆς
2930 3338 3225 3416 στερηθεὶς,
3273 3351 3536 3402 παντοῖος
3577 3337 3772 3415 ὶγίνετο,

2161 3430 2246 3487 διὰ
2303 3430 2400 3496 την
2456 3427 2755 3507 ἀποτυχίαν
2811 3427 3128 3502 ἀνιώμενος,
3173 3423 3258 3481 διὰ
3301 3428 3393 3482 τὸν
3423 3427 3590 3498 ζῆλον
3617 3424 3780 3501 θυμούο

2163 3542 2345 3597 μενος,
2419 3517 2502 3573 διὰ
2556 3520 2617 3574 τὸ
2685 3517 2815 3588 πρὸς
2874 3517 3037 3585 αὐτὴν
3094 3514 3308 3596 φίλτρον
3369 3517 3473 3583 τὴν
3531 3514 3782 3590 ἐπιθυμίαν

2162 3609 2545 3688 ἐρεθιζόμενος.
2596 3605 2839 3673 Ἐκεῖνος
2897 3606 2995 3682 μὲν
3053 3607 3143 3682 οὖν
3187 3603 3354 3670 οὕτως
3413 3604 3581 3682 ἀπῇει
3622 3602 3783 3662 τοιού-

2161 3723 2270 3765 τοις
2301 3695 2490 3754 πάθεσι
2517 3697 2890 3776 μεριζόμενος.

2243 3876 2348 3939 ΙΓ’.
2389 3883 2475 3951 Τῷ
2518 3873 2573 3931 δὲ
2634 3880 2880 3948 Βασιανῷ
2936 3871 3220 3953 φροντίδων
3265 3874 3541 3932 ἐπετίθετο
3595 3876 3782 3948 σμῆνος

2161 3966 2307 4032 ὅπως
2365 3966 2430 4035 ἢν
2483 3964 2767 4031 ἐπιστεύθη
2823 3966 2920 4030 τῆς
2967 3964 3260 4043 Ματρώνης
3311 3965 3528 4044 ψυχὴν,
3574 3962 3650 4039 μὴ
3695 3960 3782 4026 τὴν

2161 4055 2327 4120 ὅντως
2383 4053 2653 4112 ἀπώλειαν
2711 4055 2942 4132 ὑποστῇ,
3001 4053 3094 4108 καί
3158 4053 3647 4129 μεταστειλάμενος
3676 4051 3783 4112 τοὺς

2159 4144 2300 4210 τάξει
2360 4145 2462 4200 τινὶ
2521 4144 2758 4218 πρώτους
2801 4149 2910 4198 τῶν
2965 4149 3226 4222 μοναχῶν
3281 4145 3335 4200 ἒν
3393 4141 3783 4221 «155.0%,sz-

2158 4235 2316 4291 πτέον
2374 4235 2534 4312 ἡμῖν,
2570 4231 2744 4311 ἔλεγε²
2787 4233 3026 4309 περὶτῆς
3080 4228 3372 4298 διαστάσης
3430 4233 3589 4307 ἡμῶν
3637 4225 3780 4284 ἀδελ-

2157 4327 2287 4402 φῆς.
2322 4325 2379 4380 El
2410 4324 2509 4402 γὰρ
2540 4324 2625 4378 καὶ
2668 4322 2766 4388 τὴν
2798 4323 2951 4401 φύσιν
2981 4319 3133 4400 ἑτέρα
3183 4343 3263 4388 τις
3317 4321 3405 4396 ἦν,
3469 4319 3595 4377 ἀλλ’
3647 4315 3781 4374 ἐπεί-

2156 4434 2255 4492 περ
2298 4412 2560 4493 ἐνεγράφη
2591 4409 2770 4484 κύκλῳ
2823 4417 2902 4485 τῷ
2943 4410 3060 4467 καθ’
3093 4413 3259 4490 ἡμᾶς²
3323 4409 3516 4483 μέλους
3577 4407 3781 4488 ἀφαίρε-

436 4499 750 4572 circulum,
787 4506 1021 4577 oportet
1045 4497 1386 4557 existimare
1411 4493 1665 4556 membri
1686 4494 2066 4572 ablationem,

2166 4526 2238 4560 τιν
2268 4503 2564 4580 λογίζεσθαι
2616 4498 2701 4557 δεῖ
2759 4500 2857 4568 τὴν
2907 4497 2999 4576 ἀφ’
3049 4501 3205 4575 ἡμῶν
3267 4501 3466 4566 ταύτης
3523 4495 3776 4570 διάζευξιν.

437 4588 570 4667 ejus
599 4605 731 4668 quae
765 4588 918 4648 facta
949 4595 1038 4647 est
1067 4604 1102 4646 a
1132 4585 1330 4661 nobis,
1356 4583 1843 4664 disjunctiouem.
1890 4588 1975 4648 De
2005 4586 2078 4648 iis

436 4695 578 4757 ergo
606 4695 739 4758 quae
770 4677 844 4739 ad
870 4677 1059 4757 ipsam
1081 4679 1402 4756 pertinent,
1430 4675 1879 4750 constituamus,
1917 4686 1978 4737 ut
2002 4676 2077 4737 ad

433 4768 656 4829 bonum
687 4767 866 4829 ﬁnem
899 4766 1226 4846 perveniat,
1264 4783 1342 4827 ne
1376 4763 1760 4847 malignus,et
1791 4765 1890 4846 qui
1924 4784 2076 4846 quo-

434 4859 577 4920 tidie
609 4855 1142 4932 nobisiusidiatur,
1183 4856 1314 4935 ejus
1363 4864 1607 4935 superet
1656 4859 2074 4933 constantiam,

431 4957 572 5030 apto
600 4951 673 5010 ad
698 4947 948 5011 insidias
979 4948 1378 5009 instrumento
1413 4954 1583 5007 utens
1614 4946 1848 5006 marito.
1885 4949 2076 5026 Atque

432 5041 522 5102 sic
545 5039 791 5120 quidem
821 5036 1063 5099 dicebat
1087 5035 1426 5112 Bassianus,
1461 5040 1522 5096 in
1553 5035 1858 5097 communi
1889 5036 2078 5116 posita

433 5127 1216 5192 deliberatione.Marcellus
1242 5139 1444 5187 autem
1479 5125 1741 5205 quidem,
1774 5133 1916 5186 tunc
1943 5125 2076 5186 dia-

429 5236 640 5294 conus,
675 5219 829 5280 hanc
859 5217 1009 5278 dixit
1035 5215 1417 5295 sententiam,
1466 5215 1528 5277 in
1581 5212 1798 5276 Emesa
1843 5214 2077 5276 civitate

425 5310 556 5386 (ille
585 5309 746 5370 enim
782 5323 855 5368 ex
887 5324 957 5367 ea
989 5314 1118 5366 erat
1140 5312 1328 5380 ortus)
1359 5305 1569 5366 dicens
1608 5321 1739 5366 esse
1767 5312 2074 5366 monaste-

426 5400 581 5459 rium
617 5397 965 5476 mulierum,
997 5397 1057 5456 in
1089 5414 1206 5474 quo
1239 5395 1419 5454 etiam
1449 5412 1617 5454 suam
1648 5412 1922 5456 sororem
1942 5412 2075 5457 esse

433 5505 609 5548 unam
637 5505 708 5547 ex
738 5486 812 5546 iis
843 5503 976 5564 quas
1005 5490 1383 5544 exercentur.
1422 5481 1487 5541 Si
1535 5499 1678 5561 ergo
1713 5483 1820 5544 tibi
1855 5483 2071 5564 placet,

427 5576 502 5639 ad
535 5575 595 5638 id
624 5581 913 5639 mittatur.
949 5574 1050 5640 Sic
1079 5573 1240 5638 enim
1269 5569 1481 5641 licebit
1510 5588 1718 5662 curam
1757 5574 1835 5638 de
1863 5589 1933 5638 ea
1963 5571 2073 5656 de-

2162 4591 2474 4668 Διαθώμεθα
2532 4600 2657 4668 γοῦν
2714 4591 2780 4645 τὰ
2837 4588 2958 4645 κατ’
2994 4590 3182 4665 αὐτὴν,
3217 4588 3363 4653 ὅπως
3396 4591 3469 4655 εἰς
3499 4589 3659 4666 πέρας
3689 4606 3780 4642 κα·

2155 4681 2378 4752 ταλήξοι
2409 4681 2674 4760 χρηστὸν,
2709 4677 2904 4756 μήπως
2940 4681 2966 4734 6
3005 4680 3240 4755 πονηρὸς
3300 4679 3386 4736 καὶ
3414 4675 3535 4735 καθ’
3567 4677 3779 4740 ἑκάστην

2157 4769 2510 4829 ἐπιϐουλεύων
2540 4769 2680 4846 ἡμῖν
2721 4770 3048 4848 κατισχύσει⁴
3069 4769 3264 4835 ταύτης
3314 4770 3374 4825 τὸ
3422 4766 3631 4824 εὔτονον
3675 4763 3779 4842 περὶ

2157 4870 2256 4929 την
2287 4857 2578 4926 ἐπιϐουλὴν
2622 4855 2831 4937 ὀργάνῳ
2885 4858 3230 4937 χρησάμενος
3273 4865 3350 4930 τῷ
3399 4855 3565 4928 ἀνδρί.
3615 4853 3778 4914 οὕτως

2160 4952 2258 5027 μὲν
2305 4949 2392 5006 οὖν
2425 4952 2452 5005 ὁ
2485 4951 2740 5012 Βασιανὸς
2771 4947 2977 5029 ἔλεγεν,
3010 4947 3064 5004 ἐν
3095 4954 3256 5022 κοινῷ
3299 4948 3516 5024 θέμενος
3548 4947 3642 5014 τὴν
3671 4943 3780 5000 διά-

2159 5044 2374 5116 σκεψιν.
2435 5036 2742 5118 Μάρκελλος
2799 5035 2854 5093 δὲ
2908 5059 2988 5098 τις
3063 5039 3126 5093 τὸ
3205 5046 3500 5106 τηνικαῦτα
3557 5034 3778 5092 διάκονος

2158 5131 2381 5209 γνώμην
2439 5135 2740 5206 εἰσηγεῖται
2799 5127 3076 5201 τοιαύτην,
3139 5126 3193 5182 ἐν
3241 5124 3444 5204 Ἐμέσῃ
3503 5124 3670 5204 λέγων
3722 5123 3779 5195 τῇ

2159 5218 2313 5277 πόλει
2339 5233 2352 5247 ⁸
2415 5217 2476 5274 ἐκ
2505 5218 2700 5284 ταύτης
2756 5217 2854 5295 γὰρ
2904 5216 3155 5279 κάκεῖνος
3195 5217 3434 5295 ὡρμᾶτο,
3466 5213 3778 5289 ἀσκητήριον

2156 5309 2300 5365 εἶναι
2342 5312 2607 5385 γυναικῶν
2656 5305 2709 5362 ἐν
2751 5307 2797 5380 ᾧ
2855 5307 2940 5362 καὶ
2983 5301 3215 5385 ἀδελφὴν
3267 5307 3426 5362 αὐτοῦ
3468 5304 3593 5379 μίαν
3648 5298 3776 5357 εἶναι

2155 5405 2262 5454 τῶν
2311 5396 2674 5472 ἀσκουμένων.
2705 5396 2874 5475 Εἴπερ
2906 5397 2992 5451 οὖν
3040 5393 3258 5474 ἀρεστόν
3305 5417 3390 5451 σοι
3446 5391 3617 5471 δοκεῖ²
3660 5389 3776 5464 πρὸς

2155 5495 2311 5546 τοῦτο
2342 5488 2639 5564 πεμφθήτω
2673 5505 2685 5517 ·
2722 5484 2868 5542 ἔσται
2917 5507 3002 5541 σοι
3053 5487 3152 5564 γὰρ
3204 5483 3340 5542 οὕτω
3390 5485 3472 5540 καὶ
3523 5484 3618 5546 τὰς
3671 5475 3777 5556 περὶ

2157 5580 2322 5649 αὐτῆς
2376 5575 2583 5635 ἐκδῦναι
2641 5573 2940 5661 φροντίδας.
2975 5573 3300 5654 Συνθεμὲνου
3331 5573 3385 5632 δὲ
3442 5581 3534 5635 τοῦ
3593 5578 3773 5630 Baeta-
