4048 6136
302 227 428 294 933
1595 225 1783 292 VITA
1845 223 1906 285 S.
1965 217 2378 284 MATRONIE.
3551 223 3666 289 934

295 370 394 420 νοῦ
448 372 524 438 τῷ
579 365 723 443 λόγῳ
771 367 860 422 καὶ
905 361 1286 442 ἐπιτρέψαντος
1316 365 1344 419 ὁ
1373 361 1616 428 διάκονος
1649 359 1893 442 παραυτίν

2071 373 2276 417 onere.
2313 357 2453 418 Cum
2507 373 2787 416 assensus
2831 360 3026 443 autem
3062 364 3220 416 esset
3269 357 3586 421 Bassianus
3613 361 3669 422 ei

295 452 492 509 πλοίου
549 454 725 510 ἐκεῖσε
783 453 1114 532 ἀναγομένου
1168 453 1348 531 τυχὼν
1403 453 1574 526 τούτῳ
1627 453 1726 519 τὴν
1793 451 1893 530 ἁγίι

2073 443 2186 505 uod
2219 442 2440 504 dictum
2487 443 2695 517 fuerat,
2750 452 2806 502 et
2859 442 2914 502 id
2971 443 3361 521 permisisset,
3398 445 3670 507 minister

298 541 581 620 ἐνθέμενος
614 545 854 620 ὲπενῄει.
904 531 910 532 ί
2029 539 2221 594 statim
2257 541 2460 593 nactus
2490 551 2720 604 navem,
2759 551 2889 612 quae
2938 532 3100 592 illinc
3146 531 3434 607 solvebat,
3470 542 3673 597 sancta

2030 623 2090 682 in
2123 640 2190 684 ea
2224 621 2526 700 imposita,
2560 630 2650 682 est
2684 639 2981 683 reversus.

389 720 496 782 IA'.
561 711 621 777 ’Π
678 719 730 776 δὲ
784 721 1020 797 εὒθύμως
1052 724 1110 778 τὸ
1142 723 1359 800 γεγονὸς
1389 721 1462 785 ὦς
1496 723 1592 779 οὐκ
1620 723 1774 776 aerei.
1807 740 1946 797 πρα-

2110 709 2262 800 Χινί.
2289 709 2391 771 Illa
2423 720 2618 800 autem
2653 729 2784 771 cum
2819 709 2999 771 alacri
3031 710 3229 772 animo
3255 711 3588 792 accepisset
3610 713 3672 775 id

298 811 436 890 χθὲν
466 809 856 890 ἀποδεξαμένη,
915 810 1067 887 ὀλίγα
1123 799 1179 866 τε
1222 799 1368 866 νᾶττα
1420 809 1551 887 πρὸς
1584 808 1780 887 τροφὴν
1815 829 1896 882 συγ

2077 800 2192 860 uod
2227 799 2441 890 factum
2476 799 2683 871 fuerat,
2736 807 3013 880 tanquam
3064 799 3121 860 id
3185 819 3301 862 non
3355 801 3674 865 accidisset

297 899 642 975 κομισαμένη
701 903 933 980 εύφόρως
991 901 1103 975 ἅμα
1159 901 1248 957 καὶ
1300 897 1479 963 καλῶς
1527 904 1620 955 τοῦ
1651 897 1895 970 πνεύμεισιε⁴

2077 887 2261 968 bsque
2302 887 2407 950 Dei
2435 891 2698 964 numine,
2733 898 2791 951 et
2825 908 3011 970 pauca
3042 890 3309 971 quaedam
3345 893 3675 973 accepisset

300 992 634 1052 ἐπωθοῦντος
691 993 783 1046 τὸν
845 989 1009 1046 πλοῦν
1069 987 1316 1068 διαϐᾶσα,
1375 989 1436 1044 τὸ
1482 987 1536 1043 ἒν
1578 986 1785 1062 Ἐμέσῃ
1813 1007 1898 1040 κατ

2075 997 2140 1039 ro
2173 977 2494 1058 alimentis,
2540 980 2806 1041 secundo
2841 989 2896 1040 et
2929 979 3050 1041 leni
3084 988 3255 1068 vento
3291 991 3533 1060 peracta
3560 1000 3671 1044 na-

309 1078 462 1135 έλαϐε
532 1080 965 1158 φροντιστήριον.
1032 1067 1376 1159 Φιλοφρόνως
1453 1076 1541 1134 οὖν
1615 1075 1907 1154 εἰσδεχθεῖσ

2071 1067 2353 1150 igatione,
2370 1068 2528 1129 venit
2546 1069 2603 1129 in
2626 1070 3073 1143 monasterium,
3096 1067 3256 1149 quod
3278 1069 3669 1136 eratEmesw.

305 1169 396 1224 καὶ
426 1167 604 1232 δεξιῶς
636 1174 742 1224 τῶν
776 1167 893 1224 κατ’
927 1168 1120 1245 ἀρετὴν
1153 1167 1341 1247 ε’ἰχετο
1389 1168 1564 1221 πόνων
1607 1165 1743 1222 οὕτω
1782 1185 1903 1221 σποι

2075 1156 2767 1247 :enigne_ergoaccepta,
2808 1165 2968 1220 tanto
2999 1159 3193 1220 studio
3245 1179 3311 1221 se
3350 1159 3673 1224 exercebat

301 1256 465 1321 δαίως
491 1260 564 1321 ὡς
598 1259 656 1314 ού
687 1255 861 1335 ῥᾷδιον
892 1258 1115 1337 ὀφθῆναι
1173 1257 1370 1322 ταύτην
1424 1268 1546 1316 ταῖς
1600 1255 1898 1330 μοναζούσα

2075 1265 2096 1307 1
2121 1245 2423 1308 laboribus
2445 1246 2694 1327 virtutis,
2722 1256 2787 1308 ut
2812 1248 3123 1310 monachis
3148 1249 3456 1311 videretur
3477 1269 3673 1312 exem-

305 1345 610 1426 ἀρχέτυπον
666 1349 798 1424 πρὸς
840 1335 962 1410 τοὺς
1008 1343 1158 1411 ἴσους
1213 1346 1375 1413 αηότῆς
1439 1345 1648 1422 ἀγῶνας
1701 1342 1903 1419 ἅμιλλα

2078 1335 2165 1397 lar
2195 1355 2310 1398 non
2344 1336 2539 1413 facile,
2576 1336 3021 1400 decertantibus
3049 1338 3330 1400 adversus
3355 1341 3521 1418 paria
3545 1343 3674 1422 ejus

305 1425 521 1511 μέναις.
572 1435 744 1492 ’Ὅθεν
787 1436 874 1491 καὶ
925 1434 1191 1494 συνεδόκει
1234 1435 1430 1499 πάσαις
1463 1434 1598 1504 μετὰ
1627 1437 1725 1500 τὴν
1757 1431 1903 1488 ἐνθένι

2076 1425 2384 1486 ertamina.
2422 1427 2712 1498 Quocirca
2743 1427 2965 1506 placuit
2992 1427 3270 1490 omnibus
3300 1439 3431 1508 post
3462 1430 3674 1492 deces-

305 1531 414 1592 τῆς
472 1524 588 1604 ἄρτι
643 1525 1054 1604 καθηγουμένης
1086 1522 1404 1602 ἀπαλλαγήν
1438 1523 1572 1604 αὐτῇ
1613 1528 1785 1578 πᾶσαν
1829 1520 1903 1577 ἐπι

2075 1533 2166 1576 um
2191 1516 2343 1594 ejus,
2374 1534 2505 1593 quae
2531 1516 2647 1577 illis
2673 1525 2942 1596 praeerat,
2961 1518 3014 1577 ei
3041 1517 3412 1580 committere
3434 1539 3673 1582 omnem

307 1599 518 1691 τρέψαι.
557 1614 656 1680 τὴν
712 1599 810 1679 τῆς
873 1599 1046 1684 μονῆς
1127 1599 1476 1690 προστασίαν,
1529 1599 1690 1668 ηΟσον
1739 1607 1793 1664 δὲ
1854 1607 1905 1686 ἅς

2079 1605 2386 1667 ionasterii
2417 1604 2856 1685 praefecturam.
2910 1605 3036 1678 Quo
3090 1607 3275 1686 magis
3320 1626 3460 1688 ergo
3492 1609 3677 1672 latere

311 1702 579 1782 Ματρώνα
635 1702 696 1758 τὸ
752 1702 1025 1758 λανθάνειν
1095 1699 1403 1781 ἔσπούδαζε,
1476 1707 1728 1759 τοσοῦτον
1801 1697 1909 1775 ἔμε]

2076 1694 2320 1756 ludebat
2350 1694 2631 1772 Matrona,
2687 1714 2756 1757 eo
2805 1697 2991 1775 magis
3039 1699 3161 1759 Deo
3195 1706 3320 1759 erat
3358 1717 3514 1761 curae
3543 1718 3674 1762 eam

313 1796 435 1866 Θεῷ
488 1793 550 1849 τὸ
593 1789 765 1860 δήλην
824 1792 991 1859 αὒτὴν
1041 1793 1285 1865 ποιῆσαι,
1345 1791 1432 1847 καὶ
1491 1792 1552 1847 τὸ
1609 1788 1817 1856 ἐκείνης

2080 1783 2298 1845 addere
2322 1783 2718 1865 manifestam,
2749 1794 2808 1845 et
2830 1785 2990 1846 illius
3022 1785 3214 1847 lucem
3251 1804 3475 1866 ponere
3499 1808 3678 1870 super

311 1882 408 1938 ὶπί
435 1888 536 1950 τῆς
581 1880 802 1961 λυχνίας
846 1884 1040 1960 Θεϊναι,
1087 1883 1177 1936 καὶ
1219 1882 1317 1947 τὴν
1361 1880 1555 1958 ἀρετὴν
1599 1880 1827 1959 φανερὰν
1859 1900 1909 1936 κε

2077 1872 2493 1945 andelabrum,
2514 1883 2571 1935 et
2593 1874 2927 1937 evidentem
2955 1875 3088 1954 ejus
3101 1875 3355 1938 reddere
3375 1879 3675 1941 virtutem.

312 1976 600 2038 τσστῆσαι,
655 1960 823 2027 νΚατ’
897 1970 1074 2027 ἐκεῖνο
1156 1970 1329 2029 τοίνυν
1413 1968 1599 2048 καιροῦ
1693 1968 1910 2046 γεηπύν‹

2080 1962 2146 2022 llo
2170 1972 2364 2024 autem
2392 1971 2659 2043 tempore
2685 1965 2942 2042 agricola
2964 1965 3200 2044 quidam
3228 1967 3513 2046 praadium
3541 1988 3678 2049 ope-

310 2084 397 2124 τις
425 2063 486 2117 τὸ
528 2058 711 2139 γήδιον
746 2060 1094 2137 ἐργαζόμενος
1147 2059 1232 2116 ἐπὶ
1276 2072 1508 2138 συχναῖς
1561 2070 1685 2123 ταῖς
1728 2058 1905 2136 ἡμέρα

2075 2070 2202 2125 ans,
2243 2051 2438 2114 multis
2471 2053 2683 2114 diebus
2714 2054 2856 2114 vidit
2888 2055 3182 2116 ﬂammam
3211 2075 3245 2118 e
3277 2071 3436 2119 terra
3465 2059 3673 2120 emitti.

311 2148 700 2226 ἀναδιδομένην
761 2149 898 2228 ἐώρα
935 2149 1108 2230 φλόγα
1151 2152 1249 2216 τῆς
1295 2154 1420 2226 γῆς,
1474 2151 1562 2204 καὶ
1618 2150 1651 2216 ἡ
1710 2145 1904 2204 ἀνάδος

2075 2140 2175 2201 Irat
2200 2160 2339 2202 vero
2365 2141 2610 2203 emissio
2638 2142 2942 2223 continua,
2969 2153 3028 2205 et
3049 2164 3349 2224 nunquam
3371 2147 3673 2212 desinens.

307 2241 544 2320 συνεχής
603 2260 659 2294 τε
690 2241 776 2295 καὶ
806 2228 1048 2312 ονόδαμώς
1079 2237 1342 2316 λήγουσα.
1397 2237 1562 2299 Οὗτος
1619 2237 1730 2311 οὖν,
1766 2237 1859 2292 ἅτε
1890 2235 1905 2292 ἱ

2079 2229 2145 2292 lic
2172 2247 2336 2311 ergo,
2365 2243 2427 2292 ut
2451 2234 2550 2312 qui
2575 2240 2733 2293 esset
2751 2233 3062 2313 agricolas,
3093 2234 3237 2296 nihil
3262 2237 3466 2298 valens
3491 2238 3677 2317 conji-

313 2330 552 2408 γεωργὸς
602 2327 746 2387 οὐδὲν
807 2327 1054 2395 δυνηθεὶς
1111 2326 1406 2402 συμϐαλεῖν
1464 2324 1818 2405 ὑψηλότερον,
1880 2348 1906 2382 τ

2076 2337 2177 2380 ere
2207 2320 2405 2408 altius,
2439 2322 2785 2402 episcopum
2838 2322 3086 2384 civitatis
3128 2327 3442 2403 accedens,
3480 2327 3540 2388 id
3571 2346 3674 2389 re-

314 2405 594 2492 έπισκόπῲ
647 2421 747 2484 τῆς
811 2415 1018 2481 πόλεως
1082 2415 1382 2494 προσελθὼν
1439 2414 1793 2493 ἆπιγγέλλει,
1859 2426 1912 2474 Κε

2085 2409 2294 2471 untiat.
2333 2405 2439 2470 Ille
2470 2418 2666 2471 autem
2694 2428 2762 2470 ex
2785 2428 2854 2471 eo
2886 2411 3042 2491 quod
3075 2411 3418 2494 apparebat,
3451 2414 3676 2477 intelli-

313 2508 376 2572 ὃς
406 2506 466 2562 ἐκ
495 2514 586 2563 106
612 2504 930 2582 φαινομένου
986 2505 1127 2584 μέγα
1176 2527 1226 2560 τι
1275 2507 1444 2569 συνεὶς
1497 2506 1559 2560 τὸ
1601 2503 1911 2579 δηλούμενοε

2080 2516 2186 2559 ens
2213 2515 2488 2576 magnum
2519 2498 2657 2579 quid
2684 2499 3028 2578 significari,
3077 2519 3208 2562 cum
3233 2520 3341 2562 suo
3372 2501 3535 2564 clero
3566 2521 3675 2565 ve-

307 2596 427 2672 ἄμα
456 2602 532 2670 τῷ
560 2593 649 2652 ὑπ’
679 2595 836 2651 αὐτὸν
883 2593 1068 2674 κλήρῳ
1121 2597 1212 2651 τὸν
1256 2596 1420 2652 τόπον
1473 2592 1810 2674 καταλαϐὼν,
1870 2616 1902 2648 κ

2087 2586 2217 2648 iens
2240 2587 2311 2648 ad
2343 2586 2565 2662 locum,
2601 2596 2666 2648 ut
2699 2606 2802 2669 par
2832 2595 2985 2664 erat,
3019 2589 3167 2652 facta
3195 2592 3677 2671 oratione,jussit

305 2688 386 2751 ὡς
445 2689 716 2764 προσῆκον
744 2688 812 2753 ἦν
841 2684 1013 2764 εὐχὴν
1043 2685 1432 2760 ποιησάμενος,
1466 2685 1564 2752 τὴν
1610 2689 1713 2762 γῆν
1743 2684 1902 2763 έπέερ

2080 2694 2258 2737 arram
2300 2677 2526 2739 fodere.
2583 2677 2748 2750 Quod
2795 2697 2926 2739 cum
2961 2679 3180 2740 factum
3218 2689 3396 2752 esset,
3442 2681 3678 2744 inventa

307 2797 413 2832 πεν
441 2775 760 2853 ἀνορύττειν,
794 2776 868 2831 O6
914 2776 1010 2830 καί
1059 2774 1345 2853 γενομένου
1392 2777 1626 2849 στάμνος
1671 2774 1853 2852 εὑρέθη
1899 2799 1905 2824 ε

2080 2774 2131 2826 st
2156 2784 2328 2840 urna,
2351 2785 2468 2827 non
2493 2785 2701 2827 aurum
2726 2767 2947 2843 celans,
2975 2777 3075 2831 aut
3092 2769 3310 2849 aliquid
3333 2769 3491 2830 aliud
3517 2772 3678 2850 ejus-

307 2866 510 2944 χρυσὸν
570 2861 716 2920 ἔνδον
769 2863 1072 2943 κρύπτουσα
1115 2861 1148 2930 ἥ
1198 2885 1249 2918 τι
1297 2861 1430 2919 ἄλλο
1479 2866 1715 2920 τοιοῦτον
1746 2865 1905 2920 οἷονὲ

2078 2855 2229 2935 modi,
2255 2855 2414 2935 quod
2442 2855 2626 2936 possit
2644 2855 2990 2918 demulcere
3009 2857 3272 2919 animum
3296 2868 3676 2922 ornamento-

311 2953 640 3033 φιλόκοσμον
669 2951 825 3031 θέλξῃ
867 2955 1074 3034 ψυχὴν,
1110 2951 1246 3009 ἆλλά
1303 2954 1478 3028 τίμιόν
1519 2976 1569 3009 τι
1625 2958 1819 3033 χρῆμα
1870 2976 1909 3009 κι

2081 2963 2171 3005 um
2206 2945 2510 3024 cupidum,
2561 2945 2665 3006 sed
2725 2965 2849 3007 rem
2903 2947 3215 3027 quamdam
3267 2947 3589 3028 pretiosam
3620 2959 3679 3012 et

311 3049 408 3099 106
433 3045 628 3107 παντὸς
660 3041 822 3118 ἄξιον,
854 3044 954 3112 τὴν
985 3040 1277 3118 σεϐασμίαν
1326 3049 1404 3117 τῷ
1446 3040 1555 3099 ὄντι
1604 3052 1696 3102 τοῦ
1752 3043 1909 3119 βαπτι

2079 3035 2286 3098 maximi
2317 3035 2670 3110 faciendam,
2720 3054 2935 3117 nempe
2970 3036 3226 3099 maxime
3269 3039 3677 3102 venerandum

310 3132 439 3190 στοῦ
466 3132 728 3212 κεφαλήν.

2039 3133 2215 3206 caput
2241 3123 2495 3187 Joannis
2526 3125 2808 3205 Baptista
2837 3128 2951 3207 (1).

396 3222 510 3286 IE’.
571 3223 777 3290 Ταύτης
831 3230 1114 3302 πανταχοῦ
1182 3219 1577 3302 διαδραμούσης
1635 3227 1735 3293 τῆς
1767 3223 1954 3303 φήμης

2117 3214 2246 3278 XV.
2277 3212 2422 3278 Cum
2442 3215 2567 3276 haec
2595 3214 2750 3276 fama
2773 3215 2834 3277 in
2861 3235 3100 3279 omnem
3127 3223 3357 3298 partem
3381 3220 3679 3300 pervasis-

307 3310 481 3376 ούδεὶς
531 3313 600 3378 ἦν
627 3309 772 3377 ὅστις
805 3311 950 3369 οἴκοι
981 3311 1180 3392 παρῆν,
1234 3311 1372 3369 ἀλλὰ
1413 3311 1726 3388 παμπληθεὶ
1757 3314 1905 3372 πάντι

2083 3313 2152 3379 et,
2188 3304 2389 3367 nullus
2419 3303 2580 3366 domi
2625 3305 3015 3384 remanebat;
3067 3307 3171 3368 sed
3223 3325 3356 3396 cum
3407 3309 3681 3373 universa

308 3403 446 3480 πρὸς
495 3402 592 3468 τὴν
646 3399 768 3458 θέαν
824 3399 1094 3479 συνέῤῥεον
1127 3416 1145 3434 ⁸
1189 3399 1278 3481 ὑφ’
1333 3403 1407 3459 ὧν
1461 3403 1492 3470 ἡ
1542 3403 1692 3478 τιμία
1744 3402 1906 3484 κεφαλ

2085 3394 2422 3456 Iultitudine
2443 3395 2822 3457 confluebant
2851 3415 3062 3458 omnes
3083 3397 3156 3459 ad
3177 3394 3622 3480 spectaculum;
3650 3418 3683 3462 a

312 3487 448 3558 α’ύτη
478 3490 568 3547 σὺν
606 3490 753 3557 πάση
810 3487 1085 3566 δοξολογία
1143 3492 1230 3547 καὶ
1278 3489 1452 3556 αἴνοις
1507 3490 1654 3552 ἔνδον
1684 3482 1910 3570 εἰσάγετι

2084 3482 2250 3545 uibus
2279 3483 2394 3545 hoc
2423 3485 2835 3546 venerandum
2861 3494 3037 3564 caput
3061 3505 3193 3547 cum
3217 3486 3379 3548 omni
3411 3487 3590 3549 laude
3623 3498 3682 3550 et

314 3586 407 3636 106
462 3580 608 3639 ναοῦ.
653 3578 805 3636 Ἐπεὶ
835 3577 889 3634 δὲ
919 3581 1006 3635 καὶ
1064 3579 1100 3646 ὴ
1163 3579 1394 3659 μακαρία
1438 3579 1702 3657 Ματρώνα
1747 3581 1912 3656 σύναμ

2080 3573 2474 3635 loriticatione
2495 3575 2556 3635 in
2572 3575 2858 3655 templum
2873 3575 3296 3638 introducitur.
3317 3577 3464 3640 Cum
3479 3587 3677 3639 autem

309 3668 509 3733 πάσαις
569 3680 697 3732 ταῖς
751 3667 1104 3743 μοναζούσαις
1174 3670 1313 3726 κατὰ
1367 3667 1490 3726 θέαν
1546 3676 1640 3726 τοῦ
1698 3669 1907 3749 φανέντι

2079 3664 2450 3725 [atronacum
2479 3662 2758 3726 omnibus
2786 3665 3096 3728 monachis
3127 3665 3677 3746 interfuissetspec-

305 3764 510 3836 παρῆν,
543 3755 810 3837 προσῆλθέ
857 3779 940 3838 τε,
984 3759 1073 3815 καὶ
1123 3765 1218 3816 τοῦ
1269 3757 1618 3837 προκειμένου
1648 3758 1746 3828 τῆς
1779 3781 1903 3839 κεφο

2083 3751 2232 3812 ιουιο
2264 3752 2418 3830 ejus,
2447 3752 2607 3829 quod
2639 3761 3016 3833 apparuerat,
3066 3753 3317 3816 accessit
3370 3762 3429 3816 et
3485 3755 3681 3817 hausit

308 3849 414 3917 λῆς
466 3848 702 3928 ἠρύσατο
752 3847 937 3928 μύρου,
999 3846 1282 3923 μετάδοσις
1355 3848 1515 3906 αὖ)τοῦ
1569 3851 1662 3906 καὶ
1722 3848 1906 3906 ἀκούσαι

2082 3861 2115 3902 x
2153 3849 2453 3919 unguento
2485 3839 2716 3922 capitis,
2748 3842 2906 3920 quod
2940 3850 3067 3904 erat
3107 3844 3496 3924 propositum.
3532 3844 3680 3923 Ejus

307 3939 510 4006 ταύτης
568 3939 700 4017 πρὸς
756 3940 876 4003 τοὺς
905 3938 1170 4018 παρόντας
1213 3938 1440 4016 ὶγίνετο.
1475 3936 1672 4004 ’Ὅπως
1706 3936 1761 3994 δὲ
1801 3945 1905 3996 τοῦ·

2081 3929 2504 3992 ommunicatio
2536 3930 2687 3991 facta
2717 3939 2830 4006 est,
2884 3949 2954 3993 ea
3001 3932 3180 3994 etiam
3228 3932 3434 4008 invita,
3471 3932 3545 3994 iis
3575 3933 3679 4014 qui

305 4029 400 4086 καὶ
429 4029 563 4108 πρὸς
591 4028 642 4084 τί
671 4031 959 4085 συνωθεϊτο
987 4017 1152 4108 παρὰ
1213 4035 1345 4085 Θεοῦ
1398 4029 1460 4084 10
1504 4027 1756 4086 ἀκούσιον
1784 4050 1903 4108 προς

2081 4020 2312 4082 derant.
2345 4017 2654 4092 Quomodo
2687 4026 2882 4081 autem
2914 4029 2969 4082 et
3000 4039 3108 4083 cur
3128 4020 3239 4083 hoc
3257 4039 3328 4083 ea
3351 4021 3530 4082 invita
3554 4022 3676 4084 fac-

309 4119 463 4198 έχειν
492 4121 520 4175 ὁ
561 4115 723 4195 λόγος
767 4117 904 4174 ὥστε
961 4121 1153 4193 μαθεῖν
1199 4121 1336 4195 ὑμᾶς
1367 4119 1635 4194 βούλεται.
1673 4118 1822 4176 Κατά
1853 4141 1907 4195 με

2082 4130 2166 4172 um
2201 4111 2298 4192 sit,
2334 4111 2390 4170 id
2424 4128 2541 4190 quo
2573 4108 2894 4171 dicendum
2928 4119 3040 4189 est,
3073 4111 3197 4172 vult
3225 4128 3334 4174 vo:
3369 4113 3680 4175 attendere

307 4230 406 4264 σου
463 4207 564 4286 γὰρ
619 4213 711 4265 τοῦ
770 4206 1006 4278 πλήθους
1070 4207 1448 4288 ἀποληφθετσα
1491 4209 1580 4264 καὶ
1637 4207 1715 4284 μὴ
1744 4229 1905 4286 συγχι

2083 4199 2378 4263 tdiscere.
2413 4198 2478 4260 In
2512 4199 2708 4288 media
2738 4199 2897 4260 enim
2923 4199 3253 4281 intercepta
3277 4201 3675 4277 multitudine,

311 4295 540 4376 ρουμένη
583 4297 683 4364 τὴν
740 4293 937 4375 ἔξοδον,
993 4298 1066 4360 ὡς
1098 4287 1312 4354 πάντων
1340 4298 1470 4376 πρὸς
1504 4298 1566 4353 τὸ
1595 4294 1786 4355 λαϐεῖν
1833 4299 1909 4356 ἑαι

2080 4309 2174 4351 um
2209 4289 2263 4352 ei
2294 4308 2410 4351 non
2443 4287 2880 4350 concederetur
2926 4290 3141 4365 exitus,
3198 4298 3399 4371 utpote
3429 4291 3586 4372 quod
3616 4300 3678 4353 ut

309 4353 433 4451 τοὺς
489 4385 868 4466 εἷσωθούντων,
898 4353 950 4452 ἐξ
980 4388 1141 4466 οὗπερ
1197 4385 1331 4453 αὕτη
1383 4353 1587 4467 ῑεῖληφε
1647 4387 1810 4465 μύρου
1867 4409 1902 4444 κ

2081 4382 2400 4461 cciperent,
2434 4397 2648 4440 omnes
2678 4396 2742 4439 se
2778 4378 3154 4441 intruderent
3190 4401 3203 4439 :
3259 4353 3328 4442 ex
3378 4353 3472 4455 eo:
3522 4382 3679 4462 quod

306 4487 430 4539 τοῖς
488 4473 672 4538 ἄλλοις
707 4475 1034 4554 ἠναγκάζετο
1063 4488 1367 4537 κοινωνεῖν.
1402 4473 1493 4532 Ἐν
1522 4475 1576 4532 δὲ
1621 4481 1698 4550 τῷ
1745 4473 1904 4532 διαδοῖ

2081 4477 2369 4550 cceperat,
2398 4476 2700 4548 unguento
2714 4478 3024 4530 coactaest
3042 4468 3508 4550 aliisimpertiri.
3533 4474 3679 4532 Dum

309 4586 398 4623 ναι
456 4565 656 4632 ταύτην
686 4565 858 4643 πηρός
891 4585 973 4628 τις
1001 4565 1096 4628 τὰς
1127 4562 1277 4643 ὄψεις
1323 4565 1383 4622 ἐκ
1430 4568 1652 4644 γενετῆς
1685 4564 1907 4644 παραδρα

2076 4567 2234 4622 utem
2267 4577 2336 4621 ea
2375 4558 2789 4634 distribuerat,
2851 4558 3092 4640 quidam
3143 4558 3217 4620 ab
3268 4567 3401 4620 ortu
3458 4578 3674 4638 caecus,

311 4655 430 4731 μὼν
487 4653 714 4728 πάντας,
749 4653 887 4723 ἦσαν
931 4655 1032 4733 γὰρ
1075 4655 1162 4711 καὶ
1203 4660 1312 4711 τῶν
1344 4655 1525 4734 ἱερέων
1578 4655 1719 4721 τινὲς
1761 4656 1815 4711 οἳ
1866 4677 1909 4712 κε

2083 4666 2247 4710 mnes
2281 4656 2749 4728 praatercurrens
2772 4648 2963 4729 (erant
2982 4649 3142 4710 enim
3163 4656 3304 4711 tunc
3325 4649 3566 4730 quidam
3589 4669 3681 4712 sa-

307 4743 411 4810 τὴν
466 4749 561 4801 106
613 4743 752 4800 Θείου
811 4744 978 4820 μύρου
1025 4743 1149 4800 τότε
1193 4741 1426 4800 διάδοσιν
1481 4747 1778 4819 ἐποιοῦντο,
1827 4745 1905 4824 πρ]

2076 4736 2333 4812 erdotes,
2367 4737 2466 4818 qui
2499 4736 2682 4797 divini
2712 4740 2998 4815 unguenti
3046 4737 3339 4800 faciebant
3381 4738 3673 4802 distribu-

311 4833 476 4902 αὐτὴν
534 4833 660 4914 ἧκε,
719 4831 885 4896 πολὺς
942 4833 1248 4910 ἐγκείμενος
1291 4846 1414 4897 ταῖς
1459 4831 1721 4905 δεήσεσιν.
1781 4825 1846 4891 Ἠ
1902 4834 1909 4886 ἑ

2075 4827 2318 4907 ionem),
2351 4827 2510 4888 venit
2542 4827 2610 4887 ad
2646 4827 2856 4906 ipsam,
2890 4826 3062 4889 valde
3094 4826 3323 4890 instans
3370 4829 3673 4909 precibus.

309 4926 390 4986 τῷ
443 4923 606 4999 τιμίω
647 4924 796 5003 μύρῳ
825 4924 947 4985 τοὺς
1007 4924 1203 4990 τύπους
1258 4926 1364 4982 τῶν
1410 4921 1587 5000 ὄψεων
1633 4923 1907 5004 ἐπιχρίσας

2075 4917 2144 4978 lla
2165 4933 2303 4977 vero
2327 4934 2459 4976 cum
2491 4915 2750 4995 pretioso
2767 4924 3065 4994 unguento
3091 4916 3295 4978 oculos
3317 4917 3673 5000 inunxisset,

310 5017 652 5092 παραχρῆμα
707 5012 884 5092 φωτδς
916 5011 1084 5068 ἐποίει
1127 5014 1320 5082 θεατὴν
1374 5013 1466 5070 τὸν
1509 5013 1700 5071 οὔποτε
1755 5003 1908 5092 πρότε

2083 5023 2180 5068 um
2214 5004 2351 5067 fecit
2385 5004 2576 5066 lucem
2611 5003 2885 5084 protinus
2915 5004 3158 5079 intueri,
3187 5005 3288 5086 qui
3321 5013 3495 5068 antea
3525 5025 3681 5069 nun-

384 5173 460 5244 (t)
509 5173 650 5242 Quae
703 5171 801 5230 hic
854 5172 926 5230 de
984 5173 1315 5232 inventione
1352 5173 1557 5245 capitis
1611 5173 1668 5232 S.
1718 5171 1959 5230 Joannis
2039 5165 2431 5248 49;,Cedren.
2475 5166 2535 5227 in
2567 5164 2895 5248 Compend.
2930 5165 3086 5248 an__6
3140 5164 3675 5248 Theodosij_imp.,

311 5254 604 5326 Baptistae,
637 5255 835 5312 eadem
864 5259 1069 5314 testata
1101 5244 1439 5326 relinquunt
1469 5252 1832 5312 Marcellinus
1860 5267 1964 5311 co-
2043 5247 2231 5329 Sigih.
2267 5247 2330 5306 in
2364 5247 2591 5329 Chron.
2627 5244 2729 5329 an.
2748 5246 2957 5326 392,et
2984 5245 3115 5308 aliis
3147 5254 3403 5329 constet,
3433 5244 3682 5329 Valente

311 5348 437 5392 mes
459 5336 518 5392 in
551 5331 774 5404 Clum,
812 5333 968 5392 Beda
1017 5334 1075 5392 in
1116 5335 1285 5393 Marci
1314 5348 1440 5406 cap.
1491 5347 1566 5401 νι,
1619 5346 1674 5393 et
1729 5333 1831 5392 lib.
1892 5331 1964 5392 De
2044 5328 2398 5410 imperante,
2447 5327 2605 5410 idem
2637 5326 2965 5410 inventum,
3002 5335 3060 5388 et
3088 5326 3487 5410 aTheoddsio
3530 5327 3680 5410 imp.

311 5430 407 5475 εει
458 5419 633 5482 ωιαιη
664 5415 778 5472 Ado
835 5414 898 5472 in
940 5412 1148 5474 Chron.
1198 5424 1254 5473 et
1285 5415 1425 5486 alii;
1467 5415 1567 5472 sed
1597 5422 1794 5473 errant
1823 5422 1964 5473 teste
2046 5406 2618 5490 Constantinopolim
2643 5406 3464 5490 annoi361,utvultBaron.,
3491 5406 3685 5472 trans-

312 5496 582 5563 Baronio,
618 5496 678 5552 in
707 5504 983 5568 tempore,
1015 5510 1150 5555 cum
1197 5510 1270 5554 ex
1319 5496 1542 5555 Sozom.
1575 5493 1710 5554 Hist.
1745 5493 1847 5553 lib.
1889 5505 1961 5553 vl.
2047 5490 2228 5551 latum
2256 5487 2459 5569 fuerit.
2494 5489 2752 5552 Consule
2789 5489 2924 5569 Bar.
2949 5487 2956 5488 “
2978 5491 3275 5567 Annales,
3314 5507 3414 5553 an.
3447 5490 3589 5569 391,
3623 5498 3682 5559 et

311 5593 417 5656 cap
445 5579 541 5647 21,
570 5566 860 5651 Prospero
902 5577 961 5638 in
1014 5577 1221 5639 Chron.
1267 5577 1504 5654 Niceph.
1547 5577 1648 5637 lib.
1685 5589 1783 5646 ιιι,
1834 5591 1962 5653 cap.
2047 5579 2219 5633 notas
2249 5568 2310 5635 in
2342 5573 2600 5654 Martyr.
2635 5569 2838 5653 Rom,
2871 5566 2946 5631 29
2975 5571 3123 5651 Aug.
3158 5572 3216 5633 6.
