4048 6136
459 239 574 306 935

1639 232 2024 300 ADDENDA.
2069 267 2148 280 —
2203 231 2648 299 NOVEMBER.

3705 232 3813 298 936

447 391 622 455 quam
659 371 909 433 viderat.
968 369 1090 432 Hoc
1138 388 1270 431 eam
1327 387 1603 449 magnam
1661 367 1997 448 praedicavit
2028 387 2061 429 e

2169 391 2256 432 ρον
2301 371 2428 426 αῦτδ
2480 370 2836 446 θεασάμενον.
2896 379 3064 429 Τοῦτο
3117 370 3360 449 μεγάλην
3407 371 3569 438 αὐτὴν
3603 369 3817 448 ἐκήρυξε

444 461 814 544 praeclaram,
863 467 923 522 et
955 459 1152 522 effecit
1205 467 1267 519 ut
1315 467 1473 520 esset
1504 457 1658 539 apud
1692 477 1903 519 omnes
1933 457 2083 519 insi-

446 552 579 631 gnis
606 550 780 628 adeo,
815 562 880 610 ut
909 567 1120 610 omnes
1151 547 1422 610 dicerent
1456 567 1588 611 eam
1642 566 1796 619 esse,
1835 567 1966 628 quae
1995 548 2081 609 la—

447 650 573 703 tere
612 637 820 701 tandiu
873 646 964 698 est
1015 637 1316 716 meditata,
1369 652 1428 700 et
1477 656 1608 700 cum
1661 637 1803 700 viris
1848 638 1987 700 fecit
2017 651 2086 699 ea

445 749 575 810 quae
602 728 824 790 faciunt
852 727 1151 788 monachi.

524 817 672 881 XVI.
711 817 1002 880 Praeclara
1033 817 1157 877 huic
1188 815 1341 877 fama
1374 835 1578 878 rursus
1617 815 1849 878 vocavit
1879 815 2083 878 Domi-

441 908 691 983 tianum,
721 915 781 968 et
811 905 990 967 veluti
1025 923 1202 967 manu
1239 913 1511 985 tangens,
1549 905 1688 967 fecit
1720 925 1853 967 eum
1881 907 2081 968 venire

442 997 517 1058 ad
548 995 999 1058 monasterium.
1025 995 1168 1057 Cum
1194 1006 1392 1056 autem
1426 995 1749 1057 audivisset
1776 1014 1909 1056 esse
1933 995 2080 1058 viris

445 1086 807 1168 prohibitum
861 1085 1218 1164 ingressum,
1275 1085 1474 1146 celans
1526 1084 1580 1145 id
1632 1085 1787 1165 quod
1823 1085 2078 1168 volebat,

443 1174 740 1239 simulavit
767 1173 1040 1254 pietatem
1061 1193 1074 1236 :
1095 1183 1155 1235 et
1174 1183 1342 1252 rogat
1365 1192 1472 1254 per
1491 1176 1775 1250 quasdam
1801 1174 2077 1250 feminas,

443 1263 802 1328 utorationis
815 1262 999 1343 gratia
1014 1271 1070 1324 et
1091 1261 1460 1323 adoratiouis
1479 1263 1706 1324 videret
1727 1262 2078 1324 Matronam.

439 1355 543 1418 Illa
559 1363 757 1416 autem
775 1373 907 1414 cum
935 1352 1298 1430 diligentiori
1326 1351 1788 1427 interrogatione
1803 1353 2076 1431 ctsignis,

443 1463 572 1528 quae
597 1453 767 1505 erant
792 1443 847 1503 in
869 1443 1058 1517 vultu,
1089 1460 1157 1501 ex
1188 1441 1263 1500 iis
1297 1461 1428 1520 qua)
1457 1441 1753 1508 audiebat.
1792 1443 1920 1521 ejus
1947 1461 2079 1504 esse

443 1537 715 1595 maritum
751 1532 993 1612 pulchre
1043 1531 1398 1610 agnovisset,
1459 1531 1597 1610 quid
1662 1531 2080 1592 machinatur?

435 1622 592 1685 Petit
620 1623 874 1703 spatium
907 1629 1134 1700 septem
1169 1620 1426 1694 dierum,
1461 1630 1521 1682 et
1552 1629 1679 1700 post
1711 1620 1844 1680 illos
1873 1638 1937 1681 se
1970 1639 2077 1700 per

2168 460 2257 514 καὶ
2316 459 2563 536 λαμπρὰν
2592 461 2680 515 καὶ
2713 461 2853 536 παρὰ
2911 467 3072 516 πᾶσιν
3135 459 3278 516 εἶναι
3337 457 3625 526 διαϐόητον
3680 481 3817 537 παρ-

2169 548 2472 620 εσκεύασεν,
2546 547 2684 604 ὥστε
2729 547 2906 627 λέγειν
2976 549 3218 613 ἅπαντας
3278 549 3439 618 αῦτην
3496 550 3648 604 εἶναι
3725 550 3818 615 τὴν

2168 634 2350 693 λαθεῖν
2379 638 2464 693 ἐπὶ
2509 637 2702 716 χρόνον
2761 639 3010 694 τοσοῦτον
3067 635 3492 704 ἐπιτηδεύσασαν
3543 639 3638 694 καὶ
3703 638 3819 712 μετ’

2167 724 2368 796 ἀνδρῶν
2408 727 2475 782 τὰ
2503 734 2610 782 τὼν
2654 727 2912 806 μοναχῶν
2941 725 3282 786 διανύσασαν.

2247 815 2371 890 ις’.
2404 806 2467 872 Ἠ
2501 814 2720 893 λαμπρὰ
2758 817 2889 882 αὕτη
2923 818 3083 892 φήμη
3145 818 3232 872 καὶ
3297 818 3624 891 Δομετιανὸν
3680 816 3820 878 αὖθις

2165 903 2366 982 ἐκάλει,
2400 906 2486 960 καὶ
2520 907 2678 961 οἱονεὶ
2723 907 2908 983 χειρὸς
2940 905 3192 979 ἁψαμένη
3242 906 3370 983 πρὸς
3417 907 3476 961 τὸ
3531 907 3820 980 μοναστή-

2165 1015 2274 1072 ριον
2351 995 2517 1049 ἐποίει
2590 991 2943 1057 καταλαϐεῖν,
3034 995 3182 1051 Ἐπεὶ
3251 994 3305 1049 δὲ
3355 1005 3509 1053 τοῦτο
3567 993 3823 1069 ἀνδράσιν

2163 1084 2388 1150 ἠκούετο
2443 1083 2826 1158 κεκωλυμένην
2885 1083 3035 1164 ἔχειν
3092 1085 3190 1150 τὴν
3265 1083 3472 1141 εἴσοδον
3508 1132 3521 1156 ,
3607 1084 3822 1162 κρύψας

2163 1171 2190 1227 ὅ
2331 1169 2392 1194 ’β
2439 1172 2502 1227 Ιλι
2971 1175 2983 1193 ο
3109 1175 3154 1207 ,1
3218 1196 3240 1210 .
3427 1173 3447 1192 .\
3510 1172 3533 1190 ﬁ
3575 1175 3586 1188 ο

2196 1193 2292 1251 περ
2327 1195 2454 1240 ηοου
2494 1194 2602 1244 ετο,
2636 1194 2692 1228 εδ
2767 1194 2914 1229 οειαν
2967 1195 3303 1249 υπεκρινειο,
3350 1196 3445 1230 και
3505 1193 3591 1229 οια
3660 1194 3818 1229 τινων

2163 1267 2428 1339 γυναικῶν
2480 1262 2624 1327 ἀξιοῖ
2674 1261 2842 1340 εὗχῆς
2896 1263 3058 1340 χάριν
3102 1266 3187 1319 καὶ
3243 1265 3658 1339 προσκυνήσεως
3720 1263 3815 1330 τὴν

2167 1351 2456 1428 Ματρώναν
2516 1351 2670 1410 ἰδεῖν.
2703 1354 2767 1406 Ἥ
2800 1351 2854 1406 δὲ
2888 1351 2954 1406 δι’
3006 1350 3390 1430 ἀκριϐεστέρων
3440 1358 3545 1407 τῶν
3591 1353 3813 1429 ἐρωτή-

2163 1461 2298 1496 σεων
2356 1443 2444 1496 καὶ
2501 1449 2606 1496 τῶν
2669 1441 2720 1496 ἐν
2778 1445 2856 1512 τῷ
2908 1443 3180 1516 προσώπῳ
3242 1439 3522 1515 συμϐόλων
3579 1441 3677 1520 ἀφ’
3741 1443 3814 1497 ὧν

2160 1529 2318 1596 ἤκουε
2369 1532 2458 1585 τόν
2519 1529 2674 1609 ἄνδρα
2719 1531 2917 1595 ταύτης
2961 1529 3105 1586 εἶναι
3151 1529 3327 1591 καλῶς
3387 1529 3725 1607 ἀνα-(νουσα,
3771 1532 3821 1584 τί

2509 1639 2525 1696 ς
2561 1612 2727 1676 Ἐπτα
2757 1623 2972 1696 ἡμερῶν
3033 1622 3261 1674 αἰτεῖται
3309 1621 3520 1696 καιρὸν,
3560 1622 3658 1674 καὶ
3702 1625 3822 1691 μετ’

2161 1642 2276 1698 μηγ
2289 1625 2473 1675 ανᾱται
2509 1639 2525 1698 ;

435 1713 620 1773 otium
657 1714 715 1771 in
752 1717 1138 1790 conspectum
1199 1710 1332 1787 ejus
1382 1727 1513 1770 esse
1564 1717 1893 1769 venturam.
1950 1708 2067 1771 Hoc

2159 1708 2359 1770 ἐκείνας
2416 1711 2517 1764 ὑπὸ
2567 1710 2664 1776 τὴν
2721 1708 2884 1774 αὐτὴν
2929 1707 3050 1782 ὄψιν
3104 1708 3353 1786 ἐντυχεῖν
3422 1707 3618 1780 ἐκείνῳ
3683 1710 3822 1764 κατὰ

435 1819 569 1863 cum
600 1800 971 1864 Domitianus
1003 1798 1290 1860 audiisset
1321 1817 1353 1859 a
1387 1797 1756 1873 mulieribus,
1791 1798 1916 1878 ipse
1947 1799 2071 1879 qui-

435 1891 572 1952 dem
603 1909 635 1952 a
659 1909 764 1970 spe
796 1890 1088 1968 pendens,
1121 1887 1397 1966 sedebat,
1451 1888 1509 1948 in
1570 1886 1771 1948 animo
1827 1907 2072 1950 versans

434 1979 590 2042 diem
626 1979 1011 2057 praefinitum,
1067 1986 1126 2038 et
1181 1985 1533 2058 exspectans
1583 1978 1802 2050 videre,
1850 1985 1909 2039 et
1949 1979 2069 2056 jam

432 2087 562 2130 eam
595 2069 815 2130 habere
866 2068 923 2128 in
979 2066 1255 2128 manibus
1309 2067 1536 2128 visione
1583 2067 2066 2146 apprehendens.

430 2159 697 2220 Matrona
723 2165 918 2219 autem
965 2174 1170 2218 rursus
1201 2156 1447 2218 studens
1487 2158 1696 2228 latere,
1734 2158 2066 2236 proﬁcisci—

429 2257 524 2310 tur
554 2245 981 2326 Hierosolyma,
1031 2245 1179 2307 nihil
1229 2244 1387 2306 aliud
1444 2245 1668 2321 induta,
1707 2264 1882 2326 quam
1917 2265 2066 2328 pan-

427 2357 568 2399 num
602 2355 672 2399 ex
705 2337 841 2417 pilis
873 2344 1239 2412 contextum,
1274 2345 1332 2398 et
1360 2335 1661 2397 modicum
1704 2336 1874 2416 panis
1907 2337 2065 2414 frag-

427 2436 695 2489 mentum
725 2444 926 2488 secum
959 2425 1182 2488 ferens.

509 2515 688 2580 XVII.
723 2516 868 2577 Cum
901 2523 1134 2596 septem
1165 2522 1363 2576 autem
1397 2514 1525 2576 dies
1557 2513 2063 2589 intercessissent,

427 2618 493 2670 ut
513 2607 898 2669 constitutum
923 2604 1162 2685 quidem
1191 2603 1401 2674 fuerat,
1435 2611 1724 2664 venerunt
1755 2602 2064 2678 mulieres;

427 2697 780 2758 audiverunt
812 2701 1008 2754 autem
1043 2711 1076 2753 a
1109 2693 1434 2768 monachis,
1490 2711 1620 2772 quae
1652 2693 1797 2773 ipsa;
1829 2711 2066 2773 quoque

429 2783 770 2861 erantgravi
789 2799 1090 2863 oppressae
1115 2781 1490 2862 aegritudine,
1519 2782 1678 2864 quod
1708 2799 1780 2844 ex
1803 2801 1918 2862 quo
1933 2800 2062 2845 eam

429 2882 851 2948 convenerant,
885 2870 957 2933 ab
991 2871 1077 2933 eis
1103 2890 1221 2933 non
1247 2880 1403 2933 esset
1451 2871 1703 2952 amplius
1747 2873 1868 2933 visa
1903 2895 1915 2935 :
1953 2891 2064 2934 ne-

428 2985 542 3046 que
572 2982 635 3025 se
668 2963 848 3038 scire,
885 2961 1126 3023 ubinam
1161 2970 1341 3026 esset.
1382 2961 1503 3024 Illae
1527 2980 1662 3022 vero
1695 2961 1810 3024 cito
1844 2962 2067 3023 abeun-

427 3063 540 3129 tes,
559 3059 868 3134 postquam
886 3052 1010 3113 haec
1029 3051 1399 3126 didicissent,
1418 3051 1694 3114 dixerunt
1708 3050 2061 3117 Domitiano.

425 3142 482 3206 ls
510 3151 706 3204 autem
768 3139 1196 3202 vehementiori
1247 3140 1447 3202 cordis
1496 3139 1705 3201 dolore
1737 3139 2061 3214 sauciatus,

425 3249 545 3294 non
585 3239 779 3292 cessat
827 3228 1064 3291 curiose
1113 3229 1496 3308 perscrutari,
1557 3228 1748 3294 donec
1804 3228 2066 3289 venisset

424 3319 865 3401 Hierosolyma.
913 3317 983 3380 Et
1041 3337 1174 3380 cum
1224 3335 1430 3379 rursus
1460 3318 1520 3378 in
1573 3317 1717 3380 alias
1759 3317 2066 3379 incidisset

428 3412 736 3492 mulieres,
771 3412 859 3471 eis
891 3407 1241 3470 describens
1274 3407 1526 3469 formam
1556 3406 1704 3486 ejus,
1739 3425 1871 3487 qua:
1902 3427 2063 3487 quae-

421 3502 684 3576 rebatur,
721 3499 994 3562 movebat
1047 3515 1285 3559 omnem
1338 3496 1625 3575 lapidem,
1668 3495 1873 3557 volens
1903 3496 2060 3559 scire

421 3592 663 3654 ubinam
693 3610 762 3653 ea
780 3596 1134 3650 versaretur.
1157 3587 1278 3649 Illae
1295 3597 1493 3648 autem
1519 3585 1798 3648 dicebant
1816 3586 2058 3666 quidem

419 3701 482 3745 se
509 3682 729 3744 vidisse
764 3679 862 3742 tali
894 3679 1045 3740 facie
1099 3677 1410 3740 mulierem
1462 3699 1475 3735 :
1532 3694 1651 3738 non
1697 3694 1872 3757 posse
1920 3695 2056 3738 vero

415 3779 618 3852 aperte
648 3771 826 3851 scire,
861 3769 1103 3832 ubinam
1130 3775 1305 3830 esset.
1331 3765 1445 3829 Ubi
1471 3766 1628 3828 enim
1664 3783 1799 3827 sero
1825 3766 2060 3828 venerit

417 3861 489 3924 ad
521 3863 940 3940 diversorium,
990 3859 1054 3919 in
1101 3857 1295 3937 aliquo
1341 3856 1581 3937 quidem
1629 3855 1850 3936 templo
1881 3857 2058 3919 exiis

419 3969 550 4031 quae
579 3951 702 4012 illic
737 3959 894 4022 sunt,
932 3949 1298 4022 diversatur;
1344 3946 1580 4009 festinat
1614 3956 1810 4008 autem
1854 3966 2058 4009 rursus

418 4040 533 4101 alio
568 4041 842 4101 transire.
879 4037 998 4098 Nos
1030 4048 1252 4118 tamen,
1286 4037 1588 4117 inquiunt,
1625 4037 1732 4098 tibi
1761 4037 2058 4099 inservie-

421 4147 552 4190 mus
597 4127 668 4190 ad
721 4145 848 4188 eam
904 4126 1352 4189 inveniendam.
1387 4127 1736 4205 Singulatim
1770 4126 1931 4187 enim
1963 4126 2058 4186 di-

415 4221 576 4295 visae,
604 4217 889 4281 festinans
919 4236 1050 4298 quae
1082 4235 1209 4278 eam
1245 4215 1497 4296 primam
1537 4215 1770 4288 viderit.
1804 4216 2056 4277 celerri-

417 4329 514 4373 me
546 4309 842 4373 accedens
877 4307 978 4368 tibi
1010 4305 1391 4386 significabit.
1438 4307 1635 4384 Atque
1667 4304 1783 4366 illae
1811 4305 2054 4382 quidem

415 4400 734 4474 faciebant,
767 4399 920 4459 sicut
953 4396 1246 4458 dixerant.

497 4469 990 4552 XVlllaMatrona
1011 4494 1206 4546 autem
1231 4501 1365 4545 cum
1386 4482 1466 4545 ita
1479 4481 2058 4558 accidisset,obviam
2082 4469 2126 4522 θ

417 4578 570 4639 facta
597 4575 910 4639 accedenti
940 4574 1297 4649 Domitiano,
1330 4591 1467 4634 cum
1521 4591 1658 4636 eum
1691 4573 2055 4652 agnovisset,

419 4667 550 4729 ﬁxis
581 4666 746 4728 humi
777 4664 985 4739 oculis,
1021 4672 1078 4725 et
1127 4681 1364 4724 manum
1415 4672 1587 4725 terrae
1617 4661 1962 4741 admovens,
1998 4672 2062 4725 ut

417 4757 655 4820 tolleret
683 4754 964 4836 lapidem,
1000 4771 1136 4817 eum
1171 4771 1241 4815 ex
1289 4753 1548 4816 adverso
1601 4763 2058 4835 praetereuntem

417 4848 590 4910 latuit
612 4848 935 4928 sapienter.
959 4847 1142 4908 Porro
1171 4855 1368 4908 autem
1393 4862 1526 4906 cum
1547 4843 1664 4905 illis
1679 4845 2061 4916 occurrisset,

413 4938 731 5019 inteligens
761 4955 1014 5018 quanam
1049 4935 1122 4996 de
1154 4953 1331 4997 causa
1368 4944 1548 4997 totam
1595 4933 1752 4995 illam
1782 4943 1897 4995 tam
1921 4934 2064 4996 dili-

415 5039 621 5110 genter
658 5027 897 5090 obirent
935 5025 1243 5106 regionem
1287 5024 1736 5104 investigantes,
1787 5036 1848 5085 et
1899 5043 1963 5084 se
1995 5043 2064 5086 ex

415 5121 606 5183 forma
663 5120 751 5182 eis
811 5123 1068 5180 evasisse
1129 5116 1528 5195 manifestam,
1560 5122 1618 5176 et
1667 5114 1797 5175 fore
1836 5123 1899 5176 ut
1931 5133 2065 5177 mox

416 5209 1057 5293 comprehenderetur,
1117 5225 1216 5269 eas
1256 5223 1497 5287 quoque
1547 5202 1764 5265 amovit
1813 5205 2064 5286 sapienti

420 5300 872 5379 echgitatione,
910 5307 1120 5378 petens
1151 5295 1270 5360 sibi
1303 5305 1422 5358 tres
1452 5293 1612 5357 solos
1637 5293 1768 5357 dies
1783 5297 2061 5372 concedi,

420 5392 583 5454 eunti
617 5391 676 5452 in
709 5398 970 5451 montem
1000 5387 1228 5460 Sinam,
1265 5392 1322 5447 ct
1354 5393 1486 5466 post
1528 5403 1630 5446 eos
1657 5402 1721 5447 se
1756 5394 2058 5448 venturam

419 5480 886 5560 quamprimum,
915 5486 974 5539 et
997 5476 1270 5538 maritum
1303 5485 1752 5538 conventuram.
1780 5478 2062 5540 Domitia-

420 5584 533 5632 nus
562 5585 700 5630 vero
740 5587 876 5631 cum
910 5568 1022 5631 hec
1049 5564 1415 5646 rescivisset,
1469 5565 1818 5630 existimans
1846 5584 2061 5633 rursus

2157 1797 2392 1877 σχολήν.
2429 1806 2592 1856 Τοῦτο
2625 1800 2756 1873 πρὸς
2807 1803 2910 1852 τῶν
2955 1804 3211 1874 γυναικῶν
3268 1799 3593 1872 Δομετιανὸς
3650 1797 3816 1852 ἀκού-

2155 1909 2270 1960 σας,
2308 1889 2462 1951 αύτὸς
2515 1889 2610 1961 μὲν
2653 1893 2758 1942 τῶν
2813 1885 3037 1942 ἐλπίδων
3092 1886 3402 1962 ἁναρτηθεὶς
3439 1891 3688 1952 καθῆστο
3719 1886 3816 1952 τὴν

2155 1977 2484 2054 ὡρισμένην,
2542 1979 2628 2033 ἐπὶ
2674 1976 2792 2033 νοῦν
2853 1976 3089 2055 στρέφων
3121 1974 3253 2032 ἰδεῖν
3289 1998 3350 2032 τε
3383 1976 3670 2050 ἀναμένων
3732 1977 3816 2031 καὶ

2154 2065 2257 2132 ἤδη
2287 2067 2340 2122 ἐν
2385 2070 2571 2146 χερσὶν
2604 2066 2752 2146 ἔχειν
2784 2066 2948 2134 αυῖιτὰν
2978 2067 3393 2146 φανταζόμενος.
3433 2059 3493 2123 Ἠ
3541 2067 3812 2144 Ματρώνα

2153 2155 2207 2210 δὲ
2256 2154 2549 2233 σπεύδουσα
2605 2158 2693 2212 καὶ
2737 2156 2879 2219 αὖθις
2923 2154 3107 2212 λαθεῖν
3169 2158 3282 2214 εὖθῦ
3332 2161 3439 2211 τῶν
3495 2155 3808 2234 Ἰεροσολύ-

2151 2267 2264 2320 μων
2297 2245 2516 2324 ἐχώρει,
2569 2244 2716 2301 οῦδὲν
2747 2245 2924 2323 ἕτερον
2983 2245 3018 2312 ἢ
3050 2244 3207 2321 ῥάκος
3239 2243 3552 2319 ἐνδεδυμὲνη
3594 2247 3666 2300 τὸ
3692 2246 3806 2325 τρί-

2149 2357 2328 2413 χινον,
2390 2337 2474 2390 καὶ
2520 2333 2677 2412 ἄρτου
2735 2356 2787 2389 τι
2846 2333 3135 2412 ἐλάχιστον
3193 2335 3314 2390 ὅσον
3371 2333 3563 2413 τρύοος
3594 2335 3807 2412 ἀπαγο-

2206 2423 2215 2440 ρ

2149 2445 2312 2498 μενη.

2235 2513 2335 2576 ΙΖ’,
2403 2512 2804 2591 Διαγενομὲνιοιν
2841 2513 2893 2568 δὲ
2951 2519 3057 2569 τῶν
3089 2513 3225 2568 ἑπτὰ
3272 2512 3486 2589 ἡμερῶν
3514 2514 3659 2568 κατὰ
3712 2513 3805 2587 μὲν

2149 2605 2209 2659 τὺ
2267 2603 2689 2680 συντεταγμένον
2748 2606 2800 2658 αἱ
2858 2617 3110 2679 γυναῖκες
3170 2602 3325 2668 ἧκονο
3382 2601 3525 2679 παρὰ
3583 2599 3641 2656 δὲ
3703 2609 3803 2658 τῶν

2149 2698 2490 2768 μοναζουσῶν
2537 2691 2729 2759 ἤκουον
2761 2691 2939 2768 πολλῇ
2992 2694 3079 2748 καὶ
3124 2692 3295 2750 αὐτῶν
3343 2697 3412 2766 τῇ
3443 2689 3586 2766 λύπῃ
3637 2690 3802 2766 βεϐα-

2148 2782 2418 2861 ρημένων,
2456 2779 2536 2838 ὅτι
2593 2778 2683 2860 ἀφ’
2724 2781 2884 2860 οὗπερ
2916 2783 2987 2847 εἰς
3049 2780 3240 2859 λόγους
3269 2779 3428 2848 ἦλθον
3483 2782 3643 2856 αὗτῇ,
3681 2779 3799 2839 053E

2147 2875 2284 2947 ἡμῖν
2314 2874 2374 2928 τὸ
2431 2871 2618 2928 λοιπὸν
2649 2870 2799 2950 ὤφθη
2850 2869 2963 2928 οὐδὲ
2995 2871 3126 2926 ὅπου
3183 2874 3286 2948 γῆς
3318 2872 3574 2949 τυγχάνει
3634 2871 3796 2948 γινώ-

2149 2983 2372 3036 σκσμεν,
2437 2961 2678 3016 Ἐκεῖναι
2711 2961 2850 3040 ταχὺ
2902 2959 3246 3032 ἀπελθοῦσαι,
3281 2962 3354 3023 ὡς
3388 2959 3582 3035 ἔμαθον
3612 2969 3797 3032 ταῦτα,

2146 3056 2226 3124 τῷ
2287 3057 2596 3126 Δομετιανῷ
2655 3049 2867 3128 ἔλεγον,
2904 3050 2992 3106 καὶ
3051 3051 3203 3112 οὗτος
3265 3049 3406 3116 λύπη
3467 3047 3802 3126 στεῤῥότερον

2149 3143 2246 3206 την
2306 3139 2518 3219 καρδίαν
2551 3140 2777 3217 πληγεὶς
2839 3139 2932 3195 οὐκ
2962 3139 3092 3195 ἀνίει
3151 3139 3217 3194 τὰ
3274 3137 3393 3195 κατ’
3428 3138 3597 3206 αὐτὴν
3646 3161 3797 3217 περι-

2145 3218 2496 3307 εργαζόμενος
2572 3229 2674 3294 ἕως
2745 3229 2832 3285 καὶ
2901 3230 2974 3292 εἰς
3057 3218 3394 3307 Ἰεροσόλυμα
3455 3236 3788 3306 παρεγίνετο,

2149 3317 2254 3376 Καί
2312 3321 2454 3382 αὖθις
2488 3318 2686 3397 ἑτέραις
2745 3319 3048 3399 περιτυχὼν
3082 3317 3310 3396 γυναιξὶν
3341 3315 3488 3382 ὅπως
3521 3340 3577 3374 τε
3631 3317 3785 3396 εἶχεν

2143 3409 2179 3474 τη
2253 3407 2558 3482 ζητουμένη
2623 3409 2759 3464 κατὰ
2821 3408 2917 3475 τὴν
2999 3407 3142 3464 ἰδέαν
3199 3408 3518 3486 ὑπογράφων
3579 3407 3782 3481 αῦταῖς,

2143 3498 2315 3557 πάντα
2373 3497 2514 3555 λίθον
2559 3497 2747 3578 ἐκίνει,
2781 3502 2973 3574 μαθεῖν
3031 3497 3223 3554 ἐθέλων
3279 3498 3374 3561 τὰς
3405 3497 3614 3563 ἐκείνης
3671 3498 3790 3552 δια-

2139 3585 2348 3665 τριϐάς,
2414 3590 2475 3643 Αἱ
2532 3585 2587 3642 δὲ
2619 3585 2751 3643 ἰδεῖν
2783 3589 2878 3663 μὲν
2915 3588 3166 3653 τοιαύτην
3213 3586 3336 3662 ὄψιν
3369 3588 3618 3664 γυναικὸς
3675 3585 3793 3643 ἕλε-

2139 3700 2258 3756 γον,
2301 3677 2397 3734 οῦκ
2431 3677 2578 3757 ἔχειν
2641 3676 2694 3733 δὲ
2726 3677 2914 3734 εἰδέναι
2967 3683 3152 3756 σαφῶς
3184 3675 3317 3732 ὅπου
3371 3679 3458 3733 καὶ
3501 3677 3617 3743 εἴη·
3676 3676 3795 3733 ἔνθα

2138 3769 2239 3846 γὰρ
2295 3767 2356 3822 ἂν
2388 3769 2462 3830 είς
2493 3767 2817 3846 καταγωγὴν
2846 3768 3052 3847 ὀφθείη,
3088 3765 3144 3822 ἔν
3197 3788 3300 3822 τινι
3332 3766 3432 3842 μὲν
3460 3772 3564 3821 τῶν
3616 3765 3794 3822 ἐκεῖσε

2141 3861 2280 3914 ναῶν
2336 3856 2608 3930 καταλύει,
2643 3856 2858 3913 σπεύδαι
2912 3855 2967 3913 δὲ
3023 3855 3183 3915 πάλιν
3233 3855 3478 3934 ἀλλαχοῦ
3531 3853 3795 3930 μεταϐαί-

2141 3969 2270 4010 νειν,
2333 3947 2522 4022 ’Ὅμως
2559 3947 2722 4022 ἡμεῖς
2754 3969 2858 4020 σοι,
2896 3947 3045 4027 φασὶ,
3077 3947 3208 4024 πρὸς
3239 3946 3336 4013 τὴν
3391 3944 3560 4014 αὐτῆς
3595 3944 3796 4024 εὕρεσιν

2140 4038 2565 4116 ὕπουργήσομεψ
2656 4037 2843 4100 ἑαυτὰς
2899 4037 2998 4114 γὰρ
3074 4037 3211 4092 κατὰ
3291 4035 3416 4110 μίαν
3487 4033 3790 4111 διελόμεναι

2143 4128 2443 4202 σπεύσομεν
2501 4124 2619 4193 ἥτις
2679 4124 2740 4180 ἂν
2797 4125 2962 4193 αὐτὴν
3021 4125 3206 4204 πρώτη
3259 4126 3345 4181 καὶ
3395 4121 3529 4205 ἴδοι,
3560 4125 3790 4204 τάχιστά

2143 4238 2224 4272 σοι
2289 4214 2650 4294 προσελθοῦσα
2734 4224 3128 4290 καταμηνῦσαι.
3219 4213 3458 4271 Ἐκεῖναι
3520 4213 3620 4290 μὲν
3704 4214 3789 4270 οὖν

2141 4304 2320 4384 ὥσπερ
2353 4305 2512 4361 εἶπον
2543 4304 2779 4365 ἐποίουν.

2225 4482 2338 4547 IH'.
2402 4474 2464 4540 Ἠ
2523 4482 2787 4562 Ματρώνα
2841 4481 2918 4563 δὲ,
2974 4482 3111 4541 οὕτω
3173 4480 3402 4560 συμϐάν,
3462 4484 3668 4540 ἐπιόντι
3714 4490 3788 4558 τῷ

2145 4581 2454 4650 Δομετιανῷ
2503 4573 2871 4642 συναντήσασα
2930 4572 3025 4628 καί
3081 4574 3403 4653 γνωρίσασα,
3453 4573 3517 4629 τὸ
3574 4573 3789 4650 βλέμμα

2141 4684 2199 4720 τε
2255 4661 2339 4720 ἐπ’
2375 4659 2596 4742 ἐδάφους
2653 4660 2893 4738 ἐρείσασα
2927 4663 3014 4719 καὶ
3042 4664 3138 4731 τὴν
3191 4675 3358 4742 χεῖρα
3391 4660 3548 4738 δῇθεν
3599 4663 3686 4720 ἐπὶ
3718 4667 3790 4736 τῷ

2143 4751 2284 4809 λίθον
2327 4753 2447 4829 ἆραι
2507 4760 2936 4830 προσενεγκοῦσα
2989 4758 3057 4830 τῇ
3112 4753 3186 4832 γῆ
3231 4752 3606 4830 ἆντιπαριόντα
3669 4760 3793 4810 τοῦ-

2143 4865 2235 4899 τον
2292 4840 2540 4900 ἐλάνθανε
2607 4847 2859 4906 συνετῶς.
2953 4841 3229 4906 Κᾶκείναις
3288 4839 3344 4898 δὲ
3425 4843 3794 4912 συναντήσασα

2149 4930 2229 5010 ἐφ’
2289 4934 2333 5005 ᾧ
2376 4928 2556 5003 κύκλῳ
2612 4935 2788 4987 πᾶσαν
2844 4930 3285 5011 ἑκπεριέρχονται
3341 4931 3438 4998 τὴν
3493 4932 3794 5013 περίχωρον

2147 5020 2354 5088 ἐκείνην
2414 5018 2682 5096 ἐπιμελῶς
2710 5019 3086 5100 ἀνιχνιύουσα,
3121 5022 3212 5078 καὶ
3273 5019 3355 5077 ὅτι
3388 5018 3526 5090 δήλη
3584 5024 3796 5100 γέγονεν

2148 5110 2247 5168 ἀπὶ
2305 5117 2410 5166 τῶν
2466 5107 2564 5176 νάς
2620 5113 2830 5190 μορφῆς
2890 5113 3248 5190 χαρακτήρων
3312 5111 3400 5166 καὶ
3473 5110 3596 5166 ὅσον
3656 5111 3798 5168 οὔπω

2147 5199 2420 5275 ἁλώσιμός
2477 5199 2613 5279 ἐστι³
2647 5205 2786 5278 σοφῇ
2838 5199 3043 5272 ἐπινοίᾳ
3095 5201 3182 5256 καὶ
3245 5200 3436 5263 ταύτας
3495 5199 3796 5256 ἀπεσκευᾶ-

2147 5311 2300 5366 σατο,
2334 5287 2604 5355 ἐνδοθῆναι
2662 5290 2796 5365 αύτῇ
2827 5289 3093 5359 ἀπιούσης
3142 5311 3287 5370 παρα
3319 5291 3380 5346 τὸ
3412 5289 3626 5346 Σίναιον
3655 5303 3795 5369 τρεῖς

2141 5381 2234 5447 τὰς
2291 5377 2419 5444 ὅλας
2447 5377 2650 5457 ἡμέρας
2703 5380 3061 5456 αίτησαμενη,
3094 5380 3182 5435 καῖ
3253 5377 3371 5453 μετ’
3432 5381 3592 5442 αὒτέὶς
3659 5377 3795 5445 ἥξειν

2140 5491 2198 5528 τε
2251 5471 2508 5550 τάχιστα,
2569 5471 2657 5527 καὶ
2727 5468 2868 5550 ἀνδρὶ
2925 5471 3095 5544 τούτῳ
3152 5472 3226 5534 εἷς
3285 5468 3411 5544 ὄψιν
3470 5467 3673 5530 ἐλθεῖν.
3737 5467 3791 5526 Ὀ

2145 5560 2468 5638 Δομετιανὸς
2499 5557 2554 5616 δὲ
2611 5559 2768 5618 τοῦτο
2800 5562 2980 5637 μαθὼν
3012 5559 3206 5637 σκῆψίν
3236 5580 3291 5616 τε
3349 5557 3497 5618 εἶναι
3525 5559 3613 5616 καὶ
3644 5559 3786 5621 «tot;
