4048 6136
247 270 381 340 937
1541 269 1722 338 VITA
1787 272 1848 339 s.
1915 270 2332 378 MATaON/E.
3504 278 3622 354 938

240 412 357 479 τὴν
414 412 662 478 τοιαύτην
713 410 991 489 ἀπόκρισιν
1048 409 1419 487 λογισάμενος,
1476 410 1700 466 κατόπιν
1748 410 1892 473 εὒθὺς

1984 406 2424 470 excusationem
2456 424 2591 469 esse
2623 406 2801 470 talem
2853 410 3339 491 responsionem,
3371 418 3632 484 maxima

242 503 334 565 ὡς
386 504 513 582 εἶχε
569 502 770 580 τάχους
804 498 1038 559 ἐδίωκεν.
1071 500 1136 554 Ἠ
1171 497 1428 576 Ματριύνα
1459 496 1513 553 δὲ
1571 504 1726 554 τοῦτο
1779 520 1890 559 μα-

244 594 274 607 Α
323 601 343 607 ι.
543 590 572 607 I‘
788 590 804 607 ἱ
866 586 891 607 η
1048 588 1061 607 Ι
1300 590 1313 607 ο
1365 586 1389 607 ἣ
1432 592 1440 607 ι
1695 588 1710 607 \
1793 586 1819 606 '7

1984 497 2279 558 celeritate
2306 515 2435 558 eam
2461 495 3233 577 persequebatur.Matrona
3255 511 3454 568 autem
3489 526 3629 573 cum

242 594 420 650 θεῦσα
476 590 658 661 πάλιν,
718 590 807 645 καὶ
864 586 945 644 ὅτι
991 588 1241 666 πάρεστιν
1295 590 1322 644 ὁ
1359 586 1589 662 διώκων,
1627 588 1713 643 γαὶ
1758 586 1889 654 αύτη

1984 585 2089 646 hoc
2115 603 2323 648 rursus
2352 585 2712 677 resc‘ivisset,
2748 594 2808 677 et
2837 586 2995 669 quod
3052 588 3246 667 adest,
3281 594 3384 674 qui
3413 613 3627 677 perse-

244 679 410 744 ἑντὸς
466 676 568 747 ἤδη
612 678 776 757 θήρας
832 677 962 753 ἐστὶ,
1024 675 1128 733 δέει
1185 680 1512 756 συσχεθεῖσα
1566 675 1753 749 πο)λῷ
1804 677 1894 733 lani

242 791 395 830 τινος
455 766 690 825 εἷδωλίο.)
722 766 850 842 ὅπερ
881 764 975 822 ἄνα
1019 767 1116 833 τὴν
1175 768 1408 844 Βηρυτὸν
1462 767 1529 833 ἧν
1586 763 1888 823 εἰσελθοῦσα

242 856 513 914 κατέλυσε
566 855 776 932 βέλτιον
829 854 1152 933 ἡγησαμένη
1209 853 1448 931 δαίμοσιν
1507 868 1821 933 περιπεσεῖν
1852 852 1890 922 ἢ

245 949 440 1025 Οηρσίν
482 944 619 1023 ἤπερ
661 956 783 1007 ταῖς
858 951 1183 1020 Δομετιανοῦ
1242 943 1509 1024 ληφθῆναι
1565 945 1769 1024 χερσίν,
1832 945 1894 1001 Οἱ

254 1035 360 1111 μὲν
411 1036 528 1114 γὰρ,
594 1033 637 1089 εί
690 1030 923 1106 λάϐωσι,
977 1034 1038 1091 τὸ
1099 1025 1282 1107 ίσῶμα
1357 1033 1570 1094 πάντως
1631 1031 1895 1108 βλάψουσι

254 1124 425 1180 uo'vov
455 1138 470 1152 '
519 1123 547 1177 ὁ
606 1119 659 1176 δέ
706 1142 766 1198 γε
798 1119 956 1197 ἀνὴρ,
987 1121 1032 1175 εἰ
1091 1119 1439 1199 χειρώσεται,
1496 1120 1586 1176 καὶ
1628 1117 1894 1194 δαιμόνων

250 1211 404 1269 ἔσται
461 1210 547 1266 καὶ
589 1208 782 1287 θηρίων
831 1208 1227 1289 ὀλεθριωτερος,
1276 1208 1369 1265 ὁίτε
1423 1209 1557 1281 μετὰ
1590 1218 1681 1267 τοῦ
1712 1209 1897 1285 σώμα-

239 1322 344 1363 τος
393 1302 482 1358 καὶ
537 1300 636 1367 τὴν
694 1298 878 1379 ψυχὴν
931 1298 1134 1375 βλάψαι
1191 1297 1501 1379 δυνάμενος,
1548 1300 1677 1377 πρὸς
1712 1299 1774 1354 τὰ
1804 1304 1896 1354 τοῦ

237 1392 455 1465 κόσμου
513 1389 672 1446 πάλιν
732 1386 902 1444 ἕλκων
962 1388 1126 1456 αὐτὴν
1188 1386 1280 1444 καί
1338 1389 1413 1451 ὡς
1473 1388 1718 1466 γυναικὸς
1764 1386 1895 1452 ἰδίας

233 1477 721 1554 ἀντιποιούμενος.

333 1568 448 1630 19¹,
511 1568 604 1625 Ἐν
656 1569 825 1642 τούτῳ
866 1568 1034 1624 τοίνυν
1088 1565 1221 1633 αὕτη
1267 1565 1529 1645 γενομένη
1589 1567 1676 1623 καὶ
1720 1589 1892 1646 προσ-

238 1658 457 1739 έχουσα
508 1657 635 1722 ταῖς
682 1658 811 1736 πρὸς
857 1658 989 1713 Θεὸν
1043 1655 1326 1730 ὑμνῳδίαις
1385 1654 1471 1712 καὶ
1527 1668 1650 1719 ταῖς
1702 1660 1895 1736 εὗχαῖς

1973 674 2200 752 quitur,
2235 682 2291 735 et
2299 673 2422 766 jam
2444 672 2524 766 sit
2546 674 3110 766 capienda,_magno
3140 672 3627 766 metu—correpta,

1974 760 2034 855 ξη
2067 763 2380 862 quoddam
2400 762 2697 862 idolorum
2724 762 3245 862 delubrum,quod
3276 778 3368 862 est
3398 760 3627 862 Beryti,

1974 842 2269 930 ingressa,
2297 851 2420 914 illic
2439 861 2529 913 est
2551 850 2870 927 diversata,
2903 842 3118 918 melius
3142 867 3271 922 rata
3301 859 3364 923 in
3394 842 3627 929 deamo:

1979 957 2086 1002 nes
2118 941 2387 1002 incidere
2417 951 2517 1002 aut
2547 940 2724 1020 feras,
2758 961 2934 1024 quam
2967 945 3098 1026 capi
3121 949 3394 1014 manibus
3417 951 3626 1018 Domi-

1983 1030 2148 1095 tiani.
2185 1031 2332 1093 Nam
2360 1031 2477 1093 illae
2500 1031 2740 1112 quidem
2774 1034 2823 1095 si
2846 1037 3210 1119 acceperint,
3244 1059 3463 1122 corpus
3496 1064 3631 1108 om-

1978 1118 2118 1181 nino
2136 1119 2329 1181 solum
2355 1119 2572 1182 laedent
2602 1140 2617 1199 ;
2648 1122 2893 1184 maritus
2913 1134 3112 1188 autem
3140 1118 3629 1210 siappr—ehende-

1975 1207 2075 1282 rit,
2100 1208 2215 1305 erit
2245 1217 2300 1270 et
2330 1207 2700 1272 daemonibus
2721 1219 2778 1305 et
2802 1211 2942 1275 feris
2967 1207 3386 1296 perniciosior,
3426 1230 3491 1285 ut
3521 1224 3627 1305 qui

1978 1297 2321 1377 possitcum
2360 1317 2612 1378 corpore
2668 1300 2842 1363 etiam
2897 1307 3153 1367 animam
3215 1307 3461 1394 laedere,
3496 1297 3627 1376 eam

1977 1404 2185 1448 rursus
2244 1387 2486 1449 trahens
2530 1388 2602 1449 ad
2660 1390 2971 1469 mundum,
3028 1404 3088 1455 et
3136 1404 3411 1481 tanquam
3444 1387 3627 1465 suam

1981 1493 2223 1537 uxorem
2257 1476 2591 1541 vindicans.

2056 1563 2216 1657 ΧΙΧ.
2251 1567 2396 1657 cum
2433 1566 2491 1628 in
2525 1585 2594 1630 eo
2628 1586 2768 1648 ergo
2801 1579 2984 1647 esset,
3038 1583 3098 1636 et
3157 1595 3397 1657 operam
3461 1580 3631 1645 daret

1977 1653 2210 1736 hymnis
2241 1655 2311 1717 ad
2345 1657 2531 1733 Deum
2591 1666 2649 1719 et
2706 1664 3007 1740 precibus,
3070 1653 3294 1727 audivit
3322 1666 3632 1736 daemones

237 1747 594 1829 σχολάζουσα
653 1752 759 1802 τῶν
840 1744 1106 1820 δαιμόνων
1191 1742 1382 1813 ἤκουεν
1461 1743 1893 1821 ἀντιψαλλόντων

1984 1758 2188 1805 contra
2219 1745 2559 1825 psallentes,
2587 1757 2646 1809 et
2676 1766 2849 1811 voces
2879 1750 2934 1812 ei
2963 1750 3198 1816 similes
3230 1756 3571 1824 emittentes
3610 1778 3624 1821 :

238 1842 387 1914 αὒτῇ
443 1840 531 1893 καὶ
591 1837 683 1899 τὰς
742 1836 929 1912 ὁμοίας
997 1833 1255 1914 ἀφιέντων
1309 1833 1487 1913 φωνάς
1526 1851 1539 1866 ⁸
1599 1836 1687 1890 καὶ
1739 1844 1895 1894 τοῦτο

237 1927 337 1983 ἐπὶ
397 1938 626 2006 συχναῖς
654 1924 856 2002 ἐγίνετο
887 1936 1009 1987 ταῖς
1069 1923 1317 2000 ἡμέραις.
1359 1924 1569 1980 Δειλίαν
1628 1925 1716 1979 οὗν
1763 1928 1896 2001 αὐτῇ

237 2017 342 2075 καὶ
386 2013 688 2077 ὑποστολὴν
738 2014 861 2070 ἐνίει
910 2015 971 2070 τὸ
1022 2011 1312 2091 δρώμενον.
1346 2012 1488 2069 Εἶτα
1520 2018 1598 2087 τῷ
1629 2021 1895 2089 σταυρικῷ

238 2109 403 2180 τύπῳ
432 2102 736 2183 φραξαμένη
791 2100 934 2180 ἐξῄει
992 2103 1129 2158 κατὰ
1172 2102 1278 2158 τῶν
1320 2098 1579 2182 φοϐερῶν.
1634 2093 1782 2159 Ἐπεὶ
1840 2101 1894 2157 δὲ

241 2191 440 2251 οὒδένα
483 2191 642 2271 εἶχεν
686 2194 832 2270 ὁρᾷν,
893 2195 993 2258 τῆς
1036 2192 1174 2255 θείας
1236 2188 1410 2246 ἐδεῖτο
1459 2191 1685 2269 χάριτος
1735 2187 1895 2258 δῆλον

245 2283 498 2360 γενέσθαι
542 2284 674 2353 αιότῇ
733 2282 796 2338 τὸ
850 2278 1283 2356 διαπορούμενον.
1348 2278 1504 2343 Εὐθὺς
1558 2285 1647 2335 οὗν
1704 2276 1894 2349 δήλους

243 2372 411 2438 ὄντας
468 2371 606 2450 ἑώρα
649 2370 769 2435 τοὺς
825 2369 1047 2448 ἀφανεῖς
1098 2366 1337 2444 ἅσήμους
1384 2388 1443 2424 τε
1491 2368 1667 2449 φωνὰς
1718 2368 1896 2449 ἀφιέν-

246 2482 354 2523 τας
412 2457 504 2516 καί
560 2469 658 2536 πῦρ
739 2457 1170 2538 ἐπιφερομένους,
1232 2454 1371 2522 αὖθίς
1427 2477 1485 2512 τε
1544 2453 1670 2535 παρ’
1730 2460 1894 2525 αὐτῆς

248 2548 679 2625 ἒπιτιμωμένους
757 2549 847 2604 καὶ
907 2547 1277 2627 ξκχωροῦντᾱς
1361 2547 1448 2602 καὶ
1504 2548 1628 2602 ὡσεῖ
1696 2548 1894 2613 καπνὸς

248 2640 617 2703 ἐκλείποντας.
662 2636 861 2695 Ἐνίοτε
894 2634 1078 2713 δίψους
1136 2635 1234 2702 τὴν
1291 2635 1534 2714 γενναίαν
1594 2636 1895 2715 κατασχόν-

248 2752 346 2793 τος
392 2730 454 2785 οὗ
490 2727 722 2809 φορητοῦ
752 2726 930 2805 ὀλίγον
961 2725 1136 2793 ἐκείνη
1187 2723 1544 2801 προσελθοῦσα
1594 2732 1686 2781 τοῦ
1737 2725 1892 2782 εἰδω-

253 2819 404 2876 λείου
433 2823 519 2873 καὶ
551 2815 857 2896 δρεψαμένη
887 2816 1028 2893 παρὰ
1058 2815 1155 2883 τὴν
1204 2815 1340 2872 πόαν
1402 2812 1678 2891 δροσώδεις
1731 2815 1891 2891 βοτάο

252 2930 350 2970 νας
383 2909 479 2963 καὶ
509 2905 740 2987 χλοερᾶς
771 2908 841 2967 εὶς
877 2905 1093 2982 μετρίαν
1139 2902 1469 2983 πάραψυχην
1535 2906 1611 2978 τῷ
1670 2903 1893 2978 στόματι

257 2995 683 3075 προσηνέγκατο,
748 2994 808 3052 Ὀ
865 2992 920 3050 δὲ
980 2990 1270 3073 παράδοξον
1326 2999 1388 3048 τὸ
1466 3006 1635 3067 μαννα
1686 2992 1893 3055 ὕετίσας

1980 1839 2039 1894 et
2062 1831 2410 1927 hocfactum
2433 1837 2759 1927 ‘estmultis
2784 1837 3040 1927 diebus.
3080 1841 3149 1904 Ei
3192 1842 3397 1927 itaque
3429 1856 3626 1913 terro-

1977 1938 2103 1982 rem
2130 1923 2415 1985 afferebat
2430 1922 2489 1986 id
2519 1925 2675 2007 quod
2698 1926 3137 1993 fiebat.Deinde
3163 1922 3317 1996 cum-
3332 1955 3400 1999 se
3431 1939 3630 2003 crucis

1976 2008 2163 2089 ﬁgura
2195 2013 2535 2087 muniisset,
2569 2033 2809 2095 egressa
2838 2026 2935 2080 est
2980 2019 3268 2086 adversus
3302 2027 3625 2094 terribiles.

1976 2096 2094 2160 Sed
2111 2119 2265 2198 cum
2298 2102 2554 2198 ιιιιΙΙιιιιι⁸
2580 2114 2801 2198 posset,
2830 2106 3055 2198 videre,
3087 2110 3350 2176 divinam
3383 2117 3630 2198 rogabat

1978 2189 2248 2282 gratiam,
2283 2198 2345 2252 ut
2365 2193 2746 2282 manifestum
2769 2195 2942 2258 ﬁeret
2962 2197 3022 2260 id
3047 2198 3120 2260 dc
3142 2220 3261 2282 quo
3290 2189 3622 2272 dubitabat.

1980 2275 2191 2373 Statim
2227 2297 2366 2360 ergo
2400 2280 2545 2344 vidit
2594 2283 2943 2349 manifestos
2992 2305 3118 2365 cos,
3153 2275 3257 2370 qui
3286 2293 3452 2373 prius
3505 2315 3626 2361 non

1979 2368 2405 2450 cernebantur,
2462 2380 2523 2432 et
2580 2391 2759 2434 voces
2811 2368 3511 2463 eminentes—obscuras,
3570 2394 3629 2449 et

1985 2455 2190 2536 ignem
2227 2456 2549 2520 inferentes
2576 2480 2590 2520 :
2624 2461 2726 2541 qui
2754 2479 2961 2525 rursus
2991 2482 3127 2527 cum
3152 2464 3226 2529 ab
3257 2487 3329 2532 ea
3359 2455 3628 2556 increpa-

1978 2547 2606 2630 rentur,excedebant,
2632 2558 2693 2612 et
2714 2556 2991 2632 tanquam
3013 2552 3213 2617 fumus
3234 2547 3624 2626 deficiebant.

1976 2633 2409 2719 Nonnunquam
2431 2648 2628 2701 autem
2655 2661 2792 2702 cum
2817 2661 3166 2722 generosam
3192 2646 3472 2713 feminam
3497 2654 3628 2717 sitis

1976 2723 2314 2801 invasisset,
2337 2725 2437 2789 illa
2463 2745 2668 2807 parum
2694 2749 3013 2811 progressa
3035 2752 3067 2796 e
3089 2733 3367 2815 delubro,
3392 2758 3527 2804 cum
3550 2743 3626 2805 ad

1980 2813 2225 2876 herbam
2262 2834 2326 2877 se
2353 2818 3040 2895 convertisset,roscidas
3069 2833 3126 2885 et
3159 2813 3376 2889 virides
3406 2828 3629 2894 herbas

1979 2902 2053 2964 ad
2079 2903 2375 2967 modicam
2394 2906 2867 2971 consolationem
2891 2911 2981 2973 ori
3001 2913 3407 2990 admovit.Qui
3425 2929 3627 2983 autem

1978 2991 2415 3091 admirabiliter
2442 3013 2659 3091 manna
2684 2998 3014 3091 aliquando
3044 3001 3195 3091 pluit
3228 3005 3537 3091 Dominus,
3567 3017 3628 3072 et

260 3086 393 3143 ποτε
453 3088 659 3164 Κύριος,
693 3084 779 3141 καὶ
806 3082 935 3139 λαὸν
965 3082 1210 3146 ἑστιάσας
1244 3079 1371 3162 ἄχρι
1412 3083 1592 3158 κόρου,
1649 3081 1738 3137 τὸν
1799 3102 1897 3137 πο-

1984 3081 2263 3183 populum
2291 3083 2445 3164 pavit
2483 3083 2558 3146 ad
2589 3079 3063 3171 satietatem,qui
3089 3100 3218 3156 erat
3245 3079 3539 3176 malignus
3569 3107 3629 3162 et

258 3177 421 3255 νηρὸν
472 3176 560 3232 καὶ
616 3173 936 3253 ἀχάριστον,
1001 3168 1347 3251 αὐτοσχέδιον
1418 3171 1584 3247 ταύτῃ
1627 3171 1689 3227 τὸ
1733 3171 1896 3226 ποτὸν

253 3267 394 3342 ὁμοῦ
446 3264 530 3319 καὶ
601 3262 698 3330 τὴν
768 3259 1031 3339 τράπεζαν
1106 3256 1392 3321 ἂδείκνυεν.
1476 3256 1564 3317 Ἐν
1636 3256 1896 3315 καυσώδει

254 3355 360 3434 γὰρ
404 3355 570 3434 χώρῳ
611 3352 701 3408 καὶ
749 3349 916 3408 πολὺν
972 3350 1064 3406 τὸν
1115 3347 1270 3416 ἥλιον
1313 3346 1591 3429 δεχομένῳ
1625 3349 1788 3405 τόπον
1819 3349 1901 3405 εύ-

255 3434 425 3523 ροῦσα
492 3437 685 3507 νοτίδος
751 3445 948 3519 μικρᾶς
1006 3438 1293 3517 ἐγκύμονα,
1356 3440 1441 3501 καὶ
1506 3447 1692 3498 τοῦτον
1760 3436 1895 3504 ὀξέσι

260 3532 426 3597 λίθοις
453 3529 574 3588 ὅσον
617 3529 830 3610 ἐφικτὸν
876 3529 941 3597 ἧν
983 3527 1186 3593 κοίλαις
1237 3529 1478 3606 ἀρύεσθαι
1534 3541 1657 3592 ταῖς
1714 3528 1899 3608 χερσὶν

260 3620 573 3701 ἀνορύξασα,
636 3615 995 3687 ἐπιλαϐούσης
1051 3616 1154 3686 ἤδη
1199 3619 1383 3681 νυκτὸς
1450 3619 1585 3684 αὒτὴ
1646 3615 1742 3691 μὲν
1808 3617 1900 3682 τὰς

254 3712 500 3779 συνήθεις
557 3711 723 3790 εὐχὰς
781 3708 1131 3767 ἀποδώσουσα
1188 3714 1264 3781 τῷ
1332 3712 1449 3781 Θεῷ
1506 3705 1734 3782 ἐπανῄει
1774 3723 1786 3737 ’
1835 3711 1903 3783 τῇ

254 3800 507 3880 ὑστεραίᾳ
563 3797 619 3855 δὲ
676 3795 842 3855 πάλιν
928 3795 1229 3878 ἀφικομένη
1289 3797 1484 3873 μεστὸν
1541 3795 1765 3874 εὑρίσκει
1810 3796 1901 3851 τὸν

256 3891 461 3949 λάκκον
502 3887 715 3964 ὕδατος,
757 3886 1037 3966 βριοσίμων
1091 3908 1150 3943 τε
1205 3885 1443 3963 βοτανῶν
1495 3884 1755 3963 τράπεζαν
1812 3884 1899 3939 οὗ·

256 3980 444 4056 δαμῶς
500 3976 689 4054 ἄτιμον
745 3983 814 4054 τῇ
885 3974 1209 4053 ἑστιωμένῃ,
1272 3972 1410 4030 ἀλλὰ
1454 3971 1641 4046 πολλῷ
1696 3971 1901 4049 μᾶλλον

255 4075 370 4127 τῶν
411 4069 533 4132 τοὺς
577 4064 764 4147 ἆϐροὺς
818 4069 1215 4145 θεραπευουσῶν
1259 4065 1345 4121 καὶ
1402 4061 1670 4135 πλουσίων
1734 4062 1899 4129 αὐτὴν

258 4159 666 4241 εὖφραίνωσαν.

349 4247 432 4308 Κ’.
467 4245 643 4313 Οὕτως
673 4253 761 4304 οὗν
790 4244 1027 4327 ἐχούσης
1057 4243 1222 4313 αύτῆς
1255 4244 1342 4302 καὶ
1387 4249 1503 4319 Θεῷ
1561 4241 1647 4301 διὰ
1703 4245 1900 4310 παντὸς

261 4338 637 4418 προσεχούσης
673 4333 844 4392 δεινὸν
901 4336 929 4391 ὁ
980 4334 1149 4398 δεινὸς
1194 4342 1349 4393 τοῦτο
1403 4334 1491 4390 καὶ
1542 4332 1639 4391 οὒκ
1681 4333 1901 4390 ἀνεκτὸν

261 4429 467 4508 ’ἔκρινεν
501 4443 516 4459 ⁸
566 4425 682 4483 ὅθεν
740 4426 923 4481 ἑαυτὸν
975 4421 1050 4491 δὶς
1092 4425 1167 4491 οἷς
1225 4423 1462 4498 εὔπρεπῆ
1509 4435 1737 4502 γυναῖκα
1793 4421 1903 4481 δια-

264 4516 553 4597 μορφώσας
604 4515 692 4572 καὶ
751 4511 1076 4594 προσελθὼν,
1124 4511 1252 4570 ’Ὶνα
1282 4513 1353 4587 τί,
1387 4512 1535 4589 κυρία
1564 4533 1689 4587 μου,
1722 4512 1899 4593 ἔλεγε,

1979 3180 2268 3251 ingratus,
2299 3192 2404 3235 sua
2432 3183 2647 3255 sponte
2672 3183 2914 3241 enatum
2947 3187 3152 3261 potum
3184 3191 3243 3245 et
3274 3203 3538 3249 mensam
3572 3188 3629 3252 ei

1980 3262 2155 3356 simul
2188 3263 2472 3356 ostendit.
2508 3262 2653 3356 Nam
2686 3284 2824 3329 cum
2856 3273 2918 3330 in
2959 3270 3089 3333 loco
3119 3273 3394 3356 ardente,
3426 3286 3487 3340 et
3516 3277 3628 3340 soli
3688 3282 3691 3285 ’

1979 3350 2146 3414 valde
2178 3352 2474 3434 eXposito,
2508 3354 2836 3420 invenisset
2895 3356 3094 3421 locum
3155 3380 3343 3443 pauco
3376 3350 3628 3430 humore

1981 3439 2381 3534 gravidum,et
2402 3460 2535 3505 eum
2552 3443 2749 3534 acutis
2771 3445 3076 3509 eﬂ‘odisset
3105 3439 3630 3534 lapidibus,quan~

1983 3536 2107 3590 tum
2145 3530 2285 3591 satis
2336 3539 2463 3594 erat
2493 3533 2565 3595 ad
2596 3536 2869 3596 concavis
2899 3530 3173 3598 manibus
3203 3530 3624 3621 hauriendum,

1984 3627 2159 3680 nocte
2182 3620 2302 3697 jam
2336 3621 2711 3687 adventante.
2746 3624 2869 3703 ipsa
2903 3622 3144 3704 quidem
3174 3620 3627 3706 ascendit,con4

1985 3714 2184 3768 suetas
2237 3725 2449 3787 preces
2507 3708 2764 3773 Domino
2797 3711 3124 3778 redditura.
3159 3716 3457 3780 Postridie
3486 3737 3629 3786 vero

1984 3812 2117 3865 cum
2148 3794 2451 3876 rediisset,
2484 3797 2712 3860 invenit
2763 3798 3087 3864 cisternam
3116 3822 3271 3884 aqua
3300 3806 3536 3886 plenam
3572 3817 3632 3872 et

1987 3901 2252 3946 mensam
2278 3885 2598 3948 herbarum
2627 3888 3228 3974 esculentarum,quze
3249 3885 3626 3976 nequaquam

1983 3973 2224 4053 quidem
2258 3974 2604 4056 parviﬁebat
2624 3977 2697 4038 ab
2737 3996 2806 4040 ea
2828 3997 2959 4061 quae
2985 3973 3393 4063 accipiebatur
3422 3973 3628 4050 convi-

1984 4063 2100 4139 vio,
2131 4064 2235 4156 sed
2260 4066 2448 4127 multo
2478 4067 2662 4146 magis
2692 4087 2822 4131 eam
2869 4069 3224 4153 lmtificabat,
3255 4094 3429 4156 quam
3460 4079 3633 4142 lautae

1983 4161 2042 4215 et
2071 4153 2334 4234 Opiparae
2367 4173 2554 4221 ccente
2588 4167 2809 4238 paratae
2837 4157 3147 4227 divitibus.

2061 4241 2195 4307 XX.
2227 4245 2372 4308 Cum
2409 4264 2478 4308 ea
2511 4265 2654 4326 ergo
2691 4247 2778 4311 sic
2801 4267 2866 4311 se
2889 4249 3227 4328 haberet,et
3254 4255 3445 4318 Deum
3476 4257 3631 4321 assi-

1984 4331 2099 4394 due
2130 4334 2493 4427 oraretthoc
2525 4353 2702 4427 grave
2735 4347 2793 4400 et
2827 4357 2946 4400 non
2991 4339 3305 4407 ferendum
3340 4345 3635 4427 malignus

1976 4421 2308 4516 judicabat.
2332 4421 2740 4516 Quamobrem
2775 4439 3053 4510 suscepta
3106 4431 3297 4496 forma
3346 4421 3636 4516 speciosa;

1985 4511 2245 4589 feminae,
2276 4513 2350 4575 ad
2382 4532 2513 4576 eam
2564 4516 2860 4580 accedens
2896 4535 2910 4581 :
2967 4517 3105 4595 Cur,
3140 4520 3359 4605 inquit,
3378 4511 3637 4590 domina

262 4609 330 4664 τὸ
362 4604 593 4686 ζοφῶδες
622 4611 777 4662 τοῦτο
823 4605 912 4661 καὶ
954 4601 1179 4660 ἔκτοπον
1224 4602 1528 4681 προῄρησαι
1575 4615 1848 4659 κατοικεῖν
1882 4622 1897 4674 ;

1989 4600 2424 4680 mea,delegisti
2451 4604 2564 4666 hoc
2591 4605 2916 4669 obscurum
2940 4614 3001 4669 et
3026 4600 3291 4674 alieno-in
3323 4600 3635 4679 habitacu-

264 4696 353 4752 ’Ἢ
397 4715 455 4751 τε
497 4694 599 4773 γὰρ
629 4692 823 4773 ἐρημία
851 4692 1029 4772 μακρὰ
1057 4692 1145 4749 καί
1171 4693 1206 4761 ἡ
1259 4696 1368 4779 τῶν
1426 4688 1740 4758 ἐπιτηδείων
1769 4690 1897 4748 σπά-

1987 4688 2110 4749 lum
2135 4694 2162 4751 ’ἶ
2184 4686 2327 4779 Nam
2360 4698 2419 4752 et
2448 4691 2624 4770 longa
2645 4693 3001 4769 solitudo,et
3026 4701 3276 4779 penuria
3289 4720 3492 4767 rerum
3524 4723 3636 4768 ne-

266 4808 344 4850 νις
377 4781 570 4865 συχνή.
602 4781 834 4846 ’Ἄλλως
864 4803 922 4839 τε
965 4780 1020 4837 δὲ
1051 4782 1139 4838 καὶ
1178 4782 1276 4849 τὴν
1305 4778 1517 4849 ἡλικίαν
1546 4778 1620 4837 ἔτι
1652 4781 1897 4852 νεάζουσσ

1985 4777 2382 4867 cessariarum
2415 4798 2626 4859 magna
2663 4791 2776 4859 est,
2813 4792 2871 4845 et
2898 4777 3127 4867 alioqui
3153 4807 3216 4852 es
3242 4799 3413 4855 aetate
3441 4794 3639 4857 adhuc

269 4876 326 4933 εἴ
354 4879 439 4932 καὶ
492 4875 555 4931 τὸ
607 4872 807 4938 κάλλος
871 4871 1164 4952 διαπρεπής
1190 4889 1206 4906 ⁸
1253 4870 1341 4927 καὶ
1383 4867 1499 4926 λίαν
1542 4867 1749 4927 δέδοικα
1787 4870 1897 4949 περῖ

1984 4866 2241 4946 juvenis,
2274 4875 2334 4928 et
2363 4867 2578 4947 insigni
2611 4866 3093 4952 pulchritudine,
3123 4885 3181 4941 et
3225 4879 3333 4941 tibi
3363 4882 3534 4944 valde
3556 4882 3638 4946 ti-

270 4964 368 5022 σοῦ
426 4964 503 5037 μὴ
556 4963 618 5020 τὸ
696 4960 982 5041 ἐπέραστον
1053 4965 1208 5018 τοῦτο
1291 4959 1553 5038 πρόφασις
1628 4958 1903 5035 ἐπιθυμίας

267 5052 587 5116 ἀκολάστοις
618 5050 916 5132 ὀφθαλμοῖς
945 5049 1189 5130 γένηται,
1219 5050 1307 5106 καὶ
1349 5046 1436 5105 διὰ
1461 5047 1561 5116 τὴν
1590 5054 1682 5105 τοῦ
1739 5048 1905 5105 τόπου

268 5144 508 5221 μόνωσιν
574 5144 662 5199 καὶ
735 5141 830 5209 τὴν
886 5140 1111 5219 ὶρημίαν
1193 5144 1287 5195 τοῦ
1342 5138 1706 5215 βοηθήσοντος
1762 5135 1908 5216 ὕϐριν

269 5233 551 5312 ἐπαγάγῃς
583 5238 658 5306 τῷ
708 5229 901 5298 ἑαυτῆς
957 5229 1186 5305 σώματι,
1244 5224 1397 5285 Ἀλλ’
1447 5223 1503 5283 εἴ
1532 5248 1623 5297 μοι
1658 5225 1907 5302 πειθομέο

269 5344 372 5392 νην
430 5342 487 5379 σε
525 5321 686 5389 αὐτὴν
728 5320 1058 5398 παράσχοις,
1114 5316 1474 5396 καταγάγοιμι
1529 5314 1590 5373 ἂν
1649 5336 1709 5372 σε
1774 5317 1907 5394 πρὸς

269 5414 337 5471 τέι
393 5419 484 5470 τοῦ
540 5409 754 5481 ἄστεος,
807 5407 927 5467 ἔνθα
977 5410 1064 5466 καὶ
1123 5409 1289 5465 οἰκίαν
1331 5426 1468 5462 κατα
1505 5404 1729 5484 γνώμην
1757 5407 1910 5484 εὒρή-

271 5525 411 5579 σεις,
456 5504 545 5559 καί
603 5502 677 5564 ὡς
716 5498 800 5556 σοί
852 5497 1002 5579 φίλον
1058 5492 1322 5575 ἀθορύϐως
1365 5496 1629 5570 οἰκήσεις,
1660 5494 1750 5552 καί
1804 5498 1907 5555 τῶν

719 5663 980 5726 ΡΑπιοι..
1028 5659 1144 5723 Gn.
1187 5656 1394 5721 CXVI.

1991 4973 2230 5051 meo,ne
2257 4956 2531 5051 amabilis
2563 4957 2660 5021 hic
2689 4960 2884 5023 vultus
2922 4962 2999 5025 sit
3034 4967 3267 5029 occasio
3296 4970 3640 5051 cupiditatis

1989 5043 2324 5137 libidinosis
2357 5046 2571 5137 oculis,
2605 5054 2664 5137 et
2688 5059 2945 5137 propter
2990 5052 3105 5116 loci
3138 5043 3545 5137 solitudinem,
3582 5070 3643 5124 et

1991 5133 2289 5226 quodnon
2312 5134 2490 5211 adsit,
2526 5135 2624 5217 qui
2648 5135 2728 5199 sit
2750 5157 2931 5220 opem
2960 5140 3064 5203 tibi
3086 5143 3335 5226 laturus,
3369 5155 3468 5211 tuo
3499 5133 3639 5212 c—or-

1992 5223 2123 5304 pori
2151 5223 2373 5286 inferas
2399 5226 2851 5320 contumeliam.
2893 5227 3014 5293 Sed
3071 5232 3124 5295 si
3167 5223 3329 5297 mihi
3348 5240 3640 5320 parueris,

1990 5321 2050 5374 te
2070 5311 2360 5374 deducam
2381 5311 2455 5374 ad
2481 5313 2670 5393 ipsam
2700 5315 3024 5396 civitatem,
3063 5320 3165 5384 ubi
3195 5311 3372 5388 etiam
3399 5311 3643 5391 domum

1990 5399 2257 5494 invenies
2280 5420 2351 5463 ex
2376 5409 2476 5494 tua
2495 5410 2816 5483 sententia,
2855 5417 2916 5470 et
2941 5418 3003 5473 ut
3028 5411 3133 5474 tibi
3153 5412 3372 5494 placet,
3406 5416 3643 5482 habitas

1994 5491 2084 5553 bis
2102 5492 2328 5572 absque
2354 5489 2474 5555 ullo
2505 5495 2804 5575 tumultu;
2832 5516 3027 5581 neque
3058 5489 3170 5566 tibi
3195 5489 3480 5587 deerunt,
3513 5525 3648 5590 quae

3169 5663 3246 5733 30
