4048 6136
216 290 341 360 941

1516 294 1701 365 VITA
1764 301 1825 365 S.
1895 302 2304 367 MATBONrE.

3476 313 3594 378 942

218 436 293 492 τὸ
327 434 635 514 γενόμενον,
691 434 792 509 ὀψὲ
850 435 938 492 καὶ
981 433 1135 508 μόλις
1191 436 1236 491 οἱ
1279 449 1462 514 γονεῖς
1506 438 1669 506 αὐτῆς
1712 446 1867 495 τοῦτο

1958 438 2097 499 Cum
2130 456 2273 499 vero
2305 437 2462 518 quod
2493 437 2714 502 factum
2748 438 2962 516 fuerat,
2999 459 3118 503 non
3150 453 3394 522 possent
3421 445 3596 510 intel-

216 525 515 599 μαθόντες
550 525 624 588 εἰς
654 526 716 580 τὸ
779 521 1049 580 εἰδωλεῖον
1118 522 1237 580 ἔνθα
1294 527 1328 593 ἡ
1400 526 1517 582 ὁσία
1590 525 1867 603 ἐτύγκανε,

217 617 365 692 πρὸς
426 614 599 693 τάχος
657 619 915 692 χωροῦσι,
978 614 1065 669 καὶ
1120 612 1421 679 κατιδόντες
1452 627 1569 678 τοῖς
1599 617 1700 681 τῆς
1730 618 1874 682 ὁσίας

218 706 357 761 ποσὶ
439 703 831 779 προσγειμένην
902 702 1068 769 αὖτὴν
1152 701 1565 782 προπετέστερον
1635 704 1874 784 ἐχρῶντο

217 807 351 858 τοῖς
383 791 588 870 λόγοις,
625 790 738 848 ’Ίνα
764 791 836 864 τί,
871 790 1140 871 λέγοντες,
1202 793 1248 849 ὦ
1303 800 1495 871 νεᾶνις,
1559 798 1666 849 τῶν
1717 796 1873 873 μεγί-

221 905 371 940 στων
426 878 738 958 ὑπεριδοῦσα
791 883 925 937 θεῶν
981 879 1239 937 ἀτέλεστα
1286 881 1384 955 μὲν
1438 883 1500 937 τὰ
1544 885 1649 938 τῶν
1682 886 1875 942 θυσιῶν

226 970 652 1042 γαταλέλοιπας,
685 967 891 1036 πλῆθός
945 989 1003 1024 τε
1049 970 1164 1026 καθ’
1213 971 1371 1044 ἡμῶν
1421 969 1736 1047 ἀνηρέτισας
1775 973 1876 1040 τὴν

263 1062 278 1083 ,
407 1061 418 1074 ι
597 1060 609 1076 ι
683 1056 747 1079 ηρ
894 1058 909 1081 θ
1024 1057 1034 1074 ο
1252 1058 1267 1078 9
1320 1060 1333 1079 ι
1396 1057 1443 1091 κε,
1586 1059 1600 1081 \
1665 1060 1691 1070 ’-
1829 1063 1840 1083 ρ

231 1083 314 1126 εις
344 1081 462 1124 τους
506 1062 652 1124 θεους
681 1080 827 1131 υοριν
858 1080 919 1113 ου
974 1079 1152 1138 φερον,
1212 1081 1346 1127 αυτη
1391 1074 1445 1115 οε
1476 1060 1598 1115 ἀντι
1630 1083 1724 1128 της
1756 1061 1874 1138 ἀρι-

227 1172 370 1217 στης
429 1150 513 1205 καὶ
569 1145 905 1221 ζηλουμένης
964 1146 1236 1225 διαγωγῆς
1292 1170 1391 1217 την
1441 1148 1631 1223 ἄτιμον
1680 1152 1878 1217 ταύτην

219 1238 382 1295 εἷ’λου
435 1236 529 1295 καί
588 1234 1057 1311 ἐξουδενωμένην;
1119 1237 1317 1294 Οὐκοῦν
1371 1237 1710 1296 ἀποϐαλοῦσα
1779 1240 1876 1307 τήν

219 1329 436 1404 ἀθρόως
464 1325 795 1404 επισχοῧαάν
846 1346 905 1379 σε
958 1323 1138 1385 ἄνοιαν
1188 1327 1346 1402 γενοῦ
1379 1350 1501 1385 ποτε
1530 1331 1619 1386 καὶ
1644 1327 1874 1393 διανοίας

220 1416 455 1484 συτετῆς
512 1437 570 1472 τε
622 1416 709 1471 καὶ
758 1417 1041 1493 ἔμφρονος,
1076 1415 1164 1471 καὶ
1192 1417 1253 1471 τὸ
1284 1415 1537 1491 πένθιμον
1569 1417 1871 1492 ἀποθεμένη

218 1513 390 1563 τοῦτο
438 1510 633 1585 σχῆμα
691 1502 881 1583 φαιδρά
937 1505 1068 1581 πρὸς
1126 1501 1371 1583 φαιδροὺς
1422 1507 1562 1583 ἡμᾶς
1611 1505 1760 1581 ἔξιθι,
1794 1508 1872 1579 μὴ

217 1595 396 1676 τάφος
452 1592 719 1657 ἀπωλείας
775 1594 802 1648 ὁ
856 1591 1019 1656 τόπος
1065 1594 1160 1658 τῆς
1208 1592 1466 1661 δοκούσης
1494 1617 1576 1651 σοι
1607 1597 1873 1675 σωτηρίας

216 1685 478 1762 γένηται.
538 1689 638 1738 Σοῦ
695 1682 794 1759 γὰρ
840 1683 902 1737 τὸ
930 1680 1280 1755 κελευόμενον
1309 1684 1387 1757 μὴ
1416 1686 1751 1763 πραττούσης
1801 1686 1873 1748 εἰς

1955 527 2163 616 ligere,
2193 526 2283 590 vix
2304 526 2544 616 tandem
2578 536 2776 590 autem
2799 528 2861 591 id
2883 530 3269 594 rescivissent
3297 542 3600 616 parentes,

1956 609 2014 674 in
2065 614 2360 677 idolorum
2394 615 2732 692 delubrem,
2768 617 2873 680 ubi
2921 627 3048 681 erat
3095 609 3324 703 sancta,
3354 609 3603 685 veniunt

1957 704 2422 783 quamprimum,
2448 713 2507 766 et
2536 723 2667 766 cum
2703 724 2832 768 eam
2863 707 3154 771 vidissent
3173 710 3477 790 jacentem
3519 712 3597 774 ad

1957 809 2183 854 sanctae
2238 794 2442 874 pedes,
2475 792 2538 855 in
2567 795 2701 855 haec
2747 794 2931 857 verba
2964 808 3404 878 proruperunt:
3457 801 3599 874 Cur,

1959 881 2248 957 dicentes,
2279 901 2312 941 o
2347 882 2812 958 adolescentula,
2841 885 2956 947 diis
2990 887 3262 949 maximis
3288 888 3603 971 despectui

1959 968 2197 1040 habitis.
2251 969 2605 1050 imperfecta
2639 972 2883 1052 quidem
2932 974 3231 1056 reliquisti
3262 968 3596 1043 sacriﬁcia:

1961 1059 2243 1138 populum
2264 1068 2459 1122 autem
2484 1060 2545 1121 in
2568 1080 2678 1122 nos
2698 1061 2944 1124 irritasli
2975 1082 3093 1126 non
3115 1065 3406 1128 ferentem
3437 1085 3598 1141 eam,

1960 1166 2092 1227 qua:
2142 1148 2207 1209 fit
2252 1147 2312 1209 in
2373 1148 2542 1237 deos,
2575 1150 3048 1215 contumeliam:
3109 1154 3237 1234 ipsa
3297 1173 3432 1217 vero
3490 1175 3599 1237 pro

1959 1238 2186 1317 optima
2216 1244 2276 1299 et
2303 1256 2436 1318 quae
2467 1230 2640 1300 beata
2700 1249 2979 1302 censetur
3008 1230 3149 1323 vita,
3179 1244 3335 1306 hanc
3363 1230 3601 1325 elegisti

1956 1326 2264 1400 infamem,
2295 1336 2353 1388 et
2381 1346 2515 1405 quae
2545 1328 2721 1408 plane
2749 1330 2998 1393 habetur
3050 1335 3463 1415 contemptui?
3494 1335 3600 1400 Di-

1958 1415 2140 1477 missa
2171 1434 2311 1495 ergo
2336 1434 2405 1479 ea
2438 1435 2569 1496 quae
2602 1426 2657 1479 te
2684 1428 2932 1500 repente
2963 1421 3281 1504 oppressit,
3315 1426 3598 1501 amentia,

1957 1514 2083 1594 esto
2141 1504 2459 1584 aliquando
2490 1507 2760 1587 sapiens,
2795 1515 2854 1569 et
2904 1509 3018 1572 hoc
3045 1509 3280 1589 lugubri
3329 1513 3599 1594 deposito

1957 1592 2188 1673 habitu,
2223 1594 2353 1655 lmta
2382 1594 2454 1655 ad
2487 1614 2596 1656 nos
2627 1596 2789 1658 laetos
2820 1598 3129 1676 egredere,
3162 1617 3239 1662 ne
3268 1600 3342 1662 sit
3373 1592 3477 1663 tibi
3497 1620 3599 1665 se-

1961 1683 2230 1762 pulcrum
2264 1682 2562 1758 interitus,
2587 1681 2756 1746 locus
2789 1687 2915 1765 ejus
2945 1706 3079 1766 quae
3105 1686 3339 1752 videtur
3365 1690 3595 1755 salutis.

216 1774 328 1841 τὴν
361 1771 612 1830 ἐπιοῦσαν
642 1769 903 1844 ἀνάλωμα
944 1771 1103 1848 πυρὸς
1145 1768 1291 1827 ἔσται
1350 1775 1411 1828 τὸ
1460 1776 1627 1852 παρὸν
1686 1774 1873 1830 ἐνδιαί-

1958 1773 2107 1833 Nam
2141 1773 2190 1832 si
2225 1780 2283 1832 tu
2336 1790 2454 1832 non
2482 1772 2673 1835 afacias
2703 1775 2858 1855 quod
2885 1774 3158 1855 jubetur,
3195 1779 3453 1841 crastino
3503 1780 3602 1842 die

218 1885 404 1939 τημα.
482 1861 711 1919 Τοιαῦτα
795 1860 1030 1924 εἰπόντες
1114 1860 1238 1937 παρ’

217 1952 451 2020 ἤκουον.

312 2042 442 2102 Kl“.
502 2041 563 2100 ’Β
617 2044 879 2113 Ματρὼνα
933 2036 987 2094 δὲ
1041 2040 1173 2116 πρὸς
1217 2039 1401 2103 αὖτοὺς
1447 2038 1634 2119 φιλίως
1678 2063 1733 2097 τε
1787 2044 1874 2098 καὶ

221 2134 537 2209 εἰρηνικῶς,
596 2128 803 2195 Ταύτην
858 2131 1000 2207 ἒᾶτε,
1051 2126 1173 2208 ἔφη·
1238 2129 1370 2195 αὕτη
1428 2136 1519 2186 τοῦ
1590 2138 1722 2187 Θεοῦ
1767 2132 1873 2186 τῶν

220 2221 499 2295 ὑμετέρων
559 2220 690 2274 θεῶν
748 2214 850 2285 ἤδη
908 2216 1069 2284 δούλη
1118 2216 1467 2285 καθέστηκεν.
1531 2217 1689 2277 Οὐδὲν
1741 2224 1874 2295 αὐτῇ

220 2310 422 2368 λοιπὸν
479 2309 565 2364 καὶ
622 2307 750 2381 ὑμῖν
813 2306 1086 2365 κοινωνόν.
1143 2315 1316 2364 Ταυτα
1368 2305 1686 2370 ἀκούσαντες
1731 2307 1875 2364 ἐκεῖ-

224 2425 314 2459 νοι
387 2400 485 2475 μὲν
543 2397 864 2478 ὒπέστρεφον
921 2397 1240 2474 ἐμπρησμὸν
1316 2419 1366 2478 τε
1422 2406 1515 2456 τοῦ
1578 2405 1726 2473 ναοῦ,
1786 2401 1875 2457 καὶ

224 2490 460 2548 ἀλλατά
485 2476 847 2568 χαλεπώτατα
878 2485 1278 2562 ἀπειλούμενοι.
1343 2476 1402 2543 Ἠ
1461 2485 1516 2543 δὲ
1560 2490 1692 2562 κόρη
1742 2490 1871 2566 πρὸς

226 2594 355 2643 τοῖς
386 2580 509 2635 ποσὶ
562 2578 657 2645 τῆς
714 2581 971 2654 μοκαρίας
1029 2575 1250 2651 κειμένη
1309 2574 1486 2643 πολλὴ
1544 2598 1623 2641 τις
1656 2578 1722 2645 ἧν
1766 2576 1876 2635 δεο-

226 2672 371 2745 μένη
428 2675 656 2746 Χριστοῦ
729 2673 798 2744 τῇ
868 2664 1088 2746 σφαγϊδι
1159 2666 1554 2740 ἐνσημανθήναι
1628 2669 1715 2723 καὶ
1788 2677 1876 2727 τοῦ

223 2760 371 2839 [apo-3
399 2757 768 2835 βαπτίσματος
826 2756 900 2819 ὠς
951 2754 1123 2834 τοῖχος
1182 2753 1492 2821 ἀξιωθῆναι,
1550 2756 1875 2832 Προσμένειν

226 2850 322 2906 σῦν
378 2850 416 2915 ἡ
481 2843 744 2923 Ματρίύνα
801 2855 921 2907 ταῖς
972 2841 1190 2904 λοιπαῖς
1249 2841 1574 2920 ἐπιτρέψασα
1627 2843 1711 2900 ἐπὶ
1744 2843 1874 2902 συλ-

229 2938 402 3016 λογὴν
428 2934 561 3001 {Duc
623 2933 800 2998 εκείνη
858 2930 1120 3004 προῆλθεν
1170 2930 1357 3010 ξηρᾶς,
1388 2930 1482 2987 καί
1514 2931 1730 3000 πολλὴν
1757 2956 1877 2990 τινα

236 3030 601 3103 συναγαγοῦσαι
685 3024 771 3079 καὶ
853 3019 1270 3098 ὑποστρέψασα,
1358 3018 1506 3085 Τινὲς
1592 3019 1643 3086 ἑξ
1729 3023 1877 3097 ὑμῶν

231 3114 553 3171 ἀπελθοῦσαι
608 3111 744 3167 κατά
792 3111 992 3189 τάχος,
1049 3109 1228 3183 εἶπεν,
1302 3110 1693 3186 ὑπαγορεύσατε
1756 3125 1873 3175 τοῖς

228 3205 336 3283 πρὸ
365 3201 595 3281 βραχέος
652 3198 894 3278 ἥκουσιν,
958 3196 1039 3254 ὅτι
1088 3203 1190 3277 πῦρ
1241 3199 1370 3273 ὑμῖν
1400 3201 1489 3254 καὶ
1515 3197 1616 3267 ὕλη
1647 3195 1868 3279 ἄφθονος

226 3292 581 3370 πῦτρεπίσθη,
637 3288 775 3353 τίνος
829 3284 884 3343 δὲ
942 3288 1101 3366 χάριν
1169 3285 1200 3353 ἦ
1263 3288 1409 3353 ὑμῶν
1440 3285 1609 3368 ἄφιξις
1637 3285 1870 3368 ύστερεῖ,

226 3382 325 3440 ἵνα
383 3385 473 3438 καὶ
526 3377 676 3443 τέλος
734 3378 800 3434 τὰ
852 3375 1190 3451 ἠπειλημένα
1244 3373 1371 3449 παρ’
1429 3377 1577 3453 ὑμῶν
1646 3375 1874 3441 λάϐωσι.

226 3474 445 3533 Τούτων
498 3468 697 3525 ἐκεῖνοί
753 3465 1069 3529 ἀκούσαντες
1124 3466 1220 3521 καί
1277 3466 1338 3520 τὸ
1368 3465 1463 3533 τῆς
1488 3464 1722 3529 ἐπινοίας
1784 3490 1878 3525 σο..

229 3564 335 3643 φὸν
365 3560 450 3617 καὶ
477 3560 537 3614 τὸ
566 3563 660 3613 τοῦ
715 3557 1054 3635 φρονήματος
1114 3554 1443 3633 ἀγασάμενοι
1502 3555 1678 3622 πάσης
1728 3555 1875 3623 ἠπο-

226 3672 355 3730 ρουν
412 3645 838 3725 ἀνταποκρίσεως
913 3642 1050 3718 μηδὲ
1118 3643 1216 3710 τὴν
1290 3642 1498 3730 ἐκεῖσε,
1537 3644 1874 3725 ὑποστροφὴν

222 3728 294 3797 τὸ
351 3738 488 3814 μετὰ
542 3743 708 3793 ταῦτα
759 3732 1232 3811 ἀναθαρρήσαντες.
1295 3731 1424 3789 Τότε
1483 3728 1546 3800 δὴ
1586 3746 1709 3796 ταῖς
1739 3733 1874 3790 ἀνα-

222 3828 553 3909 στρεψάσαις
638 3823 819 3896 ἑτέραν
926 3822 1071 3887 αὖθις
1156 3823 1192 3890 ἦ
1279 3820 1510 3896 μακαρία
1590 3823 1873 3900 ὀπουργίαν

221 3918 518 3978 ἐπέταττεν
550 3913 761 3971 ἀπιέναι
791 3934 848 3968 τε
908 3913 991 3968 καὶ
1037 3913 1114 3985 τῷ
1154 3909 1433 3984 ἐπισκόπῳ
1482 3909 1731 3990 ἐντυχεῖν
1778 3910 1875 3968 καί

218 4006 353 4089 μεθ’
411 4008 610 4063 ἑαυτῶν
667 4002 896 4082 ἀγαγεῖν
952 4007 1058 4058 τῶν
1086 3999 1295 4089 ᾲὶερέων
1352 3997 1443 4089 ἕνα
1489 4001 1725 4089 τινὰκαὶ
1756 4000 1873 4056 διά-

217 4087 410 4159 πονον.
475 4094 549 4153 Οὖ
600 4091 667 4160 δὴ
714 4094 801 4148 καὶ
847 4092 982 4149 κατά
1011 4087 1219 4157 πολλὴν
1249 4087 1540 4167 γενομένου
1567 4088 1666 4157 τὴν
1695 4111 1870 4170 ταχυ-

217 4194 373 4256 τῆτα
424 4196 544 4248 τοῖς
598 4183 819 4258 ἱερεῦσιν
877 4178 980 4248 ἤδη
1049 4176 1393 4260 ἀφικομένοις
1470 4177 1569 4245 τὴν
1639 4174 1872 4260 ἔναγχος

217 4282 368 4354 αὐτῇ
420 4271 803 4354 προσελθούσαν
860 4269 1054 4349 ἱέρειαν
1109 4265 1407 4345 παρεδίδου,
1456 4269 1773 4347 κατηχῆσαί
1815 4289 1872 4324 τε

218 4370 430 4435 ταύτην
498 4366 774 4444 ἐπέτρεπε,
845 4363 934 4420 καὶ
1001 4360 1277 4440 βαπτίσαι,
1348 4361 1436 4416 καὶ
1506 4361 1636 4439 πρὸς
1706 4361 1870 4429 αὐτὴν

225 4459 381 4522 αὖθις
411 4458 661 4535 ἀγαγεῖν.

1323 1860 1487 1929 αὐτῆς
1560 1864 1658 1938 μὲν
1727 1862 1873 1922 οὐδὲν

1957 1858 2031 1922 ab
2083 1860 2219 1938 igne
2249 1871 2643 1924 consumetur
2688 1881 2952 1944 praesens
2981 1863 3410 1931 habitaculum.
3462 1867 3602 1932 Haec

1958 1969 2092 2012 cum
2125 1949 2435 2025 dixissent,
2463 1950 2535 2015 ab
2569 1952 2699 2032 ipsa
2727 1952 2968 2034 quidem
2994 1954 3142 2016 nihil
3172 1955 3518 2021 audiebant.

2035 2036 2243 2128 XX‘lIl.
2276 2037 2541 2128 Matrona
2570 2049 2767 2103 autem
2799 2042 2889 2104 eis
2935 2042 3084 2105 dixit
3110 2045 3304 2108 amice
3333 2055 3391 2108 et
3434 2048 3601 2128 paci-

1958 2127 2090 2218 fice:
2125 2126 2292 2189 Hanc
2313 2127 2525 2218 sinite,
2548 2129 2764 2210 inquit,
2799 2131 2926 2194 haec
2953 2142 3042 2194 est
3064 2132 3171 2195 Dei
3196 2126 3449 2217 ancilla,
3469 2155 3602 2218 quas

1959 2215 2124 2297 prius
2173 2223 2302 2277 erat
2352 2216 2569 2278 ancilla
2614 2227 2946 2281 vestrorum
2981 2220 3258 2285 deorum.
3310 2215 3605 2288 Nib’il'est

1959 2305 2031 2366 de
2053 2311 2269 2367 caetero
2290 2305 2343 2366 ei
2371 2303 2674 2367 vobiscum
2694 2312 3182 2372 communeﬂrec
3213 2330 3345 2373 cum
3368 2313 3599 2376 audils-

1959 2399 2117 2466 sent,
2143 2392 2225 2453 illi
2260 2393 2504 2470 quidem
2533 2406 2673 2455 sunt
2690 2394 3158 2478 reversi,templi
3183 2401 3601 2480 conﬂagratio-

1958 2500 2097 2544 nem
2151 2491 2208 2544 et
2237 2483 2351 2544 alia
2394 2482 2695 2545 minantes
2729 2484 3096 2563 gravissima.
3149 2486 3355 2550 Puella
3400 2498 3599 2552 autem

1951 2572 2159 2650 jacens
2207 2570 2281 2631 ad
2313 2570 2496 2651 pedes
2539 2569 2727 2633 beata
2754 2571 3057 2647 Matrona,
3089 2575 3390 2647 Christum
3433 2577 3603 2641 valde

1958 2658 2222 2738 rogabat,
2261 2667 2327 2719 ut
2354 2658 2772 2739 obsignaretur
2822 2661 3153 2745 signaculo,
3186 2673 3245 2726 et
3286 2666 3598 2747 quampri-

1959 2766 2119 2809 mum
2171 2747 2434 2809 divinum
2483 2747 2842 2829 baptismum
2903 2762 3395 2833 consequeretur.
3450 2754 3596 2818 Cum

1957 2836 2217 2900 Matrona
2240 2856 2379 2917 ergo
2427 2839 2687 2920 reliquas
2725 2838 3005 2921 jussisset
3051 2853 3420 2925 exspectare,
3472 2847 3600 2925 ipsa

1958 2926 2250 3006 processit
2308 2926 2382 2989 ad
2411 2927 2636 2990 aridam
2698 2929 3095 3010 colligendam
3151 2933 3504 2996 materiam:
3540 2942 3602 2995 et

1958 3033 2092 3076 cum
2147 3015 2397 3077 multum
2449 3015 2791 3097 collegisset
2836 3019 3160 3082 rediisset:
3199 3016 3480 3093 Quaedam
3528 3040 3602 3085 ex

1957 3101 2147 3180 vobis,
2182 3104 2388 3186 inquit,
2426 3114 2635 3168 euntes
2665 3125 2840 3188 quam
2882 3108 3223 3187 celerrime,
3254 3111 3600 3172 renuntiate

1956 3191 2030 3253 iis
2079 3193 2181 3273 qui
2214 3193 2387 3273 paulo
2431 3203 2568 3256 ante
2600 3205 2917 3275 venerunt,
2951 3198 3221 3261 dicentes
3252 3219 3267 3262 :
3322 3197 3481 3278 Ignis
3510 3207 3603 3262 est

1957 3280 2125 3343 vobis
2156 3291 2419 3362 paratus,
2453 3291 2511 3344 et
2538 3283 2679 3345 satis
2704 3288 2992 3349 materiae.
3018 3286 3283 3360 Quanam
3311 3296 3509 3351 autem
3526 3289 3603 3350 de

1960 3388 2138 3433 causa
2168 3370 2362 3434 tardat
2415 3379 2608 3435 vester
2636 3374 2947 3450 adventus,
2982 3387 3046 3440 ut
3097 3377 3278 3439 tinem
3308 3377 3602 3458 accipiant

1963 3461 2165 3540 minae,
2198 3479 2330 3541 quae
2359 3471 2497 3523 sunt
2525 3481 2556 3522 a
2591 3461 2754 3525 vobis
2783 3466 3094 3527 intentata;
3115 3471 3143 3527 ?
3169 3464 3309 3526 Haec
3340 3484 3477 3527 cum
3507 3465 3598 3526 illi

1958 3549 2343 3624 audivissent,
2378 3557 2436 3612 et
2464 3551 2796 3631 sapientem
2850 3553 3282 3628 inventionem,
3308 3560 3369 3616 et
3411 3571 3599 3633 gene-

1958 3656 2129 3700 rosos
2176 3638 2421 3718 spiritus
2454 3649 2655 3701 essent
2703 3640 3000 3717 admirati,
3038 3641 3388 3704 nesciebant
3416 3642 3599 3720 quid-

1958 3746 2096 3790 nam
2128 3737 2335 3788 contra
2362 3731 2800 3808 responderent
2831 3748 2846 3792 :
2895 3739 2953 3792 et
2981 3749 3094 3793 nec
3125 3732 3255 3792 ausi
3287 3742 3424 3793 sunt
3454 3749 3597 3812 pos-

1959 3825 2052 3879 tea
2100 3814 2242 3877 illuc
2272 3817 2510 3878 reverti.
2567 3816 2736 3879 Tunc
2779 3819 2852 3880 iis
2903 3838 3040 3896 quas
3066 3821 3393 3902 redierant,
3428 3820 3601 3883 beata
3640 3818 3644 3822 Α

1958 3923 2168 3968 rursus
2198 3904 2356 3967 aliud
2381 3905 2560 3984 jussit
2595 3927 2608 3965 :
2664 3924 2881 3988 nempe
2914 3917 2980 3968 ut
3009 3907 3355 3990 episcopum
3388 3928 3603 3971 conve-

1955 3994 2177 4075 nirent,
2213 4002 2272 4056 et
2302 4012 2504 4057 secum
2539 3995 2830 4057 ducerent
2872 4014 3058 4060 unum
3089 4016 3161 4060 ex
3191 3996 3600 4062 sacerdotibus

1957 4092 2017 4147 et
2071 4083 2410 4146 diaconum.
2447 4082 2615 4156 Quod
2673 4085 2915 4162 quidem
2976 4106 3110 4148 cum
3169 4089 3386 4150 factum
3441 4099 3599 4150 esset

1959 4192 2169 4252 magna
2198 4172 2530 4250 celeritate,
2595 4173 2668 4235 iis
2699 4177 2798 4255 qui
2822 4176 2948 4256 jam
2993 4186 3276 4240 venerant
3306 4176 3590 4240 sacerdo-

1952 4261 2133 4343 tibus,
2170 4262 2410 4324 tradidit
2444 4281 2573 4324 eam
2607 4282 2739 4345 quae
2782 4283 2974 4346 nuper
3000 4276 3358 4343 accesserat,
3387 4284 3593 4329 sacer-

1954 4352 2157 4414 dotem
2188 4373 2202 4413 :
2240 4358 2300 4414 et
2321 4350 2503 4431 jussit
2529 4370 2661 4414 eam
2705 4354 3064 4417 catecbismo
3094 4355 3335 4419 initiare
3364 4363 3424 4420 et
3451 4354 3592 4437 bap-

1955 4441 2155 4523 tismo,
2188 4451 2480 4521 etrursus
2509 4441 2583 4504 ad
2613 4460 2678 4504 se
2719 4443 3041 4510 adducere.

320 4529 473 4605 ΚΝ.-
526 4529 792 4624 ίΑχθεῖσα
844 4539 931 4599 οὖν
987 4538 1126 4615 μετά
1185 4539 1247 4596 τὸ
1304 4539 1581 4616 βάπτισμα
1627 4539 1662 4607 ἡ
1718 4540 1870 4619 Εὐχή

1970 4622 1976 4624 Α
2018 4529 2239 4624 ⁸ΧΧΙᾌῙ.
2297 4530 2436 4624 [lost
2463 4530 2821 4624 baptismum
2868 4539 3067 4617 itaque
3093 4535 3348 4602 adducta
3386 4535 3590 4600 Euche

230 4637 401 4720 (οὕτω
427 4635 527 4715 γὰρ
556 4633 689 4700 αὕτη
728 4630 1164 4709 μετωνόμαστο),
1199 4625 1284 4685 διὰ
1314 4628 1490 4720 πάσης
1538 4627 1702 4705 ἧγετο
1749 4651 1873 4686 παι-

224 4718 375 4792 δείας
424 4725 809 4801 πνεδματικῆς,
868 4720 956 4776 καὶ
1011 4729 1331 4785 συνησκεῖτο
1379 4718 1445 4773 τὰ
1489 4720 1725 4797 θειότερα
1748 4731 1871 4783 ταῖς

224 4815 455 4879 λοιπαῖς
486 4816 561 4878 εἰς
619 4811 762 4869 ἐκτὼ
814 4806 1243 4889 περιισταμέναις
1301 4806 1391 4862 τόν
1439 4806 1676 4885 ἀριθμόν.
1726 4806 1875 4864 Οὕτω

227 4904 292 4963 δὲ
345 4904 410 4972 ἦν
477 4903 515 4970 ἠ
584 4902 703 4959 ὁσία
768 4899 869 4968 τὴν
939 4896 1150 4972 ὁμιλίαν
1210 4894 1458 4975 ἐπίχαρις
1528 4897 1617 4952 καὶ
1673 4894 1871 4960 εὖοδίας

227 4994 463 5052 πνέοοσσ
490 4996 590 5059 τῆς
617 4991 755 5047 κατὰ
787 4990 940 5064 Θεὸν,
990 4984 1127 5041 ὥστε
1170 4983 1398 5049 πολλοὺς
1453 4982 1713 5049 πολλάκις
1764 4986 1872 5042 τῶν

228 5083 574 5163 ἔντυχόντων
624 5080 782 5155 αὐτῇ,
841 5076 978 5154 μετὰ
1031 5076 1093 5131 τὸ
1147 5073 1444 5131 παύσασθαι
1500 5074 1622 5138 τοὺς
1683 5071 1871 5153 λόγους

228 5158 544 5231 ἱπανελθεῖν
635 5165 818 5227 οἴκαδε
918 5162 1268 5243 βουλομένους
1352 5158 1872 5243 δυσαπαραλλάκτως

229 5264 385 5344 ἔχειν
439 5260 672 5339 καθάπερ
725 5258 827 5314 ὑπὸ
883 5252 1089 5331 δεσμῶν
1117 5343 1121 5344 ν
1147 5273 1305 5344 τινων
1342 5259 1454 5344 *τοῦ
1509 5254 1641 5344 προς
1710 5253 1872 5344 etith

229 5340 398 5411 πόθου
454 5346 904 5429 κεκρατημένους,
958 5344 996 5413 ἢ
1052 5343 1171 5408 τοὺς
1226 5340 1281 5396 ἐν
1336 5340 1463 5419 δίψῃ
1522 5340 1671 5416 οιαλῷ
1722 5340 1867 5400 ὕδατι

233 5443 368 5524 πρὸς
416 5440 573 5519 κόρον
613 5442 672 5497 οὒ
728 5444 1141 5524 χρησαμένους,
1185 5431 1270 5488 καὶ
1323 5429 1407 5524 διὰ
1461 5438 1617 5524 τοῦτο
1666 5433 1869 5524 βαρέως

232 5519 516 5607 ὓπομένειν
544 5529 644 5597 τὴν
674 5525 1039 5607 ἀναχώρησιν.
1073 5519 1222 5580 Οὕτω
1278 5521 1377 5597 μὲν
1435 5521 1525 5578 οὖν
1583 5523 1868 5601 ἐπέραστος

236 5620 304 5701 ἦν
331 5617 467 5690 αὕτη
496 5618 633 5679 κατὰ
661 5623 869 5695 πνεῦμα
918 5625 1037 5677 τοῖς
1093 5609 1418 5689 προσιοῦσιν·
1479 5611 1608 5693 εἶχε
1661 5610 1717 5668 δὲ
1774 5612 1871 5671 xu?

1954 4619 2070 4700 (sic
2099 4620 2258 4682 enim
2309 4620 2499 4682 fuerat
2545 4622 2891 4701 nominata),
2926 4625 3288 4688 edocebatur
3317 4626 3380 4688 in
3428 4631 3594 4689 omni

1956 4712 2276 4793 disciplina
2301 4711 2576 4792 spiritali,
2604 4721 2663 4775 et
2684 4714 2747 4774 in
2778 4714 2957 4778 rebus
2976 4716 3191 4780 divinis
3207 4716 3596 4781 exercebatur

1954 4801 2135 4864 simul
2166 4819 2299 4863 cum
2331 4801 2602 4882 reliquis,
2629 4821 2760 4883 qua:
2788 4814 2962 4866 erant
2990 4816 3123 4869 octo
3154 4826 3426 4871 numero.
3456 4806 3597 4871 Erat

1956 4901 2153 4954 autem
2195 4902 2402 4952 sancta
2421 4895 2569 4953 adeo
2583 4892 2852 4972 jucunda
2874 4894 2934 4955 in
2955 4913 3254 4971 sermone,
3278 4906 3336 4958 et
3369 4897 3589 4958 bonum

1956 4981 2203 5044 odorem
2237 4980 2478 5061 spirans
2499 4981 2560 5042 in
2582 4984 2795 5064 Deum,
2818 4992 2882 5044 ut
2910 4984 3079 5046 multi
3109 5002 3270 5065 saepe
3291 5002 3363 5048 ex
3384 4986 3458 5048 iis
3488 4989 3591 5067 qui

1954 5090 2084 5135 eam
2117 5081 2540 5152 convenerant,
2576 5082 2887 5152 postquam
2936 5082 3231 5136 cessasset
3258 5075 3446 5156 loqui,
3481 5094 3592 5137 vo-

1956 5161 2148 5224 lentes
2187 5161 2431 5223 demum
2464 5161 2703 5237 reverti,
2739 5179 2894 5241 aegre
2948 5162 3023 5225 ab
3053 5182 3123 5226 ea
3151 5164 3535 5226 discederent
3571 5187 3586 5225 :

1958 5260 2027 5314 ut
2066 5249 2169 5332 qui
2224 5250 2401 5312 veluti
2446 5247 2799 5331 quibusdam
2845 5253 3094 5315 vinculis
3148 5262 3350 5316 essent
3401 5253 3476 5316 ab
3524 5273 3595 5317 ea

1951 5338 2257 5404 constricti
2306 5339 2398 5401 sui
2434 5340 2494 5401 in
2531 5356 2663 5400 eam
2693 5340 2939 5423 amoris,
2975 5348 3077 5405 aut
3105 5345 3209 5425 qui
3237 5361 3371 5406 cum
3403 5343 3465 5406 in
3494 5345 3591 5407 siti

1953 5431 2205 5523 pulchra
2241 5447 2398 5523 aqua
2423 5447 2489 5491 se
2539 5430 2977 5511 exsatiaverint,
3006 5444 3064 5496 et
3108 5446 3424 5519 prapterea
3449 5462 3592 5523 gra-

1952 5525 2100 5585 viter
2128 5520 2323 5583 ferant
2349 5518 2422 5581 ab
2437 5537 2542 5614 ea
2569 5538 2900 5614 recessum.
2934 5523 3116 5589 Porro
3162 5518 3360 5593 autem
3400 5518 3589 5614 ipsam

1950 5629 2157 5677 rursus
2179 5610 2394 5677 invasit
2417 5609 2782 5678 desiderium
2802 5618 3197 5683 conveniendi
3219 5609 3590 5699 Bassianum.
