4066 6146
349 250 470 319 949

1635 256 1823 323 VITA
1877 257 1941 323 ὃ.
1996 257 2320 324 MATRON
2326 259 2417 323 1E.

3593 257 3713 327 950

346 394 410 450 τὸ
459 390 580 450 κατ’
639 391 804 462 αὒτήν
860 393 1108 470 ποίμνιον
1161 394 1544 474 παρεσκεύατε,
1601 396 1690 452 καὶ
1731 399 1830 462 τῆς
1873 396 1978 452 τῶν

2077 394 2242 462 Itum.
2276 394 2402 469 Quo
2435 395 2651 456 factum
2702 400 2816 475 est,
2875 398 2940 455 ut
2995 392 3170 457 suum
3203 413 3437 477 quoque
3467 413 3708 476 gregem

350 482 730 558 ἐπιτιθεμένων
818 484 1100 562 διετήρησε
1177 482 1407 566 βλάϐης,
1496 481 1824 563 συλλήπτορι
1895 490 1989 542 τοῦ

344 571 502 650 ἔργου
541 573 619 647 τῷ
676 578 782 630 τῶν
840 574 1053 652 ἀγαθῶν
1112 574 1263 646 αἰτίῳ
1323 572 1612 654 χρωμένη.
1669 574 1872 632 Γίνεται
1935 571 1988 630 δέ

343 684 396 719 τι
455 664 690 719 τοιοῦτον
735 662 866 742 πρὸς
897 676 1017 727 τοῖς
1051 661 1234 727 ἄλλοις
1265 665 1353 721 καὶ
1387 661 1591 744 ἕτερον³
1637 664 1665 720 ὃ
1695 664 1784 720 καὶ
1826 662 1987 721 πλέον

342 753 411 808 τὰ
439 751 560 808 κατ’
604 753 767 820 αὑτὴν
802 751 1145 832 ἐμεγάλυνεν.

429 843 556 904 AB‘.
619 840 895 900 Ἐτελεϊτο
953 843 1051 918 μὲν
1107 842 1410 919 δημοτελὴς
1475 843 1632 922 ἐορτή
1691 844 1777 900 καὶ
1821 841 1985 900 σεϐά-

350 951 506 1004 σμιος
562 931 878 1008 Λαυρεντίου
935 938 1028 990 τοῦ
1071 937 1351 1012 μάρτυρος,
1400 931 1569 1012 ὄχλος
1627 931 1681 988 δὲ
1711 933 1848 990 κατὰ
1894 933 1986 990 τὸν

350 1027 584 1076 τοιοῦτον
626 1022 750 1077 ναὸν
822 1022 896 1084 εἷς
959 1020 1165 1088 πλῆθος
1223 1021 1452 1101 συνέρῤει
1501 1023 1586 1079 καὶ
1649 1020 1980 1102 διημέρεύεν.

355 1103 450 1164 Ὧν
499 1110 582 1165 καὶ
640 1106 727 1166 δύο
771 1109 1063 1188 ἐτύγχανον
1119 1108 1339 1191 ἀδελφαὶ
1394 1111 1492 1188 μὲν
1540 1111 1640 1179 τὴν
1671 1112 1845 1192 φύσιν,
1896 1115 1988 1169 τὸν

350 1196 406 1253 δὲ
483 1197 677 1275 τρόπον
755 1201 850 1256 οὐκ
921 1197 1120 1279 ἀδελφὰ
1189 1203 1492 1280 φρονοῦσαι,
1581 1201 1717 1258 ἀλλά
1789 1201 1986 1278 κομιδῆ

347 1285 743 1362 διαλάττουσαι,
827 1289 890 1344 τὸ
948 1290 1131 1365 μέντοι
1199 1290 1351 1368 γένος
1421 1290 1680 1367 ἐπίσημοι
1739 1292 1824 1348 καὶ
1880 1313 1984 1349 πε-

349 1390 615 1457 ριφανεῖς,
689 1385 850 1436 Αὕται
933 1378 1108 1434 τοίνυν
1195 1380 1291 1448 τῆς
1378 1379 1567 1458 ἐορτῆς
1651 1379 1983 1448 τελεσθείσης

347 1464 555 1524 ἐκεῖθεν
626 1467 914 1527 ἐπανιοῦσα
964 1469 1121 1536 ἡνίκα
1177 1468 1428 1548 γεγόνασι
1483 1470 1604 1548 περὶ
1661 1471 1754 1526 τὸν
1825 1471 1990 1526 τόπον

348 1555 405 1612 ἐν
462 1560 507 1631 ᾧ
563 1558 624 1613 τὸ
665 1562 761 1624 τῆς
809 1558 953 1620 ὁσίας
1000 1557 1404 1637 φροντιστήριον
1445 1559 1536 1630 ἧν,
1587 1558 1727 1638 ἦχός
1757 1582 1838 1624 τις
1881 1561 1984 1635 ἐμ-

349 1644 522 1719 μελὴς
552 1647 702 1702 θείων
733 1646 911 1722 ὕμνων
958 1661 1081 1714 ταῖς
1130 1648 1304 1705 αὖτῶν
1361 1645 1685 1726 προσέϐαλεν
1743 1648 1930 1713 ἀκοαῖς
1967 1665 1981 1680 ⁶

2071 487 2279 550 fecerit
2307 485 2476 548 valde
2506 483 2736 564 augeri,
2792 492 2851 547 et
2902 483 2974 546 ab
3034 485 3294 548 inimicis
3347 487 3712 548 conservarit

2072 575 2346 646 illaesum,
2381 573 2662 657 operibus
2691 572 2924 636 habens
2954 575 3286 655 adjutorem
3321 575 3595 656 eum,qui
3621 583 3711 637 est

2072 683 2246 729 causa
2276 665 2592 728 bonorum.
2632 664 2725 726 Fit
2753 663 2931 726 etiam
2985 665 3100 727 tale
3129 664 3272 746 quid
3303 665 3464 728 aliud
3493 671 3710 745 praeter

2073 764 2308 833 caetera,
2348 753 2505 836 quod
2539 771 2670 815 eam
2698 753 2841 816 fecit
2870 754 3186 834 majorem.

2151 841 2385 909 XXXII.
2409 842 2830 907 Celebrabatur
2849 843 3089 924 quidem
3108 843 3411 926 publicum
3437 853 3495 907 et
3520 863 3703 908 vene-

2071 935 2330 998 randum
2357 935 2570 998 festum
2596 931 2896 996 Laurentii
2925 934 3214 1016 martyris.
3250 933 3314 996 In
3347 935 3478 1014 ejus
3507 943 3706 998 autem

2069 1025 2354 1105 templum
2377 1024 2740 1086 conﬂuxerat
2773 1023 3030 1086 maxima
3057 1024 3368 1086 multitudo
3395 1025 3623 1106 populi,
3651 1031 3708 1086 et

2071 1114 2230 1177 diem
2282 1115 2342 1175 in
2401 1132 2471 1175 eo
2536 1110 2918 1191 transigebat.
2972 1111 3062 1176 lbi
3107 1113 3238 1175 duae
3268 1120 3436 1175 erant
3463 1114 3703 1195 quidem

2070 1221 2310 1267 sorores
2341 1201 2688 1274 natura,sed
2717 1201 2983 1265 moribus
3001 1201 3269 1279 minime,
3290 1213 3353 1264 ut
3384 1222 3513 1284 quae
3534 1201 3706 1265 valde

2070 1295 2224 1357 inter
2248 1312 2312 1356 se
2338 1293 2749 1372 discreparent
2781 1307 2794 1350 :
2832 1309 3055 1370 genere
3086 1300 3283 1354 autem
3316 1301 3486 1355 erant
3531 1292 3707 1355 clarae

2071 1393 2130 1447 et
2157 1383 2443 1463 insignes.
2481 1381 2572 1443 Eae
2631 1397 2769 1459 ergo
2822 1389 3064 1459 peracto
3120 1383 3267 1444 festo
3300 1382 3464 1444 illinc
3497 1399 3704 1444 rever-

2072 1481 2289 1548 tentes,
2321 1489 2456 1534 cum
2488 1470 2741 1532 fuissent
2799 1469 2858 1530 in
2914 1470 3046 1533 loco
3078 1470 3138 1532 in
3181 1490 3298 1552 quo
3331 1483 3460 1534 erat
3486 1479 3705 1534 sanctae

2072 1569 2506 1630 monasterium,
2539 1577 2880 1621 numerosus
2901 1564 3134 1636 quidam
3157 1579 3334 1623 sonus
3357 1564 3705 1639 hymnorum

2071 1651 2406 1713 divinorum
2442 1649 2692 1710 accessit
2714 1642 2787 1709 ad
2818 1665 2992 1710 aures
3016 1667 3241 1711 earum.
3277 1649 3501 1722 Quibus
3533 1649 3702 1712 dele-

347 1733 432 1814 ἐφ’
485 1740 571 1799 οῖς
624 1737 868 1805 ἡσθεῖσαι
912 1739 995 1793 καὶ
1041 1738 1118 1801 τίς
1165 1739 1200 1805 ἡ
1243 1747 1336 1796 τοῦ
1400 1739 1798 1816 φροντιστηρίου
1856 1742 1986 1796 καθ-

2077 1749 2260 1816 ctatze,
2296 1759 2430 1801 cum
2463 1737 2863 1814 rescivissent,
2920 1757 3192 1820 quaenam
3244 1759 3316 1802 ea
3362 1747 3538 1816 esset,
3574 1758 3706 1819 quae

348 1826 626 1900 ηγουμένη
688 1829 946 1900 μαθοῦσαι
1004 1828 1135 1905 πρὸς
1194 1827 1392 1892 ταύτην
1447 1827 1715 1902 εἰσῄεσαν,
1769 1818 1859 1892 Ὠς
1933 1827 1988 1884 δὲ

349 1916 480 1992 πρὸς
539 1913 728 1992 λόγους
784 1917 916 1991 αὐτῇ
963 1916 1246 1991 συνῆλθον,
1279 1917 1365 1973 καὶ
1393 1923 1550 1972 τουτο
1580 1917 1678 1991 μὲν
1708 1916 1759 1982 ἐξ
1791 1919 1987 1997 αὐτῶν,

344 2010 506 2060 τοῦτο
561 2003 617 2060 δὲ
659 2007 749 2060 καὶ
807 2004 914 2060 ἀπὸ
972 2010 1070 2072 τῆς
1101 2013 1207 2061 τῶν
1238 2008 1381 2073 ἢθών
1441 2004 1722 2080 εὐκοσμίας
1780 2004 1989 2074 πολλῆς

349 2092 651 2152 ἀπέλαυσαν
706 2092 989 2175 ὠφελείας,
1050 2097 1084 2162 ἦ
1153 2095 1247 2168 μία
1318 2095 1519 2150 τούτων
1585 2094 1737 2172 ἔρωτι
1795 2096 1988 2162 ταύτης

347 2181 548 2238 ἁλοῦσα
598 2189 964 2257 πνευματικῷ,
1024 2185 1096 2239 Συ
1151 2185 1250 2258 μὲν
1304 2182 1489 2262 ἄπιθι,
1544 2183 1646 2264 ἔφη
1706 2186 1837 2264 πρὸς
1893 2187 1991 2253 τὴν

349 2272 556 2349 ἑτέραν,
614 2271 722 2350 ἐγὼ
777 2271 832 2328 δὲ
899 2275 1040 2353 πρὸς,
1097 2274 1264 2349 ταύτῃ
1315 2280 1458 2348 μενῶ
1492 2291 1506 2305 ·
1575 2272 1714 2343 λήθη
1768 2275 1867 2353 γάρ
1926 2297 1991 2350 με

348 2364 440 2416 καὶ
471 2359 676 2438 ἀνδρὸς,
735 2363 820 2417 ναὶ
879 2359 1032 2419 οἴκου
1092 2364 1180 2418 καὶ
1230 2369 1501 2439 συγγενῶν
1551 2362 1681 2442 ἔσχε
1712 2365 1800 2419 καὶ
1857 2365 1993 2420 κατά

347 2453 444 2506 τὸν
494 2454 637 2507 θεῖον
693 2449 888 2530 ipsimi.
924 2450 1114 2525 Δαυίδ,
1179 2450 1537 2525 Ἐξελεξάμην
1597 2451 1989 2531 παραῤῥιπτεϊ-

347 2543 469 2597 σθαι
515 2541 568 2595 ἐν
625 2547 700 2614 τῷ
742 2540 880 2614 οἴκῳ
923 2547 1014 2596 τοῦ
1059 2542 1190 2596 Θεοῦ
1243 2563 1344 2615 μου
1387 2540 1590 2616 μᾶλλοε.
1625 2542 1660 2608 ἢ
1699 2547 1796 2608 τῆς
1853 2542 1990 2599 κατὰ

346 2631 552 2703 κόσμον
607 2629 894 2686 ἀπολαύειν
939 2634 1249 2706 εὐημερίας.
1300 2622 1390 2694 ἐὶς
1445 2629 1498 2686 δὲ
1537 2641 1700 2690 ταῦτα
1731 2634 1766 2699 ἡ
1819 2631 1986 2689 Ἀθα-

346 2720 525 2794 νατία,
588 2721 740 2776 τούτο
799 2720 897 2798 γὰρ
962 2723 1096 2794 αὖτῇ
1168 2719 1362 2799 ὄνομα³
1402 2722 1551 2797 ,πρὸς
1603 2722 1702 2788 τὴν
1755 2720 1988 2799 ἀδελφὴν

346 2809 530 2883 εἶπεν,
596 2813 691 2867 οὐκ
761 2807 920 2889 ἔσχεν
972 2811 1134 2877 αὐτὴν
1213 2816 1637 2890 συμφρονοῦσαν,
1695 2809 1832 2866 ἀλλά
1900 2811 1988 2866 καὶ

349 2899 587 2976 φανερῶς
647 2897 1134 2977 ἆντιγρθεγγομένην
1198 2898 1294 2955 καῖ
1341 2899 1668 2977 κουφότητος
1729 2899 1871 2956 εἶναι
1929 2901 1989 2955 τὸ

353 2994 567 3065 πρᾶγμα
612 2985 870 3064 λέγουσαν
916 2990 1002 3044 καὶ
1047 2987 1243 3065 ἀλόγου
1293 2987 1620 3066 θερμότητος
1676 2989 1801 3066 ῥᾷον
1859 3011 1986 3067 χω-

352 3078 543 3156 ρούσης
597 3078 668 3139 εἰς
725 3076 1108 3152 μεταμέλειαν.
1168 3083 1344 3136 Ταότα
1426 3076 1480 3132 δὲ
1565 3076 1716 3154 ἔλεγε
1795 3077 1986 3156 γνώμῃ

349 3165 662 3244 φιλοκόσμῳ
744 3165 945 3241 μᾶλλον
1032 3166 1066 3235 ἢ
1144 3168 1445 3245 φροιήματι
1516 3165 1862 3244 στερῤοτέρῳ.
1925 3159 1987 3222 ’Π

346 3256 467 3312 ὁσία
524 3255 579 3311 δὲ
637 3258 724 3312 τὸν
771 3256 868 3330 μὲν
918 3256 1055 3313 κατά
1114 3257 1244 3312 Θεὸν
1293 3256 1454 3322 αὐτῆς
1515 3254 1701 3332 ἐπῇνει
1761 3259 1983 3330 σκοπὸν,

343 3345 489 3412 πλὴν
535 3343 651 3402 οὖδέ
708 3346 843 3412 αὕτη
901 3346 999 3412 τὴν
1050 3345 1243 3424 ἀθρόαν
1315 3345 1595 3421 μετάθεσιν
1654 3343 1984 3424 ἐδοκίμαζεν,

349 3435 488 3490 ἀλλα
533 3435 754 3510 παρῄνει
832 3436 961 3511 πρὸς
1039 3436 1128 3490 τὸν
1190 3432 1349 3505 ἄνδρα
1417 3435 1673 3513 πρότερον
1733 3434 1986 3492 ἀπελθεῖν

348 3525 437 3580 καὶ
492 3523 838 3579 κοὶνώτασθαι
882 3524 1000 3601 περὶ
1051 3524 1262 3596 τούτου,
1324 3524 1438 3598 βίου
1467 3524 1524 3579 τέ
1554 3545 1684 3602 φησι
1717 3522 1984 3598 ἐπιμελη-

351 3615 504 3682 θῆναι
556 3617 630 3676 ὡς
685 3614 806 3670 οἷόν
864 3635 920 3668 τε
975 3612 1330 3692 τελειοτέρου,
1363 3613 1449 3669 καὶ
1495 3612 1626 3669 Θεοῦ
1654 3610 1858 3669 δεῖσθαι
1902 3613 1987 3668 δια

346 3705 543 3766 παντὸς
575 3703 748 3759 θεῖναί
791 3725 874 3759 σοι
923 3700 1072 3758 εὔοδα
1119 3704 1186 3761 τὰ
1245 3703 1380 3758 κατὰ
1428 3699 1630 3757 σκοπόν
1666 3721 1681 3737 ο
1740 3701 1834 3758 καί
1866 3704 1986 3758 τότε

345 3794 503 3873 ἀφίξῃ
549 3794 647 3867 μὲν
693 3791 815 3870 παρ’
847 3791 964 3865 ἐμὲ,
1002 3791 1135 3848 κατά
1166 3798 1286 3847 νοῦν
1346 3789 1401 3846 δέ
1447 3811 1529 3845 σοι
1578 3790 1874 3858 ἀπαντήσει
1927 3791 1988 3846 τὸ

343 3882 791 3956 σπουδαζόμενον.
834 3884 888 3938 Εἴ
948 3883 1046 3958 γὰρ
1090 3883 1176 3937 καὶ
1223 3881 1382 3943 πόθος
1427 3883 1571 3942 θεῖος
1633 3878 1843 3946 εἰσῆλθέ
1898 3901 1990 3935 σου

355 3973 446 4039 τὴν
504 3970 762 4042 διάνοιαν,
811 3973 896 4026 καὶ
927 3975 1022 4028 οὐκ
1051 3971 1226 4035 ἀνίησι
1257 3970 1572 4049 κατασχὼν,
1625 3967 1761 4024 ἀλλᾶ
1817 3967 1994 4024 πολλά

349 4084 417 4135 με
477 4070 568 4118 τοῦ
609 4060 817 4138 θαῤῥετν
862 4061 1056 4138 ἀπάγει
1092 4060 1219 4115 αὒτό
1253 4081 1309 4116 τε
1342 4061 1402 4114 τὸ
1451 4063 1546 4124 τῆς
1595 4057 1805 4126 ἡλικίας
1863 4057 1994 4113 νεά-

349 4161 441 4222 ζον
499 4153 580 4207 καῖ
639 4154 699 4207 τὸ
747 4152 864 4223 περὶ
907 4151 1028 4214 τοὺς
1091 4149 1283 4213 πόνους
1345 4149 1668 4221 ἀνάσκητον,
1699 4149 1992 4225 ὑπηρετεῖ-

355 4245 471 4298 σθαι
528 4239 761 4314 μᾶλλον,
824 4242 928 4319 οὔχ
977 4241 1268 4316 ὑπηρετεῖν
1302 4237 1535 4318 πεφυκός
1571 4254 1583 4268 ·
1629 4239 1690 4294 τὸ
1720 4235 1774 4292 δὲ
1807 4244 1994 4312 μεῖζον

359 4333 388 4398 ἦ
421 4331 560 4408 παρά
593 4337 683 4386 τοῦ
727 4327 908 4407 ἀνδρὸς
942 4329 1194 4390 κώλυσις,

440 4508 570 4568 Al".
603 4507 818 4568 Τούτοις
865 4508 1165 4584 εἰρημένοις
1224 4509 1257 4574 ἦ
1309 4505 1594 4563 Ἀθανασία
1650 4505 1995 4584 ἡσυχάζουσα

354 4599 419 4667 ἦν
475 4599 744 4672 ἀνιωμένη
796 4598 892 4672 μὲν
941 4600 1012 4656 ὡς
1067 4596 1442 4669 ἀπωθουμένη,
1506 4594 1582 4668 μὴ
1611 4592 1911 4670 βουλομένη
1941 4592 1995 4648 δὲ

357 4688 651 4766 ἀντιλέγειν
710 4689 793 4743 καὶ
867 4689 928 4743 τὸ
1017 4687 1206 4753 ἑαυτῆς
1282 4683 1492 4758 θέλημα
1550 4689 1794 4754 συνιστᾷν
1830 4699 1845 4715 ⁹
1908 4682 1993 4739 διὰ

358 4786 512 4834 τοῦτο
567 4779 655 4835 καὶ
697 4777 959 4857 ἀνεχώρει
992 4785 1080 4832 τοῦ
1114 4782 1313 4832 σκοποῦ
1349 4775 1528 4832 τούτου
1561 4775 1646 4829 καὶ
1697 4778 1795 4840 τῆς
1852 4794 1992 4848 προ·-

350 4869 545 4931 θέσεως
604 4870 835 4946 177‘thI);
913 4867 1153 4946 ἐχομένη
1201 4867 1286 4922 καὶ
1343 4865 1480 4921 κατά
1529 4864 1626 4930 τὴν
1682 4868 1780 4930 τῆς
1842 4863 1996 4940 ἁγίας

353 4959 659 5034 παραίνεσιν
716 4958 984 5034 σώφρονος
1013 4957 1128 5032 βίου
1185 4957 1268 5011 καί
1298 4955 1315 4976 ⁸
1367 4953 1650 5019 λιτότητος
1697 4951 1986 5026 ἐπιμελου-

353 5046 491 5119 μένη
550 5047 632 5104 καὶ
681 5049 836 5102 οἷονεί
897 5044 1242 5123 προπαιδείαν
1287 5050 1442 5100 τοῦτο
1487 5054 1618 5120 προς
1668 5045 1757 5096 τὸν
1815 5041 1994 5106 ἀσκη-

353 5139 502 5192 τικὸν
543 5136 837 5208 ποιουμένη
869 5137 1006 5211 βίον,
1058 5136 1150 5193 Καῖ
1199 5132 1264 5202 δὴ
1313 5133 1450 5188 κατᾶ
1508 5153 1624 5188 τινα
1681 5136 1788 5186 τῶν
1835 5129 1996 5197 αὐτῆς

356 5227 534 5303 ἀγρῶν
593 5226 857 5302 γενομένη
911 5227 998 5282 καὶ
1073 5227 1378 5300 μονωθεῖσα
1465 5221 1555 5277 τοῦ
1606 5225 1996 5299 συνοικοῦντος,

352 5313 572 5373 ἔσπευδε
626 5317 763 5371 κατὰ
823 5316 1049 5388 μίμησιν
1094 5316 1190 5379 τῆς
1235 5313 1388 5391 ἁγίας
1435 5312 1522 5368 καὶ
1577 5310 1711 5376 αὕτη
1770 5307 2002 5364 διατίθεσ-

355 5411 496 5482 σθαι,
529 5411 730 5484 τροφῆς
763 5427 818 5461 τε
851 5405 985 5461 κατα
1014 5405 1104 5461 τὸν
1159 5404 1314 5459 αὒτόν
1359 5403 1542 5478 καιρὸν
1597 5402 2002 5477 μνημονεύουσα

442 5577 475 5626 5
504 5573 659 5638 Psal.
692 5589 937 5646 Lxxxm,
968 5577 1068 5636 tl.

2070 1837 2284 1912 praeest
2319 1828 2708 1910 monasterio,
2741 1829 2814 1891 ad
2859 1846 2990 1892 eam
3046 1829 3332 1909 ingressa;
3361 1837 3520 1895 sunt.
3555 1831 3701 1893 Cum

2069 1939 2200 1983 eam
2220 1937 2356 1981 vero
2376 1918 2880 1998 convenissent,et
2898 1919 3108 2000 partim
3127 1920 3367 2001 quidem
3389 1940 3460 1982 ex
3477 1918 3700 1994 verbis,

2069 2013 2279 2092 partim
2314 2017 2512 2072 autem
2543 2026 2618 2070 ex
2677 2008 2968 2070 modestia
3011 2020 3072 2072 et
3123 2028 3354 2073 morum
3387 2011 3699 2072 honestate

2071 2117 2339 2179 magnam
2361 2097 2734 2178 accepissent
2760 2097 3225 2174 utilitatem,una
3250 2119 3320 2164 ex
3353 2098 3427 2161 iis
3447 2099 3703 2178 spiritali

2071 2190 2203 2270 ejus
2231 2206 2432 2250 amore
2464 2196 2638 2267 capta
2680 2208 2694 2247 :
2726 2189 2812 2250 Tu
2843 2187 3109 2270 quidem,
3159 2190 3373 2270 inquit,
3408 2189 3529 2264 ahi,
3563 2189 3709 2250 dixit

2069 2277 2284 2353 alteri;
2319 2296 2426 2356 ego
2483 2283 2679 2338 autem
2731 2276 2983 2340 manebo
3019 2278 3176 2359 apud
3228 2297 3384 2341 eam.
3417 2278 3508 2342 Me
3546 2277 3703 2341 enim

2076 2369 2232 2448 cepit
2273 2365 2490 2428 oblivio
2521 2373 2580 2426 et
2611 2365 2829 2446 mariti,
2858 2374 2915 2428 et
2945 2364 3244 2447 domus,et
3276 2375 3663 2446 cognatorum
3691 2385 3708 2441 ;

2076 2466 2157 2540 et,
2191 2465 2253 2518 ut
2283 2457 2477 2518 dicam
2513 2474 2646 2516 cum
2681 2453 2884 2516 divino
2915 2454 3137 2518 Davide
3171 2476 3186 2516 :
3229 2479 3252 2513 ε
3287 2454 3450 2533 Elegi
3485 2456 3719 2536 abjecta

2072 2565 2206 2608 esse
2229 2547 2288 2606 in
2317 2546 2499 2606 domo
2525 2543 2628 2605 Dei
2654 2544 2770 2606 mei
2793 2544 3016 2624 potius,
3050 2563 3226 2621 quam
3254 2545 3312 2607 in
3347 2545 3570 2606 mundo
3600 2545 3714 2606 frui

2071 2635 2250 2698 rebus
2264 2631 2655 2715 jucundis5.n
2685 2633 2826 2696 Cum
2849 2640 3046 2694 autem
3073 2636 3260 2696 sorori
3304 2635 3430 2696 hzec
3469 2633 3714 2696 dixisset

2070 2725 2396 2789 Athanasia
2430 2723 2567 2804 (hoc
2599 2723 2760 2785 enim
2797 2730 2925 2784 erat
2955 2723 3010 2784 ei
3066 2725 3337 2804 nomen).
3373 2743 3445 2786 ea
3475 2743 3593 2786 non
3624 2733 3714 2786 est

2071 2816 2152 2877 illi
2185 2831 2428 2876 assensa
2463 2831 2475 2874 :
2509 2813 2615 2874 sed
2645 2820 2852 2892 aperte
2895 2811 3273 2887 contradixit,
3300 2813 3564 2894 dixitque
3585 2831 3711 2874 rem

2072 2923 2204 2967 esse
2236 2902 2493 2965 levitatis
2524 2908 2580 2962 et
2616 2901 3050 2965 inconsiderati
3094 2901 3370 2980 fervoris,
3405 2905 3506 2983 qui
3539 2902 3713 2965 facile

2007 3048 2048 3098 Ο
2076 2994 2265 3094 tendit
2294 2993 2364 3053 ad
2401 2991 2834 3098 pcepitentiapi.
2855 2989 2992 3053 Haec
3018 2999 3216 3053 autem
3245 2991 3488 3092 .dicebat
3515 2992 3711 3092 animo

2075 3082 2268 3162 potius
2327 3080 2532 3142 mundi
2590 3079 2830 3161 cupido,
2888 3098 3066 3160 quam
3098 3081 3257 3158 gravi
3293 3089 3350 3142 et
3381 3081 3708 3145 constanti.

2071 3170 2286 3234 Sancta
2309 3189 2446 3233 vero
2470 3171 2602 3251 ejus
2625 3169 2866 3250 quidem
2899 3168 3175 3231 laudabat
3196 3189 3266 3231 ex
3287 3171 3409 3232 Deo
3439 3189 3710 3250 scopum,

2071 3262 2169 3320 sed
2193 3277 2298 3319 nec
2323 3264 2442 3331 ipsa
2479 3258 2843 3331 repentinam
2868 3260 3150 3331 probabat
3191 3261 3582 3328 mutationem,
3612 3260 3714 3316 sed

2071 3349 2356 3410 suadebat
2378 3355 2441 3408 ut
2469 3345 2633 3425 prius
2656 3343 2976 3406 rediretad
3007 3349 3301 3419 maritum,
3335 3353 3392 3405 et
3421 3363 3550 3407 eam
3584 3363 3710 3407 rem

2069 3437 2538 3499 communicaret
2573 3435 2779 3496 marito
2809 3455 2824 3515 ;
2859 3433 3219 3511 dicebatque
3249 3443 3522 3514 oportere
3553 3452 3708 3505 eam,

2070 3527 2258 3606 quoad
2293 3528 2420 3605 ejus
2455 3525 2577 3586 ﬁeri
2611 3531 2828 3605 potest,
2863 3540 3064 3584 curam
3113 3539 3325 3598 gerere
3356 3521 3486 3582 vitm
3511 3523 3710 3602 perfe-

2069 3616 2292 3690 ctioris,
2328 3623 2384 3676 et
2414 3615 2599 3676 Deum
2631 3621 2925 3694 perpetuo
2957 3629 3188 3689 rogare,
3219 3617 3280 3670 ut
3311 3629 3557 3689 scopum
3585 3614 3714 3687 ejus

2072 3702 2631 3781 dirigat.Tuncque,
2662 3700 2883 3775 aiebat,
2919 3699 3123 3760 venies
3153 3699 3224 3759 ad
3254 3716 3345 3758 me
3373 3720 3387 3769 ;
3424 3715 3497 3759 ex
3529 3697 3713 3758 animi

2072 3800 2267 3854 autem
2292 3791 2374 3852 tui
2393 3789 2693 3852 sententia
2717 3789 3000 3850 succedet
3023 3787 3080 3847 id
3111 3788 3276 3867 cujus
3303 3787 3523 3848 teneris
3546 3787 3712 3848 desi—

2073 3879 2264 3942 derio.
2297 3879 2420 3940 Etsi
2461 3878 2615 3940 enim
2646 3877 2912 3940 divinum
2954 3876 3316 3938 desiderium
3341 3876 3517 3936 subiit
3546 3886 3710 3937 tuum

2075 3976 2478 4041 animum,nec
2505 3978 2558 4030 te
2585 3978 2790 4028 tenere
2815 3966 3176 4044 intermittit,
3202 3984 3294 4026 me
3318 3973 3514 4026 tamen
3536 3965 3717 4027 multa

2076 4059 2430 4139 impediunt,
2469 4076 2544 4118 ne
2575 4056 2867 4118 confidam
2901 4074 2913 4115 :
2944 4073 3159 4134 nempe.
3193 4063 3289 4116 tua
3319 4061 3458 4116 sitas
3489 4065 3715 4131 tenera,

2076 4161 2130 4209 et
2151 4153 2303 4225 quod
2331 4154 2384 4208 in
2411 4149 2794 4219 suscipiendis
2819 4149 3113 4207 laboribus
3135 4162 3250 4205 non
3284 4150 3360 4203 sis
3386 4151 3713 4212 exercitata,

2023 4245 2137 4334 Det
2165 4237 2321 4334 quod
2381 4235 2455 4296 sit
2510 4243 2715 4334 natura
2773 4233 2962 4313 magis
3021 4232 3458 4330 ingeneratum,
3513 4231 3718 4334 ut‘tibi

2081 4325 2372 4389 serviatur
2423 4323 2635 4405 potius,
2699 4340 2874 4404 quam
2935 4329 2997 4382 ut
3049 4320 3293 4392 servias,
3357 4319 3598 4399 etquod
3632 4328 3720 4382 est

2084 4415 2348 4478 omnium
2382 4413 2731 4486 maximum,
2767 4413 2959 4473 mariti
2993 4408 3334 4489 prohibitio.

2160 4503 2431 4568 XXXIII.
2469 4502 2569 4564 llis
2624 4501 2822 4575 dictis,
2883 4499 3096 4562 silebat
3147 4499 3486 4578 Atlianasia,
3521 4498 3716 4559 animo

2079 4594 2316 4675 quidem
2340 4593 2688 4666 cruciata,ut
2710 4610 2843 4672 quae
2869 4590 3288 4670 repelleretur,
3316 4587 3500 4648 nollet
3522 4595 3719 4648 autem

2079 4682 2510 4755 contradicere,
2578 4690 2634 4740 et
2696 4699 2862 4741 suam
2926 4680 3284 4740 conﬁrmare
3337 4677 3718 4740 voluntatem.

2077 4773 2402 4850 Propterea
2433 4769 2706 4848 recessit,
2760 4770 2916 4829 hunc
2957 4787 3202 4847 scopum
3248 4775 3305 4828 et
3357 4765 3717 4846 propositum

2083 4861 2376 4924 acerrime
2402 4874 2789 4939 persequens,
2826 4863 2882 4916 et
2905 4863 3185 4917 utsancta
3207 4856 3262 4917 ei
3290 4855 3722 4927 suaserat,vitae

2091 4949 2475 5031 temperantis
2510 4956 2568 5008 et
2623 4945 2860 5024 frugalis
2919 4963 3121 5006 curam
3181 4962 3416 5022 gerens,
3453 4953 3508 5003 et
3541 4942 3721 5002 veluti

2089 5039 2530 5123 praecedentem
2562 5033 2964 5123 disciplinam,
3003 5032 3072 5092 ad
3109 5032 3282 5123 vitam
3338 5039 3392 5091 et
3425 5031 3720 5092 exercita-

2085 5121 2306 5192 tionem
2343 5127 2398 5188 id
2426 5127 2646 5188 faciens
2681 5122 3088 5184 monasticam.
3141 5121 3318 5181 Porro
3351 5129 3547 5180 autem
3584 5137 3718 5178 cum

2083 5219 2344 5280 venisset
2373 5216 2432 5276 in
2483 5213 2796 5294 quemdam
2851 5227 2922 5273 ex
2976 5213 3100 5272 suis
3152 5209 3328 5286 agris,
3365 5217 3421 5269 et
3451 5208 3718 5287 sejuncta

2085 5308 2294 5371 luisset
2315 5325 2347 5366 a
2367 5300 2925 5384 conjuge,studebat
2947 5301 3073 5381 ipsa
3094 5317 3156 5360 se
3179 5315 3386 5377 gerere
3407 5296 3478 5358 ad
3499 5304 3718 5358 sanctae

2088 5396 2509 5469 imitationem,
2536 5393 2747 5455 eodem
2773 5400 3041 5477 tempore
3064 5387 3255 5452 cibum
3283 5405 3548 5468 sumens,
3581 5403 3722 5466 paro
