4066 6146
471 266 582 334 951

1634 270 2024 337 ADDENDA.
2083 294 2159 310 α-
2223 263 2666 329 NOVEMBER.

3698 261 3798 326 952

469 417 660 481 ceque
687 407 746 463 et
776 401 1054 485 tenuiter,
1086 402 1242 465 sicut
1264 402 1385 475 illa,
1419 402 1768 475 comedens,
1807 410 1865 464 et
1897 417 2101 483 preces

2192 398 2282 455 καὶ
2333 398 2499 465 λιτῶς
2555 399 2736 480 ὥσπερ
2803 399 2980 469 ἐκείνη
3039 399 3282 458 ἐσθίουσα
3314 446 3330 473 ,
3401 400 3564 479 εὖχᾶς
3613 420 3667 454 τε
3715 401 3801 477 πρδ

468 488 730 553 fundens
760 501 900 554 ante
930 492 1132 555 cibum
1164 500 1223 555 et
1245 500 1379 574 post
1422 491 1645 567 cibum,
1681 499 1739 553 et
1770 490 1885 554 alia
1916 490 2116 554 omnia

471 596 579 661 pro
607 578 832 644 viribus
862 580 1127 656 imitans,
1160 600 1293 663 quae
1336 580 1587 644 faciebat
1636 580 1829 644 beata.
1866 580 2009 644 Cum
2045 599 2116 643 ea

470 675 670 732 autem
694 669 755 731 in
773 669 887 732 hoc
910 678 1158 751 esset,et
1183 676 1484 751 quaereret
1505 671 1813 732 honestam
1843 689 1876 731 a
1902 671 2113 732 marito

470 758 929 842 sejunctionem,
966 759 1080 822 tale
1111 759 1254 840 quid
1297 758 1537 837 accidit,
1585 760 1753 822 valde
1805 759 2113 823 honestam

472 846 744 926 praebens
773 847 1365 911 liberationem.Nam
1395 867 1530 910 cum
1567 868 1636 912 ea
1668 858 1733 910 ut
1764 848 1927 930 prius
1959 850 2111 911 dixi-

469 953 627 1010 mus,
663 935 919 1013 abesset,
983 941 1256 1013 maritus,
1308 938 1409 1019 qui
1469 947 1595 1000 erat
1647 946 2028 1019 sumptuosus
2059 947 2116 1001 et

472 1023 742 1086 moribus
772 1024 1206 1109 intemperans,
1245 1045 1493 1107 magnos
1538 1027 1789 1090 faciebat
1820 1038 2111 1110 sumptus.

466 1111 612 1176 Cum
637 1113 838 1196 itaque
866 1115 1146 1179 redactus
1170 1126 1328 1179 esset
1349 1117 1420 1178 ad
1478 1117 1759 1197 inopiam,
1796 1118 2115 1200 persuadet

467 1212 752 1283 puero,ut
773 1204 926 1267 clam
954 1206 1234 1286 surripiat
1268 1205 1523 1286 aliquam
1565 1226 1633 1269 ex
1655 1208 1808 1269 arcis
1831 1208 2108 1283 dominae,

468 1298 530 1354 et
547 1290 622 1354 ad
653 1310 792 1355 eum
823 1294 1231 1368 afferat.Quod
1254 1295 1496 1377 quidem
1531 1315 1661 1358 cum
1687 1296 1905 1362 factum
1931 1306 2111 1378 esset,

467 1398 585 1443 non
610 1380 785 1445 latuit
811 1382 1119 1459 ancillam,
1152 1402 1283 1464 quae
1321 1383 1595 1446 servabat
1624 1404 1721 1447 res
1751 1387 2029 1448 domina).
2066 1387 2112 1448 A

467 1488 586 1551 qua
619 1489 755 1533 cum
788 1470 891 1534 illa
919 1490 1129 1534 rursus
1156 1471 1215 1534 id
1250 1472 1586 1554 didicisset,
1620 1474 1694 1535 de
1725 1483 1940 1537 caetero
1977 1483 2108 1536 tan-

466 1577 643 1640 quam
666 1560 924 1624 honesta
948 1569 1189 1644 arrepta
1214 1562 1725 1644 occasione,uulla
1744 1584 1862 1626 non
1885 1566 2112 1628 ratione

463 1652 776 1710 Athanasia
798 1652 1141 1712 moliebatur
1160 1654 1603 1724 separationcm.
1637 1657 1889 1713 Tandem
1921 1664 2109 1714 autem

464 1753 598 1797 cum
625 1736 838 1798 marito
872 1737 1295 1817 persuasisset,
1331 1746 1391 1799 et
1451 1757 1720 1817 magnam
1756 1750 1980 1821 partem
2018 1741 2108 1802 fa—

463 1823 773 1906 cultatum,
807 1844 942 1902 qua:
969 1826 1043 1888 ad
1094 1826 1282 1907 ipsam
1327 1828 1719 1909 pertinebant.
1775 1847 1977 1892 secum
2012 1838 2108 1892 tu-

464 1911 656 1995 lisset,
687 1913 973 1977 Matronae
1007 1913 1150 1977 fidei
1179 1932 1346 1977 suam
1377 1916 1569 1979 credit
1597 1916 1854 1979 animam
1882 1935 1898 1993 ;
1931 1937 2108 1981 acce-

464 2000 758 2090 densque,
792 2009 850 2065 et
883 2005 938 2066 ei
972 2022 1110 2066 suas
1132 2005 1394 2067 offerens
1425 2005 1677 2067 divitias.
1715 2004 2105 2090 Haec,inquit,

464 2089 616 2153 mihi
643 2093 872 2174 accipe,
911 2100 973 2155 et
1002 2111 1234 2176 repone
1288 2094 1350 2156 in
1408 2095 1705 2158 thesauris
1733 2089 1984 2171 Christi,
2008 2096 2108 2180 qui

464 2197 585 2242 non
616 2189 866 2263 possunt
922 2184 1185 2265 surripi;
1246 2192 1305 2246 et
1355 2203 1432 2246 ne
1480 2183 1778 2267 despicias
1823 2187 2106 2270 animam,

463 2286 597 2351 qua;
624 2288 657 2331 a
683 2278 886 2335 sancta
945 2282 1047 2335 tua
1096 2272 1397 2354 dependet
1427 2273 1649 2348 anima,
1685 2285 1741 2339 et
1772 2277 1972 2339 omnia
2002 2295 2108 2339 sua

460 2357 566 2422 tibi
599 2358 863 2424 dedicat.

540 2448 816 2540 XXXIV,
840 2451 1101 2514 Matrona
1130 2461 1328 2516 autem
1360 2453 1933 2519 administrationem
1966 2457 2104 2540 qui-

459 2538 684 2606 dem.ut
706 2539 1016 2604 molestam
1032 2550 1091 2605 et
1111 2541 1474 2622 negotiosam
1497 2538 2107 2624 rejicienssuppliciis

457 2646 600 2691 vero
642 2631 1013 2712 propositum
1067 2630 1413 2711 admittens,
1459 2631 1772 2697 dubitabat
1821 2633 2104 2714 quidnam

459 2726 622 2783 esset
646 2719 763 2781 sibi
796 2720 1160 2782 faciendum.
1221 2720 1294 2783 Et
1353 2721 1636 2784 Bassiano
1677 2722 1919 2800 quidem
1974 2742 2102 2786 rem

461 2808 889 2895 communicat,
923 2817 983 2872 et
1013 2809 1214 2872 audita
1246 2812 1377 2892 ejus
1401 2812 1940 2894 sententia,accipit
1970 2832 2103 2895 quae

460 2894 656 2958 oblata
684 2895 942 2973 fuerant,
978 2904 1036 2961 et
1068 2916 1137 2961 ex
1190 2899 1457 2980 pecuniis
1513 2902 1763 2980 quidem
1823 2894 2099 2983 quasdam

456 2990 745 3047 consumit
774 2988 833 3047 in
864 2992 1196 3049 monasterii
1223 2993 1500 3050 faciendis
1536 2997 1844 3064 operibus:
1882 3003 1944 3053 ut
1980 3011 2102 3068 quas

459 3073 893 3136 monasterium
927 3074 1172 3155 quidem
1208 3094 1377 3139 muro
1401 3078 1888 3154 circumdederit,
1925 3081 2098 3142 trium

458 3173 659 3225 autem
686 3143 1091 3226 tabulatorum
1124 3164 1525 3229 habitaculum
1558 3143 1933 3232 exstruxerit.
1969 3143 2162 3233 Pri-C

458 3268 623 3314 mum
649 3249 897 3334 quidem
933 3264 993 3315 et
1021 3262 1195 3316 terra:
1243 3255 1670 3337 propinquum,
1724 3258 1878 3339 quod
1911 3268 2000 3319 cst
2029 3259 2103 3320 ad

455 3340 736 3422 sepulcra
768 3341 1461 3407 definitum.Secundum
1495 3358 1692 3408 autem
1726 3355 1785 3409 et
1815 3347 2098 3425 medium,

454 3430 615 3510 quod
635 3438 725 3492 est
743 3442 943 3512 aptum
964 3432 1037 3494 ad
1064 3432 1474 3514 hiemandum,
1502 3442 1559 3496 et
1579 3435 1757 3497 habet
1788 3437 2097 3515 templum,

455 3519 616 3600 quod
646 3529 742 3582 est
771 3538 843 3582 eo
880 3529 1150 3603 tempore
1179 3523 1482 3603 aptum,ad
1511 3525 1663 3603 quod
1690 3527 2097 3592 conveniatur.

452 3607 725 3671 Tertium
763 3627 907 3672 vero
935 3619 995 3673 et
1026 3619 1415 3693 postremum,
1444 3612 1599 3694 quod
1639 3614 1827 3693 ipsum
1865 3634 2100 3697 quoque

453 3697 680 3778 templo
709 3707 959 3762 ornatur
982 3700 1475 3780 pulcherrimo,et
1494 3711 1582 3764 est
1606 3704 1852 3784 pulchre
1869 3723 2099 3770 accom-

450 3785 754 3850 modatum
788 3790 860 3852 ad
896 3808 998 3853 ver
1026 3788 1149 3851 illic
1179 3790 1653 3869 agendum.Quae
1682 3793 1922 3874 quidem
1957 3813 2096 3876 per-

451 3884 694 3938 manent
728 3896 919 3959 usque
973 3877 1033 3940 in
1081 3879 1438 3942 hodiernum
1494 3880 1678 3957 diem,
1716 3884 2096 3965 praedicantia

450 3972 862 4045 sumptuosam
898 3975 961 4029 et
989 3968 1361 4046 magnificam
1392 3970 1871 4036 aedificationem.
1909 3972 1974 4035 In
2004 3973 2097 4036 his

449 4051 719 4142 quidem,
752 4055 910 4119 sicut
941 4058 1166 4119 dictum
1201 4067 1315 4133 est,
1363 4070 1729 4142 consumptae
1758 4070 1899 4126 sunt
1936 4082 2093 4124 non-

447 4141 627 4231 nullae
655 4145 925 4225 pecunia;
946 4146 1290 4210 Athanasiae
1312 4169 1329 4210 :
1354 4141 1630 4231 reliquas,
1661 4158 1859 4213 autem
1886 4152 2094 4213 distri-

448 4229 576 4293 buit
603 4234 1001 4313 monasteriis,
1030 4255 1161 4319 quae
1183 4246 1355 4301 erant
1377 4229 1824 4320 Hierosolymis,
1860 4249 1917 4303 et
1937 4241 2092 4317 aliis,

446 4338 580 4410 qua;
601 4340 807 4386 rerum
831 4325 1308 4389 necessariarum
1335 4326 1682 4389 laborabant
1706 4329 2092 4410 inopia,bono

446 4408 731 4500 Marcello
762 4412 835 4475 ad
867 4414 993 4477 hac
1028 4415 1125 4495 pie
1178 4415 1562 4478 inserviente.
1595 4414 1666 4477 Et
1717 4408 1827 4480 sici
1852 4419 2090 4500 quidem

2197 493 2398 569 τροφῆς
2439 490 2529 547 καὶ
2585 492 2722 566 μετὰ
2774 491 2875 558 τὴν
2918 489 3118 571 τροφήν
3175 486 3469 564 ποιουμένη
3530 489 3619 545 καὶ
3654 485 3802 547 τᾶλλα

2198 575 2298 634 ὅσα
2360 575 2578 655 δύναμις
2636 580 2945 656 μιμουμένη
3019 585 3120 649 τῆς
3177 578 3462 657 μακαρίας.
3528 576 3616 636 Ἐν
3653 581 3804 653 τούτῳ

2197 664 2251 723 δὲ
2297 666 2459 735 οῧσης
2505 672 2670 737 αὐτῆς
2700 672 2789 727 καὶ
2835 671 3073 750 εὐπρεπῆ
3116 668 3383 739 ζητούσης
3438 668 3537 736 τὴν
3593 668 3692 725 ἆπὶ
3728 675 3806 725 τοῦ

2198 764 2565 823 αονοικοῦντος
2636 757 2913 833 διάζευξιν,
2987 757 3186 816 τοιόνδε
3244 780 3297 815 τι
3341 758 3658 838 συνηνέχθη,
3707 755 3806 814 λίαν

2197 847 2543 926 εὐπρόσωπον
2628 849 2938 928 παρέχοντα
3018 846 3361 926 ἀπαλλαγήν.
3419 843 3805 923 Ἀποδημούσης

2196 936 2298 1015 γὰρ
2341 937 2567 1012 ταύτης,
2630 939 2704 998 ὡς
2748 940 2777 995 ὁ
2837 937 2996 1015 λόγος
3055 938 3253 1017 φθίσας
3313 934 3619 1013 ἐδήλωσεν,
3674 936 3806 999 οὗτος

2198 1024 2569 1092 πολυδάπανος
2613 1026 2688 1085 ὢν
2730 1028 2823 1083 καί
2869 1029 2961 1083 τὸν
3004 1028 3201 1106 τρόπον
3270 1024 3586 1100 ἀκόλαστος,
3643 1028 3807 1084 πλείο-

2198 1138 2280 1172 σιν
2332 1117 2535 1196 ἐχρῆτο
2576 1129 2698 1183 τοῖς
2741 1116 3112 1192 ἀναλώμασιν.
3150 1114 3241 1175 Ἐν
3282 1117 3475 1189 ἀπορίᾳ
3513 1117 3679 1173 τοίνυν
3722 1118 3808 1174 αὗ-

2194 1211 2302 1262 τῶν
2351 1207 2635 1285 γενόμενος
2678 1207 2842 1264 πείθει
2885 1208 2976 1264 τὸν
3030 1204 3224 1287 παῖδα,
3251 1204 3415 1285 λάθρα
3447 1227 3499 1261 τι
3527 1206 3630 1260 τῶν
3668 1204 3809 1262 κιϐω-

2194 1294 2319 1350 τίων
2396 1295 2681 1376 ὑφελέσθαι
2769 1301 2876 1352 τῶν
2959 1295 3056 1364 τῆς
3128 1293 3438 1368 δεσποίνης,
3516 1297 3601 1351 καὶ
3662 1295 3808 1368 τούτῳ

2194 1396 2584 1463 προσαγαγεῖν.
2633 1383 2805 1465 ’Ὅπερ
2838 1386 3124 1462 γενόμενον
3175 1388 3274 1443 οὒκ
3322 1383 3475 1440 ἔλαθε
3532 1383 3629 1450 τὴν
3664 1385 3807 1461 θερά-

2194 1495 2386 1529 παιναν
2435 1474 2471 1542 ἢ
2531 1474 2596 1531 τὰ
2639 1474 2734 1542 τῆς
2793 1475 2975 1553 κυρίας
3035 1473 3369 1552 φυλάττουσα
3434 1474 3501 1542 ἧν
3538 1492 3553 1508 '
3603 1470 3718 1551 παρ’
3753 1473 3809 1541 ἧς

2193 1561 2353 1619 πάλιν
2398 1562 2576 1631 ἐκείνη
2642 1567 2878 1639 μαθοῦσα
2921 1567 2981 1621 τὸ
3024 1562 3238 1636 λοιπὸν,
3298 1566 3372 1628 ὡς
3422 1562 3640 1640 εὖὶόγου
3689 1583 3808 1641 προ-

2194 1652 2404 1717 φάσεως
2434 1649 2754 1731 δραξαμένη,
2808 1654 3032 1710 παντοία
3090 1653 3156 1721 ἦν
3210 1653 3248 1721 ἦ
3306 1652 3593 1710 Ἀθανασία
3634 1672 3805 1731 μηχα-

2194 1741 2408 1816 νωμένη
2453 1741 2553 1807 τὴν
2612 1740 2875 1815 διάλυσιν,
2920 1744 3008 1800 καὶ
3051 1741 3200 1807 τέλος
3252 1744 3344 1798 τὸν
3393 1738 3553 1820 ἄνδρα
3606 1741 3806 1798 πείσασα

2193 1832 2255 1886 τὸ
2309 1829 2445 1888 πολὺ
2502 1853 2558 1887 τε
2603 1831 2700 1900 τῆς
2744 1833 2923 1895 οὗσίας
2974 1834 3059 1888 καὶ
3090 1830 3377 1889 ἐπιϐάλλον
3422 1835 3556 1907 αὒτῇ
3584 1852 3808 1908 συγκομι-

2193 1920 2403 1995 σαμένη
2459 1926 2528 1997 τῇ
2600 1920 2864 1997 Ματρώνη
2892 1921 2990 1988 τὴν
3024 1920 3217 1986 ἓαυτής
3261 1921 3568 1995 ἐμπιστεύξι
3622 1921 3802 1999 ψυχὴν,

2193 2011 2281 2066 καὶ
2332 2008 2691 2089 προσελθοῦσα
2747 2009 2845 2067 καΐ
2901 2012 2993 2067 τὸν
3077 2010 3306 2068 πλοῦτον
3362 2010 3498 2086 αὒτῇ
3554 2031 3805 2088 προσαγα-

2189 2105 2378 2178 γοῦσα,
2426 2095 2567 2155 Λάϐε
2610 2121 2726 2174 μοι,
2773 2098 2899 2181 ἔφη,
2941 2105 3108 2156 ταῦτα
3152 2101 3239 2157 καὶ
3281 2112 3401 2163 τοῖς
3454 2098 3665 2163 ἆσύλοις
3716 2121 3804 2156 κα·-

2189 2188 2349 2247 τάθου
2404 2195 2497 2244 τοῦ
2580 2195 2810 2266 Χριστοῦ
2891 2192 3186 2267 θησαυροῖς
3221 2208 3237 2226 ο
3300 2189 3397 2245 καί
3455 2189 3536 2265 μὴ
3594 2187 3804 2265 περιίδῃς

2191 2277 2377 2358 ψυχὴν
2406 2283 2506 2344 τῆς
2534 2277 2631 2346 σῆς
2663 2279 2816 2356 ἁγίας
2848 2277 3178 2358 ἐξεχομένην
3208 2281 3395 2359 ψυχῆς
3430 2279 3518 2336 καὶ
3554 2301 3632 2336 σοι
3657 2278 3802 2335 πάντα

2189 2366 2255 2423 τά
2282 2368 2401 2424 καθ’
2427 2368 2622 2431 ἑαυτὴν
2651 2367 3053 2435 ἆνατιθείσηςδ]

2268 2454 2407 2518 ΛΔ’,
2456 2456 2523 2513 Ἠ
2558 2458 2820 2528 Ματρώνα
2849 2455 2904 2512 δὲ
2933 2458 2995 2514 τὸ
3027 2458 3127 2531 μὲν
3156 2459 3276 2537 περὶ
3314 2462 3417 2524 τὴν
3460 2457 3707 2526 διοίκησιν
3743 2458 3800 2521 ὡς

2189 2544 2430 2625 ὀχληρὸν
2458 2547 2545 2602 καί
2576 2544 2813 2625 ἄσχολον
2866 2544 3307 2623 ἆποϐαλλομένη,
3357 2546 3720 2628 ἀποδεχομένη
3756 2544 3796 2602 δὲ

2185 2635 2283 2694 τὴν
2336 2635 2499 2692 ἱκέτιν
2543 2640 2641 2702 τῆς
2692 2637 3059 2713 προαιρέσεως
3115 2636 3170 2692 ἒν
3229 2637 3417 2714 ἀπόρῳ
3447 2647 3572 2715 γοῦν
3618 2642 3664 2693 τί
3706 2636 3793 2717 χρὴ

2185 2724 2466 2781 καθίστατο
2522 2721 2935 2802 διαπράξασθαι.
3000 2732 3280 2783 Κοινοῦται
3347 2734 3625 2806 τοιγαροῦν
3678 2734 3795 2782 Βασ-

2184 2820 2350 2888 σιανῷ
2405 2814 2472 2870 τὰ
2536 2815 2630 2870 τοῦ
2684 2814 3000 2892 πράγματος
3057 2815 3144 2870 καὶ
3199 2813 3428 2892 γνώμην
3496 2814 3617 2894 παρ’
3671 2816 3791 2871 αὖτοῦ

2183 2900 2418 2961 λαϐοὖσα
2451 2900 2670 2982 δέχεται
2717 2903 2782 2960 τὰ
2825 2903 3248 2983 προσενεχθέντα
3278 2905 3370 2960 καί
3414 2927 3536 2961 τινα
3578 2906 3669 2980 μὲν
3713 2905 3790 2960 τῶν

2182 2992 2485 3071 χρημάτων
2517 2993 2590 3055 εἰς
2622 2990 2752 3070 ἔργα
2793 2992 2859 3048 τά
2889 2994 3025 3048 κατὰ
3068 2993 3168 3060 τὴν
3202 2994 3374 3066 μονὴν
3431 2993 3709 3066 ἀναλίσκει,
3746 2994 3794 3046 τὸ

2184 3081 2510 3159 ἀσκητήριον
2542 3090 2639 3154 μὲν
2690 3079 3088 3162 διατειχίσματι
3143 3081 3397 3140 κυκλόθεν
3450 3081 3791 3162 περιλαϐοῦσα,

2185 3171 2477 3249 τριώροφον
2533 3168 2588 3225 δὲ
2639 3169 2969 3247 ἆσκητήριον
3012 3168 3338 3246 δειμαμένη.
3398 3175 3475 3232 Τὸ
3532 3174 3625 3246 μὲν
3669 3174 3792 3247 πρῶ·

2184 3280 2275 3314 τον
2325 3260 2408 3315 καὶ
2468 3261 2586 3335 περὶ
2645 3264 2748 3336 γῆν
2806 3261 2939 3338 πρὸς
2998 3260 3197 3339 τάφους
3256 3262 3642 3341 ἀφωρισμένον,
3669 3258 3786 3316 τὸδὲ

2185 3344 2305 3421 μετ’
2357 3348 2534 3403 ἐκεῖνο
2590 3349 2679 3405 καὶ
2736 3346 2898 3423 μέσον
2942 3352 3205 3428 χειμάσαι
3252 3371 3308 3406 τε
3339 3350 3592 3428 ἆρμόδιον
3635 3351 3683 3407 ὅν
3716 3349 3787 3405 καὶ

2183 3438 2307 3494 ναὸν
2351 3435 2481 3517 ’έχον
2539 3436 2594 3492 ἐν
2638 3442 2807 3513 καιρῷ
2875 3449 3101 3510 τοιούτῳ
3161 3441 3292 3517 πρὸς
3365 3439 3574 3506 σύναξιν
3628 3439 3791 3506 ἐπιτή-

2182 3525 2318 3583 δειον
2353 3542 2367 3556 ⁸
2413 3527 2475 3582 τὸ
2538 3525 2592 3581 δὲ
2650 3528 2823 3602 τρίτον
2867 3528 2963 3583 καί
3021 3526 3355 3609 τελευταῖον,
3414 3532 3505 3587 καὶ
3545 3531 3662 3587 αὑτὸ
3703 3531 3795 3598 ναῷ

2181 3614 2449 3690 καλλίστῳ
2492 3616 2865 3689 κοσμούμενον
2909 3618 2994 3672 καὶ
3039 3616 3169 3694 πρὸς
3209 3630 3270 3672 το
3325 3618 3549 3695 ἐὰρίζειν
3594 3620 3646 3674 εὖ
3692 3614 3794 3672 δια·

2181 3706 2455 3778 κείμενον.
2515 3705 2585 3762 "A
2646 3705 2741 3761 καί
2785 3706 2858 3767 εἰς
2921 3704 3071 3782 δεῦρο
3131 3704 3366 3781 διαμένει
3411 3709 3721 3786 κηρύττοντα
3745 3705 3794 3761 τὸ

2181 3794 2465 3875 φιλότιμόν
2508 3814 2567 3850 τε
2617 3795 2706 3851 καὶ
2764 3793 3172 3871 μεγαλοπρεπὲς
3222 3798 3320 3863 τῆς
3365 3796 3666 3873 οἷκοδομῆς.
3719 3795 3794 3852 Ἐν

2177 3885 2382 3947 τούτοις
2441 3883 2563 3958 μὲν,
2608 3882 2787 3959 ὥσπερ
2833 3883 3072 3961 εἴρηται,
3127 3883 3241 3941 ἔνια
3288 3892 3396 3942 τῶν
3442 3893 3543 3954 τῆς
3591 3885 3789 3944 Ἀθανα-

2179 3975 2292 4053 σίας
2354 3971 2607 4039 ἀνηλώθη
2650 3974 2956 4052 χρημάτων
2983 3993 2999 4011 ο
3035 3975 3099 4030 τὰ
3143 3972 3189 4030 δ’
3222 3972 3360 4032 ἄλλα
3389 3978 3522 4053 πρὸς
3571 3997 3626 4032 τε
3665 3975 3724 4032 τὰ
3746 3975 3792 4027 ὲν

2179 4052 2572 4140 Ἰεροσολύμοις
2631 4075 2858 4136 σεμνετα
2914 4061 3144 4138 διένειμε
3204 4052 3580 4144 μοναστηρίοις
3609 4086 3661 4122 τε
3688 4061 3790 4120 ἑτέ·

2177 4173 2289 4229 ροις
2346 4149 2537 4214 ἐνδεῶς
2580 4149 2768 4230 ἔχουσι
2826 4153 2914 4208 καὶ
2971 4152 3092 4215 τοῖς
3148 4150 3324 4219 ἄλλως
3381 4155 3488 4212 τῶν
3521 4152 3790 4233 ἀναγκαίων

2175 4239 2561 4319 ἀπορουμένοις
2621 4240 2930 4317 Μαρκέλλου
2989 4243 3119 4321 πρὸς
3167 4248 3335 4300 ταῦτα
3388 4251 3481 4301 τοῦ
3536 4240 3788 4303 σπουδαία)

2174 4329 2433 4410 φιλοθεως
2493 4330 2953 4408 δπηρετησαντος.
3014 4324 3078 4389 Ἠ
3156 4329 3451 4391 Ἀθανατία
3532 4336 3624 4403 μὲν
3691 4331 3784 4407 οὖν,

2172 4421 2246 4483 ὡς
2278 4418 2513 4498 εἴρηται,
2572 4417 2803 4476 πλοῦτον
2856 4417 3199 4478 ἁποϐαλοῦσα
3242 4423 3333 4478 τὸν
3375 4422 3559 4500 ῥέοντα
3590 4421 3786 4480 πλοῦτον

442 4498 807 4590 ᾼιιιοηαεὶα,
830 4502 1093 4585 amissis,
1115 4522 1245 4584 quae
1267 4505 1482 4580 fluunt,
1507 4504 1750 4584 divitiis,
1783 4498 2094 4590 acquisivit

2187 4507 2438 4589 ἴφθαρτον
2467 4509 2824 4578 ἂνεκτήσατο.

444 4585 697 4664 divitias,
733 4589 795 4652 in
827 4609 975 4672 quas
1003 4609 1125 4653 non
1155 4591 1316 4654 cadit
1343 4592 1641 4660 interitus.

521 4675 763 4742 XXXV.
794 4676 941 4742 Cum
1003 4678 1342 4762 quindecim
1400 4691 1592 4746 autem
1644 4703 1830 4749 annos
1882 4688 2089 4752 fuisset

439 4765 837 4857 superstesin
872 4767 983 4832 hac
1012 4768 1244 4832 vivendi
1294 4772 1546 4848 ratione,
1600 4792 1633 4836 a
1659 4778 1772 4837 vita
1809 4779 2088 4857 praesenti

441 4853 713 4943 liberata,
739 4855 882 4919 felix
903 4857 1019 4921 iter
1036 4858 1110 4921 ad
1133 4858 1320 4923 Deum
1339 4862 1496 4925 iniit.
1527 4864 1622 4927 Sic
1645 4883 1784 4943 grex
1807 4853 2089 4931 Matronae

440 4942 554 5007 fuit
584 4945 1008 5030 ampliﬁcatus,
1032 4949 1234 5013 multis
1263 4952 1530 5033 quotidie
1552 4942 1992 5031 accedentibus,
2029 4967 2088 5019 et

439 5033 782 5098 volentibus
832 5036 995 5118 pasci
1049 5037 1125 5101 ab
1184 5040 1293 5103 hac
1346 5041 1653 5122 magistra.
1688 5045 1830 5105 Cum
1889 5056 2085 5109 autem

442 5135 685 5194 instaret
711 5138 940 5204 tempus
959 5133 1088 5206 ejus
1110 5133 1532 5206 dissolutionis,
1554 5137 1722 5209 plane
1752 5142 2085 5199 ostendebat

435 5220 665 5304 sancta,
697 5232 765 5277 se
795 5233 987 5298 neque
1019 5227 1264 5298 propter
1284 5229 1485 5301 parata
1521 5240 1705 5302 opera
1751 5224 2083 5304 perturbari

434 5301 508 5394 ad
534 5305 998 5394 separationem.
1037 5309 1320 5370 «Paratus
1343 5310 1498 5371 enim
1521 5301 1827 5394 fui,inquit
1850 5313 2082 5375 divinus

433 5385 707 5469 David,et
735 5410 855 5454 non
888 5412 1019 5456 sum
1072 5394 1461 5460 conturbatus
1490 5397 1543 5457 ϐ.
1575 5385 1842 5481 {Neque
1875 5421 2081 5465 rursus

502 5563 536 5616 6
561 5565 717 5629 Psal.
753 5583 961 5643 cxvut,
999 5570 1103 5634 60.

2253 4683 2391 4746 AE’.
2430 4684 2567 4742 Δέκα
2624 4683 2681 4740 δὲ
2738 4687 2870 4764 πρὸς
2925 4701 3043 4753 τοῖς
3084 4686 3245 4745 πέντε
3293 4688 3389 4756 ἔτη
3422 4689 3476 4746 ἐν
3505 4698 3572 4768 τῇ
3620 4690 3782 4766 ἆγωγῇ

2173 4775 2337 4852 ταύτῃ
2396 4771 2731 4831 ἐπιϐιώσασα
2787 4781 2893 4832 τῶν
2946 4779 3226 4855 παρόντων
3281 4778 3651 4857 ἀπαλλαγεῖσα
3700 4777 3781 4841 τὴν

2171 4865 2432 4942 μακαρίαν
2473 4863 2605 4939 πρὸς
2653 4865 2784 4920 Θεὸν
2824 4868 3043 4942 πορείαν
3105 4866 3468 4927 ἀνεστείλατο.
3501 4867 3645 4927 Οὕτω
3695 4869 3780 4931 τῆς

2171 4954 2469 5031 Ματρώνης
2500 4953 2575 5016 εἷς
2621 4950 2933 5029 πλατοσμὸν
2981 4955 3177 5036 ἐχώρει
3230 4959 3293 5013 τὸ
3322 4964 3564 5033 ποίμνιον
3593 4954 3778 5013 πολλῶν

2170 5042 2289 5098 καθ’
2342 5043 2576 5109 ἑκάστην
2636 5047 3085 5123 προσερχομένων
3157 5047 3247 5103 καὶ
3330 5049 3433 5104 ὑπὸ
3487 5047 3778 5123 παιδαγωγῷ

2170 5133 2340 5211 ταύτῃ
2397 5131 2779 5209 ποιμαίνεσθαι
2856 5133 3217 5210 βουλομένων.
3295 5137 3446 5195 Ἐπεὶ
3512 5136 3565 5193 δὲ
3619 5139 3646 5192 ὃ
3692 5139 3775 5199 τῆς

2168 5221 2472 5285 ἀναλύσεως
2506 5223 2672 5288 αὒτῆς
2725 5222 3030 5300 ἐφειστήκει
3081 5227 3293 5305 καιρὸς,
3336 5225 3473 5297 δήλη
3501 5226 3563 5294 ἦν
3604 5227 3634 5293 ἡ
3675 5222 3771 5278 ὁσία

2169 5313 2307 5385 μήτε
2367 5318 2434 5389 τῇ
2495 5312 2773 5385 ἑτοιμασίᾳ
2860 5315 2968 5368 τῶν
3027 5314 3194 5393 ἔργων
3259 5316 3609 5395 τεραττομένη
3661 5313 3770 5377 πρὸς

2165 5403 2263 5470 τὴν
2324 5402 2577 5483 διάζευξιν
2614 5419 2629 5433 '
2692 5426 2719 5458 α
2757 5395 3120 5480 Ἠτοιμάσθην
3172 5407 3293 5484 γὰρ,
3346 5431 3373 5464 n
3422 5411 3571 5487 φησὶν
3600 5407 3765 5465 ὅθεΐφς
