4048 6136
273 294 398 362 953
1563 293 1752 358 VITA
1821 293 1884 356 S.

2012 292 2369 358 ATRON/E.
3535 289 3653 356 954

278 431 476 510 Δαυὶδ,
517 452 540 490 (ι
576 434 663 490 καὶ
706 436 800 492 οὒκ
842 431 1142 513 ἐταράχθην
1178 448 1197 470 ⁸
1234 453 1257 491 ι
1296 431 1433 506 μήτε
1485 429 1642 487 πάλιν
1685 431 1778 487 τὸν
1808 452 1924 510 χω-

2017 428 2330 492 festinabat
2380 426 2610 510 sejungi
2644 448 2658 509 ;
2693 425 2842 490 illud
2885 425 3154 508 quidem,
3188 433 3254 488 ut
3282 425 3505 488 dictum
3538 435 3650 508 est,

273 525 467 604 ρισμὸν
527 522 958 596 ἂπισπιεόδουσα,
993 525 1054 580 τὸ
1108 522 1230 596 μὲν,
1274 520 1453 598 ὥσπερ
1485 520 1723 600 εἴρηται,
1755 519 1840 578 διὰ
1867 521 1924 576 τὸ

2012 525 2332 600 propterea
2360 517 2517 598 quod
2549 516 2898 593 conﬁderet,
2927 517 3041 578 hoc
3062 524 3257 577 autem
3281 532 3486 576 rursus
3519 533 3654 604 pro-

271 603 512 692 θαῤῥεϊν,
571 614 632 668 τὸ
685 609 732 667 δ’
789 611 853 668 αὖ
897 610 1057 667 πάλιν
1086 607 1170 666 διὰ
1197 612 1289 666 τοῦ
1324 610 1566 684 ποιμνίου
1620 612 1802 671 πόθον,
1836 611 1924 665 Διὸ

2014 615 2146 687 pter
2196 625 2464 669 amorem
2496 607 2584 668 sui
2616 606 2834 686 gregis.
2869 606 3161 678 Quocirca
3206 615 3332 666 erat
3363 610 3417 666 ei
3470 603 3656 681 magis

269 690 362 759 καὶ
421 690 832 779 ἀναγκαιότερον
891 700 957 768 ἦν
1008 703 1142 773 αὒτῇ
1196 700 1258 755 τὸ
1313 697 1596 773 ἐπιμεῖναι
1659 705 1727 774 τῇ
1780 690 1924 776 σαρκῖ

2012 696 2414 758 necessarium
2451 694 2509 756 in
2542 713 2720 757 carne
2773 712 3150 775 permanere,
3183 694 3337 755 sicut
3365 692 3510 754 dicit
3557 692 3655 753 di-

267 792 412 848 ·κατᾶ
442 789 651 847 Παῦλον
698 791 786 846 καὶ
839 789 1000 868 χάριν
1051 795 1144 845 τοῦ
1187 787 1434 850 πλείονας
1492 785 1928 862 καταϐαλομένην

269 882 394 944 τοὺς
430 882 645 956 πόνους,
685 878 928 940 πλείονας
985 878 1190 934 ἐκεῖθεν
1242 878 1331 934 καὶ
1369 877 1491 941 τοὺς
1539 879 1770 955 καρποὺς
1802 875 1924 954 δρέ-

273 972 476 1046 ψασθαι
513 983 527 996 ⁵
589 968 706 1024 ὅθεν
759 967 846 1024 καὶ
918 965 1153 1041 μείζοσιν
1213 966 1406 1034 ἑαυτὴν
1469 964 1737 1026 κατέτεινε
1797 966 1927 1044 πρὸς

275 1064 357 1132 τῷ
407 1056 544 1114 τέλει
595 1069 714 1119 τοῖς
772 1056 989 1128 κόποις,
1025 1055 1162 1110 κατὰ
1216 1055 1338 1118 τοὺς
1389 1053 1614 1132 ἀγαθοὺς
1668 1061 1774 1111 τῶν
1805 1053 1925 1132 δρο-

275 1147 443 1226 μέων³
479 1145 672 1225 εὐχαῖς
699 1167 759 1201 τε
791 1143 997 1202 πλείοσι
1030 1145 1117 1200 καὶ
1155 1143 1568 1221 συντονωτέραις
1591 1143 1926 1223 σχολάζουσαι

271 1237 365 1305 ἧν.

355 1324 504 1400 Ag".
567 1334 668 1384 Του
721 1329 852 1380 Θεοῦ
905 1321 1085 1398 μέντοι
1149 1319 1473 1398 βουλομένου
1532 1319 1668 1398 μηδὲ
1729 1323 1924 1388 ταύτης

272 1414 642 1492 ἀποστερῆσαι
725 1410 1014 1489 Ματρώναν
1099 1419 1194 1483 τῆς
1253 1408 1667 1489 παρακλήσεως,
1725 1412 1784 1466 τὸ
1839 1411 1924 1467 καὶ

273 1505 380 1582 πρὸ
440 1505 538 1569 τῆς
591 1501 822 1558 ἐντεῦθεν
867 1499 1185 1578 ἀπαλλαγῆς
1241 1498 1340 1566 τὴν
1379 1500 1580 1556 ἐκεῖθεν
1612 1500 1774 1566 αὐτὴν
1805 1496 1924 1554 δια-

271 1591 563 1667 δεξομένην
621 1591 818 1668 γνῶναι
894 1590 1255 1667 κατάστασιν,

2011 787 2185 848 vinus
2217 785 2433 846 Paulus
2464 786 2514 857 7,
2549 792 2607 845 et
2636 803 2768 846 cum
2796 784 3050 862 majores
3078 783 3359 846 subiisset
3393 781 3651 862 labores,

2008 876 2171 937 illinc
2220 892 2457 955 quoque
2509 875 2714 954 plures
2761 873 2988 935 fructus
3038 872 3332 952 accipere.
3388 874 3656 945 Quamo-

2008 965 2177 1028 brem
2228 965 2288 1026 in
2319 964 2438 1026 ﬁne
2491 982 2556 1024 se
2589 962 2916 1043 majoribus
2960 963 3275 1025 exercebat
3325 961 3649 1042 laboribus,
3690 1015 3693 1017 .

2008 1057 2163 1118 sicut
2193 1053 2336 1116 boni
2382 1071 2682 1128 cursores,
2716 1061 2772 1115 et
2806 1053 3072 1133 pluribus
3103 1051 3343 1115 vacabat
3374 1050 3652 1132 precibus

2009 1155 2068 1207 et
2099 1143 2560 1207 intentionibus.

2088 1321 2343 1386 XXXVI.
2371 1326 2514 1386 Cum
2547 1322 2706 1384 Deus
2732 1331 2930 1385 autem
2961 1322 3139 1385 vellet
3169 1340 3243 1384 ne
3274 1321 3384 1384 hoc
3405 1319 3646 1400 quidem

2009 1413 2416 1476 consolatione
2441 1413 2669 1493 privare
2690 1412 3037 1493 Matronam,
3064 1420 3130 1473 ut
3158 1422 3477 1488 antequam
3509 1409 3650 1471 hinc

2010 1502 2350 1576 excederet,
2382 1510 2586 1563 nosset
2616 1503 2876 1564 futurum
2910 1502 3032 1564 illic
3062 1521 3233 1564 suum
3267 1509 3647 1573 statum,eam

1354 1587 1514 1653 ὕπνος
1590 1590 1683 1644 αὐτ
1693 1587 1755 1655 ἢν
1829 1589 1917 1643 καὶ

2012 1591 2484 1671 πείρίιεοηιιηυε
2503 1593 2690 1670 major
2707 1591 2974 1666 solito,in
2999 1611 3114 1672 quo
3144 1589 3459 1652 videbatur
3481 1588 3651 1649 obire

271 1680 443 1739 πλέον
495 1689 589 1740 τοῦ
628 1681 884 1749 συνήθους
913 1675 1195 1754 λαμϐάνει,
1227 1679 1272 1751 ᾧ
1319 1674 1488 1734 ἐδόκει
1534 1677 1701 1734 τόπον
1762 1698 1918 1756 περι-

2012 1677 2228 1755 locum,
2262 1680 2530 1761 pulchris
2560 1681 2880 1742 admodum
2914 1681 3227 1742 arboribus
3256 1681 3652 1758 consitum,et

275 1771 413 1830 ιὲναι
472 1768 699 1848 δένδρεσι
777 1769 875 1845 μὶν
953 1768 1191 1830 ἐκτόπως
1273 1770 1590 1846 κατάφυτον,
1652 1765 1798 1823 ὕδασί
1865 1788 1922 1822 τε

2012 1770 2103 1848 qui
2163 1769 2338 1845 aquis
2395 1768 2754 1846 irrigabatur
2812 1769 3200 1844 suavissimis,
3254 1779 3312 1831 et
3360 1768 3650 1850 praedium

271 1859 595 1939 κατάῤῥυτον
646 1857 926 1927 ἡδυτάτοις
1001 1860 1098 1914 καί
1179 1855 1354 1932 πολλῇ
1437 1855 1536 1933 ὅσῃ
1596 1857 1691 1912 τὸν
1748 1855 1924 1936 χῶρον

2012 1858 2375 1938 iucunditate
2425 1860 2678 1921 maxima
2709 1858 3218 1922 circumdantibns
3253 1879 3266 1921 :
3314 1858 3374 1918 in
3405 1877 3521 1939 quo
3549 1875 3651 1919 as-

269 1947 686 2028 περιϐάλλουσιν
742 1949 929 2022 ἡδονῇ,
994 1946 1048 2002 ἓν
1131 1948 1176 2019 ᾧ
1234 1943 1485 2023 γυναῖκές
1549 1967 1681 2009 τινες
1739 1945 1926 2019 σεμναὶ

268 2041 363 2098 καὶ
427 2039 642 2114 κόσμιαι
693 2041 1042 2115 παρεστῶσαι
1085 2033 1179 2091 καί
1214 2035 1360 2114 σαφῆ
1410 2037 1507 2102 τῆς
1563 2035 1753 2113 ἀρετῆς
1783 2035 1923 2112 ἴχνη

268 2128 536 2186 δεικνῦσαι
623 2140 740 2191 τοῖς
828 2130 1134 2204 προσώποις
1219 2125 1387 2179 οἰκίαν
1457 2125 1578 2179 τινὰ
1654 2122 1926 2201 ἐνδοτέραν

269 2217 507 2292 ἐῴκεσαν
553 2219 688 2292 αὐτῇ
745 2215 814 2290 τῇ
872 2215 1015 2293 χειρὶ
1073 2211 1325 2268 δεικνύειν
1374 2212 1656 2290 ἀπορρήτῳ
1713 2211 1920 2285 κάλλει,

273 2308 367 2364 καὶ
429 2303 534 2380 οἴῳ
595 2303 734 2381 μήτε
793 2302 1125 2382 ἀνθρωπίνην
1189 2315 1356 2380 χεῖρα
1409 2300 1752 2380 ἐργάσασθαι,
1789 2303 1926 2377 μήτε

277 2395 534 2474 γλῶσσαν
607 2397 750 2451 εἶναι
792 2392 1018 2460 δυνατὴν
1076 2389 1434 2471 ἐξηγήσασθαι
1493 2390 1927 2466 κατεσκευασμέ-

274 2507 381 2552 νην
411 2502 424 2517 ⁶
476 2484 562 2541 καὶ
604 2479 731 2561 παρ’
757 2481 921 2550 αὐτὴν
952 2479 1173 2537 ἐκάλουν
1232 2479 1488 2538 εἰσελθεῖν
1541 2481 1642 2547 τὴν
1700 2481 1927 2559 Ματρώ-

273 2575 372 2631 νάν
431 2573 530 2641 σὴν
592 2572 734 2630 εἶναι
769 2571 967 2638 ταύτην
1024 2569 1277 2647 λέγουσαι
1336 2571 1423 2626 καὶ
1456 2571 1537 2626 σοὶ
1568 2568 1690 2626 κατ’
1722 2568 1926 2648 ἐξαίρε-

271 2685 366 2720 τον
398 2662 708 2743 ἀφωρίσθαι.
779 2663 1162 2716 Διυπνισθεϊσα
1218 2657 1273 2715 δὲ
1333 2659 1442 2726 ὃπη
1499 2665 1655 2715 τείνει
1709 2660 1769 2716 τὸ
1801 2658 1928 2738 ὅναρ

272 2753 463 2824 συνίει,
500 2751 632 2831 εἶχέ
687 2771 744 2806 τε
801 2747 1092 2825 λαμϐάνειν
1123 2749 1196 2812 εἷς
1245 2748 1417 2805 πίστιν
1469 2751 1634 2806 ὁποῖα
1666 2749 1800 2825 μετὰ
1827 2749 1927 2816 τὴν

273 2839 476 2898 ἐνθένδε
507 2838 828 2918 ἀπαλλαγὴν
861 2836 926 2893 τά
981 2836 1294 2912 ἒκδεξόμενα
1338 2837 1534 2904 ταύτην
1577 2836 1748 2900 ἔσται.
1781 2843 1926 2893 Παν-

274 2933 364 2992 τὸς
423 2931 512 2987 οὗν
543 2935 635 2986 τοῦ
666 2932 763 2996 τῆς
788 2932 934 2998 ζωῆς
979 2927 1177 3006 χρόνου
1207 2928 1280 2990 εἷς
1313 2927 1522 2991 ,ἑκατὸν
1571 2926 1705 3004 αῦτῇ
1731 2925 1924 3003 διαμε-

275 3019 582 3098 τρηθέντος,
629 3017 681 3084 ἐξ
711 3018 784 3075 ὦν
817 3017 992 3073 εἴκοσι
1049 3018 1201 3092 μόνοι
1253 3017 1583 3096 τυγχάνουσι
1644 3018 1773 3094 πρὸς
1806 3029 1923 3081 τοῖς

277 3108 458 3180 πέντε,
521 3107 602 3186 ἐφ’
660 3107 749 3170 οἷς
806 3108 834 3162 ὁ
863 3107 1123 3180 κοσμικὸς
1168 3106 1330 3172 αὐτὴν
1364 3105 1494 3185 εἶχε
1526 3106 1638 3182 βίος
1674 3121 1687 3135 ⁸
1720 3107 1840 3171 τοὺς
1868 3104 1922 3161 δὲ

271 3195 494 3260 λοιποὺς
552 3197 793 3260 ἅπαντας
850 3197 952 3262 τὴν
1012 3197 1148 3252 κατὰ
1203 3202 1415 3270 πνεῦμα
1476 3203 1619 3266 ζῶσα
1681 3193 1920 3265 διήνυσεν

2012 1955 2202 2008 tantes
2232 1949 2499 2028 quaadam
2531 1949 2766 2010 femina
2788 1967 2992 2028 graves
3012 1957 3069 2011 et
3093 1949 3381 2023 honestze,
3409 1946 3650 2010 etvultu

2011 2055 2134 2118 prae
2178 2055 2241 2098 se
2292 2037 2556 2100 ferentes
2609 2047 2814 2119 aperta
2847 2038 3081 2101 virtutis
3126 2039 3367 2118 indicia,
3401 2040 3648 2099 domum

2009 2131 2315 2201 quamdam
2347 2135 2678 2190 interiorem
2697 2134 2746 2190 ei
2773 2147 2947 2191 manu
2964 2133 3302 2190 videbantur
3323 2129 3649 2197 ostendere,

2009 2215 2231 2295 insigni
2263 2215 2736 2296 pulchritudine,
2775 2226 2832 2278 et
2853 2217 3090 2296 qualem
3125 2235 3236 2277 nec
3267 2217 3526 2277 humana
3549 2233 3653 2296 po-

2013 2316 2121 2366 test
2141 2324 2343 2366 manus
2373 2309 2620 2375 eﬂicere,
2644 2325 2830 2381 neque
2864 2310 3056 2380 lingua
3090 2325 3345 2368 narrare.
3365 2309 3652 2367 Vocabant

2008 2401 2209 2453 autem
2244 2391 2592 2461 Matronam.
2619 2402 2681 2454 ut
2705 2391 3304 2473 illucingrederetur,
3331 2393 3599 2454 dicentes
3634 2414 3647 2450 :

2009 2479 2153 2543 Haec
2184 2489 2273 2543 est
2325 2490 2447 2557 tua,
2482 2491 2541 2542 et
2573 2481 2679 2542 tibi
2729 2485 3030 2562 praecipue
3059 2481 3324 2543 deﬁnita.
3358 2480 3406 2542 E
3439 2498 3649 2544 somno

2009 2589 2152 2634 vero
2185 2573 2453 2642 excitata,
2485 2571 2778 2634 intellexit
2808 2589 3092 2652 quorsum
3119 2571 3415 2633 somnium
3447 2570 3654 2632 tende-

2010 2668 2124 2737 ret,
2171 2663 2337 2738 quod
2389 2660 2446 2722 ei
2503 2659 2680 2722 ﬁdem
2731 2659 2981 2722 faciebat
3039 2678 3246 2722 eorum
3301 2678 3434 2740 quae
3481 2669 3653 2724 erant

2009 2759 2310 2826 secutura,
2348 2756 2654 2830 postquam
2689 2768 2761 2811 ex
2800 2749 2910 2811 hac
2939 2749 3054 2811 vita
3088 2750 3469 2811 excessisset.
3505 2747 3648 2811 Cum

2012 2847 2194 2901 totum
2250 2859 2391 2918 ergo
2434 2839 2559 2900 vitae
2617 2846 2852 2920 tempus
2885 2838 2941 2900 ei
2999 2837 3354 2919 perductum
3388 2845 3549 2899 esset
3577 2837 3651 2899 ad

2010 2929 2406 2990 centesimum
2476 2946 2720 3001 annum,
2785 2935 2844 2990 et
2903 2928 3063 2990 solos
3133 2927 3378 3008 quidem
3447 2927 3654 3007 viginti

2008 3019 2274 3099 quinque
2304 3035 2495 3079 annos
2525 3020 2583 3078 in
2640 3023 2754 3079 vita
2785 3018 3167 3096 transegisset
3198 3017 3516 3091 mundana,
3547 3034 3652 3078 re-

2009 3107 2203 3188 liquos
2231 3116 2428 3169 autem
2473 3107 2534 3167 in
2567 3107 2840 3186 spiritali,
2878 3108 3017 3169 hinc
3051 3107 3320 3186 migravit
3346 3106 3418 3168 ad
3443 3105 3650 3168 Chris-

2008 3206 2152 3272 tum,
2189 3213 2366 3277 quem
2418 3195 2819 3272 desiderabat,
2853 3196 3080 3259 relictis
3127 3195 3489 3275 actionibus,
3523 3214 3654 3276 quae

268 3287 522 3365 ἀγωγὴν,
568 3288 630 3342 τὰ
691 3285 910 3343 ἐνταῦθα
955 3283 1184 3342 λιποῦσα
1245 3285 1378 3362 πρὸς
1448 3286 1537 3342 τὸν
1598 3286 1920 3358 ποθούμενον

2012 3286 2078 3347 ab
2112 3285 2393 3346 omnibus
2423 3284 2664 3366 quidem
2699 3285 2993 3349 habentur
3046 3285 3107 3347 in
3137 3284 3360 3363 insigni
3387 3285 3653 3347 admira-

263 3375 404 3453 αὕτη
466 3377 691 3453 Χριστὸν
748 3371 1010 3448 ἑξεδήμει,
1081 3372 1298 3452 πράξεις
1364 3373 1729 3431 καταλιποῦσα
1782 3374 1923 3441 παρὰ

266 3464 488 3520 πάντων
544 3465 638 3538 μὲν
703 3461 1055 3541 διαφερόντως
1110 3462 1540 3542 θαυμαζομένας,
1600 3463 1810 3541 ὀλίγους
1868 3462 1922 3518 δὲ

273 3556 413 3632 πρὸς
472 3556 696 3630 μίμησιν
754 3554 1045 3631 ὑπάγεσθαι
1127 3550 1438 3628 δυναμένας,
1529 3555 1684 3611 αὐτὸν
1735 3558 1780 3627 ᾧ
1840 3554 1923 3609 καὶ

275 3644 542 3723 προσῆλθε
596 3645 820 3720 Χριστὸν
904 3642 986 3702 δια
1060 3644 1256 3705 παντὸς
1343 3644 1653 3700 ἱκετεύουσα
1710 3644 1925 3722 εἰρήνην

270 3756 333 3791 τε
390 3735 515 3799 ταῖς
577 3733 893 3800 ἐκκλησίαις
954 3731 1288 3809 δωρήσασθαι
1334 3733 1420 3787 καὶ
1476 3735 1629 3789 παντὶ
1689 3735 1766 3804 τῷ
1811 3730 1924 3804 λαῷ

272 3827 436 3882 αὐτοῦ
466 3824 754 3899 σωτηρίαν,
807 3820 900 3878 ἕνα
953 3823 1138 3876 τοῦτον
1203 3821 1296 3885 τῆς
1345 3819 1640 3897 ἀδιαιρέτου
1702 3817 1922 3898 Τριάδος

272 3911 569 3986 δοξάζοντι,
622 3912 657 3988 ᾗ
714 3912 800 3970 καὶ
857 3911 1044 3989 πρέπει
1085 3916 1226 3966 πᾶσα
1287 3907 1433 3987 δόξα,
1469 3911 1597 3985 τιμὴ
1628 3912 1715 3967 καὶ
1755 3932 1920 3988 προσ-

273 4003 501 4068 κύνησις
547 4009 633 4076 νῦν
691 4002 777 4058 καὶ
809 4001 922 4076 ἀεὶ,
955 3999 1047 4056 καί
1085 4001 1157 4063 εἷς
1212 3999 1333 4065 τοὺς
1389 4001 1583 4065 αἰῶιας
1641 4001 1745 4056 τῶν
1793 3999 1924 4056 αἰώ-

273 4113 407 4151 νων.
454 4089 650 4165 Ἀμήν,
1761 4089 1765 4094 ⁷

355 4267 386 4319 7
415 4267 674 4351 Philipp.
712 4283 756 4342 ι,
788 4263 888 4341 23,
917 4263 1018 4326 et.

2009 3377 2193 3447 tiona,
2231 3393 2449 3456 paucos
2497 3394 2635 3436 vero
2671 3391 2918 3456 possunt
2948 3375 3234 3437 inducere
3264 3375 3337 3436 ad
3383 3393 3483 3436 eas
3514 3375 3652 3436 imi-

2011 3466 2240 3541 tandas,
2301 3464 2623 3544 Christum,
2685 3465 2756 3526 ad
2805 3483 2979 3544 quem
3040 3464 3313 3538 accessit,
3366 3472 3653 3544 perpetuo

2009 3555 2262 3634 supplex
2315 3572 2554 3633 rogans,
2593 3561 2656 3614 ut
2714 3554 2815 3615 det
2847 3573 3050 3633 pacem
3111 3553 3404 3627 ecclesiis,
3437 3561 3494 3614 et
3551 3553 3655 3613 toti

2012 3644 2228 3722 populo
2287 3662 2394 3704 suo
2455 3643 2730 3722 salutem,
2769 3643 2869 3724 qui
2924 3661 3058 3704 eum
3119 3661 3300 3702 unum
3363 3640 3656 3720 gloriﬁcat

2007 3731 2344 3812 Trinitatis,
2377 3732 2436 3791 in
2472 3751 2648 3811 quam
2683 3751 2800 3792 non
2835 3731 2993 3793 cadit
3016 3731 3250 3806 divisio,
3276 3749 3451 3811 quam
3484 3729 3655 3793 decet

2008 3821 2208 3883 omnis
2236 3820 2445 3897 gloria,
2480 3821 2672 3882 honor
2703 3832 2762 3883 et
2793 3820 3081 3894 adoratio,
3117 3839 3275 3882 nunc
3307 3827 3366 3882 et
3389 3838 3648 3902 semper,

2009 3922 2066 3970 et
2098 3909 2157 3970 in
2193 3909 2414 3971 saecula
2443 3909 2815 3973 saeculorum.
2849 3913 3068 3973 Amen.
