  <div class='ocr_page' id='page_1' title='image "/cluster/home/n/w/nwhite01/storage/ocr_20150623/116/mdp.39015008903554/485.png"; bbox 0 0 4066 6146; ppageno 0'>
   <div class='ocr_carea' id='block_1_1' title="bbox 479 225 594 293">
    <p class='ocr_par' dir='ltr' id='par_1_1' title="bbox 479 225 594 293">
     <span class='ocr_line' id='line_1_1' title="bbox 479 225 594 293; baseline -0.009 0"><span class='ocrx_word' id='word_1_1' title='bbox 479 225 594 293; x_wconf 85' lang='grc'><strong>955</strong></span> 
     </span>
    </p>
   </div>
   <div class='ocr_carea' id='block_1_2' title="bbox 1646 230 2674 300">
    <p class='ocr_par' dir='ltr' id='par_1_2' title="bbox 1646 230 2674 300">
     <span class='ocr_line' id='line_1_2' title="bbox 1646 230 2674 300; baseline 0.003 -7"><span class='ocrx_word' id='word_1_2' title='bbox 1646 230 2028 296; x_wconf 82' lang='lat' dir='ltr'><strong>ADDENDA.</strong></span> <span class='ocrx_word' id='word_1_3' title='bbox 2098 264 2170 281; x_wconf 68' lang='grc' dir='ltr'><strong>-η</strong></span> <span class='ocrx_word' id='word_1_4' title='bbox 2232 235 2674 300; x_wconf 82' lang='lat' dir='ltr'><strong>NOVEMBER.</strong></span> 
     </span>
    </p>
   </div>
   <div class='ocr_carea' id='block_1_3' title="bbox 1298 363 3813 408">
    <p class='ocr_par' dir='ltr' id='par_1_3' title="bbox 1298 363 3813 408">
     <span class='ocr_line' id='line_1_3' title="bbox 1298 363 3813 408; baseline 0.004 -12"><span class='ocrx_word' id='word_1_5' title='bbox 1298 363 3813 408; x_wconf 46' lang='grc' dir='ltr'>Μ</span> 
     </span>
    </p>
   </div>
   <div class='ocr_carea' id='block_1_4' title="bbox 733 509 3168 602">
    <p class='ocr_par' dir='ltr' id='par_1_4' title="bbox 733 509 3168 602">
     <span class='ocr_line' id='line_1_4' title="bbox 733 509 3168 602; baseline 0.003 -8"><span class='ocrx_word' id='word_1_6' title='bbox 733 509 985 596; x_wconf 88' lang='grc' dir='ltr'><strong>ΒΙοΣ</strong></span> <span class='ocrx_word' id='word_1_7' title='bbox 1088 511 1274 596; x_wconf 92' lang='grc' dir='ltr'><strong>ΚΑΙ</strong></span> <span class='ocrx_word' id='word_1_8' title='bbox 1363 512 1904 600; x_wconf 86' lang='grc' dir='ltr'><strong>ΠΟΛΙΤΕΙΑ</strong></span> <span class='ocrx_word' id='word_1_9' title='bbox 1982 515 2208 602; x_wconf 90' lang='grc' dir='ltr'><strong>ΤΟΥ</strong></span> <span class='ocrx_word' id='word_1_10' title='bbox 2303 515 2644 602; x_wconf 91' lang='grc' dir='ltr'>ΟΣΙΟΥ</span> <span class='ocrx_word' id='word_1_11' title='bbox 2723 516 3168 602; x_wconf 88' lang='grc' dir='ltr'><strong>ΠΑΤΡΩΣ</strong></span> 
     </span>
    </p>
   </div>
   <div class='ocr_carea' id='block_1_5' title="bbox 3269 519 3591 607">
    <p class='ocr_par' dir='ltr' id='par_1_5' title="bbox 3269 519 3591 607">
     <span class='ocr_line' id='line_1_5' title="bbox 3269 519 3591 607; baseline 0.009 -3"><span class='ocrx_word' id='word_1_12' title='bbox 3269 519 3591 607; x_wconf 85' lang='grc' dir='ltr'><strong>ΗΜΩΝ</strong></span> 
     </span>
    </p>
   </div>
   <div class='ocr_carea' id='block_1_6' title="bbox 1587 739 2732 874">
    <p class='ocr_par' dir='ltr' id='par_1_6' title="bbox 1587 739 2732 874">
     <span class='ocr_line' id='line_1_6' title="bbox 1587 739 2732 874; baseline 0.003 -6"><span class='ocrx_word' id='word_1_13' title='bbox 1587 739 2732 874; x_wconf 80' lang='grc' dir='ltr'><strong>ΑΜΦΙΛΟΧΙΟΥ</strong></span> 
     </span>
    </p>
   </div>
   <div class='ocr_carea' id='block_1_7' title="bbox 1313 980 3016 1047">
    <p class='ocr_par' dir='ltr' id='par_1_7' title="bbox 1313 980 3016 1047">
     <span class='ocr_line' id='line_1_7' title="bbox 1313 980 3016 1047; baseline 0.009 -15"><span class='ocrx_word' id='word_1_14' title='bbox 1313 980 1845 1034; x_wconf 83' lang='grc' dir='ltr'><strong>ΕΠΙΣΚΟΠΟΥ</strong></span> <span class='ocrx_word' id='word_1_15' title='bbox 1930 983 2490 1038; x_wconf 78' lang='grc' dir='ltr'><strong>ΓΕΝΟΜΕΝΟΥ</strong></span> <span class='ocrx_word' id='word_1_16' title='bbox 2574 989 3016 1047; x_wconf 82' lang='grc' dir='ltr'><strong>ΙΚΟΝΙΟΥ.</strong></span> 
     </span>
    </p>
   </div>
   <div class='ocr_carea' id='block_1_8' title="bbox 1836 1247 2845 1340">
    <p class='ocr_par' dir='ltr' id='par_1_8' title="bbox 1836 1247 2845 1340">
     <span class='ocr_line' id='line_1_8' title="bbox 1836 1247 2845 1340; baseline 0.008 -8"><span class='ocrx_word' id='word_1_17' title='bbox 1836 1248 1972 1332; x_wconf 92' lang='grc' dir='ltr'>ΕΤ</span> <span class='ocrx_word' id='word_1_18' title='bbox 2067 1247 2845 1340; x_wconf 83' lang='lat' dir='ltr'><strong>CONVERSATIO</strong></span> 
     </span>
    </p>
   </div>
   <div class='ocr_carea' id='block_1_9' title="bbox 1477 1245 1738 1332">
    <p class='ocr_par' dir='ltr' id='par_1_9' title="bbox 1477 1245 1738 1332">
     <span class='ocr_line' id='line_1_9' title="bbox 1477 1245 1738 1332; baseline 0.011 -3"><span class='ocrx_word' id='word_1_19' title='bbox 1477 1245 1738 1332; x_wconf 85' lang='lat' dir='ltr'><strong>VITA</strong></span> 
     </span>
    </p>
   </div>
   <div class='ocr_carea' id='block_1_10' title="bbox 1708 1431 2617 1502">
    <p class='ocr_par' dir='ltr' id='par_1_10' title="bbox 1708 1431 2617 1502">
     <span class='ocr_line' id='line_1_10' title="bbox 1708 1431 2617 1502; baseline 0.003 -6"><span class='ocrx_word' id='word_1_20' title='bbox 1708 1431 1978 1498; x_wconf 84' lang='lat' dir='ltr'><strong>SANCTI</strong></span> <span class='ocrx_word' id='word_1_21' title='bbox 2021 1433 2287 1502; x_wconf 81' lang='lat' dir='ltr'><strong>PATRIS</strong></span> <span class='ocrx_word' id='word_1_22' title='bbox 2332 1435 2617 1502; x_wconf 85' lang='lat' dir='ltr'><strong>NOSTRI</strong></span> 
     </span>
    </p>
   </div>
   <div class='ocr_carea' id='block_1_11' title="bbox 1201 1624 3106 1773">
    <p class='ocr_par' dir='ltr' id='par_1_11' title="bbox 1201 1624 3106 1773">
     <span class='ocr_line' id='line_1_11' title="bbox 1201 1624 3106 1773; baseline 0.006 -14"><span class='ocrx_word' id='word_1_23' title='bbox 1201 1624 1936 1762; x_wconf 80' lang='lat' dir='ltr'><strong>AMPHILOCHII</strong></span> <span class='ocrx_word' id='word_1_24' title='bbox 2090 1627 2589 1770; x_wconf 80' lang='lat' dir='ltr'><strong>EPISCOPI</strong></span> <span class='ocrx_word' id='word_1_25' title='bbox 2739 1634 3106 1773; x_wconf 83' lang='lat' dir='ltr'><strong>lCONll.</strong></span> 
     </span>
    </p>
   </div>
   <div class='ocr_carea' id='block_1_12' title="bbox 574 1849 3744 1937">
    <p class='ocr_par' dir='ltr' id='par_1_12' title="bbox 574 1849 3744 1937">
     <span class='ocr_line' id='line_1_12' title="bbox 574 1849 3744 1937; baseline 0.004 -33"><span class='ocrx_word' id='word_1_26' title='bbox 574 1849 720 1921; x_wconf 90' lang='lat' dir='ltr'><strong>(Nov.</strong></span> <span class='ocrx_word' id='word_1_27' title='bbox 751 1849 840 1909; x_wconf 78' lang='grc'><strong>23.</strong></span> <span class='ocrx_word' id='word_1_28' title='bbox 873 1880 941 1892; x_wconf 88' lang='lat'><strong><em>—</em></strong></span> <span class='ocrx_word' id='word_1_29' title='bbox 979 1851 1151 1908; x_wconf 79' lang='lat' dir='ltr'><strong>Prodit</strong></span> <span class='ocrx_word' id='word_1_30' title='bbox 1185 1853 1358 1910; x_wconf 74' lang='lat' dir='ltr'><strong>Graece</strong></span> <span class='ocrx_word' id='word_1_31' title='bbox 1392 1871 1529 1912; x_wconf 91' lang='lat' dir='ltr'><strong>nunc</strong></span> <span class='ocrx_word' id='word_1_32' title='bbox 1569 1855 1784 1929; x_wconf 90' lang='lat' dir='ltr'><strong>primum</strong></span> <span class='ocrx_word' id='word_1_33' title='bbox 1815 1874 1876 1912; x_wconf 81' lang='lat' dir='ltr'><strong>ex</strong></span> <span class='ocrx_word' id='word_1_34' title='bbox 1900 1857 2012 1916; x_wconf 89' lang='lat' dir='ltr'><strong>cod.</strong></span> <span class='ocrx_word' id='word_1_35' title='bbox 2048 1875 2145 1917; x_wconf 84' lang='lat' dir='ltr'><strong>ms.</strong></span> <span class='ocrx_word' id='word_1_36' title='bbox 2180 1876 2234 1920; x_wconf 92' lang='lat' dir='ltr'><strong>n.</strong></span> <span class='ocrx_word' id='word_1_37' title='bbox 2281 1862 2440 1927; x_wconf 66' lang='lat'><strong>1554,</strong></span> <span class='ocrx_word' id='word_1_38' title='bbox 2467 1880 2587 1921; x_wconf 64' lang='lat' dir='ltr'><strong>saec.</strong></span> <span class='ocrx_word' id='word_1_39' title='bbox 2617 1878 2692 1924; x_wconf 79' lang='lat' dir='ltr'><strong>xv</strong></span> <span class='ocrx_word' id='word_1_40' title='bbox 2723 1883 2738 1930; x_wconf 84' lang='lat'><strong>;</strong></span> <span class='ocrx_word' id='word_1_41' title='bbox 2769 1865 2946 1922; x_wconf 83' lang='lat' dir='ltr'><strong>Latine</strong></span> <span class='ocrx_word' id='word_1_42' title='bbox 2977 1883 3040 1922; x_wconf 79' lang='lat' dir='ltr'><strong>ex</strong></span> <span class='ocrx_word' id='word_1_43' title='bbox 3073 1863 3497 1937; x_wconf 78' lang='lat' dir='ltr'><strong>interpretatione</strong></span> <span class='ocrx_word' id='word_1_44' title='bbox 3527 1861 3744 1932; x_wconf 84' lang='lat' dir='ltr'><strong>nostra.)</strong></span> 
     </span>
    </p>
   </div>
   <div class='ocr_carea' id='block_1_13' title="bbox 566 2127 2115 2214">
    <p class='ocr_par' dir='ltr' id='par_1_13' title="bbox 566 2127 2115 2212">
     <span class='ocr_line' id='line_1_13' title="bbox 566 2127 2115 2212; baseline 0.003 -21"><span class='ocrx_word' id='word_1_45' title='bbox 566 2127 610 2193; x_wconf 92' lang='grc'><strong>1.</strong></span> <span class='ocrx_word' id='word_1_46' title='bbox 673 2131 1074 2212; x_wconf 86' lang='lat' dir='ltr'><strong>Amphilochii</strong></span> <span class='ocrx_word' id='word_1_47' title='bbox 1107 2133 1304 2202; x_wconf 87' lang='lat' dir='ltr'><strong>vitam.</strong></span> <span class='ocrx_word' id='word_1_48' title='bbox 1340 2133 1480 2194; x_wconf 91' lang='lat' dir='ltr'><strong>dum</strong></span> <span class='ocrx_word' id='word_1_49' title='bbox 1544 2133 1606 2194; x_wconf 91' lang='lat' dir='ltr'><strong>in</strong></span> <span class='ocrx_word' id='word_1_50' title='bbox 1637 2141 1796 2195; x_wconf 90' lang='lat' dir='ltr'><strong>terra</strong></span> <span class='ocrx_word' id='word_1_51' title='bbox 1853 2143 2115 2196; x_wconf 69' lang='lat' dir='ltr'><strong>versatus</strong></span> 
     </span>
    </p>
   </div>
   <div class='ocr_carea' id='block_1_14' title="bbox 2202 2127 3817 2214">
    <p class='ocr_par' dir='ltr' id='par_1_14' title="bbox 2294 2128 3817 2214">
     <span class='ocr_line' id='line_1_14' title="bbox 2294 2128 3817 2214; baseline -0.003 -17"><span class='ocrx_word' id='word_1_52' title='bbox 2294 2128 2378 2202; x_wconf 54' lang='lat' dir='ltr'><strong>A&#39;.</strong></span> <span class='ocrx_word' id='word_1_53' title='bbox 2418 2143 2514 2199; x_wconf 84' lang='grc' dir='ltr'><strong>Καὶ</strong></span> <span class='ocrx_word' id='word_1_54' title='bbox 2543 2142 2592 2196; x_wconf 90' lang='grc' dir='ltr'><strong>τί</strong></span> <span class='ocrx_word' id='word_1_55' title='bbox 2618 2143 2725 2194; x_wconf 76' lang='grc' dir='ltr'>τῶν</span> <span class='ocrx_word' id='word_1_56' title='bbox 2756 2141 2935 2194; x_wconf 79' lang='grc' dir='ltr'>καλῶν</span> <span class='ocrx_word' id='word_1_57' title='bbox 2979 2138 3124 2196; x_wconf 73' lang='grc' dir='ltr'>ἔσται</span> <span class='ocrx_word' id='word_1_58' title='bbox 3182 2160 3262 2201; x_wconf 86' lang='grc' dir='ltr'><strong>τις</strong></span> <span class='ocrx_word' id='word_1_59' title='bbox 3292 2145 3361 2214; x_wconf 83' lang='grc' dir='ltr'><strong>τῇ</strong></span> <span class='ocrx_word' id='word_1_60' title='bbox 3395 2139 3592 2214; x_wconf 68' lang='grc' dir='ltr'>μνήμῃ</span> <span class='ocrx_word' id='word_1_61' title='bbox 3619 2134 3817 2214; x_wconf 83' lang='grc' dir='ltr'>παραδι-</span> 
     </span>
    </p>
   </div>
   <div class='ocr_carea' id='block_1_15' title="bbox 480 2219 2124 2304">
    <p class='ocr_par' dir='ltr' id='par_1_15' title="bbox 480 2219 2124 2304">
     <span class='ocr_line' id='line_1_15' title="bbox 480 2219 2124 2304; baseline 0.004 -24"><span class='ocrx_word' id='word_1_62' title='bbox 480 2226 588 2294; x_wconf 91' lang='lat' dir='ltr'><strong>est,</strong></span> <span class='ocrx_word' id='word_1_63' title='bbox 627 2219 676 2280; x_wconf 89' lang='lat' dir='ltr'><strong>si</strong></span> <span class='ocrx_word' id='word_1_64' title='bbox 732 2221 865 2301; x_wconf 85' lang='lat' dir='ltr'><strong>quis</strong></span> <span class='ocrx_word' id='word_1_65' title='bbox 895 2223 1300 2302; x_wconf 75' lang='lat' dir='ltr'><strong>descripserit,</strong></span> <span class='ocrx_word' id='word_1_66' title='bbox 1335 2223 1604 2302; x_wconf 74' lang='lat' dir='ltr'><strong>praeclari</strong></span> <span class='ocrx_word' id='word_1_67' title='bbox 1641 2223 1782 2304; x_wconf 92' lang='lat' dir='ltr'><strong>quid</strong></span> <span class='ocrx_word' id='word_1_68' title='bbox 1816 2224 2124 2286; x_wconf 69' lang='lat' dir='ltr'><strong>memoriae</strong></span> 
     </span>
    </p>
   </div>
   <div class='ocr_carea' id='block_1_16' title="bbox 478 2309 2126 2376">
    <p class='ocr_par' dir='ltr' id='par_1_16' title="bbox 478 2309 2126 2376">
     <span class='ocr_line' id='line_1_16' title="bbox 478 2309 2126 2376; baseline 0.003 -6"><span class='ocrx_word' id='word_1_69' title='bbox 478 2309 692 2372; x_wconf 77' lang='lat' dir='ltr'><strong>tradet.</strong></span> <span class='ocrx_word' id='word_1_70' title='bbox 726 2311 980 2373; x_wconf 88' lang='lat' dir='ltr'><strong>Maximo</strong></span> <span class='ocrx_word' id='word_1_71' title='bbox 1012 2312 1170 2373; x_wconf 86' lang='lat' dir='ltr'><strong>enim</strong></span> <span class='ocrx_word' id='word_1_72' title='bbox 1223 2313 1444 2374; x_wconf 87' lang='lat' dir='ltr'><strong>damno</strong></span> <span class='ocrx_word' id='word_1_73' title='bbox 1475 2313 1814 2375; x_wconf 82' lang='lat' dir='ltr'><strong>afﬁceretur</strong></span> <span class='ocrx_word' id='word_1_74' title='bbox 1858 2312 2126 2376; x_wconf 88' lang='lat' dir='ltr'><strong>Ecclesia</strong></span> 
     </span>
    </p>
   </div>
   <div class='ocr_carea' id='block_1_17' title="bbox 477 2397 2122 2481">
    <p class='ocr_par' dir='ltr' id='par_1_17' title="bbox 477 2397 2122 2481">
     <span class='ocr_line' id='line_1_17' title="bbox 477 2397 2122 2481; baseline 0.004 -23"><span class='ocrx_word' id='word_1_75' title='bbox 477 2397 778 2474; x_wconf 78' lang='lat' dir='ltr'><strong>universa,</strong></span> <span class='ocrx_word' id='word_1_76' title='bbox 815 2406 862 2460; x_wconf 91' lang='lat' dir='ltr'><strong>si</strong></span> <span class='ocrx_word' id='word_1_77' title='bbox 913 2401 1074 2462; x_wconf 92' lang='lat' dir='ltr'><strong>illius</strong></span> <span class='ocrx_word' id='word_1_78' title='bbox 1104 2401 1351 2464; x_wconf 85' lang='lat' dir='ltr'><strong>virtutes</strong></span> <span class='ocrx_word' id='word_1_79' title='bbox 1405 2421 1620 2478; x_wconf 87' lang='lat' dir='ltr'><strong>resque</strong></span> <span class='ocrx_word' id='word_1_80' title='bbox 1655 2421 1760 2481; x_wconf 87' lang='lat' dir='ltr'><strong>pro</strong></span> <span class='ocrx_word' id='word_1_81' title='bbox 1811 2403 2122 2480; x_wconf 83' lang='lat' dir='ltr'><strong>unigenito</strong></span> 
     </span>
    </p>
   </div>
   <div class='ocr_carea' id='block_1_18' title="bbox 474 2484 2122 2571">
    <p class='ocr_par' dir='ltr' id='par_1_18' title="bbox 474 2484 2122 2571">
     <span class='ocr_line' id='line_1_18' title="bbox 474 2484 2122 2571; baseline 0.004 -25"><span class='ocrx_word' id='word_1_82' title='bbox 474 2484 582 2546; x_wconf 92' lang='lat' dir='ltr'><strong>Dei</strong></span> <span class='ocrx_word' id='word_1_83' title='bbox 602 2486 752 2549; x_wconf 91' lang='lat' dir='ltr'><strong>Filio</strong></span> <span class='ocrx_word' id='word_1_84' title='bbox 787 2491 1074 2568; x_wconf 67' lang='lat' dir='ltr'><strong>praeclare</strong></span> <span class='ocrx_word' id='word_1_85' title='bbox 1111 2501 1290 2569; x_wconf 58' lang='lat' dir='ltr'><strong>gestae</strong></span> <span class='ocrx_word' id='word_1_86' title='bbox 1322 2491 1562 2552; x_wconf 90' lang='lat' dir='ltr'><strong>silentio</strong></span> <span class='ocrx_word' id='word_1_87' title='bbox 1598 2492 2122 2571; x_wconf 65' lang='lat' dir='ltr'><strong>praetermitteren-</strong></span> 
     </span>
    </p>
   </div>
   <div class='ocr_carea' id='block_1_19' title="bbox 472 2577 2116 2660">
    <p class='ocr_par' dir='ltr' id='par_1_19' title="bbox 472 2577 2116 2660">
     <span class='ocr_line' id='line_1_19' title="bbox 472 2577 2116 2660; baseline 0.001 -22"><span class='ocrx_word' id='word_1_88' title='bbox 472 2584 587 2640; x_wconf 88' lang='lat' dir='ltr'><strong>tur.</strong></span> <span class='ocrx_word' id='word_1_89' title='bbox 648 2577 723 2640; x_wconf 93' lang='lat' dir='ltr'><strong>Ut</strong></span> <span class='ocrx_word' id='word_1_90' title='bbox 774 2580 954 2656; x_wconf 87' lang='lat' dir='ltr'><strong>igitur</strong></span> <span class='ocrx_word' id='word_1_91' title='bbox 1009 2599 1140 2660; x_wconf 68' lang='lat' dir='ltr'><strong>qua)</strong></span> <span class='ocrx_word' id='word_1_92' title='bbox 1203 2580 1454 2660; x_wconf 85' lang='lat' dir='ltr'><strong>pulchra</strong></span> <span class='ocrx_word' id='word_1_93' title='bbox 1511 2588 1650 2641; x_wconf 87' lang='lat' dir='ltr'><strong>sunt</strong></span> <span class='ocrx_word' id='word_1_94' title='bbox 1702 2580 1978 2658; x_wconf 81' lang='lat' dir='ltr'><strong>dilligere</strong></span> <span class='ocrx_word' id='word_1_95' title='bbox 2036 2590 2116 2660; x_wconf 88' lang='lat' dir='ltr'><strong>et,</strong></span> 
     </span>
    </p>
   </div>
   <div class='ocr_carea' id='block_1_20' title="bbox 471 2669 2118 2747">
    <p class='ocr_par' dir='ltr' id='par_1_20' title="bbox 471 2669 2118 2747">
     <span class='ocr_line' id='line_1_20' title="bbox 471 2669 2118 2747; baseline 0.002 -20"><span class='ocrx_word' id='word_1_96' title='bbox 471 2677 756 2747; x_wconf 91' lang='lat' dir='ltr'><strong>quantum</strong></span> <span class='ocrx_word' id='word_1_97' title='bbox 823 2670 984 2747; x_wconf 84' lang='lat' dir='ltr'><strong>licet,</strong></span> <span class='ocrx_word' id='word_1_98' title='bbox 1044 2669 1326 2730; x_wconf 87' lang='lat' dir='ltr'><strong>laudibus</strong></span> <span class='ocrx_word' id='word_1_99' title='bbox 1386 2671 1602 2731; x_wconf 75' lang='lat' dir='ltr'><strong>eﬂ‘erre</strong></span> <span class='ocrx_word' id='word_1_100' title='bbox 1654 2671 1986 2743; x_wconf 83' lang='lat' dir='ltr'><strong>videamur,</strong></span> <span class='ocrx_word' id='word_1_101' title='bbox 2045 2671 2118 2732; x_wconf 92' lang='lat' dir='ltr'><strong>ad</strong></span> 
     </span>
    </p>
   </div>
   <div class='ocr_carea' id='block_1_21' title="bbox 474 2757 2120 2840">
    <p class='ocr_par' dir='ltr' id='par_1_21' title="bbox 474 2757 2120 2840">
     <span class='ocr_line' id='line_1_21' title="bbox 474 2757 2120 2840; baseline 0.002 -24"><span class='ocrx_word' id='word_1_102' title='bbox 474 2757 916 2819; x_wconf 90' lang='lat' dir='ltr'><strong>enarrationem</strong></span> <span class='ocrx_word' id='word_1_103' title='bbox 974 2758 1459 2838; x_wconf 89' lang='lat' dir='ltr'><strong>progrediemur,</strong></span> <span class='ocrx_word' id='word_1_104' title='bbox 1493 2759 1573 2820; x_wconf 89' lang='lat' dir='ltr'><strong>ita</strong></span> <span class='ocrx_word' id='word_1_105' title='bbox 1601 2760 1846 2840; x_wconf 85' lang='lat' dir='ltr'><strong>quidem</strong></span> <span class='ocrx_word' id='word_1_106' title='bbox 1893 2767 1954 2820; x_wconf 92' lang='lat' dir='ltr'><strong>ut</strong></span> <span class='ocrx_word' id='word_1_107' title='bbox 1982 2768 2120 2821; x_wconf 90' lang='lat' dir='ltr'><strong>ante</strong></span> 
     </span>
    </p>
   </div>
   <div class='ocr_carea' id='block_1_22' title="bbox 473 2847 2118 2928">
    <p class='ocr_par' dir='ltr' id='par_1_22' title="bbox 473 2847 2118 2928">
     <span class='ocr_line' id='line_1_22' title="bbox 473 2847 2118 2928; baseline 0.005 -25"><span class='ocrx_word' id='word_1_108' title='bbox 473 2851 672 2906; x_wconf 88' lang='lat' dir='ltr'><strong>omnia</strong></span> <span class='ocrx_word' id='word_1_109' title='bbox 693 2847 938 2925; x_wconf 91' lang='lat' dir='ltr'><strong>patriam</strong></span> <span class='ocrx_word' id='word_1_110' title='bbox 967 2848 1096 2928; x_wconf 88' lang='lat' dir='ltr'><strong>ejus</strong></span> <span class='ocrx_word' id='word_1_111' title='bbox 1128 2866 1196 2910; x_wconf 89' lang='lat' dir='ltr'><strong>ac</strong></span> <span class='ocrx_word' id='word_1_112' title='bbox 1223 2856 1498 2927; x_wconf 88' lang='lat' dir='ltr'><strong>parentes</strong></span> <span class='ocrx_word' id='word_1_113' title='bbox 1529 2848 2118 2920; x_wconf 78' lang='lat' dir='ltr'><strong>indicemus,deinde</strong></span> 
     </span>
    </p>
   </div>
   <div class='ocr_carea' id='block_1_23' title="bbox 473 2937 2118 3018">
    <p class='ocr_par' dir='ltr' id='par_1_23' title="bbox 473 2937 2118 3018">
     <span class='ocr_line' id='line_1_23' title="bbox 473 2937 2118 3018; baseline 0.004 -25"><span class='ocrx_word' id='word_1_114' title='bbox 473 2937 602 3009; x_wconf 87' lang='lat' dir='ltr'><strong>ejus</strong></span> <span class='ocrx_word' id='word_1_115' title='bbox 660 2937 890 2998; x_wconf 83' lang='lat' dir='ltr'><strong>vivendi</strong></span> <span class='ocrx_word' id='word_1_116' title='bbox 923 2956 1148 2998; x_wconf 90' lang='lat' dir='ltr'><strong>morem</strong></span> <span class='ocrx_word' id='word_1_117' title='bbox 1203 2945 1262 2998; x_wconf 92' lang='lat' dir='ltr'><strong>et</strong></span> <span class='ocrx_word' id='word_1_118' title='bbox 1291 2937 1509 3018; x_wconf 90' lang='lat' dir='ltr'><strong>quibus</strong></span> <span class='ocrx_word' id='word_1_119' title='bbox 1564 2938 1944 2999; x_wconf 78' lang='lat' dir='ltr'><strong>familiariter</strong></span> <span class='ocrx_word' id='word_1_120' title='bbox 1981 2956 2118 2999; x_wconf 90' lang='lat' dir='ltr'><strong>usus</strong></span> 
     </span>
    </p>
   </div>
   <div class='ocr_carea' id='block_1_24' title="bbox 472 3022 1204 3107">
    <p class='ocr_par' dir='ltr' id='par_1_24' title="bbox 472 3022 1204 3107">
     <span class='ocr_line' id='line_1_24' title="bbox 472 3022 1204 3107; baseline 0.005 -23"><span class='ocrx_word' id='word_1_121' title='bbox 472 3022 548 3084; x_wconf 87' lang='lat' dir='ltr'><strong>sit</strong></span> <span class='ocrx_word' id='word_1_122' title='bbox 579 3025 786 3087; x_wconf 88' lang='lat' dir='ltr'><strong>amicis</strong></span> <span class='ocrx_word' id='word_1_123' title='bbox 817 3045 1204 3107; x_wconf 84' lang='lat' dir='ltr'><strong>exponamus.</strong></span> 
     </span>
    </p>
   </div>
   <div class='ocr_carea' id='block_1_25' title="bbox 551 3113 2117 3198">
    <p class='ocr_par' dir='ltr' id='par_1_25' title="bbox 551 3113 2117 3198">
     <span class='ocr_line' id='line_1_25' title="bbox 551 3113 2117 3198; baseline 0.001 -23"><span class='ocrx_word' id='word_1_124' title='bbox 551 3113 624 3175; x_wconf 89' lang='lat' dir='ltr'><strong>Il.</strong></span> <span class='ocrx_word' id='word_1_125' title='bbox 653 3116 759 3176; x_wconf 89' lang='lat' dir='ltr'><strong>Vir</strong></span> <span class='ocrx_word' id='word_1_126' title='bbox 807 3118 916 3178; x_wconf 81' lang='lat' dir='ltr'><strong>iste</strong></span> <span class='ocrx_word' id='word_1_127' title='bbox 949 3125 1188 3178; x_wconf 89' lang='lat' dir='ltr'><strong>sanctus</strong></span> <span class='ocrx_word' id='word_1_128' title='bbox 1223 3121 1464 3198; x_wconf 91' lang='lat' dir='ltr'><strong>Deoque</strong></span> <span class='ocrx_word' id='word_1_129' title='bbox 1514 3117 1764 3179; x_wconf 89' lang='lat' dir='ltr'><strong>devotus</strong></span> <span class='ocrx_word' id='word_1_130' title='bbox 1794 3117 1978 3178; x_wconf 89' lang='lat' dir='ltr'><strong>nobili</strong></span> <span class='ocrx_word' id='word_1_131' title='bbox 2011 3135 2117 3196; x_wconf 87' lang='lat' dir='ltr'><strong>ge-</strong></span> 
     </span>
    </p>
   </div>
   <div class='ocr_carea' id='block_1_26' title="bbox 470 3205 2115 3286">
    <p class='ocr_par' dir='ltr' id='par_1_26' title="bbox 470 3205 2115 3286">
     <span class='ocr_line' id='line_1_26' title="bbox 470 3205 2115 3286; baseline 0 -20"><span class='ocrx_word' id='word_1_132' title='bbox 470 3223 617 3266; x_wconf 89' lang='lat' dir='ltr'><strong>nere</strong></span> <span class='ocrx_word' id='word_1_133' title='bbox 660 3206 950 3268; x_wconf 81' lang='lat' dir='ltr'><strong>oriundus</strong></span> <span class='ocrx_word' id='word_1_134' title='bbox 981 3215 1154 3267; x_wconf 86' lang='lat' dir='ltr'><strong>natus</strong></span> <span class='ocrx_word' id='word_1_135' title='bbox 1185 3217 1271 3268; x_wconf 86' lang='lat' dir='ltr'><strong>est</strong></span> <span class='ocrx_word' id='word_1_136' title='bbox 1298 3209 1353 3268; x_wconf 90' lang='lat' dir='ltr'><strong>in</strong></span> <span class='ocrx_word' id='word_1_137' title='bbox 1381 3205 1647 3280; x_wconf 85' lang='lat' dir='ltr'><strong>Oriente,</strong></span> <span class='ocrx_word' id='word_1_138' title='bbox 1683 3207 1741 3267; x_wconf 90' lang='lat' dir='ltr'><strong>in</strong></span> <span class='ocrx_word' id='word_1_139' title='bbox 1771 3215 1928 3267; x_wconf 88' lang='lat' dir='ltr'><strong>terra</strong></span> <span class='ocrx_word' id='word_1_140' title='bbox 1959 3205 2115 3286; x_wconf 87' lang='lat' dir='ltr'><strong>Cap-</strong></span> 
     </span>
    </p>
   </div>
   <div class='ocr_carea' id='block_1_27' title="bbox 473 3295 2118 3375">
    <p class='ocr_par' dir='ltr' id='par_1_27' title="bbox 473 3295 2118 3375">
     <span class='ocr_line' id='line_1_27' title="bbox 473 3295 2118 3375; baseline 0.001 -20"><span class='ocrx_word' id='word_1_141' title='bbox 473 3295 790 3375; x_wconf 88' lang='lat' dir='ltr'><strong>padocum,</strong></span> <span class='ocrx_word' id='word_1_142' title='bbox 823 3297 1217 3358; x_wconf 88' lang='lat' dir='ltr'><strong>familiaribus</strong></span> <span class='ocrx_word' id='word_1_143' title='bbox 1259 3309 1455 3358; x_wconf 83' lang='lat' dir='ltr'><strong>autem</strong></span> <span class='ocrx_word' id='word_1_144' title='bbox 1490 3308 1550 3357; x_wconf 86' lang='lat' dir='ltr'><strong>et</strong></span> <span class='ocrx_word' id='word_1_145' title='bbox 1604 3296 1811 3357; x_wconf 88' lang='lat' dir='ltr'><strong>amicis</strong></span> <span class='ocrx_word' id='word_1_146' title='bbox 1841 3315 1984 3356; x_wconf 89' lang='lat' dir='ltr'><strong>usus</strong></span> <span class='ocrx_word' id='word_1_147' title='bbox 2027 3304 2118 3356; x_wconf 87' lang='lat' dir='ltr'><strong>est</strong></span> 
     </span>
    </p>
   </div>
   <div class='ocr_carea' id='block_1_28' title="bbox 2205 2225 3816 2308">
    <p class='ocr_par' dir='ltr' id='par_1_28' title="bbox 2205 2225 3816 2308">
     <span class='ocr_line' id='line_1_28' title="bbox 2205 2225 3816 2308; baseline -0.004 -23"><span class='ocrx_word' id='word_1_148' title='bbox 2205 2227 2345 2305; x_wconf 80' lang='grc' dir='ltr'>δοὺς,</span> <span class='ocrx_word' id='word_1_149' title='bbox 2402 2231 2446 2287; x_wconf 81' lang='grc' dir='ltr'>εἰ</span> <span class='ocrx_word' id='word_1_150' title='bbox 2485 2232 2578 2286; x_wconf 80' lang='grc' dir='ltr'><strong>τὸν</strong></span> <span class='ocrx_word' id='word_1_151' title='bbox 2609 2227 2968 2308; x_wconf 73' lang='grc' dir='ltr'>Ἀμφιλοχίου</span> <span class='ocrx_word' id='word_1_152' title='bbox 3001 2226 3255 2307; x_wconf 79' lang='grc' dir='ltr'><strong>παρέλθοι</strong></span> <span class='ocrx_word' id='word_1_153' title='bbox 3299 2225 3354 2282; x_wconf 81' lang='grc' dir='ltr'>ἐν</span> <span class='ocrx_word' id='word_1_154' title='bbox 3403 2233 3523 2305; x_wconf 70' lang='grc' dir='ltr'>γῇς</span> <span class='ocrx_word' id='word_1_155' title='bbox 3577 2232 3660 2299; x_wconf 83' lang='grc' dir='ltr'><strong>Τῷ</strong></span> <span class='ocrx_word' id='word_1_156' title='bbox 3687 2225 3816 2302; x_wconf 72' lang='grc' dir='ltr'>μεγίο</span> 
     </span>
    </p>
   </div>
   <div class='ocr_carea' id='block_1_29' title="bbox 2206 2314 3816 2397">
    <p class='ocr_par' dir='ltr' id='par_1_29' title="bbox 2206 2314 3816 2397">
     <span class='ocr_line' id='line_1_29' title="bbox 2206 2314 3816 2397; baseline -0.004 -21"><span class='ocrx_word' id='word_1_157' title='bbox 2206 2341 2314 2391; x_wconf 84' lang='grc' dir='ltr'>στῳ</span> <span class='ocrx_word' id='word_1_158' title='bbox 2365 2320 2464 2397; x_wconf 83' lang='grc' dir='ltr'><strong>γὰρ</strong></span> <span class='ocrx_word' id='word_1_159' title='bbox 2507 2318 2772 2390; x_wconf 86' lang='grc' dir='ltr'>ζημιώσει</span> <span class='ocrx_word' id='word_1_160' title='bbox 2823 2317 3039 2380; x_wconf 83' lang='grc' dir='ltr'>πάντως</span> <span class='ocrx_word' id='word_1_161' title='bbox 3089 2319 3151 2373; x_wconf 85' lang='grc' dir='ltr'>τὸ</span> <span class='ocrx_word' id='word_1_162' title='bbox 3209 2321 3310 2382; x_wconf 81' lang='grc' dir='ltr'><strong>τῆς</strong></span> <span class='ocrx_word' id='word_1_163' title='bbox 3355 2315 3677 2383; x_wconf 81' lang='grc' dir='ltr'>Ἐκκλησίας</span> <span class='ocrx_word' id='word_1_164' title='bbox 3703 2314 3816 2384; x_wconf 76' lang='grc' dir='ltr'>πλή-</span> 
     </span>
    </p>
   </div>
   <div class='ocr_carea' id='block_1_30' title="bbox 2204 2403 3812 2485">
    <p class='ocr_par' dir='ltr' id='par_1_30' title="bbox 2204 2403 3812 2485">
     <span class='ocr_line' id='line_1_30' title="bbox 2204 2403 3812 2485; baseline -0.004 -21"><span class='ocrx_word' id='word_1_165' title='bbox 2204 2430 2358 2485; x_wconf 89' lang='grc' dir='ltr'>ρωμα</span> <span class='ocrx_word' id='word_1_166' title='bbox 2413 2409 2488 2481; x_wconf 75' lang='grc' dir='ltr'><strong>μὴ</strong></span> <span class='ocrx_word' id='word_1_167' title='bbox 2546 2407 2725 2484; x_wconf 82' lang='grc' dir='ltr'><strong>λόγοις</strong></span> <span class='ocrx_word' id='word_1_168' title='bbox 2783 2407 2848 2462; x_wconf 81' lang='grc' dir='ltr'>τὰ</span> <span class='ocrx_word' id='word_1_169' title='bbox 2917 2406 3122 2465; x_wconf 78' lang='grc' dir='ltr'>ἐκείνου</span> <span class='ocrx_word' id='word_1_170' title='bbox 3175 2405 3573 2484; x_wconf 73' lang='grc' dir='ltr'><strong>κατορθώματα</strong></span> <span class='ocrx_word' id='word_1_171' title='bbox 3621 2403 3812 2482; x_wconf 81' lang='grc' dir='ltr'>διηγού-</span> 
     </span>
    </p>
   </div>
   <div class='ocr_carea' id='block_1_31' title="bbox 2204 2490 3813 2573">
    <p class='ocr_par' dir='ltr' id='par_1_31' title="bbox 2204 2490 3813 2573">
     <span class='ocr_line' id='line_1_31' title="bbox 2204 2490 3813 2573; baseline 0.001 -21"><span class='ocrx_word' id='word_1_172' title='bbox 2204 2519 2360 2572; x_wconf 89' lang='grc' dir='ltr'>μενος</span> <span class='ocrx_word' id='word_1_173' title='bbox 2392 2499 2477 2554; x_wconf 70' lang='grc' dir='ltr'><strong>καὶ</strong></span> <span class='ocrx_word' id='word_1_174' title='bbox 2531 2498 2596 2552; x_wconf 79' lang='grc' dir='ltr'>τὰ</span> <span class='ocrx_word' id='word_1_175' title='bbox 2652 2495 2781 2572; x_wconf 79' lang='grc' dir='ltr'>ὑπὲρ</span> <span class='ocrx_word' id='word_1_176' title='bbox 2824 2503 2915 2552; x_wconf 91' lang='grc' dir='ltr'><strong>τοῦ</strong></span> <span class='ocrx_word' id='word_1_177' title='bbox 2959 2502 3276 2573; x_wconf 81' lang='grc' dir='ltr'>μονογενοῦς</span> <span class='ocrx_word' id='word_1_178' title='bbox 3329 2505 3424 2553; x_wconf 89' lang='grc' dir='ltr'><strong>τοῦ</strong></span> <span class='ocrx_word' id='word_1_179' title='bbox 3469 2501 3602 2552; x_wconf 82' lang='grc' dir='ltr'>Θεοῦ</span> <span class='ocrx_word' id='word_1_180' title='bbox 3653 2490 3813 2553; x_wconf 75' lang='grc' dir='ltr'>Παιδὸς</span> 
     </span>
    </p>
   </div>
   <div class='ocr_carea' id='block_1_32' title="bbox 2204 2581 3812 2664">
    <p class='ocr_par' dir='ltr' id='par_1_32' title="bbox 2204 2581 3812 2664">
     <span class='ocr_line' id='line_1_32' title="bbox 2204 2581 3812 2664; baseline -0.004 -22"><span class='ocrx_word' id='word_1_181' title='bbox 2204 2587 2578 2664; x_wconf 68' lang='grc' dir='ltr'>ἀριστεῧματα.</span> <span class='ocrx_word' id='word_1_182' title='bbox 2617 2585 2717 2642; x_wconf 78' lang='grc' dir='ltr'><strong>”1ν⁶</strong></span> <span class='ocrx_word' id='word_1_183' title='bbox 2767 2587 2855 2640; x_wconf 85' lang='grc' dir='ltr'><strong>οῦν</strong></span> <span class='ocrx_word' id='word_1_184' title='bbox 2905 2587 2995 2641; x_wconf 83' lang='grc' dir='ltr'>καὶ</span> <span class='ocrx_word' id='word_1_185' title='bbox 3055 2583 3234 2663; x_wconf 79' lang='grc' dir='ltr'>φιλεῖν</span> <span class='ocrx_word' id='word_1_186' title='bbox 3278 2582 3531 2659; x_wconf 76' lang='grc' dir='ltr'>δόξαιμεν</span> <span class='ocrx_word' id='word_1_187' title='bbox 3587 2585 3651 2639; x_wconf 79' lang='grc' dir='ltr'>τὰ</span> <span class='ocrx_word' id='word_1_188' title='bbox 3701 2581 3812 2638; x_wconf 75' lang='grc' dir='ltr'>καλὰ</span> 
     </span>
    </p>
   </div>
   <div class='ocr_carea' id='block_1_33' title="bbox 2203 2671 3805 2751">
    <p class='ocr_par' dir='ltr' id='par_1_33' title="bbox 2203 2671 3805 2751">
     <span class='ocr_line' id='line_1_33' title="bbox 2203 2671 3805 2751; baseline -0.004 -19"><span class='ocrx_word' id='word_1_189' title='bbox 2203 2678 2287 2732; x_wconf 86' lang='grc' dir='ltr'><strong>καὶ</strong></span> <span class='ocrx_word' id='word_1_190' title='bbox 2318 2676 2560 2731; x_wconf 77' lang='grc' dir='ltr'><strong>ἐπαινεῖν</strong></span> <span class='ocrx_word' id='word_1_191' title='bbox 2591 2674 2726 2730; x_wconf 78' lang='grc' dir='ltr'>κατὰ</span> <span class='ocrx_word' id='word_1_192' title='bbox 2753 2671 2994 2749; x_wconf 82' lang='grc' dir='ltr'>δύναμιν,</span> <span class='ocrx_word' id='word_1_193' title='bbox 3029 2673 3170 2730; x_wconf 81' lang='grc' dir='ltr'>ίτέον</span> <span class='ocrx_word' id='word_1_194' title='bbox 3230 2675 3363 2751; x_wconf 85' lang='grc' dir='ltr'>πρὸς</span> <span class='ocrx_word' id='word_1_195' title='bbox 3423 2673 3527 2740; x_wconf 72' lang='grc' dir='ltr'><strong>τὴν</strong></span> <span class='ocrx_word' id='word_1_196' title='bbox 3570 2671 3805 2749; x_wconf 76' lang='grc' dir='ltr'>διήγησιν,</span> 
     </span>
    </p>
   </div>
   <div class='ocr_carea' id='block_1_34' title="bbox 2201 2761 3806 2843">
    <p class='ocr_par' dir='ltr' id='par_1_34' title="bbox 2201 2761 3806 2843">
     <span class='ocr_line' id='line_1_34' title="bbox 2201 2761 3806 2843; baseline -0.003 -22"><span class='ocrx_word' id='word_1_197' title='bbox 2201 2764 2423 2841; x_wconf 76' lang='grc' dir='ltr'>πατρίδα</span> <span class='ocrx_word' id='word_1_198' title='bbox 2448 2767 2655 2842; x_wconf 83' lang='grc' dir='ltr'>πρῶτον</span> <span class='ocrx_word' id='word_1_199' title='bbox 2701 2763 2940 2828; x_wconf 81' lang='grc' dir='ltr'>είπόντες</span> <span class='ocrx_word' id='word_1_200' title='bbox 2974 2765 3061 2820; x_wconf 85' lang='grc' dir='ltr'><strong>καὶ</strong></span> <span class='ocrx_word' id='word_1_201' title='bbox 3114 2763 3248 2819; x_wconf 80' lang='grc' dir='ltr'>οἵων</span> <span class='ocrx_word' id='word_1_202' title='bbox 3293 2761 3456 2843; x_wconf 75' lang='grc' dir='ltr'>ἔτυχε</span> <span class='ocrx_word' id='word_1_203' title='bbox 3505 2764 3612 2819; x_wconf 79' lang='grc' dir='ltr'>τῶν</span> <span class='ocrx_word' id='word_1_204' title='bbox 3653 2781 3806 2838; x_wconf 80' lang='grc' dir='ltr'>γεγεν-</span> 
     </span>
    </p>
   </div>
   <div class='ocr_carea' id='block_1_35' title="bbox 2202 2849 3799 2932">
    <p class='ocr_par' dir='ltr' id='par_1_35' title="bbox 2202 2849 3799 2932">
     <span class='ocr_line' id='line_1_35' title="bbox 2202 2849 3799 2932; baseline -0.006 -21"><span class='ocrx_word' id='word_1_205' title='bbox 2202 2855 2442 2921; x_wconf 81' lang='grc' dir='ltr'>νηκότων</span> <span class='ocrx_word' id='word_1_206' title='bbox 2472 2854 2692 2931; x_wconf 78' lang='grc' dir='ltr'>ἀγωγήν</span> <span class='ocrx_word' id='word_1_207' title='bbox 2730 2875 2783 2909; x_wconf 86' lang='grc' dir='ltr'><strong>τε</strong></span> <span class='ocrx_word' id='word_1_208' title='bbox 2813 2854 2953 2930; x_wconf 88' lang='grc' dir='ltr'>βίου,</span> <span class='ocrx_word' id='word_1_209' title='bbox 2987 2855 3073 2910; x_wconf 76' lang='grc' dir='ltr'><strong>καὶ</strong></span> <span class='ocrx_word' id='word_1_210' title='bbox 3099 2853 3188 2917; x_wconf 73' lang='grc' dir='ltr'><strong>οἷς</strong></span> <span class='ocrx_word' id='word_1_211' title='bbox 3230 2851 3441 2916; x_wconf 69' lang='grc' dir='ltr'>ἐκεῖνος</span> <span class='ocrx_word' id='word_1_212' title='bbox 3491 2855 3623 2932; x_wconf 81' lang='grc' dir='ltr'>πρὸς</span> <span class='ocrx_word' id='word_1_213' title='bbox 3669 2849 3799 2930; x_wconf 71' lang='grc' dir='ltr'>φιλίαν</span> 
     </span>
    </p>
   </div>
   <div class='ocr_carea' id='block_1_36' title="bbox 2201 2945 2500 3024">
    <p class='ocr_par' dir='ltr' id='par_1_36' title="bbox 2201 2945 2500 3024">
     <span class='ocr_line' id='line_1_36' title="bbox 2201 2945 2500 3024; baseline -0.003 -23"><span class='ocrx_word' id='word_1_214' title='bbox 2201 2945 2500 3024; x_wconf 76' lang='grc' dir='ltr'>ἐχρήσατο,</span> 
     </span>
    </p>
   </div>
   <div class='ocr_carea' id='block_1_37' title="bbox 2281 3116 3808 3200">
    <p class='ocr_par' dir='ltr' id='par_1_37' title="bbox 2281 3116 3808 3200">
     <span class='ocr_line' id='line_1_37' title="bbox 2281 3116 3808 3200; baseline -0.001 -22"><span class='ocrx_word' id='word_1_215' title='bbox 2281 3121 2362 3180; x_wconf 85' lang='grc' dir='ltr'><strong>Β’.</strong></span> <span class='ocrx_word' id='word_1_216' title='bbox 2397 3130 2560 3186; x_wconf 85' lang='grc' dir='ltr'>Οὗτος</span> <span class='ocrx_word' id='word_1_217' title='bbox 2606 3123 2633 3177; x_wconf 74' lang='grc' dir='ltr'><strong>ὃ</strong></span> <span class='ocrx_word' id='word_1_218' title='bbox 2661 3122 2800 3200; x_wconf 76' lang='grc' dir='ltr'>ἱερὸς</span> <span class='ocrx_word' id='word_1_219' title='bbox 2833 3122 2964 3198; x_wconf 75' lang='grc' dir='ltr'>ἀνὴρ</span> <span class='ocrx_word' id='word_1_220' title='bbox 2997 3121 3092 3177; x_wconf 67' lang='grc' dir='ltr'><strong>καί</strong></span> <span class='ocrx_word' id='word_1_221' title='bbox 3121 3129 3197 3196; x_wconf 82' lang='grc' dir='ltr'><strong>τῷ</strong></span> <span class='ocrx_word' id='word_1_222' title='bbox 3245 3128 3360 3196; x_wconf 85' lang='grc' dir='ltr'><strong>Θεῷ</strong></span> <span class='ocrx_word' id='word_1_223' title='bbox 3408 3116 3808 3197; x_wconf 70' lang='grc' dir='ltr'>καθηγιασμένος</span> 
     </span>
    </p>
   </div>
   <div class='ocr_carea' id='block_1_38' title="bbox 2199 3204 3805 3289">
    <p class='ocr_par' dir='ltr' id='par_1_38' title="bbox 2199 3204 3805 3289">
     <span class='ocr_line' id='line_1_38' title="bbox 2199 3204 3805 3289; baseline -0.006 -22"><span class='ocrx_word' id='word_1_224' title='bbox 2199 3211 2419 3288; x_wconf 73' lang='grc' dir='ltr'>εὖγενῆς</span> <span class='ocrx_word' id='word_1_225' title='bbox 2479 3211 2576 3286; x_wconf 77' lang='grc' dir='ltr'>μὲν</span> <span class='ocrx_word' id='word_1_226' title='bbox 2619 3209 2684 3278; x_wconf 81' lang='grc' dir='ltr'><strong>ἧν</strong></span> <span class='ocrx_word' id='word_1_227' title='bbox 2728 3211 2815 3266; x_wconf 83' lang='grc' dir='ltr'><strong>καὶ</strong></span> <span class='ocrx_word' id='word_1_228' title='bbox 2847 3211 3003 3273; x_wconf 74' lang='grc' dir='ltr'>αὒτὸς</span> <span class='ocrx_word' id='word_1_229' title='bbox 3055 3214 3162 3266; x_wconf 81' lang='grc' dir='ltr'><strong>τῶν</strong></span> <span class='ocrx_word' id='word_1_230' title='bbox 3219 3210 3307 3289; x_wconf 73' lang='grc' dir='ltr'><strong>ἀφ’</strong></span> <span class='ocrx_word' id='word_1_231' title='bbox 3357 3207 3520 3277; x_wconf 77' lang='grc' dir='ltr'>ἡλίου</span> <span class='ocrx_word' id='word_1_232' title='bbox 3550 3204 3805 3275; x_wconf 70' lang='grc' dir='ltr'>ἀνατολῶν,</span> 
     </span>
    </p>
   </div>
   <div class='ocr_carea' id='block_1_39' title="bbox 2202 3293 3804 3380">
    <p class='ocr_par' dir='ltr' id='par_1_39' title="bbox 2202 3293 3804 3380">
     <span class='ocr_line' id='line_1_39' title="bbox 2202 3293 3804 3380; baseline -0.003 -22"><span class='ocrx_word' id='word_1_233' title='bbox 2202 3298 2564 3364; x_wconf 65' lang='grc' dir='ltr'>Καππαδόκης</span> <span class='ocrx_word' id='word_1_234' title='bbox 2616 3301 2676 3356; x_wconf 82' lang='grc' dir='ltr'>τὸ</span> <span class='ocrx_word' id='word_1_235' title='bbox 2726 3299 2878 3377; x_wconf 87' lang='grc' dir='ltr'>γένος</span> <span class='ocrx_word' id='word_1_236' title='bbox 2911 3316 2927 3332; x_wconf 80' lang='grc'><strong>⁸</strong></span> <span class='ocrx_word' id='word_1_237' title='bbox 2989 3313 3387 3380; x_wconf 72' lang='grc' dir='ltr'>συμφοιτηταῖς</span> <span class='ocrx_word' id='word_1_238' title='bbox 3435 3297 3501 3354; x_wconf 78' lang='grc' dir='ltr'>δὲ</span> <span class='ocrx_word' id='word_1_239' title='bbox 3549 3299 3630 3354; x_wconf 83' lang='grc' dir='ltr'><strong>καὶ</strong></span> <span class='ocrx_word' id='word_1_240' title='bbox 3658 3293 3804 3374; x_wconf 66' lang='grc' dir='ltr'>φίλοις</span> 
     </span>
    </p>
   </div>
   <div class='ocr_carea' id='block_1_40' title="bbox 471 3383 2115 3474">
    <p class='ocr_par' dir='ltr' id='par_1_40' title="bbox 471 3383 2112 3465">
     <span class='ocr_line' id='line_1_40' title="bbox 471 3383 2112 3465; baseline 0.001 -21"><span class='ocrx_word' id='word_1_241' title='bbox 471 3403 682 3462; x_wconf 88' lang='lat' dir='ltr'><strong>magno</strong></span> <span class='ocrx_word' id='word_1_242' title='bbox 713 3385 935 3446; x_wconf 75' lang='lat' dir='ltr'><strong>Basilio</strong></span> <span class='ocrx_word' id='word_1_243' title='bbox 967 3395 1024 3446; x_wconf 91' lang='lat' dir='ltr'><strong>et</strong></span> <span class='ocrx_word' id='word_1_244' title='bbox 1053 3384 1362 3465; x_wconf 77' lang='lat' dir='ltr'><strong>Gregorio,</strong></span> <span class='ocrx_word' id='word_1_245' title='bbox 1391 3385 1617 3464; x_wconf 86' lang='lat' dir='ltr'><strong>pariter</strong></span> <span class='ocrx_word' id='word_1_246' title='bbox 1643 3383 2112 3463; x_wconf 87' lang='lat' dir='ltr'><strong>Cappadocibus,</strong></span> 
     </span>
    </p>
   </div>
   <div class='ocr_carea' id='block_1_41' title="bbox 2202 3383 3809 3474">
    <p class='ocr_par' dir='ltr' id='par_1_41' title="bbox 2202 3388 3809 3474">
     <span class='ocr_line' id='line_1_41' title="bbox 2202 3388 3809 3474; baseline 0.002 -29"><span class='ocrx_word' id='word_1_247' title='bbox 2202 3390 2482 3469; x_wconf 82' lang='grc' dir='ltr'>χρώμενος</span> <span class='ocrx_word' id='word_1_248' title='bbox 2524 3393 2589 3458; x_wconf 85' lang='grc' dir='ltr'><strong>ἧν</strong></span> <span class='ocrx_word' id='word_1_249' title='bbox 2637 3388 2917 3462; x_wconf 70' lang='grc' dir='ltr'>Βασιλείῳ,</span> <span class='ocrx_word' id='word_1_250' title='bbox 2979 3391 3142 3468; x_wconf 74' lang='grc' dir='ltr'>φημὶ,</span> <span class='ocrx_word' id='word_1_251' title='bbox 3195 3396 3269 3463; x_wconf 87' lang='grc' dir='ltr'>τῷ</span> <span class='ocrx_word' id='word_1_252' title='bbox 3328 3389 3472 3445; x_wconf 79' lang='grc' dir='ltr'>πάνυ</span> <span class='ocrx_word' id='word_1_253' title='bbox 3500 3390 3586 3445; x_wconf 85' lang='grc' dir='ltr'><strong>καὶ</strong></span> <span class='ocrx_word' id='word_1_254' title='bbox 3639 3393 3809 3474; x_wconf 66' lang='grc' dir='ltr'>Γρηγοέ</span> 
     </span>
    </p>
   </div>
   <div class='ocr_carea' id='block_1_42' title="bbox 473 3473 2115 3558">
    <p class='ocr_par' dir='ltr' id='par_1_42' title="bbox 473 3474 2114 3553">
     <span class='ocr_line' id='line_1_42' title="bbox 473 3474 2114 3553; baseline 0 -19"><span class='ocrx_word' id='word_1_255' title='bbox 473 3475 691 3552; x_wconf 83' lang='lat' dir='ltr'><strong>pariter</strong></span> <span class='ocrx_word' id='word_1_256' title='bbox 719 3474 984 3536; x_wconf 89' lang='lat' dir='ltr'><strong>moribus</strong></span> <span class='ocrx_word' id='word_1_257' title='bbox 1015 3486 1073 3537; x_wconf 92' lang='lat' dir='ltr'><strong>et</strong></span> <span class='ocrx_word' id='word_1_258' title='bbox 1131 3477 1468 3538; x_wconf 81' lang='lat' dir='ltr'><strong>eruditione</strong></span> <span class='ocrx_word' id='word_1_259' title='bbox 1501 3475 1824 3536; x_wconf 90' lang='lat' dir='ltr'><strong>admodum</strong></span> <span class='ocrx_word' id='word_1_260' title='bbox 1857 3475 2114 3553; x_wconf 81' lang='lat' dir='ltr'><strong>insigni-</strong></span> 
     </span>
    </p>
   </div>
   <div class='ocr_carea' id='block_1_43' title="bbox 2202 3473 3811 3558">
    <p class='ocr_par' dir='ltr' id='par_1_43' title="bbox 2202 3473 3811 3558">
     <span class='ocr_line' id='line_1_43' title="bbox 2202 3473 3811 3558; baseline -0.006 -22"><span class='ocrx_word' id='word_1_261' title='bbox 2202 3481 2314 3558; x_wconf 83' lang='grc' dir='ltr'>ρίῳ,</span> <span class='ocrx_word' id='word_1_262' title='bbox 2377 3493 2466 3536; x_wconf 85' lang='grc' dir='ltr'><strong>τοῖ</strong></span> <span class='ocrx_word' id='word_1_263' title='bbox 2522 3478 2719 3554; x_wconf 70' lang='grc' dir='ltr'>ὁμοίως</span> <span class='ocrx_word' id='word_1_264' title='bbox 2765 3478 2862 3554; x_wconf 71' lang='grc' dir='ltr'>μὲν</span> <span class='ocrx_word' id='word_1_265' title='bbox 2909 3477 3317 3550; x_wconf 69' lang='grc' dir='ltr'><strong>Καππαδόκαις,</strong></span> <span class='ocrx_word' id='word_1_266' title='bbox 3378 3478 3584 3551; x_wconf 83' lang='grc' dir='ltr'>ὁμοίως</span> <span class='ocrx_word' id='word_1_267' title='bbox 3635 3473 3684 3531; x_wconf 78' lang='grc' dir='ltr'>δὲ</span> <span class='ocrx_word' id='word_1_268' title='bbox 3739 3473 3811 3528; x_wconf 78' lang='grc' dir='ltr'><strong>καὶ</strong></span> 
     </span>
    </p>
   </div>
   <div class='ocr_carea' id='block_1_44' title="bbox 470 3561 2108 3644">
    <p class='ocr_par' dir='ltr' id='par_1_44' title="bbox 470 3561 2108 3644">
     <span class='ocr_line' id='line_1_44' title="bbox 470 3561 2108 3644; baseline 0.002 -21"><span class='ocrx_word' id='word_1_269' title='bbox 470 3561 602 3623; x_wconf 91' lang='lat' dir='ltr'><strong>bus.</strong></span> <span class='ocrx_word' id='word_1_270' title='bbox 651 3562 983 3626; x_wconf 84' lang='lat' dir='ltr'><strong>Ostendunl</strong></span> <span class='ocrx_word' id='word_1_271' title='bbox 1031 3567 1146 3628; x_wconf 84' lang='lat' dir='ltr'><strong>hoc</strong></span> <span class='ocrx_word' id='word_1_272' title='bbox 1177 3566 1519 3627; x_wconf 82' lang='lat' dir='ltr'><strong>luculenter</strong></span> <span class='ocrx_word' id='word_1_273' title='bbox 1553 3565 1682 3644; x_wconf 85' lang='lat' dir='ltr'><strong>ejus</strong></span> <span class='ocrx_word' id='word_1_274' title='bbox 1713 3563 1981 3643; x_wconf 64' lang='lat' dir='ltr'><strong>epistola:</strong></span> <span class='ocrx_word' id='word_1_275' title='bbox 2033 3563 2108 3626; x_wconf 85' lang='lat' dir='ltr'><strong>ad</strong></span> 
     </span>
    </p>
   </div>
   <div class='ocr_carea' id='block_1_45' title="bbox 467 3652 2120 3735">
    <p class='ocr_par' dir='ltr' id='par_1_45' title="bbox 467 3652 2120 3735">
     <span class='ocr_line' id='line_1_45' title="bbox 467 3652 2120 3735; baseline 0 -21"><span class='ocrx_word' id='word_1_276' title='bbox 467 3652 748 3714; x_wconf 88' lang='lat' dir='ltr'><strong>Basilium</strong></span> <span class='ocrx_word' id='word_1_277' title='bbox 783 3654 1054 3734; x_wconf 78' lang='lat' dir='ltr'><strong>Magnum</strong></span> <span class='ocrx_word' id='word_1_278' title='bbox 1089 3657 1162 3716; x_wconf 89' lang='lat' dir='ltr'><strong>de</strong></span> <span class='ocrx_word' id='word_1_279' title='bbox 1223 3653 1650 3735; x_wconf 68' lang='lat' dir='ltr'><strong>quaestionibus</strong></span> <span class='ocrx_word' id='word_1_280' title='bbox 1687 3653 2120 3714; x_wconf 86' lang='lat' dir='ltr'><strong>ecclesiasticis</strong></span> 
     </span>
    </p>
   </div>
   <div class='ocr_carea' id='block_1_46' title="bbox 471 3743 2114 3827">
    <p class='ocr_par' dir='ltr' id='par_1_46' title="bbox 471 3743 2114 3827">
     <span class='ocr_line' id='line_1_46' title="bbox 471 3743 2114 3827; baseline -0.001 -23"><span class='ocrx_word' id='word_1_281' title='bbox 471 3744 896 3824; x_wconf 73' lang='lat' dir='ltr'><strong>perscriptae,et</strong></span> <span class='ocrx_word' id='word_1_282' title='bbox 919 3746 1247 3806; x_wconf 75' lang='lat' dir='ltr'><strong>solutiones</strong></span> <span class='ocrx_word' id='word_1_283' title='bbox 1269 3745 1668 3827; x_wconf 57' lang='lat' dir='ltr'><strong>quaestionum</strong></span> <span class='ocrx_word' id='word_1_284' title='bbox 1689 3743 1761 3804; x_wconf 89' lang='lat' dir='ltr'><strong>ad</strong></span> <span class='ocrx_word' id='word_1_285' title='bbox 1787 3762 1919 3803; x_wconf 91' lang='lat' dir='ltr'><strong>eum</strong></span> <span class='ocrx_word' id='word_1_286' title='bbox 1941 3744 2114 3818; x_wconf 71' lang='lat' dir='ltr'><strong>datae,</strong></span> 
     </span>
    </p>
   </div>
   <div class='ocr_carea' id='block_1_47' title="bbox 468 3832 2119 3915">
    <p class='ocr_par' dir='ltr' id='par_1_47' title="bbox 468 3832 2119 3915">
     <span class='ocr_line' id='line_1_47' title="bbox 468 3832 2119 3915; baseline -0.001 -22"><span class='ocrx_word' id='word_1_287' title='bbox 468 3851 599 3910; x_wconf 64' lang='lat' dir='ltr'><strong>qua;</strong></span> <span class='ocrx_word' id='word_1_288' title='bbox 645 3835 946 3914; x_wconf 88' lang='lat' dir='ltr'><strong>hodieque</strong></span> <span class='ocrx_word' id='word_1_289' title='bbox 978 3834 1092 3915; x_wconf 90' lang='lat' dir='ltr'><strong>piis</strong></span> <span class='ocrx_word' id='word_1_290' title='bbox 1123 3833 1469 3896; x_wconf 88' lang='lat' dir='ltr'><strong>hominibus</strong></span> <span class='ocrx_word' id='word_1_291' title='bbox 1515 3833 1734 3912; x_wconf 75' lang='lat' dir='ltr'><strong>regulae</strong></span> <span class='ocrx_word' id='word_1_292' title='bbox 1764 3832 1952 3893; x_wconf 88' lang='lat' dir='ltr'><strong>instar</strong></span> <span class='ocrx_word' id='word_1_293' title='bbox 1981 3851 2119 3894; x_wconf 87' lang='lat' dir='ltr'><strong>cou-</strong></span> 
     </span>
    </p>
   </div>
   <div class='ocr_carea' id='block_1_48' title="bbox 466 3921 2111 4002">
    <p class='ocr_par' dir='ltr' id='par_1_48' title="bbox 466 3921 2111 4002">
     <span class='ocr_line' id='line_1_48' title="bbox 466 3921 2111 4002; baseline 0.001 -21"><span class='ocrx_word' id='word_1_294' title='bbox 466 3931 800 3984; x_wconf 84' lang='lat' dir='ltr'><strong>servantur.</strong></span> <span class='ocrx_word' id='word_1_295' title='bbox 863 3926 1006 3983; x_wconf 85' lang='lat' dir='ltr'><strong>Cum</strong></span> <span class='ocrx_word' id='word_1_296' title='bbox 1070 3924 1248 4002; x_wconf 78' lang='lat' dir='ltr'><strong>igitur</strong></span> <span class='ocrx_word' id='word_1_297' title='bbox 1304 3923 1576 3984; x_wconf 90' lang='lat' dir='ltr'><strong>eamdem</strong></span> <span class='ocrx_word' id='word_1_298' title='bbox 1639 3940 1772 3982; x_wconf 89' lang='lat' dir='ltr'><strong>cnm</strong></span> <span class='ocrx_word' id='word_1_299' title='bbox 1820 3921 1942 3982; x_wconf 90' lang='lat' dir='ltr'><strong>illis</strong></span> <span class='ocrx_word' id='word_1_300' title='bbox 2003 3941 2111 4001; x_wconf 90' lang='lat' dir='ltr'><strong>pa-</strong></span> 
     </span>
    </p>
   </div>
   <div class='ocr_carea' id='block_1_49' title="bbox 466 4010 2110 4092">
    <p class='ocr_par' dir='ltr' id='par_1_49' title="bbox 466 4010 2110 4092">
     <span class='ocr_line' id='line_1_49' title="bbox 466 4010 2110 4092; baseline -0.001 -21"><span class='ocrx_word' id='word_1_301' title='bbox 466 4012 638 4072; x_wconf 86' lang='lat' dir='ltr'><strong>triam</strong></span> <span class='ocrx_word' id='word_1_302' title='bbox 693 4020 920 4083; x_wconf 84' lang='lat' dir='ltr'><strong>nactus,</strong></span> <span class='ocrx_word' id='word_1_303' title='bbox 956 4014 1163 4075; x_wconf 88' lang='lat' dir='ltr'><strong>eadem</strong></span> <span class='ocrx_word' id='word_1_304' title='bbox 1212 4013 1328 4074; x_wconf 87' lang='lat' dir='ltr'><strong>ﬁde</strong></span> <span class='ocrx_word' id='word_1_305' title='bbox 1384 4032 1452 4074; x_wconf 89' lang='lat' dir='ltr'><strong>ac</strong></span> <span class='ocrx_word' id='word_1_306' title='bbox 1506 4011 1725 4092; x_wconf 89' lang='lat' dir='ltr'><strong>pietate</strong></span> <span class='ocrx_word' id='word_1_307' title='bbox 1766 4010 2110 4084; x_wconf 75' lang='lat' dir='ltr'><strong>excelleret,</strong></span> 
     </span>
    </p>
   </div>
   <div class='ocr_carea' id='block_1_50' title="bbox 465 4099 2112 4180">
    <p class='ocr_par' dir='ltr' id='par_1_50' title="bbox 465 4099 2112 4180">
     <span class='ocr_line' id='line_1_50' title="bbox 465 4099 2112 4180; baseline -0.004 -18"><span class='ocrx_word' id='word_1_308' title='bbox 465 4118 660 4180; x_wconf 89' lang='lat' dir='ltr'><strong>neque</strong></span> <span class='ocrx_word' id='word_1_309' title='bbox 719 4104 932 4163; x_wconf 86' lang='lat' dir='ltr'><strong>viriute</strong></span> <span class='ocrx_word' id='word_1_310' title='bbox 961 4102 1078 4162; x_wconf 89' lang='lat' dir='ltr'><strong>illis</strong></span> <span class='ocrx_word' id='word_1_311' title='bbox 1131 4109 1332 4173; x_wconf 85' lang='lat' dir='ltr'><strong>cessit.</strong></span> <span class='ocrx_word' id='word_1_312' title='bbox 1388 4102 1490 4162; x_wconf 89' lang='lat' dir='ltr'><strong>sed</strong></span> <span class='ocrx_word' id='word_1_313' title='bbox 1539 4099 1783 4160; x_wconf 91' lang='lat' dir='ltr'><strong>omnino</strong></span> <span class='ocrx_word' id='word_1_314' title='bbox 1818 4117 1925 4180; x_wconf 84' lang='lat' dir='ltr'><strong>par</strong></span> <span class='ocrx_word' id='word_1_315' title='bbox 1981 4099 2112 4160; x_wconf 85' lang='lat' dir='ltr'><strong>fuit.</strong></span> 
     </span>
    </p>
   </div>
   <div class='ocr_carea' id='block_1_51' title="bbox 470 4188 2116 4269">
    <p class='ocr_par' dir='ltr' id='par_1_51' title="bbox 470 4188 2116 4269">
     <span class='ocr_line' id='line_1_51' title="bbox 470 4188 2116 4269; baseline -0.001 -18"><span class='ocrx_word' id='word_1_316' title='bbox 470 4188 709 4252; x_wconf 83' lang='lat' dir='ltr'><strong>Piorum</strong></span> <span class='ocrx_word' id='word_1_317' title='bbox 744 4189 904 4252; x_wconf 89' lang='lat' dir='ltr'><strong>enim</strong></span> <span class='ocrx_word' id='word_1_318' title='bbox 935 4193 1091 4252; x_wconf 85' lang='lat' dir='ltr'><strong>ﬁlius</strong></span> <span class='ocrx_word' id='word_1_319' title='bbox 1123 4202 1458 4269; x_wconf 89' lang='lat' dir='ltr'><strong>parentum,</strong></span> <span class='ocrx_word' id='word_1_320' title='bbox 1488 4190 1804 4268; x_wconf 84' lang='lat' dir='ltr'><strong>diligenter</strong></span> <span class='ocrx_word' id='word_1_321' title='bbox 1828 4188 2116 4249; x_wconf 87' lang='lat' dir='ltr'><strong>educatus</strong></span> 
     </span>
    </p>
   </div>
   <div class='ocr_carea' id='block_1_52' title="bbox 470 4277 2117 4360">
    <p class='ocr_par' dir='ltr' id='par_1_52' title="bbox 470 4277 2117 4360">
     <span class='ocr_line' id='line_1_52' title="bbox 470 4277 2117 4360; baseline -0.001 -18"><span class='ocrx_word' id='word_1_322' title='bbox 470 4289 648 4360; x_wconf 88' lang='lat' dir='ltr'><strong>atque</strong></span> <span class='ocrx_word' id='word_1_323' title='bbox 703 4280 1024 4355; x_wconf 89' lang='lat' dir='ltr'><strong>institutus,</strong></span> <span class='ocrx_word' id='word_1_324' title='bbox 1088 4281 1188 4342; x_wconf 89' lang='lat' dir='ltr'><strong>ubi</strong></span> <span class='ocrx_word' id='word_1_325' title='bbox 1249 4281 1310 4340; x_wconf 91' lang='lat' dir='ltr'><strong>in</strong></span> <span class='ocrx_word' id='word_1_326' title='bbox 1386 4281 1572 4340; x_wconf 92' lang='lat' dir='ltr'><strong>virum</strong></span> <span class='ocrx_word' id='word_1_327' title='bbox 1639 4277 1917 4348; x_wconf 89' lang='lat' dir='ltr'><strong>adolevit,</strong></span> <span class='ocrx_word' id='word_1_328' title='bbox 1980 4277 2117 4356; x_wconf 84' lang='lat' dir='ltr'><strong>igne</strong></span> 
     </span>
    </p>
   </div>
   <div class='ocr_carea' id='block_1_53' title="bbox 473 4367 2111 4450">
    <p class='ocr_par' dir='ltr' id='par_1_53' title="bbox 473 4367 2111 4450">
     <span class='ocr_line' id='line_1_53' title="bbox 473 4367 2111 4450; baseline -0.002 -20"><span class='ocrx_word' id='word_1_329' title='bbox 473 4388 650 4450; x_wconf 87' lang='lat' dir='ltr'><strong>quem</strong></span> <span class='ocrx_word' id='word_1_330' title='bbox 699 4369 968 4431; x_wconf 83' lang='lat' dir='ltr'><strong>Christus</strong></span> <span class='ocrx_word' id='word_1_331' title='bbox 1022 4371 1082 4431; x_wconf 92' lang='lat' dir='ltr'><strong>in</strong></span> <span class='ocrx_word' id='word_1_332' title='bbox 1118 4382 1333 4432; x_wconf 89' lang='lat' dir='ltr'><strong>terram</strong></span> <span class='ocrx_word' id='word_1_333' title='bbox 1391 4367 1644 4446; x_wconf 88' lang='lat' dir='ltr'><strong>projecit</strong></span> <span class='ocrx_word' id='word_1_334' title='bbox 1688 4367 2111 4441; x_wconf 85' lang='lat' dir='ltr'><strong>inﬂammatus,</strong></span> 
     </span>
    </p>
   </div>
   <div class='ocr_carea' id='block_1_54' title="bbox 467 4455 2110 4536">
    <p class='ocr_par' dir='ltr' id='par_1_54' title="bbox 467 4455 2110 4536">
     <span class='ocr_line' id='line_1_54' title="bbox 467 4455 2110 4536; baseline -0.001 -18"><span class='ocrx_word' id='word_1_335' title='bbox 467 4459 666 4536; x_wconf 85' lang='lat' dir='ltr'><strong>magni</strong></span> <span class='ocrx_word' id='word_1_336' title='bbox 715 4457 1043 4521; x_wconf 86' lang='lat' dir='ltr'><strong>Abrahami</strong></span> <span class='ocrx_word' id='word_1_337' title='bbox 1087 4458 1426 4536; x_wconf 79' lang='lat' dir='ltr'><strong>exemplum</strong></span> <span class='ocrx_word' id='word_1_338' title='bbox 1471 4464 1734 4529; x_wconf 86' lang='lat' dir='ltr'><strong>secutus,</strong></span> <span class='ocrx_word' id='word_1_339' title='bbox 1770 4455 1957 4534; x_wconf 88' lang='lat' dir='ltr'><strong>patria</strong></span> <span class='ocrx_word' id='word_1_340' title='bbox 2007 4475 2110 4517; x_wconf 82' lang='lat' dir='ltr'><strong>re-</strong></span> 
     </span>
    </p>
   </div>
   <div class='ocr_carea' id='block_1_55' title="bbox 465 4545 2111 4627">
    <p class='ocr_par' dir='ltr' id='par_1_55' title="bbox 465 4545 2111 4627">
     <span class='ocr_line' id='line_1_55' title="bbox 465 4545 2111 4627; baseline 0.001 -21"><span class='ocrx_word' id='word_1_341' title='bbox 465 4546 604 4608; x_wconf 87' lang='lat' dir='ltr'><strong>licta</strong></span> <span class='ocrx_word' id='word_1_342' title='bbox 634 4556 691 4607; x_wconf 91' lang='lat' dir='ltr'><strong>et</strong></span> <span class='ocrx_word' id='word_1_343' title='bbox 745 4548 1020 4627; x_wconf 79' lang='lat' dir='ltr'><strong>cognatis</strong></span> <span class='ocrx_word' id='word_1_344' title='bbox 1052 4546 1382 4623; x_wconf 83' lang='lat' dir='ltr'><strong>amicisque</strong></span> <span class='ocrx_word' id='word_1_345' title='bbox 1436 4545 1632 4605; x_wconf 87' lang='lat' dir='ltr'><strong>valere</strong></span> <span class='ocrx_word' id='word_1_346' title='bbox 1655 4545 1866 4625; x_wconf 87' lang='lat' dir='ltr'><strong>jussis,</strong></span> <span class='ocrx_word' id='word_1_347' title='bbox 1899 4564 1931 4606; x_wconf 91' lang='lat' dir='ltr'><strong>a</strong></span> <span class='ocrx_word' id='word_1_348' title='bbox 1986 4546 2111 4607; x_wconf 60' lang='lat' dir='ltr'><strong>vitae</strong></span> 
     </span>
    </p>
   </div>
   <div class='ocr_carea' id='block_1_56' title="bbox 2197 3567 3811 3648">
    <p class='ocr_par' dir='ltr' id='par_1_56' title="bbox 2197 3567 3811 3648">
     <span class='ocr_line' id='line_1_56' title="bbox 2197 3567 3811 3648; baseline -0.005 -23"><span class='ocrx_word' id='word_1_349' title='bbox 2197 3571 2295 3646; x_wconf 82' lang='grc' dir='ltr'>βίῳ</span> <span class='ocrx_word' id='word_1_350' title='bbox 2328 3570 2413 3625; x_wconf 84' lang='grc' dir='ltr'><strong>καὶ</strong></span> <span class='ocrx_word' id='word_1_351' title='bbox 2443 3568 2590 3647; x_wconf 83' lang='grc' dir='ltr'>λόγῳ</span> <span class='ocrx_word' id='word_1_352' title='bbox 2639 3575 2942 3648; x_wconf 79' lang='grc' dir='ltr'>περιφανῶς</span> <span class='ocrx_word' id='word_1_353' title='bbox 2988 3567 3346 3644; x_wconf 71' lang='grc' dir='ltr'>διαλοίμψασι.</span> <span class='ocrx_word' id='word_1_354' title='bbox 3403 3567 3638 3633; x_wconf 83' lang='grc' dir='ltr'>Δηλοῦσι</span> <span class='ocrx_word' id='word_1_355' title='bbox 3682 3570 3811 3620; x_wconf 83' lang='grc' dir='ltr'>τοῦτο</span> 
     </span>
    </p>
   </div>
   <div class='ocr_carea' id='block_1_57' title="bbox 2201 3652 3812 3737">
    <p class='ocr_par' dir='ltr' id='par_1_57' title="bbox 2201 3652 3812 3737">
     <span class='ocr_line' id='line_1_57' title="bbox 2201 3652 3812 3737; baseline -0.006 -22"><span class='ocrx_word' id='word_1_356' title='bbox 2201 3659 2379 3736; x_wconf 76' lang='grc' dir='ltr'>σαφῶς</span> <span class='ocrx_word' id='word_1_357' title='bbox 2443 3658 2502 3714; x_wconf 66' lang='grc' dir='ltr'>α⁴ί</span> <span class='ocrx_word' id='word_1_358' title='bbox 2562 3679 2618 3713; x_wconf 92' lang='grc' dir='ltr'><strong>τε</strong></span> <span class='ocrx_word' id='word_1_359' title='bbox 2663 3660 2793 3737; x_wconf 83' lang='grc' dir='ltr'>πρὸς</span> <span class='ocrx_word' id='word_1_360' title='bbox 2853 3660 2946 3714; x_wconf 78' lang='grc' dir='ltr'>τὸν</span> <span class='ocrx_word' id='word_1_361' title='bbox 3001 3658 3172 3735; x_wconf 82' lang='grc' dir='ltr'>μέγαν</span> <span class='ocrx_word' id='word_1_362' title='bbox 3233 3656 3512 3714; x_wconf 79' lang='grc' dir='ltr'>Βασίλειον</span> <span class='ocrx_word' id='word_1_363' title='bbox 3569 3652 3812 3712; x_wconf 78' lang='grc' dir='ltr'>ἐπιστολαὶ</span> 
     </span>
    </p>
   </div>
   <div class='ocr_carea' id='block_1_58' title="bbox 2198 3747 3812 3827">
    <p class='ocr_par' dir='ltr' id='par_1_58' title="bbox 2198 3747 3812 3827">
     <span class='ocr_line' id='line_1_58' title="bbox 2198 3747 3812 3827; baseline -0.002 -24"><span class='ocrx_word' id='word_1_364' title='bbox 2198 3751 2384 3806; x_wconf 71' lang='grc' dir='ltr'>τούτου</span> <span class='ocrx_word' id='word_1_365' title='bbox 2412 3747 2738 3822; x_wconf 74' lang='grc' dir='ltr'><strong>ζητημάτων</strong></span> <span class='ocrx_word' id='word_1_366' title='bbox 2783 3749 2942 3827; x_wconf 79' lang='grc' dir='ltr'>χάριν</span> <span class='ocrx_word' id='word_1_367' title='bbox 2985 3747 3447 3810; x_wconf 78' lang='grc' dir='ltr'>ἐκκλησιαστικῶν</span> <span class='ocrx_word' id='word_1_368' title='bbox 3513 3747 3677 3803; x_wconf 68' lang='grc' dir='ltr'>αὐτῶν</span> <span class='ocrx_word' id='word_1_369' title='bbox 3705 3765 3812 3799; x_wconf 77' lang='grc' dir='ltr'>συν·</span> 
     </span>
    </p>
   </div>
   <div class='ocr_carea' id='block_1_59' title="bbox 2200 3836 3814 3914">
    <p class='ocr_par' dir='ltr' id='par_1_59' title="bbox 2200 3836 3814 3914">
     <span class='ocr_line' id='line_1_59' title="bbox 2200 3836 3814 3914; baseline -0.002 -20"><span class='ocrx_word' id='word_1_370' title='bbox 2200 3843 2457 3912; x_wconf 72' lang='grc' dir='ltr'>τεθεῖσαι,</span> <span class='ocrx_word' id='word_1_371' title='bbox 2506 3838 2750 3894; x_wconf 79' lang='grc' dir='ltr'>κάκείνου</span> <span class='ocrx_word' id='word_1_372' title='bbox 2809 3836 2970 3894; x_wconf 80' lang='grc' dir='ltr'>πάλιν</span> <span class='ocrx_word' id='word_1_373' title='bbox 3028 3839 3079 3893; x_wconf 81' lang='grc' dir='ltr'>αἱ</span> <span class='ocrx_word' id='word_1_374' title='bbox 3124 3840 3254 3914; x_wconf 82' lang='grc' dir='ltr'>πρὸς</span> <span class='ocrx_word' id='word_1_375' title='bbox 3307 3837 3468 3894; x_wconf 72' lang='grc' dir='ltr'>αὐτὸν</span> <span class='ocrx_word' id='word_1_376' title='bbox 3519 3836 3689 3900; x_wconf 80' lang='grc' dir='ltr'>λύσεις</span> <span class='ocrx_word' id='word_1_377' title='bbox 3727 3837 3814 3888; x_wconf 82' lang='grc' dir='ltr'>τῶν</span> 
     </span>
    </p>
   </div>
   <div class='ocr_carea' id='block_1_60' title="bbox 2201 3922 3814 3999">
    <p class='ocr_par' dir='ltr' id='par_1_60' title="bbox 2201 3922 3814 3999">
     <span class='ocr_line' id='line_1_60' title="bbox 2201 3922 3814 3999; baseline -0.004 -16"><span class='ocrx_word' id='word_1_378' title='bbox 2201 3928 2564 3999; x_wconf 77' lang='grc' dir='ltr'>ζητηθέντων,</span> <span class='ocrx_word' id='word_1_379' title='bbox 2626 3926 2687 3983; x_wconf 74' lang='grc' dir='ltr'><strong>αἲ</strong></span> <span class='ocrx_word' id='word_1_380' title='bbox 2743 3929 2832 3983; x_wconf 88' lang='grc' dir='ltr'><strong>καί</strong></span> <span class='ocrx_word' id='word_1_381' title='bbox 2880 3929 2954 3992; x_wconf 77' lang='grc' dir='ltr'><strong>εἰς</strong></span> <span class='ocrx_word' id='word_1_382' title='bbox 3001 3929 3204 3983; x_wconf 84' lang='grc' dir='ltr'>κακόνα</span> <span class='ocrx_word' id='word_1_383' title='bbox 3234 3941 3352 3991; x_wconf 86' lang='grc' dir='ltr'>τοῖς</span> <span class='ocrx_word' id='word_1_384' title='bbox 3385 3924 3622 3981; x_wconf 77' lang='grc' dir='ltr'>εὐσεϐέσι</span> <span class='ocrx_word' id='word_1_385' title='bbox 3675 3922 3814 3988; x_wconf 69' lang='grc' dir='ltr'>τετή-</span> 
     </span>
    </p>
   </div>
   <div class='ocr_carea' id='block_1_61' title="bbox 2197 4008 3816 4096">
    <p class='ocr_par' dir='ltr' id='par_1_61' title="bbox 2197 4008 3816 4096">
     <span class='ocr_line' id='line_1_61' title="bbox 2197 4008 3816 4096; baseline -0.005 -25"><span class='ocrx_word' id='word_1_386' title='bbox 2197 4039 2382 4096; x_wconf 85' lang='grc' dir='ltr'>ρηνται</span> <span class='ocrx_word' id='word_1_387' title='bbox 2455 4017 2562 4084; x_wconf 79' lang='grc' dir='ltr'>Τὴν</span> <span class='ocrx_word' id='word_1_388' title='bbox 2622 4017 2784 4084; x_wconf 79' lang='grc' dir='ltr'>αὐτὴν</span> <span class='ocrx_word' id='word_1_389' title='bbox 2828 4039 2916 4072; x_wconf 90' lang='grc' dir='ltr'><strong>ουν</strong></span> <span class='ocrx_word' id='word_1_390' title='bbox 2976 4016 3201 4080; x_wconf 77' lang='grc' dir='ltr'>ἐκείνοις</span> <span class='ocrx_word' id='word_1_391' title='bbox 3256 4015 3484 4093; x_wconf 78' lang='grc' dir='ltr'>πατρίδα</span> <span class='ocrx_word' id='word_1_392' title='bbox 3537 4013 3717 4093; x_wconf 71' lang='grc' dir='ltr'>λαχὼν</span> <span class='ocrx_word' id='word_1_393' title='bbox 3743 4008 3816 4066; x_wconf 82' lang='grc' dir='ltr'><strong>καί</strong></span> 
     </span>
    </p>
   </div>
   <div class='ocr_carea' id='block_1_62' title="bbox 2197 4103 3814 4173">
    <p class='ocr_par' dir='ltr' id='par_1_62' title="bbox 2197 4103 3814 4173">
     <span class='ocr_line' id='line_1_62' title="bbox 2197 4103 3814 4173; baseline -0.005 -11"><span class='ocrx_word' id='word_1_394' title='bbox 2197 4113 2294 4173; x_wconf 77' lang='grc' dir='ltr'>τῆς</span> <span class='ocrx_word' id='word_1_395' title='bbox 2341 4107 2506 4172; x_wconf 76' lang='grc' dir='ltr'>αὐτῆς</span> <span class='ocrx_word' id='word_1_396' title='bbox 2565 4107 2794 4170; x_wconf 86' lang='grc' dir='ltr'>πίστεώς</span> <span class='ocrx_word' id='word_1_397' title='bbox 2846 4128 2902 4161; x_wconf 89' lang='grc' dir='ltr'><strong>τε</strong></span> <span class='ocrx_word' id='word_1_398' title='bbox 2931 4106 3020 4162; x_wconf 86' lang='grc' dir='ltr'><strong>καί</strong></span> <span class='ocrx_word' id='word_1_399' title='bbox 3050 4103 3324 4168; x_wconf 73' lang='grc' dir='ltr'>εὐσεϐείας</span> <span class='ocrx_word' id='word_1_400' title='bbox 3355 4109 3548 4168; x_wconf 80' lang='grc' dir='ltr'>αὒτοῖς</span> <span class='ocrx_word' id='word_1_401' title='bbox 3576 4105 3814 4159; x_wconf 76' lang='grc' dir='ltr'>κοινωνῶν</span> 
     </span>
    </p>
   </div>
   <div class='ocr_carea' id='block_1_63' title="bbox 2197 4191 3812 4276">
    <p class='ocr_par' dir='ltr' id='par_1_63' title="bbox 2197 4191 3812 4276">
     <span class='ocr_line' id='line_1_63' title="bbox 2197 4191 3812 4276; baseline -0.005 -24"><span class='ocrx_word' id='word_1_402' title='bbox 2197 4195 2314 4252; x_wconf 69' lang='grc' dir='ltr'>οὐδὲ</span> <span class='ocrx_word' id='word_1_403' title='bbox 2375 4196 2472 4262; x_wconf 74' lang='grc' dir='ltr'>τὴν</span> <span class='ocrx_word' id='word_1_404' title='bbox 2518 4196 2710 4274; x_wconf 78' lang='grc' dir='ltr'>ἀρετὴν</span> <span class='ocrx_word' id='word_1_405' title='bbox 2767 4195 3008 4274; x_wconf 84' lang='grc' dir='ltr'>δεύτερος</span> <span class='ocrx_word' id='word_1_406' title='bbox 3063 4196 3154 4276; x_wconf 75' lang='grc' dir='ltr'>ἦν,</span> <span class='ocrx_word' id='word_1_407' title='bbox 3214 4193 3351 4250; x_wconf 80' lang='grc' dir='ltr'>ἀλλὰ</span> <span class='ocrx_word' id='word_1_408' title='bbox 3384 4195 3477 4251; x_wconf 89' lang='grc' dir='ltr'><strong>καί</strong></span> <span class='ocrx_word' id='word_1_409' title='bbox 3505 4196 3663 4258; x_wconf 70' lang='grc' dir='ltr'>αὐτην</span> <span class='ocrx_word' id='word_1_410' title='bbox 3713 4191 3812 4246; x_wconf 79' lang='grc' dir='ltr'>ἶσο-</span> 
     </span>
    </p>
   </div>
   <div class='ocr_carea' id='block_1_64' title="bbox 2200 4276 3810 4364">
    <p class='ocr_par' dir='ltr' id='par_1_64' title="bbox 2200 4276 3810 4364">
     <span class='ocr_line' id='line_1_64' title="bbox 2200 4276 3810 4364; baseline -0.002 -22"><span class='ocrx_word' id='word_1_411' title='bbox 2200 4286 2439 4348; x_wconf 85' lang='grc' dir='ltr'>στάσιος,</span> <span class='ocrx_word' id='word_1_412' title='bbox 2520 4282 2759 4340; x_wconf 73' lang='grc' dir='ltr'>Εὖσεϐῶν</span> <span class='ocrx_word' id='word_1_413' title='bbox 2818 4286 2918 4364; x_wconf 69' lang='grc' dir='ltr'><strong>γὰρ</strong></span> <span class='ocrx_word' id='word_1_414' title='bbox 2988 4285 3188 4362; x_wconf 80' lang='grc' dir='ltr'>γονέων</span> <span class='ocrx_word' id='word_1_415' title='bbox 3267 4283 3428 4359; x_wconf 75' lang='grc' dir='ltr'>ἐκφὺς</span> <span class='ocrx_word' id='word_1_416' title='bbox 3483 4284 3573 4339; x_wconf 84' lang='grc' dir='ltr'><strong>καί</strong></span> <span class='ocrx_word' id='word_1_417' title='bbox 3627 4276 3810 4358; x_wconf 71' lang='grc' dir='ltr'>ἀγωγῆς</span> 
     </span>
    </p>
   </div>
   <div class='ocr_carea' id='block_1_65' title="bbox 2195 4370 3807 4454">
    <p class='ocr_par' dir='ltr' id='par_1_65' title="bbox 2195 4370 3807 4454">
     <span class='ocr_line' id='line_1_65' title="bbox 2195 4370 3807 4454; baseline -0.003 -23"><span class='ocrx_word' id='word_1_418' title='bbox 2195 4375 2380 4454; x_wconf 81' lang='grc' dir='ltr'>τυχὼν</span> <span class='ocrx_word' id='word_1_419' title='bbox 2439 4373 2701 4450; x_wconf 78' lang='grc' dir='ltr'>ἐμμελοῦς</span> <span class='ocrx_word' id='word_1_420' title='bbox 2763 4374 2852 4430; x_wconf 86' lang='grc' dir='ltr'><strong>καί</strong></span> <span class='ocrx_word' id='word_1_421' title='bbox 2902 4372 3168 4446; x_wconf 75' lang='grc' dir='ltr'>παιδείας,</span> <span class='ocrx_word' id='word_1_422' title='bbox 3229 4372 3362 4450; x_wconf 80' lang='grc' dir='ltr'>ἀνὴρ</span> <span class='ocrx_word' id='word_1_423' title='bbox 3403 4371 3505 4442; x_wconf 71' lang='grc' dir='ltr'>ἤδη</span> <span class='ocrx_word' id='word_1_424' title='bbox 3559 4370 3807 4449; x_wconf 79' lang='grc' dir='ltr'>γενόμενος</span> 
     </span>
    </p>
   </div>
   <div class='ocr_carea' id='block_1_66' title="bbox 2195 4457 3804 4544">
    <p class='ocr_par' dir='ltr' id='par_1_66' title="bbox 2195 4457 3804 4544">
     <span class='ocr_line' id='line_1_66' title="bbox 2195 4457 3804 4544; baseline -0.008 -24"><span class='ocrx_word' id='word_1_425' title='bbox 2195 4465 2271 4539; x_wconf 81' lang='grc' dir='ltr'>τῷ</span> <span class='ocrx_word' id='word_1_426' title='bbox 2302 4466 2422 4543; x_wconf 90' lang='grc' dir='ltr'>πυρί</span> <span class='ocrx_word' id='word_1_427' title='bbox 2450 4485 2508 4520; x_wconf 88' lang='grc' dir='ltr'><strong>τε</strong></span> <span class='ocrx_word' id='word_1_428' title='bbox 2537 4462 2668 4544; x_wconf 53' lang='lat' dir='ltr'><strong>(ple;</strong></span> <span class='ocrx_word' id='word_1_429' title='bbox 2681 4465 2787 4528; x_wconf 90' lang='grc' dir='ltr'>θείς</span> <span class='ocrx_word' id='word_1_430' title='bbox 2823 4463 3009 4537; x_wconf 72' lang='grc' dir='ltr'>ἐκείνῳ</span> <span class='ocrx_word' id='word_1_431' title='bbox 3039 4465 3116 4537; x_wconf 82' lang='grc' dir='ltr'>τῷ</span> <span class='ocrx_word' id='word_1_432' title='bbox 3173 4462 3262 4519; x_wconf 64' lang='lat' dir='ltr'><strong>latri</strong></span> <span class='ocrx_word' id='word_1_433' title='bbox 3309 4462 3403 4529; x_wconf 74' lang='grc' dir='ltr'>τῆς</span> <span class='ocrx_word' id='word_1_434' title='bbox 3459 4462 3561 4540; x_wconf 76' lang='grc' dir='ltr'>γῆς</span> <span class='ocrx_word' id='word_1_435' title='bbox 3591 4457 3804 4536; x_wconf 79' lang='grc' dir='ltr'>βληθέντι</span> 
     </span>
    </p>
   </div>
   <div class='ocr_carea' id='block_1_67' title="bbox 2193 4544 3806 4632">
    <p class='ocr_par' dir='ltr' id='par_1_67' title="bbox 2193 4544 3806 4632">
     <span class='ocr_line' id='line_1_67' title="bbox 2193 4544 3806 4632; baseline -0.006 -22"><span class='ocrx_word' id='word_1_436' title='bbox 2193 4555 2336 4632; x_wconf 80' lang='grc' dir='ltr'>παρὰ</span> <span class='ocrx_word' id='word_1_437' title='bbox 2388 4562 2637 4630; x_wconf 82' lang='grc' dir='ltr'>Χριστοῦ,</span> <span class='ocrx_word' id='word_1_438' title='bbox 2701 4556 3066 4610; x_wconf 75' lang='grc' dir='ltr'>ἀπανίσταται</span> <span class='ocrx_word' id='word_1_439' title='bbox 3125 4553 3222 4628; x_wconf 78' lang='grc' dir='ltr'>μὲν</span> <span class='ocrx_word' id='word_1_440' title='bbox 3278 4552 3376 4618; x_wconf 74' lang='grc' dir='ltr'><strong>τῆς</strong></span> <span class='ocrx_word' id='word_1_441' title='bbox 3411 4548 3654 4628; x_wconf 85' lang='grc' dir='ltr'>πατρίδος</span> <span class='ocrx_word' id='word_1_442' title='bbox 3697 4544 3806 4603; x_wconf 75' lang='grc' dir='ltr'>κατᾶ</span> 
     </span>
    </p>
   </div>
   <div class='ocr_carea' id='block_1_68' title="bbox 3967 3021 3976 3591">
    <p class='ocr_par' dir='ltr' id='par_1_68' title="bbox 3967 3167 3972 3352">
     <span class='ocr_line' id='line_1_68' title="bbox 3967 3167 3972 3352; baseline 0 -31"><span class='ocrx_word' id='word_1_443' title='bbox 3967 3167 3972 3321; x_wconf 74' lang='grc' dir='ltr'><strong>ι</strong></span> 
     </span>
    </p>
   </div>
   <div class='ocr_carea' id='block_1_69' title="bbox 468 4633 2115 4722">
    <p class='ocr_par' dir='ltr' id='par_1_69' title="bbox 468 4633 2106 4715">
     <span class='ocr_line' id='line_1_69' title="bbox 468 4633 2106 4715; baseline -0.001 -19"><span class='ocrx_word' id='word_1_444' title='bbox 468 4635 722 4697; x_wconf 82' lang='lat' dir='ltr'><strong>tumultu</strong></span> <span class='ocrx_word' id='word_1_445' title='bbox 779 4636 981 4715; x_wconf 88' lang='lat' dir='ltr'><strong>procul</strong></span> <span class='ocrx_word' id='word_1_446' title='bbox 1037 4636 1263 4696; x_wconf 88' lang='lat' dir='ltr'><strong>secedit</strong></span> <span class='ocrx_word' id='word_1_447' title='bbox 1313 4635 1370 4695; x_wconf 92' lang='lat' dir='ltr'><strong>in</strong></span> <span class='ocrx_word' id='word_1_448' title='bbox 1423 4633 1754 4715; x_wconf 81' lang='lat' dir='ltr'><strong>Lycaonum</strong></span> <span class='ocrx_word' id='word_1_449' title='bbox 1800 4635 2106 4712; x_wconf 86' lang='lat' dir='ltr'><strong>regionem</strong></span> 
     </span>
    </p>
   </div>
   <div class='ocr_carea' id='block_1_70' title="bbox 2202 4633 3804 4722">
    <p class='ocr_par' dir='ltr' id='par_1_70' title="bbox 2202 4635 3804 4722">
     <span class='ocr_line' id='line_1_70' title="bbox 2202 4635 3804 4722; baseline -0.006 -22"><span class='ocrx_word' id='word_1_450' title='bbox 2202 4643 2282 4698; x_wconf 74' lang='grc' dir='ltr'><strong>τόν</strong></span> <span class='ocrx_word' id='word_1_451' title='bbox 2314 4643 2480 4720; x_wconf 86' lang='grc' dir='ltr'>μέγαν</span> <span class='ocrx_word' id='word_1_452' title='bbox 2529 4642 2771 4722; x_wconf 78' lang='grc' dir='ltr'>Ἀϐραὰμ</span> <span class='ocrx_word' id='word_1_453' title='bbox 2821 4644 3055 4717; x_wconf 78' lang='grc' dir='ltr'>ἐκεῖνον,</span> <span class='ocrx_word' id='word_1_454' title='bbox 3103 4643 3190 4698; x_wconf 86' lang='grc' dir='ltr'><strong>καί</strong></span> <span class='ocrx_word' id='word_1_455' title='bbox 3238 4647 3507 4719; x_wconf 83' lang='grc' dir='ltr'>συγγενῶν</span> <span class='ocrx_word' id='word_1_456' title='bbox 3557 4639 3642 4696; x_wconf 86' lang='grc' dir='ltr'><strong>καί</strong></span> <span class='ocrx_word' id='word_1_457' title='bbox 3668 4635 3804 4716; x_wconf 77' lang='grc' dir='ltr'>φίλων</span> 
     </span>
    </p>
   </div>
   <div class='ocr_carea' id='block_1_71' title="bbox 469 4723 2115 4811">
    <p class='ocr_par' dir='ltr' id='par_1_71' title="bbox 469 4723 2107 4805">
     <span class='ocr_line' id='line_1_71' title="bbox 469 4723 2107 4805; baseline 0 -21"><span class='ocrx_word' id='word_1_458' title='bbox 469 4725 867 4804; x_wconf 82' lang='lat' dir='ltr'><strong>transmigrat.</strong></span> <span class='ocrx_word' id='word_1_459' title='bbox 919 4725 1005 4786; x_wconf 90' lang='lat' dir='ltr'><strong>Ibi</strong></span> <span class='ocrx_word' id='word_1_460' title='bbox 1041 4733 1348 4805; x_wconf 87' lang='lat' dir='ltr'><strong>postquam</strong></span> <span class='ocrx_word' id='word_1_461' title='bbox 1401 4736 1633 4786; x_wconf 89' lang='lat' dir='ltr'><strong>antrum</strong></span> <span class='ocrx_word' id='word_1_462' title='bbox 1665 4723 1892 4803; x_wconf 81' lang='lat' dir='ltr'><strong>reperit</strong></span> <span class='ocrx_word' id='word_1_463' title='bbox 1922 4723 2107 4803; x_wconf 88' lang='lat' dir='ltr'><strong>quieti</strong></span> 
     </span>
    </p>
   </div>
   <div class='ocr_carea' id='block_1_72' title="bbox 2202 4723 3802 4811">
    <p class='ocr_par' dir='ltr' id='par_1_72' title="bbox 2202 4724 3802 4811">
     <span class='ocr_line' id='line_1_72' title="bbox 2202 4724 3802 4811; baseline -0.003 -23"><span class='ocrx_word' id='word_1_464' title='bbox 2202 4732 2523 4811; x_wconf 68' lang='grc' dir='ltr'>ὶποῤῥαγεὶς,</span> <span class='ocrx_word' id='word_1_465' title='bbox 2612 4733 2816 4811; x_wconf 73' lang='grc' dir='ltr'>μακράν</span> <span class='ocrx_word' id='word_1_466' title='bbox 2887 4754 2945 4788; x_wconf 87' lang='grc' dir='ltr'><strong>τε</strong></span> <span class='ocrx_word' id='word_1_467' title='bbox 3028 4738 3134 4788; x_wconf 84' lang='grc' dir='ltr'>τῶν</span> <span class='ocrx_word' id='word_1_468' title='bbox 3219 4732 3482 4807; x_wconf 78' lang='grc' dir='ltr'>βιωτικῶν</span> <span class='ocrx_word' id='word_1_469' title='bbox 3571 4724 3802 4784; x_wconf 69' lang='grc' dir='ltr'>καταστὰς</span> 
     </span>
    </p>
   </div>
   <div class='ocr_carea' id='block_1_73' title="bbox 465 4813 2115 4899">
    <p class='ocr_par' dir='ltr' id='par_1_73' title="bbox 465 4813 2110 4896">
     <span class='ocr_line' id='line_1_73' title="bbox 465 4813 2110 4896; baseline -0.001 -21"><span class='ocrx_word' id='word_1_470' title='bbox 465 4823 667 4896; x_wconf 90' lang='lat' dir='ltr'><strong>aptum</strong></span> <span class='ocrx_word' id='word_1_471' title='bbox 695 4824 751 4875; x_wconf 88' lang='lat' dir='ltr'><strong>et</strong></span> <span class='ocrx_word' id='word_1_472' title='bbox 769 4815 828 4875; x_wconf 92' lang='lat' dir='ltr'><strong>in</strong></span> <span class='ocrx_word' id='word_1_473' title='bbox 857 4836 973 4895; x_wconf 90' lang='lat' dir='ltr'><strong>quo</strong></span> <span class='ocrx_word' id='word_1_474' title='bbox 995 4816 1136 4876; x_wconf 89' lang='lat' dir='ltr'><strong>satis</strong></span> <span class='ocrx_word' id='word_1_475' title='bbox 1163 4817 1278 4876; x_wconf 91' lang='lat' dir='ltr'><strong>otio</strong></span> <span class='ocrx_word' id='word_1_476' title='bbox 1297 4815 1607 4894; x_wconf 86' lang='lat' dir='ltr'><strong>indulgere</strong></span> <span class='ocrx_word' id='word_1_477' title='bbox 1627 4813 1964 4894; x_wconf 86' lang='lat' dir='ltr'><strong>posset,hoc</strong></span> <span class='ocrx_word' id='word_1_478' title='bbox 1980 4833 2110 4874; x_wconf 86' lang='lat' dir='ltr'><strong>sese</strong></span> 
     </span>
    </p>
   </div>
   <div class='ocr_carea' id='block_1_74' title="bbox 2202 4813 3800 4899">
    <p class='ocr_par' dir='ltr' id='par_1_74' title="bbox 2202 4815 3800 4899">
     <span class='ocr_line' id='line_1_74' title="bbox 2202 4815 3800 4899; baseline -0.007 -21"><span class='ocrx_word' id='word_1_479' title='bbox 2202 4820 2421 4898; x_wconf 60' lang='grc' dir='ltr'>δορύϐων</span> <span class='ocrx_word' id='word_1_480' title='bbox 2477 4823 2576 4888; x_wconf 69' lang='grc' dir='ltr'>τὴν</span> <span class='ocrx_word' id='word_1_481' title='bbox 2635 4827 2740 4877; x_wconf 83' lang='grc' dir='ltr'>τῶν</span> <span class='ocrx_word' id='word_1_482' title='bbox 2799 4823 3080 4877; x_wconf 74' lang='grc' dir='ltr'>Λυκαόνων</span> <span class='ocrx_word' id='word_1_483' title='bbox 3139 4823 3326 4899; x_wconf 84' lang='grc' dir='ltr'>χώραν</span> <span class='ocrx_word' id='word_1_484' title='bbox 3392 4815 3800 4891; x_wconf 74' lang='grc' dir='ltr'>καταλαμϐάνει⁶</span> 
     </span>
    </p>
   </div>
   <div class='ocr_carea' id='block_1_75' title="bbox 468 4902 2115 4988">
    <p class='ocr_par' dir='ltr' id='par_1_75' title="bbox 468 4904 2105 4985">
     <span class='ocr_line' id='line_1_75' title="bbox 468 4904 2105 4985; baseline -0.003 -18"><span class='ocrx_word' id='word_1_485' title='bbox 468 4904 742 4985; x_wconf 84' lang='lat' dir='ltr'><strong>includit,</strong></span> <span class='ocrx_word' id='word_1_486' title='bbox 778 4914 834 4966; x_wconf 83' lang='lat' dir='ltr'><strong>et</strong></span> <span class='ocrx_word' id='word_1_487' title='bbox 862 4907 988 4967; x_wconf 61' lang='lat' dir='ltr'><strong>aede</strong></span> <span class='ocrx_word' id='word_1_488' title='bbox 1020 4904 1461 4985; x_wconf 77' lang='lat' dir='ltr'><strong>precationibus</strong></span> <span class='ocrx_word' id='word_1_489' title='bbox 1498 4904 1713 4964; x_wconf 89' lang='lat' dir='ltr'><strong>idonea</strong></span> <span class='ocrx_word' id='word_1_490' title='bbox 1735 4904 1790 4963; x_wconf 90' lang='lat' dir='ltr'><strong>in</strong></span> <span class='ocrx_word' id='word_1_491' title='bbox 1819 4908 2105 4963; x_wconf 88' lang='lat' dir='ltr'><strong>honorem</strong></span> 
     </span>
    </p>
   </div>
   <div class='ocr_carea' id='block_1_76' title="bbox 2202 4902 3801 4988">
    <p class='ocr_par' dir='ltr' id='par_1_76' title="bbox 2202 4902 3801 4988">
     <span class='ocr_line' id='line_1_76' title="bbox 2202 4902 3801 4988; baseline -0.004 -22"><span class='ocrx_word' id='word_1_492' title='bbox 2202 4913 2279 4966; x_wconf 69' lang='grc' dir='ltr'>μιαί</span> <span class='ocrx_word' id='word_1_493' title='bbox 2320 4933 2371 4967; x_wconf 91' lang='grc' dir='ltr'><strong>τι</strong></span> <span class='ocrx_word' id='word_1_494' title='bbox 2403 4910 2668 4979; x_wconf 80' lang='grc' dir='ltr'>σπήλαιον</span> <span class='ocrx_word' id='word_1_495' title='bbox 2699 4910 2782 4968; x_wconf 71' lang='grc' dir='ltr'><strong>ἐπ’</strong></span> <span class='ocrx_word' id='word_1_496' title='bbox 2846 4912 3068 4988; x_wconf 74' lang='grc' dir='ltr'>ἐρημίας</span> <span class='ocrx_word' id='word_1_497' title='bbox 3130 4911 3294 4986; x_wconf 75' lang='grc' dir='ltr'>εὑρὼν</span> <span class='ocrx_word' id='word_1_498' title='bbox 3340 4905 3646 4974; x_wconf 81' lang='grc' dir='ltr'>ἐπιτηδείως</span> <span class='ocrx_word' id='word_1_499' title='bbox 3698 4902 3801 4981; x_wconf 79' lang='grc' dir='ltr'>ἔχον</span> 
     </span>
    </p>
   </div>
   <div class='ocr_carea' id='block_1_77' title="bbox 469 4993 2115 5080">
    <p class='ocr_par' dir='ltr' id='par_1_77' title="bbox 469 4993 2109 5075">
     <span class='ocr_line' id='line_1_77' title="bbox 469 4993 2109 5075; baseline -0.002 -20"><span class='ocrx_word' id='word_1_500' title='bbox 469 5013 712 5075; x_wconf 89' lang='lat' dir='ltr'><strong>semper</strong></span> <span class='ocrx_word' id='word_1_501' title='bbox 727 4995 966 5074; x_wconf 83' lang='lat' dir='ltr'><strong>virginis</strong></span> <span class='ocrx_word' id='word_1_502' title='bbox 990 4997 1094 5058; x_wconf 87' lang='lat' dir='ltr'><strong>Dei</strong></span> <span class='ocrx_word' id='word_1_503' title='bbox 1117 4994 1296 5057; x_wconf 87' lang='lat' dir='ltr'><strong>Verbi</strong></span> <span class='ocrx_word' id='word_1_504' title='bbox 1318 4995 1521 5057; x_wconf 83' lang='lat' dir='ltr'><strong>Matris</strong></span> <span class='ocrx_word' id='word_1_505' title='bbox 1542 5001 1823 5073; x_wconf 87' lang='lat' dir='ltr'><strong>quantum</strong></span> <span class='ocrx_word' id='word_1_506' title='bbox 1850 4993 1979 5054; x_wconf 82' lang='lat' dir='ltr'><strong>ﬁeri</strong></span> <span class='ocrx_word' id='word_1_507' title='bbox 2005 5012 2109 5073; x_wconf 82' lang='lat' dir='ltr'><strong>po-</strong></span> 
     </span>
    </p>
   </div>
   <div class='ocr_carea' id='block_1_78' title="bbox 2202 4993 3802 5080">
    <p class='ocr_par' dir='ltr' id='par_1_78' title="bbox 2202 4993 3802 5080">
     <span class='ocr_line' id='line_1_78' title="bbox 2202 4993 3802 5080; baseline -0.007 -24"><span class='ocrx_word' id='word_1_508' title='bbox 2202 4999 2421 5056; x_wconf 66' lang='grc' dir='ltr'>ιάλιστα</span> <span class='ocrx_word' id='word_1_509' title='bbox 2490 5002 2551 5056; x_wconf 84' lang='grc' dir='ltr'>τὸ</span> <span class='ocrx_word' id='word_1_510' title='bbox 2628 5001 2827 5056; x_wconf 77' lang='grc' dir='ltr'>ἐκείνου</span> <span class='ocrx_word' id='word_1_511' title='bbox 2902 4998 3204 5080; x_wconf 72' lang='grc' dir='ltr'>φιλήσυχον</span> <span class='ocrx_word' id='word_1_512' title='bbox 3261 5001 3596 5076; x_wconf 89' lang='grc' dir='ltr'>θεραπεῦσαι,</span> <span class='ocrx_word' id='word_1_513' title='bbox 3665 4993 3802 5060; x_wconf 80' lang='grc' dir='ltr'>τούτῳ</span> 
     </span>
    </p>
   </div>
   <div class='ocr_carea' id='block_1_79' title="bbox 470 5083 2115 5166">
    <p class='ocr_par' dir='ltr' id='par_1_79' title="bbox 470 5083 2103 5159">
     <span class='ocr_line' id='line_1_79' title="bbox 470 5083 2103 5159; baseline -0.003 -12"><span class='ocrx_word' id='word_1_514' title='bbox 470 5090 586 5147; x_wconf 90' lang='lat' dir='ltr'><strong>tuit</strong></span> <span class='ocrx_word' id='word_1_515' title='bbox 614 5085 673 5145; x_wconf 92' lang='lat' dir='ltr'><strong>in</strong></span> <span class='ocrx_word' id='word_1_516' title='bbox 708 5084 808 5146; x_wconf 92' lang='lat' dir='ltr'><strong>illo</strong></span> <span class='ocrx_word' id='word_1_517' title='bbox 842 5085 970 5146; x_wconf 84' lang='lat' dir='ltr'><strong>loco</strong></span> <span class='ocrx_word' id='word_1_518' title='bbox 1002 5096 1223 5158; x_wconf 66' lang='lat' dir='ltr'><strong>erecta,</strong></span> <span class='ocrx_word' id='word_1_519' title='bbox 1258 5085 1431 5145; x_wconf 88' lang='lat' dir='ltr'><strong>vitam</strong></span> <span class='ocrx_word' id='word_1_520' title='bbox 1467 5083 1587 5144; x_wconf 89' lang='lat' dir='ltr'><strong>illic</strong></span> <span class='ocrx_word' id='word_1_521' title='bbox 1620 5083 1742 5144; x_wconf 81' lang='lat' dir='ltr'><strong>fere</strong></span> <span class='ocrx_word' id='word_1_522' title='bbox 1774 5083 2103 5159; x_wconf 83' lang='lat' dir='ltr'><strong>angelicam</strong></span> 
     </span>
    </p>
   </div>
   <div class='ocr_carea' id='block_1_80' title="bbox 2202 5083 3803 5166">
    <p class='ocr_par' dir='ltr' id='par_1_80' title="bbox 2202 5083 3803 5166">
     <span class='ocr_line' id='line_1_80' title="bbox 2202 5083 3803 5166; baseline -0.016 -4"><span class='ocrx_word' id='word_1_523' title='bbox 2202 5090 2360 5166; x_wconf 60' lang='grc' dir='ltr'>θέρων</span> <span class='ocrx_word' id='word_1_524' title='bbox 2416 5089 2599 5148; x_wconf 65' lang='grc' dir='ltr'><strong>ἒείιυτόν</strong></span> <span class='ocrx_word' id='word_1_525' title='bbox 2654 5089 2983 5164; x_wconf 80' lang='grc' dir='ltr'>κατακλείει,</span> <span class='ocrx_word' id='word_1_526' title='bbox 3063 5087 3338 5164; x_wconf 75' lang='grc' dir='ltr'>εὐκτήριόν</span> <span class='ocrx_word' id='word_1_527' title='bbox 3415 5107 3472 5142; x_wconf 88' lang='grc' dir='ltr'><strong>τε</strong></span> <span class='ocrx_word' id='word_1_528' title='bbox 3547 5085 3692 5141; x_wconf 65' lang='grc' dir='ltr'>(εἶκον</span> <span class='ocrx_word' id='word_1_529' title='bbox 3750 5083 3803 5166; x_wconf 65' lang='grc' dir='ltr'><strong>τῇ</strong></span> 
     </span>
    </p>
   </div>
   <div class='ocr_carea' id='block_1_81' title="bbox 469 5165 2115 5256">
    <p class='ocr_par' dir='ltr' id='par_1_81' title="bbox 469 5172 2106 5254">
     <span class='ocr_line' id='line_1_81' title="bbox 469 5172 2106 5254; baseline -0.002 -18"><span class='ocrx_word' id='word_1_530' title='bbox 469 5184 779 5252; x_wconf 67' lang='lat' dir='ltr'><strong>transegit.</strong></span> <span class='ocrx_word' id='word_1_531' title='bbox 802 5174 1046 5254; x_wconf 83' lang='lat' dir='ltr'><strong>Hymnis</strong></span> <span class='ocrx_word' id='word_1_532' title='bbox 1064 5177 1220 5236; x_wconf 88' lang='lat' dir='ltr'><strong>enim</strong></span> <span class='ocrx_word' id='word_1_533' title='bbox 1247 5174 1686 5244; x_wconf 86' lang='lat' dir='ltr'><strong>indesinenter,</strong></span> <span class='ocrx_word' id='word_1_534' title='bbox 1706 5172 1937 5250; x_wconf 86' lang='lat' dir='ltr'><strong>jejunio</strong></span> <span class='ocrx_word' id='word_1_535' title='bbox 1965 5191 2106 5252; x_wconf 86' lang='lat' dir='ltr'><strong>per-</strong></span> 
     </span>
    </p>
   </div>
   <div class='ocr_carea' id='block_1_82' title="bbox 2202 5165 3804 5256">
    <p class='ocr_par' dir='ltr' id='par_1_82' title="bbox 2202 5165 3804 5256">
     <span class='ocr_line' id='line_1_82' title="bbox 2202 5165 3804 5256; baseline -0.005 -21"><span class='ocrx_word' id='word_1_536' title='bbox 2202 5165 2516 5256; x_wconf 74' lang='grc' dir='ltr'>ὶειπαρθένῳ</span> <span class='ocrx_word' id='word_1_537' title='bbox 2547 5189 2638 5237; x_wconf 84' lang='grc' dir='ltr'><strong>τοῦ</strong></span> <span class='ocrx_word' id='word_1_538' title='bbox 2683 5187 2816 5236; x_wconf 85' lang='grc' dir='ltr'>Θεοῦ</span> <span class='ocrx_word' id='word_1_539' title='bbox 2871 5179 3043 5256; x_wconf 71' lang='grc' dir='ltr'>Λόγου</span> <span class='ocrx_word' id='word_1_540' title='bbox 3090 5177 3261 5255; x_wconf 77' lang='grc' dir='ltr'>Μητρὶ</span> <span class='ocrx_word' id='word_1_541' title='bbox 3304 5177 3376 5238; x_wconf 87' lang='grc' dir='ltr'>ὠς</span> <span class='ocrx_word' id='word_1_542' title='bbox 3428 5175 3550 5232; x_wconf 77' lang='grc' dir='ltr'>οἷόν</span> <span class='ocrx_word' id='word_1_543' title='bbox 3601 5194 3655 5229; x_wconf 89' lang='grc' dir='ltr'><strong>τε</strong></span> <span class='ocrx_word' id='word_1_544' title='bbox 3679 5170 3737 5237; x_wconf 77' lang='grc' dir='ltr'>ἦν</span> <span class='ocrx_word' id='word_1_545' title='bbox 3761 5165 3804 5221; x_wconf 62' lang='grc' dir='ltr'><strong>ἓν</strong></span> 
     </span>
    </p>
   </div>
   <div class='ocr_carea' id='block_1_83' title="bbox 471 5255 2115 5347">
    <p class='ocr_par' dir='ltr' id='par_1_83' title="bbox 471 5262 2112 5344">
     <span class='ocr_line' id='line_1_83' title="bbox 471 5262 2112 5344; baseline -0.002 -19"><span class='ocrx_word' id='word_1_546' title='bbox 471 5273 652 5344; x_wconf 88' lang='lat' dir='ltr'><strong>petuo</strong></span> <span class='ocrx_word' id='word_1_547' title='bbox 699 5263 942 5338; x_wconf 87' lang='lat' dir='ltr'><strong>vacavit,</strong></span> <span class='ocrx_word' id='word_1_548' title='bbox 977 5283 1249 5325; x_wconf 88' lang='lat' dir='ltr'><strong>somnum</strong></span> <span class='ocrx_word' id='word_1_549' title='bbox 1312 5263 1384 5322; x_wconf 89' lang='lat' dir='ltr'><strong>ad</strong></span> <span class='ocrx_word' id='word_1_550' title='bbox 1434 5262 1894 5341; x_wconf 83' lang='lat' dir='ltr'><strong>incorporalium</strong></span> <span class='ocrx_word' id='word_1_551' title='bbox 1927 5263 2112 5322; x_wconf 89' lang='lat' dir='ltr'><strong>instar</strong></span> 
     </span>
    </p>
   </div>
   <div class='ocr_carea' id='block_1_84' title="bbox 2202 5255 3804 5347">
    <p class='ocr_par' dir='ltr' id='par_1_84' title="bbox 2202 5255 3804 5347">
     <span class='ocr_line' id='line_1_84' title="bbox 2202 5255 3804 5347; baseline -0.008 -22"><span class='ocrx_word' id='word_1_552' title='bbox 2202 5255 2676 5347; x_wconf 71' lang='grc' dir='ltr'>αὗτῷσχεδιάσας,</span> <span class='ocrx_word' id='word_1_553' title='bbox 2712 5269 2823 5345; x_wconf 87' lang='grc' dir='ltr'>βίον</span> <span class='ocrx_word' id='word_1_554' title='bbox 2851 5255 2983 5346; x_wconf 78' lang='grc' dir='ltr'>ἦγεν</span> <span class='ocrx_word' id='word_1_555' title='bbox 3041 5268 3218 5324; x_wconf 71' lang='grc' dir='ltr'>ἐκεῖσε</span> <span class='ocrx_word' id='word_1_556' title='bbox 3263 5267 3436 5344; x_wconf 77' lang='grc' dir='ltr'>βραχὺ</span> <span class='ocrx_word' id='word_1_557' title='bbox 3479 5270 3567 5320; x_wconf 80' lang='grc' dir='ltr'><strong>τοῦ</strong></span> <span class='ocrx_word' id='word_1_558' title='bbox 3613 5255 3804 5337; x_wconf 76' lang='grc' dir='ltr'>ἀγγελιο</span> 
     </span>
    </p>
   </div>
   <div class='ocr_carea' id='block_1_85' title="bbox 469 5351 2111 5432">
    <p class='ocr_par' dir='ltr' id='par_1_85' title="bbox 469 5351 2111 5432">
     <span class='ocr_line' id='line_1_85' title="bbox 469 5351 2111 5432; baseline -0.001 -18"><span class='ocrx_word' id='word_1_559' title='bbox 469 5371 773 5428; x_wconf 88' lang='lat' dir='ltr'><strong>nunquam</strong></span> <span class='ocrx_word' id='word_1_560' title='bbox 828 5354 1257 5432; x_wconf 86' lang='lat' dir='ltr'><strong>propemodum</strong></span> <span class='ocrx_word' id='word_1_561' title='bbox 1289 5351 1644 5431; x_wconf 81' lang='lat' dir='ltr'><strong>degustavit,</strong></span> <span class='ocrx_word' id='word_1_562' title='bbox 1676 5351 1837 5410; x_wconf 86' lang='lat' dir='ltr'><strong>humi</strong></span> <span class='ocrx_word' id='word_1_563' title='bbox 1895 5361 2111 5412; x_wconf 78' lang='lat' dir='ltr'><strong>stratus</strong></span> 
     </span>
    </p>
   </div>
   <div class='ocr_carea' id='block_1_86' title="bbox 474 5440 2112 5521">
    <p class='ocr_par' dir='ltr' id='par_1_86' title="bbox 474 5440 2112 5521">
     <span class='ocr_line' id='line_1_86' title="bbox 474 5440 2112 5521; baseline 0 -19"><span class='ocrx_word' id='word_1_564' title='bbox 474 5450 532 5502; x_wconf 87' lang='lat' dir='ltr'><strong>et</strong></span> <span class='ocrx_word' id='word_1_565' title='bbox 585 5459 798 5521; x_wconf 90' lang='lat' dir='ltr'><strong>aspero</strong></span> <span class='ocrx_word' id='word_1_566' title='bbox 831 5443 957 5502; x_wconf 65' lang='lat' dir='ltr'><strong>vitae</strong></span> <span class='ocrx_word' id='word_1_567' title='bbox 1008 5443 1214 5520; x_wconf 83' lang='lat' dir='ltr'><strong>generi</strong></span> <span class='ocrx_word' id='word_1_568' title='bbox 1253 5440 1544 5515; x_wconf 82' lang='lat' dir='ltr'><strong>addictus,</strong></span> <span class='ocrx_word' id='word_1_569' title='bbox 1581 5440 1854 5521; x_wconf 80' lang='lat' dir='ltr'><strong>Iacrymis</strong></span> <span class='ocrx_word' id='word_1_570' title='bbox 1886 5450 1942 5501; x_wconf 94' lang='lat' dir='ltr'><strong>et</strong></span> <span class='ocrx_word' id='word_1_571' title='bbox 1991 5441 2112 5502; x_wconf 75' lang='lat' dir='ltr'><strong>vir-</strong></span> 
     </span>
    </p>
   </div>
   <div class='ocr_carea' id='block_1_87' title="bbox 475 5529 2109 5609">
    <p class='ocr_par' dir='ltr' id='par_1_87' title="bbox 475 5529 2109 5609">
     <span class='ocr_line' id='line_1_87' title="bbox 475 5529 2109 5609; baseline 0.003 -22"><span class='ocrx_word' id='word_1_572' title='bbox 475 5530 584 5588; x_wconf 88' lang='lat' dir='ltr'><strong>tuti</strong></span> <span class='ocrx_word' id='word_1_573' title='bbox 613 5529 672 5589; x_wconf 91' lang='lat' dir='ltr'><strong>iu</strong></span> <span class='ocrx_word' id='word_1_574' title='bbox 698 5530 926 5590; x_wconf 91' lang='lat' dir='ltr'><strong>intimis</strong></span> <span class='ocrx_word' id='word_1_575' title='bbox 944 5531 1125 5592; x_wconf 88' lang='lat' dir='ltr'><strong>animi</strong></span> <span class='ocrx_word' id='word_1_576' title='bbox 1149 5529 1486 5592; x_wconf 85' lang='lat' dir='ltr'><strong>recessibus</strong></span> <span class='ocrx_word' id='word_1_577' title='bbox 1515 5531 1840 5592; x_wconf 79' lang='lat' dir='ltr'><strong>reconditae</strong></span> <span class='ocrx_word' id='word_1_578' title='bbox 1868 5548 2109 5609; x_wconf 89' lang='lat' dir='ltr'><strong>operam</strong></span> 
     </span>
    </p>
   </div>
   <div class='ocr_carea' id='block_1_88' title="bbox 475 5616 2112 5701">
    <p class='ocr_par' dir='ltr' id='par_1_88' title="bbox 475 5616 2112 5701">
     <span class='ocr_line' id='line_1_88' title="bbox 475 5616 2112 5701; baseline 0.002 -23"><span class='ocrx_word' id='word_1_579' title='bbox 475 5616 756 5680; x_wconf 88' lang='lat' dir='ltr'><strong>continua</strong></span> <span class='ocrx_word' id='word_1_580' title='bbox 785 5619 1038 5683; x_wconf 84' lang='lat' dir='ltr'><strong>navavit.</strong></span> <span class='ocrx_word' id='word_1_581' title='bbox 1071 5622 1292 5683; x_wconf 88' lang='lat' dir='ltr'><strong>Preces</strong></span> <span class='ocrx_word' id='word_1_582' title='bbox 1313 5621 1443 5701; x_wconf 87' lang='lat' dir='ltr'><strong>ejus</strong></span> <span class='ocrx_word' id='word_1_583' title='bbox 1470 5618 1746 5696; x_wconf 66' lang='lat' dir='ltr'><strong>assiduas,</strong></span> <span class='ocrx_word' id='word_1_584' title='bbox 1769 5637 1937 5681; x_wconf 90' lang='lat' dir='ltr'><strong>mens</strong></span> <span class='ocrx_word' id='word_1_585' title='bbox 1962 5620 2112 5683; x_wconf 87' lang='lat' dir='ltr'><strong>nihil</strong></span> 
     </span>
    </p>
   </div>
   <div class='ocr_carea' id='block_1_89' title="bbox 2194 5349 3802 5436">
    <p class='ocr_par' dir='ltr' id='par_1_89' title="bbox 2194 5349 3802 5436">
     <span class='ocr_line' id='line_1_89' title="bbox 2194 5349 3802 5436; baseline -0.008 -23"><span class='ocrx_word' id='word_1_586' title='bbox 2194 5365 2287 5415; x_wconf 81' lang='grc' dir='ltr'><strong>κοῦ</strong></span> <span class='ocrx_word' id='word_1_587' title='bbox 2331 5357 2669 5432; x_wconf 84' lang='grc' dir='ltr'>λειπόμενον.</span> <span class='ocrx_word' id='word_1_588' title='bbox 2705 5357 2793 5416; x_wconf 85' lang='lat'><strong>&quot;0</strong></span> <span class='ocrx_word' id='word_1_589' title='bbox 2824 5379 2880 5414; x_wconf 89' lang='grc' dir='ltr'><strong>τε</strong></span> <span class='ocrx_word' id='word_1_590' title='bbox 2923 5359 3022 5436; x_wconf 79' lang='grc' dir='ltr'><strong>γὰρ</strong></span> <span class='ocrx_word' id='word_1_591' title='bbox 3065 5356 3228 5431; x_wconf 75' lang='grc' dir='ltr'>ὕμνος</span> <span class='ocrx_word' id='word_1_592' title='bbox 3275 5354 3417 5427; x_wconf 72' lang='grc' dir='ltr'>αἰ)τῴ</span> <span class='ocrx_word' id='word_1_593' title='bbox 3447 5353 3601 5432; x_wconf 77' lang='grc' dir='ltr'>εἶχεν</span> <span class='ocrx_word' id='word_1_594' title='bbox 3629 5349 3802 5405; x_wconf 77' lang='grc' dir='ltr'>ἀκατα-</span> 
     </span>
    </p>
   </div>
   <div class='ocr_carea' id='block_1_90' title="bbox 2195 5438 3801 5523">
    <p class='ocr_par' dir='ltr' id='par_1_90' title="bbox 2195 5438 3801 5523">
     <span class='ocr_line' id='line_1_90' title="bbox 2195 5438 3801 5523; baseline -0.013 -11"><span class='ocrx_word' id='word_1_595' title='bbox 2195 5448 2430 5520; x_wconf 72' lang='grc' dir='ltr'>παῦτως,</span> <span class='ocrx_word' id='word_1_596' title='bbox 2489 5450 2522 5515; x_wconf 79' lang='grc' dir='ltr'>ἡ</span> <span class='ocrx_word' id='word_1_597' title='bbox 2582 5447 2797 5514; x_wconf 85' lang='grc' dir='ltr'>νηστεία</span> <span class='ocrx_word' id='word_1_598' title='bbox 2866 5444 3288 5523; x_wconf 80' lang='grc' dir='ltr'>συντεταμένως,</span> <span class='ocrx_word' id='word_1_599' title='bbox 3333 5445 3368 5512; x_wconf 78' lang='grc' dir='ltr'>ἡ</span> <span class='ocrx_word' id='word_1_600' title='bbox 3431 5438 3675 5519; x_wconf 76' lang='grc' dir='ltr'>ἀγρυπνία</span> <span class='ocrx_word' id='word_1_601' title='bbox 3722 5455 3801 5508; x_wconf 85' lang='grc' dir='ltr'>μι-</span> 
     </span>
    </p>
   </div>
   <div class='ocr_carea' id='block_1_91' title="bbox 2195 5524 3795 5616">
    <p class='ocr_par' dir='ltr' id='par_1_91' title="bbox 2195 5524 3795 5616">
     <span class='ocr_line' id='line_1_91' title="bbox 2195 5524 3795 5616; baseline -0.001 -23"><span class='ocrx_word' id='word_1_602' title='bbox 2195 5545 2320 5614; x_wconf 89' lang='grc' dir='ltr'>κροῦ</span> <span class='ocrx_word' id='word_1_603' title='bbox 2348 5550 2468 5601; x_wconf 83' lang='grc' dir='ltr'>τοῖς</span> <span class='ocrx_word' id='word_1_604' title='bbox 2517 5537 2764 5614; x_wconf 85' lang='grc' dir='ltr'>ἆσάρκοις</span> <span class='ocrx_word' id='word_1_605' title='bbox 2819 5538 3040 5616; x_wconf 82' lang='grc' dir='ltr'>ὁμοίως,</span> <span class='ocrx_word' id='word_1_606' title='bbox 3100 5537 3388 5614; x_wconf 79' lang='grc' dir='ltr'>χαμευνία,</span> <span class='ocrx_word' id='word_1_607' title='bbox 3434 5524 3795 5616; x_wconf 63' lang='grc' dir='ltr'>σκληραγωτίαν</span> 
     </span>
    </p>
   </div>
   <div class='ocr_carea' id='block_1_92' title="bbox 2193 5614 3796 5707">
    <p class='ocr_par' dir='ltr' id='par_1_92' title="bbox 2193 5614 3796 5707">
     <span class='ocr_line' id='line_1_92' title="bbox 2193 5614 3796 5707; baseline -0.001 -24"><span class='ocrx_word' id='word_1_608' title='bbox 2193 5625 2433 5706; x_wconf 83' lang='grc' dir='ltr'>δάκρυον,</span> <span class='ocrx_word' id='word_1_609' title='bbox 2467 5625 2684 5707; x_wconf 79' lang='grc' dir='ltr'>ἐργασία</span> <span class='ocrx_word' id='word_1_610' title='bbox 2710 5630 2744 5698; x_wconf 76' lang='grc' dir='ltr'>ἡ</span> <span class='ocrx_word' id='word_1_611' title='bbox 2800 5627 2854 5686; x_wconf 82' lang='grc' dir='ltr'>ἐν</span> <span class='ocrx_word' id='word_1_612' title='bbox 2910 5614 3170 5705; x_wconf 68' lang='grc' dir='ltr'>πνεῦματι</span> <span class='ocrx_word' id='word_1_613' title='bbox 3228 5625 3328 5691; x_wconf 82' lang='grc' dir='ltr'>τῆς</span> <span class='ocrx_word' id='word_1_614' title='bbox 3387 5617 3590 5702; x_wconf 82' lang='grc' dir='ltr'>καρδίας</span> <span class='ocrx_word' id='word_1_615' title='bbox 3641 5614 3796 5681; x_wconf 67' lang='grc' dir='ltr'>διηνε-</span> 
     </span>
    </p>
   </div>
  </div>
