4048 6136
319 267 442 335 957
1326 271 1515 338 VIT-A
1559 273 1616 335 S.
1664 271 2172 337 AMPHILOCHII
2224 271 2673 340 ICONIENSlS.
3564 276 3682 343 958

319 407 428 476 πῆς
462 423 478 438 ⁸
543 405 938 487 ὰπερίσπὰστος
969 407 1270 488 προσευχὴ,
1309 411 1426 472 νοῦς
1478 408 1644 468 οὐδενὶ
1690 415 1796 466 τῶν
1839 409 1953 484 γηί-

2047 410 2268 474 terreni
2326 412 2589 495 sapiens,
2651 412 2879 493 integra
2936 429 3174 493 semper
3217 410 3290 474 ad
3347 410 3534 473 Deum
3566 410 3681 474 fuit

315 520 420 555 νων
453 501 825 576 προκείμενος,
859 497 979 554 ἀλλ’
1033 497 1156 562 ὅλος
1210 498 1291 554 ἀεὶ
1355 499 1637 578 μετάρσιος
1668 501 1797 576 πρὸς
1832 500 1953 556 Θεὸν

2044 509 2263 580 erecta,
2299 503 2413 564 hoc
2439 521 2670 564 summo
2703 503 2932 564 virtutis
2982 501 3305 584 splendoI'e
3337 501 3674 581 prmlucen-

314 587 688 666 ἐπαιρόμενος.
743 589 962 651 Τούτοις
1032 600 1150 650 τοῖς
1195 587 1375 665 ἄκροις
1436 588 1534 656 τῆς
1575 588 1765 666 ἀρετῆς
1823 611 1953 644 κατ-

2044 599 2162 653 tem
2196 591 2296 652 ubi
2327 592 2503 654 vicini
2536 600 2997 674 conspexerunt,
3048 609 3258 670 magna
3287 608 3421 652 cum
3456 589 3574 651 fide
3602 589 3674 651 ad

313 677 586 752 ορθῶμασι
673 674 1042 751 διαλάμποντα
1129 679 1177 733 οἱ
1243 676 1298 731 ἐν
1354 677 1608 754 γειτόνων
1673 678 1952 754 θεώμενοι,

2043 697 2176 742 eum
2210 698 2518 743 accessere
2548 691 2722 762 atque
2750 681 2970 744 mundo
3003 682 3198 742 valere
3243 698 3490 761 prorsus
3514 680 3676 758 jusso

311 767 489 823 πίστει
545 787 602 820 τε
638 769 780 839 αῦτῷ
835 763 1014 840 πολλῇ
1059 766 1421 845 προσεφοίτων
1465 767 1621 823 παντὶ
1663 767 1740 841 τῷ
1769 767 1957 841 κόσμῳ

311 853 741 929 ἂποτασσόμενοι
801 856 886 912 καὶ
944 856 1034 910 τὸν
1096 855 1254 911 αὐτὸν
1310 853 1484 934 τρίϐον
1537 854 1730 911 ὁδεύειν
1779 856 1959 934 αἱρού-

317 967 493 1020 μενοι.
553 945 984 1022 Τεσσαρακοστὸν
1028 948 1172 1018 αῦτῷ
1221 944 1338 1008 ’έτος
1393 943 1496 1012 ἤδη
1539 967 1641 1002 που
1684 947 1806 1024 περί
1859 946 1960 1013 τὴν

317 1034 540 1101 ἄσκησιν
569 1033 780 1107 ἠνύετο,
815 1035 903 1090 γαὶ
932 1031 1153 1106 τελευτᾷ
1197 1034 1294 1107 μὲν
1341 1035 1430 1090 τὸν
1473 1035 1588 1111 βίον
1647 1033 1898 1102 Ἰωάννης
1932 1035 1959 1090 6

317 1123 639 1201 προεδρεύων
696 1122 818 1179 τότε
878 1128 978 1190 τῆς
1040 1122 1307 1180 Ἰκονιέων
1366 1122 1652 1191 ἐκκλησίας
1682 1141 1697 1156 ⁸
1756 1126 1849 1182 16v
1905 1121 1960 1179 δὲ

311 1213 348 1278 ἠ
407 1218 499 1269 τοῦ
557 1220 690 1268 Θεου
748 1211 992 1292 πρόνοια,
1024 1213 1060 1281 ἦ
1091 1211 1257 1270 πάλαι
1286 1213 1353 1272 τὰ
1372 1219 1472 1281 τῆς
1514 1212 1728 1293 καρδίαις
1759 1214 1958 1293 γνώρι-

311 1323 393 1376 μα
451 1303 538 1376 ἦν,
600 1305 674 1366 εἰς
735 1304 828 1358 τὸν
884 1311 978 1359 τοῦ
1033 1304 1556 1382 μετακεχωρηκότος
1585 1303 1766 1382 θρόνον
1800 1325 1961 1379 μετα-

309 1390 585 1472 καλεῖται,
622 1393 712 1448 καὶ
739 1391 911 1466 ὅπως,
945 1398 1216 1470 προσῆκον
1249 1394 1446 1455 εἰπεῖν,

395 1481 478 1542 Γ’.
545 1482 645 1548 Νὺξ
702 1483 791 1555 ἧν,
846 1483 933 1538 καὶ
977 1481 1205 1560 ἄγγελος
1264 1483 1450 1561 Κυρίου
1493 1489 1570 1557 τῷ
1619 1481 1960 1564 Ἀμφιλοχίῳ

309 1572 614 1652 παραστὰς,
651 1569 1001 1652 Ἀμφιλόχιε,
1059 1571 1237 1645 εἶπεν,
1291 1572 1364 1635 είς
1415 1579 1521 1628 τῶν
1551 1571 1796 1630 Ἰκονέων
1850 1595 1956 1628 πο-

311 1661 464 1739 ρεύου
525 1659 849 1735 μετρόπολιν
906 1662 1010 1716 τῶν
1073 1660 1300 1737 λογικῶν
1344 1683 1446 1736 μου
1495 1659 1774 1739 προϐάτων
1829 1684 1956 1718 ποι-

311 1751 424 1824 μὴν
484 1749 765 1826 ἐσόμενος.
824 1749 884 1808 Ὀ
939 1747 995 1804 δὲ
1056 1751 1188 1828 πρὸς
1246 1750 1344 1818 τὴν
1386 1750 1578 1816 κλῆσιν
1608 1753 1804 1818 ταύτην
1837 1750 1956 1808 διατι

308 1837 523 1915 μέλλων
555 1839 644 1913 ἦν,
680 1841 767 1895 καὶ
814 1842 869 1896 τὸ
903 1840 1181 1896 κελευσθὲν
1213 1853 1390 1896 ποιεῖν
1435 1838 1778 1900 ἀνεϐάλλετο.
1821 1851 1956 1900 Δευ-

306 1928 436 2005 τέρα
485 1927 570 1993 νὺξ
601 1929 689 2002 ἦν,
725 1928 812 1984 καὶ
842 1928 1002 1984 πάλιν
1048 1931 1080 1996 ἡ
1112 1928 1246 1995 αὐτὴ
1291 1928 1479 1994 κλῆσις
1533 1931 1620 1985 καὶ
1652 1933 1955 2010 προτροπὴ,

309 2016 407 2074 καὶ
465 2021 499 2086 ἡ
554 2018 756 2075 ἐκείνου
829 2017 988 2074 πάλιν
1056 2018 1244 2084 ἐπίσης
1327 2016 1586 2091 ἀναϐολὴ,
1644 2017 1956 2094 δαιμονικὴν

309 2107 525 2174 ἀπάτην
581 2108 642 2164 τὸ
709 2107 1028 2186 φαινόμενον
1085 2107 1491 2172 ὑποπτεύοντος,
1544 2106 1693 2164 Ἐπεὶ
1755 2106 1810 2164 δὲ
1869 2110 1956 2164 καὶ

309 2196 463 2275 τρίτη
527 2195 786 2253 κατέλαϐε
845 2195 953 2276 νὺξ,
1013 2197 1097 2252 καὶ
1156 2198 1183 2251 6
1229 2199 1384 2261 αὐτὸς
1430 2197 1629 2264 ἐπέστη
1687 2197 1750 2252 τά
1796 2196 1958 2273 ὅμοια

309 2289 768 2363 προτρεπόμενος,
826 2290 923 2353 τῆς
982 2282 1225 2349 στιϐάδος
1284 2287 1312 2341 6
1370 2300 1609 2362 γενναῖος
1668 2284 1956 2346 διαναστὰς

309 2374 455 2439 ’ἔδοξε
487 2374 735 2432 λαϐέσθαι
789 2378 882 2432 τοῦ
925 2373 1260 2451 ὁμιλοῦντος,
1327 2378 1437 2448 καὶ,
1501 2377 1555 2432 Εἰ
1600 2372 1825 2453 ἅγγελος
1877 2381 1952 2454 εἰ,

313 2465 472 2544 φησὶ,
506 2472 599 2521 τοῦ
631 2473 783 2545 Θεοῦ,
819 2463 968 2543 δεῦρο
1020 2485 1231 2539 στωμεν
1275 2461 1434 2544 ἄμφω
1491 2467 1562 2526 εἰς
1620 2468 1953 2545 προσευχήν.

314 2551 376 2611 Ὀ
421 2553 473 2610 δὲ
524 2553 781 2627 ἐπείθετο,
840 2555 928 2610 καὶ
989 2555 1088 2622 τήν
1163 2553 1402 2633 κεφαλὰν
1456 2553 1659 2629 κλίνας,
1723 2553 1952 2633 ”Αγιος,

309 2642 490 2721 ἅγιος,
530 2643 682 2720 ἅγιος
744 2644 929 2720 Κύριος
987 2640 1234 2722 Σαϐαὼθ,
1285 2640 1542 2709 ἀνεϐόησε
1578 2661 1588 2677 ⁸
1657 2643 1870 2722 πλήρης
1930 2648 1956 2700 6

311 2732 534 2811 οὖρανὸς
569 2735 659 2788 καὶ
685 2735 718 2800 ἡ
755 2737 826 2809 γῆ
878 2735 975 2799 τῆς
1022 2731 1174 2798 δόξης
1236 2735 1411 2790 αὐτοῦ.
1455 2735 1733 2809 Κρατήσας
1786 2734 1956 2790 τοίνυν

306 2823 400 2877 τὸν
459 2820 824 2902 Ἀμωιλόχιον
873 2822 968 2889 τῆς
1028 2823 1211 2901 χειρὸς
1272 2824 1372 2887 την
1448 2821 1737 2889 ἐκκλησίαν
1798 2822 1958 2902 ἄμιρω

311 2909 838 2986 καταλαμϐάνουσιν,
886 2912 1175 2978 αὒτόματοι
1230 2910 1285 2966 δὲ
1341 2916 1520 2974 αὐτοῖς
1575 2913 1626 2967 αἱ
1655 2913 1801 2989 θύραι
1847 2911 1958 2967 διε-

2042 769 2254 831 eodem
2286 773 2518 833 tramite
2565 771 2794 851 ingredi
2839 771 3295 834 constituerunt.
3353 769 3486 833 Jam
3544 769 3679 850 plus

2039 878 2214 940 quam
2247 859 2637 938 quadraginta
2677 861 2848 922 annis
2878 861 3018 923 huic
3047 859 3182 921 vitae
3229 857 3498 922 asceticaa
3548 864 3678 918 stu-

2040 948 2272 1024 duerat,
2305 967 2440 1010 cum
2472 951 2732 1012 Joannes
2761 951 3090 1014 Iconiensis
3119 949 3404 1012 Ecclesiae
3456 946 3677 1028 praesul

2039 1038 2156 1100 vita
2184 1038 2520 1101 excederet.
2550 1039 2731 1101 Istum
2763 1040 2938 1119 igitur
2988 1041 3090 1103 Dei
3150 1038 3543 1121 providentia,
3579 1037 3678 1098 cui

2042 1128 2269 1189 dudum
2326 1128 2644 1191 interiores
2691 1131 2850 1194 illius
2901 1131 3086 1192 animi
3143 1147 3353 1192 sensus
3380 1127 3678 1210 perspecti

2043 1217 2312 1298 erant,ad
2335 1219 2746 1300 occupandum
2781 1220 3043 1284 defuncti
3075 1221 3358 1282 thronum
3392 1217 3673 1293 evocavit;

2041 1308 2338 1388 quomodo
2369 1317 2589 1391 autem,
2625 1329 2868 1374 narrare
2899 1312 3087 1373 lubet.

2122 1489 2219 1549 IlI.
2241 1489 2424 1551 Nocte
2442 1489 2691 1568 quadam
2725 1491 2967 1570 angelus
2991 1489 3228 1554 Domini
3254 1485 3676 1569 Amphilochio

2039 1579 2771 1660 apparens,Amphilochi,
2800 1581 3009 1661 inquit,
3037 1581 3130 1642 abi
3162 1580 3224 1640 in
3256 1596 3522 1658 magnam
3553 1579 3677 1637 Ico-

2042 1666 2338 1728 niensium
2373 1671 2608 1745 urbem,
2645 1677 2708 1730 ut
2754 1671 3131 1732 rationalium
3178 1669 3371 1732 ovium
3407 1685 3672 1730 mearum

1981 1777 2018 1827 Β
2044 1755 2124 1817 ibi
2161 1765 2356 1836 pastor
2387 1758 2512 1821 ﬁas.
2548 1758 2655 1820 Ille
2687 1767 2882 1821 autem
2934 1760 3009 1822 ad
3061 1761 3212 1821 hanc
3266 1758 3674 1820 invitationem

2042 1845 2495 1908 cunctabundus
2520 1848 2712 1920 haesit,
2747 1858 2804 1910 et
2853 1851 3086 1929 jussum
3142 1847 3385 1928 exsequi
3418 1847 3668 1910 distulit.

2039 1937 2296 1995 Secunda
2336 1939 2514 1996 adfuit
2550 1956 2685 2005 nox,
2711 1942 2944 2014 jamque
2967 1943 3170 1998 iterum
3195 1942 3392 1999 eadem
3422 1940 3674 1998 invitatio

2041 2030 2100 2084 et
2128 2023 2430 2104 impulsio,
2467 2026 2747 2106 illiusque
2784 2028 3026 2107 pariter,
3074 2036 3282 2108 utpote
3331 2032 3433 2107 qui
3485 2031 3670 2088 visum

2039 2111 2416 2176 daemoniacw
2447 2115 2670 2177 fraudis
2702 2137 2849 2196 opus
2880 2135 3010 2178 esse
3038 2117 3466 2198 suspicaretur,
3496 2116 3676 2178 haesi-

2038 2202 2205 2264 tatio.
2241 2206 2384 2266 Cum
2418 2213 2612 2266 autem
2637 2205 2808 2267 tertia
2841 2224 2955 2267 nox
2994 2206 3355 2277 advenisset,
3389 2204 3678 2282 idemque

2040 2292 2247 2353 eadem
2281 2297 2603 2373 injungens
2631 2303 2962 2375 appareret,
2997 2303 3236 2356 sanctus
3280 2313 3602 2373 exsurgens
3645 2314 3678 2354 e

2040 2380 2196 2442 lecto
2221 2383 2708 2446 interlocutorem
2746 2385 3107 2464 prehensum
3151 2384 3244 2444 his
3275 2384 3564 2444 allocutus
3590 2392 3679 2446 est

2039 2471 2276 2532 verbis:
2315 2471 2374 2534 Si
2408 2473 2644 2535 Domini
2679 2493 2744 2534 es
2773 2473 3041 2551 angelus,
3074 2475 3220 2535 ades
3258 2473 3380 2551 jam
3415 2479 3475 2532 ut
3500 2472 3676 2533 ambo

2043 2576 2253 2637 preces
2275 2559 2697 2622 faciamusllle
2723 2570 2920 2622 autem
2945 2560 3248 2622 consensit
3277 2559 3678 2639 inclinatoque

2040 2649 2234 2728 capite
2292 2651 2637 2711 exclamavit
2693 2669 2707 2714 :
2768 2649 3070 2731 Sanctus,
3131 2659 3392 2719 sanctus,
3441 2657 3678 2710 sanctus

2041 2736 2326 2797 Dominus
2351 2739 2606 2800 Sabaoth
2637 2758 2652 2813 ;
2685 2740 2922 2819 plenum
2984 2747 3073 2802 est
3125 2738 3342 2800 ccelum
3401 2757 3468 2799 ac
3520 2747 3679 2800 terra

2041 2825 2225 2903 gloria
2256 2829 2405 2907 ejus.
2442 2829 2830 2909 Apprehensa
2862 2830 3038 2909 igitur
3065 2827 3467 2909 Amphilochii
3499 2847 3678 2889 manu

2042 2916 2216 2978 ambo
2265 2917 2336 2978 ad
2392 2920 2701 2980 ecclesiam
2735 2929 3008 3001 pergunt,
3051 2920 3223 2998 cujus
3255 2925 3437 2997 porta;
3465 2925 3678 2997 sponte

315 3001 672 3079 πετάσθησαν,
734 3006 845 3080 φῶς
892 3023 949 3056 τε
1003 3000 1140 3077 μέγα
1199 3001 1286 3056 καὶ
1351 2999 1575 3078 ἄῤῥητον
1633 3002 1953 3077 περιλάμπει

2043 3021 2174 3076 sese
2207 3015 2589 3084 aperuerunt.
2645 2999 2763 3070 Lua
2821 3025 2996 3088 porro
3032 3025 3242 3085 magna
3270 3013 3329 3066 et
3359 3004 3679 3066 ineilabilis

312 3088 415 3156 τήν
459 3087 765 3162 ἐκκλησίαν,
813 3091 899 3146 καὶ
959 3089 1159 3167 ἀνδρῶν
1216 3088 1418 3155 πλῆθος
1451 3089 1818 3169 λευχειμόνων
1866 3113 1952 3146 πε-

2043 3093 2358 3154 ecclesiam
2393 3095 2765 3177 illuminavit,
2802 3087 2860 3159 et
2891 3097 3147 3158 virorum
3182 3094 3497 3155 multitudo
3529 3092 3678 3154 albis

311 3180 641 3256 ριηθροίσθη.
681 3180 816 3236 Εἶτα
863 3177 1116 3240 λαϐόντες
1171 3179 1262 3234 τὸν
1308 3179 1666 3257 Ἀμφιλόχιον
1728 3186 1804 3254 τῷ
1861 3183 1953 3235 θυ-

2040 3181 2301 3242 vestibus
2349 3193 2692 3245 ornatorum
2755 3187 2959 3248 astitit.
3021 3185 3133 3257 Qui
3187 3183 3671 3263 Amphilochium

306 3273 607 3345 σιαστηρίῳ
649 3269 1030 3347 προσάγουσιν,
1081 3267 1350 3332 ἐπιδόντες
1407 3266 1453 3322 δ’
1500 3270 1528 3324 6
1583 3270 1718 3343 μετὰ
1763 3285 1953 3348 χεῖρας

2040 3270 2111 3330 ad
2143 3271 2326 3332 altare
2352 3271 2655 3334 deducunt
2703 3283 2759 3337 et
2793 3275 2945 3356 quod
2982 3274 3254 3336 manibus
3281 3273 3590 3352 gestabant
3620 3271 3675 3333 ei

305 3355 521 3435 ἔφερον,
571 3357 920 3434 (Εὖαγγέλιον
983 3356 1035 3412 δὲ
1068 3359 1223 3412 τοῦτο
1257 3357 1410 3431 ἐῴκει
1451 3357 1620 3437 εἶναι)
1654 3361 1681 3413 6
1743 3360 1953 3434 Κύριος,

2042 3359 2253 3421 tradito
2289 3361 2696 3441 (Evangelium
2746 3355 2941 3426 autem
2973 3365 3126 3426 istud
3153 3382 3284 3424 esse
3311 3361 3674 3439 videbatur),

311 3446 498 3518 εἷπον,
529 3445 617 3512 εἴη
651 3448 785 3521 μετὰ
819 3457 933 3505 σοῦ.
975 3447 1070 3511 Εἷς
1102 3445 1156 3500 δὲ
1189 3449 1216 3501 6
1272 3453 1377 3502 τῶν
1435 3445 1608 3502 ἄλλων
1669 3449 1953 3524 πρωτεύειν

2041 3448 2348 3523 Dominus,
2383 3452 2680 3533 inquiunt,
2715 3456 2789 3515 sit
2840 3463 3062 3515 tecum.
3120 3453 3284 3514 Unus
3336 3460 3530 3512 autem
3565 3453 3668 3527 qui

316 3535 658 3613 φαινόμενος,
700 3537 874 3615 Εὖχῇ,
936 3535 1061 3614 ἔφη,
1111 3535 1324 3599 ἑαυτοὺς
1385 3534 1780 3613 ἐπιτρέψωμεν,
1816 3536 1952 3592 ὥστε

2040 3542 2266 3601 caeteris
2298 3551 2574 3620 praestare
2604 3543 2934 3615 videbatur,
2988 3542 3223 3613 Preces,
3280 3536 3493 3620 inquit,
3531 3539 3670 3600 fun-

317 3621 414 3678 καῖ
469 3624 566 3688 τὴν
625 3625 786 3703 χάριν
831 3624 973 3696 αύτῷ
1031 3623 1379 3703 ἐπιφοιτήσαι
1413 3623 1503 3678 τοῦ
1553 3624 1750 3700 ἀγαθοῦ
1782 3625 1951 3678 Πνεύ-

312 3734 507 3787 ματος,
546 3713 829 3787 Εὗξάμενοι
862 3714 974 3787 οὖν,
1011 3713 1131 3786 καὶ,
1168 3714 1394 3791 Εἰρήνην
1453 3734 1561 3784 σοι,
1619 3713 1950 3788 ἐπειπόντες,

311 3803 459 3865 εὐθὺς
518 3802 759 3870 ἀπηεσαν
820 3804 1085 3879 μεσούσης
1119 3804 1324 3866 νυκτός.
1357 3802 1418 3858 Ὀ
1450 3799 1503 3855 δὲ
1535 3801 1619 3857 ἐπὶ
1678 3815 1795 3864 τοῖς
1853 3825 1950 3858 πα-

310 3889 548 3969 ραδόξοις
578 3893 781 3954 τούτοις
825 3892 1210 3970 καταπλαγεὶς,
1270 3894 1342 3955 είς
1397 3891 1524 3955 γόνυ
1569 3912 1626 3944 τε
1657 3897 1734 3964 τῷ
1763 3895 1950 3947 θυσια-

309 3983 514 4057 στηρίῳ
543 3980 761 4052 κλιθεὶς,
794 3982 938 4059 ῥῆμα
970 3983 1066 4056 μὲν
1123 3980 1232 4036 οὔδ’
1287 3980 1461 4037 ὁτιοῦν
1520 3985 1644 4060 εἶχε
1679 3981 1945 4057 προέσθαι,

310 4070 453 4146 μόνῃ
502 4067 554 4125 δὲ
609 4072 677 4146 τῇ
733 4072 868 4127 κατὰ
924 4078 1040 4128 νοῦν
1099 4069 1336 4148 ἐνεργείᾳ
1382 4079 1476 4128 τοῦ
1521 4076 1651 4124 Θεοῦ
1703 4068 1950 4144 δεόμενος

306 4161 403 4233 ἧν,
462 4158 892 4237 διαλογιζόμενος
949 4183 1006 4216 τε
1051 4163 1167 4216 καθ’
1230 4161 1413 4215 ἑαυτὸν
1458 4160 1506 4214 τί
1540 4157 1600 4214 ἂν
1645 4157 1735 4226 εἴη
1770 4167 1947 4228 τοῦτο,

309 4251 400 4305 καὶ
433 4251 556 4326 πρὸς
593 4250 619 4304 ὃ
649 4249 801 4313 τέλος
860 4248 971 4326 ᾔξει
1023 4254 1083 4306 τὸ
1135 4249 1338 4311 θεαθέν,
1376 4242 1467 4312 Ὠς
1504 4247 1557 4302 δὲ
1590 4254 1687 4315 τῆς
1722 4246 1952 4323 ἑϐδόμης

310 4338 454 4407 ὥρας
509 4336 864 4406 ἐπιλαϐούσης
925 4341 951 4395 6
1004 4343 1078 4412 τῷ
1133 4345 1223 4394 τοῦ
1308 4336 1462 4402 ξύλου
1521 4339 1773 4416 κρούματι
1830 4339 1950 4402 τοὺς

307 4426 564 4505 ἀδελφοὺς
621 4427 920 4506 ἀφυπνίζων
956 4475 973 4502 ,
1059 4425 1342 4491 διαναστὰς
1425 4433 1496 4503 τῇ
1571 4427 1663 4482 τοῦ
1719 4428 1950 4484 οἷκίσκου

307 4519 472 4574 αὐτοῦ
526 4515 684 4587 θυρίδι
744 4517 971 4591 ἐπέστη,
1007 4518 1094 4572 καὶ
1150 4518 1247 4584 τὴν
1290 4517 1493 4584 συνήθη
1548 4515 1790 4593 εὖλογίαν
1833 4520 1951 4595 ᾕτει

307 4603 498 4661 λαϐεῖν
541 4607 678 4661 κατὰ
737 4612 840 4685 γῆς
889 4606 1154 4685 κείμενος,
1203 4606 1353 4683 φωνὴ
1384 4603 1437 4660 δὲ
1467 4604 1690 4670 ἠκούετο
1720 4615 1812 4663 τοῦ
1841 4607 1952 4680 μά-

307 4692 763 4772 καρος,ούδαμῶς
795 4695 872 4760 δὶς
916 4699 1003 4753 καὶ
1047 4697 1158 4774 τρὶς
1220 4694 1456 4750 ἐπειπὼν
1505 4695 1565 4750 τὸ
1622 4693 1952 4772 Εὐλόγησον,

307 4784 634 4862 ὑπεχώρησε
683 4787 769 4842 καὶ
829 4792 905 4860 τῷ
966 4782 1355 4864 ἀρχιμανδρίτῃ
1426 4784 1485 4838 16
1529 4785 1745 4860 γεγονὸς
1804 4781 1955 4861 εἴρη-

309 4893 426 4933 κεν.
485 4864 542 4930 ιΟ
586 4872 640 4929 δὲ
682 4882 900 4952 κροῦσαι
932 4877 991 4931 16
1023 4873 1172 4940 ξύλον
1218 4872 1498 4949 ἐπέτρεψε,
1546 4873 1634 4928 καὶ
1691 4879 1784 4928 τοῦ
1826 4871 1957 4928 λαοῦ

310 4963 766 5039 συναθροισθέντος
815 4966 900 5020 καὶ
956 4969 1056 5030 τῆς
1115 4964 1357 5041 ὀρθρινης
1421 4960 1746 5032 τελουμένης
1803 4960 1956 5026 δοξο-

309 5049 507 5127 λογίας
570 5055 596 5108 6
656 5052 1016 5133 Ἀμφιλόχιος
1066 5052 1143 5108 ἔτι
1175 5053 1416 5127 κείμενος
1448 5050 1656 5130 ἄφωνος
1686 5051 1821 5106 κατὰ
1851 5057 1954 5128 γῆς

305 5141 532 5215 ἑωρᾶτο.
595 5140 778 5218 ’Ὥρας
840 5141 891 5197 δὲ
951 5141 1317 5221 παρελθούσης
1376 5141 1437 5196 16
1487 5139 1594 5195 ἀπὸ
1634 5138 1782 5195 τοῦδε
1827 5146 1954 5214 μιᾶς

305 5230 383 5290 εἰς
429 5228 614 5286 ἑαυτὸν
659 5229 824 5287 ἐλθὼν
881 5231 988 5288 ἀπὸ
1058 5236 1157 5298 τῆς
1207 5229 1471 5293 ἐκτάσεως
1522 5227 1615 5284 καῖ
1665 5230 1797 5308 φωτὶ
1828 5229 1950 5302 θείῳ

303 5318 408 5384 τὴν
461 5314 676 5394 καρδίαν
718 5319 1100 5399 περιλαμφθεὶς
1149 5317 1425 5397 διανέστη,
1481 5322 1717 5381 καὶτοῖς
1748 5325 1948 5394 παροῦ-

306 5429 394 5464 σιν
453 5403 603 5484 ὥφθη
661 5410 722 5464 τὸ
752 5409 1036 5486 πρόσωπον
1092 5406 1375 5486 ἀποῤῥήτῳ
1437 5404 1604 5484 αἴγλῃ
1635 5404 1949 5484 λελαμπρυ⁶

304 5493 505 5570 σμένος
548 5502 624 5569 τῷ
654 5496 880 5565 πλλήθει
939 5507 1030 5556 τοῦ
1073 5499 1353 5578 φωτισμοῦ
1384 5503 1480 5563 της
1519 5495 1743 5575 χάριτος
1773 5495 1950 5572 ὥσπερ

303 5585 394 5644 καὶ
438 5583 572 5663 πρὸς
608 5586 674 5643 τά
704 5585 803 5652 ἔξω
833 5585 1184 5654 διαδοθείσης.
1236 5585 1422 5651 Οὐδείς
1477 5585 1658 5662 μέντοι
1718 5606 1948 5667 προσεγ-

2037 3627 2269 3706 damus,
2305 3639 2366 3690 ut
2393 3632 2578 3709 gratia
2609 3631 2748 3692 boni
2783 3632 3038 3711 Spiritus
3069 3647 3249 3709 super
3273 3648 3406 3691 eum
3430 3629 3677 3690 descen-

2038 3719 2155 3778 dat.
2195 3715 2397 3790 ltaque
2431 3729 2558 3798 post
2593 3739 2798 3799 preces
2849 3721 3060 3786 ﬁnitas,
3102 3722 3214 3781 Pax
3244 3728 3465 3785 tecum.
3501 3718 3674 3778 dixe-

2035 3806 2443 3880 runt,etillico
2467 3810 2659 3869 media
2693 3820 2868 3870 nocte
2902 3807 3672 3889 disparuerunt.Amphilo-

2035 3898 2200 3952 chius
2223 3909 2408 3954 autem
2433 3900 2538 3954 hac
2561 3915 2620 3955 re
2649 3901 2971 3970 prodigiosa
2996 3902 3294 3972 perculsus
3317 3901 3676 3972 genibusque

2035 3983 2209 4044 ﬂexis
2241 3984 2411 4045 altari
2438 3984 2733 4065 admotus,
2772 4005 2846 4047 ne
2907 4005 3087 4046 unum
3153 3985 3394 4066 quidem
3427 3984 3672 4046 verbum

2036 4073 2304 4151 proferre
2327 4076 2478 4154 potis
2496 4075 2623 4149 fuit,
2641 4075 2743 4137 sed
2773 4075 3150 4137 solummodo
3172 4085 3366 4136 mente
3387 4075 3457 4136 ad
3487 4073 3672 4135 Deum

2041 4162 2266 4223 elevata
2300 4182 2476 4224 orans
2527 4165 2872 4243 permansit,
2935 4166 3138 4227 animo
3194 4182 3403 4225 secum
3437 4164 3673 4224 volvens

2041 4256 2315 4325 quidnam
2341 4258 2447 4312 hoc
2469 4267 2617 4314 esset
2642 4268 2692 4314 et
2716 4258 2784 4314 ad
2807 4271 2974 4328 quem
3001 4257 3171 4314 ﬁnem
3199 4257 3381 4312 visum
3419 4254 3557 4312 illud
3590 4255 3671 4311 fo-

2039 4349 2130 4400 ret
2148 4340 2745 4403 deducendum.Cum
2771 4341 3260 4421 autem,septima
3283 4340 3427 4400 hora
3440 4338 3666 4413 audita,

2039 4429 2139 4492 ille
2163 4432 2260 4510 qui
2292 4430 2502 4492 fratres
2534 4429 2692 4509 ligno
2727 4449 3007 4510 percusso
3034 4430 3292 4492 excitare
3314 4428 3560 4499 solebat,
3599 4429 3671 4490 ad

2036 4520 2166 4598 ejus
2184 4519 2448 4581 mdicqu
2470 4529 2696 4596 portam
2718 4519 2790 4580 de
2807 4537 2972 4581 more
2984 4518 3460 4581 benedictionem
3477 4519 3674 4595 requi-

2037 4609 2275 4668 sivisset
2305 4614 2362 4668 in
2395 4618 2611 4670 terram
2640 4619 3192 4689 prostratus,neque
3217 4608 3334 4668 ulla
3359 4626 3463 4668 vox
3487 4607 3675 4669 sancti

2037 4697 2348 4757 audiretur
2377 4696 2468 4757 bis
2527 4706 2690 4758 terve
2747 4699 2915 4769 illud,
2953 4699 3304 4776 Benedicas,
3339 4696 3671 4776 proferens,

2038 4786 2185 4846 abiit
2236 4794 2294 4846 et
2350 4786 2828 4847 archimandritaa
2878 4806 3002 4846 rem
3037 4786 3312 4847 narravit.
3353 4788 3669 4865 Postquam

2039 4875 2134 4936 hic
2167 4876 2322 4953 ligno
2380 4876 2613 4952 signum
2673 4875 2802 4936 dari
2861 4876 3137 4954 iusserat,
3191 4891 3247 4935 et
3278 4885 3482 4934 coacto
3515 4884 3670 4935 ccetu

2041 4966 2346 5027 matutinae
2377 4983 2584 5045 preces
2611 4965 2773 5026 factae
2791 4964 3446 5042 erant,Amphilochius
3477 4961 3673 5023 adhuc

2041 5063 2235 5115 mutus
2267 5054 2327 5115 in
2361 5063 2574 5115 terram
2627 5060 2957 5134 prostratus
3016 5060 3369 5132 conspectus
3399 5059 3510 5114 est.
3546 5049 3673 5112 Una

2037 5151 2234 5204 autem
2272 5143 2651 5224 praeterlapsa
2707 5142 2924 5202 abhinc
2982 5160 3089 5202 ora
3149 5159 3180 5201 e
3228 5140 3455 5201 visione
3501 5139 3574 5200 ad
3607 5155 3674 5200 se

2031 5231 2294 5306 rediens,
2328 5231 2524 5291 divina
2569 5231 2701 5291 luce
2757 5238 3011 5290 mentem
3072 5229 3204 5308 ejus
3261 5227 3669 5307 collustrante,

2034 5321 2360 5380 surrexitet
2376 5318 2764 5399 praesentibus
2777 5316 3098 5398 apparebat
3121 5317 3329 5378 faciem
3353 5315 3672 5396 splendore

2033 5407 2276 5471 infando
2298 5408 2696 5469 circumfusus
2732 5407 2807 5469 ob
2847 5406 3254 5488 prmgrandem
3282 5404 3671 5466 illuminatio-

2034 5517 2166 5559 nem
2189 5502 2380 5573 gratiae
2401 5517 2531 5573 quae
2552 5500 2703 5559 velut
2725 5501 2795 5558 ad
2819 5511 3010 5558 extera
3038 5515 3268 5572 quoque
3302 5513 3428 5556 sese
3463 5512 3675 5569 propa-

2031 5591 2572 5664 gaverat.Attamen
2608 5606 2782 5650 nemo
2807 5585 2861 5649 ei
2883 5585 3361 5668 appropinquare
3386 5591 3484 5648 aut
3507 5582 3583 5646 de
3608 5601 3672 5645 re
