4048 6136
482 239 599 310 959

1645 250 1903 315 ADDEN
1909 250 2031 314 DA.
2103 281 2180 300 -
2240 254 2686 321 NOVEMBER.
3704 265 3792 334 960

483 399 616 464 qum
659 377 958 446 evenisset
987 381 1356 462 interrogare
1405 402 1580 447 ausus
1612 393 1723 460 est,
1758 384 1863 448 sed
1894 385 2108 448 solum-

2211 389 2353 468 γίσαι
2384 391 2551 466 τούτῳ
2588 392 2623 462 ἣ
2674 393 2790 472 περὶ
2847 402 2941 454 τοῦ
2987 393 3387 470 συμϐεϐηκότος
3447 397 3639 476 ἐτόλμα
3679 404 3796 462 πειθέ-

484 472 661 535 modo
693 472 766 534 ad
795 473 924 552 ejus
955 473 1140 553 pedes
1163 474 1452 554 provoluti
1475 484 1533 536 et
1555 473 1977 539 benedictione
2008 476 2121 538 im-

483 562 679 643 pertiti
711 562 1135 625 discesserunt.

559 651 656 713 IV.
671 652 896 714 Deinde
916 653 973 714 in
995 653 1208 715 cellam
1228 671 1359 716 sese
1371 662 1688 736 recepturo
1711 655 1948 718 obviam
1972 657 2120 719 ﬁunt

481 741 746 820 episcopi
771 760 1018 803 numero
1043 751 1293 822 septem,
1326 763 1476 824 quos
1513 745 1881 825 providentia
1921 745 2118 810 divina

479 831 554 893 ad
584 849 719 894 eum
747 832 1008 912 miserat,
1041 832 1117 894 de
1171 833 1437 896 moribus
1497 837 1627 916 ejus
1684 837 2007 898 edocuerat
2059 847 2119 899 et

482 939 617 982 eum
644 921 990 1002 episcopum
1020 921 1208 984 Iconii
1237 942 1520 985 manuum
1553 925 1932 1005 impositione
1964 945 2116 988 con-

475 1027 714 1071 secrare
737 1010 1019 1090 jusserat.
1053 1013 1428 1075 Accedentes
1459 1013 1658 1093 igitur,
1693 1016 1861 1078 Tune
1892 1035 1984 1096 es,
2015 1015 2115 1076 in-

476 1098 712 1177 quiunt,
747 1099 1204 1180 Amphilochius
1255 1103 1378 1164 Deo
1435 1104 1765 1184 acceptus?
1811 1105 1903 1166 Ad
1954 1105 2112 1186 quod

475 1186 580 1250 ille
608 1206 749 1250 voce
781 1189 1079 1253 submissa
1125 1198 1184 1251 et
1241 1202 1550 1255 mansueta
1599 1194 1912 1273 respondit
1945 1213 1957 1254 :
1994 1195 2113 1274 Ego

477 1295 607 1338 sum
643 1287 918 1358 peccator
940 1280 1415 1360 Amphilochius.
1450 1281 1654 1364 Itaque
1683 1302 1818 1346 cum
1879 1304 1950 1346 eo
2009 1303 2113 1348 ec-

477 1367 718 1428 clesiam
753 1368 1006 1447 ingressi
1037 1377 1193 1446 sunt,
1233 1380 1294 1432 ut
1318 1390 1447 1452 quae
1477 1373 1715 1452 spiritus
1747 1374 1984 1436 divinus
2014 1375 2111 1454 ip-

475 1458 559 1519 sis
591 1467 974 1539 praeceperat,
998 1459 1071 1521 ad
1105 1460 1284 1522 ﬁnem
1312 1461 1700 1525 deducerent.
1735 1464 1883 1527 Cum
1916 1472 2114 1527 autem

468 1549 594 1628 jam
627 1548 795 1610 stolis
819 1549 1242 1612 ecclesiasticis
1273 1551 1464 1613 induti
1502 1559 1701 1614 essent
1722 1601 1738 1632 ,
1771 1561 2009 1615 sanctus
2039 1555 2112 1616 ad

475 1639 618 1720 quid
651 1657 786 1702 sese
815 1641 1219 1721 accingerent,
1253 1640 1484 1716 videns,
1527 1641 1764 1704 Fratres
1797 1651 1855 1704 et
1883 1641 2108 1720 Patres,

2201 483 2340 552 σθαι,
2389 484 2784 560 προσπεσόντες
2851 482 2905 540 δὲ
2964 485 3126 560 μόνον
3201 500 3315 553 τοῖς
3368 489 3527 548 αὐτοῦ
3579 494 3696 550 ποσὶ
3735 496 3800 552 καὶ

2201 569 2441 649 εὐλογίας
2486 570 2794 637 ἀξιωθέντες
2825 573 3094 641 ἀπηλθον,

2285 660 2366 723 Δ’.
2402 661 2540 719 Εἶτα
2571 664 2697 742 πρὸς
2740 664 2830 720 τὸν
2864 665 3094 722 οἰκίσκον
3155 667 3297 738 αὒτῷ
3327 665 3540 725 ἀπιόντι
3571 678 3801 728 συναντῶ-

2201 774 2284 807 σιν
2335 750 2613 809 ἐπίσκοποι
2670 754 2761 810 τὸν
2806 753 3024 829 ἀριθμὸν
3086 756 3221 814 ἐπτά
3273 757 3356 821 οὒς
3418 758 3668 837 ἐμφάνεια
3715 764 3801 818 θεία

2197 841 2328 917 πρὸς
2388 842 2544 898 αὐτὸν
2589 841 2850 916 ἐκπέμπει
2912 845 3004 900 τὸν
3081 848 3397 925 χαρακτῆρα
3469 868 3528 904 τε
3586 848 3801 925 παραδεί-

2200 928 2350 1008 ξασα,
2415 931 2501 986 καὶ
2545 930 2831 988 ἐπίσκοπον
2891 931 3113 990 Ἰκονίου
3170 936 3582 1013 προτρεψαμένη
3641 961 3801 1018 χειρο-

2199 1018 2443 1086 τονῆσαι,
2471 1019 2814 1098 Ἐγγίσαντες
2845 1023 3038 1097 τοίνυν,
3075 1024 3146 1080 Σὺ
3177 1025 3256 1105 εἴ,
3319 1027 3504 1107 εἶπον,
3537 1031 3565 1085 ὁ
3605 1051 3803 1108 κεχαριο

2195 1108 2387 1184 σμένος
2446 1116 2561 1184 Θεῷ
2606 1110 3013 1192 Ἀμφιλόχιος;
3065 1115 3127 1173 '0
3185 1113 3239 1170 δὲ
3299 1117 3432 1188 ἡπίᾳ
3489 1117 3584 1174 καί
3630 1117 3806 1196 γαληνῇ

2194 1205 2263 1275 τῇ
2324 1204 2497 1279 φωνῇ,
2562 1198 2704 1277 Ἐγώ
2759 1202 2894 1276 εἶμι,
2955 1201 3082 1282 ἔφη,
3143 1207 3170 1260 ὁ
3242 1206 3565 1284 ἁμαρτωλὸς
3635 1207 3810 1287 Ἀμφι-

2195 1287 2408 1368 λόχιος.
2489 1289 2594 1348 Καὶ
2644 1288 2899 1357 λαϐόντες
2977 1295 3134 1352 αὐτὸν
3211 1297 3346 1370 ὁμοῦ
3402 1299 3536 1371 πρὸς
3593 1299 3685 1366 τὴν
3730 1297 3806 1354 ἐκ-

2199 1377 2422 1445 κλησίαν
2475 1378 2726 1457 ἀφίκοντο
2788 1381 2861 1444 εἷς
2921 1379 3074 1460 ἔργον
3133 1383 3360 1463 ἀγαγεῖν
3411 1386 3715 1462 βουλόμενοι
3758 1387 3810 1442 τὰ

2197 1469 2298 1522 ὑπὸ
2383 1474 2476 1524 τοῦ
2527 1468 2664 1523 θείου
2745 1471 3046 1545 πνεύματος
3119 1477 3304 1537 αὐτοῖς
3387 1475 3804 1555 ἐπιτετραμμένα.

2195 1555 2339 1623 ’Ἤδη
2371 1554 2425 1611 δὲ
2487 1557 2578 1618 τὰς
2623 1559 2887 1635 ἱερατικὰς
2934 1559 3126 1624 στολὰς
3170 1554 3608 1642 ἀμφιεννυμένων
3641 1565 3800 1636 αὐτῶν,

2195 1649 2223 1702 ὁ
2282 1647 2540 1724 μακάριος
2573 1649 2740 1711 συνεὶς
2775 1650 2802 1704 ὃ
2853 1663 3028 1706 ποιεῖν
3090 1651 3391 1733 ὥρμηνται,
3454 1652 3691 1733 Ἀδελφοί
3737 1648 3808 1709 καί

475 1729 691 1821 inquit,
725 1749 902 1791 omne
927 1730 1308 1792 mendacium
1371 1731 1442 1793 ad
1492 1731 1795 1794 diabolum
1829 1742 2108 1813 pertinet,

2195 1736 2440 1816 πατέρες,
2475 1737 2600 1816 ἔφη,
2647 1743 2749 1794 πᾶν
2781 1735 2968 1814 ψεῦδος
3003 1738 3243 1818 ἄντικρυς
3298 1742 3357 1798 ἐκ
3415 1750 3511 1799 106
3569 1743 3804 1821 πονηροῦ·

476 1819 692 1882 veritas
723 1829 920 1882 autem
957 1840 990 1882 e
1018 1821 1317 1883 contrario
1348 1821 1469 1884 Deo
1502 1830 1744 1904 accepta
1773 1833 1884 1886 est.
1912 1823 2112 1887 Debeo

475 1910 659 1987 igitur
685 1911 991 1973 veritatem
1031 1911 1322 1992 proﬁteri,
1375 1919 1437 1973 ut
1492 1929 1596 1973 vos
1654 1914 2024 1992 cognoscatis
2060 1925 2116 1978 et

477 1997 819 2060 decernatis
849 2000 922 2061 de
950 2018 1017 2062 re
1045 2019 1176 2082 quae
1205 2003 1424 2065 evenit.
1459 2000 1582 2063 Hac
1637 2011 1810 2065 nocte
1843 2023 1939 2068 me
1969 2024 2115 2086 pec-

477 2096 738 2149 catorem
769 2090 966 2169 angeli
1001 2091 1106 2152 Dei
1138 2091 1480 2171 episcopum
1529 2093 1713 2154 Iconii
1765 2112 2117 2158 consecrare

483 2179 590 2240 visi
620 2188 778 2243 sunt.
811 2180 1038 2254 Quibus
1065 2181 1284 2245 auditis
1312 2181 1399 2242 illi
1430 2200 1493 2243 se
1525 2181 1782 2244 invicem
1813 2184 2011 2247 intuiti
2040 2184 2114 2248 ob

479 2286 606 2333 rem
659 2271 833 2351 plane
885 2271 1296 2334 miraculosam
1355 2279 1598 2351 stupore
1652 2273 1916 2353 perculsi
1949 2287 2112 2350 sunt,

475 2360 972 2441 conferentesque
1030 2361 1187 2423 dicta
1239 2379 1373 2422 cum
1431 2360 1507 2422 iis
1565 2380 1696 2442 qua:
1750 2363 1863 2443 ipsi
1925 2365 2114 2426 oculis

465 2449 853 2529 usurpabant,
890 2450 1053 2512 illius
1084 2450 1595 2513 consecrationem
1651 2470 1860 2515 revera
1895 2454 2110 2516 volun-

471 2541 573 2601 tati
607 2541 820 2602 divinze
851 2540 1170 2602 convenire
1205 2550 1635 2619 cognoverunt.
1665 2539 1903 2603 Cunctis
1933 2542 2113 2622 igitur

469 2630 790 2711 provinciae
819 2631 1118 2708 episcopis
1173 2637 1230 2691 et
1265 2630 1500 2692 clericis
1551 2631 1890 2692 convocatis
1943 2641 2002 2694 et
2046 2649 2112 2695 re

472 2721 560 2781 uti
586 2721 900 2781 accidisset
931 2721 1219 2800 exposita,
1265 2719 1566 2781 communi
1595 2729 1725 2781 voto
1759 2722 1818 2782 in
1869 2721 2106 2802 episco-

473 2829 612 2890 pum
647 2819 994 2888 promovent
1023 2829 1162 2870 eum
1194 2819 1251 2870 et
1281 2809 1342 2870 in
1390 2811 1674 2872 thronum
1708 2811 2105 2874 Iconiensium

473 2898 640 2960 urbis
661 2899 995 2979 imponunt.
1030 2902 1232 2976 Itaque
1279 2902 1541 2980 acceptis
1571 2901 1854 2964 Ecclesia;
1885 2902 2108 2982 guber-

475 2989 705 3051 naculis
760 2991 975 3068 dignus
1039 3010 1106 3052 eo
1157 2989 1260 3067 qui
1301 2990 1497 3071 ipsum
1548 3001 1862 3054 vocaverat
1915 3001 2110 3072 pastor

2196 1828 2229 1893 ἡ
2277 1827 2499 1896 ἀλήθεια
2543 1825 2596 1883 δέ
2627 1829 2930 1886 τούναντίον
2963 1827 3093 1906 φίλη
3141 1836 3280 1904 Θεῷ,
3329 1843 3431 1891 Δεῖ
3491 1835 3582 1888 οὗν
3638 1835 3698 1890 τὰ
3732 1837 3808 1900 τῆς

2197 1913 2446 1982 ἀληθείας
2506 1918 2673 1994 ἐρεῖν,
2735 1917 2872 1973 ὥστε
2934 1920 3022 1974 καὶ
3072 1920 3146 1985 είς
3202 1921 3396 1996 γνῶσίν
3448 1943 3507 1977 τε
3550 1922 3635 1978 καὶ
3673 1922 3809 1999 κρίσιν

2197 2003 2453 2082 ὑμετέραν
2507 2008 2569 2062 τὸ
2614 2012 2832 2083 πρᾶγμα
2863 2020 3077 2067 πεσεῖν.
3108 2014 3186 2084 Τῇ
3219 2009 3372 2066 νυκτί
3416 2011 3585 2086 ταύτῃ
3627 2009 3809 2088 ἄγγελοί

2202 2115 2265 2168 με
2325 2101 2456 2152 Θεοῦ
2514 2096 2606 2152 τὸν
2657 2093 2970 2172 ἁμαρτωλὸν
3043 2095 3328 2155 ἐπίσκοπον
3415 2105 3516 2167 τῆς
3584 2099 3806 2157 ’[κονιέων

2198 2185 2432 2258 ἐῴκεσαν
2469 2197 2801 2264 χειροτονεῖν
2833 2184 3062 2250 πόλεως.
3119 2194 3281 2244 Τοῦτο
3330 2187 3533 2245 ἐκεῖνοι
3578 2188 3808 2245 ἀκούσαν-

2196 2295 2286 2336 τες
2317 2277 2391 2341 είς
2435 2273 2703 2344 ἀλλήλους
2750 2274 2929 2351 ἑώρων
2973 2276 3033 2331 τὸ
3085 2275 3375 2350 παράδοξον
3407 2281 3501 2335 106
3531 2279 3803 2357 πράγματος

2197 2363 2553 2442 ἐκπλαγέντες
2592 2381 2605 2393 '
2655 2360 3043 2437 συμϐάλλοντές
3093 2387 3148 2420 τε
3199 2367 3267 2422 τὰ
3310 2367 3571 2444 εἰρημένα
3616 2371 3695 2430 οἷς
3722 2371 3802 2425 αὖ·

2195 2455 2277 2510 τοὶ
2329 2453 2608 2510 ἐθεάσαντο
2641 2451 2878 2530 ἔγνωσαν
2908 2453 3046 2510 κατά
3087 2457 3233 2510 θεῖον
3275 2453 3494 2522 ἀληθῶς
3523 2460 3658 2512 εἶναι
3695 2456 3800 2532 βοό-

2195 2541 2344 2618 λημα
2401 2543 2497 2610 τὴν
2556 2541 2663 2597 ἐκεί
2677 2562 2753 2597 μου
2809 2544 3167 2621 χειροτονίαν,
3226 2541 3522 2612 ’Ἂπαντας
3578 2547 3658 2603 οὖν
3709 2546 3800 2607 τοὺς

2194 2634 2294 2698 τῆς
2350 2631 2613 2710 ἐπαρχίας
2666 2629 2988 2694 ἐπισκόπους
3059 2633 3148 2689 καὶ
3215 2631 3509 2711 κληρικοὺς
3572 2635 3797 2711 συναθροί-

2193 2743 2402 2794 σαντες,
2462 2723 2530 2779 τά
2573 2726 2664 2777 τοῦ
2720 2721 3032 2799 πράγματος
3091 2725 3275 2787 αὐτοῖς
3309 2723 3707 2802 ἀναγγέλλουσι,
3733 2723 3796 2778 καὶ

2193 2818 2352 2886 κοινῇ
2386 2813 2550 2890 ψήφῳ
2579 2809 2835 2888 ἀρχιερέα
2882 2814 3201 2868 καθιστῶσιν
3236 2814 3422 2888 αὐτὸν,
3483 2817 3580 2870 καὶ
3611 2820 3678 2887 τῷ
3721 2809 3789 2877 τῆς

2195 2901 2455 2959 Ἰκονιέων
2514 2900 2723 2962 πόλεως
2779 2900 2947 2977 θρόνῳ
3021 2900 3444 2980 ἐγκαθιδρύουσι,
3509 2899 3783 2977 Παραλαϐὼν

2195 2995 2283 3052 οὖν
2341 2992 2440 3059 τὴν
2498 2989 2784 3057 ἐκκλησίαν
2841 2989 3117 3065 ἐποίμαινε
3161 2991 3354 3058 ναύτην
3416 2990 3572 3058 ἀξίως
3617 3001 3696 3050 τοῦ
3719 2992 3792 3048 αὖ·

471 3079 603 3155 fuit,
636 3097 788 3160 aqua
818 3079 948 3141 vitae
978 3079 1109 3168 illos
1143 3079 1426 3162 irrigans;
1447 3089 1621 3162 atque
1669 3100 1817 3161 pane
1868 3082 2104 3163 pietatis

2192 3085 2277 3142 τὸν
2334 3086 2408 3140 εἷς
2465 3083 2620 3138 τοῦτο
2669 3077 3023 3159 καλέσαντος,
3084 3081 3250 3159 ρεὗμα
3293 3087 3440 3152 ζωῆς
3501 3085 3706 3154 ποτίζων
3730 3079 3797 3135 αὒ-

469 3170 764 3233 nutriens.

549 3258 618 3321 ν.
655 3259 876 3322 Tribus
903 3259 1075 3320 annis
1105 3258 1177 3320 ab
1207 3259 1333 3320 Arii
1365 3266 1422 3321 et
1453 3259 1696 3322 Sabellii
1750 3279 1783 3322 e
1815 3261 2103 3324 diametro

470 3367 783 3429 pravorum
816 3349 1110 3430 furore,et
1137 3347 1451 3430 Postquam
1487 3348 1866 3412 Macedonius
1895 3359 1952 3413 et
1983 3352 2104 3414 Eu-

464 3440 700 3501 nomius
720 3439 1409 3518 Ecclesiampervertere
1437 3439 1632 3500 conati
1659 3449 1849 3521 erant,
1869 3450 2106 3522 praeter-

464 3528 1055 3611 lapsis,Theodosius
1087 3547 1333 3606 magnus
1364 3527 1879 3610 Constantinopoli
1915 3551 2103 3611 syno-

466 3623 606 3682 dum
624 3621 798 3697 cogit,
834 3621 892 3679 in
919 3636 1038 3694 qua
1061 3617 1453 3696 disceptatum
1478 3617 1584 3680 fuit
1605 3618 1677 3680 ab
1702 3619 2001 3700 episcopis
2031 3622 2106 3684 de

473 3711 1514 3786 unigenitiFi_liiDeigloria,siquidem
1540 3711 1839 3770 orthodoxi
1865 3715 2107 3771 consub-

467 3799 793 3857 atantialem
807 3814 936 3858 eum
961 3797 1225 3868 Patrique
1248 3813 1441 3869 parem
1468 3798 2105 3859 aﬂirmabanthaeretici

466 3895 655 3942 autem
683 3885 752 3941 de
775 3884 955 3956 gloria
983 3885 1218 3955 paterna
1243 3893 1298 3941 et
1318 3883 1908 3941 consubstantialitate
1925 3883 1981 3940 dt
1999 3892 2106 3941 tra-

465 3971 610 4031 here
641 3978 701 4031 et
730 3969 994 4049 dejicere
1040 3987 1172 4029 eum
1215 3967 1600 4031 conabantur.
1646 3968 1860 4031 Debuit
1907 3977 2103 4030 autem

470 4065 715 4127 omnino
736 4065 1044 4127 victoriam
1096 4070 1401 4141 reportare
1433 4063 1688 4144 Spiritus
1731 4071 1992 4134 sanctus,
2048 4071 2105 4125 ct

469 4176 536 4219 os
565 4154 746 4217 divini
790 4151 1191 4233 Amphilochii
1249 4152 1429 4215 veluti
1481 4171 1586 4232 per
1636 4153 2100 4214 instrumentum

464 4250 770 4332 proprium
799 4249 1107 4310 haereticas
1138 4265 1322 4324 nugas
1364 4246 1435 4307 ad
1467 4246 1770 4306 silentium
1799 4245 2097 4323 redigere.

467 4341 721 4401 Advenit
742 4339 921 4418 igitur
945 4337 1032 4399 vir
1062 4355 1301 4418 quoque
1325 4337 1420 4397 hic
1449 4334 1834 4395 admirandus
1864 4342 1921 4396 et
1951 4353 2100 4397 con-

2187 3175 2309 3238 τοὺς
2344 3173 2429 3229 καὶ
2462 3170 2604 3248 ἄρτῳ
2633 3169 2838 3250 τρέφων
2865 3168 3187 3233 θεοσεϐείας,

2271 3262 2361 3321 Ε’.
2421 3259 2637 3338 Χρόνοις
2678 3256 2733 3314 δὲ
2793 3263 2960 3338 τρισὶν
3016 3259 3235 3338 ὕστερον
3266 3261 3361 3329 τῆς
3395 3260 3603 3342 Ἀρείου
3627 3259 3793 3324 λύσσης

2189 3354 2277 3410 καὶ
2332 3348 2620 3406 Σαϐελλίου
2684 3349 2790 3404 τῶν
2853 3351 2914 3405 ἐκ
2969 3349 3253 3423 διαμέτρου
3309 3358 3520 3428 κακῶν,
3591 3352 3699 3428 πρὸς
3754 3343 3799 3401 δὲ

2190 3439 2511 3498 Μακεδονίω
2567 3439 2651 3494 καὶ
2717 3437 2972 3513 Εὖνομίου
3029 3439 3128 3506 τὴν
3171 3438 3466 3507 ἐκκλησίαν
3509 3435 3800 3515 λυμαινομέ-

2191 3553 2315 3605 νων,
2378 3525 2590 3585 σύνοδον
2634 3527 2688 3583 ἐν
2750 3528 3306 3586 Κωνσταντινουπόλει
3366 3533 3393 3586 ὁ
3441 3532 3608 3610 μέγας
3633 3524 3800 3585 Θεοδό-

2190 3643 2302 3686 σιος
2364 3619 2706 3696 συναθροίζει,
2743 3620 2829 3673 καὶ
2882 3619 3171 3687 συζήτησις
3229 3621 3297 3685 ἦν
3341 3633 3462 3685 τοῖς
3524 3618 3800 3677 ἐπισκόποις

2195 3711 2316 3788 περὶ
2373 3708 2468 3775 τῆς
2512 3709 2605 3762 106
2661 3712 2977 3783 μονογενοῦς
3042 3710 3161 3763 1⁸ἱοῦ
3203 3715 3295 3766 106
3334 3716 3472 3768 Θεοῦ
3515 3708 3683 3780 δόξης,
3714 3711 3798 3761 τῶν

2191 3800 2287 3874 μὲν
2347 3795 2632 3875 ὀρθοδόξων
2689 3794 2968 3869 ὃμοούστον
3026 3795 3120 3852 καί
3179 3796 3300 3853 ἴσον
3360 3806 3440 3872 τῷ
3488 3800 3648 3872 Πατρί
3689 3814 3798 3871 πρε-

2189 3886 2482 3945 σϐευόντων
2551 3884 2728 3964 αὒτὸν,
2792 3889 2898 3940 τῶν
2974 3887 3248 3963 αἱρετικῶν
3310 3885 3366 3943 δὲ
3424 3892 3690 3964 καθαιρεῖν
3726 3882 3795 3938 καὶ

2188 3974 2521 4047 ὑποϐιϐάζειν
2562 3974 2657 4041 τῆς
2730 3975 2994 4046 πατρικῆς
3054 3974 3208 4043 δόξης
3258 3978 3346 4033 καὶ
3405 3977 3793 4052 ὁμοουσιότητος

2167 4065 2613 4139 διατεινομένων.
2676 4061 2842 4120 ’Ἐδει
2888 4063 2943 4119 δὲ
2994 4064 3206 4131 πάντως
3252 4066 3350 4133 τὴν
3401 4074 3629 4125 νικῶσαν
3673 4063 3794 4141 ἔχειν

2185 4158 2246 4213 τὸ
2306 4162 2518 4228 Πνεῦμα
2546 4155 2608 4210 τὸ
2651 4152 2830 4229 ἅγιον,
2866 4155 2955 4210 καὶ
3005 4155 3076 4221 ὠς
3105 4153 3180 4212 δι’
3212 4156 3435 4233 ὃργάνου
3467 4159 3606 4221 τινὸς
3633 4151 3793 4210 οἰκείου

2184 4253 2276 4302 τοῦ
2334 4244 2591 4323 μακαρίου
2648 4241 2798 4299 τοῦδε
2843 4243 3111 4319 στόματος
3155 4246 3427 4305 τοῦθείου
3472 4241 3792 4325 Ἀμφιλοχίαν

2184 4335 2282 4402 τὴν
2339 4333 2606 4410 αἱρετικὴν
2665 4339 3018 4410 κατασιγᾶσαι
3070 4336 3418 4414 κενοφωνίαν.
3479 4331 3789 4398 Μετάκλητος

465 4439 554 4492 tra
578 4417 837 4491 veritatis
859 4417 1137 4489 inimicos
1160 4438 1435 4505 tanquam
1461 4423 1673 4485 dextra
1689 4441 1895 4485 manus
1909 4423 1985 4486 ab
2011 4443 2103 4487 or-

2192 4423 2276 4480 06v
2334 4424 2423 4481 καὶ
2495 4425 2522 4478 ὃ
2578 4424 2880 4497 θαυμαστὸς
2939 4425 3090 4487 οὗτος
3148 4425 3282 4503 ἀνὴρ
3352 4427 3554 4502 γίνεται
3609 4417 3788 4498 μεγάλη

468 4523 728 4581 thodoxis
749 4522 1054 4579 aestimatus
1077 4529 1180 4577 est.
1206 4519 1348 4580 Cum
1371 4526 1560 4574 autem
1583 4517 1850 4576 vehiculo
1877 4517 2103 4588 publico

464 4613 662 4665 vectus
687 4607 959 4664 acoedere
975 4604 1299 4675 juberetur.
1334 4603 1533 4661 urbem
1561 4604 1894 4676 relinquens
1916 4604 2106 4662 Theo-

465 4693 665 4750 dulum
687 4691 942 4748 ecclesz
967 4705 1081 4746 suae
1104 4687 1567 4747 archidiaconum
1596 4704 1787 4746 secum
1812 4688 2102 4759 proﬁcisci

465 4779 646 4841 voluit
692 4777 1022 4841 Carbonem
1059 4794 1237 4856 porro
1268 4780 1507 4855 igneum
1541 4775 1724 4836 linteo
1773 4774 2100 4837 involutum

462 4871 885 4936 archidiacono
911 4870 1086 4932 tradit
1114 4871 1502 4950 praecipitque
1534 4875 1596 4930 ut
1626 4887 1827 4930 secum
1852 4885 2102 4930 conser-

461 4974 554 5029 vet
577 4965 911 5049 usquedum
935 4982 1004 5025 eo
1037 4982 1183 5044 opus
1205 4962 1280 5024 sit
1312 4963 1642 5024 habiturus.
1683 4963 1974 5025 Caaterum
2008 4969 2103 5022 to-

461 5065 585 5118 tum
604 5063 846 5118 sanctus
872 5052 1128 5116 confecit
1157 5053 1272 5114 iter
1290 5051 1559 5132 jejunus.
1594 5050 2104 5131 Constantinopo-

461 5147 566 5208 lim
601 5147 906 5225 ingressus
929 5143 1084 5224 apud
1116 5143 1352 5205 viduam
1388 5143 1539 5222 piam
1569 5139 1960 5204 divertit.Ubi
1993 5157 2104 5202 au-

459 5235 828 5299 divitomnes
858 5233 1020 5295 urbis
1046 5231 1331 5295 ecclesias
1347 5236 1527 5292 serris
1548 5230 1963 5311 repagulisque
1995 5248 2101 5292 oc-

460 5328 654 5392 clusas
676 5323 1292 5402 teneri,niliilominus
1315 5323 1375 5384 in
1409 5324 1481 5385 iis
1503 5331 1780 5386 oraturus
1811 5322 2095 5404 perrexit,

462 5426 522 5478 et
549 5417 619 5477 ad
642 5417 928 5497 cujusque
972 5413 1122 5475 ostia
1143 5413 1202 5474 in
1223 5431 1416 5492 genua
1439 5431 1664 5494 pronus
1682 5431 1716 5474 a
1737 5411 1858 5475 Deo
1894 5413 2099 5492 preci-

461 5505 571 5565 bus
596 5504 866 5568 obtinere
887 5503 1134 5578 studuit,
1171 5510 1232 5564 ut
1261 5502 1650 5565 orthodoxam
1681 5501 2099 5565 corroboraret

2185 4526 2304 4579 τοῖς
2332 4509 2626 4592 όρθόδοξοις
2682 4512 2803 4591 χεὶρ
2847 4513 2981 4568 κατὰ
3032 4512 3139 4569 τῶν
3199 4513 3402 4594 ἐχθρῶν
3445 4520 3546 4582 τῆς
3575 4508 3788 4577 ἀληθείας

2186 4601 2633 4674 ἀλισθησόμενος.
2698 4598 2848 4658 Ἐπεὶ
2891 4599 2946 4657 δὲ
2991 4599 3073 4657 διά
3125 4608 3230 4659 τῶν
3276 4600 3548 4679 δημοσίων
3594 4595 3787 4681 ὀχημά-

2185 4714 2290 4750 των
2316 4697 2500 4772 ιροιτᾷν
2551 4689 2845 4769 ἐκελεύετο,
2890 4690 3326 4770 συμπαραλαϐὼν
3385 4694 3475 4750 καὶ
3537 4684 3787 4748 Θεόδουλον

2184 4782 2276 4838 τὸν
2336 4781 2430 4848 τῆς
2489 4781 2646 4837 αὐτοῦ
2708 4778 2994 4848 ἐκκλησίας
3053 4779 3453 4862 ἀρχιδιάκονον,
3511 4779 3645 4857 ἐξῄει
3713 4773 3787 4840 τῆς

2184 4870 2419 4933 πόλεως.
2457 4869 2739 4947 ’Ἂνθρακα
2770 4866 2824 4925 δὲ
2855 4871 3019 4948 πυρὸς
3049 4868 3251 4928 ἐκεῖθεν
3296 4869 3475 4928 λαϐὼν
3521 4873 3606 4927 καὶ
3656 4864 3784 4937 ὀθόνῃ

2185 4961 2284 5019 τινὶ
2341 4957 2704 5038 κατακρύψας,
2741 4965 2817 5032 τῷ
2846 4957 3208 5039 ἀρχιδιακὸνῳ
3237 4958 3445 5017 δίδωσιν
3504 4960 3656 5016 είπὼν
3703 4976 3785 5032 φυο

2185 5049 2395 5106 λάττειν
2450 5048 2576 5125 παρ’
2626 5049 2796 5122 ἑαυτῷ
2839 5046 2939 5111 ἕως
2991 5048 3063 5113 είς
3122 5049 3312 5128 χρείαν
3356 5048 3514 5106 αὐτοῦ
3569 5047 3780 5125 γένηται,

2183 5142 2272 5197 καὶ
2302 5145 2400 5207 τῆς
2433 5137 2550 5196 ὁδοῦ
2581 5137 2853 5214 ἁψάμενος
2885 5134 3065 5202 ἄσιτος
3094 5134 3253 5204 ἤνυσε
3283 5138 3503 5206 ταύτην,
3538 5143 3611 5213 Τῇ
3654 5143 3779 5191 Κων-

2185 5228 2617 5287 σταντινουπόλει
2675 5225 2730 5283 δὲ
2783 5224 2969 5290 ἐπιϐὰς
3049 5226 3299 5297 ξενίζεται
3359 5228 3500 5306 παρά
3558 5247 3649 5283 τινι
3700 5243 3781 5297 γο-

2184 5321 2323 5377 ναικὶ
2353 5319 2501 5400 χήρᾴ
2530 5319 2616 5374 καὶ
2659 5315 2944 5397 φιλαρέτῳ.
2999 5317 3192 5373 Μαθὼν
3223 5314 3277 5372 δὲ
3308 5317 3379 5383 ὡς
3433 5319 3484 5373 αἱ
3539 5309 3781 5400 ἐκκλησίαι

2183 5397 2504 5476 πᾶσαι-’τῆς
2548 5405 2757 5470 πόλεως
2800 5407 2902 5464 ὕπὸ
2961 5405 3132 5463 κλεισὶ
3189 5407 3277 5463 καὶ
3321 5419 3574 5487 σφραγῖσι
3595 5397 3779 5460 κεκλει-

2183 5499 2371 5574 σμέναι
2427 5496 2690 5574 διέμενον,
2753 5496 2916 5573 ἀπῂει
2993 5494 3411 5572 προσευξόμενος
3458 5495 3512 5552 ἐν
3565 5491 3733 5550 αὖταῐς
3761 5501 3774 5518 ⁸

459 5591 789 5658 Ecclesiam
813 5602 870 5657 et
891 5593 1005 5658 sibi
1028 5575 1432 5679 eloquentiam
1467 5591 1727 5658 veritatis
1765 5591 2093 5656 auxiliatri-

2192 5590 2338 5654 τιθεὶς
2392 5588 2458 5647 τὰ
2518 5587 2716 5668 γόνατα
2749 5586 2890 5666 παρὰ
2925 5584 2990 5644 τὰ
3034 5585 3265 5655 ἑκάστης
3309 5583 3602 5666 προπύλαια
3633 5575 3775 5637 ἐδέετο

3958 84 3962 224 ι
