  <div class='ocr_page' id='page_1' title='image "/cluster/home/n/w/nwhite01/storage/ocr_20150623/116/mdp.39015008903554/488.png"; bbox 0 0 4066 6146; ppageno 0'>
   <div class='ocr_carea' id='block_1_1' title="bbox 294 297 402 370">
    <p class='ocr_par' dir='ltr' id='par_1_1' title="bbox 294 297 402 370">
     <span class='ocr_line' id='line_1_1' title="bbox 294 297 402 370; baseline -0.019 0"><span class='ocrx_word' id='word_1_1' title='bbox 294 297 402 370; x_wconf 77' lang='grc'><strong>961</strong></span> 
     </span>
    </p>
   </div>
   <div class='ocr_carea' id='block_1_2' title="bbox 1300 300 2648 370">
    <p class='ocr_par' dir='ltr' id='par_1_2' title="bbox 1300 300 2648 370">
     <span class='ocr_line' id='line_1_2' title="bbox 1300 300 2648 370; baseline -0.003 0"><span class='ocrx_word' id='word_1_2' title='bbox 1300 301 1486 370; x_wconf 86' lang='lat' dir='ltr'><strong>VITA</strong></span> <span class='ocrx_word' id='word_1_3' title='bbox 1532 304 1593 370; x_wconf 92' lang='lat' dir='ltr'><strong>S.</strong></span> <span class='ocrx_word' id='word_1_4' title='bbox 1641 300 2152 370; x_wconf 86' lang='lat' dir='ltr'><strong>AMPHILOCHII</strong></span> <span class='ocrx_word' id='word_1_5' title='bbox 2198 304 2648 368; x_wconf 86' lang='lat' dir='ltr'><strong>ICONIENSIS.</strong></span> 
     </span>
    </p>
   </div>
   <div class='ocr_carea' id='block_1_3' title="bbox 3536 277 3652 374">
    <p class='ocr_par' dir='ltr' id='par_1_3' title="bbox 3536 277 3652 374">
     <span class='ocr_line' id='line_1_3' title="bbox 3536 277 3652 374; baseline 0.034 -3"><span class='ocrx_word' id='word_1_6' title='bbox 3536 277 3652 374; x_wconf 65' lang='lat'>962</span> 
     </span>
    </p>
   </div>
   <div class='ocr_carea' id='block_1_4' title="bbox 297 434 1949 521">
    <p class='ocr_par' dir='ltr' id='par_1_4' title="bbox 297 436 1934 518">
     <span class='ocr_line' id='line_1_4' title="bbox 297 436 1934 518; baseline -0.004 -19"><span class='ocrx_word' id='word_1_7' title='bbox 297 445 389 499; x_wconf 68' lang='grc' dir='ltr'>τοῦ</span> <span class='ocrx_word' id='word_1_8' title='bbox 460 448 590 498; x_wconf 76' lang='grc' dir='ltr'>Θεοῦ</span> <span class='ocrx_word' id='word_1_9' title='bbox 633 446 731 507; x_wconf 81' lang='grc' dir='ltr'><strong>τῆν</strong></span> <span class='ocrx_word' id='word_1_10' title='bbox 801 438 1066 516; x_wconf 76' lang='grc' dir='ltr'>ὀρθόδοξον</span> <span class='ocrx_word' id='word_1_11' title='bbox 1141 439 1464 508; x_wconf 72' lang='grc' dir='ltr'>Ἐκκλησίαν</span> <span class='ocrx_word' id='word_1_12' title='bbox 1524 448 1768 518; x_wconf 76' lang='grc' dir='ltr'><strong>κρατῦναι</strong></span> <span class='ocrx_word' id='word_1_13' title='bbox 1839 436 1934 495; x_wconf 73' lang='grc' dir='ltr'><strong>καῖ</strong></span> 
     </span>
    </p>
   </div>
   <div class='ocr_carea' id='block_1_5' title="bbox 2034 434 3656 521">
    <p class='ocr_par' dir='ltr' id='par_1_5' title="bbox 2034 434 3656 521">
     <span class='ocr_line' id='line_1_5' title="bbox 2034 434 3656 521; baseline 0.006 -24"><span class='ocrx_word' id='word_1_14' title='bbox 2034 454 2148 498; x_wconf 83' lang='lat' dir='ltr'><strong>:em</strong></span> <span class='ocrx_word' id='word_1_15' title='bbox 2182 436 2566 497; x_wconf 87' lang='lat' dir='ltr'><strong>condonarot.</strong></span> <span class='ocrx_word' id='word_1_16' title='bbox 2601 434 2807 496; x_wconf 91' lang='lat' dir='ltr'><strong>Statim</strong></span> <span class='ocrx_word' id='word_1_17' title='bbox 2841 435 3018 514; x_wconf 84' lang='lat' dir='ltr'><strong>igitur</strong></span> <span class='ocrx_word' id='word_1_18' title='bbox 3049 437 3437 502; x_wconf 82' lang='lat' dir='ltr'><strong>ecclesiarum</strong></span> <span class='ocrx_word' id='word_1_19' title='bbox 3473 453 3656 521; x_wconf 85' lang='lat' dir='ltr'><strong>portae</strong></span> 
     </span>
    </p>
   </div>
   <div class='ocr_carea' id='block_1_6' title="bbox 300 526 1949 610">
    <p class='ocr_par' dir='ltr' id='par_1_6' title="bbox 300 529 1932 610">
     <span class='ocr_line' id='line_1_6' title="bbox 300 529 1932 610; baseline -0.004 -22"><span class='ocrx_word' id='word_1_20' title='bbox 300 534 440 605; x_wconf 81' lang='grc' dir='ltr'>αὒτῷ</span> <span class='ocrx_word' id='word_1_21' title='bbox 496 529 657 608; x_wconf 87' lang='grc' dir='ltr'>λόγον</span> <span class='ocrx_word' id='word_1_22' title='bbox 686 529 816 608; x_wconf 77' lang='grc' dir='ltr'>ὑπὲρ</span> <span class='ocrx_word' id='word_1_23' title='bbox 845 532 943 596; x_wconf 75' lang='grc' dir='ltr'><strong>τῆς</strong></span> <span class='ocrx_word' id='word_1_24' title='bbox 981 530 1228 596; x_wconf 79' lang='grc' dir='ltr'><strong>ἀληθείας</strong></span> <span class='ocrx_word' id='word_1_25' title='bbox 1287 531 1572 610; x_wconf 74' lang='grc' dir='ltr'>σύμμαχον</span> <span class='ocrx_word' id='word_1_26' title='bbox 1605 540 1932 609; x_wconf 72' lang='grc' dir='ltr'><strong>παρασχεῖν,</strong></span> 
     </span>
    </p>
   </div>
   <div class='ocr_carea' id='block_1_7' title="bbox 2034 526 3656 610">
    <p class='ocr_par' dir='ltr' id='par_1_7' title="bbox 2034 526 3656 610">
     <span class='ocr_line' id='line_1_7' title="bbox 2034 526 3656 610; baseline 0.005 -24"><span class='ocrx_word' id='word_1_27' title='bbox 2034 535 2229 606; x_wconf 71' lang='lat' dir='ltr'><strong>sponte</strong></span> <span class='ocrx_word' id='word_1_28' title='bbox 2261 535 2481 606; x_wconf 63' lang='lat' dir='ltr'><strong>aperta;</strong></span> <span class='ocrx_word' id='word_1_29' title='bbox 2509 533 2674 600; x_wconf 87' lang='lat' dir='ltr'><strong>sunt;</strong></span> <span class='ocrx_word' id='word_1_30' title='bbox 2709 526 2974 604; x_wconf 80' lang='lat' dir='ltr'><strong>precanti</strong></span> <span class='ocrx_word' id='word_1_31' title='bbox 3005 539 3200 586; x_wconf 84' lang='lat' dir='ltr'><strong>autem</strong></span> <span class='ocrx_word' id='word_1_32' title='bbox 3234 527 3434 590; x_wconf 87' lang='lat' dir='ltr'><strong>divina</strong></span> <span class='ocrx_word' id='word_1_33' title='bbox 3463 534 3656 610; x_wconf 82' lang='lat' dir='ltr'><strong>angeli</strong></span> 
     </span>
    </p>
   </div>
   <div class='ocr_carea' id='block_1_8' title="bbox 305 617 1949 700">
    <p class='ocr_par' dir='ltr' id='par_1_8' title="bbox 305 617 1934 700">
     <span class='ocr_line' id='line_1_8' title="bbox 305 617 1934 700; baseline -0.004 -22"><span class='ocrx_word' id='word_1_34' title='bbox 305 624 460 683; x_wconf 73' lang='grc' dir='ltr'>Εὐθὺς</span> <span class='ocrx_word' id='word_1_35' title='bbox 506 620 593 676; x_wconf 80' lang='grc' dir='ltr'>οὖν</span> <span class='ocrx_word' id='word_1_36' title='bbox 624 621 676 675; x_wconf 75' lang='grc' dir='ltr'>αἱ</span> <span class='ocrx_word' id='word_1_37' title='bbox 718 626 822 676; x_wconf 82' lang='grc' dir='ltr'>τῶν</span> <span class='ocrx_word' id='word_1_38' title='bbox 875 618 1173 687; x_wconf 72' lang='grc' dir='ltr'>ἐκκλησιῶν</span> <span class='ocrx_word' id='word_1_39' title='bbox 1215 622 1366 700; x_wconf 71' lang='grc' dir='ltr'>θύραι</span> <span class='ocrx_word' id='word_1_40' title='bbox 1399 621 1686 692; x_wconf 77' lang='grc' dir='ltr'><strong>αὐτόματοι</strong></span> <span class='ocrx_word' id='word_1_41' title='bbox 1732 617 1934 685; x_wconf 84' lang='grc' dir='ltr'>διηνοί-</span> 
     </span>
    </p>
   </div>
   <div class='ocr_carea' id='block_1_9' title="bbox 2034 617 3658 700">
    <p class='ocr_par' dir='ltr' id='par_1_9' title="bbox 2034 617 3658 688">
     <span class='ocr_line' id='line_1_9' title="bbox 2034 617 3658 688; baseline 0.004 -14"><span class='ocrx_word' id='word_1_42' title='bbox 2034 620 2238 688; x_wconf 72' lang='lat' dir='ltr'><strong>ipecies</strong></span> <span class='ocrx_word' id='word_1_43' title='bbox 2267 625 2504 688; x_wconf 89' lang='lat' dir='ltr'><strong>apparet</strong></span> <span class='ocrx_word' id='word_1_44' title='bbox 2532 626 2585 672; x_wconf 89' lang='lat' dir='ltr'><strong>et</strong></span> <span class='ocrx_word' id='word_1_45' title='bbox 2615 617 2682 672; x_wconf 85' lang='lat' dir='ltr'><strong>ad</strong></span> <span class='ocrx_word' id='word_1_46' title='bbox 2719 626 3002 674; x_wconf 79' lang='lat' dir='ltr'><strong>certamen</strong></span> <span class='ocrx_word' id='word_1_47' title='bbox 3034 621 3342 678; x_wconf 82' lang='lat' dir='ltr'><strong>imminens</strong></span> <span class='ocrx_word' id='word_1_48' title='bbox 3371 626 3518 679; x_wconf 89' lang='lat' dir='ltr'><strong>vires</strong></span> <span class='ocrx_word' id='word_1_49' title='bbox 3549 627 3658 680; x_wconf 89' lang='lat' dir='ltr'><strong>im-</strong></span> 
     </span>
    </p>
   </div>
   <div class='ocr_carea' id='block_1_10' title="bbox 301 706 1934 788">
    <p class='ocr_par' dir='ltr' id='par_1_10' title="bbox 301 706 1934 788">
     <span class='ocr_line' id='line_1_10' title="bbox 301 706 1934 788; baseline -0.002 -23"><span class='ocrx_word' id='word_1_50' title='bbox 301 726 480 787; x_wconf 80' lang='grc' dir='ltr'>γοντο’</span> <span class='ocrx_word' id='word_1_51' title='bbox 541 708 629 764; x_wconf 85' lang='grc' dir='ltr'><strong>καὶ</strong></span> <span class='ocrx_word' id='word_1_52' title='bbox 659 709 716 770; x_wconf 77' lang='grc' dir='ltr'>ὃς</span> <span class='ocrx_word' id='word_1_53' title='bbox 765 707 955 782; x_wconf 71' lang='grc' dir='ltr'>εἰσῄει,</span> <span class='ocrx_word' id='word_1_54' title='bbox 990 708 1077 764; x_wconf 79' lang='grc' dir='ltr'><strong>καὶ</strong></span> <span class='ocrx_word' id='word_1_55' title='bbox 1108 707 1278 788; x_wconf 74' lang='grc' dir='ltr'>εὐχῆς</span> <span class='ocrx_word' id='word_1_56' title='bbox 1334 706 1536 782; x_wconf 82' lang='grc' dir='ltr'>μᾶλλον</span> <span class='ocrx_word' id='word_1_57' title='bbox 1570 708 1783 787; x_wconf 72' lang='grc' dir='ltr'>εἴχετο.</span> <span class='ocrx_word' id='word_1_58' title='bbox 1834 709 1934 763; x_wconf 82' lang='lat' dir='ltr'><strong>E6—</strong></span> 
     </span>
    </p>
   </div>
   <div class='ocr_carea' id='block_1_11' title="bbox 299 794 1932 878">
    <p class='ocr_par' dir='ltr' id='par_1_11' title="bbox 299 794 1932 878">
     <span class='ocr_line' id='line_1_11' title="bbox 299 794 1932 878; baseline -0.001 -26"><span class='ocrx_word' id='word_1_59' title='bbox 299 794 522 877; x_wconf 84' lang='grc' dir='ltr'>χομένῳ</span> <span class='ocrx_word' id='word_1_60' title='bbox 577 794 630 850; x_wconf 78' lang='grc' dir='ltr'><strong>δὲ</strong></span> <span class='ocrx_word' id='word_1_61' title='bbox 701 796 929 874; x_wconf 76' lang='grc' dir='ltr'><strong>ἀγγέλου</strong></span> <span class='ocrx_word' id='word_1_62' title='bbox 977 797 1086 853; x_wconf 81' lang='grc' dir='ltr'>θεία</span> <span class='ocrx_word' id='word_1_63' title='bbox 1129 818 1211 861; x_wconf 83' lang='grc' dir='ltr'><strong>τις</strong></span> <span class='ocrx_word' id='word_1_64' title='bbox 1268 797 1596 878; x_wconf 72' lang='grc' dir='ltr'>ἒπιφαίνεται</span> <span class='ocrx_word' id='word_1_65' title='bbox 1656 795 1932 875; x_wconf 78' lang='grc' dir='ltr'><strong>παρουσία,</strong></span> 
     </span>
    </p>
   </div>
   <div class='ocr_carea' id='block_1_12' title="bbox 300 883 1934 966">
    <p class='ocr_par' dir='ltr' id='par_1_12' title="bbox 300 883 1934 966">
     <span class='ocr_line' id='line_1_12' title="bbox 300 883 1934 966; baseline -0.002 -23"><span class='ocrx_word' id='word_1_66' title='bbox 300 889 388 944; x_wconf 80' lang='grc' dir='ltr'>καὶ</span> <span class='ocrx_word' id='word_1_67' title='bbox 460 887 591 964; x_wconf 84' lang='grc' dir='ltr'>πρὸς</span> <span class='ocrx_word' id='word_1_68' title='bbox 653 887 745 942; x_wconf 83' lang='grc' dir='ltr'>τὸν</span> <span class='ocrx_word' id='word_1_69' title='bbox 813 886 1156 966; x_wconf 85' lang='grc' dir='ltr'>προκείμενον</span> <span class='ocrx_word' id='word_1_70' title='bbox 1233 887 1389 944; x_wconf 78' lang='grc' dir='ltr'>ἆθλον</span> <span class='ocrx_word' id='word_1_71' title='bbox 1459 887 1615 943; x_wconf 74' lang='grc' dir='ltr'>αὐτὸν</span> <span class='ocrx_word' id='word_1_72' title='bbox 1677 883 1934 964; x_wconf 72' lang='grc' dir='ltr'>ἐνισχύει.</span> 
     </span>
    </p>
   </div>
   <div class='ocr_carea' id='block_1_13' title="bbox 308 974 1937 1056">
    <p class='ocr_par' dir='ltr' id='par_1_13' title="bbox 308 974 1937 1056">
     <span class='ocr_line' id='line_1_13' title="bbox 308 974 1937 1056; baseline -0.002 -23"><span class='ocrx_word' id='word_1_73' title='bbox 308 974 665 1056; x_wconf 76' lang='grc' dir='ltr'>Ἀμφιλόχιος</span> <span class='ocrx_word' id='word_1_74' title='bbox 725 976 822 1050; x_wconf 87' lang='grc' dir='ltr'><strong>μέν</strong></span> <span class='ocrx_word' id='word_1_75' title='bbox 881 975 968 1031; x_wconf 84' lang='grc' dir='ltr'><strong>οὖν</strong></span> <span class='ocrx_word' id='word_1_76' title='bbox 1019 976 1154 1052; x_wconf 84' lang='grc' dir='ltr'>παρὰ</span> <span class='ocrx_word' id='word_1_77' title='bbox 1206 980 1282 1050; x_wconf 77' lang='grc' dir='ltr'>τῷ</span> <span class='ocrx_word' id='word_1_78' title='bbox 1310 976 1516 1054; x_wconf 83' lang='grc' dir='ltr'><strong>ῥηθέντι</strong></span> <span class='ocrx_word' id='word_1_79' title='bbox 1573 977 1768 1054; x_wconf 56' lang='grc' dir='ltr'>γυναίῳ</span> <span class='ocrx_word' id='word_1_80' title='bbox 1815 975 1937 1031; x_wconf 85' lang='grc' dir='ltr'>ἐπι-</span> 
     </span>
    </p>
   </div>
   <div class='ocr_carea' id='block_1_14' title="bbox 308 1063 1933 1142">
    <p class='ocr_par' dir='ltr' id='par_1_14' title="bbox 308 1063 1933 1142">
     <span class='ocr_line' id='line_1_14' title="bbox 308 1063 1933 1142; baseline -0.001 -22"><span class='ocrx_word' id='word_1_81' title='bbox 308 1063 606 1138; x_wconf 81' lang='grc' dir='ltr'>ξενούμενος</span> <span class='ocrx_word' id='word_1_82' title='bbox 662 1064 750 1131; x_wconf 77' lang='grc' dir='ltr'><strong>ἦν’</strong></span> <span class='ocrx_word' id='word_1_83' title='bbox 819 1066 846 1120; x_wconf 98' lang='lat'><strong>6</strong></span> <span class='ocrx_word' id='word_1_84' title='bbox 909 1064 1166 1140; x_wconf 75' lang='grc' dir='ltr'>Εὔνόμιος</span> <span class='ocrx_word' id='word_1_85' title='bbox 1221 1063 1275 1120; x_wconf 80' lang='grc' dir='ltr'><strong>δὲ</strong></span> <span class='ocrx_word' id='word_1_86' title='bbox 1332 1066 1418 1122; x_wconf 79' lang='grc' dir='ltr'>καὶ</span> <span class='ocrx_word' id='word_1_87' title='bbox 1476 1068 1524 1121; x_wconf 82' lang='grc' dir='ltr'><strong>οἱ</strong></span> <span class='ocrx_word' id='word_1_88' title='bbox 1580 1066 1697 1142; x_wconf 83' lang='grc' dir='ltr'>περὶ</span> <span class='ocrx_word' id='word_1_89' title='bbox 1755 1064 1933 1138; x_wconf 73' lang='grc' dir='ltr'>αὐτὸν,</span> 
     </span>
    </p>
   </div>
   <div class='ocr_carea' id='block_1_15' title="bbox 305 1152 1936 1233">
    <p class='ocr_par' dir='ltr' id='par_1_15' title="bbox 305 1152 1936 1233">
     <span class='ocr_line' id='line_1_15' title="bbox 305 1152 1936 1233; baseline -0.001 -22"><span class='ocrx_word' id='word_1_90' title='bbox 305 1155 555 1218; x_wconf 76' lang='grc' dir='ltr'><strong>παθόντες</strong></span> <span class='ocrx_word' id='word_1_91' title='bbox 610 1156 682 1215; x_wconf 82' lang='grc' dir='ltr'>ὡς</span> <span class='ocrx_word' id='word_1_92' title='bbox 715 1152 1077 1232; x_wconf 76' lang='grc' dir='ltr'>Ἀμφιλόψιος</span> <span class='ocrx_word' id='word_1_93' title='bbox 1127 1155 1501 1233; x_wconf 76' lang='grc' dir='ltr'>παραγένοιτο,</span> <span class='ocrx_word' id='word_1_94' title='bbox 1533 1157 1620 1211; x_wconf 82' lang='grc' dir='ltr'><strong>καὶ</strong></span> <span class='ocrx_word' id='word_1_95' title='bbox 1651 1155 1731 1211; x_wconf 80' lang='grc' dir='ltr'>ὅτι</span> <span class='ocrx_word' id='word_1_96' title='bbox 1777 1155 1936 1211; x_wconf 75' lang='lat' dir='ltr'><strong>a616-</strong></span> 
     </span>
    </p>
   </div>
   <div class='ocr_carea' id='block_1_16' title="bbox 303 1241 1934 1320">
    <p class='ocr_par' dir='ltr' id='par_1_16' title="bbox 303 1241 1934 1320">
     <span class='ocr_line' id='line_1_16' title="bbox 303 1241 1934 1320; baseline 0 -22"><span class='ocrx_word' id='word_1_97' title='bbox 303 1265 458 1319; x_wconf 88' lang='grc' dir='ltr'>ματοι</span> <span class='ocrx_word' id='word_1_98' title='bbox 514 1244 684 1317; x_wconf 80' lang='grc' dir='ltr'>τούτῳ</span> <span class='ocrx_word' id='word_1_99' title='bbox 737 1243 789 1299; x_wconf 81' lang='grc' dir='ltr'><strong>αἱ</strong></span> <span class='ocrx_word' id='word_1_100' title='bbox 859 1247 965 1300; x_wconf 81' lang='grc' dir='ltr'><strong>τῶν</strong></span> <span class='ocrx_word' id='word_1_101' title='bbox 1021 1241 1324 1310; x_wconf 75' lang='grc' dir='ltr'>ἓκκλησιῶν</span> <span class='ocrx_word' id='word_1_102' title='bbox 1381 1243 1697 1320; x_wconf 74' lang='grc' dir='ltr'>ἆνεῴγησαν</span> <span class='ocrx_word' id='word_1_103' title='bbox 1753 1241 1934 1312; x_wconf 85' lang='grc' dir='ltr'>πύλαι,</span> 
     </span>
    </p>
   </div>
   <div class='ocr_carea' id='block_1_17' title="bbox 301 1331 1940 1411">
    <p class='ocr_par' dir='ltr' id='par_1_17' title="bbox 301 1331 1940 1411">
     <span class='ocr_line' id='line_1_17' title="bbox 301 1331 1940 1411; baseline 0 -23"><span class='ocrx_word' id='word_1_104' title='bbox 301 1333 492 1411; x_wconf 77' lang='grc' dir='ltr'>φθόνου</span> <span class='ocrx_word' id='word_1_105' title='bbox 545 1332 743 1410; x_wconf 84' lang='grc' dir='ltr'>κέντρῳ</span> <span class='ocrx_word' id='word_1_106' title='bbox 801 1333 1040 1411; x_wconf 82' lang='grc' dir='ltr'>νυγέντες</span> <span class='ocrx_word' id='word_1_107' title='bbox 1090 1333 1183 1388; x_wconf 66' lang='grc' dir='ltr'>τὸν</span> <span class='ocrx_word' id='word_1_108' title='bbox 1225 1331 1447 1408; x_wconf 79' lang='grc' dir='ltr'>βασιλέα</span> <span class='ocrx_word' id='word_1_109' title='bbox 1494 1331 1667 1398; x_wconf 78' lang='grc' dir='ltr'>ἠξίουν</span> <span class='ocrx_word' id='word_1_110' title='bbox 1719 1335 1790 1396; x_wconf 84' lang='grc' dir='ltr'>εἰς</span> <span class='ocrx_word' id='word_1_111' title='bbox 1839 1331 1940 1388; x_wconf 88' lang='grc' dir='ltr'>λό-</span> 
     </span>
    </p>
   </div>
   <div class='ocr_carea' id='block_1_18' title="bbox 302 1419 1942 1501">
    <p class='ocr_par' dir='ltr' id='par_1_18' title="bbox 302 1419 1942 1501">
     <span class='ocr_line' id='line_1_18' title="bbox 302 1419 1942 1501; baseline -0.001 -24"><span class='ocrx_word' id='word_1_112' title='bbox 302 1443 430 1498; x_wconf 82' lang='grc' dir='ltr'>γους</span> <span class='ocrx_word' id='word_1_113' title='bbox 487 1419 659 1478; x_wconf 78' lang='grc' dir='ltr'>ἐλθεΐν</span> <span class='ocrx_word' id='word_1_114' title='bbox 689 1425 765 1496; x_wconf 80' lang='grc' dir='ltr'>τῷ</span> <span class='ocrx_word' id='word_1_115' title='bbox 813 1421 1176 1501; x_wconf 75' lang='grc' dir='ltr'>’Λμφιλοχίῳ,</span> <span class='ocrx_word' id='word_1_116' title='bbox 1211 1422 1298 1479; x_wconf 76' lang='grc' dir='ltr'>ἅτε</span> <span class='ocrx_word' id='word_1_117' title='bbox 1352 1421 1527 1498; x_wconf 87' lang='grc' dir='ltr'>λόγων</span> <span class='ocrx_word' id='word_1_118' title='bbox 1555 1420 1768 1496; x_wconf 82' lang='grc' dir='ltr'><strong>δυνάμει</strong></span> <span class='ocrx_word' id='word_1_119' title='bbox 1814 1419 1942 1497; x_wconf 79' lang='grc' dir='ltr'>θαῤ-</span> 
     </span>
    </p>
   </div>
   <div class='ocr_carea' id='block_1_19' title="bbox 301 1510 1944 1589">
    <p class='ocr_par' dir='ltr' id='par_1_19' title="bbox 301 1510 1944 1589">
     <span class='ocr_line' id='line_1_19' title="bbox 301 1510 1944 1589; baseline -0.002 -23"><span class='ocrx_word' id='word_1_120' title='bbox 301 1510 515 1588; x_wconf 81' lang='grc' dir='ltr'>ῥοῦντες</span> <span class='ocrx_word' id='word_1_121' title='bbox 575 1511 720 1568; x_wconf 75' lang='grc' dir='ltr'>αὐτοὶ</span> <span class='ocrx_word' id='word_1_122' title='bbox 775 1511 860 1568; x_wconf 80' lang='grc' dir='ltr'><strong>καὶ</strong></span> <span class='ocrx_word' id='word_1_123' title='bbox 918 1510 976 1567; x_wconf 82' lang='grc' dir='ltr'>ὲκ</span> <span class='ocrx_word' id='word_1_124' title='bbox 1034 1513 1250 1587; x_wconf 81' lang='grc' dir='ltr'>πρώτης</span> <span class='ocrx_word' id='word_1_125' title='bbox 1307 1512 1451 1574; x_wconf 74' lang='grc' dir='ltr'>εὐθύς</span> <span class='ocrx_word' id='word_1_126' title='bbox 1495 1511 1729 1589; x_wconf 67' lang='grc' dir='ltr'>αἱρήσειν</span> <span class='ocrx_word' id='word_1_127' title='bbox 1787 1512 1944 1566; x_wconf 69' lang='grc' dir='ltr'>αὐτὸν</span> 
     </span>
    </p>
   </div>
   <div class='ocr_carea' id='block_1_20' title="bbox 301 1599 1943 1676">
    <p class='ocr_par' dir='ltr' id='par_1_20' title="bbox 301 1599 1943 1676">
     <span class='ocr_line' id='line_1_20' title="bbox 301 1599 1943 1676; baseline 0 -21"><span class='ocrx_word' id='word_1_128' title='bbox 301 1600 560 1674; x_wconf 81' lang='grc' dir='ltr'>οἰόμενοι,</span> <span class='ocrx_word' id='word_1_129' title='bbox 609 1601 705 1658; x_wconf 81' lang='grc' dir='ltr'>Καὶ</span> <span class='ocrx_word' id='word_1_130' title='bbox 733 1599 800 1666; x_wconf 74' lang='grc' dir='ltr'><strong>δὴ</strong></span> <span class='ocrx_word' id='word_1_131' title='bbox 859 1602 996 1676; x_wconf 84' lang='grc' dir='ltr'>μετὰ</span> <span class='ocrx_word' id='word_1_132' title='bbox 1052 1603 1286 1670; x_wconf 78' lang='grc' dir='ltr'>πλήθους</span> <span class='ocrx_word' id='word_1_133' title='bbox 1337 1603 1426 1657; x_wconf 81' lang='grc' dir='ltr'><strong>καὶ</strong></span> <span class='ocrx_word' id='word_1_134' title='bbox 1455 1604 1780 1675; x_wconf 77' lang='grc' dir='ltr'>προπομπῆς</span> <span class='ocrx_word' id='word_1_135' title='bbox 1840 1622 1943 1675; x_wconf 85' lang='grc' dir='ltr'>με-</span> 
     </span>
    </p>
   </div>
   <div class='ocr_carea' id='block_1_21' title="bbox 302 1690 1944 1769">
    <p class='ocr_par' dir='ltr' id='par_1_21' title="bbox 302 1690 1944 1769">
     <span class='ocr_line' id='line_1_21' title="bbox 302 1690 1944 1769; baseline 0.007 -25"><span class='ocrx_word' id='word_1_136' title='bbox 302 1709 488 1768; x_wconf 84' lang='grc' dir='ltr'>γιστου</span> <span class='ocrx_word' id='word_1_137' title='bbox 530 1691 661 1769; x_wconf 83' lang='grc' dir='ltr'>πρὸς</span> <span class='ocrx_word' id='word_1_138' title='bbox 706 1691 863 1746; x_wconf 71' lang='grc' dir='ltr'>αὐτὸν</span> <span class='ocrx_word' id='word_1_139' title='bbox 894 1693 1178 1768; x_wconf 80' lang='grc' dir='ltr'>γενόμενος</span> <span class='ocrx_word' id='word_1_140' title='bbox 1223 1692 1250 1745; x_wconf 97' lang='lat'><strong>6</strong></span> <span class='ocrx_word' id='word_1_141' title='bbox 1283 1690 1561 1766; x_wconf 78' lang='grc' dir='ltr'>Εὑνόμιος,</span> <span class='ocrx_word' id='word_1_142' title='bbox 1597 1691 1668 1745; x_wconf 80' lang='grc' dir='ltr'>Σὺ</span> <span class='ocrx_word' id='word_1_143' title='bbox 1719 1690 1796 1764; x_wconf 76' lang='grc' dir='ltr'>εἶ,</span> <span class='ocrx_word' id='word_1_144' title='bbox 1833 1712 1944 1768; x_wconf 78' lang='grc' dir='ltr'><strong>φη-</strong></span> 
     </span>
    </p>
   </div>
   <div class='ocr_carea' id='block_1_22' title="bbox 2023 700 3656 788">
    <p class='ocr_par' dir='ltr' id='par_1_22' title="bbox 2023 700 3656 788">
     <span class='ocr_line' id='line_1_22' title="bbox 2023 700 3656 788; baseline 0.005 -26"><span class='ocrx_word' id='word_1_145' title='bbox 2023 702 2218 782; x_wconf 89' lang='lat' dir='ltr'><strong>pertit.</strong></span> <span class='ocrx_word' id='word_1_146' title='bbox 2251 700 2708 781; x_wconf 86' lang='lat' dir='ltr'><strong>Amphilochius</strong></span> <span class='ocrx_word' id='word_1_147' title='bbox 2739 700 2917 779; x_wconf 79' lang='lat' dir='ltr'><strong>igitur</strong></span> <span class='ocrx_word' id='word_1_148' title='bbox 2945 703 3096 782; x_wconf 90' lang='lat' dir='ltr'><strong>apud</strong></span> <span class='ocrx_word' id='word_1_149' title='bbox 3136 704 3446 766; x_wconf 86' lang='lat' dir='ltr'><strong>mulierem</strong></span> <span class='ocrx_word' id='word_1_150' title='bbox 3479 727 3656 788; x_wconf 88' lang='lat' dir='ltr'><strong>quam</strong></span> 
     </span>
    </p>
   </div>
   <div class='ocr_carea' id='block_1_23' title="bbox 2020 789 3660 879">
    <p class='ocr_par' dir='ltr' id='par_1_23' title="bbox 2020 789 3660 879">
     <span class='ocr_line' id='line_1_23' title="bbox 2020 789 3660 879; baseline 0.004 -26"><span class='ocrx_word' id='word_1_151' title='bbox 2020 792 2282 853; x_wconf 84' lang='lat' dir='ltr'><strong>diximus</strong></span> <span class='ocrx_word' id='word_1_152' title='bbox 2310 789 2618 853; x_wconf 84' lang='lat' dir='ltr'><strong>habitavit.</strong></span> <span class='ocrx_word' id='word_1_153' title='bbox 2652 789 2982 852; x_wconf 86' lang='lat' dir='ltr'><strong>Eunomius</strong></span> <span class='ocrx_word' id='word_1_154' title='bbox 3013 802 3212 854; x_wconf 86' lang='lat' dir='ltr'><strong>autem</strong></span> <span class='ocrx_word' id='word_1_155' title='bbox 3239 803 3297 854; x_wconf 91' lang='lat' dir='ltr'><strong>et</strong></span> <span class='ocrx_word' id='word_1_156' title='bbox 3320 797 3506 873; x_wconf 91' lang='lat' dir='ltr'><strong>quiab</strong></span> <span class='ocrx_word' id='word_1_157' title='bbox 3531 800 3660 879; x_wconf 88' lang='lat' dir='ltr'><strong>ejus</strong></span> 
     </span>
    </p>
   </div>
   <div class='ocr_carea' id='block_1_24' title="bbox 2021 883 3660 955">
    <p class='ocr_par' dir='ltr' id='par_1_24' title="bbox 2021 883 3660 955">
     <span class='ocr_line' id='line_1_24' title="bbox 2021 883 3660 955; baseline 0.003 -14"><span class='ocrx_word' id='word_1_158' title='bbox 2021 884 2278 955; x_wconf 87' lang='lat' dir='ltr'><strong>partibus</strong></span> <span class='ocrx_word' id='word_1_159' title='bbox 2307 883 2551 951; x_wconf 80' lang='lat' dir='ltr'><strong>stabant,</strong></span> <span class='ocrx_word' id='word_1_160' title='bbox 2574 897 2702 939; x_wconf 91' lang='lat' dir='ltr'><strong>cum</strong></span> <span class='ocrx_word' id='word_1_161' title='bbox 2727 883 3058 941; x_wconf 87' lang='lat' dir='ltr'><strong>didicissent</strong></span> <span class='ocrx_word' id='word_1_162' title='bbox 3078 885 3538 955; x_wconf 85' lang='lat' dir='ltr'><strong>Amphilochium</strong></span> <span class='ocrx_word' id='word_1_163' title='bbox 3559 891 3660 946; x_wconf 85' lang='lat' dir='ltr'><strong>ad-</strong></span> 
     </span>
    </p>
   </div>
   <div class='ocr_carea' id='block_1_25' title="bbox 2024 968 3660 1050">
    <p class='ocr_par' dir='ltr' id='par_1_25' title="bbox 2024 968 3660 1050">
     <span class='ocr_line' id='line_1_25' title="bbox 2024 968 3660 1050; baseline 0.004 -19"><span class='ocrx_word' id='word_1_164' title='bbox 2024 987 2156 1032; x_wconf 88' lang='lat' dir='ltr'><strong>esse</strong></span> <span class='ocrx_word' id='word_1_165' title='bbox 2188 969 2364 1047; x_wconf 89' lang='lat' dir='ltr'><strong>eique</strong></span> <span class='ocrx_word' id='word_1_166' title='bbox 2395 968 2782 1029; x_wconf 84' lang='lat' dir='ltr'><strong>ecclesiarum</strong></span> <span class='ocrx_word' id='word_1_167' title='bbox 2814 969 2969 1030; x_wconf 82' lang='lat' dir='ltr'><strong>fores</strong></span> <span class='ocrx_word' id='word_1_168' title='bbox 3000 989 3106 1030; x_wconf 87' lang='lat' dir='ltr'><strong>sua</strong></span> <span class='ocrx_word' id='word_1_169' title='bbox 3134 981 3345 1050; x_wconf 85' lang='lat' dir='ltr'><strong>sponte</strong></span> <span class='ocrx_word' id='word_1_170' title='bbox 3369 984 3660 1037; x_wconf 84' lang='lat' dir='ltr'><strong>reseratas</strong></span> 
     </span>
    </p>
   </div>
   <div class='ocr_carea' id='block_1_26' title="bbox 2026 1057 3664 1140">
    <p class='ocr_par' dir='ltr' id='par_1_26' title="bbox 2026 1057 3664 1140">
     <span class='ocr_line' id='line_1_26' title="bbox 2026 1057 3664 1140; baseline 0.004 -20"><span class='ocrx_word' id='word_1_171' title='bbox 2026 1077 2180 1134; x_wconf 90' lang='lat' dir='ltr'><strong>esse,</strong></span> <span class='ocrx_word' id='word_1_172' title='bbox 2217 1058 2456 1119; x_wconf 71' lang='lat' dir='ltr'><strong>invidiae</strong></span> <span class='ocrx_word' id='word_1_173' title='bbox 2487 1057 2726 1119; x_wconf 88' lang='lat' dir='ltr'><strong>stimulo</strong></span> <span class='ocrx_word' id='word_1_174' title='bbox 2758 1060 3051 1139; x_wconf 89' lang='lat' dir='ltr'><strong>compulsi</strong></span> <span class='ocrx_word' id='word_1_175' title='bbox 3084 1079 3284 1140; x_wconf 82' lang='lat' dir='ltr'><strong>regem</strong></span> <span class='ocrx_word' id='word_1_176' title='bbox 3321 1074 3566 1124; x_wconf 89' lang='lat' dir='ltr'><strong>orarunt</strong></span> <span class='ocrx_word' id='word_1_177' title='bbox 3596 1075 3664 1126; x_wconf 88' lang='lat' dir='ltr'><strong>ut</strong></span> 
     </span>
    </p>
   </div>
   <div class='ocr_carea' id='block_1_27' title="bbox 2024 1148 3660 1230">
    <p class='ocr_par' dir='ltr' id='par_1_27' title="bbox 2024 1148 3660 1230">
     <span class='ocr_line' id='line_1_27' title="bbox 2024 1148 3660 1230; baseline 0.004 -21"><span class='ocrx_word' id='word_1_178' title='bbox 2024 1150 2167 1230; x_wconf 91' lang='lat' dir='ltr'><strong>ipsis</strong></span> <span class='ocrx_word' id='word_1_179' title='bbox 2193 1149 2402 1209; x_wconf 91' lang='lat' dir='ltr'><strong>liceret</strong></span> <span class='ocrx_word' id='word_1_180' title='bbox 2430 1148 2732 1228; x_wconf 86' lang='lat' dir='ltr'><strong>disputare</strong></span> <span class='ocrx_word' id='word_1_181' title='bbox 2763 1166 2896 1208; x_wconf 92' lang='lat' dir='ltr'><strong>cum</strong></span> <span class='ocrx_word' id='word_1_182' title='bbox 2931 1150 3351 1229; x_wconf 88' lang='lat' dir='ltr'><strong>Amphilochio</strong></span> <span class='ocrx_word' id='word_1_183' title='bbox 3388 1173 3402 1215; x_wconf 91' lang='lat'><strong>:</strong></span> <span class='ocrx_word' id='word_1_184' title='bbox 3455 1155 3660 1214; x_wconf 81' lang='lat' dir='ltr'><strong>conﬁsi</strong></span> 
     </span>
    </p>
   </div>
   <div class='ocr_carea' id='block_1_28' title="bbox 2023 1237 3661 1322">
    <p class='ocr_par' dir='ltr' id='par_1_28' title="bbox 2023 1237 3661 1322">
     <span class='ocr_line' id='line_1_28' title="bbox 2023 1237 3661 1322; baseline 0.003 -22"><span class='ocrx_word' id='word_1_185' title='bbox 2023 1238 2183 1300; x_wconf 90' lang='lat' dir='ltr'><strong>enim</strong></span> <span class='ocrx_word' id='word_1_186' title='bbox 2206 1240 2256 1298; x_wconf 82' lang='lat' dir='ltr'><strong>vi</strong></span> <span class='ocrx_word' id='word_1_187' title='bbox 2283 1237 2646 1316; x_wconf 60' lang='lat' dir='ltr'><strong>eloquentiae</strong></span> <span class='ocrx_word' id='word_1_188' title='bbox 2665 1237 2936 1315; x_wconf 88' lang='lat' dir='ltr'><strong>protinus</strong></span> <span class='ocrx_word' id='word_1_189' title='bbox 2953 1237 3024 1297; x_wconf 89' lang='lat' dir='ltr'><strong>ab</strong></span> <span class='ocrx_word' id='word_1_190' title='bbox 3043 1238 3212 1299; x_wconf 87' lang='lat' dir='ltr'><strong>initio</strong></span> <span class='ocrx_word' id='word_1_191' title='bbox 3228 1258 3362 1302; x_wconf 91' lang='lat' dir='ltr'><strong>sese</strong></span> <span class='ocrx_word' id='word_1_192' title='bbox 3383 1254 3661 1322; x_wconf 88' lang='lat' dir='ltr'><strong>capturos</strong></span> 
     </span>
    </p>
   </div>
   <div class='ocr_carea' id='block_1_29' title="bbox 2024 1327 3664 1413">
    <p class='ocr_par' dir='ltr' id='par_1_29' title="bbox 2024 1327 3664 1413">
     <span class='ocr_line' id='line_1_29' title="bbox 2024 1327 3664 1413; baseline 0.004 -25"><span class='ocrx_word' id='word_1_193' title='bbox 2024 1345 2158 1389; x_wconf 91' lang='lat' dir='ltr'><strong>eum</strong></span> <span class='ocrx_word' id='word_1_194' title='bbox 2191 1336 2532 1406; x_wconf 80' lang='lat' dir='ltr'><strong>sperarunt.</strong></span> <span class='ocrx_word' id='word_1_195' title='bbox 2567 1327 2760 1398; x_wconf 81' lang='lat' dir='ltr'><strong>Quare</strong></span> <span class='ocrx_word' id='word_1_196' title='bbox 2784 1345 2917 1387; x_wconf 90' lang='lat' dir='ltr'><strong>cum</strong></span> <span class='ocrx_word' id='word_1_197' title='bbox 2955 1327 3333 1390; x_wconf 88' lang='lat' dir='ltr'><strong>multitudine</strong></span> <span class='ocrx_word' id='word_1_198' title='bbox 3359 1341 3420 1392; x_wconf 91' lang='lat' dir='ltr'><strong>et</strong></span> <span class='ocrx_word' id='word_1_199' title='bbox 3451 1351 3664 1413; x_wconf 82' lang='lat' dir='ltr'><strong>pompa</strong></span> 
     </span>
    </p>
   </div>
   <div class='ocr_carea' id='block_1_30' title="bbox 2025 1413 3664 1496">
    <p class='ocr_par' dir='ltr' id='par_1_30' title="bbox 2025 1413 3664 1496">
     <span class='ocr_line' id='line_1_30' title="bbox 2025 1413 3664 1496; baseline 0.005 -19"><span class='ocrx_word' id='word_1_200' title='bbox 2025 1434 2348 1496; x_wconf 80' lang='lat' dir='ltr'><strong>permagna</strong></span> <span class='ocrx_word' id='word_1_201' title='bbox 2377 1413 2699 1476; x_wconf 87' lang='lat' dir='ltr'><strong>Eunomius</strong></span> <span class='ocrx_word' id='word_1_202' title='bbox 2737 1415 2808 1476; x_wconf 91' lang='lat' dir='ltr'><strong>ad</strong></span> <span class='ocrx_word' id='word_1_203' title='bbox 2842 1434 2978 1476; x_wconf 91' lang='lat' dir='ltr'><strong>eum</strong></span> <span class='ocrx_word' id='word_1_204' title='bbox 3013 1434 3078 1477; x_wconf 92' lang='lat' dir='ltr'><strong>se</strong></span> <span class='ocrx_word' id='word_1_205' title='bbox 3106 1420 3356 1480; x_wconf 90' lang='lat' dir='ltr'><strong>contulit</strong></span> <span class='ocrx_word' id='word_1_206' title='bbox 3380 1431 3438 1482; x_wconf 92' lang='lat' dir='ltr'><strong>et</strong></span> <span class='ocrx_word' id='word_1_207' title='bbox 3467 1421 3664 1484; x_wconf 86' lang='lat' dir='ltr'><strong>inter-</strong></span> 
     </span>
    </p>
   </div>
   <div class='ocr_carea' id='block_1_31' title="bbox 2026 1504 3665 1586">
    <p class='ocr_par' dir='ltr' id='par_1_31' title="bbox 2026 1504 3665 1586">
     <span class='ocr_line' id='line_1_31' title="bbox 2026 1504 3665 1586; baseline 0.004 -20"><span class='ocrx_word' id='word_1_208' title='bbox 2026 1509 2421 1584; x_wconf 83' lang='lat' dir='ltr'><strong>rogavit,num</strong></span> <span class='ocrx_word' id='word_1_209' title='bbox 2445 1513 2602 1566; x_wconf 88' lang='lat' dir='ltr'><strong>esset</strong></span> <span class='ocrx_word' id='word_1_210' title='bbox 2631 1504 2734 1566; x_wconf 90' lang='lat' dir='ltr'><strong>ille</strong></span> <span class='ocrx_word' id='word_1_211' title='bbox 2763 1504 3004 1566; x_wconf 86' lang='lat' dir='ltr'><strong>celeber</strong></span> <span class='ocrx_word' id='word_1_212' title='bbox 3027 1505 3477 1586; x_wconf 85' lang='lat' dir='ltr'><strong>Amphilochius</strong></span> <span class='ocrx_word' id='word_1_213' title='bbox 3495 1510 3524 1569; x_wconf 69' lang='grc' dir='ltr'><strong>ἱ)</strong></span> <span class='ocrx_word' id='word_1_214' title='bbox 3552 1512 3665 1584; x_wconf 85' lang='lat' dir='ltr'><strong>Qui</strong></span> 
     </span>
    </p>
   </div>
   <div class='ocr_carea' id='block_1_32' title="bbox 2024 1594 3664 1676">
    <p class='ocr_par' dir='ltr' id='par_1_32' title="bbox 2024 1594 3664 1676">
     <span class='ocr_line' id='line_1_32' title="bbox 2024 1594 3664 1676; baseline 0.005 -21"><span class='ocrx_word' id='word_1_215' title='bbox 2024 1594 2334 1673; x_wconf 90' lang='lat' dir='ltr'><strong>respondit</strong></span> <span class='ocrx_word' id='word_1_216' title='bbox 2382 1613 2446 1655; x_wconf 91' lang='lat' dir='ltr'><strong>se</strong></span> <span class='ocrx_word' id='word_1_217' title='bbox 2505 1603 2881 1674; x_wconf 86' lang='lat' dir='ltr'><strong>peccatorem</strong></span> <span class='ocrx_word' id='word_1_218' title='bbox 2928 1612 3081 1656; x_wconf 90' lang='lat' dir='ltr'><strong>esse.</strong></span> <span class='ocrx_word' id='word_1_219' title='bbox 3117 1597 3265 1657; x_wconf 90' lang='lat' dir='ltr'><strong>Tum</strong></span> <span class='ocrx_word' id='word_1_220' title='bbox 3313 1598 3664 1676; x_wconf 90' lang='lat' dir='ltr'><strong>Eunomius,</strong></span> 
     </span>
    </p>
   </div>
   <div class='ocr_carea' id='block_1_33' title="bbox 2028 1683 3670 1769">
    <p class='ocr_par' dir='ltr' id='par_1_33' title="bbox 2028 1683 3670 1769">
     <span class='ocr_line' id='line_1_33' title="bbox 2028 1683 3670 1769; baseline 0.004 -23"><span class='ocrx_word' id='word_1_221' title='bbox 2028 1683 2164 1758; x_wconf 84' lang='lat' dir='ltr'><strong>Cur,</strong></span> <span class='ocrx_word' id='word_1_222' title='bbox 2193 1683 2407 1763; x_wconf 86' lang='lat' dir='ltr'><strong>inquit,</strong></span> <span class='ocrx_word' id='word_1_223' title='bbox 2434 1683 2543 1746; x_wconf 90' lang='lat' dir='ltr'><strong>Dei</strong></span> <span class='ocrx_word' id='word_1_224' title='bbox 2573 1683 2900 1746; x_wconf 89' lang='lat' dir='ltr'><strong>Ecclesiam</strong></span> <span class='ocrx_word' id='word_1_225' title='bbox 2922 1685 3235 1763; x_wconf 76' lang='lat' dir='ltr'><strong>perturbes</strong></span> <span class='ocrx_word' id='word_1_226' title='bbox 3256 1692 3284 1748; x_wconf 87' lang='lat'><strong>?</strong></span> <span class='ocrx_word' id='word_1_227' title='bbox 3303 1687 3392 1750; x_wconf 85' lang='lat' dir='ltr'><strong>Ad</strong></span> <span class='ocrx_word' id='word_1_228' title='bbox 3415 1708 3551 1769; x_wconf 67' lang='lat' dir='ltr'><strong>qua:</strong></span> <span class='ocrx_word' id='word_1_229' title='bbox 3581 1691 3670 1752; x_wconf 89' lang='lat' dir='ltr'><strong>vir</strong></span> 
     </span>
    </p>
   </div>
   <div class='ocr_carea' id='block_1_34' title="bbox 301 1771 1949 1874">
    <p class='ocr_par' dir='ltr' id='par_1_34' title="bbox 301 1771 1944 1874">
     <span class='ocr_line' id='line_1_34' title="bbox 301 1771 1944 1874; baseline 0 -40"><span class='ocrx_word' id='word_1_230' title='bbox 301 1780 408 1853; x_wconf 83' lang='grc' dir='ltr'>σὶν,</span> <span class='ocrx_word' id='word_1_231' title='bbox 443 1781 470 1835; x_wconf 91' lang='lat'><strong>6</strong></span> <span class='ocrx_word' id='word_1_232' title='bbox 529 1781 864 1856; x_wconf 76' lang='grc' dir='ltr'>περιώνυμος</span> <span class='ocrx_word' id='word_1_233' title='bbox 916 1779 1275 1861; x_wconf 80' lang='grc' dir='ltr'>Ἀμφιλόχιος</span> <span class='ocrx_word' id='word_1_234' title='bbox 1309 1803 1325 1854; x_wconf 88' lang='grc'><strong>;</strong></span> <span class='ocrx_word' id='word_1_235' title='bbox 1382 1771 1438 1838; x_wconf 75' lang='grc' dir='ltr'><strong>Ὀ</strong></span> <span class='ocrx_word' id='word_1_236' title='bbox 1483 1779 1560 1855; x_wconf 78' lang='grc' dir='ltr'>δὲ,</span> <span class='ocrx_word' id='word_1_237' title='bbox 1595 1780 1738 1874; x_wconf 51' lang='grc' dir='ltr'><strong>’ἑζγώ</strong></span> <span class='ocrx_word' id='word_1_238' title='bbox 1779 1780 1944 1874; x_wconf 67' lang='grc' dir='ltr'>εἷμιὸ</span> 
     </span>
    </p>
   </div>
   <div class='ocr_carea' id='block_1_35' title="bbox 2034 1771 3666 1874">
    <p class='ocr_par' dir='ltr' id='par_1_35' title="bbox 2034 1773 3666 1874">
     <span class='ocr_line' id='line_1_35' title="bbox 2034 1773 3666 1874; baseline 0.007 -42"><span class='ocrx_word' id='word_1_239' title='bbox 2034 1791 2279 1852; x_wconf 84' lang='lat' dir='ltr'><strong>magnus</strong></span> <span class='ocrx_word' id='word_1_240' title='bbox 2312 1773 2584 1874; x_wconf 63' lang='lat' dir='ltr'><strong>regessit:</strong></span> <span class='ocrx_word' id='word_1_241' title='bbox 2610 1775 2741 1836; x_wconf 86' lang='lat' dir='ltr'><strong>Non</strong></span> <span class='ocrx_word' id='word_1_242' title='bbox 2773 1791 2885 1852; x_wconf 80' lang='lat' dir='ltr'><strong>ego</strong></span> <span class='ocrx_word' id='word_1_243' title='bbox 2914 1775 3220 1874; x_wconf 70' lang='lat' dir='ltr'><strong>perturbo,</strong></span> <span class='ocrx_word' id='word_1_244' title='bbox 3252 1779 3358 1839; x_wconf 90' lang='lat' dir='ltr'><strong>sed</strong></span> <span class='ocrx_word' id='word_1_245' title='bbox 3391 1787 3449 1840; x_wconf 92' lang='lat' dir='ltr'><strong>tu</strong></span> <span class='ocrx_word' id='word_1_246' title='bbox 3474 1789 3532 1842; x_wconf 90' lang='lat' dir='ltr'><strong>et</strong></span> <span class='ocrx_word' id='word_1_247' title='bbox 3551 1781 3666 1843; x_wconf 92' lang='lat' dir='ltr'><strong>do-</strong></span> 
     </span>
    </p>
   </div>
   <div class='ocr_carea' id='block_1_36' title="bbox 301 1866 1939 1948">
    <p class='ocr_par' dir='ltr' id='par_1_36' title="bbox 301 1866 1939 1948">
     <span class='ocr_line' id='line_1_36' title="bbox 301 1866 1939 1948; baseline -0.001 -25"><span class='ocrx_word' id='word_1_248' title='bbox 301 1867 646 1947; x_wconf 75' lang='grc' dir='ltr'>ἁμαρτωλὸς,</span> <span class='ocrx_word' id='word_1_249' title='bbox 679 1869 1012 1948; x_wconf 82' lang='grc' dir='ltr'>ἀπεκρίνατο.</span> <span class='ocrx_word' id='word_1_250' title='bbox 1063 1869 1172 1928; x_wconf 76' lang='grc' dir='ltr'><strong>Καὶ</strong></span> <span class='ocrx_word' id='word_1_251' title='bbox 1219 1872 1246 1926; x_wconf 90' lang='lat'><strong>6</strong></span> <span class='ocrx_word' id='word_1_252' title='bbox 1299 1871 1575 1948; x_wconf 71' lang='grc' dir='ltr'>Εὖνόμιος,</span> <span class='ocrx_word' id='word_1_253' title='bbox 1607 1866 1715 1926; x_wconf 67' lang='grc' dir='ltr'><strong>’ἶνα</strong></span> <span class='ocrx_word' id='word_1_254' title='bbox 1758 1869 1807 1924; x_wconf 83' lang='grc' dir='ltr'><strong>τί</strong></span> <span class='ocrx_word' id='word_1_255' title='bbox 1863 1866 1939 1940; x_wconf 83' lang='grc' dir='ltr'>δὲ,</span> 
     </span>
    </p>
   </div>
   <div class='ocr_carea' id='block_1_37' title="bbox 299 1955 1945 2038">
    <p class='ocr_par' dir='ltr' id='par_1_37' title="bbox 299 1955 1945 2038">
     <span class='ocr_line' id='line_1_37' title="bbox 299 1955 1945 2038; baseline 0.001 -27"><span class='ocrx_word' id='word_1_256' title='bbox 299 1957 463 2036; x_wconf 76' lang='grc' dir='ltr'>φησί,</span> <span class='ocrx_word' id='word_1_257' title='bbox 523 1955 850 2038; x_wconf 74' lang='grc' dir='ltr'>διαστρέφεις</span> <span class='ocrx_word' id='word_1_258' title='bbox 924 1959 1025 2026; x_wconf 72' lang='grc' dir='ltr'><strong>τὴν</strong></span> <span class='ocrx_word' id='word_1_259' title='bbox 1067 1966 1161 2016; x_wconf 87' lang='lat'><strong>106</strong></span> <span class='ocrx_word' id='word_1_260' title='bbox 1213 1966 1344 2017; x_wconf 88' lang='grc' dir='ltr'><strong>Οεοῦ</strong></span> <span class='ocrx_word' id='word_1_261' title='bbox 1402 1958 1780 2031; x_wconf 75' lang='grc' dir='ltr'>Ἐκκλησίάν;</span> <span class='ocrx_word' id='word_1_262' title='bbox 1839 1961 1945 2016; x_wconf 72' lang='grc' dir='ltr'>Οὔκ</span> 
     </span>
    </p>
   </div>
   <div class='ocr_carea' id='block_1_38' title="bbox 301 2044 1940 2128">
    <p class='ocr_par' dir='ltr' id='par_1_38' title="bbox 301 2044 1940 2128">
     <span class='ocr_line' id='line_1_38' title="bbox 301 2044 1940 2128; baseline 0.001 -26"><span class='ocrx_word' id='word_1_263' title='bbox 301 2047 415 2124; x_wconf 78' lang='grc' dir='ltr'><strong>ἐγὼ</strong></span> <span class='ocrx_word' id='word_1_264' title='bbox 464 2044 778 2128; x_wconf 78' lang='grc' dir='ltr'>διαστρέφω,</span> <span class='ocrx_word' id='word_1_265' title='bbox 813 2049 968 2105; x_wconf 80' lang='grc' dir='ltr'>εἶπεν</span> <span class='ocrx_word' id='word_1_266' title='bbox 1015 2051 1042 2103; x_wconf 86' lang='lat'><strong>6</strong></span> <span class='ocrx_word' id='word_1_267' title='bbox 1073 2048 1266 2127; x_wconf 86' lang='grc' dir='ltr'>μέγας,</span> <span class='ocrx_word' id='word_1_268' title='bbox 1298 2047 1435 2104; x_wconf 81' lang='grc' dir='ltr'>ἀλλὰ</span> <span class='ocrx_word' id='word_1_269' title='bbox 1483 2049 1544 2104; x_wconf 85' lang='grc' dir='ltr'><strong>σὺ</strong></span> <span class='ocrx_word' id='word_1_270' title='bbox 1589 2049 1674 2103; x_wconf 81' lang='grc' dir='ltr'>καὶ</span> <span class='ocrx_word' id='word_1_271' title='bbox 1705 2051 1732 2103; x_wconf 97' lang='lat'><strong>6</strong></span> <span class='ocrx_word' id='word_1_272' title='bbox 1787 2048 1940 2110; x_wconf 76' lang='grc' dir='ltr'>οἶκος</span> 
     </span>
    </p>
   </div>
   <div class='ocr_carea' id='block_1_39' title="bbox 301 2137 1936 2215">
    <p class='ocr_par' dir='ltr' id='par_1_39' title="bbox 301 2137 1936 2215">
     <span class='ocr_line' id='line_1_39' title="bbox 301 2137 1936 2215; baseline 0 -23"><span class='ocrx_word' id='word_1_273' title='bbox 301 2144 399 2192; x_wconf 75' lang='grc' dir='ltr'><strong>τοὺ</strong></span> <span class='ocrx_word' id='word_1_274' title='bbox 453 2137 651 2215; x_wconf 85' lang='grc' dir='ltr'>πατρός</span> <span class='ocrx_word' id='word_1_275' title='bbox 697 2160 790 2194; x_wconf 89' lang='grc' dir='ltr'><strong>σου</strong></span> <span class='ocrx_word' id='word_1_276' title='bbox 822 2141 916 2195; x_wconf 85' lang='lat'><strong>106</strong></span> <span class='ocrx_word' id='word_1_277' title='bbox 959 2145 1190 2198; x_wconf 82' lang='grc' dir='ltr'>Σατανᾶ.</span> <span class='ocrx_word' id='word_1_278' title='bbox 1244 2140 1341 2196; x_wconf 85' lang='grc' dir='ltr'>Καὶ</span> <span class='ocrx_word' id='word_1_279' title='bbox 1391 2141 1418 2194; x_wconf 87' lang='lat'><strong>6</strong></span> <span class='ocrx_word' id='word_1_280' title='bbox 1473 2138 1725 2212; x_wconf 75' lang='grc' dir='ltr'>Εὗνόμιος</span> <span class='ocrx_word' id='word_1_281' title='bbox 1776 2139 1936 2201; x_wconf 80' lang='grc' dir='ltr'>αὖθις·</span> 
     </span>
    </p>
   </div>
   <div class='ocr_carea' id='block_1_40' title="bbox 301 2225 1945 2306">
    <p class='ocr_par' dir='ltr' id='par_1_40' title="bbox 301 2225 1945 2306">
     <span class='ocr_line' id='line_1_40' title="bbox 301 2225 1945 2306; baseline -0.001 -23"><span class='ocrx_word' id='word_1_282' title='bbox 301 2232 420 2283; x_wconf 84' lang='grc' dir='ltr'>Τῶν</span> <span class='ocrx_word' id='word_1_283' title='bbox 478 2225 834 2304; x_wconf 75' lang='grc' dir='ltr'>εὖαγγελικῶν</span> <span class='ocrx_word' id='word_1_284' title='bbox 904 2228 1158 2305; x_wconf 79' lang='grc' dir='ltr'><strong>ῥημάτων</strong></span> <span class='ocrx_word' id='word_1_285' title='bbox 1214 2227 1395 2306; x_wconf 77' lang='grc' dir='ltr'>ὕτερον</span> <span class='ocrx_word' id='word_1_286' title='bbox 1438 2235 1528 2284; x_wconf 80' lang='grc' dir='ltr'>τοῦ</span> <span class='ocrx_word' id='word_1_287' title='bbox 1591 2228 1795 2305; x_wconf 80' lang='grc' dir='ltr'>Πατρὸς</span> <span class='ocrx_word' id='word_1_288' title='bbox 1853 2227 1945 2282; x_wconf 85' lang='lat' dir='ltr'><strong>16v</strong></span> 
     </span>
    </p>
   </div>
   <div class='ocr_carea' id='block_1_41' title="bbox 305 2316 1948 2396">
    <p class='ocr_par' dir='ltr' id='par_1_41' title="bbox 305 2316 1948 2396">
     <span class='ocr_line' id='line_1_41' title="bbox 305 2316 1948 2396; baseline 0.001 -25"><span class='ocrx_word' id='word_1_289' title='bbox 305 2317 429 2372; x_wconf 68' lang='grc' dir='ltr'><strong>Υἱὸν</strong></span> <span class='ocrx_word' id='word_1_290' title='bbox 493 2316 635 2372; x_wconf 77' lang='grc' dir='ltr'>εἶναι</span> <span class='ocrx_word' id='word_1_291' title='bbox 678 2317 814 2373; x_wconf 81' lang='grc' dir='ltr'>κατὰ</span> <span class='ocrx_word' id='word_1_292' title='bbox 875 2319 1072 2396; x_wconf 82' lang='grc' dir='ltr'>χρόνον</span> <span class='ocrx_word' id='word_1_293' title='bbox 1141 2316 1404 2395; x_wconf 83' lang='grc' dir='ltr'>λὲγόντων</span> <span class='ocrx_word' id='word_1_294' title='bbox 1465 2321 1562 2374; x_wconf 63' lang='grc' dir='ltr'><strong>καὶ</strong></span> <span class='ocrx_word' id='word_1_295' title='bbox 1622 2316 1814 2384; x_wconf 70' lang='grc' dir='ltr'>ἥττονα</span> <span class='ocrx_word' id='word_1_296' title='bbox 1858 2322 1948 2373; x_wconf 83' lang='grc' dir='ltr'><strong>τοῦ</strong></span> 
     </span>
    </p>
   </div>
   <div class='ocr_carea' id='block_1_42' title="bbox 308 2406 1948 2485">
    <p class='ocr_par' dir='ltr' id='par_1_42' title="bbox 308 2406 1948 2485">
     <span class='ocr_line' id='line_1_42' title="bbox 308 2406 1948 2485; baseline 0.001 -25"><span class='ocrx_word' id='word_1_297' title='bbox 308 2406 536 2479; x_wconf 77' lang='grc' dir='ltr'>Πατρὺς,</span> <span class='ocrx_word' id='word_1_298' title='bbox 570 2409 680 2471; x_wconf 81' lang='grc' dir='ltr'><strong>πῶς</strong></span> <span class='ocrx_word' id='word_1_299' title='bbox 738 2408 894 2473; x_wconf 75' lang='grc' dir='ltr'>ὑμεῖς</span> <span class='ocrx_word' id='word_1_300' title='bbox 956 2409 1248 2485; x_wconf 79' lang='grc' dir='ltr'>σύγχρονον</span> <span class='ocrx_word' id='word_1_301' title='bbox 1307 2409 1390 2462; x_wconf 73' lang='grc' dir='ltr'>καὶ</span> <span class='ocrx_word' id='word_1_302' title='bbox 1434 2408 1740 2480; x_wconf 78' lang='grc' dir='ltr'>ὁμοιούσιον</span> <span class='ocrx_word' id='word_1_303' title='bbox 1793 2408 1948 2465; x_wconf 67' lang='grc' dir='ltr'>αὐτὸν</span> 
     </span>
    </p>
   </div>
   <div class='ocr_carea' id='block_1_43' title="bbox 308 2494 1949 2576">
    <p class='ocr_par' dir='ltr' id='par_1_43' title="bbox 308 2494 1949 2576">
     <span class='ocr_line' id='line_1_43' title="bbox 308 2494 1949 2576; baseline 0.002 -27"><span class='ocrx_word' id='word_1_304' title='bbox 308 2494 455 2550; x_wconf 74' lang='grc' dir='ltr'>εἷναί</span> <span class='ocrx_word' id='word_1_305' title='bbox 509 2516 638 2574; x_wconf 79' lang='grc' dir='ltr'>φατε</span> <span class='ocrx_word' id='word_1_306' title='bbox 673 2515 690 2566; x_wconf 86' lang='grc'>;</span> <span class='ocrx_word' id='word_1_307' title='bbox 733 2498 872 2563; x_wconf 81' lang='grc' dir='ltr'>Φησὶ</span> <span class='ocrx_word' id='word_1_308' title='bbox 901 2498 1001 2574; x_wconf 80' lang='grc' dir='ltr'><strong>γὰρ</strong></span> <span class='ocrx_word' id='word_1_309' title='bbox 1023 2498 1056 2563; x_wconf 84' lang='grc' dir='ltr'>ἡ</span> <span class='ocrx_word' id='word_1_310' title='bbox 1088 2495 1335 2575; x_wconf 84' lang='grc' dir='ltr'>θεολόγος</span> <span class='ocrx_word' id='word_1_311' title='bbox 1366 2497 1535 2576; x_wconf 68' lang='grc' dir='ltr'>φωνή·</span> <span class='ocrx_word' id='word_1_312' title='bbox 1606 2519 1628 2552; x_wconf 72' lang='grc' dir='ltr'>ι</span> <span class='ocrx_word' id='word_1_313' title='bbox 1669 2497 1758 2553; x_wconf 90' lang='grc' dir='ltr'><strong>Ἐν</strong></span> <span class='ocrx_word' id='word_1_314' title='bbox 1803 2496 1949 2574; x_wconf 80' lang='grc' dir='ltr'><strong>ἁρχῆ</strong></span> 
     </span>
    </p>
   </div>
   <div class='ocr_carea' id='block_1_44' title="bbox 306 2583 1949 2664">
    <p class='ocr_par' dir='ltr' id='par_1_44' title="bbox 306 2583 1949 2664">
     <span class='ocr_line' id='line_1_44' title="bbox 306 2583 1949 2664; baseline 0.001 -26"><span class='ocrx_word' id='word_1_315' title='bbox 306 2584 374 2651; x_wconf 76' lang='grc' dir='ltr'><strong>ἦν</strong></span> <span class='ocrx_word' id='word_1_316' title='bbox 420 2585 446 2639; x_wconf 87' lang='lat'><strong>6</strong></span> <span class='ocrx_word' id='word_1_317' title='bbox 480 2584 672 2662; x_wconf 86' lang='grc' dir='ltr'>Λόγος.</span> <span class='ocrx_word' id='word_1_318' title='bbox 713 2607 740 2639; x_wconf 72' lang='grc' dir='ltr'>ι)</span> <span class='ocrx_word' id='word_1_319' title='bbox 781 2587 837 2642; x_wconf 75' lang='grc' dir='ltr'>ΕΞ</span> <span class='ocrx_word' id='word_1_320' title='bbox 889 2588 944 2640; x_wconf 72' lang='grc' dir='ltr'>ἒν</span> <span class='ocrx_word' id='word_1_321' title='bbox 975 2587 1120 2663; x_wconf 77' lang='grc' dir='ltr'>ἀρχῇ</span> <span class='ocrx_word' id='word_1_322' title='bbox 1153 2591 1242 2658; x_wconf 80' lang='grc' dir='ltr'><strong>ἦν,</strong></span> <span class='ocrx_word' id='word_1_323' title='bbox 1278 2583 1438 2654; x_wconf 77' lang='grc' dir='ltr'>δῇλον</span> <span class='ocrx_word' id='word_1_324' title='bbox 1494 2588 1566 2650; x_wconf 84' lang='grc' dir='ltr'>ὡς</span> <span class='ocrx_word' id='word_1_325' title='bbox 1595 2585 1807 2664; x_wconf 78' lang='grc' dir='ltr'>ὕστερός</span> <span class='ocrx_word' id='word_1_326' title='bbox 1840 2585 1949 2640; x_wconf 81' lang='grc' dir='ltr'>ἐστι</span> 
     </span>
    </p>
   </div>
   <div class='ocr_carea' id='block_1_45' title="bbox 305 2673 1946 2754">
    <p class='ocr_par' dir='ltr' id='par_1_45' title="bbox 305 2673 1946 2754">
     <span class='ocr_line' id='line_1_45' title="bbox 305 2673 1946 2754; baseline -0.001 -25"><span class='ocrx_word' id='word_1_327' title='bbox 305 2680 400 2729; x_wconf 82' lang='grc' dir='ltr'><strong>τοῦ</strong></span> <span class='ocrx_word' id='word_1_328' title='bbox 453 2673 692 2753; x_wconf 82' lang='grc' dir='ltr'>ἀνάρχου</span> <span class='ocrx_word' id='word_1_329' title='bbox 751 2676 980 2753; x_wconf 82' lang='grc' dir='ltr'>Πατρός·</span> <span class='ocrx_word' id='word_1_330' title='bbox 1043 2680 1187 2754; x_wconf 76' lang='grc' dir='ltr'>πᾷσα</span> <span class='ocrx_word' id='word_1_331' title='bbox 1229 2675 1330 2752; x_wconf 77' lang='grc' dir='ltr'>γὰρ</span> <span class='ocrx_word' id='word_1_332' title='bbox 1378 2675 1525 2754; x_wconf 49' lang='grc' dir='ltr'><strong>ἀρλὴ</strong></span> <span class='ocrx_word' id='word_1_333' title='bbox 1584 2675 1686 2731; x_wconf 72' lang='grc' dir='ltr'><strong>ὅπό</strong></span> <span class='ocrx_word' id='word_1_334' title='bbox 1730 2674 1946 2754; x_wconf 72' lang='grc' dir='ltr'>χρόνονο</span> 
     </span>
    </p>
   </div>
   <div class='ocr_carea' id='block_1_46' title="bbox 307 2751 1952 2843">
    <p class='ocr_par' dir='ltr' id='par_1_46' title="bbox 307 2751 1952 2843">
     <span class='ocr_line' id='line_1_46' title="bbox 307 2751 1952 2843; baseline 0.002 -26"><span class='ocrx_word' id='word_1_335' title='bbox 307 2751 632 2842; x_wconf 76' lang='grc' dir='ltr'>ὑπέρχρονος</span> <span class='ocrx_word' id='word_1_336' title='bbox 662 2762 716 2818; x_wconf 80' lang='grc' dir='ltr'><strong>δὲ</strong></span> <span class='ocrx_word' id='word_1_337' title='bbox 774 2751 1034 2840; x_wconf 79' lang='grc' dir='ltr'>ὁΠατήρ.</span> <span class='ocrx_word' id='word_1_338' title='bbox 1092 2751 1186 2820; x_wconf 50' lang='grc' dir='ltr'><strong>Ἠν</strong></span> <span class='ocrx_word' id='word_1_339' title='bbox 1237 2751 1422 2820; x_wconf 23' lang='grc' dir='ltr'>τοίνυν.</span> <span class='ocrx_word' id='word_1_340' title='bbox 1449 2751 1655 2843; x_wconf 16' lang='grc' dir='ltr'>*χρόνος</span> <span class='ocrx_word' id='word_1_341' title='bbox 1857 2763 1952 2820; x_wconf 77' lang='grc' dir='ltr'><strong>οὒκ</strong></span> 
     </span>
    </p>
   </div>
   <div class='ocr_carea' id='block_1_47' title="bbox 303 2851 1949 2933">
    <p class='ocr_par' dir='ltr' id='par_1_47' title="bbox 303 2851 1949 2933">
     <span class='ocr_line' id='line_1_47' title="bbox 303 2851 1949 2933; baseline 0.001 -26"><span class='ocrx_word' id='word_1_342' title='bbox 303 2851 366 2919; x_wconf 78' lang='grc' dir='ltr'><strong>ἦν</strong></span> <span class='ocrx_word' id='word_1_343' title='bbox 403 2854 430 2907; x_wconf 80' lang='lat'><strong>6</strong></span> <span class='ocrx_word' id='word_1_344' title='bbox 461 2854 602 2915; x_wconf 81' lang='grc' dir='ltr'>Υἱός.</span> <span class='ocrx_word' id='word_1_345' title='bbox 651 2851 826 2927; x_wconf 78' lang='grc' dir='ltr'>Ἀλλ’,</span> <span class='ocrx_word' id='word_1_346' title='bbox 861 2856 905 2908; x_wconf 81' lang='grc' dir='ltr'>ὦ</span> <span class='ocrx_word' id='word_1_347' title='bbox 935 2853 1200 2930; x_wconf 83' lang='grc' dir='ltr'>βέλτιστε.</span> <span class='ocrx_word' id='word_1_348' title='bbox 1257 2856 1284 2909; x_wconf 90' lang='lat'><strong>6</strong></span> <span class='ocrx_word' id='word_1_349' title='bbox 1318 2852 1674 2933; x_wconf 77' lang='grc' dir='ltr'>Ἀμφιλόχιος</span> <span class='ocrx_word' id='word_1_350' title='bbox 1724 2854 1949 2932; x_wconf 79' lang='grc' dir='ltr'>ἀπεκρί-</span> 
     </span>
    </p>
   </div>
   <div class='ocr_carea' id='block_1_48' title="bbox 312 2941 1950 3023">
    <p class='ocr_par' dir='ltr' id='par_1_48' title="bbox 312 2941 1950 3023">
     <span class='ocr_line' id='line_1_48' title="bbox 312 2941 1950 3023; baseline 0.003 -29"><span class='ocrx_word' id='word_1_351' title='bbox 312 2963 458 3022; x_wconf 83' lang='grc' dir='ltr'>νατο,</span> <span class='ocrx_word' id='word_1_352' title='bbox 490 2942 671 3006; x_wconf 68' lang='grc' dir='ltr'>κακῶς</span> <span class='ocrx_word' id='word_1_353' title='bbox 731 2945 793 2998; x_wconf 91' lang='lat'><strong>16</strong></span> <span class='ocrx_word' id='word_1_354' title='bbox 839 2947 938 3010; x_wconf 79' lang='grc' dir='ltr'>τῆς</span> <span class='ocrx_word' id='word_1_355' title='bbox 993 2943 1170 3023; x_wconf 78' lang='grc' dir='ltr'>ἀρχῆς</span> <span class='ocrx_word' id='word_1_356' title='bbox 1220 2945 1614 3018; x_wconf 83' lang='grc' dir='ltr'>σημαινόμενον</span> <span class='ocrx_word' id='word_1_357' title='bbox 1673 2941 1950 3018; x_wconf 74' lang='grc' dir='ltr'>ἐκλαμϐά-</span> 
     </span>
    </p>
   </div>
   <div class='ocr_carea' id='block_1_49' title="bbox 314 3031 1950 3110">
    <p class='ocr_par' dir='ltr' id='par_1_49' title="bbox 314 3031 1950 3110">
     <span class='ocr_line' id='line_1_49' title="bbox 314 3031 1950 3110; baseline 0.002 -25"><span class='ocrx_word' id='word_1_358' title='bbox 314 3053 416 3085; x_wconf 88' lang='grc' dir='ltr'>νων</span> <span class='ocrx_word' id='word_1_359' title='bbox 455 3033 604 3105; x_wconf 64' lang='grc' dir='ltr'>ιιακῷ</span> <span class='ocrx_word' id='word_1_360' title='bbox 635 3033 1040 3108; x_wconf 77' lang='grc' dir='ltr'>συμπεράσματι</span> <span class='ocrx_word' id='word_1_361' title='bbox 1091 3033 1178 3089; x_wconf 86' lang='grc' dir='ltr'><strong>καὶ</strong></span> <span class='ocrx_word' id='word_1_362' title='bbox 1236 3033 1327 3088; x_wconf 78' lang='grc' dir='ltr'>τὸν</span> <span class='ocrx_word' id='word_1_363' title='bbox 1370 3033 1461 3088; x_wconf 83' lang='grc' dir='ltr'>σὸν</span> <span class='ocrx_word' id='word_1_364' title='bbox 1493 3031 1652 3110; x_wconf 89' lang='grc' dir='ltr'>λόγον</span> <span class='ocrx_word' id='word_1_365' title='bbox 1711 3034 1950 3108; x_wconf 74' lang='grc' dir='ltr'>συνήγα-</span> 
     </span>
    </p>
   </div>
   <div class='ocr_carea' id='block_1_50' title="bbox 2029 1862 3667 1942">
    <p class='ocr_par' dir='ltr' id='par_1_50' title="bbox 2029 1862 3667 1942">
     <span class='ocr_line' id='line_1_50' title="bbox 2029 1862 3667 1942; baseline 0.007 -20"><span class='ocrx_word' id='word_1_366' title='bbox 2029 1881 2162 1923; x_wconf 91' lang='lat' dir='ltr'><strong>mus</strong></span> <span class='ocrx_word' id='word_1_367' title='bbox 2212 1862 2392 1942; x_wconf 89' lang='lat' dir='ltr'><strong>patris</strong></span> <span class='ocrx_word' id='word_1_368' title='bbox 2422 1863 2503 1923; x_wconf 92' lang='lat' dir='ltr'><strong>tui</strong></span> <span class='ocrx_word' id='word_1_369' title='bbox 2535 1862 2788 1925; x_wconf 71' lang='lat' dir='ltr'><strong>Satanze.</strong></span> <span class='ocrx_word' id='word_1_370' title='bbox 2838 1864 3066 1925; x_wconf 70' lang='lat' dir='ltr'><strong>Deinde</strong></span> <span class='ocrx_word' id='word_1_371' title='bbox 3095 1863 3460 1930; x_wconf 89' lang='lat' dir='ltr'><strong>Eunomius:</strong></span> <span class='ocrx_word' id='word_1_372' title='bbox 3520 1871 3667 1933; x_wconf 91' lang='lat' dir='ltr'><strong>Cum</strong></span> 
     </span>
    </p>
   </div>
   <div class='ocr_carea' id='block_1_51' title="bbox 2029 1952 3667 2034">
    <p class='ocr_par' dir='ltr' id='par_1_51' title="bbox 2029 1952 3667 2034">
     <span class='ocr_line' id='line_1_51' title="bbox 2029 1952 3667 2034; baseline 0.005 -21"><span class='ocrx_word' id='word_1_373' title='bbox 2029 1953 2298 2014; x_wconf 87' lang='lat' dir='ltr'><strong>doctrina</strong></span> <span class='ocrx_word' id='word_1_374' title='bbox 2332 1952 2668 2030; x_wconf 78' lang='lat' dir='ltr'><strong>evangelica</strong></span> <span class='ocrx_word' id='word_1_375' title='bbox 2697 1952 2909 2014; x_wconf 89' lang='lat' dir='ltr'><strong>Filium</strong></span> <span class='ocrx_word' id='word_1_376' title='bbox 2955 1956 3348 2034; x_wconf 88' lang='lat' dir='ltr'><strong>posteriorem</strong></span> <span class='ocrx_word' id='word_1_377' title='bbox 3379 1957 3537 2020; x_wconf 88' lang='lat' dir='ltr'><strong>Patri</strong></span> <span class='ocrx_word' id='word_1_378' title='bbox 3567 1979 3667 2023; x_wconf 91' lang='lat' dir='ltr'><strong>se-</strong></span> 
     </span>
    </p>
   </div>
   <div class='ocr_carea' id='block_1_52' title="bbox 2027 2047 3671 2123">
    <p class='ocr_par' dir='ltr' id='par_1_52' title="bbox 2027 2047 3671 2123">
     <span class='ocr_line' id='line_1_52' title="bbox 2027 2047 3671 2123; baseline 0.007 -21"><span class='ocrx_word' id='word_1_379' title='bbox 2027 2047 2278 2102; x_wconf 87' lang='lat' dir='ltr'><strong>cundum</strong></span> <span class='ocrx_word' id='word_1_380' title='bbox 2306 2056 2528 2116; x_wconf 84' lang='lat' dir='ltr'><strong>tempus</strong></span> <span class='ocrx_word' id='word_1_381' title='bbox 2547 2057 2601 2103; x_wconf 87' lang='lat' dir='ltr'><strong>et</strong></span> <span class='ocrx_word' id='word_1_382' title='bbox 2619 2049 2899 2104; x_wconf 88' lang='lat' dir='ltr'><strong>minorem</strong></span> <span class='ocrx_word' id='word_1_383' title='bbox 2933 2063 3058 2103; x_wconf 81' lang='lat' dir='ltr'><strong>esse</strong></span> <span class='ocrx_word' id='word_1_384' title='bbox 3089 2050 3358 2120; x_wconf 84' lang='lat' dir='ltr'><strong>declaret,</strong></span> <span class='ocrx_word' id='word_1_385' title='bbox 3381 2057 3671 2123; x_wconf 89' lang='lat' dir='ltr'><strong>quomodo</strong></span> 
     </span>
    </p>
   </div>
   <div class='ocr_carea' id='block_1_53' title="bbox 2027 2130 3669 2211">
    <p class='ocr_par' dir='ltr' id='par_1_53' title="bbox 2027 2130 3669 2211">
     <span class='ocr_line' id='line_1_53' title="bbox 2027 2130 3669 2211; baseline 0.007 -22"><span class='ocrx_word' id='word_1_386' title='bbox 2027 2147 2130 2190; x_wconf 84' lang='lat' dir='ltr'><strong>vos</strong></span> <span class='ocrx_word' id='word_1_387' title='bbox 2159 2130 2665 2209; x_wconf 89' lang='lat' dir='ltr'><strong>contemporalem</strong></span> <span class='ocrx_word' id='word_1_388' title='bbox 2713 2143 2888 2211; x_wconf 88' lang='lat' dir='ltr'><strong>atque</strong></span> <span class='ocrx_word' id='word_1_389' title='bbox 2919 2132 3484 2197; x_wconf 87' lang='lat' dir='ltr'><strong>consubstantialem</strong></span> <span class='ocrx_word' id='word_1_390' title='bbox 3530 2157 3669 2201; x_wconf 90' lang='lat' dir='ltr'><strong>eum</strong></span> 
     </span>
    </p>
   </div>
   <div class='ocr_carea' id='block_1_54' title="bbox 2028 2217 3671 2302">
    <p class='ocr_par' dir='ltr' id='par_1_54' title="bbox 2028 2217 3671 2302">
     <span class='ocr_line' id='line_1_54' title="bbox 2028 2217 3671 2302; baseline 0.007 -23"><span class='ocrx_word' id='word_1_391' title='bbox 2028 2217 2255 2279; x_wconf 86' lang='lat' dir='ltr'><strong>dicitis?</strong></span> <span class='ocrx_word' id='word_1_392' title='bbox 2285 2218 2620 2296; x_wconf 82' lang='lat' dir='ltr'><strong>Theologus</strong></span> <span class='ocrx_word' id='word_1_393' title='bbox 2644 2220 2800 2281; x_wconf 87' lang='lat' dir='ltr'><strong>enim</strong></span> <span class='ocrx_word' id='word_1_394' title='bbox 2820 2222 2922 2282; x_wconf 90' lang='lat' dir='ltr'><strong>ait:</strong></span> <span class='ocrx_word' id='word_1_395' title='bbox 2949 2219 3011 2281; x_wconf 94' lang='lat' dir='ltr'><strong>In</strong></span> <span class='ocrx_word' id='word_1_396' title='bbox 3038 2222 3332 2302; x_wconf 83' lang='lat' dir='ltr'><strong>principio</strong></span> <span class='ocrx_word' id='word_1_397' title='bbox 3363 2235 3488 2288; x_wconf 87' lang='lat' dir='ltr'><strong>erat</strong></span> <span class='ocrx_word' id='word_1_398' title='bbox 3516 2230 3671 2291; x_wconf 88' lang='lat' dir='ltr'><strong>Ver-</strong></span> 
     </span>
    </p>
   </div>
   <div class='ocr_carea' id='block_1_55' title="bbox 2029 2307 3671 2390">
    <p class='ocr_par' dir='ltr' id='par_1_55' title="bbox 2029 2307 3671 2390">
     <span class='ocr_line' id='line_1_55' title="bbox 2029 2307 3671 2390; baseline 0.007 -21"><span class='ocrx_word' id='word_1_399' title='bbox 2029 2307 2328 2369; x_wconf 75' lang='lat' dir='ltr'><strong>bumJam</strong></span> <span class='ocrx_word' id='word_1_400' title='bbox 2348 2309 2398 2369; x_wconf 92' lang='lat' dir='ltr'><strong>si</strong></span> <span class='ocrx_word' id='word_1_401' title='bbox 2416 2309 2479 2370; x_wconf 89' lang='lat' dir='ltr'><strong>in</strong></span> <span class='ocrx_word' id='word_1_402' title='bbox 2505 2309 2796 2389; x_wconf 89' lang='lat' dir='ltr'><strong>principio</strong></span> <span class='ocrx_word' id='word_1_403' title='bbox 2819 2310 2948 2388; x_wconf 80' lang='lat' dir='ltr'><strong>fuit,</strong></span> <span class='ocrx_word' id='word_1_404' title='bbox 2967 2312 3356 2390; x_wconf 87' lang='lat' dir='ltr'><strong>posteriorem</strong></span> <span class='ocrx_word' id='word_1_405' title='bbox 3379 2333 3510 2378; x_wconf 92' lang='lat' dir='ltr'><strong>esse</strong></span> <span class='ocrx_word' id='word_1_406' title='bbox 3535 2337 3671 2381; x_wconf 90' lang='lat' dir='ltr'><strong>eum</strong></span> 
     </span>
    </p>
   </div>
   <div class='ocr_carea' id='block_1_56' title="bbox 2032 2397 3667 2478">
    <p class='ocr_par' dir='ltr' id='par_1_56' title="bbox 2032 2397 3667 2478">
     <span class='ocr_line' id='line_1_56' title="bbox 2032 2397 3667 2478; baseline 0.007 -20"><span class='ocrx_word' id='word_1_407' title='bbox 2032 2405 2280 2477; x_wconf 88' lang='lat' dir='ltr'><strong>apparet</strong></span> <span class='ocrx_word' id='word_1_408' title='bbox 2298 2397 2470 2459; x_wconf 88' lang='lat' dir='ltr'><strong>Patre</strong></span> <span class='ocrx_word' id='word_1_409' title='bbox 2500 2399 2598 2478; x_wconf 89' lang='lat' dir='ltr'><strong>qui</strong></span> <span class='ocrx_word' id='word_1_410' title='bbox 2619 2399 2789 2460; x_wconf 90' lang='lat' dir='ltr'><strong>initio</strong></span> <span class='ocrx_word' id='word_1_411' title='bbox 2819 2409 2999 2460; x_wconf 89' lang='lat' dir='ltr'><strong>caret.</strong></span> <span class='ocrx_word' id='word_1_412' title='bbox 3028 2400 3221 2463; x_wconf 88' lang='lat' dir='ltr'><strong>Omne</strong></span> <span class='ocrx_word' id='word_1_413' title='bbox 3253 2404 3410 2464; x_wconf 91' lang='lat' dir='ltr'><strong>enim</strong></span> <span class='ocrx_word' id='word_1_414' title='bbox 3437 2406 3667 2469; x_wconf 90' lang='lat' dir='ltr'><strong>initium</strong></span> 
     </span>
    </p>
   </div>
   <div class='ocr_carea' id='block_1_57' title="bbox 2033 2489 3673 2570">
    <p class='ocr_par' dir='ltr' id='par_1_57' title="bbox 2033 2489 3673 2570">
     <span class='ocr_line' id='line_1_57' title="bbox 2033 2489 3673 2570; baseline 0.007 -24"><span class='ocrx_word' id='word_1_415' title='bbox 2033 2492 2143 2547; x_wconf 84' lang='lat' dir='ltr'><strong>sub</strong></span> <span class='ocrx_word' id='word_1_416' title='bbox 2172 2497 2402 2565; x_wconf 83' lang='lat' dir='ltr'><strong>tempus</strong></span> <span class='ocrx_word' id='word_1_417' title='bbox 2420 2489 2780 2563; x_wconf 87' lang='lat' dir='ltr'><strong>cadit;Pater</strong></span> <span class='ocrx_word' id='word_1_418' title='bbox 2795 2497 2990 2549; x_wconf 88' lang='lat' dir='ltr'><strong>autem</strong></span> <span class='ocrx_word' id='word_1_419' title='bbox 3009 2496 3244 2570; x_wconf 86' lang='lat' dir='ltr'><strong>tempus</strong></span> <span class='ocrx_word' id='word_1_420' title='bbox 3264 2495 3518 2558; x_wconf 85' lang='lat' dir='ltr'><strong>excedit.</strong></span> <span class='ocrx_word' id='word_1_421' title='bbox 3542 2497 3673 2557; x_wconf 83' lang='lat' dir='ltr'><strong>Fuit</strong></span> 
     </span>
    </p>
   </div>
   <div class='ocr_carea' id='block_1_58' title="bbox 2031 2577 3673 2653">
    <p class='ocr_par' dir='ltr' id='par_1_58' title="bbox 2031 2577 3673 2653">
     <span class='ocr_line' id='line_1_58' title="bbox 2031 2577 3673 2653; baseline 0.009 -21"><span class='ocrx_word' id='word_1_422' title='bbox 2031 2577 2206 2649; x_wconf 77' lang='lat' dir='ltr'><strong>igitur</strong></span> <span class='ocrx_word' id='word_1_423' title='bbox 2231 2586 2454 2648; x_wconf 90' lang='lat' dir='ltr'><strong>tempus</strong></span> <span class='ocrx_word' id='word_1_424' title='bbox 2485 2593 2596 2649; x_wconf 86' lang='lat' dir='ltr'><strong>quo</strong></span> <span class='ocrx_word' id='word_1_425' title='bbox 2630 2579 2804 2635; x_wconf 81' lang='lat' dir='ltr'><strong>Filius</strong></span> <span class='ocrx_word' id='word_1_426' title='bbox 2827 2580 3087 2636; x_wconf 79' lang='lat' dir='ltr'><strong>nonfuit.</strong></span> <span class='ocrx_word' id='word_1_427' title='bbox 3121 2586 3190 2639; x_wconf 84' lang='lat' dir='ltr'><strong>At</strong></span> <span class='ocrx_word' id='word_1_428' title='bbox 3215 2591 3293 2646; x_wconf 86' lang='lat' dir='ltr'><strong>tu.</strong></span> <span class='ocrx_word' id='word_1_429' title='bbox 3315 2585 3673 2653; x_wconf 78' lang='lat' dir='ltr'><strong>charissima.</strong></span> 
     </span>
    </p>
   </div>
   <div class='ocr_carea' id='block_1_59' title="bbox 2031 2659 3671 2750">
    <p class='ocr_par' dir='ltr' id='par_1_59' title="bbox 2031 2659 3671 2750">
     <span class='ocr_line' id='line_1_59' title="bbox 2031 2659 3671 2750; baseline 0.007 -28"><span class='ocrx_word' id='word_1_430' title='bbox 2031 2659 2485 2742; x_wconf 87' lang='lat' dir='ltr'><strong>Amphilochius</strong></span> <span class='ocrx_word' id='word_1_431' title='bbox 2514 2665 2910 2743; x_wconf 89' lang='lat' dir='ltr'><strong>respondit,et</strong></span> <span class='ocrx_word' id='word_1_432' title='bbox 2926 2664 3288 2747; x_wconf 90' lang='lat' dir='ltr'><strong>principium</strong></span> <span class='ocrx_word' id='word_1_433' title='bbox 3312 2669 3561 2750; x_wconf 88' lang='lat' dir='ltr'><strong>ejusque</strong></span> <span class='ocrx_word' id='word_1_434' title='bbox 3583 2673 3671 2732; x_wconf 92' lang='lat' dir='ltr'><strong>si-</strong></span> 
     </span>
    </p>
   </div>
   <div class='ocr_carea' id='block_1_60' title="bbox 2034 2752 3674 2830">
    <p class='ocr_par' dir='ltr' id='par_1_60' title="bbox 2034 2752 3674 2830">
     <span class='ocr_line' id='line_1_60' title="bbox 2034 2752 3674 2830; baseline 0.007 -18"><span class='ocrx_word' id='word_1_435' title='bbox 2034 2752 2472 2830; x_wconf 71' lang='lat' dir='ltr'><strong>gniﬁcationem</strong></span> <span class='ocrx_word' id='word_1_436' title='bbox 2498 2752 2651 2814; x_wconf 88' lang='lat' dir='ltr'><strong>male</strong></span> <span class='ocrx_word' id='word_1_437' title='bbox 2672 2753 3102 2820; x_wconf 85' lang='lat' dir='ltr'><strong>intellexisti.et</strong></span> <span class='ocrx_word' id='word_1_438' title='bbox 3123 2757 3277 2817; x_wconf 90' lang='lat' dir='ltr'><strong>mala</strong></span> <span class='ocrx_word' id='word_1_439' title='bbox 3291 2760 3674 2824; x_wconf 89' lang='lat' dir='ltr'><strong>conclusione</strong></span> 
     </span>
    </p>
   </div>
   <div class='ocr_carea' id='block_1_61' title="bbox 2034 2841 3678 2922">
    <p class='ocr_par' dir='ltr' id='par_1_61' title="bbox 2034 2841 3678 2922">
     <span class='ocr_line' id='line_1_61' title="bbox 2034 2841 3678 2922; baseline 0.007 -22"><span class='ocrx_word' id='word_1_440' title='bbox 2034 2841 2362 2901; x_wconf 90' lang='lat' dir='ltr'><strong>orationem</strong></span> <span class='ocrx_word' id='word_1_441' title='bbox 2389 2850 2546 2902; x_wconf 88' lang='lat' dir='ltr'><strong>tuam</strong></span> <span class='ocrx_word' id='word_1_442' title='bbox 2567 2843 2974 2922; x_wconf 87' lang='lat' dir='ltr'><strong>composuisti.</strong></span> <span class='ocrx_word' id='word_1_443' title='bbox 3008 2842 3072 2905; x_wconf 90' lang='lat' dir='ltr'><strong>Si</strong></span> <span class='ocrx_word' id='word_1_444' title='bbox 3096 2849 3257 2906; x_wconf 89' lang='lat' dir='ltr'><strong>enim</strong></span> <span class='ocrx_word' id='word_1_445' title='bbox 3283 2845 3544 2910; x_wconf 89' lang='lat' dir='ltr'><strong>Verbum</strong></span> <span class='ocrx_word' id='word_1_446' title='bbox 3569 2851 3678 2913; x_wconf 80' lang='lat' dir='ltr'><strong>fuit</strong></span> 
     </span>
    </p>
   </div>
   <div class='ocr_carea' id='block_1_62' title="bbox 2034 2929 3675 3018">
    <p class='ocr_par' dir='ltr' id='par_1_62' title="bbox 2034 2929 3675 3018">
     <span class='ocr_line' id='line_1_62' title="bbox 2034 2929 3675 3018; baseline 0.007 -26"><span class='ocrx_word' id='word_1_447' title='bbox 2034 2929 2218 3010; x_wconf 84' lang='lat' dir='ltr'><strong>Deus,</strong></span> <span class='ocrx_word' id='word_1_448' title='bbox 2246 2938 2304 2992; x_wconf 92' lang='lat' dir='ltr'><strong>et</strong></span> <span class='ocrx_word' id='word_1_449' title='bbox 2324 2933 2526 2993; x_wconf 90' lang='lat' dir='ltr'><strong>omnia</strong></span> <span class='ocrx_word' id='word_1_450' title='bbox 2560 2950 2668 3011; x_wconf 91' lang='lat' dir='ltr'><strong>per</strong></span> <span class='ocrx_word' id='word_1_451' title='bbox 2689 2933 2830 2993; x_wconf 90' lang='lat' dir='ltr'><strong>illud</strong></span> <span class='ocrx_word' id='word_1_452' title='bbox 2865 2934 3016 2994; x_wconf 82' lang='lat' dir='ltr'><strong>facta</strong></span> <span class='ocrx_word' id='word_1_453' title='bbox 3044 2944 3446 3018; x_wconf 83' lang='lat' dir='ltr'><strong>sunt,tempus</strong></span> <span class='ocrx_word' id='word_1_454' title='bbox 3475 2949 3675 3003; x_wconf 90' lang='lat' dir='ltr'><strong>autem</strong></span> 
     </span>
    </p>
   </div>
   <div class='ocr_carea' id='block_1_63' title="bbox 2036 3019 3674 3104">
    <p class='ocr_par' dir='ltr' id='par_1_63' title="bbox 2036 3019 3674 3104">
     <span class='ocr_line' id='line_1_63' title="bbox 2036 3019 3674 3104; baseline 0.009 -25"><span class='ocrx_word' id='word_1_455' title='bbox 2036 3020 2096 3079; x_wconf 93' lang='lat' dir='ltr'><strong>in</strong></span> <span class='ocrx_word' id='word_1_456' title='bbox 2126 3019 2198 3080; x_wconf 90' lang='lat' dir='ltr'><strong>iis</strong></span> <span class='ocrx_word' id='word_1_457' title='bbox 2215 3037 2351 3096; x_wconf 66' lang='lat' dir='ltr'><strong>qua;</strong></span> <span class='ocrx_word' id='word_1_458' title='bbox 2375 3021 2525 3080; x_wconf 79' lang='lat' dir='ltr'><strong>facta</strong></span> <span class='ocrx_word' id='word_1_459' title='bbox 2545 3030 2681 3082; x_wconf 90' lang='lat' dir='ltr'><strong>sunt</strong></span> <span class='ocrx_word' id='word_1_460' title='bbox 2702 3031 2979 3083; x_wconf 89' lang='lat' dir='ltr'><strong>ceusetur</strong></span> <span class='ocrx_word' id='word_1_461' title='bbox 3009 3025 3349 3104; x_wconf 86' lang='lat' dir='ltr'><strong>(Apostolus</strong></span> <span class='ocrx_word' id='word_1_462' title='bbox 3371 3030 3529 3090; x_wconf 88' lang='lat' dir='ltr'><strong>enim</strong></span> <span class='ocrx_word' id='word_1_463' title='bbox 3553 3032 3634 3093; x_wconf 85' lang='lat' dir='ltr'><strong>ait</strong></span> <span class='ocrx_word' id='word_1_464' title='bbox 3659 3050 3674 3094; x_wconf 92' lang='lat'><strong>:</strong></span> 
     </span>
    </p>
   </div>
   <div class='ocr_carea' id='block_1_64' title="bbox 310 3107 1949 3200">
    <p class='ocr_par' dir='ltr' id='par_1_64' title="bbox 310 3107 1949 3200">
     <span class='ocr_line' id='line_1_64' title="bbox 310 3107 1949 3200; baseline 0.002 -24"><span class='ocrx_word' id='word_1_465' title='bbox 310 3137 426 3197; x_wconf 83' lang='grc' dir='ltr'>γες·</span> <span class='ocrx_word' id='word_1_466' title='bbox 460 3122 516 3176; x_wconf 83' lang='grc' dir='ltr'><strong>Εἰ</strong></span> <span class='ocrx_word' id='word_1_467' title='bbox 559 3122 658 3199; x_wconf 81' lang='grc' dir='ltr'><strong>γὰρ</strong></span> <span class='ocrx_word' id='word_1_468' title='bbox 710 3107 840 3186; x_wconf 83' lang='grc' dir='ltr'>Θεὸς</span> <span class='ocrx_word' id='word_1_469' title='bbox 890 3121 956 3189; x_wconf 74' lang='grc' dir='ltr'><strong>ἦν</strong></span> <span class='ocrx_word' id='word_1_470' title='bbox 987 3124 1015 3177; x_wconf 97' lang='lat'><strong>6</strong></span> <span class='ocrx_word' id='word_1_471' title='bbox 1066 3123 1261 3200; x_wconf 85' lang='grc' dir='ltr'>Λόγος,</span> <span class='ocrx_word' id='word_1_472' title='bbox 1305 3125 1392 3179; x_wconf 79' lang='grc' dir='ltr'><strong>καὶ</strong></span> <span class='ocrx_word' id='word_1_473' title='bbox 1447 3120 1515 3178; x_wconf 86' lang='grc' dir='ltr'><strong>δι’</strong></span> <span class='ocrx_word' id='word_1_474' title='bbox 1573 3107 1731 3179; x_wconf 75' lang='grc' dir='ltr'>αὒτοῦ</span> <span class='ocrx_word' id='word_1_475' title='bbox 1782 3107 1949 3179; x_wconf 80' lang='grc' dir='ltr'>πάντα</span> 
     </span>
    </p>
   </div>
   <div class='ocr_carea' id='block_1_65' title="bbox 2034 3107 3678 3200">
    <p class='ocr_par' dir='ltr' id='par_1_65' title="bbox 2045 3107 3678 3200">
     <span class='ocr_line' id='line_1_65' title="bbox 2045 3107 3678 3200; baseline 0.012 -36"><span class='ocrx_word' id='word_1_476' title='bbox 2045 3133 2070 3164; x_wconf 83' lang='grc'><strong>«</strong></span> <span class='ocrx_word' id='word_1_477' title='bbox 2094 3107 2208 3170; x_wconf 89' lang='lat' dir='ltr'><strong>Per</strong></span> <span class='ocrx_word' id='word_1_478' title='bbox 2231 3128 2406 3189; x_wconf 88' lang='lat' dir='ltr'><strong>quem</strong></span> <span class='ocrx_word' id='word_1_479' title='bbox 2426 3111 2601 3200; x_wconf 89' lang='lat' dir='ltr'><strong>etiam</strong></span> <span class='ocrx_word' id='word_1_480' title='bbox 2620 3113 2835 3172; x_wconf 62' lang='lat' dir='ltr'><strong>saecula</strong></span> <span class='ocrx_word' id='word_1_481' title='bbox 2857 3113 2994 3174; x_wconf 76' lang='lat' dir='ltr'><strong>fecit</strong></span> <span class='ocrx_word' id='word_1_482' title='bbox 3019 3113 3101 3194; x_wconf 72' lang='grc' dir='ltr'><strong>η),</strong></span> <span class='ocrx_word' id='word_1_483' title='bbox 3121 3132 3262 3194; x_wconf 85' lang='lat' dir='ltr'><strong>ergo</strong></span> <span class='ocrx_word' id='word_1_484' title='bbox 3285 3118 3464 3178; x_wconf 82' lang='lat' dir='ltr'><strong>etiam</strong></span> <span class='ocrx_word' id='word_1_485' title='bbox 3489 3118 3678 3184; x_wconf 84' lang='lat' dir='ltr'><strong>Filius</strong></span> 
     </span>
    </p>
   </div>
   <div class='ocr_carea' id='block_1_66' title="bbox 307 3209 1949 3293">
    <p class='ocr_par' dir='ltr' id='par_1_66' title="bbox 307 3209 1949 3293">
     <span class='ocr_line' id='line_1_66' title="bbox 307 3209 1949 3293; baseline 0.002 -28"><span class='ocrx_word' id='word_1_486' title='bbox 307 3209 542 3288; x_wconf 72' lang='grc' dir='ltr'>ὲγένετο,</span> <span class='ocrx_word' id='word_1_487' title='bbox 603 3213 656 3268; x_wconf 88' lang='grc' dir='ltr'><strong>ἓν</strong></span> <span class='ocrx_word' id='word_1_488' title='bbox 715 3210 770 3266; x_wconf 81' lang='grc' dir='ltr'><strong>δὲ</strong></span> <span class='ocrx_word' id='word_1_489' title='bbox 840 3217 948 3268; x_wconf 83' lang='grc' dir='ltr'><strong>τῶν</strong></span> <span class='ocrx_word' id='word_1_490' title='bbox 1007 3213 1301 3291; x_wconf 86' lang='grc' dir='ltr'>γεγονότων</span> <span class='ocrx_word' id='word_1_491' title='bbox 1356 3211 1465 3268; x_wconf 79' lang='grc' dir='ltr'>ἐστὶ</span> <span class='ocrx_word' id='word_1_492' title='bbox 1518 3211 1616 3268; x_wconf 66' lang='grc' dir='ltr'><strong>καὶ</strong></span> <span class='ocrx_word' id='word_1_493' title='bbox 1660 3215 1688 3268; x_wconf 90' lang='lat'><strong>6</strong></span> <span class='ocrx_word' id='word_1_494' title='bbox 1730 3211 1949 3293; x_wconf 83' lang='grc' dir='ltr'>χρόνος,</span> 
     </span>
    </p>
   </div>
   <div class='ocr_carea' id='block_1_67' title="bbox 314 3299 1954 3382">
    <p class='ocr_par' dir='ltr' id='par_1_67' title="bbox 314 3299 1954 3382">
     <span class='ocr_line' id='line_1_67' title="bbox 314 3299 1954 3382; baseline 0.002 -28"><span class='ocrx_word' id='word_1_495' title='bbox 314 3321 342 3354; x_wconf 79' lang='grc' dir='ltr'><strong>α</strong></span> <span class='ocrx_word' id='word_1_496' title='bbox 382 3299 464 3356; x_wconf 86' lang='grc' dir='ltr'><strong>Δι’</strong></span> <span class='ocrx_word' id='word_1_497' title='bbox 523 3303 585 3357; x_wconf 85' lang='lat'><strong>06</strong></span> <span class='ocrx_word' id='word_1_498' title='bbox 636 3301 756 3380; x_wconf 78' lang='grc' dir='ltr'>γὰρ,</span> <span class='ocrx_word' id='word_1_499' title='bbox 806 3321 836 3360; x_wconf 84' lang='grc'><strong>)</strong></span> <span class='ocrx_word' id='word_1_500' title='bbox 915 3303 1073 3380; x_wconf 82' lang='grc' dir='ltr'>φησὶν</span> <span class='ocrx_word' id='word_1_501' title='bbox 1144 3304 1171 3358; x_wconf 86' lang='lat'><strong>6</strong></span> <span class='ocrx_word' id='word_1_502' title='bbox 1229 3301 1580 3382; x_wconf 78' lang='grc' dir='ltr'>’Λπόστολος,</span> <span class='ocrx_word' id='word_1_503' title='bbox 1631 3305 1774 3359; x_wconf 74' lang='grc' dir='ltr'>«καὶ</span> <span class='ocrx_word' id='word_1_504' title='bbox 1835 3303 1954 3367; x_wconf 81' lang='grc' dir='ltr'>τοὺς</span> 
     </span>
    </p>
   </div>
   <div class='ocr_carea' id='block_1_68' title="bbox 308 3389 1954 3472">
    <p class='ocr_par' dir='ltr' id='par_1_68' title="bbox 308 3389 1954 3472">
     <span class='ocr_line' id='line_1_68' title="bbox 308 3389 1954 3472; baseline 0.001 -27"><span class='ocrx_word' id='word_1_505' title='bbox 308 3391 504 3452; x_wconf 72' lang='grc' dir='ltr'>αἰῶνας</span> <span class='ocrx_word' id='word_1_506' title='bbox 536 3389 807 3470; x_wconf 76' lang='grc' dir='ltr'>ἐποίησεν,</span> <span class='ocrx_word' id='word_1_507' title='bbox 847 3413 870 3449; x_wconf 78' lang='grc' dir='ltr'>ι)</span> <span class='ocrx_word' id='word_1_508' title='bbox 937 3390 1048 3466; x_wconf 78' lang='grc' dir='ltr'>ἅρω</span> <span class='ocrx_word' id='word_1_509' title='bbox 1078 3393 1166 3446; x_wconf 85' lang='grc' dir='ltr'><strong>καὶ</strong></span> <span class='ocrx_word' id='word_1_510' title='bbox 1215 3393 1242 3447; x_wconf 88' lang='lat'><strong>6</strong></span> <span class='ocrx_word' id='word_1_511' title='bbox 1275 3395 1394 3457; x_wconf 73' lang='grc' dir='ltr'>Υἱὸς</span> <span class='ocrx_word' id='word_1_512' title='bbox 1449 3393 1800 3472; x_wconf 73' lang='grc' dir='ltr'>ὒπέρχρονος.</span> <span class='ocrx_word' id='word_1_513' title='bbox 1833 3392 1954 3455; x_wconf 79' lang='grc' dir='ltr'><strong>Πῶς</strong></span> 
     </span>
    </p>
   </div>
   <div class='ocr_carea' id='block_1_69' title="bbox 309 3477 1956 3560">
    <p class='ocr_par' dir='ltr' id='par_1_69' title="bbox 309 3477 1956 3560">
     <span class='ocr_line' id='line_1_69' title="bbox 309 3477 1956 3560; baseline -0.001 -23"><span class='ocrx_word' id='word_1_514' title='bbox 309 3480 414 3558; x_wconf 74' lang='grc' dir='ltr'><strong>γὰρ</strong></span> <span class='ocrx_word' id='word_1_515' title='bbox 456 3477 517 3534; x_wconf 76' lang='grc' dir='ltr'>ἂν</span> <span class='ocrx_word' id='word_1_516' title='bbox 560 3479 652 3547; x_wconf 77' lang='grc' dir='ltr'>εἴη</span> <span class='ocrx_word' id='word_1_517' title='bbox 684 3481 939 3560; x_wconf 91' lang='grc' dir='ltr'>πρότερον</span> <span class='ocrx_word' id='word_1_518' title='bbox 981 3482 1044 3537; x_wconf 86' lang='grc' dir='ltr'>τὸ</span> <span class='ocrx_word' id='word_1_519' title='bbox 1073 3481 1173 3537; x_wconf 80' lang='grc' dir='ltr'><strong>ὑπό</strong></span> <span class='ocrx_word' id='word_1_520' title='bbox 1216 3503 1358 3544; x_wconf 83' lang='grc' dir='ltr'>τινος</span> <span class='ocrx_word' id='word_1_521' title='bbox 1393 3485 1610 3560; x_wconf 82' lang='grc' dir='ltr'>γεγονὸς</span> <span class='ocrx_word' id='word_1_522' title='bbox 1653 3489 1745 3539; x_wconf 82' lang='grc' dir='ltr'><strong>τοῦ</strong></span> <span class='ocrx_word' id='word_1_523' title='bbox 1775 3480 1840 3537; x_wconf 85' lang='grc' dir='ltr'><strong>δι’</strong></span> <span class='ocrx_word' id='word_1_524' title='bbox 1895 3482 1956 3536; x_wconf 86' lang='lat' dir='ltr'><strong>o6</strong></span> 
     </span>
    </p>
   </div>
   <div class='ocr_carea' id='block_1_70' title="bbox 309 3567 1952 3650">
    <p class='ocr_par' dir='ltr' id='par_1_70' title="bbox 309 3567 1952 3650">
     <span class='ocr_line' id='line_1_70' title="bbox 309 3567 1952 3650; baseline -0.001 -24"><span class='ocrx_word' id='word_1_525' title='bbox 309 3570 444 3647; x_wconf 80' lang='grc' dir='ltr'>πρὸς</span> <span class='ocrx_word' id='word_1_526' title='bbox 499 3569 704 3648; x_wconf 86' lang='grc' dir='ltr'>γένεσιν</span> <span class='ocrx_word' id='word_1_527' title='bbox 761 3569 971 3650; x_wconf 70' lang='grc' dir='ltr'>ἧλθενς</span> <span class='ocrx_word' id='word_1_528' title='bbox 1040 3571 1094 3627; x_wconf 80' lang='grc' dir='ltr'><strong>Εἰ</strong></span> <span class='ocrx_word' id='word_1_529' title='bbox 1153 3568 1207 3626; x_wconf 81' lang='grc' dir='ltr'>δὲ</span> <span class='ocrx_word' id='word_1_530' title='bbox 1257 3573 1435 3650; x_wconf 79' lang='grc' dir='ltr'>τοῧτο,</span> <span class='ocrx_word' id='word_1_531' title='bbox 1472 3572 1686 3635; x_wconf 81' lang='grc' dir='ltr'>πάντως</span> <span class='ocrx_word' id='word_1_532' title='bbox 1723 3567 1952 3649; x_wconf 77' lang='grc' dir='ltr'>ἅχρονος</span> 
     </span>
    </p>
   </div>
   <div class='ocr_carea' id='block_1_71' title="bbox 308 3659 1950 3740">
    <p class='ocr_par' dir='ltr' id='par_1_71' title="bbox 308 3659 1950 3740">
     <span class='ocr_line' id='line_1_71' title="bbox 308 3659 1950 3740; baseline -0.004 -22"><span class='ocrx_word' id='word_1_533' title='bbox 308 3659 412 3738; x_wconf 69' lang='grc' dir='ltr'>ἄρα</span> <span class='ocrx_word' id='word_1_534' title='bbox 440 3661 528 3715; x_wconf 86' lang='grc' dir='ltr'><strong>καὶ</strong></span> <span class='ocrx_word' id='word_1_535' title='bbox 585 3663 612 3716; x_wconf 92' lang='lat'><strong>6</strong></span> <span class='ocrx_word' id='word_1_536' title='bbox 644 3661 763 3724; x_wconf 77' lang='grc' dir='ltr'>Υἱὸς</span> <span class='ocrx_word' id='word_1_537' title='bbox 792 3661 929 3717; x_wconf 81' lang='grc' dir='ltr'>κατὰ</span> <span class='ocrx_word' id='word_1_538' title='bbox 977 3660 1074 3728; x_wconf 75' lang='grc' dir='ltr'>τὴν</span> <span class='ocrx_word' id='word_1_539' title='bbox 1108 3659 1383 3738; x_wconf 86' lang='grc' dir='ltr'>θεολόγον,</span> <span class='ocrx_word' id='word_1_540' title='bbox 1413 3661 1485 3725; x_wconf 81' lang='grc' dir='ltr'><strong>ὡς</strong></span> <span class='ocrx_word' id='word_1_541' title='bbox 1516 3663 1694 3732; x_wconf 81' lang='grc' dir='ltr'>οἶσθα,</span> <span class='ocrx_word' id='word_1_542' title='bbox 1744 3660 1950 3740; x_wconf 77' lang='grc' dir='ltr'>φωνήν,</span> 
     </span>
    </p>
   </div>
   <div class='ocr_carea' id='block_1_72' title="bbox 309 3745 1953 3828">
    <p class='ocr_par' dir='ltr' id='par_1_72' title="bbox 309 3745 1953 3828">
     <span class='ocr_line' id='line_1_72' title="bbox 309 3745 1953 3828; baseline -0.002 -23"><span class='ocrx_word' id='word_1_543' title='bbox 309 3749 372 3805; x_wconf 73' lang='grc' dir='ltr'><strong>Εἰ</strong></span> <span class='ocrx_word' id='word_1_544' title='bbox 436 3745 490 3802; x_wconf 76' lang='grc' dir='ltr'><strong>δὲ</strong></span> <span class='ocrx_word' id='word_1_545' title='bbox 520 3747 609 3804; x_wconf 81' lang='grc' dir='ltr'><strong>καὶ</strong></span> <span class='ocrx_word' id='word_1_546' title='bbox 637 3749 698 3804; x_wconf 84' lang='grc' dir='ltr'>τὸ</span> <span class='ocrx_word' id='word_1_547' title='bbox 739 3750 838 3816; x_wconf 81' lang='grc' dir='ltr'>τῆς</span> <span class='ocrx_word' id='word_1_548' title='bbox 881 3749 1057 3828; x_wconf 75' lang='grc' dir='ltr'>ἀρχῆς</span> <span class='ocrx_word' id='word_1_549' title='bbox 1091 3746 1257 3824; x_wconf 78' lang='grc' dir='ltr'>ὄνομα</span> <span class='ocrx_word' id='word_1_550' title='bbox 1318 3748 1580 3828; x_wconf 70' lang='grc' dir='ltr'>χρονικην</span> <span class='ocrx_word' id='word_1_551' title='bbox 1609 3769 1690 3804; x_wconf 88' lang='grc' dir='ltr'><strong>σοι</strong></span> <span class='ocrx_word' id='word_1_552' title='bbox 1747 3745 1953 3802; x_wconf 79' lang='grc' dir='ltr'>δίδωσιν</span> 
     </span>
    </p>
   </div>
   <div class='ocr_carea' id='block_1_73' title="bbox 303 3837 1952 3916">
    <p class='ocr_par' dir='ltr' id='par_1_73' title="bbox 303 3837 1952 3916">
     <span class='ocr_line' id='line_1_73' title="bbox 303 3837 1952 3916; baseline -0.001 -22"><span class='ocrx_word' id='word_1_553' title='bbox 303 3837 562 3894; x_wconf 77' lang='grc' dir='ltr'>ὑπόνοιαν</span> <span class='ocrx_word' id='word_1_554' title='bbox 639 3839 776 3894; x_wconf 79' lang='grc' dir='ltr'>κατὰ</span> <span class='ocrx_word' id='word_1_555' title='bbox 843 3845 936 3894; x_wconf 81' lang='grc' dir='ltr'><strong>τοῦ</strong></span> <span class='ocrx_word' id='word_1_556' title='bbox 1007 3841 1155 3912; x_wconf 82' lang='grc' dir='ltr'>Υἱοῦ,</span> <span class='ocrx_word' id='word_1_557' title='bbox 1223 3839 1311 3894; x_wconf 83' lang='grc' dir='ltr'>καὶ</span> <span class='ocrx_word' id='word_1_558' title='bbox 1385 3839 1698 3916; x_wconf 66' lang='grc' dir='ltr'>ὕστερογενῆ</span> <span class='ocrx_word' id='word_1_559' title='bbox 1768 3843 1952 3893; x_wconf 82' lang='grc' dir='ltr'>τοῦτον</span> 
     </span>
    </p>
   </div>
   <div class='ocr_carea' id='block_1_74' title="bbox 303 3925 1956 4007">
    <p class='ocr_par' dir='ltr' id='par_1_74' title="bbox 303 3925 1956 4007">
     <span class='ocr_line' id='line_1_74' title="bbox 303 3925 1956 4007; baseline -0.001 -24"><span class='ocrx_word' id='word_1_560' title='bbox 303 3925 608 4005; x_wconf 72' lang='grc' dir='ltr'>ὑπείληφας</span> <span class='ocrx_word' id='word_1_561' title='bbox 665 3927 756 3984; x_wconf 85' lang='lat'><strong>106</strong></span> <span class='ocrx_word' id='word_1_562' title='bbox 811 3929 1039 4006; x_wconf 82' lang='grc' dir='ltr'>Πατρὸς,</span> <span class='ocrx_word' id='word_1_563' title='bbox 1085 3927 1213 4003; x_wconf 69' lang='grc' dir='ltr'>ἐμοὶ</span> <span class='ocrx_word' id='word_1_564' title='bbox 1270 3934 1393 4007; x_wconf 82' lang='grc' dir='ltr'>γοῦν</span> <span class='ocrx_word' id='word_1_565' title='bbox 1453 3935 1606 3985; x_wconf 87' lang='grc' dir='ltr'>τοῦτο</span> <span class='ocrx_word' id='word_1_566' title='bbox 1661 3927 1956 4006; x_wconf 78' lang='grc' dir='ltr'>σύγχρονΟν</span> 
     </span>
    </p>
   </div>
   <div class='ocr_carea' id='block_1_75' title="bbox 306 4015 1958 4095">
    <p class='ocr_par' dir='ltr' id='par_1_75' title="bbox 306 4015 1958 4095">
     <span class='ocr_line' id='line_1_75' title="bbox 306 4015 1958 4095; baseline -0.001 -24"><span class='ocrx_word' id='word_1_567' title='bbox 306 4022 392 4091; x_wconf 80' lang='grc' dir='ltr'>τῷ</span> <span class='ocrx_word' id='word_1_568' title='bbox 463 4017 626 4094; x_wconf 80' lang='grc' dir='ltr'>Πατρὶ</span> <span class='ocrx_word' id='word_1_569' title='bbox 674 4018 766 4073; x_wconf 83' lang='grc' dir='ltr'>τὸν</span> <span class='ocrx_word' id='word_1_570' title='bbox 824 4019 946 4073; x_wconf 80' lang='grc' dir='ltr'>Υἱὸν</span> <span class='ocrx_word' id='word_1_571' title='bbox 1002 4015 1208 4073; x_wconf 84' lang='grc' dir='ltr'>δίδωσιν</span> <span class='ocrx_word' id='word_1_572' title='bbox 1264 4017 1489 4074; x_wconf 78' lang='grc' dir='ltr'>ἐννοετνο</span> <span class='ocrx_word' id='word_1_573' title='bbox 1534 4019 1595 4073; x_wconf 85' lang='grc' dir='ltr'><strong>τὸ</strong></span> <span class='ocrx_word' id='word_1_574' title='bbox 1626 4017 1744 4095; x_wconf 75' lang='grc' dir='ltr'>γὰρ,</span> <span class='ocrx_word' id='word_1_575' title='bbox 1805 4039 1833 4071; x_wconf 75' lang='grc' dir='ltr'><strong>α</strong></span> <span class='ocrx_word' id='word_1_576' title='bbox 1868 4017 1958 4074; x_wconf 89' lang='grc' dir='ltr'>Ἐν</span> 
     </span>
    </p>
   </div>
   <div class='ocr_carea' id='block_1_76' title="bbox 309 4105 1958 4186">
    <p class='ocr_par' dir='ltr' id='par_1_76' title="bbox 309 4105 1958 4186">
     <span class='ocr_line' id='line_1_76' title="bbox 309 4105 1958 4186; baseline -0.001 -25"><span class='ocrx_word' id='word_1_577' title='bbox 309 4106 463 4185; x_wconf 75' lang='grc' dir='ltr'>ἀρχῇ</span> <span class='ocrx_word' id='word_1_578' title='bbox 520 4105 582 4172; x_wconf 77' lang='grc' dir='ltr'>ἦν</span> <span class='ocrx_word' id='word_1_579' title='bbox 653 4108 678 4162; x_wconf 80' lang='lat'><strong>6</strong></span> <span class='ocrx_word' id='word_1_580' title='bbox 738 4107 934 4186; x_wconf 83' lang='grc' dir='ltr'>Λόγος,</span> <span class='ocrx_word' id='word_1_581' title='bbox 978 4129 1002 4161; x_wconf 66' lang='grc' dir='ltr'><strong><em>ι</em></strong></span> <span class='ocrx_word' id='word_1_582' title='bbox 1079 4109 1138 4164; x_wconf 77' lang='grc' dir='ltr'>οὐ</span> <span class='ocrx_word' id='word_1_583' title='bbox 1193 4107 1327 4162; x_wconf 81' lang='grc' dir='ltr'>κατὰ</span> <span class='ocrx_word' id='word_1_584' title='bbox 1391 4107 1486 4170; x_wconf 83' lang='grc' dir='ltr'><strong>τὰς</strong></span> <span class='ocrx_word' id='word_1_585' title='bbox 1539 4106 1832 4181; x_wconf 71' lang='grc' dir='ltr'>δπολήψεις</span> <span class='ocrx_word' id='word_1_586' title='bbox 1904 4105 1958 4161; x_wconf 80' lang='grc' dir='ltr'><strong>ἐν</strong></span> 
     </span>
    </p>
   </div>
   <div class='ocr_carea' id='block_1_77' title="bbox 309 4195 1958 4277">
    <p class='ocr_par' dir='ltr' id='par_1_77' title="bbox 309 4195 1958 4277">
     <span class='ocr_line' id='line_1_77' title="bbox 309 4195 1958 4277; baseline 0.001 -27"><span class='ocrx_word' id='word_1_587' title='bbox 309 4196 464 4274; x_wconf 76' lang='grc' dir='ltr'>ἀρχῇ</span> <span class='ocrx_word' id='word_1_588' title='bbox 517 4201 586 4271; x_wconf 81' lang='grc' dir='ltr'>τῇ</span> <span class='ocrx_word' id='word_1_589' title='bbox 636 4196 766 4252; x_wconf 79' lang='grc' dir='ltr'>κοτὰ</span> <span class='ocrx_word' id='word_1_590' title='bbox 814 4198 1010 4276; x_wconf 87' lang='grc' dir='ltr'>χρόνον</span> <span class='ocrx_word' id='word_1_591' title='bbox 1062 4203 1283 4271; x_wconf 81' lang='grc' dir='ltr'>νοοῦμεν</span> <span class='ocrx_word' id='word_1_592' title='bbox 1324 4199 1511 4272; x_wconf 76' lang='grc' dir='ltr'><strong>ἡμεῖς·</strong></span> <span class='ocrx_word' id='word_1_593' title='bbox 1573 4195 1711 4254; x_wconf 73' lang='grc' dir='ltr'>οὕτω</span> <span class='ocrx_word' id='word_1_594' title='bbox 1753 4200 1852 4277; x_wconf 84' lang='grc' dir='ltr'>γὰρ</span> <span class='ocrx_word' id='word_1_595' title='bbox 1894 4196 1958 4253; x_wconf 83' lang='grc' dir='ltr'>ἂν</span> 
     </span>
    </p>
   </div>
   <div class='ocr_carea' id='block_1_78' title="bbox 307 4283 1953 4366">
    <p class='ocr_par' dir='ltr' id='par_1_78' title="bbox 307 4283 1953 4366">
     <span class='ocr_line' id='line_1_78' title="bbox 307 4283 1953 4366; baseline 0.004 -28"><span class='ocrx_word' id='word_1_596' title='bbox 307 4285 404 4339; x_wconf 80' lang='grc' dir='ltr'><strong>καὶ</strong></span> <span class='ocrx_word' id='word_1_597' title='bbox 460 4283 656 4363; x_wconf 86' lang='grc' dir='ltr'>χρόνου</span> <span class='ocrx_word' id='word_1_598' title='bbox 711 4284 927 4363; x_wconf 74' lang='grc' dir='ltr'>ὕστερος</span> <span class='ocrx_word' id='word_1_599' title='bbox 971 4288 998 4342; x_wconf 91' lang='lat'><strong>6</strong></span> <span class='ocrx_word' id='word_1_600' title='bbox 1061 4292 1166 4342; x_wconf 82' lang='grc' dir='ltr'>τῶν</span> <span class='ocrx_word' id='word_1_601' title='bbox 1204 4286 1417 4366; x_wconf 82' lang='grc' dir='ltr'>χρόνων</span> <span class='ocrx_word' id='word_1_602' title='bbox 1476 4284 1568 4354; x_wconf 75' lang='grc' dir='ltr'>εἴη</span> <span class='ocrx_word' id='word_1_603' title='bbox 1611 4286 1953 4366; x_wconf 82' lang='grc' dir='ltr'>δημιουργὸς,</span> 
     </span>
    </p>
   </div>
   <div class='ocr_carea' id='block_1_79' title="bbox 308 4370 1959 4455">
    <p class='ocr_par' dir='ltr' id='par_1_79' title="bbox 308 4370 1959 4455">
     <span class='ocr_line' id='line_1_79' title="bbox 308 4370 1959 4455; baseline 0.004 -28"><span class='ocrx_word' id='word_1_604' title='bbox 308 4370 434 4428; x_wconf 76' lang='grc' dir='ltr'>ἀλλ’</span> <span class='ocrx_word' id='word_1_605' title='bbox 489 4373 664 4453; x_wconf 75' lang='grc' dir='ltr'>ἀρχὴν</span> <span class='ocrx_word' id='word_1_606' title='bbox 695 4375 791 4443; x_wconf 78' lang='grc' dir='ltr'>τήν</span> <span class='ocrx_word' id='word_1_607' title='bbox 848 4377 920 4437; x_wconf 85' lang='grc' dir='ltr'>ὡς</span> <span class='ocrx_word' id='word_1_608' title='bbox 952 4374 1014 4436; x_wconf 76' lang='grc' dir='ltr'>ἄν</span> <span class='ocrx_word' id='word_1_609' title='bbox 1065 4398 1144 4440; x_wconf 88' lang='grc' dir='ltr'><strong>τις</strong></span> <span class='ocrx_word' id='word_1_610' title='bbox 1178 4377 1325 4432; x_wconf 81' lang='grc' dir='ltr'>εἴποι</span> <span class='ocrx_word' id='word_1_611' title='bbox 1379 4373 1552 4432; x_wconf 74' lang='grc' dir='ltr'>ἀΐδιον</span> <span class='ocrx_word' id='word_1_612' title='bbox 1599 4376 1837 4455; x_wconf 80' lang='grc' dir='ltr'>ὕπαρξιν,</span> <span class='ocrx_word' id='word_1_613' title='bbox 1870 4379 1959 4435; x_wconf 84' lang='grc' dir='ltr'><strong>καὶ</strong></span> 
     </span>
    </p>
   </div>
   <div class='ocr_carea' id='block_1_80' title="bbox 2039 3199 3676 3283">
    <p class='ocr_par' dir='ltr' id='par_1_80' title="bbox 2039 3199 3676 3283">
     <span class='ocr_line' id='line_1_80' title="bbox 2039 3199 3676 3283; baseline 0.007 -24"><span class='ocrx_word' id='word_1_614' title='bbox 2039 3208 2274 3278; x_wconf 90' lang='lat' dir='ltr'><strong>tempus</strong></span> <span class='ocrx_word' id='word_1_615' title='bbox 2322 3199 2578 3263; x_wconf 85' lang='lat' dir='ltr'><strong>excedit.</strong></span> <span class='ocrx_word' id='word_1_616' title='bbox 2615 3200 2924 3270; x_wconf 81' lang='lat' dir='ltr'><strong>Quomodo</strong></span> <span class='ocrx_word' id='word_1_617' title='bbox 2973 3205 3134 3265; x_wconf 88' lang='lat' dir='ltr'><strong>enim</strong></span> <span class='ocrx_word' id='word_1_618' title='bbox 3166 3204 3227 3265; x_wconf 91' lang='lat' dir='ltr'><strong>id</strong></span> <span class='ocrx_word' id='word_1_619' title='bbox 3265 3208 3428 3283; x_wconf 91' lang='lat' dir='ltr'><strong>quod</strong></span> <span class='ocrx_word' id='word_1_620' title='bbox 3457 3208 3676 3272; x_wconf 82' lang='lat' dir='ltr'><strong>factum</strong></span> 
     </span>
    </p>
   </div>
   <div class='ocr_carea' id='block_1_81' title="bbox 2039 3289 3678 3381">
    <p class='ocr_par' dir='ltr' id='par_1_81' title="bbox 2039 3289 3678 3381">
     <span class='ocr_line' id='line_1_81' title="bbox 2039 3289 3678 3381; baseline 0.009 -32"><span class='ocrx_word' id='word_1_621' title='bbox 2039 3297 2128 3381; x_wconf 80' lang='lat' dir='ltr'><strong>est</strong></span> <span class='ocrx_word' id='word_1_622' title='bbox 2179 3289 2464 3381; x_wconf 77' lang='lat' dir='ltr'><strong>exsistere</strong></span> <span class='ocrx_word' id='word_1_623' title='bbox 2515 3291 2734 3370; x_wconf 88' lang='lat' dir='ltr'><strong>poterit</strong></span> <span class='ocrx_word' id='word_1_624' title='bbox 2782 3292 2946 3372; x_wconf 90' lang='lat' dir='ltr'><strong>prius</strong></span> <span class='ocrx_word' id='word_1_625' title='bbox 2994 3312 3169 3374; x_wconf 90' lang='lat' dir='ltr'><strong>quam</strong></span> <span class='ocrx_word' id='word_1_626' title='bbox 3218 3294 3320 3358; x_wconf 90' lang='lat' dir='ltr'><strong>ille</strong></span> <span class='ocrx_word' id='word_1_627' title='bbox 3350 3316 3458 3378; x_wconf 91' lang='lat' dir='ltr'><strong>per</strong></span> <span class='ocrx_word' id='word_1_628' title='bbox 3499 3319 3678 3381; x_wconf 89' lang='lat' dir='ltr'><strong>quem</strong></span> 
     </span>
    </p>
   </div>
   <div class='ocr_carea' id='block_1_82' title="bbox 2036 3378 3677 3470">
    <p class='ocr_par' dir='ltr' id='par_1_82' title="bbox 2036 3378 3677 3470">
     <span class='ocr_line' id='line_1_82' title="bbox 2036 3378 3677 3470; baseline 0.008 -31"><span class='ocrx_word' id='word_1_629' title='bbox 2036 3379 2267 3470; x_wconf 10' lang='lat' dir='ltr'><strong>factum,</strong></span> <span class='ocrx_word' id='word_1_630' title='bbox 2287 3378 2407 3441; x_wconf 84' lang='lat' dir='ltr'><strong>est?</strong></span> <span class='ocrx_word' id='word_1_631' title='bbox 2427 3378 2486 3441; x_wconf 90' lang='lat' dir='ltr'><strong>Si</strong></span> <span class='ocrx_word' id='word_1_632' title='bbox 2517 3391 2710 3470; x_wconf 89' lang='lat' dir='ltr'><strong>autem</strong></span> <span class='ocrx_word' id='word_1_633' title='bbox 2731 3382 2843 3443; x_wconf 91' lang='lat' dir='ltr'><strong>hoc</strong></span> <span class='ocrx_word' id='word_1_634' title='bbox 2861 3381 2944 3442; x_wconf 88' lang='lat' dir='ltr'><strong>ita</strong></span> <span class='ocrx_word' id='word_1_635' title='bbox 2964 3401 3028 3445; x_wconf 92' lang='lat' dir='ltr'><strong>se</strong></span> <span class='ocrx_word' id='word_1_636' title='bbox 3045 3384 3243 3460; x_wconf 87' lang='lat' dir='ltr'><strong>habet,</strong></span> <span class='ocrx_word' id='word_1_637' title='bbox 3266 3404 3407 3464; x_wconf 79' lang='lat' dir='ltr'><strong>ergo</strong></span> <span class='ocrx_word' id='word_1_638' title='bbox 3438 3378 3677 3470; x_wconf 80' lang='lat' dir='ltr'><strong>tempo-</strong></span> 
     </span>
    </p>
   </div>
   <div class='ocr_carea' id='block_1_83' title="bbox 2035 3468 3676 3551">
    <p class='ocr_par' dir='ltr' id='par_1_83' title="bbox 2035 3468 3676 3551">
     <span class='ocr_line' id='line_1_83' title="bbox 2035 3468 3676 3551; baseline 0.007 -23"><span class='ocrx_word' id='word_1_639' title='bbox 2035 3468 2120 3528; x_wconf 90' lang='lat' dir='ltr'><strong>ris</strong></span> <span class='ocrx_word' id='word_1_640' title='bbox 2149 3469 2312 3531; x_wconf 92' lang='lat' dir='ltr'><strong>notio</strong></span> <span class='ocrx_word' id='word_1_641' title='bbox 2369 3470 2430 3529; x_wconf 91' lang='lat' dir='ltr'><strong>in</strong></span> <span class='ocrx_word' id='word_1_642' title='bbox 2465 3469 2676 3531; x_wconf 86' lang='lat' dir='ltr'><strong>Filium</strong></span> <span class='ocrx_word' id='word_1_643' title='bbox 2715 3487 3085 3551; x_wconf 89' lang='lat' dir='ltr'><strong>nequaquam</strong></span> <span class='ocrx_word' id='word_1_644' title='bbox 3137 3475 3314 3550; x_wconf 88' lang='lat' dir='ltr'><strong>cadit,</strong></span> <span class='ocrx_word' id='word_1_645' title='bbox 3347 3468 3676 3540; x_wconf 82' lang='lat' dir='ltr'><strong>secundum</strong></span> 
     </span>
    </p>
   </div>
   <div class='ocr_carea' id='block_1_84' title="bbox 2036 3557 3680 3648">
    <p class='ocr_par' dir='ltr' id='par_1_84' title="bbox 2036 3557 3680 3648">
     <span class='ocr_line' id='line_1_84' title="bbox 2036 3557 3680 3648; baseline 0.008 -32"><span class='ocrx_word' id='word_1_646' title='bbox 2036 3557 2320 3648; x_wconf 83' lang='lat' dir='ltr'><strong>Theologi</strong></span> <span class='ocrx_word' id='word_1_647' title='bbox 2351 3561 2620 3635; x_wconf 78' lang='lat' dir='ltr'><strong>etl&#39;atum,</strong></span> <span class='ocrx_word' id='word_1_648' title='bbox 2656 3559 2759 3620; x_wconf 88' lang='lat' dir='ltr'><strong>ubi</strong></span> <span class='ocrx_word' id='word_1_649' title='bbox 2781 3559 2937 3620; x_wconf 85' lang='lat' dir='ltr'><strong>bene</strong></span> <span class='ocrx_word' id='word_1_650' title='bbox 2961 3562 3136 3622; x_wconf 90' lang='lat' dir='ltr'><strong>nosti.</strong></span> <span class='ocrx_word' id='word_1_651' title='bbox 3165 3562 3270 3624; x_wconf 89' lang='lat' dir='ltr'><strong>Sin</strong></span> <span class='ocrx_word' id='word_1_652' title='bbox 3293 3575 3490 3626; x_wconf 90' lang='lat' dir='ltr'><strong>autem</strong></span> <span class='ocrx_word' id='word_1_653' title='bbox 3517 3569 3680 3648; x_wconf 88' lang='lat' dir='ltr'><strong>prin-</strong></span> 
     </span>
    </p>
   </div>
   <div class='ocr_carea' id='block_1_85' title="bbox 2036 3647 3682 3736">
    <p class='ocr_par' dir='ltr' id='par_1_85' title="bbox 2036 3647 3682 3736">
     <span class='ocr_line' id='line_1_85' title="bbox 2036 3647 3682 3736; baseline 0.007 -29"><span class='ocrx_word' id='word_1_654' title='bbox 2036 3647 2562 3727; x_wconf 18' lang='lat' dir='ltr'><strong>cipiiﬂvocabulum</strong></span> <span class='ocrx_word' id='word_1_655' title='bbox 2615 3648 2722 3711; x_wconf 85' lang='lat' dir='ltr'><strong>tibi</strong></span> <span class='ocrx_word' id='word_1_656' title='bbox 2753 3652 3038 3730; x_wconf 88' lang='lat' dir='ltr'><strong>temporis</strong></span> <span class='ocrx_word' id='word_1_657' title='bbox 3086 3653 3390 3714; x_wconf 89' lang='lat' dir='ltr'><strong>notionem</strong></span> <span class='ocrx_word' id='word_1_658' title='bbox 3419 3647 3682 3736; x_wconf 61' lang='lat' dir='ltr'><strong>suggerit</strong></span> 
     </span>
    </p>
   </div>
   <div class='ocr_carea' id='block_1_86' title="bbox 2036 3737 3678 3827">
    <p class='ocr_par' dir='ltr' id='par_1_86' title="bbox 2036 3737 3678 3827">
     <span class='ocr_line' id='line_1_86' title="bbox 2036 3737 3678 3827; baseline 0.007 -31"><span class='ocrx_word' id='word_1_659' title='bbox 2036 3746 2244 3798; x_wconf 86' lang='lat' dir='ltr'><strong>contra</strong></span> <span class='ocrx_word' id='word_1_660' title='bbox 2293 3737 2531 3819; x_wconf 88' lang='lat' dir='ltr'><strong>Filium,</strong></span> <span class='ocrx_word' id='word_1_661' title='bbox 2565 3757 2822 3818; x_wconf 83' lang='lat' dir='ltr'><strong>eumque</strong></span> <span class='ocrx_word' id='word_1_662' title='bbox 2864 3741 3000 3801; x_wconf 89' lang='lat' dir='ltr'><strong>ideo</strong></span> <span class='ocrx_word' id='word_1_663' title='bbox 3057 3743 3446 3822; x_wconf 91' lang='lat' dir='ltr'><strong>posteriorem</strong></span> <span class='ocrx_word' id='word_1_664' title='bbox 3501 3765 3678 3827; x_wconf 90' lang='lat' dir='ltr'><strong>quam</strong></span> 
     </span>
    </p>
   </div>
   <div class='ocr_carea' id='block_1_87' title="bbox 2039 3829 3683 3912">
    <p class='ocr_par' dir='ltr' id='par_1_87' title="bbox 2039 3829 3683 3912">
     <span class='ocr_line' id='line_1_87' title="bbox 2039 3829 3683 3912; baseline 0.005 -23"><span class='ocrx_word' id='word_1_665' title='bbox 2039 3829 2276 3889; x_wconf 84' lang='lat' dir='ltr'><strong>Patrem</strong></span> <span class='ocrx_word' id='word_1_666' title='bbox 2310 3837 2501 3906; x_wconf 88' lang='lat' dir='ltr'><strong>putas,</strong></span> <span class='ocrx_word' id='word_1_667' title='bbox 2538 3829 2685 3889; x_wconf 90' lang='lat' dir='ltr'><strong>mihi</strong></span> <span class='ocrx_word' id='word_1_668' title='bbox 2727 3840 2932 3890; x_wconf 87' lang='lat' dir='ltr'><strong>contra</strong></span> <span class='ocrx_word' id='word_1_669' title='bbox 2960 3830 3108 3893; x_wconf 90' lang='lat' dir='ltr'><strong>illud</strong></span> <span class='ocrx_word' id='word_1_670' title='bbox 3158 3834 3353 3912; x_wconf 90' lang='lat' dir='ltr'><strong>ipsum</strong></span> <span class='ocrx_word' id='word_1_671' title='bbox 3385 3853 3563 3896; x_wconf 86' lang='lat' dir='ltr'><strong>causa</strong></span> <span class='ocrx_word' id='word_1_672' title='bbox 3591 3843 3683 3897; x_wconf 86' lang='lat' dir='ltr'><strong>est</strong></span> 
     </span>
    </p>
   </div>
   <div class='ocr_carea' id='block_1_88' title="bbox 2039 3915 3681 4004">
    <p class='ocr_par' dir='ltr' id='par_1_88' title="bbox 2039 3915 3681 4004">
     <span class='ocr_line' id='line_1_88' title="bbox 2039 3915 3681 4004; baseline 0.005 -26"><span class='ocrx_word' id='word_1_673' title='bbox 2039 3925 2104 3978; x_wconf 91' lang='lat' dir='ltr'><strong>ut</strong></span> <span class='ocrx_word' id='word_1_674' title='bbox 2148 3915 2360 3977; x_wconf 88' lang='lat' dir='ltr'><strong>Filium</strong></span> <span class='ocrx_word' id='word_1_675' title='bbox 2418 3916 2578 3977; x_wconf 89' lang='lat' dir='ltr'><strong>Patri</strong></span> <span class='ocrx_word' id='word_1_676' title='bbox 2631 3919 3088 3981; x_wconf 85' lang='lat' dir='ltr'><strong>coexsistentem</strong></span> <span class='ocrx_word' id='word_1_677' title='bbox 3118 3922 3429 4004; x_wconf 91' lang='lat' dir='ltr'><strong>accipiam.</strong></span> <span class='ocrx_word' id='word_1_678' title='bbox 3487 3921 3681 3988; x_wconf 88' lang='lat' dir='ltr'><strong>Verba</strong></span> 
     </span>
    </p>
   </div>
   <div class='ocr_carea' id='block_1_89' title="bbox 2043 4004 3678 4094">
    <p class='ocr_par' dir='ltr' id='par_1_89' title="bbox 2043 4004 3678 4094">
     <span class='ocr_line' id='line_1_89' title="bbox 2043 4004 3678 4094; baseline 0.006 -28"><span class='ocrx_word' id='word_1_679' title='bbox 2043 4005 2200 4066; x_wconf 91' lang='lat' dir='ltr'><strong>enim</strong></span> <span class='ocrx_word' id='word_1_680' title='bbox 2227 4006 2361 4068; x_wconf 88' lang='lat' dir='ltr'><strong>ista:</strong></span> <span class='ocrx_word' id='word_1_681' title='bbox 2398 4004 2496 4066; x_wconf 77' lang='lat' dir='ltr'><strong>«In</strong></span> <span class='ocrx_word' id='word_1_682' title='bbox 2520 4005 2813 4086; x_wconf 87' lang='lat' dir='ltr'><strong>principio</strong></span> <span class='ocrx_word' id='word_1_683' title='bbox 2836 4017 2962 4068; x_wconf 90' lang='lat' dir='ltr'><strong>erat</strong></span> <span class='ocrx_word' id='word_1_684' title='bbox 2992 4008 3317 4092; x_wconf 74' lang='lat' dir='ltr'><strong>Verbum,»</strong></span> <span class='ocrx_word' id='word_1_685' title='bbox 3347 4031 3490 4094; x_wconf 91' lang='lat' dir='ltr'><strong>non,</strong></span> <span class='ocrx_word' id='word_1_686' title='bbox 3525 4024 3587 4075; x_wconf 90' lang='lat' dir='ltr'><strong>ut</strong></span> <span class='ocrx_word' id='word_1_687' title='bbox 3617 4023 3678 4076; x_wconf 90' lang='lat' dir='ltr'><strong>tu</strong></span> 
     </span>
    </p>
   </div>
   <div class='ocr_carea' id='block_1_90' title="bbox 2043 4094 3678 4182">
    <p class='ocr_par' dir='ltr' id='par_1_90' title="bbox 2043 4094 3678 4182">
     <span class='ocr_line' id='line_1_90' title="bbox 2043 4094 3678 4182; baseline 0.007 -28"><span class='ocrx_word' id='word_1_688' title='bbox 2043 4094 2282 4176; x_wconf 90' lang='lat' dir='ltr'><strong>quidem</strong></span> <span class='ocrx_word' id='word_1_689' title='bbox 2310 4103 2598 4173; x_wconf 74' lang='lat' dir='ltr'><strong>autumas,</strong></span> <span class='ocrx_word' id='word_1_690' title='bbox 2624 4096 2700 4156; x_wconf 89' lang='lat' dir='ltr'><strong>de</strong></span> <span class='ocrx_word' id='word_1_691' title='bbox 2724 4097 3017 4178; x_wconf 79' lang='lat' dir='ltr'><strong>principio</strong></span> <span class='ocrx_word' id='word_1_692' title='bbox 3034 4101 3230 4179; x_wconf 87' lang='lat' dir='ltr'><strong>quoad</strong></span> <span class='ocrx_word' id='word_1_693' title='bbox 3247 4103 3678 4182; x_wconf 86' lang='lat' dir='ltr'><strong>tempusintel-</strong></span> 
     </span>
    </p>
   </div>
   <div class='ocr_carea' id='block_1_91' title="bbox 2043 4184 3678 4272">
    <p class='ocr_par' dir='ltr' id='par_1_91' title="bbox 2043 4184 3678 4272">
     <span class='ocr_line' id='line_1_91' title="bbox 2043 4184 3678 4272; baseline 0.006 -26"><span class='ocrx_word' id='word_1_694' title='bbox 2043 4186 2282 4264; x_wconf 79' lang='lat' dir='ltr'><strong>ligimus</strong></span> <span class='ocrx_word' id='word_1_695' title='bbox 2315 4203 2328 4246; x_wconf 89' lang='lat'>:</span> <span class='ocrx_word' id='word_1_696' title='bbox 2363 4186 2510 4247; x_wconf 80' lang='lat' dir='ltr'><strong>alias</strong></span> <span class='ocrx_word' id='word_1_697' title='bbox 2553 4184 2712 4246; x_wconf 89' lang='lat' dir='ltr'><strong>enim</strong></span> <span class='ocrx_word' id='word_1_698' title='bbox 2743 4196 3076 4267; x_wconf 89' lang='lat' dir='ltr'><strong>temporum</strong></span> <span class='ocrx_word' id='word_1_699' title='bbox 3121 4199 3356 4252; x_wconf 89' lang='lat' dir='ltr'><strong>creator</strong></span> <span class='ocrx_word' id='word_1_700' title='bbox 3387 4196 3678 4272; x_wconf 89' lang='lat' dir='ltr'><strong>posterior</strong></span> 
     </span>
    </p>
   </div>
   <div class='ocr_carea' id='block_1_92' title="bbox 2041 4275 3681 4359">
    <p class='ocr_par' dir='ltr' id='par_1_92' title="bbox 2041 4275 3681 4359">
     <span class='ocr_line' id='line_1_92' title="bbox 2041 4275 3681 4359; baseline 0.006 -24"><span class='ocrx_word' id='word_1_701' title='bbox 2041 4275 2192 4336; x_wconf 80' lang='lat' dir='ltr'><strong>foret</strong></span> <span class='ocrx_word' id='word_1_702' title='bbox 2223 4277 2478 4356; x_wconf 89' lang='lat' dir='ltr'><strong>tempori</strong></span> <span class='ocrx_word' id='word_1_703' title='bbox 2513 4296 2528 4336; x_wconf 88' lang='lat'><strong>:</strong></span> <span class='ocrx_word' id='word_1_704' title='bbox 2588 4279 2692 4337; x_wconf 91' lang='lat' dir='ltr'><strong>sed</strong></span> <span class='ocrx_word' id='word_1_705' title='bbox 2725 4277 3081 4358; x_wconf 88' lang='lat' dir='ltr'><strong>principium</strong></span> <span class='ocrx_word' id='word_1_706' title='bbox 3113 4281 3460 4359; x_wconf 88' lang='lat' dir='ltr'><strong>accipimus,</strong></span> <span class='ocrx_word' id='word_1_707' title='bbox 3495 4290 3561 4344; x_wconf 90' lang='lat' dir='ltr'><strong>ut</strong></span> <span class='ocrx_word' id='word_1_708' title='bbox 3598 4283 3681 4344; x_wconf 90' lang='lat' dir='ltr'><strong>ita</strong></span> 
     </span>
    </p>
   </div>
   <div class='ocr_carea' id='block_1_93' title="bbox 2041 4365 3681 4441">
    <p class='ocr_par' dir='ltr' id='par_1_93' title="bbox 2041 4365 3681 4441">
     <span class='ocr_line' id='line_1_93' title="bbox 2041 4365 3681 4441; baseline 0.006 -16"><span class='ocrx_word' id='word_1_709' title='bbox 2041 4365 2258 4440; x_wconf 90' lang='lat' dir='ltr'><strong>dicam,</strong></span> <span class='ocrx_word' id='word_1_710' title='bbox 2289 4366 2468 4426; x_wconf 87' lang='lat' dir='ltr'><strong>veluti</strong></span> <span class='ocrx_word' id='word_1_711' title='bbox 2495 4376 2777 4427; x_wconf 68' lang='lat' dir='ltr'><strong>aeternam</strong></span> <span class='ocrx_word' id='word_1_712' title='bbox 2811 4368 3278 4441; x_wconf 85' lang='lat' dir='ltr'><strong>snbsistentiam,</strong></span> <span class='ocrx_word' id='word_1_713' title='bbox 3298 4370 3379 4431; x_wconf 90' lang='lat' dir='ltr'><strong>ita</strong></span> <span class='ocrx_word' id='word_1_714' title='bbox 3408 4381 3469 4432; x_wconf 91' lang='lat' dir='ltr'><strong>ut</strong></span> <span class='ocrx_word' id='word_1_715' title='bbox 3495 4371 3681 4435; x_wconf 89' lang='lat' dir='ltr'><strong>Filius</strong></span> 
     </span>
    </p>
   </div>
   <div class='ocr_carea' id='block_1_94' title="bbox 307 4456 1949 4550">
    <p class='ocr_par' dir='ltr' id='par_1_94' title="bbox 307 4461 1949 4548">
     <span class='ocr_line' id='line_1_94' title="bbox 307 4461 1949 4548; baseline 0.002 -30"><span class='ocrx_word' id='word_1_716' title='bbox 307 4463 377 4519; x_wconf 76' lang='grc' dir='ltr'>τὰ</span> <span class='ocrx_word' id='word_1_717' title='bbox 423 4461 504 4518; x_wconf 81' lang='grc' dir='ltr'>ἀεί</span> <span class='ocrx_word' id='word_1_718' title='bbox 547 4484 678 4520; x_wconf 87' lang='grc' dir='ltr'>ποτε</span> <span class='ocrx_word' id='word_1_719' title='bbox 735 4465 877 4521; x_wconf 77' lang='grc' dir='ltr'>εἶναι</span> <span class='ocrx_word' id='word_1_720' title='bbox 920 4467 1012 4522; x_wconf 79' lang='grc' dir='ltr'><strong>τὸν</strong></span> <span class='ocrx_word' id='word_1_721' title='bbox 1055 4467 1174 4522; x_wconf 78' lang='grc' dir='ltr'>Υἱὸν</span> <span class='ocrx_word' id='word_1_722' title='bbox 1223 4467 1311 4521; x_wconf 64' lang='grc' dir='ltr'>διαὶ</span> <span class='ocrx_word' id='word_1_723' title='bbox 1368 4465 1462 4522; x_wconf 74' lang='grc' dir='ltr'><strong>ἀπ’</strong></span> <span class='ocrx_word' id='word_1_724' title='bbox 1505 4465 1709 4548; x_wconf 76' lang='grc' dir='ltr'>ἀρχῆς,</span> <span class='ocrx_word' id='word_1_725' title='bbox 1749 4469 1834 4524; x_wconf 85' lang='grc' dir='ltr'><strong>καὶ</strong></span> <span class='ocrx_word' id='word_1_726' title='bbox 1879 4467 1949 4542; x_wconf 79' lang='grc' dir='ltr'>μὴ</span> 
     </span>
    </p>
   </div>
   <div class='ocr_carea' id='block_1_95' title="bbox 2034 4456 3683 4550">
    <p class='ocr_par' dir='ltr' id='par_1_95' title="bbox 2042 4456 3683 4539">
     <span class='ocr_line' id='line_1_95' title="bbox 2042 4456 3683 4539; baseline 0.006 -25"><span class='ocrx_word' id='word_1_727' title='bbox 2042 4471 2283 4535; x_wconf 88' lang='lat' dir='ltr'><strong>semper</strong></span> <span class='ocrx_word' id='word_1_728' title='bbox 2303 4465 2361 4516; x_wconf 91' lang='lat' dir='ltr'><strong>et</strong></span> <span class='ocrx_word' id='word_1_729' title='bbox 2377 4474 2412 4516; x_wconf 90' lang='lat' dir='ltr'><strong>a</strong></span> <span class='ocrx_word' id='word_1_730' title='bbox 2427 4457 2722 4536; x_wconf 90' lang='lat' dir='ltr'><strong>principio</strong></span> <span class='ocrx_word' id='word_1_731' title='bbox 2745 4456 3038 4518; x_wconf 82' lang='lat' dir='ltr'><strong>exstiterit</strong></span> <span class='ocrx_word' id='word_1_732' title='bbox 3055 4477 3166 4520; x_wconf 92' lang='lat' dir='ltr'><strong>nec</strong></span> <span class='ocrx_word' id='word_1_733' title='bbox 3189 4460 3486 4539; x_wconf 82' lang='lat' dir='ltr'><strong>posterius</strong></span> <span class='ocrx_word' id='word_1_734' title='bbox 3510 4471 3683 4524; x_wconf 86' lang='lat' dir='ltr'><strong>natus</strong></span> 
     </span>
    </p>
   </div>
   <div class='ocr_carea' id='block_1_96' title="bbox 308 4545 1949 4633">
    <p class='ocr_par' dir='ltr' id='par_1_96' title="bbox 308 4545 1949 4633">
     <span class='ocr_line' id='line_1_96' title="bbox 308 4545 1949 4633; baseline 0.004 -24"><span class='ocrx_word' id='word_1_735' title='bbox 308 4551 531 4631; x_wconf 72' lang='grc' dir='ltr'>ὕστερον</span> <span class='ocrx_word' id='word_1_736' title='bbox 589 4552 979 4633; x_wconf 82' lang='grc' dir='ltr'>ἐπιγεγονέναι.</span> <span class='ocrx_word' id='word_1_737' title='bbox 1039 4555 1160 4612; x_wconf 71' lang='lat' dir='ltr'><strong>&quot;Ott</strong></span> <span class='ocrx_word' id='word_1_738' title='bbox 1219 4552 1273 4609; x_wconf 81' lang='grc' dir='ltr'><strong>δὲ</strong></span> <span class='ocrx_word' id='word_1_739' title='bbox 1339 4562 1494 4612; x_wconf 81' lang='grc' dir='ltr'>τοῦτο</span> <span class='ocrx_word' id='word_1_740' title='bbox 1552 4545 1874 4632; x_wconf 84' lang='grc' dir='ltr'>βουλόμενος</span> <span class='ocrx_word' id='word_1_741' title='bbox 1931 4560 1949 4615; x_wconf 74' lang='lat'><strong>6</strong></span> 
     </span>
    </p>
   </div>
   <div class='ocr_carea' id='block_1_97' title="bbox 2034 4545 3684 4633">
    <p class='ocr_par' dir='ltr' id='par_1_97' title="bbox 2043 4545 3684 4628">
     <span class='ocr_line' id='line_1_97' title="bbox 2043 4545 3684 4628; baseline 0.005 -23"><span class='ocrx_word' id='word_1_742' title='bbox 2043 4545 2142 4608; x_wconf 80' lang='lat' dir='ltr'><strong>sit.</strong></span> <span class='ocrx_word' id='word_1_743' title='bbox 2195 4546 2360 4616; x_wconf 84' lang='lat' dir='ltr'><strong>Quod</strong></span> <span class='ocrx_word' id='word_1_744' title='bbox 2390 4556 2586 4607; x_wconf 87' lang='lat' dir='ltr'><strong>autem</strong></span> <span class='ocrx_word' id='word_1_745' title='bbox 2637 4549 2750 4608; x_wconf 90' lang='lat' dir='ltr'><strong>hoc</strong></span> <span class='ocrx_word' id='word_1_746' title='bbox 2795 4564 2978 4609; x_wconf 90' lang='lat' dir='ltr'><strong>sensu</strong></span> <span class='ocrx_word' id='word_1_747' title='bbox 3026 4550 3386 4628; x_wconf 77' lang='lat' dir='ltr'><strong>evangelista</strong></span> <span class='ocrx_word' id='word_1_748' title='bbox 3413 4551 3560 4614; x_wconf 87' lang='lat' dir='ltr'><strong>illud</strong></span> <span class='ocrx_word' id='word_1_749' title='bbox 3615 4553 3684 4615; x_wconf 72' lang='lat' dir='ltr'><strong>in</strong></span> 
     </span>
    </p>
   </div>
   <div class='ocr_carea' id='block_1_98' title="bbox 315 4640 1960 4727">
    <p class='ocr_par' dir='ltr' id='par_1_98' title="bbox 315 4640 1960 4727">
     <span class='ocr_line' id='line_1_98' title="bbox 315 4640 1960 4727; baseline 0.002 -27"><span class='ocrx_word' id='word_1_750' title='bbox 315 4640 713 4720; x_wconf 74' lang='grc' dir='ltr'>Εὗαγγελιστὴς</span> <span class='ocrx_word' id='word_1_751' title='bbox 786 4650 1122 4723; x_wconf 78' lang='grc' dir='ltr'>παραστῆσαι</span> <span class='ocrx_word' id='word_1_752' title='bbox 1197 4646 1260 4701; x_wconf 90' lang='lat'><strong>16</strong></span> <span class='ocrx_word' id='word_1_753' title='bbox 1320 4647 1376 4702; x_wconf 63' lang='grc' dir='ltr'><strong>ἓν</strong></span> <span class='ocrx_word' id='word_1_754' title='bbox 1433 4647 1582 4726; x_wconf 73' lang='grc' dir='ltr'>ἀρχῇ</span> <span class='ocrx_word' id='word_1_755' title='bbox 1639 4647 1817 4722; x_wconf 77' lang='grc' dir='ltr'>εἶπεν,</span> <span class='ocrx_word' id='word_1_756' title='bbox 1865 4645 1960 4727; x_wconf 75' lang='grc' dir='ltr'>ὅρα</span> 
     </span>
    </p>
   </div>
   <div class='ocr_carea' id='block_1_99' title="bbox 311 4731 1955 4814">
    <p class='ocr_par' dir='ltr' id='par_1_99' title="bbox 311 4731 1955 4814">
     <span class='ocr_line' id='line_1_99' title="bbox 311 4731 1955 4814; baseline 0.002 -25"><span class='ocrx_word' id='word_1_757' title='bbox 311 4755 407 4808; x_wconf 85' lang='grc' dir='ltr'><strong>μοι</strong></span> <span class='ocrx_word' id='word_1_758' title='bbox 439 4736 553 4798; x_wconf 84' lang='grc' dir='ltr'><strong>πῶς</strong></span> <span class='ocrx_word' id='word_1_759' title='bbox 588 4731 913 4791; x_wconf 72' lang='grc' dir='ltr'>ἐπιστέλλων</span> <span class='ocrx_word' id='word_1_760' title='bbox 972 4737 1034 4791; x_wconf 82' lang='grc' dir='ltr'>τὸ</span> <span class='ocrx_word' id='word_1_761' title='bbox 1060 4741 1153 4792; x_wconf 85' lang='lat'><strong>106</strong></span> <span class='ocrx_word' id='word_1_762' title='bbox 1203 4733 1364 4813; x_wconf 77' lang='grc' dir='ltr'>λόγου</span> <span class='ocrx_word' id='word_1_763' title='bbox 1391 4735 1552 4791; x_wconf 60' lang='grc' dir='ltr'>πάλιν</span> <span class='ocrx_word' id='word_1_764' title='bbox 1603 4734 1955 4814; x_wconf 58' lang='grc' dir='ltr'>προήνεγκεν</span> 
     </span>
    </p>
   </div>
   <div class='ocr_carea' id='block_1_100' title="bbox 309 4819 1957 4905">
    <p class='ocr_par' dir='ltr' id='par_1_100' title="bbox 309 4819 1957 4905">
     <span class='ocr_line' id='line_1_100' title="bbox 309 4819 1957 4905; baseline 0.002 -29"><span class='ocrx_word' id='word_1_765' title='bbox 309 4819 342 4876; x_wconf 78' lang='lat'><strong>6</strong></span> <span class='ocrx_word' id='word_1_766' title='bbox 402 4821 504 4900; x_wconf 77' lang='grc' dir='ltr'>γὰρ</span> <span class='ocrx_word' id='word_1_767' title='bbox 534 4821 589 4877; x_wconf 82' lang='grc' dir='ltr'><strong>ἐν</strong></span> <span class='ocrx_word' id='word_1_768' title='bbox 631 4823 777 4902; x_wconf 79' lang='grc' dir='ltr'><strong>ἀρχῇ</strong></span> <span class='ocrx_word' id='word_1_769' title='bbox 806 4822 907 4903; x_wconf 76' lang='grc' dir='ltr'><strong>’ἐφη</strong></span> <span class='ocrx_word' id='word_1_770' title='bbox 956 4825 1233 4904; x_wconf 84' lang='grc' dir='ltr'>πρότερον,</span> <span class='ocrx_word' id='word_1_771' title='bbox 1267 4833 1354 4881; x_wconf 80' lang='grc' dir='ltr'>νῦν</span> <span class='ocrx_word' id='word_1_772' title='bbox 1401 4825 1528 4883; x_wconf 79' lang='grc' dir='ltr'>αὐτὸ</span> <span class='ocrx_word' id='word_1_773' title='bbox 1559 4833 1714 4881; x_wconf 81' lang='grc' dir='ltr'>τοῦτο</span> <span class='ocrx_word' id='word_1_774' title='bbox 1757 4824 1957 4905; x_wconf 78' lang='grc' dir='ltr'>δηλῶν,</span> 
     </span>
    </p>
   </div>
   <div class='ocr_carea' id='block_1_101' title="bbox 314 4909 1959 4995">
    <p class='ocr_par' dir='ltr' id='par_1_101' title="bbox 314 4909 1959 4995">
     <span class='ocr_line' id='line_1_101' title="bbox 314 4909 1959 4995; baseline 0.004 -30"><span class='ocrx_word' id='word_1_775' title='bbox 314 4910 344 4965; x_wconf 83' lang='grc' dir='ltr'>ὃ</span> <span class='ocrx_word' id='word_1_776' title='bbox 372 4909 440 4978; x_wconf 79' lang='grc' dir='ltr'>ἧν</span> <span class='ocrx_word' id='word_1_777' title='bbox 492 4910 586 4967; x_wconf 84' lang='grc' dir='ltr'><strong>ἀπ’</strong></span> <span class='ocrx_word' id='word_1_778' title='bbox 615 4912 792 4992; x_wconf 74' lang='grc' dir='ltr'>ἀρχῆς</span> <span class='ocrx_word' id='word_1_779' title='bbox 848 4911 1056 4993; x_wconf 71' lang='grc' dir='ltr'>εἴρηκε·</span> <span class='ocrx_word' id='word_1_780' title='bbox 1104 4917 1154 4970; x_wconf 83' lang='grc' dir='ltr'><strong>τί</strong></span> <span class='ocrx_word' id='word_1_781' title='bbox 1183 4912 1228 4969; x_wconf 86' lang='grc' dir='ltr'><strong>δ’</strong></span> <span class='ocrx_word' id='word_1_782' title='bbox 1288 4913 1351 4970; x_wconf 73' lang='grc' dir='ltr'>ἂν</span> <span class='ocrx_word' id='word_1_783' title='bbox 1379 4913 1471 4980; x_wconf 80' lang='grc' dir='ltr'>εἴη</span> <span class='ocrx_word' id='word_1_784' title='bbox 1523 4923 1615 4972; x_wconf 79' lang='grc' dir='ltr'>τοῦ</span> <span class='ocrx_word' id='word_1_785' title='bbox 1645 4913 1740 4972; x_wconf 79' lang='grc' dir='ltr'>ἀπ’</span> <span class='ocrx_word' id='word_1_786' title='bbox 1787 4916 1959 4995; x_wconf 75' lang='grc' dir='ltr'>ἀρχῆς</span> 
     </span>
    </p>
   </div>
   <div class='ocr_carea' id='block_1_102' title="bbox 313 4997 1956 5084">
    <p class='ocr_par' dir='ltr' id='par_1_102' title="bbox 313 4997 1956 5084">
     <span class='ocr_line' id='line_1_102' title="bbox 313 4997 1956 5084; baseline 0.004 -29"><span class='ocrx_word' id='word_1_787' title='bbox 313 4997 449 5056; x_wconf 77' lang='grc' dir='ltr'>ἄλλο</span> <span class='ocrx_word' id='word_1_788' title='bbox 507 5001 903 5082; x_wconf 80' lang='grc' dir='ltr'>πρεσϐύτερον;</span> <span class='ocrx_word' id='word_1_789' title='bbox 977 5003 1069 5060; x_wconf 69' lang='grc' dir='ltr'>’ίνα</span> <span class='ocrx_word' id='word_1_790' title='bbox 1125 5025 1219 5060; x_wconf 87' lang='grc' dir='ltr'><strong>σου</strong></span> <span class='ocrx_word' id='word_1_791' title='bbox 1271 5004 1482 5069; x_wconf 85' lang='grc' dir='ltr'>πάντως</span> <span class='ocrx_word' id='word_1_792' title='bbox 1553 5006 1613 5060; x_wconf 88' lang='lat'><strong>16</strong></span> <span class='ocrx_word' id='word_1_793' title='bbox 1685 5025 1956 5084; x_wconf 86' lang='grc' dir='ltr'>περιεργον</span> 
     </span>
    </p>
   </div>
   <div class='ocr_carea' id='block_1_103' title="bbox 313 5086 1958 5171">
    <p class='ocr_par' dir='ltr' id='par_1_103' title="bbox 313 5086 1958 5171">
     <span class='ocr_line' id='line_1_103' title="bbox 313 5086 1958 5171; baseline 0.004 -26"><span class='ocrx_word' id='word_1_794' title='bbox 313 5086 572 5170; x_wconf 71' lang='grc' dir='ltr'>διαφύγῃ,</span> <span class='ocrx_word' id='word_1_795' title='bbox 608 5092 694 5148; x_wconf 75' lang='grc' dir='ltr'><strong>καὶ</strong></span> <span class='ocrx_word' id='word_1_796' title='bbox 736 5091 914 5171; x_wconf 74' lang='grc' dir='ltr'><strong>διδάξῃ</strong></span> <span class='ocrx_word' id='word_1_797' title='bbox 969 5095 1044 5157; x_wconf 84' lang='grc' dir='ltr'>ὡς</span> <span class='ocrx_word' id='word_1_798' title='bbox 1105 5093 1185 5150; x_wconf 78' lang='grc' dir='ltr'>ἀεὶ</span> <span class='ocrx_word' id='word_1_799' title='bbox 1243 5092 1304 5161; x_wconf 77' lang='grc' dir='ltr'>ἧν</span> <span class='ocrx_word' id='word_1_800' title='bbox 1361 5093 1390 5148; x_wconf 86' lang='lat'><strong>6</strong></span> <span class='ocrx_word' id='word_1_801' title='bbox 1449 5095 1592 5169; x_wconf 79' lang='grc' dir='ltr'>Υἱὸς,</span> <span class='ocrx_word' id='word_1_802' title='bbox 1651 5096 1738 5151; x_wconf 80' lang='grc' dir='ltr'><strong>καὶ</strong></span> <span class='ocrx_word' id='word_1_803' title='bbox 1798 5099 1958 5161; x_wconf 75' lang='grc' dir='ltr'>συνῆν</span> 
     </span>
    </p>
   </div>
   <div class='ocr_carea' id='block_1_104' title="bbox 311 5178 1958 5262">
    <p class='ocr_par' dir='ltr' id='par_1_104' title="bbox 311 5178 1958 5262">
     <span class='ocr_line' id='line_1_104' title="bbox 311 5178 1958 5262; baseline 0.003 -27"><span class='ocrx_word' id='word_1_804' title='bbox 311 5184 393 5252; x_wconf 86' lang='grc' dir='ltr'>τῷ</span> <span class='ocrx_word' id='word_1_805' title='bbox 441 5178 634 5259; x_wconf 80' lang='grc' dir='ltr'>Πατρΐ,</span> <span class='ocrx_word' id='word_1_806' title='bbox 668 5182 754 5240; x_wconf 84' lang='grc' dir='ltr'><strong>καὶ</strong></span> <span class='ocrx_word' id='word_1_807' title='bbox 797 5184 858 5239; x_wconf 78' lang='lat'><strong>06</strong></span> <span class='ocrx_word' id='word_1_808' title='bbox 886 5183 1074 5240; x_wconf 80' lang='grc' dir='ltr'>νεωστὶ</span> <span class='ocrx_word' id='word_1_809' title='bbox 1119 5182 1457 5262; x_wconf 70' lang='grc' dir='ltr'>ἓπεισώχθη,</span> <span class='ocrx_word' id='word_1_810' title='bbox 1492 5181 1608 5240; x_wconf 74' lang='grc' dir='ltr'>οδδὲ</span> <span class='ocrx_word' id='word_1_811' title='bbox 1639 5185 1820 5248; x_wconf 86' lang='grc' dir='ltr'>καινός</span> <span class='ocrx_word' id='word_1_812' title='bbox 1869 5205 1958 5248; x_wconf 85' lang='grc' dir='ltr'><strong>τις</strong></span> 
     </span>
    </p>
   </div>
   <div class='ocr_carea' id='block_1_105' title="bbox 315 5271 1961 5354">
    <p class='ocr_par' dir='ltr' id='par_1_105' title="bbox 315 5271 1961 5354">
     <span class='ocr_line' id='line_1_105' title="bbox 315 5271 1961 5354; baseline 0.003 -29"><span class='ocrx_word' id='word_1_813' title='bbox 315 5271 448 5334; x_wconf 77' lang='grc' dir='ltr'>Θεὸς</span> <span class='ocrx_word' id='word_1_814' title='bbox 505 5278 582 5345; x_wconf 86' lang='grc' dir='ltr'>τῷ</span> <span class='ocrx_word' id='word_1_815' title='bbox 637 5271 853 5349; x_wconf 83' lang='grc' dir='ltr'>παλαιῷ</span> <span class='ocrx_word' id='word_1_816' title='bbox 935 5273 1257 5351; x_wconf 87' lang='grc' dir='ltr'>προσετέθη.</span> <span class='ocrx_word' id='word_1_817' title='bbox 1319 5274 1429 5342; x_wconf 76' lang='grc' dir='ltr'><strong>Τὴν</strong></span> <span class='ocrx_word' id='word_1_818' title='bbox 1491 5272 1792 5344; x_wconf 66' lang='grc' dir='ltr'>Ἰουδαῒκῆν</span> <span class='ocrx_word' id='word_1_819' title='bbox 1861 5276 1961 5354; x_wconf 79' lang='grc' dir='ltr'><strong>γὰρ</strong></span> 
     </span>
    </p>
   </div>
   <div class='ocr_carea' id='block_1_106' title="bbox 311 5359 1960 5441">
    <p class='ocr_par' dir='ltr' id='par_1_106' title="bbox 311 5359 1960 5441">
     <span class='ocr_line' id='line_1_106' title="bbox 311 5359 1960 5441; baseline 0.003 -27"><span class='ocrx_word' id='word_1_820' title='bbox 311 5359 568 5416; x_wconf 72' lang='grc' dir='ltr'>ὑπόνοιαν</span> <span class='ocrx_word' id='word_1_821' title='bbox 612 5360 840 5441; x_wconf 78' lang='grc' dir='ltr'>ἀναιρῶν</span> <span class='ocrx_word' id='word_1_822' title='bbox 896 5363 989 5421; x_wconf 70' lang='grc' dir='ltr'>’ίνα</span> <span class='ocrx_word' id='word_1_823' title='bbox 1045 5367 1123 5440; x_wconf 81' lang='grc' dir='ltr'>μὴ</span> <span class='ocrx_word' id='word_1_824' title='bbox 1175 5362 1297 5441; x_wconf 72' lang='grc' dir='ltr'><strong>δόξῃ</strong></span> <span class='ocrx_word' id='word_1_825' title='bbox 1344 5364 1462 5421; x_wconf 83' lang='grc' dir='ltr'>νέον</span> <span class='ocrx_word' id='word_1_826' title='bbox 1519 5366 1658 5440; x_wconf 81' lang='grc' dir='ltr'>τινὰ,</span> <span class='ocrx_word' id='word_1_827' title='bbox 1691 5363 1827 5422; x_wconf 81' lang='grc' dir='ltr'>ἀλλὰ</span> <span class='ocrx_word' id='word_1_828' title='bbox 1870 5366 1960 5422; x_wconf 88' lang='grc' dir='ltr'>τὸν</span> 
     </span>
    </p>
   </div>
   <div class='ocr_carea' id='block_1_107' title="bbox 315 5447 1960 5534">
    <p class='ocr_par' dir='ltr' id='par_1_107' title="bbox 315 5447 1960 5534">
     <span class='ocr_line' id='line_1_107' title="bbox 315 5447 1960 5534; baseline 0.005 -32"><span class='ocrx_word' id='word_1_829' title='bbox 315 5447 400 5504; x_wconf 83' lang='grc' dir='ltr'><strong>ἀεὶ</strong></span> <span class='ocrx_word' id='word_1_830' title='bbox 429 5447 553 5506; x_wconf 77' lang='grc' dir='ltr'>ὄντα</span> <span class='ocrx_word' id='word_1_831' title='bbox 582 5451 674 5507; x_wconf 83' lang='grc' dir='ltr'>τὸν</span> <span class='ocrx_word' id='word_1_832' title='bbox 701 5458 794 5510; x_wconf 83' lang='grc' dir='ltr'><strong>τοῦ</strong></span> <span class='ocrx_word' id='word_1_833' title='bbox 824 5455 1029 5530; x_wconf 83' lang='grc' dir='ltr'>Πατρὸς</span> <span class='ocrx_word' id='word_1_834' title='bbox 1074 5452 1398 5534; x_wconf 81' lang='grc' dir='ltr'>σάμϐουλον,</span> <span class='ocrx_word' id='word_1_835' title='bbox 1429 5455 1475 5529; x_wconf 86' lang='grc' dir='ltr'>ᾦ</span> <span class='ocrx_word' id='word_1_836' title='bbox 1504 5454 1684 5531; x_wconf 78' lang='grc' dir='ltr'>εἷπεν,</span> <span class='ocrx_word' id='word_1_837' title='bbox 1723 5475 1746 5510; x_wconf 71' lang='grc' dir='ltr'>ι</span> <span class='ocrx_word' id='word_1_838' title='bbox 1784 5455 1960 5526; x_wconf 75' lang='grc' dir='ltr'>Ποιή-</span> 
     </span>
    </p>
   </div>
   <div class='ocr_carea' id='block_1_108' title="bbox 315 5538 1963 5624">
    <p class='ocr_par' dir='ltr' id='par_1_108' title="bbox 315 5538 1963 5624">
     <span class='ocr_line' id='line_1_108' title="bbox 315 5538 1963 5624; baseline 0.006 -32"><span class='ocrx_word' id='word_1_839' title='bbox 315 5557 498 5614; x_wconf 83' lang='grc' dir='ltr'>σωμεν</span> <span class='ocrx_word' id='word_1_840' title='bbox 565 5538 838 5621; x_wconf 72' lang='grc' dir='ltr'>ἄνθρωπον</span> <span class='ocrx_word' id='word_1_841' title='bbox 909 5541 1027 5601; x_wconf 87' lang='grc' dir='ltr'>κατ’</span> <span class='ocrx_word' id='word_1_842' title='bbox 1112 5544 1289 5602; x_wconf 78' lang='grc' dir='ltr'>εἰκόνα</span> <span class='ocrx_word' id='word_1_843' title='bbox 1379 5543 1640 5624; x_wconf 66' lang='grc' dir='ltr'>ἡμετέραν</span> <span class='ocrx_word' id='word_1_844' title='bbox 1693 5545 1789 5602; x_wconf 82' lang='grc' dir='ltr'><strong>καὶ</strong></span> <span class='ocrx_word' id='word_1_845' title='bbox 1843 5543 1963 5602; x_wconf 86' lang='grc' dir='ltr'>καθ’</span> 
     </span>
    </p>
   </div>
   <div class='ocr_carea' id='block_1_109' title="bbox 317 5627 1962 5717">
    <p class='ocr_par' dir='ltr' id='par_1_109' title="bbox 317 5627 1962 5717">
     <span class='ocr_line' id='line_1_109' title="bbox 317 5627 1962 5717; baseline 0.006 -32"><span class='ocrx_word' id='word_1_846' title='bbox 317 5627 598 5713; x_wconf 81' lang='grc' dir='ltr'>ὁμοίωσιν,</span> <span class='ocrx_word' id='word_1_847' title='bbox 647 5653 678 5689; x_wconf 79' lang='grc'><strong>»</strong></span> <span class='ocrx_word' id='word_1_848' title='bbox 747 5631 955 5694; x_wconf 72' lang='grc' dir='ltr'>ἐκεῖνον</span> <span class='ocrx_word' id='word_1_849' title='bbox 1029 5632 1258 5716; x_wconf 69' lang='grc' dir='ltr'>εἰσάγειν</span> <span class='ocrx_word' id='word_1_850' title='bbox 1329 5633 1497 5717; x_wconf 80' lang='grc' dir='ltr'>σάρκα</span> <span class='ocrx_word' id='word_1_851' title='bbox 1565 5634 1805 5717; x_wconf 85' lang='grc' dir='ltr'>γενέσθαι</span> <span class='ocrx_word' id='word_1_852' title='bbox 1872 5635 1962 5695; x_wconf 79' lang='grc' dir='ltr'><strong>καὶ</strong></span> 
     </span>
    </p>
   </div>
   <div class='ocr_carea' id='block_1_110' title="bbox 2036 4635 3682 4720">
    <p class='ocr_par' dir='ltr' id='par_1_110' title="bbox 2036 4635 3682 4720">
     <span class='ocr_line' id='line_1_110' title="bbox 2036 4635 3682 4720; baseline 0.006 -26"><span class='ocrx_word' id='word_1_853' title='bbox 2036 4635 2352 4714; x_wconf 70' lang='lat' dir='ltr'><strong>principio</strong></span> <span class='ocrx_word' id='word_1_854' title='bbox 2373 4636 2884 4712; x_wconf 76' lang='lat' dir='ltr'><strong>dixerit,attende,</strong></span> <span class='ocrx_word' id='word_1_855' title='bbox 2906 4639 3104 4716; x_wconf 90' lang='lat' dir='ltr'><strong>sodes,</strong></span> <span class='ocrx_word' id='word_1_856' title='bbox 3129 4639 3270 4720; x_wconf 91' lang='lat' dir='ltr'><strong>quid</strong></span> <span class='ocrx_word' id='word_1_857' title='bbox 3303 4640 3481 4703; x_wconf 86' lang='lat' dir='ltr'><strong>Verbi</strong></span> <span class='ocrx_word' id='word_1_858' title='bbox 3506 4649 3682 4704; x_wconf 85' lang='lat' dir='ltr'><strong>natu-</strong></span> 
     </span>
    </p>
   </div>
   <div class='ocr_carea' id='block_1_111' title="bbox 2043 4725 3686 4812">
    <p class='ocr_par' dir='ltr' id='par_1_111' title="bbox 2043 4725 3686 4812">
     <span class='ocr_line' id='line_1_111' title="bbox 2043 4725 3686 4812; baseline 0.005 -27"><span class='ocrx_word' id='word_1_859' title='bbox 2043 4742 2169 4785; x_wconf 89' lang='lat' dir='ltr'><strong>ram</strong></span> <span class='ocrx_word' id='word_1_860' title='bbox 2203 4725 2506 4803; x_wconf 85' lang='lat' dir='ltr'><strong>explicans</strong></span> <span class='ocrx_word' id='word_1_861' title='bbox 2541 4727 2861 4791; x_wconf 81' lang='lat' dir='ltr'><strong>addiderit.</strong></span> <span class='ocrx_word' id='word_1_862' title='bbox 2895 4729 3067 4790; x_wconf 89' lang='lat' dir='ltr'><strong>Prius</strong></span> <span class='ocrx_word' id='word_1_863' title='bbox 3096 4733 3257 4791; x_wconf 90' lang='lat' dir='ltr'><strong>enim</strong></span> <span class='ocrx_word' id='word_1_864' title='bbox 3291 4732 3354 4793; x_wconf 79' lang='lat' dir='ltr'><strong>in</strong></span> <span class='ocrx_word' id='word_1_865' title='bbox 3379 4733 3686 4812; x_wconf 70' lang='lat' dir='ltr'><strong>principio</strong></span> 
     </span>
    </p>
   </div>
   <div class='ocr_carea' id='block_1_112' title="bbox 2044 4813 3686 4900">
    <p class='ocr_par' dir='ltr' id='par_1_112' title="bbox 2044 4813 3686 4900">
     <span class='ocr_line' id='line_1_112' title="bbox 2044 4813 3686 4900; baseline 0.004 -26"><span class='ocrx_word' id='word_1_866' title='bbox 2044 4813 2217 4889; x_wconf 82' lang='lat' dir='ltr'><strong>dixit,</strong></span> <span class='ocrx_word' id='word_1_867' title='bbox 2251 4831 2406 4874; x_wconf 88' lang='lat' dir='ltr'><strong>nunc</strong></span> <span class='ocrx_word' id='word_1_868' title='bbox 2439 4823 2661 4887; x_wconf 90' lang='lat' dir='ltr'><strong>autem,</strong></span> <span class='ocrx_word' id='word_1_869' title='bbox 2688 4815 2829 4876; x_wconf 91' lang='lat' dir='ltr'><strong>illud</strong></span> <span class='ocrx_word' id='word_1_870' title='bbox 2853 4818 3010 4877; x_wconf 90' lang='lat' dir='ltr'><strong>idem</strong></span> <span class='ocrx_word' id='word_1_871' title='bbox 3044 4820 3364 4900; x_wconf 85' lang='lat' dir='ltr'><strong>explicans,</strong></span> <span class='ocrx_word' id='word_1_872' title='bbox 3386 4824 3545 4900; x_wconf 90' lang='lat' dir='ltr'><strong>quod</strong></span> <span class='ocrx_word' id='word_1_873' title='bbox 3572 4821 3686 4882; x_wconf 78' lang='lat' dir='ltr'><strong>fuit</strong></span> 
     </span>
    </p>
   </div>
   <div class='ocr_carea' id='block_1_113' title="bbox 2041 4905 3684 4989">
    <p class='ocr_par' dir='ltr' id='par_1_113' title="bbox 2041 4905 3684 4989">
     <span class='ocr_line' id='line_1_113' title="bbox 2041 4905 3684 4989; baseline 0.004 -26"><span class='ocrx_word' id='word_1_874' title='bbox 2041 4922 2080 4963; x_wconf 85' lang='grc' dir='ltr'><strong>α</strong></span> <span class='ocrx_word' id='word_1_875' title='bbox 2103 4905 2410 4983; x_wconf 67' lang='lat' dir='ltr'><strong>principio</strong></span> <span class='ocrx_word' id='word_1_876' title='bbox 2432 4905 2599 4984; x_wconf 89' lang='lat' dir='ltr'><strong>(quid</strong></span> <span class='ocrx_word' id='word_1_877' title='bbox 2621 4914 2817 4966; x_wconf 81' lang='lat' dir='ltr'><strong>auten.</strong></span> <span class='ocrx_word' id='word_1_878' title='bbox 2853 4907 3137 4968; x_wconf 89' lang='lat' dir='ltr'><strong>vetustius</strong></span> <span class='ocrx_word' id='word_1_879' title='bbox 3159 4926 3228 4969; x_wconf 92' lang='lat' dir='ltr'><strong>eo</strong></span> <span class='ocrx_word' id='word_1_880' title='bbox 3259 4917 3418 4987; x_wconf 85' lang='lat' dir='ltr'><strong>quod</strong></span> <span class='ocrx_word' id='word_1_881' title='bbox 3450 4928 3484 4970; x_wconf 92' lang='lat' dir='ltr'><strong>a</strong></span> <span class='ocrx_word' id='word_1_882' title='bbox 3513 4913 3684 4989; x_wconf 84' lang='lat' dir='ltr'><strong>prin-</strong></span> 
     </span>
    </p>
   </div>
   <div class='ocr_carea' id='block_1_114' title="bbox 2043 4993 3683 5074">
    <p class='ocr_par' dir='ltr' id='par_1_114' title="bbox 2043 4993 3683 5074">
     <span class='ocr_line' id='line_1_114' title="bbox 2043 4993 3683 5074; baseline 0.004 -20"><span class='ocrx_word' id='word_1_883' title='bbox 2043 4993 2199 5074; x_wconf 89' lang='lat' dir='ltr'><strong>cipio</strong></span> <span class='ocrx_word' id='word_1_884' title='bbox 2230 4993 2400 5066; x_wconf 82' lang='lat' dir='ltr'><strong>fuit?)</strong></span> <span class='ocrx_word' id='word_1_885' title='bbox 2431 5005 2491 5054; x_wconf 93' lang='lat' dir='ltr'><strong>ut</strong></span> <span class='ocrx_word' id='word_1_886' title='bbox 2522 4994 2766 5054; x_wconf 89' lang='lat' dir='ltr'><strong>omnino</strong></span> <span class='ocrx_word' id='word_1_887' title='bbox 2801 5012 2984 5074; x_wconf 81' lang='lat' dir='ltr'><strong>nugas</strong></span> <span class='ocrx_word' id='word_1_888' title='bbox 3017 5005 3146 5058; x_wconf 87' lang='lat' dir='ltr'><strong>tuas</strong></span> <span class='ocrx_word' id='word_1_889' title='bbox 3175 4998 3446 5058; x_wconf 86' lang='lat' dir='ltr'><strong>cluderet</strong></span> <span class='ocrx_word' id='word_1_890' title='bbox 3473 5017 3542 5059; x_wconf 91' lang='lat' dir='ltr'><strong>ac</strong></span> <span class='ocrx_word' id='word_1_891' title='bbox 3572 4999 3683 5060; x_wconf 90' lang='lat' dir='ltr'><strong>de-</strong></span> 
     </span>
    </p>
   </div>
   <div class='ocr_carea' id='block_1_115' title="bbox 2041 5084 3689 5167">
    <p class='ocr_par' dir='ltr' id='par_1_115' title="bbox 2041 5084 3689 5167">
     <span class='ocr_line' id='line_1_115' title="bbox 2041 5084 3689 5167; baseline 0.004 -23"><span class='ocrx_word' id='word_1_892' title='bbox 2041 5091 2430 5163; x_wconf 87' lang='lat' dir='ltr'><strong>monstraret,</strong></span> <span class='ocrx_word' id='word_1_893' title='bbox 2455 5084 2670 5146; x_wconf 85' lang='lat' dir='ltr'><strong>Filium</strong></span> <span class='ocrx_word' id='word_1_894' title='bbox 2696 5102 2932 5164; x_wconf 90' lang='lat' dir='ltr'><strong>semper</strong></span> <span class='ocrx_word' id='word_1_895' title='bbox 2952 5085 3158 5162; x_wconf 86' lang='lat' dir='ltr'><strong>fuisse,</strong></span> <span class='ocrx_word' id='word_1_896' title='bbox 3181 5095 3239 5147; x_wconf 89' lang='lat' dir='ltr'><strong>et</strong></span> <span class='ocrx_word' id='word_1_897' title='bbox 3259 5103 3500 5167; x_wconf 88' lang='lat' dir='ltr'><strong>semper</strong></span> <span class='ocrx_word' id='word_1_898' title='bbox 3526 5089 3689 5150; x_wconf 84' lang='lat' dir='ltr'><strong>Patri</strong></span> 
     </span>
    </p>
   </div>
   <div class='ocr_carea' id='block_1_116' title="bbox 2041 5172 3685 5258">
    <p class='ocr_par' dir='ltr' id='par_1_116' title="bbox 2041 5172 3685 5258">
     <span class='ocr_line' id='line_1_116' title="bbox 2041 5172 3685 5258; baseline 0.004 -24"><span class='ocrx_word' id='word_1_899' title='bbox 2041 5172 2328 5248; x_wconf 79' lang='lat' dir='ltr'><strong>adfuisse,</strong></span> <span class='ocrx_word' id='word_1_900' title='bbox 2363 5192 2474 5235; x_wconf 88' lang='lat' dir='ltr'><strong>nec</strong></span> <span class='ocrx_word' id='word_1_901' title='bbox 2506 5174 2802 5255; x_wconf 88' lang='lat' dir='ltr'><strong>posterius</strong></span> <span class='ocrx_word' id='word_1_902' title='bbox 2834 5175 3234 5237; x_wconf 86' lang='lat' dir='ltr'><strong>introductum</strong></span> <span class='ocrx_word' id='word_1_903' title='bbox 3269 5183 3372 5237; x_wconf 82' lang='lat' dir='ltr'><strong>aut</strong></span> <span class='ocrx_word' id='word_1_904' title='bbox 3406 5185 3685 5258; x_wconf 82' lang='lat' dir='ltr'><strong>tanquam</strong></span> 
     </span>
    </p>
   </div>
   <div class='ocr_carea' id='block_1_117' title="bbox 2043 5264 3684 5344">
    <p class='ocr_par' dir='ltr' id='par_1_117' title="bbox 2043 5264 3684 5344">
     <span class='ocr_line' id='line_1_117' title="bbox 2043 5264 3684 5344; baseline 0.002 -20"><span class='ocrx_word' id='word_1_905' title='bbox 2043 5274 2346 5324; x_wconf 88' lang='lat' dir='ltr'><strong>recentem</strong></span> <span class='ocrx_word' id='word_1_906' title='bbox 2381 5265 2571 5325; x_wconf 91' lang='lat' dir='ltr'><strong>Deum</strong></span> <span class='ocrx_word' id='word_1_907' title='bbox 2602 5264 2843 5344; x_wconf 90' lang='lat' dir='ltr'><strong>antiquo</strong></span> <span class='ocrx_word' id='word_1_908' title='bbox 2873 5265 3140 5326; x_wconf 84' lang='lat' dir='ltr'><strong>additum</strong></span> <span class='ocrx_word' id='word_1_909' title='bbox 3176 5283 3332 5329; x_wconf 87' lang='lat' dir='ltr'><strong>esse.</strong></span> <span class='ocrx_word' id='word_1_910' title='bbox 3366 5266 3460 5328; x_wconf 90' lang='lat' dir='ltr'><strong>Ad</strong></span> <span class='ocrx_word' id='word_1_911' title='bbox 3510 5285 3684 5330; x_wconf 87' lang='lat' dir='ltr'><strong>ever-</strong></span> 
     </span>
    </p>
   </div>
   <div class='ocr_carea' id='block_1_118' title="bbox 2043 5352 3687 5433">
    <p class='ocr_par' dir='ltr' id='par_1_118' title="bbox 2043 5352 3687 5433">
     <span class='ocr_line' id='line_1_118' title="bbox 2043 5352 3687 5433; baseline 0.004 -20"><span class='ocrx_word' id='word_1_912' title='bbox 2043 5352 2282 5414; x_wconf 88' lang='lat' dir='ltr'><strong>tendam</strong></span> <span class='ocrx_word' id='word_1_913' title='bbox 2339 5355 2498 5414; x_wconf 90' lang='lat' dir='ltr'><strong>enim</strong></span> <span class='ocrx_word' id='word_1_914' title='bbox 2532 5353 2877 5433; x_wconf 88' lang='lat' dir='ltr'><strong>opinionem</strong></span> <span class='ocrx_word' id='word_1_915' title='bbox 2909 5355 3216 5418; x_wconf 85' lang='lat' dir='ltr'><strong>Judaicam</strong></span> <span class='ocrx_word' id='word_1_916' title='bbox 3250 5365 3308 5418; x_wconf 91' lang='lat' dir='ltr'><strong>et</strong></span> <span class='ocrx_word' id='word_1_917' title='bbox 3363 5375 3440 5418; x_wconf 91' lang='lat' dir='ltr'><strong>ne</strong></span> <span class='ocrx_word' id='word_1_918' title='bbox 3469 5375 3687 5420; x_wconf 86' lang='lat' dir='ltr'><strong>novum</strong></span> 
     </span>
    </p>
   </div>
   <div class='ocr_carea' id='block_1_119' title="bbox 2044 5443 3688 5525">
    <p class='ocr_par' dir='ltr' id='par_1_119' title="bbox 2044 5443 3688 5525">
     <span class='ocr_line' id='line_1_119' title="bbox 2044 5443 3688 5525; baseline 0.005 -23"><span class='ocrx_word' id='word_1_919' title='bbox 2044 5443 2387 5524; x_wconf 89' lang='lat' dir='ltr'><strong>quemdam,</strong></span> <span class='ocrx_word' id='word_1_920' title='bbox 2414 5445 2517 5506; x_wconf 86' lang='lat' dir='ltr'><strong>sed</strong></span> <span class='ocrx_word' id='word_1_921' title='bbox 2542 5462 2674 5505; x_wconf 92' lang='lat' dir='ltr'><strong>eum</strong></span> <span class='ocrx_word' id='word_1_922' title='bbox 2698 5445 2806 5520; x_wconf 90' lang='lat' dir='ltr'><strong>qui</strong></span> <span class='ocrx_word' id='word_1_923' title='bbox 2835 5463 3074 5525; x_wconf 91' lang='lat' dir='ltr'><strong>semper</strong></span> <span class='ocrx_word' id='word_1_924' title='bbox 3091 5444 3284 5507; x_wconf 87' lang='lat' dir='ltr'><strong>Patris</strong></span> <span class='ocrx_word' id='word_1_925' title='bbox 3306 5445 3688 5510; x_wconf 88' lang='lat' dir='ltr'><strong>consiliarius</strong></span> 
     </span>
    </p>
   </div>
   <div class='ocr_carea' id='block_1_120' title="bbox 2043 5533 3686 5619">
    <p class='ocr_par' dir='ltr' id='par_1_120' title="bbox 2043 5533 3686 5619">
     <span class='ocr_line' id='line_1_120' title="bbox 2043 5533 3686 5619; baseline 0.004 -25"><span class='ocrx_word' id='word_1_926' title='bbox 2043 5533 2241 5614; x_wconf 83' lang='lat' dir='ltr'><strong>tuit,et</strong></span> <span class='ocrx_word' id='word_1_927' title='bbox 2257 5533 2354 5595; x_wconf 90' lang='lat' dir='ltr'><strong>cui</strong></span> <span class='ocrx_word' id='word_1_928' title='bbox 2373 5535 2520 5598; x_wconf 85' lang='lat' dir='ltr'><strong>dixit</strong></span> <span class='ocrx_word' id='word_1_929' title='bbox 2545 5555 2560 5597; x_wconf 88' lang='lat'><strong>:</strong></span> <span class='ocrx_word' id='word_1_930' title='bbox 2593 5533 3254 5598; x_wconf 68' lang='lat' dir='ltr'><strong>«Faciamusbominem</strong></span> <span class='ocrx_word' id='word_1_931' title='bbox 3269 5537 3345 5599; x_wconf 88' lang='lat' dir='ltr'><strong>ad</strong></span> <span class='ocrx_word' id='word_1_932' title='bbox 3366 5537 3686 5619; x_wconf 75' lang='lat' dir='ltr'><strong>imaginem</strong></span> 
     </span>
    </p>
   </div>
   <div class='ocr_carea' id='block_1_121' title="bbox 2043 5624 3689 5706">
    <p class='ocr_par' dir='ltr' id='par_1_121' title="bbox 2043 5624 3689 5706">
     <span class='ocr_line' id='line_1_121' title="bbox 2043 5624 3689 5706; baseline 0.002 -20"><span class='ocrx_word' id='word_1_933' title='bbox 2043 5633 2306 5688; x_wconf 83' lang='lat' dir='ltr'><strong>nostram</strong></span> <span class='ocrx_word' id='word_1_934' title='bbox 2359 5642 2428 5689; x_wconf 87' lang='lat' dir='ltr'><strong>ac</strong></span> <span class='ocrx_word' id='word_1_935' title='bbox 2455 5624 2934 5706; x_wconf 81' lang='lat' dir='ltr'><strong>similitudinem,</strong></span> <span class='ocrx_word' id='word_1_936' title='bbox 2970 5647 2996 5686; x_wconf 72' lang='grc' dir='ltr'><strong>ι</strong></span> <span class='ocrx_word' id='word_1_937' title='bbox 3052 5625 3340 5690; x_wconf 90' lang='lat' dir='ltr'><strong>inducere</strong></span> <span class='ocrx_word' id='word_1_938' title='bbox 3386 5628 3689 5693; x_wconf 79' lang='lat' dir='ltr'><strong>videretur</strong></span> 
     </span>
    </p>
   </div>
  </div>
