4066 6146
466 293 582 359 963

1626 295 2009 360 ADDENDA.
2078 331 2154 344 —
2223 297 2666 365 NOVEMBER.

3700 307 3799 373 964

468 437 827 493 incarnatum
859 444 912 490 et
933 433 1080 490 inter
1103 447 1208 489 nos
1237 443 1656 502 conversatum,
1678 436 1783 492 hac
1814 436 1884 491 de
1913 447 2079 491 causa

2190 442 2462 501 σκηνῶσαι
2518 435 2574 492 ἐν
2606 438 2767 512 ἡμῖν,
2799 438 2983 493 τούτου
3041 438 3200 516 χάριν
3250 439 3334 508 τὸ,
3390 461 3414 493 α
3455 439 3540 496 Ἐν
3568 440 3705 519 ἆρχῇ
3745 442 3800 507 ἧν

476 519 566 606 {In
583 517 878 606 principio
901 527 1019 574 erat
1041 515 1628 606 Verbum,ndixit.Qui
1652 520 1803 606 enim
1828 519 2091 606 Theologi

2199 527 2225 580 6
2289 523 2482 602 Λόγος,
2521 545 2546 583 1
2609 523 2919 605 ὰγθέγξατο,
2955 515 3190 605 Ποῦίγὰρ
3235 530 3382 584 τοῦτο
3409 530 3498 584 τὸν
3528 515 3803 606 θεολογικὸν

472 605 555 664 illi
580 603 640 664 in
669 611 928 665 mentem
963 601 1186 662 venerit
1218 602 1374 680 quod
1403 610 1460 661 tu
1489 621 1662 682 prave
1688 603 2111 683 interpretatis,

471 709 535 760 ut
567 697 780 760 Filium
815 700 989 758 Patre
1031 695 1422 775 posteriorem
1460 707 1687 759 asserat
1741 709 1797 759 et
1827 718 1961 760 eum
2009 704 2107 780 qui

469 811 707 854 omnem
728 799 1059 852 creaturam
1079 789 1137 848 in
1172 790 1460 868 sapientia
1483 793 1720 865 creavit,
1756 793 1911 854 inter
1934 811 2108 854 crea-

466 891 632 942 turas
679 885 1041 941 accenseat‘?
1084 878 1385 957 Theologo
1443 881 1553 953 illi,
1592 883 1856 961 inquam,
1894 888 1991 962 qui
2051 889 2106 944 et

468 970 730 1032 Verbum
758 969 952 1047 ipsum
990 967 1223 1028 inducit
1251 970 1497 1029 dicens:
1541 994 1562 1026 (ι
1589 970 1708 1049 Ego
1732 971 1791 1031 in
1823 970 2017 1044 Patre,
2051 979 2111 1032 et

461 1059 639 1122 Pater
667 1058 728 1119 in
767 1076 882 1118 me.
923 1077 949 1116 ›
985 1055 1047 1117 Si
1081 1059 1238 1117 enim
1273 1058 1534 1120 Verbum
1568 1060 1859 1136 posterius
1890 1061 2104 1121 factum

463 1157 708 1228 esset,et
733 1165 848 1207 non
872 1163 1112 1224 semper
1131 1164 1266 1206 cum
1293 1145 1461 1208 Patre
1485 1149 1899 1228 coexstitisset,
1941 1153 2102 1228 peri-

463 1241 660 1302 culum
697 1246 786 1298 est
817 1256 892 1297 ne
920 1239 1433 1315 l’ater,antequam
1465 1238 1720 1298 Verbum
1747 1239 1937 1320 ﬁeret,
1974 1239 2104 1300 sine

462 1328 661 1391 Verbo
687 1326 990 1405 (ilo-{edet
1010 1324 1140 1385 sine
1164 1324 1458 1404 sapientia
1480 1327 1675 1388 fuerit.
1712 1327 1782 1390 Et
1805 1328 2103 1408 quomodo

461 1420 690 1480 dicetur
721 1415 872 1496 quod
901 1432 1006 1494 per
1036 1414 1384 1494 sapientiam
1413 1425 1626 1477 terram
1661 1417 2010 1491 fundaverit,
2047 1428 2106 1478 et

463 1507 618 1589 quod
646 1505 706 1566 in
731 1523 910 1566 sensu
934 1504 1072 1564 illus
1097 1502 1284 1582 abyssi
1320 1505 1603 1585 disrupta:
1623 1506 1786 1568 sint?
1822 1507 1972 1580 Quid
1999 1507 2102 1570 tibi

2200 613 2402 670 ἐκεῖνον
2436 613 2706 693 εἰσέδραμε
2755 623 2872 671 νοῦν
2932 617 2960 671 ὃ
3020 617 3080 671 σὺ
3111 623 3287 677 κακῶς
3334 616 3522 694 ἐξηγῇ,
3552 616 3624 673 ἶν’
3669 619 3805 674 ὅττε-

2195 725 2285 779 ρον
2358 700 2605 778 ἀποδείξῃ
2665 713 2757 762 τοῦ
2819 705 3021 781 Πιτρὸς
3099 704 3191 759 τὸν
3253 706 3391 784 Υἱὸν,
3469 708 3556 762 καὶ
3625 708 3807 782 συνάψῃ

2196 804 2311 853 τοϊς
2370 792 2620 866 κτίσμασι
2679 794 2768 848 τὸν
2827 793 2924 860 τὴν
2985 793 3152 849 κτίσιν
3215 796 3386 850 πασαν
3427 795 3481 850 ἐν
3529 796 3692 874 σοφίᾳ.
3726 795 3809 862 δη.

2197 883 2615 959 μιουργήσαντα,
2670 884 2696 937 6
2747 885 2838 937 τοι
2897 883 3068 960 Λόγον
3128 885 3280 940 αὐτὸν
3340 885 3584 963 εἰσάγων,
3631 909 3656 938 ιι
3689 883 3810 959 Ἐγὼ

2195 970 2248 1025 ἐν
2304 978 2379 1044 τῷ
2412 972 2597 1048 Πατρὶ,
2637 996 2661 1025 ο
2724 970 2967 1051 λέγοντα,
3011 997 3036 1026 ιι
3085 975 3172 1028 καὶ
3215 975 3243 1028 6
3291 973 3469 1050 Πατὴρ
3499 973 3552 1028 ἐν
3594 973 3706 1048 ἐμοι
3737 993 3752 1047 ;
3785 997 3807 1030 ιι

2196 1061 2250 1116 Εἰ
2304 1062 2402 1136 γὰρ
2433 1059 2647 1138 ὕστερον
2697 1061 2844 1121 οὗτος
2891 1059 3192 1139 ἐπεγένετο,
3225 1063 3312 1117 καὶ
3369 1061 3464 1116 οὒκ
3516 1063 3596 1118 ἀεὶ
3623 1064 3808 1140 σύμφυ-

2189 1171 2281 1211 τος
2337 1150 2402 1214 ἠν
2437 1157 2510 1222 τῷ
2570 1151 2755 1226 Πατρὶ,
2788 1149 3068 1208 κινδυνεύει
3125 1152 3225 1227 πρὸ
3257 1159 3345 1209 τοῦ
3403 1152 3642 1228 γενέσθαι
3692 1150 3802 1208 ἁλο-

2187 1261 2282 1316 φον
2339 1238 2480 1293 εἶναι
2527 1240 2661 1294 κατὰ
2693 1239 2750 1294 σὲ
2807 1249 2893 1294 καὶ
2925 1239 3122 1318 ἄσοφον
3152 1241 3241 1294 τὸν
3302 1241 3532 1316 Πατέρα.
3574 1242 3663 1297 Καὶ
3708 1247 3804 1302 πῶς

2187 1332 2254 1402 τῇ
2314 1327 2466 1406 σοφίᾳ
2496 1325 2814 1386 Θεμιελιῶσαι
2872 1329 2969 1394 τὴν
3001 1333 3100 1404 γῆν
3157 1327 3366 1406 λέγεται
3411 1329 3584 1384 καὶέν
3643 1330 3802 1398 αἰσθήο

2187 1416 2266 1472 σέι
2327 1420 2484 1474 αὐτοῦ
2514 1413 2767 1480 ἀϐύσσους
2827 1416 3216 1494 διαῤῥαγῆναις
3264 1423 3383 1480 Πῶς
3441 1417 3497 1472 δὲ
3558 1441 3637 1474 σοι
3688 1416 3802 1481 δόξει

2186 1509 2273 1562 καὶ
2330 1507 2392 1562 τὸ
2435 1507 2511 1580 τῷ
2570 1506 2715 1583 λόγῳ
2779 1507 2963 1584 Κυρίου
3014 1507 3356 1584 ἐστερὲὠσθαι
3401 1509 3523 1570 τοὺς
3582 1508 3802 1586 οὖρα-ιοὺς

460 1595 754 1658 videbitur
784 1592 860 1655 de
909 1611 978 1652 eo
1009 1593 1165 1671 quod
1222 1593 1414 1653 \"erbo
1473 1594 1707 1655 Domini
1741 1597 1955 1657 ﬁrmati
1987 1597 2091 1656 sint

2186 1597 2272 1652 καὶ
2316 1603 2392 1667 τῷ
2435 1597 2694 1670 πνεύματι
2727 1619 2819 1652 του
2869 1618 3129 1672 στοματος
3162 1596 3320 1653 αὐτοῦ
3377 1603 3549 1652 πᾶσαν
3585 1605 3672 1664 τὴν
3724 1600 3806 1653 αύ-

456 1688 590 1750 caali
625 1698 684 1746 et
737 1682 948 1761 spiritu
979 1684 1099 1742 oris
1160 1683 1291 1761 ejus
1341 1684 1534 1744 omnis
1585 1685 1820 1746 illorum
1871 1685 2091 1747 virtus?

2186 1691 2292 1740 τῶν
2335 1684 2552 1759 δύναμιν
2589 1701 2604 1758 ;
2641 1691 2757 1747 Πῶς
2809 1683 2854 1740 δ’
2889 1684 2949 1740 ἂν
2982 1687 3071 1740 καὶ
3127 1684 3373 1752 ἐνενόησέ
3403 1708 3454 1741 τι
3501 1693 3605 1742 τῶν
3650 1685 3810 1761 ἐσορέ-

457 1773 766 1848 Quomodo
795 1778 996 1832 mente
1049 1773 1392 1852 conceperit
1419 1773 1640 1854 aliquid
1704 1793 1912 1836 eorum
1973 1793 2091 1854 qua

2189 1796 2290 1829 νων
2353 1776 2515 1850 λὸγου
2580 1775 2667 1829 καὶ
2740 1776 2922 1853 σοφίας
2988 1774 3363 1852 ἐστερημένος,
3519 1777 3609 1830 τὸν
3665 1777 3810 1852 Λόγον

458 1866 655 1927 futura
677 1861 924 1937 erant,si
947 1861 1124 1922 verbo
1155 1869 1212 1921 et
1233 1862 1523 1940 sapientia
1555 1864 1784 1943 caruit;
1818 1874 1916 1925 aut
1945 1883 2091 1944 quo-

2186 1864 2341 1920 αὐτὸν
2402 1871 2514 1927 πῶς
2551 1864 2606 1919 τὸ
2650 1866 2926 1943 καταρχὰς
2983 1862 3278 1941 προήνεγκε
3316 1863 3436 1920 καθ’
3467 1865 3625 1944 ὑμᾶς,
3669 1863 3720 1920 εἴ
3755 1886 3804 1942 γε

459 1955 636 2016 modo
666 1953 727 2014 in
761 1951 1078 2030 principio,
1102 1950 1430 2012 secundum
1475 1970 1596 2027 vos,
1636 1953 1916 2032 produxit
1945 1952 2099 2015 Ver-

456 2043 686 2122 bum,si
717 2041 879 2102 verbi
911 2048 970 2100 et
1000 2044 1303 2118 sapicntiaz
1331 2059 1545 2121 expers
1565 2042 1702 2104 fuit?
1728 2041 1898 2104 Unde
1923 2062 2099 2122 porro

457 2133 512 2194 ei
535 2131 754 2193 accidit
776 2139 839 2190 ut
860 2128 1122 2192 Verbum
1153 2148 1267 2190 non
1299 2132 1594 2193 exsistens
1617 2133 1868 2194 voluerit
1898 2135 2100 2213 progi-

454 2240 637 2299 gnere
665 2227 693 2283 ?
723 2218 993 2280 Humana
1016 2217 1174 2278 enim
1198 2237 1368 2280 mens
1391 2221 1540 2302 ipsa,
1573 2222 1622 2282 si
1657 2240 1895 2301 prorsus
1921 2221 2102 2284 verbo

455 2320 610 2374 esset
668 2309 892 2390 privata
924 2325 1120 2384 neque
1172 2306 1317 2368 illud
1349 2309 1463 2370 sibi
1515 2311 1768 2372 inditum
1827 2311 2096 2385 haberet,

455 2399 751 2482 quomodo
801 2397 1070 2458 dill'erret
1098 2414 1130 2457 a
1163 2405 1362 2459 mente
1391 2399 1760 2476 animalium,
1801 2401 2095 2481 siquidem

452 2499 514 2553 tu
545 2491 674 2572 ipse
705 2487 852 2550 mihi
880 2530 896 2547 .
927 2537 940 2550 .
972 2533 986 2549 .
1021 2486 1128 2548 sed
1164 2488 1322 2550 Deus
1353 2489 1643 2570 pmpitius
1673 2491 1749 2552 sit
1785 2511 1797 2552 :
1845 2498 1902 2551 tu
1937 2491 2095 2552 enim

450 2582 512 2644 in
545 2597 723 2642 causa
752 2597 815 2640 es
847 2576 1006 2656 quod
1038 2577 1190 2637 hanc
1217 2577 1622 2658 blasphemam
1647 2597 1850 2640 vocem
1885 2590 2096 2660 protu-

453 2671 650 2733 lerim:
678 2668 785 2730 Dei
817 2686 886 2728 ac
916 2665 1107 2728 Patris
1140 2677 1398 2727 mentem
1432 2667 1613 2730 Verbi
1646 2676 1949 2749 expertem
1973 2670 2097 2731 ani-

452 2762 693 2822 malium
727 2756 917 2819 menti
949 2756 1205 2816 similem
1237 2757 1296 2817 in
1326 2757 1619 2838 principio
1650 2759 1830 2821 fuisse
1862 2761 2090 2822 statuis.

531 2850 630 2912 Vl.
659 2845 989 2910 Eunomius
1011 2845 1086 2906 ad
1108 2846 1234 2906 haec
1264 2846 1431 2911 dixit:
1462 2847 1773 2919 Quomodo
1805 2851 2094 2931 interpre-

2183 1951 2344 2030 λόγου
2405 1954 2490 2008 καὶ
2544 1952 2727 2030 σοφίας
2789 1951 3008 2030 ἄμοιρος
3063 1952 3183 2027 in;
3245 1952 3406 2008 Πόθεν
3469 1950 3516 2007 δ’
3574 1953 3633 2008 ἃν
3684 1956 3804 2026 αὐτῷ

2183 2041 2392 2119 ἐγένετο
2449 2042 2619 2119 Λόγον
2668 2040 2916 2108 ἐθελῆσαι
2975 2041 3064 2096 τὸν
3113 2041 3191 2116 μὴ
3245 2041 3371 2097 ὅντα
3424 2057 3802 2120 παρενεγκεῖνς

2187 2132 2348 2194 Αὐτὸς
2395 2132 2495 2208 γὰρ
2553 2133 2580 2186 ὁ
2634 2131 2954 2202 ἀνθρώπειός
3012 2152 3068 2185 τε
3128 2133 3215 2185 καὶ
3285 2131 3548 2209 ἡμέτερος
3596 2142 3724 2210 νοῦς,
3767 2134 3802 2187 εἰ

2185 2221 2344 2296 λόγου
2395 2217 2486 2287 εἴη
2560 2219 2619 2274 τό
2678 2241 2924 2292 παραπαν
2986 2219 3358 2298 ἐστερημένος,
3414 2221 3509 2276 καί
3571 2221 3658 2278 οὒκ
3701 2221 3798 2300 ἔχει

2181 2317 2364 2367 τοῦτον
2409 2311 2500 2364 τὸν
2574 2308 2889 2388 ἐνδιάθετον,
2923 2311 2970 2365 τὶ
3027 2308 3088 2366 ἂν
3121 2317 3213 2365 τοῦ
3254 2317 3467 2377 κτηνῶν
3497 2311 3612 2376 νοὸς
3639 2310 3797 2390 διαφᾶ-

3078 2397 3198 2454 ἆλλ“
3230 2399 3392 2462 ἵλεως
3443 2397 3537 2465 εἴη
3568 2402 3708 2458 Θεὸςσ
3746 2399 3794 2454 σὺ

2181 2423 2283 2477 ροι,
2330 2401 2375 2454 εἷ
2419 2401 2495 2474 μή
2545 2412 2604 2477 γε
2651 2399 2711 2453 σύ
2743 2356 2908 2474 μοι.,.
2949 2444 2963 2460 .
3002 2443 3014 2456 .

2182 2490 2280 2566 γὰρ
2338 2487 2512 2551 αἴτιος
2543 2495 2636 2545 τοῦ
2699 2487 3020 2566 βλασφήμου
3049 2489 3234 2544 τούτου
3281 2489 3545 2568 ῥήματος,
3579 2487 3792 2555 κτηνώδη

2183 2581 2297 2635 νοῦν
2353 2578 2496 2633 εἶναι
2544 2579 2604 2634 τὸ
2664 2579 2938 2657 καταρχὰς
2991 2580 3082 2634 τὸν
3141 2585 3234 2634 τοῦ
3292 2587 3425 2637 Θεοῦ
3483 2581 3570 2634 καὶ
3624 2581 3793 2656 Πατρὸς

2179 2665 2508 2745 δογματίζεις
2553 2667 2724 2744 Λόγου
2755 2669 3129 2743 ἐστερημένον.

2255 2847 2335 2920 ς’
2367 2847 2463 2904 Καὶ
2513 2847 2541 2902 6
2575 2846 2834 2920 Δῦνόμιος
2878 2845 3020 2909 αὖθίς
3054 2861 3205 2925 φησι⁶
3260 2847 3354 2904 Καὶ
3387 2853 3508 2912 πῶς
3552 2868 3640 2922 μοι
3691 2845 3781 2910 ἑξη-

451 2938 672 3003 taberis
695 2934 1210 3010 istud,«Dominus
1240 2937 1463 2997 creavit
1481 2955 1574 3000 me
1597 2939 1951 3019 principium
1976 2941 2091 3002 via-

2178 2937 2322 3012 γήσῃ
2351 2935 2434 3007 τὰ,
2487 2959 2511 2989 ιι
2551 2935 2736 3012 Κύριος
2783 2935 2953 2991 ἔκτισέ
2985 2956 3052 3010 με
3114 2935 3292 3012 ἀρχὴν
3353 2934 3496 2990 ὁδῶν
3556 2936 3699 2992 αὐτοῦ
3726 2934 3778 2994 εἰς

448 3048 580 3092 rum
633 3044 876 3088 suarum
910 3025 970 3085 in
1003 3042 1184 3104 opera
1234 3025 1442 3105 ipsius,
1475 3036 1613 3089 ante
1657 3047 1867 3091 omnes
1896 3037 2091 3092 autem

2178 3025 2304 3103 ἔργα
2347 3025 2527 3081 αὐτοῦ’
2555 3026 2654 3102 πρὸ
2711 3022 2764 3079 δὲ
2797 3026 3007 3081 πάντων
3038 3025 3241 3101 βουνῶν
3293 3030 3455 3102 γεννᾷ
3487 3046 3554 3100 με
3587 3042 3602 3099 ;
3637 3047 3661 3078 ι
3718 3022 3788 3080 Ὠς

447 3119 633 3182 colles
662 3123 906 3194 generat
951 3132 1045 3176 me
1069 3113 1099 3173 ?
1131 3137 1152 3169 ι
1187 3114 1325 3176 Haec
1355 3116 1533 3178 verba
1585 3118 1746 3179 enim
1778 3137 1810 3179 e
1843 3138 2091 3200 persona

2179 3114 2239 3170 ἐκ
2267 3115 2554 3193 προσώπου
2582 3113 2681 3192 γὰρ
2724 3119 2820 3180 τῆς
2867 3116 3046 3193 σοφίας
3095 3113 3256 3181 αὐτῆς
3289 3117 3316 3171 6
3360 3114 3539 3193 Λόγος
3591 3118 3791 3191 προῆκτο

449 3207 752 3289 sapientia;
771 3203 1001 3285 prolata
1019 3213 1156 3264 sunt
1186 3222 1317 3284 qua
1341 3207 1657 3268 conﬁtetur
1685 3225 1750 3268 se
1773 3226 1904 3270 esse
1932 3227 2097 3272 crea-

450 3307 671 3366 turam.
699 3303 834 3357 ante
865 3311 1073 3356 omnes
1130 3303 1329 3354 autem
1362 3306 1664 3357 creaturas
1698 3299 2089 3378 progenitam.

445 3387 761 3466 Postquam
794 3383 952 3445 enim
977 3385 1136 3446 Deus
1153 3401 1282 3444 eam
1308 3394 1630 3466 creaverat,
1663 3405 1766 3466 per
1795 3406 1923 3448 eam
1957 3407 2091 3465 quae

445 3487 587 3540 Sunt
617 3473 909 3536 condidit.
944 3472 1034 3534 Ad
1071 3490 1204 3552 quae
1234 3474 1696 3552 Amphilochius
1730 3493 1744 3538 :
1780 3475 2085 3547 Quomodo

443 3568 557 3629 hoc
603 3563 784 3625 ullam
818 3560 1044 3624 creabit
1075 3562 1479 3624 diﬂicultatem
1511 3565 1567 3625 ei
1622 3565 1723 3644 qui
1754 3566 1934 3628 verba
1985 3567 2086 3629 illa

441 3674 578 3718 cum
609 3672 792 3734 grano
820 3651 960 3713 salis
991 3655 1319 3730 exceperit,
1346 3671 1454 3714 nec
1486 3652 1784 3716 obstinato
1819 3658 2083 3718 malevo-

438 3745 616 3826 loque
660 3745 862 3804 animo
895 3739 1291 3820 explicuerit?
1322 3740 1384 3804 Si
1413 3745 1572 3804 enim
1605 3742 1764 3806 Deus
1789 3763 1920 3826 quae
1950 3753 2086 3807 sunt

435 3852 641 3897 creare
665 3832 782 3894 alio
807 3830 984 3892 modo
1005 3829 1160 3892 haud
1189 3831 1522 3911 potuit,nisi
1556 3834 1717 3914 prius
1735 3835 2082 3914 sapientiam

435 3939 710 3999 tanquam
734 3927 1181 3983 instrumentum
1217 3926 1506 3996 quoddam
1539 3927 1889 3986 condidisset
1921 3929 2086 4002 cujus

438 4031 550 4094 ope
576 4029 649 4074 ea
681 4029 812 4091 quae
833 4017 969 4071 sunt
1001 4012 1539 4092 progigneret,jure
1565 4013 1698 4094 quis
1726 4015 1958 4091 rogabit
1980 4016 2085 4076 ite-

439 4121 572 4165 rum
621 4101 933 4180 cnjusnam
968 4117 1084 4177 cpe
1127 4101 1477 4181 sapientiam
1542 4105 1850 4166 creaverit.
1909 4104 2085 4168 Aliud

439 4191 596 4255 enim
631 4190 875 4252 omnino
904 4187 1081 4250 fuerit
1107 4189 1166 4249 id
1199 4190 1356 4270 quod
1388 4192 1547 4252 illam
1582 4192 1808 4253 creavit
1838 4201 1896 4254 et
1927 4194 2085 4273 quod

436 4283 549 4344 hoc
578 4299 612 4342 a
643 4283 764 4344 Deo
788 4277 1095 4360 sapientia
1125 4289 1183 4340 et
1214 4280 1378 4342 verbi
1411 4289 1673 4361 experte,
1701 4283 1846 4342 heu?
1874 4282 2086 4343 condi-

437 4380 563 4433 tum
597 4370 696 4434 sit.
747 4369 809 4430 Si
840 4377 1060 4444 autem,
1091 4376 1155 4430 ut
1173 4369 1284 4444 ais,
1309 4369 1599 4430 Dominus
1630 4370 1824 4432 istavit
1844 4373 2082 4451 creavit,

437 4459 738 4538 quomodo
770 4458 1059 4535 insipiens
1087 4476 1218 4518 eam
1249 4459 1472 4520 creavit
1499 4458 1524 4520 Υ
1551 4459 1852 4539 quomodo
1901 4462 2080 4524 verbo

2179 3203 2546 3280 ὁμολογούσης
2596 3205 2790 3278 κτίσμα
2851 3203 2948 3278 μὲν
3005 3203 3174 3278 εἶναι,
3207 3205 3308 3280 πρὸ
3371 3206 3588 3261 πάντων
3617 3202 3662 3258 δὲ
3705 3201 3793 3256 τῶν

2177 3297 2403 3352 κτιστῶν
2454 3293 2704 3373 προῆθαι.
2765 3293 2951 3355 Κτίσας
2982 3293 3081 3371 γὰρ
3134 3292 3298 3360 άῦςὴν
3341 3295 3366 3349 6
3428 3296 3566 3358 Θεὸς
3615 3289 3669 3347 δι’
3703 3289 3787 3347 αὖ·

2175 3385 2274 3453 τῆς
2333 3385 2398 3439 τὰ
2426 3383 2550 3438 ὄντα
2609 3381 3020 3460 ἐδημιούργησε.
3060 3383 3217 3440 Καὶό
3277 3379 3654 3462 Ἀμφιλόχιος’
3697 3376 3784 3436 Καὶ

2170 3475 2220 3530 τί
2249 3483 2404 3532 τοῦτο
2448 3470 2696 3528 δύσλυτον
2733 3470 2846 3552 ἔχει
2897 3477 2973 3545 τῷ
3015 3493 3072 3550 γε
3131 3471 3230 3538 τὴν
3259 3471 3413 3548 ῥῆσιν
3473 3467 3788 3549 εὐγνωμόνως

2171 3561 2512 3642 ἐκδεχομένῳ
2567 3563 2656 3618 καὶ
2716 3562 2795 3636 μὴ
2849 3560 3162 3640 φιλονείκως
3225 3562 3356 3640 πρὸς
3418 3562 3583 3628 αὐτὴν
3630 3558 3786 3638 ἔχοντι

2167 3657 2254 3709 καὶ
2296 3654 2574 3722 κακοήθως
2630 3648 2994 3724 διακειμένῳ;
3051 3651 3108 3708 Ei
3165 3650 3264 3727 γὰρ
3325 3647 3581 3707 ἀδύνατον
3609 3647 3668 3715 ἧν
3722 3650 3787 3718 τῷ

2169 3749 2284 3815 Θεῷ
2335 3739 2509 3807 ἄλλως
2566 3741 2744 3796 κτίσαι
2777 3739 2842 3796 τὰ
2888 3738 3038 3812 ὄντα,
3071 3741 3116 3794 εἰ
3167 3741 3244 3814 μὴ
3274 3739 3534 3818 πρότερον
3563 3737 3710 3794 οἱονεί
3745 3757 3786 3791 τι

2167 3830 2447 3911 ἐργαλεῖον
2508 3831 2594 3897 τὴν
2653 3833 2838 3909 σοφίαν
2891 3827 3338 3910 ἐδημιούργησεν,
3367 3829 3508 3886 ὥστε
3539 3826 3603 3885 δι’
3649 3827 3788 3893 αὐτῆς

2169 3923 2235 3978 τὰ
2284 3921 2410 3978 ὄντα
2438 3932 2796 3999 παραγαγεῖν,
2832 3920 3112 3990 ζητήσειεν
3163 3919 3224 3975 ἄν
3279 3941 3360 3981 τις
3417 3919 3592 3997 ἕτερον
3648 3918 3701 3972 τὸ
3747 3912 3787 3969 δι

2169 4019 2227 4068 οὗ
2275 4009 2440 4081 πήλιν
2469 4011 2569 4077 τὴν
2614 4009 2798 4088 σοφίαν
2829 4007 3190 4088 ἐδημιούργει.
3251 4007 3423 4065 ’Ἄλλο
3454 4030 3559 4088 γαα
3603 4030 3650 4064 τι
3679 4005 3788 4061 πάνυ

2169 4122 2272 4166 τως
2332 4098 2392 4154 ἂν
2425 4099 2517 4166 εἴη
2579 4101 2640 4154 τὸ
2671 4099 2864 4165 ταύτην
2916 4097 3314 4177 δημιουργῆσαν
3356 4105 3445 4155 καὶ
3474 4108 3624 4158 τοῦτο
3660 4097 3784 4153 ἐκτί-

2169 4193 2287 4246 σθαι
2342 4191 2485 4267 παρὰ
2515 4198 2606 4248 τοῦ
2633 4188 2834 4268 ἀσόφου
2890 4195 2984 4267 φεῦ
3013 4187 3028 4247 ί
3094 4189 3189 4245 καὶ
3215 4188 3412 4266 ἀλόγου
3443 4189 3592 4248 Θεοῦ.
3628 4188 3678 4244 Εἰ
3717 4182 3779 4258 δὲ,

2173 4280 2385 4358 Κύριος,
2417 4278 2582 4358 ἐρεῖς,
2617 4277 2817 4344 ταύτην
2866 4277 3064 4352 ἔκτισε,
3101 4285 3216 4343 πῶς
3247 4275 3444 4357 ἄσοφος
3486 4276 3558 4334 ὢν
3590 4276 3779 4345 ἔκτισε;

2168 4367 2282 4432 πῶς
2339 4367 2500 4446 λόγου
2531 4365 2882 4445 ἐστερῃμένος
2915 4387 2930 4447 ;
2967 4373 3100 4446 Ορᾷς
3133 4369 3204 4432 εἷς
3236 4365 3377 4444 ξοῗας
3410 4373 3642 4445 πρόεισιν
3668 4363 3779 4418 ἆτο·

2168 4458 2290 4520 πίας
2329 4458 2389 4513 τὸ
2446 4458 2523 4532 μὴ
2554 4454 2646 4521 τοὶς
2691 4458 2789 4523 τῆς
2843 4458 2984 4519 θείας
3015 4461 3226 4536 Γραφῆς
3274 4457 3620 4534 εὐγνωμόνως
3651 4449 3774 4510 ἐκδέε

435 4548 1082 4612 destitutus?Viden’ad
1105 4567 1280 4629 quam
1308 4549 1732 4612 absurditatem
1752 4551 1877 4614 abri
1887 4551 2081 4632 piatur

2178 4550 2354 4628 [εσθαι
2401 4547 2636 4624 ῥήσεις,
2703 4545 2878 4612 Δῆλον
2907 4554 2983 4622 τῷ
3035 4545 3368 4625 ἀγαθοθελῶς
3400 4547 3496 4613 τὴν
3555 4543 3774 4606 τοιαύτην

437 4640 539 4721 qui
569 4637 891 4719 Scriptura;
916 4656 1100 4699 sacras
1121 4639 1298 4700 verba
1321 4640 1417 4720 pio
1442 4639 1641 4702 animo
1667 4647 1944 4722 excipere
1976 4662 2078 4704 re-

439 4727 639 4791 cusat?
658 4726 713 4789 Is
743 4727 843 4808 qui
863 4726 1150 4791 benevole
1170 4727 1317 4789 illud
1339 4729 1576 4791 eﬂ‘atum
1601 4731 2075 4812 comprehendit,

435 4818 592 4881 bene
613 4817 932 4897 intelliget,
961 4817 1118 4899 quod
1140 4819 1314 4881 Pater
1329 4829 1467 4881 ante
1487 4839 1695 4882 omnes
1717 4821 1900 4883 colles
1933 4820 2082 4883 Ver-

438 4908 578 4971 bum
612 4917 879 4988 generat,
904 4926 1023 4970 non
1056 4917 1251 4970 tamen
1281 4909 1458 4971 veluti
1483 4928 1602 4971 non
1633 4911 1948 4986 exsistens,
1972 4911 2079 4972 sed

435 5009 712 5080 tanquam
765 4999 922 5079 quod
968 4998 1197 5060 exsistit
1239 5009 1487 5078 generat
1536 4999 1832 5080 siquidem
1883 5000 2082 5080 planta

433 5107 673 5169 quoque
693 5089 904 5150 ﬂorem
927 5094 1173 5166 generat
1205 5107 1325 5150 non
1350 5089 1434 5152 ita
1465 5097 1526 5151 ut
1545 5107 1681 5151 eum
1709 5099 1908 5152 autem
1932 5089 1993 5150 in
2019 5107 2083 5152 se

434 5196 555 5240 non
587 5177 1002 5255 habuerit,sed
1025 5196 1200 5258 quem
1234 5179 1639 5259 potentialiter
1668 5179 1731 5239 in
1765 5196 1830 5240 se
1851 5177 2079 5256 habuit,

439 5275 500 5329 et
521 5269 741 5349 pariter
761 5284 1008 5346 granum
1032 5267 1315 5352 frumenti
1338 5277 1581 5347 generat
1601 5267 1962 5329 frumentum
1989 5278 2083 5330 ut-

436 5365 572 5437 pote
600 5355 760 5438 quod
811 5355 1217 5436 potentialiter
1247 5355 1306 5415 in
1353 5375 1416 5417 se
1446 5357 1646 5418 habet.
1679 5357 1854 5420 Creat
1881 5367 2080 5419 autem

433 5445 593 5506 Deus
636 5443 894 5506 Verbum
927 5453 1220 5525 quatenus
1241 5444 1524 5527 decrevit,
1552 5455 1613 5508 ut
1646 5446 1793 5508 illud
1817 5455 2086 5528 tempore

435 5533 709 5612 sequenti
763 5551 1002 5598 carnem
1053 5541 1311 5596 creatam
1369 5545 1727 5598 assumeret.
1761 5537 2086 5616 Propterea

433 5622 614 5690 etiam
639 5625 830 5687 Deum
851 5623 1120 5705 appellat
1147 5623 1380 5686 Patrem
1407 5642 1581 5687 suum
1603 5623 1812 5708 Filius,
1843 5625 2084 5703 quando

2163 4636 2460 4709 περικοπὴν
2519 4632 2930 4714 ἐκλαμϐάνοντι,
2987 4638 3061 4699 ὡς
3113 4642 3268 4714 γεννᾷ
3324 4635 3422 4710 μὲν
3482 4636 3570 4691 τὸν
3627 4633 3772 4707 Λόγον

2163 4729 2190 4784 6
2217 4726 2404 4805 Πατὴρ
2464 4727 2564 4805 πρὸ
2624 4724 2837 4782 πάντων
2878 4725 3099 4802 βουνῶν.
3149 4725 3252 4805 οὐχ
3305 4728 3377 4788 ὡς
3434 4726 3511 4800 μὴ
3540 4723 3658 4779 ὄντα
3708 4718 3772 4790 δὲ,

2163 4815 2284 4873 ἀλλ’
2331 4817 2404 4881 ὡς
2437 4813 2562 4871 ὄντα
2611 4819 2789 4892 γεννᾷ·
2829 4813 2942 4870 ἐπεὶ
2991 4817 3078 4872 καὶ
3108 4816 3265 4894 φυτὸν
3326 4812 3476 4879 ἄνθος
3523 4816 3623 4890 οὐχ
3662 4808 3776 4878 8μῆ

2163 4907 2292 4986 εἶχε
2322 4903 2446 4982 παρ’
2480 4904 2670 4982 ἐαυτῷ,
2706 4901 2825 4959 ἀλλ’
2882 4903 2910 4959 ὃ
2941 4901 3154 4978 δυνάμει
3188 4906 3314 4984 εἶχε
3355 4907 3530 4980 γεννᾷ,
3566 4902 3647 4957 καὶ
3672 4899 3778 4986 χόλιξ

2165 4983 2264 5060 κος
2315 4995 2458 5050 σίτου
2487 5007 2636 5050 σῖτον
2692 4995 2796 5072 οὒχ
2838 4993 2897 5048 ὃν
2960 4994 3036 5069 μὴ
3068 4997 3198 5072 εἶχε
3254 4991 3489 5068 δυναμει.
3526 4991 3684 5060 Κτίζει
3733 4983 3775 5040 δὲ

2164 5086 2279 5142 καθ’
2340 5085 2368 5139 ὃ
2398 5083 2450 5140 ἐν
2479 5083 2680 5162 ὑστέρῳ
2709 5083 2964 5150 εὖδόκησε
2994 5091 3179 5142 τοῦτον
3237 5082 3334 5149 τὴν
3365 5081 3581 5147 κτιστὴν
3633 5078 3774 5152 σάρκα

2163 5170 2478 5232 ἀναλαϐεῖν.
2528 5174 2626 5228 Διὰ
2655 5180 2810 5230 τοῦτο
2858 5174 2958 5250 γὰρ
2988 5173 3075 5229 καὶ
3119 5173 3248 5229 Θεὸν
3281 5173 3435 5228 αύτοῦ
3481 5171 3569 5226 τὸν
3597 5164 3774 5242 Πατέρα

2165 5269 2322 5322 καλεῖ
2369 5266 2397 5320 ό
2429 5261 2570 5327 Υἱός.
2641 5284 2664 5318 ι
2699 5261 2993 5320 Ἀναϐαίνω
3043 5260 3166 5341 γάρ,
3199 5285 3225 5317 ι
3281 5263 3434 5340 φησὶ,
3472 5279 3500 5318 ε
3529 5260 3650 5337 πρὸς
3700 5254 3772 5310 τὸν

2165 5352 2375 5432 Πατέρα
2431 5371 2532 5429 μου
2589 5353 2676 5408 καὶ⁵
2736 5353 2943 5429 Πατέρα
2999 5353 3169 5431 ὃμῶν,
3229 5352 3316 5408 καὶ
3375 5349 3500 5406 Θεόν
3555 5368 3648 5423 μω
3699 5341 3772 5432 καί

2171 5446 2301 5502 Θεὸν
2349 5445 2519 5519 ὑμῶν.
2559 5466 2586 5498 ι
2663 5450 2762 5500 Τοῦ
2817 5443 3105 5518 κτίσματος
3163 5439 3262 5520 γάρ
3321 5440 3504 5502 Θεὸςό
3557 5430 3769 5507 Θεὸς,ο·5

2168 5544 2260 5594 τοῦ
2306 5533 2504 5611 Λόγου.
2563 5533 2618 5589 Εἰ
2648 5530 2701 5588 δέ
2733 5554 2816 5590 σοι
2862 5535 2944 5612 τὸ,
2985 5555 3008 5587 α
3047 5533 3152 5610 Πρὸ
3182 5533 3392 5589 πάντων
3419 5530 3609 5608 βουνῶν
3635 5525 3768 5602 γεννᾷ

2167 5646 2260 5704 με,
2296 5647 2324 5682 ι
2373 5610 2620 5684 ὑπονοεῖν
2650 5621 2855 5682 δίδωσιν
2898 5610 2969 5690 ὥς
3017 5621 3181 5704 ὀλίγῳ
3213 5621 3460 5703 πρότερον
3513 5623 3600 5676 τοῦ
3640 5610 3766 5697 γενέ·
