4066 6146
302 208 420 282 969

1425 211 1613 285 VITA
1658 222 1718 287 S.
1766 222 2128 287 DANIELIS
2173 225 2548 290 ΞΤΥΙιῘΤίΕ.

3559 228 3679 307 970

300 354 543 434 ἔρχεται.
590 354 735 412 Μετὰ
777 360 942 412 ταῦτα
984 352 1037 411 δὲ
1081 352 1298 431 πέμψας
1354 356 1494 412 κατὰ
1548 357 1615 414 τὰ
1666 358 1940 425 αἰτηθέντα

2028 355 2233 451 lochio
2254 356 2435 451 petita
2458 365 2647 432 erant,
2680 361 2790 422 tria
2814 362 3035 443 templa
3059 381 3163 427 rex
3183 372 3450 430 construi
3467 371 3670 451 jussit,

297 446 326 500 ὁ
375 442 623 520 βασιλεὺς
675 444 825 524 τρεῖς
883 445 1033 507 ναοὺς
1069 441 1408 520 ᾠκοδόμησε,
1463 444 1551 502 δύο
1595 446 1695 522 μὲο
1725 446 1814 512 οὓς
1846 448 1945 504 αὐ-

295 535 386 594 τὸς
446 535 474 589 ὁ
531 532 702 610 μέγας
760 531 978 612 εἴρηκεν
1037 531 1422 614 Ἀμφιλόχιος,
1487 533 1664 612 ἕτερον
1722 533 1777 591 δὲ
1810 536 1947 593 κατὰ

294 620 512 689 θέλησιν
571 620 858 679 Θεοδούλου
923 621 1018 678 τοῧ
1073 620 1476 702 ἆρχιδιακόνου,
1534 625 1623 681 καὶ
1679 624 1833 681 αὐτὸν
1889 623 1945 680 δὲ

294 710 382 767 ἐπ’
414 711 632 787 ὀνόματι
664 712 758 779 τῆς
787 720 880 770 τοῦ
935 719 1065 768 Θεοῦ
1112 713 1299 793 σοφίας
1344 711 1745 788 τετελεσμένον.
1795 711 1945 771 Ἐπεὶ

294 798 350 854 δὲ
394 798 497 866 ἤδη
537 800 585 855 οἱ
616 801 730 856 ναοὶ
773 798 1141 874 ᾠκοδόμηντο,
1198 800 1583 875 μετακαλεῖται
1637 803 1730 858 τὸν
1773 802 1943 881 μέγαν

301 888 575 945 Βασὲλειον
619 891 646 945 ὁ
707 890 844 966 ἱερὸς
877 886 1240 969 Ἀμφιλόχιος
1299 887 1382 965 ὶφ’
1436 893 1482 963 ᾧ
1529 890 1650 953 τοὺς
1682 912 1940 967 νεουργη..

295 977 476 1041 θέντας
530 976 744 1043 τούτους
798 979 1092 1055 ὲγκαινῖσαι
1154 981 1335 1041 ναούς.
1369 976 1428 1036 Ὀ
1488 977 1565 1053 δὲ,
1601 980 1770 1036 καίτοι
1802 979 1942 1054 νόσῳ

301 1065 629 1145 κατάσχετος
673 1065 771 1141 ὢν,
806 1062 926 1122 ἀλλ’
963 1067 1051 1122 οὖν
1103 1065 1312 1132 ἐκείνης
1346 1068 1598 1146 κρείττων
1658 1067 1942 1144 γενόμενος

301 1153 625 1235 ἀφικνεῖται,
689 1156 776 1211 καὶ
829 1158 1070 1226 καθιεροῖ
1151 1155 1272 1219 τοὺς
1353 1156 1532 1228 ναοὺς,
1599 1157 1686 1211 καὶ
1740 1156 1943 1234 γίνεται

298 1245 584 1322 εὐφροσύνη
657 1244 1015 1318 πνευματικὴ,
1072 1246 1159 1301 καὶ
1245 1245 1549 1318 Πνεύματος
1608 1245 1759 1323 ἁγίου
1818 1245 1941 1301 ἐπι-

297 1332 589 1399 σκόπησις,
640 1334 742 1391 Δύο
796 1331 851 1389 δὲ
901 1334 1037 1408 μετᾶ
1079 1340 1241 1390 ταῦτα
1286 1331 1652 1404 παρελθόντων
1689 1332 1941 1390 ἐνιαυτῶν

296 1421 388 1476 τὸν
444 1420 615 1499 μέγαν
656 1424 692 1492 ἡ
738 1423 893 1500 Τριὰς
952 1421 1223 1479 Βασίλειον
1268 1424 1340 1484 εἷς
1394 1424 1485 1478 τὸν
1517 1422 1938 1502 ἀχειροποίητον

296 1509 684 1584 μετακαλεῖται
727 1512 874 1584 ναὸν,
914 1511 973 1567 οὗ
1014 1513 1076 1567 τὸ
1118 1514 1255 1589 ἱερὸν
1300 1512 1470 1587 θάψας
1518 1518 1674 1586 σῶμα
1723 1513 1750 1567 ὁ
1799 1512 1938 1588 ἱερὸς

294 1598 658 1680 Ἀμιριλόχιος
688 1599 872 1658 οἴκαδε
903 1600 1063 1657 πάλιν
1092 1600 1353 1675 ἐπάνεισι,
1387 1602 1474 1656 καὶ
1532 1605 1631 1666 τῆς
1682 1600 1937 1679 προτέρας

2028 445 2145 506 duo
2179 445 2462 508 nimirum
2488 467 2618 527 quae
2644 458 2890 512 sanctus
2919 451 3391 531 desideraverat,
3422 445 3670 524 tertium

2026 544 2226 597 autem
2258 535 2586 598 secundum
2638 538 2994 602 voluntatem
3042 540 3340 606 T‘heoduli
3371 547 3673 612 archidiao

2027 625 2187 700 coni,
2215 624 2436 704 pariter
2462 627 2569 688 Dei
2597 626 2905 708 sapientia;
2932 641 3368 695 consecratum.
3398 634 3505 698 His
3523 637 3675 700 aedi-

2029 711 2140 773 bus
2156 713 2490 793 exstructis,
2519 722 2762 778 sanctus
2792 718 3252 796 Amphilochius
3281 724 3670 788 accersitBa-

2025 801 2221 862 silium
2255 802 2524 880 Magnum
2557 805 2630 865 ad
2665 805 2776 867 ista
2824 808 3048 887 templa
3086 808 3523 889 inauguranda.
3557 815 3671 888 Qui

2027 909 2159 952 cum
2179 910 2211 951 e
2227 891 2432 953 morbo
2464 910 2582 972 quo
2604 902 2727 955 tum
2755 904 3068 974 correptus
3090 906 3242 973 erat,
3266 904 3668 965 reconvaluis-

2025 988 2136 1052 set,
2171 979 2436 1050 advenit,
2461 982 2951 1063 consecratisque
2978 985 3278 1059 ecclesiis,
3303 988 3366 1048 ﬁt
3392 990 3674 1068 gaudium

2027 1068 2340 1148 spirituale
2372 1074 2433 1131 et
2458 1068 2715 1150 Spiritus
2745 1075 2931 1133 sancti
2965 1073 3256 1135 custodia.
3287 1074 3537 1139 Duobus
3556 1079 3668 1141 ab-

2027 1156 2166 1218 hinc
2196 1157 2413 1238 elapsis
2441 1176 2617 1220 anms
2663 1156 2924 1221 Trinitas
2958 1179 3235 1240 magnum
3279 1163 3561 1227 Basilium
3593 1167 3667 1230 ad

2027 1245 2313 1326 templum
2376 1265 2496 1307 nou
2549 1247 2820 1336 manibus
2871 1248 3089 1311 factum
3145 1253 3431 1317 evocavit.
3483 1253 3668 1336 Cujus

2025 1343 2293 1395 sanctum
2329 1352 2548 1415 corpus
2596 1335 2696 1396 ubi
2727 1344 2969 1397 sanctus
2997 1338 3459 1418 Amphilochius
3490 1335 3668 1408 terra

2023 1421 2345 1497 commisit,
2379 1423 2619 1484 domum
2651 1424 2806 1486 redit
2833 1434 2896 1485 et
2924 1428 3009 1485 uti
3059 1426 3223 1505 prius
3252 1442 3663 1509 consueverat,

2023 1510 2281 1572 docendi
2312 1530 2563 1573 munere
2592 1512 2877 1591 fungitur.
2914 1512 3183 1577 Tandem
3214 1516 3403 1580 tribus
3432 1522 3607 1583 annis
3631 1541 3667 1584 a

2024 1607 2220 1690 morte
2256 1601 2452 1679 magni
2478 1600 2682 1690 Basilii
2714 1602 3137 1683 praeterlapsis,
3174 1604 3303 1684 ipse
3328 1626 3567 1690 quoque
3589 1611 3664 1672 ad

296 1689 519 1746 ἅπτεται
574 1689 935 1754 διδασκαλίας.
987 1691 1132 1767 Τρισὶ
1190 1689 1244 1746 δὲ
1305 1689 1519 1770 χρό’νοις
1578 1688 1793 1768 ὕστερον
1840 1693 1936 1758 τῆς

2028 1686 2340 1749 Dominum
2400 1689 2820 1769 transmigrat,
2901 1691 3207 1771 longorum
3265 1686 3660 1761 certaminum

297 1781 392 1834 τοῦ
446 1778 684 1857 μεγάλου
711 1778 964 1846 τελευτῆς
1022 1777 1294 1835 Βασιλείου
1335 1779 1424 1836 καὶ
1466 1778 1622 1840 αὐτὸς
1665 1779 1796 1857 πρὸς
1832 1779 1940 1835 Κύ-

296 1890 411 1947 ριον
452 1866 703 1945 ἑκδημεϊ,
766 1875 871 1926 τῶν
932 1870 1152 1947 μακρῶν
1201 1868 1379 1925 πόνων
1434 1866 1529 1933 τὰς
1571 1864 1805 1941 ἀμοιϐὰς
1838 1889 1940 1923 κο-

298 1957 606 2033 μιούμενος.

381 2046 465 2107 Θ’.
498 2045 563 2103 Ἦ
595 2046 776 2122 μέντοι
806 2047 962 2111 πόλις
995 2047 1173 2127 ὥσπερ
1222 2046 1307 2103 ἐπὶ
1362 2051 1518 2123 κοινῇ
1559 2067 1662 2101 τινι
1720 2044 1938 2122 συντρέ-

301 2158 474 2217 χουσα
535 2142 776 2216 συμφορᾷ
829 2137 925 2194 οὒκ
976 2139 1106 2217 εἶχε
1162 2137 1342 2216 πράως
1383 2135 1483 2202 τὴν
1541 2144 1631 2194 τοῦ
1687 2135 1939 2209 ποιμένος

296 2224 547 2304 στέρησιν
594 2226 858 2304 ἐδεγκεῖν,
906 2225 1042 2282 ἀλλὰ
1100 2225 1292 2301 ἀθυμίᾳ
1354 2225 1658 2303 συνείχετο³
1690 2225 1776 2280 καὶ
1805 2224 1938 2300 θρή-

300 2337 406 2377 νοις
459 2315 736 2392 ἐκόπτετο,
792 2318 881 2373 καὶ
941 2315 1321 2373 συναποθέσθαι
1369 2314 1463 2376 τὰς
1519 2315 1701 2390 ψυχὰς
1747 2313 1941 2375 πάντες

298 2411 378 2479 τῷ
431 2404 645 2479 ποιμένι
717 2405 1042 2482 προῇρηντο.
1101 2404 1375 2480 Θάψαντες
1433 2402 1522 2459 οὖν
1582 2401 1805 2476 ἐντίμως
1877 2402 1940 2457 τὸ

299 2495 477 2568 τίμιον
507 2493 683 2550 ἐκεῖνο
712 2494 922 2561 ἀληθῶς
953 2500 1108 2569 σῶμα
1161 2494 1252 2549 καὶ
1296 2491 1470 2551 πολλὰ
1530 2489 1724 2568 δάκρυα
1769 2511 1940 2547 κατα-

297 2583 525 2663 χέαντες
581 2582 735 2656 μόλις
788 2583 915 2640 ποτὲ
971 2583 1240 2640 πείθονται
1299 2585 1391 2639 τὸν
1424 2582 1589 2661 τάφον
1623 2577 1936 2638 ἀπολιπεῖν.

299 2670 504 2728 ιιολλαί
552 2669 605 2727 δὲ
647 2674 961 2748 θεοσημεται
1021 2673 1186 2749 παρὰ,
1232 2671 1324 2728 τοῦ
1357 2668 1555 2734 εἰδότος
1608 2672 1731 2732 τοὺς
1780 2665 1938 2733 δοξά-

297 2769 482 2833 ζοντας
543 2763 701 2820 αὒτὸν
764 2759 994 2833 δοξάζειν
1040 2768 1172 2818 Θεοῦ
1219 2761 1421 2818 ἐκεῖθεν
1479 2759 1761 2837 γεγόνασιν
1797 2777 1808 2790 ·
1859 2755 1939 2812 ὅτι

298 2851 441 2907 αὒτῶ
489 2851 678 2930 πρέπει
734 2857 880 2908 πᾶσα
938 2849 1083 2926 δόξα,
1135 2852 1266 2923 τιμὴ
1315 2851 1403 2907 καὶ
1436 2848 1794 2921 προσκύνησις
1847 2846 1939 2902 σὺν

300 2945 377 3013 τῷ
408 2954 690 3018 μονογενεϊ
720 2943 823 3015 Υἱῷ
850 2941 939 2997 καὶ
968 2943 1045 3014 τῷ
1073 2940 1317 3019 παναγίῳ
1368 2937 1633 3013 Πνεόματι
1693 2937 1766 3001 εἰς
1818 2935 1940 2994 τοὺς

304 3031 521 3096 αἰῶνας.
552 3027 749 3106 Ἀμην.

2025 1778 2335 1857 praemium
2365 1785 2799 1858 reportaturus.

2105 2042 2199 2105 IX.
2236 2042 2450 2105 Civitas
2472 2052 2699 2120 autem,
2729 2053 2792 2106 ut
2814 2047 2873 2106 in
2901 2044 3137 2126 publica
3170 2049 3303 2111 fieri
3332 2051 3487 2113 solet
3509 2052 3667 2115 cala-

2025 2131 2252 2211 mitate,
2288 2141 2639 2210 congregata
2672 2152 2791 2195 non
2824 2134 3000 2197 facile
3049 2136 3186 2197 tulit
3236 2140 3488 2217 pastoris
3532 2142 3665 2204 obi-

2026 2229 2173 2294 tum,
2204 2221 2309 2281 sed
2344 2237 2601 2281 maerore
2647 2231 2944 2303 correpta,
2994 2223 3055 2285 in
3090 2224 3359 2304 planctus
3393 2234 3451 2289 et
3482 2230 3665 2292 lacri-

2027 2325 2154 2397 mas
2183 2307 2372 2369 effusa
2402 2315 2515 2381 est,
2548 2308 2632 2370 ita
2662 2310 2905 2389 quidem
2939 2324 3003 2374 ut
3032 2314 3233 2376 cuncti
3262 2333 3396 2378 cum
3430 2326 3666 2397 pastore

2022 2396 2282 2458 animam
2343 2398 2656 2460 exhalasse
2711 2406 3003 2479 optarent.
3066 2400 3210 2470 Cum
3262 2396 3467 2484 itaque
3516 2406 3663 2469 illud

2023 2502 2229 2546 revera
2260 2485 2597 2547 venerabile
2628 2505 2845 2566 corpus
2878 2488 3207 2551 honoriﬁce
3250 2493 3667 2570 sepelivissent

2023 2583 2081 2636 et
2113 2575 2324 2635 multas
2368 2575 2662 2638 fudissent
2697 2576 2997 2652 lacrimas,
3033 2578 3124 2639 vix
3156 2596 3189 2640 a
3217 2580 3501 2658 sepulcro
3531 2581 3666 2645 dis-

2025 2664 2244 2726 cedere
2274 2664 2708 2749 sustinuerunt.
2743 2664 2919 2727 Multa
2960 2674 3155 2728 autem
3186 2685 3220 2728 a
3249 2666 3371 2730 Deo
3398 2670 3502 2749 qui
3529 2671 3664 2749 glo-

2023 2752 2325 2814 riﬁcantes
2355 2746 2547 2834 ipsum
2587 2753 2747 2815 novit
2775 2754 3132 2835 gloriﬁcare,
3190 2756 3344 2818 facta
3392 2746 3479 2819 ibi
3521 2746 3663 2821 sunt

2028 2842 2335 2923 miracula,
2366 2843 2542 2923 cique
2575 2843 2828 2905 debetur
2879 2843 3072 2905 omnis
3101 2843 3313 2923 gloria,
3362 2845 3556 2909 honor
3607 2856 3665 2910 et

2023 2929 2292 2993 adoratio
2322 2949 2458 2993 cum
2491 2930 2796 3013 unigenito
2838 2930 2989 2995 Filio
3022 2939 3080 2995 et
3122 2933 3498 2997 sanctissimo
3525 2934 3661 3018 Spi-

1959 3028 2000 3081 c
2025 3021 2147 3082 ritu
2178 3021 2239 3082 in
2268 3021 2506 3085 saecula.
2539 3022 2757 3086 Amen.

310 3214 3670 3250 “ww

916 3364 1683 3545 MENSIS
1844 3360 3040 3629 D_ECEMBER.

1095 3790 1506 3920 ΒΙΟΣ
1609 3785 1915 3916 ΚΑΙ

2022 3784 2895 3915 ΠΟΛΙΤΕΙΑ

1534 4030 1663 4082 ΤΟΥ
1708 4027 1905 4080 ΟΣΙΟΥ
1949 4025 2212 4080 ΠΑΤΡΟΣ
2257 4025 2452 4079 ΗΜΩΝ

741 4207 1474 4377 ΔΑΝΙΗΛ
1648 4204 2047 4472 ΤΟΥ-⁸
2198 4202 3247 4371 ΣΤΥΛΙΤΟΥ·

1340 4603 1605 4689 VITA
1671 4602 1807 4688 ET
1877 4601 2657 4690 CONVERSATIO

1646 4781 1706 4843 s.
1762 4775 2034 4842 PATRIS
2093 4758 2368 4840 NOSTRI

1055 4964 1953 5113 DANIELIS
2067 4958 2976 5108 STYLITZE.

822 5217 1028 5290 (Latine
1053 5215 1183 5290 apud
1210 5212 1416 5274 Surium
1446 5211 1510 5269 ad
1538 5211 1670 5270 diem
1705 5213 1763 5269 11
1798 5211 2112 5288 Decembris,
2141 5213 2312 5271 Graece
2339 5226 2401 5267 ex
2431 5209 2546 5268 cod.
2579 5225 2675 5266 ms.
2712 5205 2873 5273 1559,
2911 5221 3030 5262 saec.
3061 5207 3208 5277 xxv.)

417 5461 503 5529 A'.
563 5461 783 5541 ’Ὥσπερ
825 5460 912 5519 ἒπὶ
968 5459 1075 5516 τῶν
1119 5455 1374 5537 ἀριστέων
1421 5452 1619 5545 ὃπόταν
1654 5454 1782 5545 περὶ
1810 5451 1940 5545 πολέ

2028 5462 2039 5505 ι
2134 5447 2180 5511 Ι.
2216 5441 2736 5545 Quemadmodum
2789 5441 2929 5503 viris
2975 5438 3230 5545 fortibus
3288 5439 3585 5515 usuvenit,
3622 5448 3703 5544 ,ιιι

336 5576 454 5642 μων
491 5528 593 5610 καὶ
649 5528 871 5631 ἆγιένων
916 5549 1004 5606 καὶ
1060 5528 1328 5626 τροπαίων
1383 5566 1466 5610 τις
1520 5528 1855 5620 διαλέγηται,
1890 5544 1940 5598 αἱ

2063 5536 2301 5618 quando
2324 5534 2462 5614 quis
2487 5532 2562 5596 de
2595 5531 2770 5595 bellis
2797 5538 2856 5594 et
2886 5528 3313 5593 certaminibus
3343 5537 3403 5592 et
3430 5532 3693 5613 tropaeis,

659 5660 920 5733 PATROL.
950 5656 1061 5719 GR.
1098 5653 1304 5719 CXVI.

3339 5635 3406 5702 31
