4066 6146
435 224 544 298 971

1638 227 2023 292 ADDENDA.
2073 258 2149 272 —
2178 223 2321 286 DEC
2333 229 2428 290 ΕΜ
2437 229 2605 290 BER.

3680 225 3777 294 97?

438 373 525 434 eis
549 371 746 433 statim
778 367 1071 432 excitetur
1104 367 1359 442 animus,
1407 372 1466 426 et
1509 373 1734 444 quaerat
1764 366 2078 426 instructas

2167 366 2277 422 τίκα
2335 386 2392 422 τε
2427 367 2610 428 αὐτοῖς
2641 364 2673 427 ἡ
2722 363 2876 442 ψυχὴ
2927 361 3274 441 διανίσταται,
3319 365 3404 419 καί
3446 386 3547 420 που
3576 365 3659 421 καὶ
3687 388 3779 422 πα-

437 463 616 535 acies,
654 468 712 522 et
745 477 957 520 manus
988 473 1309 519 conserere
1345 455 1590 534 cupiant
1623 473 1757 515 cum
1793 454 2082 526 hostibus,

442 559 500 612 et
530 569 646 631 quo
671 553 839 629 plura
863 548 936 608 de
959 547 1049 607 his
1071 545 1249 607 verba
1272 543 1402 605 ﬁeri
1423 543 1784 617 audiverint,
1809 562 1878 604 eo
1907 545 2088 622 magis

441 640 528 700 eis
559 639 778 700 crescit
809 635 1267 707 desiderium,et
1299 633 1437 693 talia
1460 632 1723 694 facinora
1753 634 1951 694 statim
1980 651 2086 710 ag-

441 727 610 805 gredi
669 726 918 806 cupiunt
969 742 982 784 :
1038 725 1120 782 ita
1171 722 1346 783 etiam
1407 721 1635 782 virtutis
1691 720 2080 790 amatoribus,

440 825 505 876 ut
529 817 579 876 si
615 816 753 895 quis
781 815 870 875 eis
900 820 1105 874 narret
1132 811 1301 891 vitas,
1339 828 1470 890 qum
1493 811 1552 870 in
1585 811 1914 870 monastica
1945 827 2083 870 ver-

441 913 646 966 santur
680 904 1125 976 exercitatione,
1153 909 1210 960 et
1242 918 1351 980 per
1373 917 1612 960 omnem
1628 898 1956 978 pervadunt
1977 899 2086 959 vir-

441 1000 651 1070 tutem,
688 1009 819 1071 quas
845 990 964 1051 Deo
997 987 1296 1062 conciliat,
1332 987 1507 1048 simul
1539 987 2002 1060 inﬂammantur,
2031 994 2089 1047 et

440 1099 510 1142 ea
563 1081 831 1160 cupiunt,
889 1097 1025 1156 quae
1076 1086 1213 1138 sunt
1261 1076 1373 1137 sibi
1432 1077 1871 1150 convenientia,
1928 1084 1986 1137 et
2015 1074 2086 1136 ad

439 1188 760 1244 summam,
795 1169 870 1230 iis
902 1185 1032 1248 quae
1063 1167 1367 1241 dicuntur,
1401 1175 1464 1226 ut
1489 1184 1618 1246 quae
1649 1165 1765 1226 sint
1798 1164 1912 1226 sibi
1944 1183 2086 1244 pro-

437 1258 589 1339 pria,
642 1258 1006 1330 afficiuntur,
1061 1263 1121 1318 et
1169 1273 1232 1315 se
1284 1266 1495 1334 parant
1541 1253 1612 1315 ad
1667 1254 2082 1316 imitationem.

441 1346 832 1409 Admirabilis
863 1347 1061 1426 itaque
1091 1344 1207 1404 vita
1238 1345 1412 1422 hujus
1458 1343 1745 1418 Danielis,
1792 1343 2086 1424 quemad-

442 1435 686 1498 modum
717 1436 806 1496 vel
839 1453 963 1496 non
994 1433 1120 1495 sola
1152 1434 1409 1494 maxime
1440 1432 1666 1494 sufﬁcit
1691 1433 1762 1494 ad
1795 1433 2084 1510 animum,

439 1525 541 1601 qui
580 1534 786 1606 captus
818 1533 907 1585 est
940 1540 1143 1585 amore
1177 1522 1434 1602 virtutis,
1469 1523 1692 1601 majore
1721 1522 1844 1584 zelo
1877 1539 2087 1584 acceno

2171 453 2409 531 ρατάξεις
2483 453 2749 522 ἐπιζητεῖ,
2819 453 2907 507 καὶ
2962 453 3091 528 πρὸς
3165 451 3478 527 συμπλοκὴν
3537 452 3782 527 πολεμίων

2171 547 2352 620 ὁρμᾷ,
2418 542 2505 598 καὶ
2563 541 2772 619 ὅσῳπερ
2848 539 2908 596 ἂν
2982 540 3184 614 μᾶλλον
3261 542 3380 602 τοὺς
3436 543 3553 618 περὶ
3606 543 3783 598 τούτων

2171 632 2402 688 ἀκούωσι
2457 629 2669 707 λόγους,
2718 630 2801 685 ἐπὶ
2860 627 3022 684 πλέον
3060 651 3116 684 τε
3163 632 3335 686 αὐτῶν
3387 632 3414 696 ἡ
3467 631 3606 706 ὁρμὴ
3650 629 3784 695 aliis-

2171 743 2278 794 ται,
2338 721 2425 775 καί
2476 719 2726 774 τοιούτων
2768 717 2934 794 ἔργων
2977 718 3120 780 εὒθυς
3166 717 3436 795 ὀρέγονται
3475 735 3490 749 ⁹
3539 716 3670 775 οὕτω
3717 721 3787 774 καὶ

2173 810 2256 865 ἐπὶ
2313 816 2420 864 τῶν
2477 813 2572 873 τῆς
2632 807 2822 884 ἀρετῆς
2881 806 3112 885 ἐραστῶν
3147 824 3162 839 ⁶
3213 807 3272 862 ἂν
3349 808 3664 873 ἄσκητοκοὺς
3721 829 3788 870 τις

2173 902 2354 960 αὐτοῖς
2399 895 2678 975 διέρχηται
2721 897 2864 972 βίους
2911 898 2993 951 καὶ
3037 894 3120 952 διὰ
3164 897 3339 963 πάσης
3391 896 3581 974 ἀρετῆς
3639 895 3789 962 ἥκειν-

2173 1009 2266 1050 τας
2313 986 2501 1042 ὁπόσαι
2557 986 2671 1058 Θεῷ
2717 989 3017 1059 οἰκειοῦσιν,
3066 985 3176 1059 ἅμα
3227 1006 3284 1040 τε
3333 983 3786 1060 διαθερμαίνονται,

2171 1079 2256 1132 καὶ
2299 1077 2402 1132 τῶν
2457 1076 2653 1148 ὁμοίων
2712 1074 2964 1154 ἐφίενται,
3018 1077 3103 1130 καὶ
3135 1073 3274 1138 ὅλως
3307 1073 3514 1137 οἰκείως
3549 1072 3789 1129 διατιθεν-

2170 1188 2253 1222 ται
2299 1177 2416 1228 τοῖς
2475 1163 2809 1241 λεγομένοις,
2861 1164 2948 1219 καὶ
3007 1164 3496 1240 παρασκευάζονται
3542 1164 3665 1240 πρὸς
3707 1165 3790 1231 τὴν

2170 1255 2416 1329 μίμησιν.
2449 1244 2510 1311 Ὀ
2555 1255 2677 1330 γοῦν
2721 1252 2814 1309 τοῦ
2871 1255 3161 1326 θαυμασίου
3202 1255 3386 1309 τούτου
3457 1251 3655 1319 Δανιὴλ
3695 1253 3789 1327 βίος

2169 1350 2282 1406 πῶς
2342 1344 2462 1422 οὐχὶ
2520 1343 2606 1398 καὶ
2650 1344 2810 1416 μόνος
2855 1342 3176 1405 ἰκανώτατός
3222 1342 3362 1397 ἔστιν
3418 1341 3612 1418 ἆρετῆς
3667 1341 3790 1418 ἐρῶ-

2169 1455 2264 1489 σαν
2291 1437 2475 1511 ψυχὴν
2506 1433 2577 1496 εἰς
2608 1430 2826 1487 πλείονα
2860 1431 3023 1501 ζῆλον
3053 1432 3328 1505 ἐκκαῦσαι,
3357 1453 3447 1508 και
3478 1430 3617 1495 ὅλως
3643 1430 3790 1492 αὐτὴν

2173 1523 2383 1588 κινῆσαι
2415 1522 2502 1576 καὶ
2532 1518 2840 1585 καταθέλξαι
2874 1539 2889 1598 ;

439 1614 727 1690 dendum,
766 1625 824 1676 et
857 1613 1052 1694 ipsum
1085 1611 1331 1673 omnino
1392 1611 1746 1672 movendum
1780 1620 1839 1672 et
1890 1610 2378 1684 demulcendum,
2414 1616 2472 1670 et
2518 1609 3002 1670 suavissimorum
3040 1607 3306 1670 laborum
3367 1607 3791 1670 exercitationis

435 1705 802 1766 aﬂ‘erendam
835 1703 1217 1783 voluptatem,
1257 1719 1393 1778 quae
1423 1719 1540 1761 non
1574 1700 1750 1761 habet
1779 1701 2108 1762 satietatem
2146 1718 2162 1777 ;
2197 1699 2325 1772 Quo
2358 1706 2446 1761 est
2478 1698 2634 1760 enim
2663 1696 3090 1778 admirabilior,
3125 1715 3197 1760 eo
3229 1705 3319 1758 est
3346 1698 3530 1760 etiam
3564 1697 3787 1763 utilior:

438 1801 500 1856 et
551 1794 603 1854 si
633 1793 766 1873 quis
797 1809 931 1852 eum
990 1789 1246 1852 voluerit
1283 1789 1566 1864 zemulari,
1597 1790 1652 1850 in
1703 1789 1936 1851 modico
1971 1789 2240 1865 multam,
2275 1799 2336 1851 et
2395 1807 2529 1866 quae
2581 1806 2711 1851 cum
2748 1787 2951 1868 paucis
2999 1785 3257 1848 conferri
3291 1794 3502 1868 potest,
3550 1786 3794 1849 inveniet

435 1882 732 1943 virtutem.

519 1994 592 2057 II.
626 1994 776 2057 Huic
802 2012 942 2072 ergo
971 1993 1142 2055 beato
1175 1994 1360 2073 patria
1391 1992 1630 2073 quidem
1663 2000 1809 2067 erat,
1835 2011 1968 2074 quae
1991 1994 2077 2054 in-
2101 2003 2137 2052 Β

438 2095 528 2148 ter
561 2084 919 2164 Euphratem
944 2092 1002 2144 et
1021 2080 1244 2161 Tigrim
1269 2081 1404 2162 sita,
1433 2093 1492 2143 et
1511 2089 1624 2156 est,
1655 2089 1713 2142 et
1737 2083 2081 2144 nominatur

2241 1999 2320 2056 B'.
2356 1996 2533 2068 Τούτῷ
2579 1995 2750 2050 τοίνυν
2810 2001 2886 2067 τῷ
2945 1992 3198 2068 μακαρίῳ
3242 1995 3429 2069 πατρὶς
3485 1991 3580 2067 μὲν
3630 1991 3663 2057 ἦ
3710 1991 3793 2058 τῆς

2165 2084 2430 2163 Εὒφράτου
2483 2085 2569 2138 καὶ
2629 2083 2886 2160 Τίγρητος
2975 2079 3168 2156 μεταξὺ
3210 2079 3436 2154 κειμένη
3496 2087 3794 2136 Μεσοποταο

437 2173 881 2254 Mesopotamia.
919 2170 1102 2232 Natus
1147 2182 1239 2231 est
1282 2179 1478 2232 autem
1524 2169 1584 2230 in
1639 2171 1895 2250 quodam
1928 2171 2076 2246 vico,

437 2264 634 2326 vicino
653 2261 782 2323 urbi
801 2263 1266 2322 Samosatorum:
1293 2260 1632 2338 eorum,qui
1649 2259 1773 2321 illic
1789 2259 2077 2334 habitant,

437 2351 640 2429 lingua
672 2368 806 2412 eum
854 2357 1022 2411 vocat
1062 2347 1342 2411 Maratha.
1387 2347 1454 2408 Ei
1490 2355 1654 2426 pater
1681 2349 1921 2429 quidem
1955 2357 2082 2409 erat

435 2438 592 2519 Eliu,
629 2447 816 2500 mater
845 2456 984 2500 veru
1015 2437 1241 2500 Martha
1271 2457 1286 2514 ;
1338 2437 1445 2498 fuit
1493 2446 1689 2498 autem
1741 2437 1836 2498 hic
1869 2436 2079 2499 modus

440 2527 870 2608 conceptionis.
905 2526 1105 2588 Matris
1151 2526 1280 2606 ejus
1328 2534 1532 2588 uterus
1581 2534 1707 2588 erat
1758 2525 2076 2587 admodum

437 2635 686 2680 mancus
701 2635 769 2677 ac
789 2615 1064 2690 mutilus;
1099 2614 1394 2677 eratenim
1411 2614 1634 2674 sterilis
1655 2612 1726 2674 ad
1753 2613 2076 2676 liberorum

440 2705 944 2786 procreationem.
992 2705 1139 2764 Cum
1172 2702 1372 2782 itaque
1404 2703 1564 2764 mille
1597 2701 1828 2782 probris
1861 2721 1988 2764 eam
2017 2702 2078 2762 in

440 2794 570 2855 dies
588 2795 1026 2854 insectarentur
1046 2792 1314 2864 maritus,
1337 2790 1485 2865 noti,
1507 2791 1761 2871 cognati,
1787 2800 1845 2853 et
1869 2810 2078 2853 omnes

441 2883 564 2961 alii,
599 2891 657 2942 et
681 2880 1008 2942 liberorum
1041 2887 1361 2958 egestatem
1395 2879 1449 2940 ei
1472 2880 1688 2942 acerbe
1720 2880 2075 2962 objicerent,

439 2971 540 3033 illa
569 2971 642 3031 ab
675 2971 762 3031 eis
785 2970 938 3031 male
961 2970 1169 3030 affecta
1195 2977 1254 3030 et
1285 2970 1464 3031 corde
1494 2970 1773 3047 cruciata,
1809 2971 1952 3052 quid
1985 2971 2078 3032 fa-

441 3058 572 3120 cit?
601 3059 878 3137 Confugit
909 3057 981 3119 ad
1014 3076 1178 3134 eum,
1211 3059 1309 3139 qui
1355 3059 1481 3120 haec
1514 3069 1708 3140 potest
1738 3077 1948 3121 curare
1975 3079 1990 3136 ;
2023 3067 2080 3120 et

443 3147 593 3209 clam
630 3147 807 3208 domo
830 3147 1028 3208 media
1049 3155 1219 3208 nocte
1241 3166 1502 3226 egressa,
1533 3167 1741 3209 manus
1772 3148 1830 3209 in
1865 3148 2080 3210 coelum

448 3234 686 3310 tollens,
710 3246 768 3296 et
794 3244 1010 3296 terram
1031 3235 1304 3314 lacrymis
1325 3236 1582 3315 irrigans
1609 3258 1621 3298 :
1657 3236 1907 3297 Domine
1929 3236 2078 3310 Rex,

2163 2174 2258 2246 μία
2320 2173 2428 2228 ἐστί
2469 2193 2525 2226 τε
2571 2173 2656 2227 καὶ
2700 2172 2902 2234 οἰκείως
2956 2170 3372 2244 κατονομάζεται
3408 2188 3422 2202 ·
3467 2173 3522 2224 έν
3566 2169 3718 2244 κώμῃ
3751 2168 3794 2222 δὲ

2163 2263 2392 2317 τίκτεται
2448 2261 2600 2317 πόλει
2654 2264 2848 2327 γείτονι
2908 2260 3237 2334 Σαμοσάτων
3271 2275 3285 2288 ⁸

2163 2351 2195 2417 ἡ
2250 2349 2515 2429 ἐγχώριος
2572 2349 2784 2427 γλῶττα
2833 2349 3012 2410 καλεῖ.
3047 2349 3227 2421 Τούτῳ
3262 2349 3439 2428 πατὴρ
3472 2349 3570 2422 μὲν
3600 2346 3782 2426 Ἦλιου,

2162 2439 2343 2516 μήτηρ
2373 2437 2427 2494 δὲ
2461 2438 2642 2516 Μάρθα
2679 2457 2690 2469 ·
2751 2437 2945 2514 τρόπος
3009 2435 3062 2491 δὲ
3119 2441 3216 2503 τῆς
3272 2436 3592 2512 συλλήψεως
3625 2436 3785 2498 οὗτος.

2163 2528 2460 2606 Πεπήρωτο
2517 2528 2616 2605 γὰρ
2672 2527 2771 2594 τήν
2819 2527 3049 2605 γαστέρα
3117 2523 3298 2590 δεινῶς
3352 2527 3388 2593 ἡ
3454 2526 3654 2604 μήτηρ,
3708 2527 3780 2581 καὶ

2163 2616 2340 2693 στείρα
2382 2615 2448 2682 ἦν
2491 2618 2620 2693 πρὸς
2676 2614 2875 2671 παίδων
2934 2617 3119 2693 γονήν.
3177 2616 3388 2693 Μυρίοις
3444 2623 3534 2672 ουν
3589 2612 3778 2671 ὀνείδεσι

2163 2706 2493 2772 καθεκάσττιν
2564 2702 2976 2762 ὑποϐαλλόντων
3048 2706 3208 2774 αυτὴν
3267 2702 3479 2782 ἀνδρὸς,
3531 2709 3776 2783 γνωστῶν,

2162 2800 2451 2872 συγγενῶν,
2502 2800 2608 2850 τῶν
2665 2791 2844 2862 ἄλλων
2909 2794 3183 2868 ἁπάντων,
3243 2793 3423 2860 ἐκείνη
3479 2796 3653 2858 κακῶς
3700 2791 3773 2846 ὑπὸ

2159 2884 2358 2940 τούτων
2419 2883 2704 2962 πάσχουσα
2778 2885 2863 2939 καὶ
2939 2883 3034 2950 τὴν
3093 2881 3306 2961 καρδίαν
3367 2882 3692 2962 όδυνωμένη,
3735 2881 3771 2936 τί

2160 2985 2354 3048 ποιετ;
2400 2974 2537 3051 Πρὸς
2581 2974 2671 3027 τὸν
2714 2970 2996 3048 δυνάμενον
3058 2979 3222 3029 ταῦτα
3264 2975 3578 3052 θεραπεύειν
3635 2991 3775 3026 κατα-

2162 3063 2339 3140 φεύγει
2371 3063 2524 3136 Θεον,
2556 3062 2645 3118 καὶ
2701 3061 2864 3141 λάθρα
2909 3067 3008 3129 τῆς
3053 3062 3218 3126 οἰκίας
3269 3065 3328 3119 ὲκ
3386 3063 3568 3140 μέσων
3623 3060 3779 3122 νυκτὸς

2164 3150 2440 3216 ἐξελθοῦσα
2494 3153 2584 3208 καὶ
2641 3151 2732 3213 τὰς
2791 3164 2982 3232 χεῖρας
3056 3153 3129 3216 εἰς
3193 3154 3414 3231 οὐρανὸν
3474 3152 3658 3230 ἄρασα,
3701 3147 3780 3204 δά-

2162 3241 2311 3318 κρυσί
2365 3261 2424 3296 τε
2451 3240 2550 3308 τὴν
2596 3246 2696 3318 γῆν
2740 3242 3034 3321 βρέχουσα,
3089 3239 3242 3320 Κύριε
3298 3241 3546 3318 βασιλεῦ,
3608 3239 3778 3316 ἔλεγεν,

3336 2263 3561 2327 Μαραθᾶ
3614 2260 3792 2323 ταύτην

441 3323 659 3403 inquit,
688 3326 792 3403 qui
813 3322 887 3384 ab
912 3322 1077 3384 initio
1100 3324 1426 3385 masculum
1461 3334 1518 3386 et
1548 3325 1828 3386 feminam
1857 3326 2075 3401 fecisti,

2167 3331 2192 3385 ὁ
2225 3329 2323 3396 τὴν
2355 3329 2534 3409 ἀρχὴν
2564 3329 2720 3408 ἄρσεν
2749 3332 2836 3386 καὶ
2893 3331 3027 3399 θῆλυ
3062 3333 3312 3406 ποιήσας,
3351 3334 3378 3388 ὁ
3414 3332 3596 3402 εἰπὼν,
3634 3352 3656 3384 ι
3687 3329 3777 3384 Αὖ-

443 3415 542 3492 qui
567 3413 788 3486 dixisti,
821 3435 842 3469 ο
875 3413 1135 3475 Crescite
1165 3422 1221 3474 et
1246 3412 1795 3493 multiplicaminil;
1826 3440 1852 3470 ι
1873 3414 2082 3495 quide-

441 3503 580 3564 disti
608 3504 667 3563 in
693 3503 1010 3566 sterilitate
1028 3505 1187 3566 Sara:
1211 3504 1448 3584 quidem
1478 3503 1662 3579 Isaac,
1687 3508 1872 3568 Annae
1885 3514 2079 3568 autem

443 3590 810 3673 Samuelem,
835 3592 1196 3654 Elisabetbaa
1221 3612 1357 3654 vero
1382 3593 1675 3656 Joannem
1709 3616 1723 3672 ;
1756 3603 1815 3657 tu
1846 3613 2082 3676 quoque

445 3699 594 3742 mea;
628 3681 840 3742 similis
862 3681 1148 3744 miserere
1174 3681 1718 3764 calamitatis,etme
1743 3683 2082 3746 misericor-

443 3767 596 3831 diter
617 3769 877 3844 intuere,
906 3780 963 3832 et
995 3770 1154 3834 solve
1179 3771 1570 3848 sterilitatem,
1597 3781 1657 3835 et
1675 3775 1840 3836 aufer
1857 3792 2076 3854 oppro—

443 3857 663 3936 brium,
699 3867 756 3920 et
788 3859 1008 3921 sterilis
1037 3861 1199 3922 uteri
1231 3860 1305 3922 da
1349 3862 1494 3923 mihi
1542 3862 1818 3938 fructum,
1851 3872 1915 3924 ut
1941 3882 2077 3926 eum

445 3966 677 4026 quoque
705 3949 808 4008 tibi
840 3951 1106 4030 offeram,
1139 3951 1242 4031 qui
1277 3949 1539 4032 dederis,
1567 3952 1863 4032 quomodo
1889 3953 2082 4033 prisca

440 4036 612 4097 Anna
643 4035 1006 4099 Samuelem.
1033 4037 1175 4100 Cum
1198 4049 1310 4101 tam
1337 4040 1552 4103 acerbe
1574 4042 1830 4103 flevisset
1855 4039 1914 4101 in
1939 4060 2082 4101 con-

444 4125 685 4186 tritione
710 4125 976 4205 spiritus,
1003 4129 1241 4190 domum
1256 4148 1464 4191 rursus
1485 4129 1840 4210 ingreditur,
1865 4141 1920 4191 et
1944 4149 2077 4191 cum

442 4232 648 4294 parum
675 4217 1079 4293 dormitasset,
1103 4219 1260 4282 videt
1283 4220 1339 4280 in
1362 4219 1589 4280 somnis
1603 4219 1718 4280 duo
1739 4220 2076 4300 luminaria,

441 4305 723 4383 praeclara
751 4307 1215 4388 pulchritudine,
1242 4309 1506 4388 ingentia
1539 4309 1969 4386 magnitudine,
2003 4309 2077 4368 ti-

437 4411 586 4471 gura
643 4404 837 4456 autem
895 4396 1058 4458 disco
1117 4397 1356 4461 similia.
1403 4397 1485 4458 Ea
1529 4397 1838 4459 videbatur
1883 4397 2083 4458 videre

441 4482 589 4543 caelo
631 4483 840 4545 relicto
891 4487 1115 4547 sensim
1164 4486 1610 4561 descendentia,
1667 4487 1926 4568 desuper
1955 4489 2084 4566 ejus

439 4569 758 4634 imminere
791 4575 986 4653 capiti.
1022 4575 1165 4636 Cum
1193 4593 1364 4638 mane
1393 4586 1590 4638 autem
1623 4578 1998 4654 surrexisset,
2025 4587 2084 4639 et

2164 3418 2375 3484 ξάνεσθε
2434 3421 2520 3475 καὶ
2596 3418 2920 3486 πληθύνεσθε
2957 3436 2970 3450 ⁶
3037 3423 3064 3477 ὁ
3129 3419 3246 3482 δοὺς
3322 3421 3501 3500 saepe;
3557 3421 3648 3496 μὲν
3706 3418 3780 3472 τὸν

2166 3507 2368 3583 Ἰσαὰκ,
2405 3506 2573 3586 "Ava
2616 3507 2670 3564 δὲ
2721 3512 2810 3566 τὸν
2873 3509 3152 3585 Σαμουὴλ,
3189 3508 3472 3567 Ἐλισαϐετ
3516 3509 3567 3565 δὲ
3620 3508 3782 3566 Ἰωαν-

2166 3621 2261 3665 νην
2297 3617 2311 3632 ο
2359 3599 2511 3662 αὐτὸς
2574 3602 2723 3656 οὗτος
2769 3605 2866 3665 τῆς
2914 3598 3098 3674 ὁμοίας
3157 3598 3381 3666 ἐλέησον
3423 3600 3560 3676 κάμὲ
3597 3619 3782 3676 συμφο-

2165 3693 2282 3767 ρᾶς,
2343 3689 2430 3743 καί
2474 3689 2604 3764 πρὸς
2656 3688 2844 3746 οἶκτον
2904 3687 3009 3762 ἴδε,
3053 3689 3141 3744 καὶ
3176 3689 3273 3757 τὴν
3318 3692 3592 3768 στείρωσιν
3620 3686 3777 3758 λῦσον,

2160 3778 2247 3833 καὶ
2305 3777 2396 3832 τὸν
2440 3775 2734 3853 ὀνειδισμὸν
2794 3776 2977 3857 ἄφελε,
3044 3779 3130 3834 καὶ
3185 3776 3271 3840 δός
3331 3801 3420 3853 μοι
3454 3784 3551 3844 τῆς
3585 3774 3778 3832 ἀτέκνου

2159 3865 2363 3929 κοιλίας
2423 3868 2650 3943 καρπὸν,
2707 3866 2799 3922 ἵνα
2857 3868 2942 3922 ναὶ
3002 3868 3186 3925 τοῦτόν
3268 3889 3350 3924 σοι
3410 3873 3488 3940 τῷ
3555 3863 3776 3921 δεδωκότι

2162 3955 2428 4028 προσάξω,
2479 3956 2711 4032 καθάπερ
2741 3957 2774 4024 ἡ
2810 3957 2924 4034 πρὶν
2974 3955 3142 4012 "Aw:
3199 3958 3290 4013 τὸν
3344 3957 3618 4032 Σαμουήλ.
3649 3951 3777 4012 Οῧτω

2163 4051 2363 4124 πικρῶς
2398 4045 2450 4100 έν
2483 4043 2733 4124 συντριϐῇ
2793 4045 3094 4120 πνεύματος
3151 4044 3449 4122 κλαύσασα,
3502 4043 3630 4101 εἴσω
3683 4043 3772 4098 πεί-

2163 4134 2244 4188 λιν
2314 4139 2411 4200 τῆς
2499 4135 2664 4197 οἰκίας
2751 4147 2950 4213 χωρεῖ,
3030 4136 3118 4190 καὶ
3196 4137 3384 4213 μικρὸν
3445 4133 3774 4215 ἆφυπνώσασα

2162 4225 2444 4301 φωστῆρας
2477 4221 2565 4280 δύο
2607 4223 2880 4300 λαμπροὺς
2915 4225 2976 4279 τὶο
3006 4222 3202 4286 κάλλος
3233 4223 3358 4301 ὄναρ
3388 4226 3507 4296 ὂρᾷ,
3542 4225 3600 4278 τὸ
3631 4220 3775 4297 μέγε-

2164 4315 2254 4373 θος
2311 4313 2612 4390 μεγίστους,
2661 4313 2721 4368 τὸ
2767 4315 2958 4392 σχῆμα
3003 4311 3166 4388 δίσκῳ
3227 4314 3626 4390 προσεοικότας.
3657 4309 3770 4368 Τοῦ·

2167 4401 2286 4463 τοὺς
2331 4400 2496 4457 ἐδόκει
2554 4404 2643 4458 τὸν
2703 4401 2922 4478 οὖρανὸν
2981 4401 3256 4481 λιπόντας,
3297 4402 3467 4480 ἡρέμα
3509 4423 3564 4458 τε
3592 4403 3772 4457 ὑποκα-

2167 4491 2374 4556 τιόντας
2427 4491 2622 4547 ἄνωθεν
2667 4491 2829 4559 αὒτῆς
2875 4491 3003 4568 ὑπὲρ
3035 4490 3270 4571 κενραλῆς
3328 4492 3588 4570 γενέσθαι.
3643 4490 3770 4547 "Eui-

2167 4583 2253 4634 θεν
2303 4587 2390 4636 οὖν
2446 4580 2747 4646 ἆναστάσης
2803 4580 2890 4635 καὶ
2949 4585 3026 4653 τῷ
3082 4579 3224 4656 ἀνδρὶ
3263 4582 3362 4648 τὴν
3402 4580 3524 4657 ὄψιν
3565 4580 3646 4638 καὶ
3673 4589 3770 4640 ro’;

443 4660 654 4764 marito
685 4661 976 4723 visionem
1009 4673 1068 4725 et
1100 4664 1224 4725 suis
1260 4667 1525 4743 cognatis
1557 4667 2080 4748 communicasset,

2169 4669 2443 4746 συγγενέσι
2473 4669 2900 4748 κοινωσαμένης,
2937 4668 3095 4735 ἄλλος
3128 4671 3225 4745 μὲν
3257 4670 3387 4727 ἄλλο
3437 4694 3488 4727 τι
3537 4671 3596 4727 τδ
3651 4669 3768 4724 ἐπο-

439 4747 591 4840 alius
624 4750 860 4830 quidem
907 4751 1124 4832 aliquid
1176 4754 1335 4816 aliud
1395 4754 1629 4817 dicebat
1681 4747 2076 4836 eventurum;

2167 4756 2461 4834 ϐησόμενον
2492 4758 2642 4836 ἔλεγε
2677 4777 2691 4790 ⁸
2725 4761 2786 4815 τὸ
2813 4757 2867 4814 δὲ
2895 4756 2992 4838 ἄρα
3035 4769 3125 4820 τοῦ
3151 4759 3204 4826 ἐξ
3254 4763 3415 4834 αὐτῆς
3446 4761 3573 4840 ὑπὲρ
3602 4757 3767 4832 ἀστέρα

439 4837 585 4901 illud
619 4859 753 4902 vero
780 4849 906 4902 erat
949 4841 1305 4922 significatio
1357 4846 1508 4925 ejus,
1554 4847 1712 4926 quod
1757 4865 1825 4908 ex
1857 4865 1926 4908 ea
1956 4853 2082 4907 erat

439 4947 858 5009 processurum
893 4931 981 4993 vel
1015 4932 1157 5012 ipsis
1186 4933 1374 4996 stellis
1405 4935 1682 4998 lucidius.

520 5047 614 5110 ΙΙΙ.
655 5046 783 5111 Non
818 5049 1066 5110 multum
1119 5051 1404 5131 temporis
1453 5051 1813 5130 intercessit,
1846 5061 1910 5115 ut
1937 5074 2072 5116 cum

2164 4845 2468 4924 λάμψοντος
2502 4847 2839 4929 προδήλωσις
2873 4851 2958 4916 ἦν.

2243 5057 2321 5116 Γ’.
2356 5062 2428 5116 Οὒ
2486 5058 2618 5113 πολίι
2664 5058 2726 5112 τὸ
2771 5056 2823 5111 ἐν
2867 5055 3035 5131 μέσῳ,
3084 5058 3170 5112 καὶ
3228 5056 3552 5114 συλλαϐοῦσα
3606 5054 3763 5111 τέτοκε

438 5139 837 5218 concepisset,
872 5139 1102 5220 peperit
1146 5138 1379 5202 beatum
1435 5142 1766 5216 Danielem,
1801 5151 1858 5204 et
1907 5153 2074 5224 partu

2167 5160 2248 5204 τόν
2311 5148 2567 5222 μακάριον
2615 5143 2840 5217 Δανιὴλ,
2889 5148 2973 5200 καὶ
3019 5151 3124 5200 τῶν
3155 5144 3354 5201 ὠδίνων
3397 5148 3592 5224 ἀμφοῖν
3637 5163 3761 5198 στει-

439 5229 709 5308 utrisque
757 5247 891 5289 mox
924 5227 1230 5304 liberatur,
1281 5248 1499 5310 nempe
1547 5242 1605 5294 et
1653 5235 1984 5309 sterilitate,
2014 5242 2076 5296 et

2167 5238 2369 5299 >ώσεώς
2426 5257 2483 5292 τε
2540 5237 2628 5290 καὶ
2684 5235 2904 5307 ἀθυμίας
2969 5233 3116 5294 εὒθὺς
3197 5232 3505 5292 ἀπολύεται.
3565 5238 3763 5290 Τοιαῦτα

437 5317 622 5378 animi
651 5317 1017 5394 aegritudine.
1055 5317 1190 5377 Haec
1239 5318 1407 5379 beato
1451 5321 1682 5384 D.nieli
1729 5325 1856 5384 vitm
1907 5327 2073 5388 fuere

2167 5339 2233 5404 τῷ
2277 5327 2520 5404 μακαρίῳ
2578 5325 2644 5378 τὰ
2696 5329 2788 5379 τοῦ
2839 5323 2952 5397 βίου
2982 5323 3234 5401 προοίμια
3274 5341 3286 5360 ·
3322 5322 3458 5380 οὕτω
3501 5320 3762 5402 προσῆλθεν

518 5523 536 5570 1
573 5519 720 5586 Gen.
754 5541 795 5599 ι,
831 5524 929 5588 28.
