4048 6136
230 222 359 287 973

1365 224 1552 292 VITA
1597 230 1655 291 S.
1704 230 2066 291 DANIELIS
2110 229 2482 290 STYLIT/E.

3492 229 3609 294 974

232 364 308 419 εἰς
345 360 454 437 φῶς
499 357 560 412 τὸ
602 377 696 412 του
740 358 912 436 φωτὸς
946 355 1110 424 ὄντως
1169 359 1430 435 γέννημα.
1485 361 1732 434 [Ιὲμπτου
1787 359 1882 433 μὲν

1980 361 2256 423 ποωιηὶει
2291 382 2304 421 :
2339 359 2425 423 sic
2459 360 2677 440 prodiit
2695 360 2757 423 in
2800 358 2996 421 lucem
3044 361 3093 421 is
3117 360 3215 442 qui
3251 369 3377 422 erat
3401 379 3610 426 revera

231 446 330 502 οὖν
365 448 391 501 ὁ
435 457 566 507 ταῖς
610 443 854 502 ἐπέϐαινε
887 447 1084 526 χρόνου
1118 463 1132 476 '
1183 447 1330 504 ούπω
1359 446 1412 504 δέ
1443 471 1583 512 τινος
1614 452 1744 528 πρὸς
1776 455 1880 504 τῶν

230 534 575 614 γεννητόρων
618 535 880 608 ὀνόματος
940 537 1151 615 ὴξίωτο,
1205 536 1298 593 ἅτε
1349 537 1401 592 δὲ
1435 539 1577 615 παρὰ
1609 547 1740 597 Θεοῦ
1795 539 1880 594 γαὶ

229 625 396 680 τοῦτο
437 622 773 700 βουλομένων
834 624 908 698 τῷ
958 625 1103 680 παιδὶ
1137 625 1402 703 γενέσθαι,
1437 627 1616 704 ὥσπερ
1649 627 1748 706 ἄρα
1793 629 1879 682 καὶ

232 715 339 780 τὴν
393 715 464 776 εἷς
521 714 614 767 τὸν
670 714 780 787 βίον
833 715 1183 791 παραγωγήν,
1246 716 1486 792 Ἀπῆγον
1541 716 1636 790 μὲν
1696 719 1784 771 οὖν
1833 719 1878 772 οἱ

233 813 423 876 ϊονεϊς
481 801 565 864 εἴς
609 823 656 856 τι
703 815 954 874 σεμνεϊον
1008 804 1099 858 τὸν
1129 802 1296 859 παῖδα
1329 820 1341 832 ·
1377 806 1680 882 συναπῆγον
1709 803 1764 860 δὲ
1793 807 1878 861 καὶ

237 890 344 946 ὅσα
399 889 710 968 προσφέρειν
753 887 991 954 εὐσεϐεῖς
1055 905 1239 971 χεῖρες
1286 892 1492 970 φιλούσι
1544 900 1680 969 Θεῷ,
1727 891 1803 949 ἵν’
1851 897 1878 950 6

238 980 384 1056 ἱερὸς
434 976 597 1040 ὅντως
657 979 750 1034 καί
809 979 862 1034 ἐν
893 981 1017 1058 ἱερῴ
1046 981 1197 1054 τόπῳ
1251 982 1348 1048 τὴν
1392 981 1586 1049 κλῆσιν
1642 981 1875 1051 δέξηται.

246 1066 696 1144 Παραγενομένων
756 1074 846 1122 οὖν
897 1070 985 1124 καὶ
1041 1067 1305 1146 λεγόντων
1349 1077 1424 1143 τῷ
1454 1071 1550 1138 τῆς
1582 1093 1876 1145 πνευματι-

242 1159 348 1221 κῆς
395 1152 623 1230 μανδρας
678 1155 1068 1232 προηγουμένῳ
1122 1155 1254 1212 ἄλλο
1299 1180 1348 1212 τι
1407 1157 1574 1232 ὄνομα
1632 1159 1708 1232 τῷ
1740 1158 1884 1216 παιδὶ

239 1247 441 1316 θεῖναι,
478 1242 650 1306 ἔνθους
711 1243 890 1322 ὥσπερ
949 1247 976 1300 6
1034 1249 1176 1308 θεῖος
1234 1246 1365 1324 ἀνὴρ
1415 1245 1620 1310 ἐκεῖνος
1654 1248 1882 1324 γενόμε-

239 1355 359 1405 νος,
419 1339 576 1388 τοῦτο
631 1331 733 1410 ἔφη
791 1335 1098 1411 τεθήσεσθαι
1152 1335 1179 1389 ὃ
1224 1335 1285 1389 ἃν
1349 1338 1375 1390 6
1440 1336 1621 1412 Κύριος
1673 1337 1884 1401 πάντως

239 1419 572 1496 ἀποκαλύψῃ
608 1439 621 1453 ’
681 1423 767 1477 καὶ
797 1421 909 1496 ἅμα
939 1423 1068 1499 πρὸς
1126 1424 1214 1478 τὸν
1260 1421 1425 1479 παῖδα
1483 1422 1686 1500 βλέψας
1733 1427 1887 1484 αὐτὸν

238 1507 306 1575 δὴ
361 1517 574 1588 τοῦτον,
607 1510 695 1566 τόν
733 1509 932 1576 Δανιὴλ
963 1513 1122 1590 φημὶ,
1155 1513 1210 1568 ἓν
1242 1512 1451 1568 ἐκέλευε
1497 1519 1601 1568 τῶν
1659 1521 1725 1588 τῇ
1761 1535 1885 1590 τραο

239 1597 382 1672 πέζῃ
414 1599 674 1672 κειμένων
708 1599 933 1677 ἀγαγεῖν
962 1597 1176 1675 βιϐλίων
1227 1599 1361 1678 (ἔθος
1406 1602 1505 1678 γὰρ
1562 1603 1741 1666 αὐτοῖς
1797 1610 1889 1658 τού

1962 449 2116 511 fetus
2167 450 2429 512 luminis.
2482 449 2675 529 Atque
2729 467 2876 528 puer
2908 447 3150 528 quidem
3185 448 3459 529 quintum
3493 469 3604 511 an-

1963 557 2104 598 num
2130 539 2253 617 jam
2278 537 2848 615 attigerat,nondum
2871 545 3068 598 autem
3091 535 3146 598 ei
3173 537 3362 598 ullum
3384 555 3606 599 nomen

1962 625 2152 686 fuerat
2181 625 2522 705 impositum
2555 645 2589 686 a
2621 624 2968 704 parentibus
3000 633 3061 685 ut
3084 624 3186 704 qui
3217 625 3331 686 hoc
3363 644 3610 705 quoque

1964 713 2019 774 ei
2048 714 2268 775 vellent
2301 715 2428 777 dari
2459 733 2490 776 a
2521 714 2666 789 Deo,
2721 713 3020 794 quomodo
3065 714 3196 792 ejus
3252 731 3491 794 quoque
3543 714 3606 774 in

1961 802 2135 863 vitam
2199 802 2509 881 productio
2561 801 2633 863 ab
2694 820 2764 863 eo
2835 811 3230 880 processerat.
3293 803 3611 864 Duxerunt

1961 908 2102 966 ergo
2135 900 2410 971 parentes
2445 909 2690 970 puerum
2723 890 2782 950 in
2815 889 3112 970 quoddam
3148 891 3603 954 monasterium.

1963 979 2151 1043 Simul
2199 987 2396 1042 autem
2459 980 2721 1040 tulerunt
2773 998 3012 1060 quoque
3073 998 3449 1061 quaecunque
3496 981 3609 1060 piae

1966 1088 2178 1130 manus
2209 1069 2328 1130 Deo
2362 1069 2556 1130 solent
2585 1067 2828 1138 offerre,
2856 1077 2917 1129 ut
2948 1069 3044 1132 hic
3076 1087 3214 1130 vere
3236 1086 3408 1132 sacer
3427 1069 3607 1131 etiam

1967 1159 2027 1219 in
2075 1175 2245 1219 sacro
2303 1157 2434 1218 loco
2501 1159 2839 1237 susciperet
2895 1157 3382 1237 appellationem.
3461 1159 3605 1220 Cum

1966 1265 2104 1308 vero
2145 1246 2520 1320 accessisset,
2572 1253 2632 1305 et
2683 1245 2956 1307 dicerent
3010 1246 3292 1326 praefecte
3345 1245 3611 1307 mandrae

1970 1335 2255 1414 spiritalis
2309 1353 2322 1396 :
2373 1333 2681 1407 Quodnam
2743 1353 2964 1394 nomen
3022 1344 3112 1395 est
3171 1333 3608 1414 imponendum

1973 1443 2156 1503 puero
2180 1423 2210 1483 ἲ)
2230 1424 2330 1485 ille
2353 1423 2440 1484 vir
2461 1423 2720 1503 divinus,
2753 1423 2952 1485 divino
2993 1423 3170 1485 veluti
3196 1423 3480 1485 instinctu
3515 1423 3608 1484 af—

1970 1514 2163 1592 flatus,
2195 1513 2341 1575 dicit
2371 1512 2428 1574 id
2462 1531 2594 1574 esse
2655 1512 3087 1592 imponendum
3129 1512 3287 1593 quod
3319 1512 3610 1574 Dominus

1971 1601 2213 1664 omnino
2253 1601 2646 1678 revelaverit;
2686 1610 2742 1663 et
2763 1600 2940 1661 simul
2966 1603 3038 1663 ad
3065 1616 3314 1680 puerum
3347 1601 3610 1680 intuens,

237 1690 383 1763 ἱεροῦ
443 1691 814 1767 θυσιαστηρίου
895 1693 1201 1767 προκεῖσθαι
1277 1691 1370 1754 τὰς
1427 1687 1634 1766 βίϐλρυς
1702 1697 1884 1758 κοινῆς

1980 1691 2042 1752 ad
2076 1693 2254 1766 hunc,
2289 1693 2550 1771 inquam,
2587 1691 2778 1770 ipsum
2847 1689 3176 1765 Danielem,
3205 1689 3385 1770 jussit
3414 1689 3614 1753 afferri

238 1775 398 1832 ἕνεκα
455 1781 561 1832 τῶν
615 1783 874 1857 μοναχῶν
926 1777 1234 1858 ὠφελείας).
1270 1781 1462 1835 Αὐτίκα
1494 1781 1661 1835 τοίνυν
1696 1782 1722 1836 6
1754 1795 1884 1843 παῖς

1980 1798 2152 1841 unum
2205 1799 2276 1840 ex
2332 1781 2404 1840 iis
2464 1777 2656 1853 libris,
2719 1779 2819 1858 qui
2881 1786 3050 1840 erant
3101 1796 3283 1858 supra
3343 1795 3610 1839 mensam

240 1866 411 1921 ἓποίει
457 1867 516 1921 τὸ
571 1865 871 1946 κελευσθὲν,
933 1870 1021 1924 καὶ
1077 1869 1278 1941 κομίζει
1339 1865 1541 1943 βιϐλίον
1571 1870 1675 1948 οὺχ
1706 1870 1779 1934 ὡς
1824 1863 1885 1925 ἂν

241 1976 324 2017 τις
387 1953 536 2010 εἴποι
588 1955 732 2035 τύχῃ
765 1957 888 2026 τινὶ,
922 1955 1059 2012 ἀλλὰ
1089 1957 1199 2029 θείᾳ
1228 1957 1419 2034 γνώμῃ
1449 1958 1538 2013 καὶ
1568 1956 1757 2036 ὁδηγίᾳ
1798 1959 1885 2035 βί-

241 2041 374 2099 ϐἓιον
404 2041 613 2110 ἐκείνην
646 2043 682 2111 ἢ
710 2045 777 2100 τὰ
819 2051 912 2102 τοὺ
955 2046 1224 2124 προιρήτου
1272 2044 1474 2114 Δανιὴλ
1522 2047 1651 2126 εἶχε
1707 2047 1884 2124 λόγια.

247 2133 440 2208 Κρίνας
500 2141 590 2190 οὖν
633 2135 659 2189 6
717 2133 849 2213 ἀνὴρ
891 2136 964 2197 ὡς
1022 2133 1074 2198 ἐξ
1131 2136 1348 2212 ούρανοῦ
1402 2137 1556 2191 τοῦτο
1604 2134 1891 2215 σύμϐολον,

237 2221 547 2295 ὁμωνύμως
633 2221 776 2286 εύθυς
891 2229 966 2296 τῷ
1066 2224 1315 2302 προφήτῃ
1417 2225 1507 2279 τὸν
1595 2225 1892 2303 δμότροπον

242 2309 541 2384 ὀνομάζει,
651 2312 740 2367 καὶ
845 2310 1048 2379 Δανιὴλ
1153 2314 1244 2368 τὸν
1347 2311 1517 2368 παῖδα
1599 2314 1892 2392 θεαρὲστως

243 2396 434 2455 καλεῖ.

1975 1868 2128 1950 (mos
2159 1869 2318 1930 enim
2348 1877 2475 1930 erat
2505 1867 2590 1929 eis
2633 1885 2856 1947 ponere
2881 1866 3063 1928 libros
3101 1882 3284 1944 super
3314 1885 3479 1928 aram
3511 1884 3611 1928 sa-

1971 1977 2150 2031 cram,
2180 1965 2410 2033 pr0pter
2435 1975 2800 2018 communem
2828 1961 3242 2017 monachorum
3260 1959 3612 2028 utilitatem).

1972 2047 2250 2110 Protinus
2272 2065 2411 2124 ergo
2434 2045 2572 2106 facit
2592 2063 2745 2124 puer
2764 2044 2822 2106 id
2849 2045 3006 2126 quod
3026 2044 3081 2106 ei
3122 2045 3314 2106 fuerat
3346 2043 3612 2122 impera-

1978 2145 2127 2212 tum;
2147 2144 2205 2197 et
2224 2135 2392 2197 affert
2413 2134 2784 2208 librum,non
2806 2134 2958 2195 forte
2981 2133 3236 2212 fortuna,
3269 2133 3376 2194 sed
3412 2131 3614 2192 divina

1976 2227 2284 2287 voluntate
2302 2233 2360 2284 et
2382 2223 2542 2284 dictu
2566 2222 2695 2294 Dei,
2730 2221 2949 2282 librum
2975 2221 3276 2298 illum,qui
3310 2221 3616 2302 prophetas

1975 2312 2240 2375 Danielis
2266 2311 2523 2374 habebat
2547 2309 2808 2391 eloquia.
2845 2307 2986 2371 Cum
3026 2307 3126 2369 ille
3158 2325 3299 2387 ergo
3331 2307 3420 2368 vir
3441 2306 3614 2386 judi-

1977 2410 2167 2464 casset
2187 2420 2220 2463 e
2238 2400 2387 2463 cmlo
2409 2400 2609 2460 datum
2629 2416 2762 2460 esse
2779 2399 2891 2459 hoc
2906 2395 3386 2476 signum,eodem
3412 2396 3614 2458 statim

252 2487 646 2570 nomine,quo
668 2488 1217 2569 prophetam,vocat
1238 2490 1645 2570 eum,quierat
1666 2490 1721 2551 ei
1746 2491 2011 2554 moribus
2033 2489 2542 2567 similis,etutDeo
2569 2487 3064 2569 placuit,puerum
3090 2493 3258 2546 vocat
3281 2483 3613 2547 Danielem.

335 2578 418 2641 Δ’,
458 2579 512 2633 Ei
543 2579 639 2653 μὲν
671 2586 757 2635 οὖν
801 2578 912 2642 εἶξε
969 2592 1087 2643 τοῖς
1137 2577 1320 2657 λόγοις
1364 2587 1468 2636 τῶν
1500 2582 1831 2660 γεννητόρων
1864 2585 1890 2637 6

249 2665 400 2730 θεῖος
433 2674 582 2729 οἰκος
615 2666 772 2746 ἀνὴρ,
820 2668 939 2724 τότε
968 2667 1030 2722 ἅν
1090 2669 1234 2732 εὐθὺς
1284 2667 1503 2735 ἀνετέθη
1567 2669 1767 2736 Δανιὴλ

257 2761 394 2834 Θεῷ,
428 2757 516 2812 καὶ
546 2755 606 2812 ἐκ
635 2756 852 2834 πρώτης
883 2757 1067 2836 τριχὸς
1098 2755 1403 2836 κατελὲχθη
1433 2757 1556 2820 τοῖς
1595 2763 1889 2838 μοναχοῖς.

259 2843 318 2898 Av
396 2844 423 2865 γ
489 2843 535 2876 tt;
642 2845 655 2862 ι
885 2845 903 2877 _-
1009 2869 1026 2880 _
1135 2845 1148 2866 ν
1235 2846 1247 2862 κ
1640 2847 1650 2859 ο
1835 2848 1847 2863 ς

301 2866 425 2900 υτου
484 2865 536 2899 οε
592 2867 670 2920 μη
727 2848 1054 2925 πεισθεντοι,
1126 2844 1262 2900 αλλα
1313 2843 1744 2922 προϐαλλομενου
1796 2870 1894 2914 την

259 2930 467 2998 ὴλικίαν
524 2935 609 2989 καὶ
642 2933 701 2989 τό
731 2932 928 3008 κομιδὴ
973 2936 1190 3012 νήπιον,
1223 2934 1342 2990 τότε
1389 2935 1486 3009 μὲν
1520 2933 1630 3010 ἅμα
1670 2942 1746 3010 τῷ
1781 2945 1893 2990 Δα-

266 3019 384 3086 νιὴλ
413 3019 594 3078 οἴκαδε
622 3023 946 3098 ἐπανῄεσαν,
979 3021 1130 3088 δόξαν
1175 3021 1311 3078 οὕτω
1361 3029 1436 3096 τῷ
1493 3024 1750 3101 κρείττονι
1802 3023 1894 3079 ’ίνα

264 3107 340 3182 μὴ
369 3115 438 3187 τῇ
476 3110 687 3190 ἑτέρων,
722 3117 789 3187 τῇ
821 3111 1006 3168 ἑαυτοῦ
1039 3109 1094 3166 δὲ
1125 3111 1316 3190 γνώμῃ
1371 3113 1433 3168 τὸ
1477 3112 1672 3191 ἀγαθὸν
1702 3115 1729 3168 6
1760 3114 1894 3174 παῖς

262 3197 470 3270 ἕληται.
506 3201 663 3266 Εὐθὺς
708 3200 804 3275 μὲν
851 3208 939 3256 οὖν
999 3199 1184 3280 πρώτη
1239 3200 1444 3277 βλάστη
1494 3201 1687 3258 ὁποῖον
1749 3201 1894 3258 ἔσται

261 3287 320 3342 τὸ
374 3289 535 3366 φῦτὸν
593 3287 894 3367 παρεδήλου
948 3290 1037 3345 καὶ
1090 3295 1196 3344 τῶν
1247 3289 1446 3367 ἀρετῶν
1507 3292 1558 3345 αἱ
1617 3292 1761 3346 σκιαὶ
1791 3289 1893 3357 ἤδη

259 3382 334 3449 τῷ
388 3374 474 3432 διὰ
526 3378 697 3454 φωτὸς
727 3375 956 3434 ὁδεύοντι
988 3376 1325 3445 ἤκολούθουν.
1392 3379 1536 3434 Μετὰ
1593 3379 1782 3456 μικρὸν
1841 3377 1894 3434 δὲ

264 3465 361 3530 τῆς
417 3464 625 3533 ἡλικίας
685 3469 820 3541 οὖτῷ
905 3465 1201 3546 προϊούσης
1275 3468 1363 3522 καὶ
1415 3474 1652 3546 φανερῶς
1709 3465 1894 3532 ἔδειξεν

267 3550 394 3618 ὅσην
439 3556 527 3610 καὶ
583 3556 709 3634 παρ’
766 3557 976 3623 ἡλικίαν
1022 3553 1182 3622 αὔξην
1229 3555 1424 3623 ηὔξησε
1456 3556 1554 3622 τὴν
1583 3563 1676 3612 τοῦ
1733 3557 1893 3612 πνεύ-

267 3665 448 3715 ματος,
484 3642 652 3723 ’Ἄρτι
713 3643 809 3720 μὲν
839 3646 938 3722 γὰρ
966 3650 1059 3700 τοῦ
1089 3643 1308 3701 δεκάτου
1340 3643 1485 3709 ἔτους
1519 3646 1544 3699 6
1581 3643 1782 3711 Δανιὴλ
1814 3643 1900 3702 ἐπί

261 3732 379 3796 τοῖς
441 3731 584 3788 δυσίν
643 3732 864 3809 ἥπτετο,
927 3744 1013 3790 διαί
1066 3731 1254 3808 μηδενί
1293 3731 1460 3808 μηδὲν
1515 3734 1741 3811 εἰρῆκὼς
1771 3732 1900 3808 μηδ’

263 3820 533 3900 ἐξαγαγὼν
591 3823 652 3878 τὸ
709 3827 805 3890 τῆς
865 3825 1048 3903 ψυχῆς
1109 3821 1381 3899 βούλημα,
1441 3823 1759 3900 ὑπερφρονεῖ
1802 3823 1901 3898 μὲν

264 3912 596 3990 γεννητόρων
663 3909 749 3968 διὰ
810 3916 1058 3992 Χριστὸν,
1117 3914 1435 3992 ὑπερφρονεῖ
1493 3909 1547 3968 δὲ
1607 3919 1897 3991 συγγενῶν,

264 4009 468 4079 παρορᾳ
500 3995 555 4055 δὲ
587 4002 673 4058 καὶ
715 4000 825 4076 βίον
855 4002 940 4057 καὶ
982 3998 1048 4056 τά
1095 3999 1148 4055 ἐν
1193 4001 1321 4076 βίῳ,
1381 4003 1466 4058 καὶ
1513 4000 1704 4076 κώμην
1759 4001 1900 4057 ἐκεί-

264 4110 358 4154 νην
402 4086 524 4166 ᾕτις
569 4089 724 4146 αὐτὸν
754 4087 968 4167 ἤνεγκε,
1022 4088 1205 4167 Πόῤῥω
1254 4090 1446 4158 ταύτης
1507 4091 1632 4146 ὡσεὶ
1677 4089 1900 4153 σταδίοις

266 4177 550 4253 γενόμενος
579 4175 779 4234 δώδεκα
810 4178 1112 4258 ἀφικνεῖται
1145 4178 1242 4254 μὲν
1280 4177 1360 4244 εἵς
1408 4201 1459 4234 τι
1502 4177 1764 4236 κοινόϐιον
1796 4202 1902 4254 μο-

269 4272 448 4345 ναχῶν
485 4284 504 4302 ⁹

267 4351 408 4418 ἠξίου
457 4355 542 4412 καὶ
586 4357 742 4413 αὐτὸν
790 4355 1007 4420 ἐκείνοις
1038 4354 1415 4436 καταλεγῆναι,
1463 4358 1552 4413 καὶ
1597 4358 1699 4414 τῶν
1729 4378 1902 4432 μονα-

267 4447 384 4520 χῶν
439 4448 638 4524 σχῆμα
695 4441 1086 4521 περιϐαλέσθαι.
1137 4434 1329 4506 Ὠςὴδὲ
1374 4446 1435 4501 τὸ
1465 4445 1672 4502 ἁπαλὸν
1700 4445 1904 4508 ἐκεῖνος

269 4532 405 4605 αὒτῷ
464 4540 559 4589 τοῦ
617 4530 866 4610 σώματος
920 4537 1007 4589 καὶ
1066 4532 1183 4589 νέον
1211 4535 1483 4613 προιρέρων
1513 4534 1606 4590 οὒκ
1635 4534 1783 4614 ἔλεγε
1813 4533 1907 4590 δυ-

270 4623 419 4678 νατὸν
453 4621 598 4679 εἶναι
641 4623 707 4678 τὰ
741 4628 845 4679 τῶν
878 4629 1134 4704 μοναχῶν
1162 4621 1435 4697 ὑπελθεῖν,
1483 4624 1535 4679 ἐν
1579 4626 1781 4704 βραχεῖ
1811 4624 1909 4702 γὰρ

271 4705 416 4767 ’ἐσται
473 4712 605 4790 πρὸς
663 4712 788 4776 τοὺς
845 4713 1039 4775 πόνους
1095 4710 1462 4792 ἀπαγορεύων,
1525 4715 1580 4769 οἳ
1623 4710 1912 4770 πολλοίτέ

302 4801 312 4818 .
500 4801 513 4819 ι
645 4799 668 4818 τι
719 4802 729 4817 ο
918 4803 932 4823 ,
1335 4803 1349 4822 κ
1454 4800 1474 4828 ,
1567 4803 1579 4823 ς
1697 4802 1712 4819 κ
1833 4803 1856 4820 ν

274 4816 368 4854 εισι
427 4823 517 4858 και
574 4800 820 4879 ἀνορασιν
878 4813 1060 4864 αυτοῖς
1120 4799 1351 4880 χαλεποι
1380 4847 1401 4877 ,
1476 4809 1599 4878 Εγω
1654 4824 1752 4877 μεν
1799 4822 1910 4878 ουν,

272 4883 370 4962 ’ἐφη
401 4891 428 4945 6
476 4889 700 4969 Δανιὴλ,
747 4891 830 4946 ιιαὶ
861 4887 928 4947 δι’
983 4889 1110 4947 αὒτὸ
1157 4897 1319 4947 τοῦτο
1385 4893 1776 4970 παρεγενόμην,
1837 4887 1914 4944 ἵν’

275 4973 411 5032 οὕτω
467 4981 614 5050 ζήσω
670 4979 765 5055 μὲν
828 4985 904 5054 τῷ
953 4985 1186 5057 Χριστῷ,
1245 4979 1492 5036 ἀποθανω
1531 4977 1585 5034 δὲ
1634 4987 1701 5057 τῇ
1732 4978 1912 5057 σαρκί.

276 5065 333 5118 Ei
386 5064 438 5122 δὲ
482 5070 571 5123 καὶ
613 5067 849 5143 μετιόντι
913 5090 1004 5145 μοι
1061 5071 1183 5132 τοὺς
1227 5067 1419 5134 καλοὺς
1477 5070 1691 5134 τούτους
1724 5071 1915 5132 πόνους

277 5148 457 5226 ἕψεται
488 5157 552 5212 τὸ
604 5159 808 5231 θανεῖν,
867 5156 1077 5234 βέλτιον
1136 5157 1255 5233 ἐμοὶ
1301 5164 1457 5216 τοῦτο
1498 5162 1690 5215 παθεῖν
1740 5158 1776 5225 ἢ
1819 5157 1914 5224 τὴν

279 5255 442 5320 χεῖρα
469 5243 701 5322 βαλόντα
731 5244 818 5302 ἐπ’
849 5244 1066 5326 ἄροτρον
1116 5245 1468 5325 εύαγγελικῶς
1504 5251 1799 5327 στραρῆναι
1843 5247 1916 5310 εἰς

279 5331 343 5384 τὰ
371 5331 559 5392 ὀπίσω.

2053 2579 2356 2661 IV.Atque
2379 2579 2425 2640 si
2451 2587 2763 2658 parentum
2788 2574 3026 2657 quidem
3053 2571 3254 2635 verbis
3276 2571 3615 2661 acquievis-

1973 2683 2087 2746 set,
2122 2670 2221 2732 hic
2251 2660 2338 2731 vir
2368 2669 2776 2746 divinus,tunc
2799 2665 3005 2725 fuisset
3029 2664 3150 2726 Deo
3179 2660 3385 2724 Daniel
3417 2660 3614 2722 conti-

1975 2779 2095 2821 nuo
2128 2758 2457 2830 dedicatus,
2492 2766 2550 2816 et
2575 2754 2647 2816 ab
2680 2752 2928 2816 infantia
2959 2750 3168 2813 fuisset
3217 2757 3525 2829 cooptatus
3554 2750 3616 2810 in

1977 2866 2297 2908 numerum
2332 2840 2938 2906 monachorum.Cum
2961 2841 3012 2903 is
3033 2848 3231 2901 autem
3265 2855 3384 2899 non
3416 2845 3618 2918 posset

1980 2935 2356 3016 persuaderi,
2383 2933 2487 2996 sed
2512 2943 2779 2994 teneram
2805 2935 3154 2992 causaretur
3176 2934 3406 3016 {etatem
3429 2934 3486 2988 et
3517 2926 3615 2987 ni-

1979 3013 2159 3087 iniam
2191 3023 2674 3097 infantiam,tuuc
2697 3019 2938 3097 quidem
2960 3033 3183 3080 revers1
3215 3013 3614 3091 sunt,domum

1977 3135 2111 3177 cum
2148 3113 2414 3188 Daniele,
2451 3131 2584 3173 cum
2620 3111 2698 3170 ita
2725 3109 2912 3170 visum
2946 3120 3103 3168 esset
3133 3107 3211 3179 ei,
3257 3103 3359 3185 qui
3391 3112 3480 3165 est
3509 3121 3611 3164 su-

1981 3204 2199 3283 perior,
2230 3216 2440 3263 utnon
2496 3201 2776 3273 aliorum,
2837 3196 2941 3258 sed
2999 3213 3105 3257 sua
3133 3192 3441 3283 sententia
3467 3209 3619 3273 puer

1977 3281 2199 3352 bonum
2235 3291 2503 3368 eligeret.
2551 3287 2745 3368 Atque
2776 3283 3046 3365 protinus
3077 3282 3319 3362 quidem
3355 3281 3618 3361 primum

1976 3399 2222 3459 germen
2247 3376 2643 3458 significabat,
2680 3374 2870 3456 qualis
2901 3373 3098 3434 futura
3128 3379 3284 3433 esset
3309 3371 3529 3459 arbor;
3563 3376 3622 3430 et

1979 3458 2258 3530 virtutum
2290 3467 2516 3530 umbrat
2537 3467 2661 3545 jam
2708 3461 3118 3540 sequebantur
3171 3477 3332 3532 eum,
3377 3458 3481 3545 qui
3513 3474 3620 3536 per

1978 3558 2176 3620 lucem
2207 3544 2563 3618 ambulabat.
2602 3551 2883 3614 Paulatim
2908 3558 3106 3611 autem
3141 3549 3198 3609 ei
3256 3544 3621 3626 procedente

1983 3653 2392 3724 mtate,aperte
2424 3642 3000 3720 ostendit,quantum
3033 3639 3472 3724 incrementum
3499 3631 3622 3724 spi-

1983 3735 2134 3797 ritus
2164 3719 2497 3811 accepisset
2527 3719 3016 3810 prmter’aatatem.
3049 3724 3199 3785 Nam
3225 3723 3347 3801 jam
3374 3719 3621 3802 quidem

1985 3824 2259 3901 attigerat
2290 3820 2493 3881 Daniel
2532 3835 2752 3879 annum
2803 3813 3224 3901 duodecimum
3257 3817 3314 3872 et
3346 3827 3480 3872 cum
3507 3825 3621 3901 ne:

1987 3896 2134 3972 mini
2163 3908 2486 3990 quidquam
2512 3905 2781 3983 dixisset,
2818 3920 3014 3983 neque
3047 3899 3406 3961 voluntatem
3439 3896 3625 3990 animi

1986 3986 2612 4082 protulisset,despicit
2631 3993 2868 4075 quidem
2893 3999 3170 4082 parentes
3190 3993 3434 4070 propter
3457 3986 3627 4050 Chri-

1985 4079 2166 4168 stum,
2200 4087 2455 4166 despicit
2489 4094 2545 4145 et
2601 4091 2904 4161 cognatos,
2959 4079 3370 4168 mundumque
3402 4083 3462 4138 et
3489 4093 3628 4156 quae

1987 4186 2124 4239 sunt
2152 4165 2213 4238 in
2247 4165 2904 4250 mundo,omnibusque
2935 4165 3396 4241 relictis,amicis
3423 4181 3628 4243 aequa-

559 4267 873 4342 προσπεσὼν
917 4265 970 4322 δὲ
1025 4279 1143 4329 τοῖς
1196 4267 1327 4324 ποσί
1389 4273 1480 4323 τοῦ
1531 4267 1893 4348 ἀφηγούμενοι

1987 4267 2162 4339 libus,
2197 4266 2325 4327 vico
2358 4263 2483 4338 illo,
2537 4263 2636 4344 qui
2668 4279 2804 4321 eum
2841 4259 2999 4339 tulit,
3037 4275 3172 4348 cum
3213 4253 3418 4348 procul
3451 4252 3526 4348 ab
3559 4269 3630 4312 eo

1987 4356 2272 4418 abfuisset
2310 4340 2899 4414 circitervtluodecim
2956 4347 3166 4420 stadia,
3205 4343 3361 4405 venit
3390 4340 3632 4422 quidem

1990 4447 2052 4507 in
2087 4444 2382 4526 quoddam
2428 4439 2769 4504 coenobium
2821 4435 3275 4526 monachorum.
3309 4429 3636 4526 Procidens

1991 4519 2190 4596 autem
2219 4534 2291 4595 ad
2326 4531 2509 4612 pedes
2551 4528 2812 4610 praefecti
2857 4527 3011 4588 sacri
3044 4523 3263 4604 gregis,
3297 4519 3543 4612 rogabat
3572 4526 3638 4580 ut

1993 4625 2122 4704 ipse
2147 4610 2384 4703 quoque
2419 4627 2801 4700 cooptaretur
2833 4616 2891 4676 in
2924 4631 3246 4677 numerum
3281 4610 3639 4704 illorum,__et

1996 4697 2131 4774 eum
2164 4697 2496 4772 inonastico
2529 4697 2749 4768 amictu
2792 4706 3093 4766 indueret.
3126 4705 3271 4764 Cum
3304 4708 3504 4762 autem
3538 4697 3641 4758 ille

1998 4811 2056 4863 et
2111 4799 2382 4880 corporis
2432 4794 2925 4867 imbecillitatem,
2989 4800 3049 4853 et
3098 4801 3365 4880 teneram
3395 4795 3639 4880 Amtatem

2001 4876 2321 4968 objiciens,
2360 4885 2609 4947 dixisset
2638 4902 2756 4944 non
2790 4899 2964 4961 posse
2996 4899 3130 4968 eum
3163 4897 3250 4968 ea,
3275 4876 3482 4968 subire
3517 4891 3645 4955 qua:

2001 4963 2264 5040 subeunt
2297 4963 2613 5047 monachi;
2647 4971 2774 5032 fore
2805 4969 3059 5042 enim,ut
3089 4966 3256 5028 brevi
3287 4963 3647 5042 defatigetur

2001 5065 2327 5139 laboribus,
2363 5063 2462 5144 qui
2496 5067 2637 5123 sunt
2667 5058 2838 5120 multi
2869 5067 2928 5118 et
2957 5058 3049 5118 vel
3081 5057 3230 5136 ipsis
3257 5054 3397 5114 viris
3428 5050 3648 5144 diffici-

2003 5157 2089 5217 les
2123 5175 2136 5215 :
2165 5140 2404 5231 vigilia,
2442 5148 2984 5219 bumicubationes,
3001 5144 3256 5224 jejunia,
3291 5140 3568 5231 corporis
3589 5145 3649 5200 et

2001 5245 2132 5324 ejus
2179 5228 2545 5304 voluntatum
2592 5237 2854 5318 perfecta
2900 5233 3276 5295 mortificatio
3317 5278 3333 5305 ,
3397 5237 3456 5292 et
3514 5228 3650 5324 ideo

1999 5319 2302 5404 suaderet,
2337 5339 2400 5391 ut
2429 5329 2798 5409 aliquantum
2849 5325 3134 5404 temporis
3187 5327 3456 5409 maneret
3485 5319 3647 5398 apud

282 5430 575 5503 parentes,
602 5431 662 5484 et
691 5441 799 5485 nos
854 5431 1049 5487 tantos
1105 5423 1435 5506 susciperet
1483 5423 1719 5487 labores
1752 5423 1812 5484 in
1871 5431 2040 5486 aetate
2069 5433 2186 5485 tam
2246 5408 2587 5493 immatura,
2616 5424 2676 5478 et
2707 5432 2957 5506 corpore
2987 5432 3106 5474 non
3133 5412 3274 5506 satis
3322 5408 3562 5470 robusto
3593 5415 3655 5470 et

282 5507 484 5575 adulto
517 5532 531 5576 :
559 5500 686 5594 Ego
716 5511 986 5595 quidem,
1018 5513 1211 5595 inquit
1267 5500 1505 5591 Daniel,
1537 5513 1673 5577 ideo
1730 5513 1978 5591 accessi,
2014 5521 2077 5575 ut
2106 5513 2193 5575 sic
2223 5507 2462 5592 quidem
2495 5506 2732 5570 Christo
2757 5505 2968 5582 vivam,
3007 5500 3229 5565 moriar
3260 5507 3458 5563 autem
3491 5513 3636 5574 carn
