4066 6146
479 267 596 334 975
1676 243 2062 326 ADDENDA.
2111 293 2186 306 —
2232 240 2666 324 DECEMBER.
3719 255 3818 324 976

481 403 648 475 Quod
680 403 729 464 si
761 401 902 464 dum
933 399 1042 462 hos
1087 399 1368 481 pulchros
1395 397 1714 478 suscipiam
1748 393 2006 472 labores,
2044 413 2204 458 mors
2244 403 2536 477 tequetur,
2571 394 2786 458 melius
2815 391 2927 457 erit
2957 387 3105 457 mihi
3137 389 3311 469 mori,
3345 413 3518 476 quam
3549 393 3709 457 abire
3733 413 3819 457 va-

482 510 681 566 cuum,
716 500 774 553 et
805 490 1136 552 mittentem
1190 507 1426 549 manum
1488 487 1561 549 ad
1593 495 1875 560 aratrum,
1911 493 1972 546 ut
2001 504 2139 546 cum
2169 483 2488 563 Evangello
2524 485 2742 562 dicam,
2774 493 2938 547 retro
2970 484 3263 546 converti.

561 580 634 644 V.
667 581 816 642 Cum
840 597 980 658 ergo
1003 577 1186 638 multa
1203 576 1445 657 quidem
1487 576 1760 656 dixisset,
1791 574 1975 636 multa
2006 593 2115 637 au-

2283 574 2366 638 E'.
2407 567 2493 639 ’ος
2536 575 2624 633 οὖν
2655 574 2829 632 πολλὰ
2887 575 2983 651 μὲν
3025 575 3208 650 εἰπὼν,
3270 573 3444 632 πολλὰ
3474 572 3530 630 δὲ
3561 576 3646 631 καὶ
3675 575 3821 634 ἀκού-

484 680 600 732 tem
626 669 802 730 etiam
824 666 1150 730 audivisset
1171 665 1489 744 praefectus
1511 682 1694 727 sacra:
1717 664 2118 742 mandraa,nec

2209 687 2304 729 σας
2352 667 2380 721 ὸ
2412 666 2507 732 τῆς
2539 667 2680 742 ἱερᾶς
2727 665 3024 743 ἡγούμενος
3088 661 3343 742 μάνδρας,
3395 665 3488 721 οὒκ
3519 663 3674 743 ἔσχεν
3704 667 3827 738 αὐτῷ

483 759 775 837 potuisset
795 757 928 836 ejus
948 755 1366 817 vehementem
1393 755 1703 817 retardare
1732 755 2039 836 impetum,
2069 761 2118 816 et

2208 755 2305 821 τὴν
2365 754 2534 831 ὁρμὴν
2581 751 2866 832 ἀμϐλῦναι,
2901 750 3227 816 συμϐούλους
3258 749 3516 826 λαμϐάνει
3547 753 3664 817 τοὺς
3693 752 3824 808 ἄδελο

479 867 677 911 acrem
697 847 856 908 hunc
873 861 1166 919 amorem,
1192 843 1404 906 fratres
1424 843 1667 906 adhibet
1691 843 1754 905 in
1778 839 2118 918 consilium,

2208 845 2360 923 φοὺς,
2421 845 2463 898 εἷ
2522 840 2636 898 δέον
2679 843 2834 900 αὐτὸν
2889 844 2944 898 ἓν
3003 847 3072 917 τῇ
3127 839 3246 897 κατ’
3294 841 3483 905 αὐτοὺς
3519 838 3826 921 εἰσδεχθῆναι

480 953 551 996 an
575 946 830 1008 oporteat
853 951 982 993 eum
1003 938 1058 992 in
1081 937 1338 1006 ipsorum
1366 937 1585 995 admitti
1610 936 2123 994 monasterium.“-

479 1023 549 1078 lis
573 1034 706 1077 vero
727 1023 888 1091 pueri
912 1034 1180 1092 magnam
1205 1021 1545 1078 mirantibus
1570 1023 1973 1087 constantiam,
2005 1019 2126 1077 ala-

479 1123 700 1184 creque
730 1112 791 1165 et
819 1104 1115 1165 intensum
1144 1103 1274 1183 ejus
1299 1105 1483 1166 animi
1515 1104 1806 1178 studium,
1827 1115 1886 1164 et
1913 1104 2120 1166 existi-

481 1197 775 1259 mantibus
805 1215 937 1258 esse
968 1195 1183 1273 Deum,
1218 1199 1322 1278 qui
1355 1216 1490 1260 eum
1525 1204 1884 1277 moveret,et
1915 1205 1979 1259 ut
2008 1198 2119 1259 ad-

478 1285 839 1364 mitteretur,
877 1284 1135 1346 libenter
1162 1285 1660 1358 assentientibus,
1688 1285 1762 1347 de
1785 1294 2002 1348 caetero
2033 1295 2124 1348 est

476 1392 608 1436 cum
643 1374 732 1436 eis
784 1391 1020 1454 quoque
1078 1373 1310 1450 Daniel,
1367 1378 1484 1436 imo
1539 1393 1676 1436 vero
1722 1391 1903 1456 supra
1935 1375 2119 1455 ipsos,

473 1463 634 1543 quod
660 1462 734 1523 ad
767 1463 939 1524 vitam
965 1481 1038 1524 ex
1060 1462 1182 1524 Deo
1204 1464 1494 1543 agendam
1519 1465 1822 1540 attinet,et
1845 1465 2120 1526 ardorem

471 1552 545 1613 ad
577 1553 876 1614 virtutem.
911 1552 1257 1614 lntercessit
1291 1571 1501 1632 parum
1538 1553 1845 1634 temporis,
1881 1562 1940 1615 et
1985 1571 2122 1615 cum

469 1643 843 1720 cognovisset
873 1649 1176 1722 parentes,
1209 1641 1456 1703 ubinam
1499 1643 1602 1718 sit,
1645 1651 1703 1705 et
1753 1641 1910 1722 apud
1943 1661 2117 1722 quos,

469 1730 554 1792 illi
579 1730 818 1812 quidem
872 1729 944 1791 ad
999 1747 1137 1790 eum
1198 1731 1497 1794 accedunt
1524 1750 1663 1793 cum
1696 1732 2118 1795 admiratione.

471 1818 618 1882 Cum
652 1818 937 1880 vidissent
968 1827 1164 1881 autem
1196 1838 1448 1900 puerum
1481 1821 1746 1902 seipsum
1783 1819 2117 1902 dedicasse,

2208 938 2371 1007 μονῇ.
2419 939 2532 990 Τῶν
2579 930 2632 986 δὲ
2697 931 2796 997 τὴν
2827 929 3036 996 πολλὴν
3068 929 3310 986 ἔνστασιν
3339 938 3427 987 τοῦ
3459 928 3646 992 παιδὸς
3672 931 3829 987 καὶτὸ

2205 1026 2303 1087 τῆς
2363 1022 2649 1099 προθυμίας
2710 1021 2955 1076 σύντονον
3015 1018 3384 1096 ἐκπλαγέντων
3438 1021 3529 1076 καὶ
3580 1022 3718 1076 θεῖον
3745 1020 3825 1075 εἶ-

2205 1133 2290 1166 ναι
2349 1111 2410 1166 τὸ
2451 1119 2630 1168 κινοῦν
2676 1119 2830 1169 τοῦτο
2888 1107 3285 1188 ὑπειληφότων,
3330 1109 3418 1164 καὶ
3461 1111 3593 1187 πρὸς
3623 1109 3713 1176 τὴν
3741 1131 3828 1164 πα-

2204 1197 2442 1279 ραδοχὴν
2492 1198 2734 1274 ἀσμένως
2793 1198 3188 1273 καταθεμένων,
3261 1197 3459 1276 γίνεται
3519 1196 3704 1254 λοιπὸν
3751 1199 3826 1253 καὶ

2210 1287 2408 1356 Δανιὴλ
2443 1285 2558 1363 μετ’
2589 1289 2760 1345 αὐτῶν
2797 1305 2812 1324 ο
2843 1286 2972 1363 ὑπὲρ
3005 1287 3190 1350 abte):
3221 1283 3276 1342 δὲ
3330 1284 3537 1360 μᾶλλον
3589 1293 3663 1360 τῷ
3707 1287 3825 1341 κατᾶ

2207 1379 2338 1435 Θεὸν
2391 1378 2488 1454 βίῳ
2531 1379 2618 1433 καὶ
2673 1383 2743 1454 τῇ
2792 1379 2926 1455 πρὸς
2975 1377 3168 1455 ἀρετὴν
3211 1377 3527 1454 θερμότητι.
3580 1376 3822 1454 Βραχὺςὸ

2205 1469 2261 1522 ἒν
2291 1466 2442 1540 μέσῳ
2470 1468 2687 1546 χρόνος,
2721 1467 2808 1522 καὶ
2841 1479 2958 1529 τοῖς
2989 1472 3195 1542 γονεῦσι
3251 1465 3487 1542 γνωσθὲν
3539 1463 3598 1520 οὗ
3637 1464 3689 1520 τέ
3729 1464 3824 1520 ἐστι

2205 1557 2291 1613 καὶ
2323 1553 2449 1634 παρ’
2480 1559 2591 1632 οἷς,
2625 1558 2672 1610 οἱ
2717 1555 2813 1630 μὲν
2861 1556 2950 1610 σὺν
3001 1555 3235 1628 θαύμασι
3281 1555 3661 1633 παραγίνονται
3714 1555 3825 1631 πρὸς

2203 1644 2387 1704 αὐτόν.
2461 1645 2563 1702 Τὸν
2620 1643 2788 1701 παῖδα
2843 1643 2898 1700 δὲ
2952 1645 3272 1720 θεασάμενοι
3345 1643 3536 1699 ἑαυτὸν
3599 1643 3826 1698 ἀναθέντα

2207 1736 2291 1790 καὶ
2347 1733 2744 1812 καθιερώσαντα
2800 1741 2876 1808 τῷ
2935 1740 3076 1808 Θεῷ,
3142 1731 3289 1790 οῦδὲν
3349 1731 3676 1808 ἀνθρώπινον
3739 1753 3826 1788 πε-

2203 1825 2273 1880 πό
2289 1826 2476 1897 ιθασιν,
2526 1821 2669 1880 οὒδὲν
2699 1823 2955 1902 πατρικόν
2988 1843 3000 1855 ο
3039 1821 3144 1879 οὔδ’
3201 1822 3474 1898 ᾐτήσαντο
3519 1823 3612 1877 τὸν
3657 1819 3826 1901 φίλτα-

473 1917 534 1971 et
562 1908 684 1970 Deo
715 1926 1124 1986 consecrasse,
1161 1928 1538 1990 nequaquam
1569 1909 1658 1971 eis
1687 1910 1923 1989 accidit,
1960 1913 2116 1990 quod

2204 1934 2293 1968 τον
2325 1915 2467 1976 αῦθις
2525 1910 2811 1968 ἀναλαϐετν
2852 1913 2942 1969 καὶ
2987 1913 3117 1990 πρὸς
3161 1913 3226 1968 τὰ
3270 1909 3415 1968 οἴκοι
3471 1923 3700 1991 χωρεῖν,
3754 1911 3826 1965 καὶ

470 1997 624 2058 solet
651 1997 1004 2058 hominibus
1033 2003 1098 2060 et
1145 1999 1516 2079 parentibus,
1569 2017 1766 2080 neque
1818 1998 2119 2080 petierunt

469 2085 886 2148 charissimam
920 2085 1104 2148 tilium
1131 2097 1194 2149 ut
1218 2106 1356 2150 eum
1387 2089 1758 2169 acciperent,
1784 2096 1844 2149 et
1873 2088 2116 2150 domum

469 2174 854 2249 reducerent,
888 2174 1070 2256 idque
1115 2194 1248 2237 cum
1302 2177 1566 2239 nondum
1602 2187 1760 2239 esset
1792 2179 2117 2239 monastico

468 2263 674 2325 habitu
697 2271 1182 2339 consummatus;
1216 2265 1320 2326 sed
1366 2283 1575 2329 revera
1608 2267 1874 2328 volentes
1908 2275 2114 2327 osten-

471 2352 616 2415 dere
639 2371 706 2414 se
738 2370 870 2413 esse
900 2351 1062 2414 illius
1095 2361 1401 2435 parentes,
1435 2354 1607 2416 valde
1663 2354 1843 2417 laetati
1873 2362 2012 2417 sunt
2043 2356 2118 2418 de

469 2458 542 2503 eo
574 2440 733 2518 quod
763 2440 979 2502 factum
1013 2441 1232 2523 fuerat,
1260 2450 1318 2504 et
1373 2445 1574 2505 multis
1607 2442 1886 2524 precibus
1917 2463 1950 2506 a
1982 2463 2115 2506 mo-

471 2529 720 2592 nasterii
743 2529 1028 2610 praefecto
1055 2531 1520 2608 contenderunt,
1551 2543 1616 2593 ut
1637 2542 1776 2594 ante
1797 2552 1937 2594 suos
1965 2553 2114 2594 ocu-

2202 2008 2366 2057 ταῦτα
2430 2004 2596 2078 μήπω
2669 2000 3016 2058 τελειωθέντα
3097 2005 3175 2074 τῷ
3231 2008 3520 2079 μοναχικῷ
3577 2002 3819 2079 σχήματι,

2202 2089 2326 2146 ἀλλ’
2377 2089 2515 2169 ἔργῳ
2561 2089 2727 2156 δεῖξαι
2771 2089 3084 2166 βουλόμενοι
3132 2088 3354 2165 πατέρες
3410 2089 3561 2152 ὄντες
3619 2087 3818 2161 ἐιιείνου,

2201 2181 2290 2236 καὶ
2333 2179 2570 2246 ἥσθησαν
2633 2179 2838 2255 μᾶλλον
2867 2186 2943 2252 τῷ
2993 2177 3285 2256 γενομένῳ,
3331 2179 3420 2234 καὶ
3484 2176 3677 2240 πολλὰς
3708 2174 3818 2241 δεῆ-

2203 2289 2313 2331 σεις
2359 2275 2435 2342 τῷ
2486 2275 2778 2345 προεστῶτι
2835 2274 2934 2334 τῆς
2979 2273 3156 2343 μονῆς
3217 2267 3490 2345 προσῆγον
3543 2289 3678 2343 παρα
3719 2279 3816 2328 τοῖς

2200 2360 2370 2415 αὐτῶν
2400 2358 2698 2432 ὀφθαλμοῖς
2730 2354 3039 2436 περιϐαλεῖν
3069 2362 3145 2430 τῷ
3174 2359 3268 2430 υἱῷ
3298 2357 3359 2412 τὸ
3419 2363 3528 2413 τῶν
3586 2360 3814 2435 μοναχῶν

2203 2443 2415 2521 ἔνδυμα,
2447 2448 2508 2505 '0
2561 2444 2615 2502 δὲ
2674 2448 2791 2524 περὶ
2834 2449 3018 2504 τούτου
3073 2445 3235 2502 πάλιν
3287 2445 3682 2524 κοινολογετται
3711 2444 3812 2507 τοῖς

3233 2535 3361 2615 εἶχε
3423 2535 3808 2609 συντιθεμένους,

2201 2548 2490 2615 μοναχοϊς,
2547 2537 2636 2592 καὶ
2680 2535 2792 2592 ἐπεὶ
2878 2535 3148 2599 κάκείνους

2198 2623 2450 2686 κελεύσας
2506 2624 2744 2687 ἅπαντας
2805 2625 2860 2680 ἐν
2907 2629 2985 2697 τῷ
3033 2631 3273 2702 κυριακῷ
3331 2628 3683 2705 συναχθῆναι,
3732 2621 3809 2678 καί

2201 2713 2290 2768 τὸν
2347 2715 2484 2790 ἱερὸν
2513 2713 2710 2786 ἐπᾴσας
2743 2714 3045 2788 κανόνατῷ
3108 2712 3308 2781 Δανιὴλ
3371 2713 3537 2790 κείρει
3597 2735 3644 2769 τε
3695 2715 3807 2784 αὖτῷ

2196 2802 2289 2864 τὰς
2347 2804 2535 2882 τρίχας
2591 2805 2676 2859 καὶ
2737 2803 2798 2861 τὰ
2862 2808 2968 2859 τῶν
3026 2808 3286 2882 μοναχῶν
3343 2801 3516 2859 ἐνδύει
3575 2803 3663 2858 τὸν
3700 2801 3801 2857 κατὰ

2197 2893 2468 2972 μοναχοὺς
2499 2890 2603 2959 ἤδη
2636 2893 2722 2948 καὶ
2765 2893 2982 2968 βιοῦντα
3015 2893 3102 2948 καὶ
3139 2897 3234 2968 ζῇν
3294 2890 3576 2968 ἑλόμενον.
3635 2889 3791 2949 Ἐπει-

469 2617 561 2680 los
581 2618 912 2680 monastico
941 2637 1074 2680 eum
1102 2619 1324 2682 amictu
1346 2619 1763 2683 indueret.Ille
1791 2639 1932 2683 vero
1965 2623 2120 2685 hanc

467 2724 598 2768 rem
625 2725 834 2768 rursus
863 2707 1267 2769 communicat
1318 2709 1651 2783 monachis,
1713 2719 1775 2772 et
1806 2719 2118 2791 postquam

472 2795 607 2856 illos
635 2813 872 2875 quoque
902 2795 1047 2856 vidit
1083 2797 1388 2879 assentiri,
1425 2817 1557 2861 cum
1601 2799 1883 2879 jussisset
1909 2819 2118 2862 omnes

472 2886 817 2962 congregari
844 2884 905 2944 in
929 2884 1330 2967 Dominico,et
1354 2885 1588 2950 Danieli
1612 2907 1844 2951 sacram
1863 2891 2115 2952 recitas-

470 2980 562 3060 set
589 2973 876 3060 regulam,
913 2973 1120 3036 tondet
1149 2975 1207 3037 ei
1236 2977 1506 3058 capillos,
1537 2986 1594 3039 et
1619 2978 1952 3041 monastico
1976 2997 2112 3040 eum

2203 2978 2422 3055 λάμενος
2455 2979 2509 3037 δὲ
2537 2995 2649 3046 τοῖς
2681 2982 2837 3038 αὐτοῦ
2891 2979 3118 3060 πατράσι
3175 2986 3275 3048 τῆς
3334 2981 3505 3056 μονῆς
3573 2978 3798 3057 προεστὼς

470 3059 668 3152 induit
695 3059 922 3140 habitu,
957 3063 1058 3142 qui
1106 3065 1227 3142 jam
1267 3065 1424 3126 sicut
1455 3067 1731 3127 monachi
1763 3066 2016 3142 vivebat,
2051 3077 2114 3129 et

2203 3070 2271 3143 μὴ
2298 3070 2498 3134 πυκνὰς
2528 3074 2797 3133 ποιεῖσθαι
2829 3072 2959 3150 πρὸς
2987 3059 3079 3127 τὸν
3112 3069 3281 3127 παῖδα
3316 3071 3411 3135 τὰς
3445 3069 3796 3152 προσελεύσεις,

467 3148 664 3210 vivere
693 3156 996 3212 statuerat.
1030 3153 1178 3212 Cum
1201 3154 1331 3233 ejus
1352 3163 1549 3216 autem
1583 3158 1966 3236 praecepisset
1999 3173 2105 3236 pa-

2203 3159 2480 3238 χαίροντας
2524 3159 2810 3234 ἐκπέμπει.

463 3239 868 3332 rentibushne
896 3238 966 3300 ad
1001 3239 1188 3301 filium
1235 3241 1582 3322 frequenter
1610 3245 1989 3326 accederent;
2025 3243 2190 3308 laetos
2245 3246 2483 3325 emittit,
2519 3248 2678 3329 quod
2706 3247 2948 3330 quidem
2981 3255 3070 3310 est
3099 3247 3268 3311 valde
3300 3266 3545 3332 novum,
3568 3252 3800 3330 parentes

467 3326 725 3409 privatos
755 3327 900 3389 filio.

546 3417 642 3509 Vl.
677 3413 816 3476 Erat
846 3435 983 3509 ergo
1007 3417 1140 3509 illic
1171 3419 1382 3483 beatus
1409 3421 1615 3486 Daniel
1669 3424 2012 3504 proficiens,
2042 3433 2118 3488 eti

2261 3427 2368 3502 ς’.
2427 3415 2526 3486 Ἠν
2587 3439 2675 3490 οῦν
2735 3432 2762 3486 ὁ
2834 3429 3097 3509 μακάριος
3139 3433 3259 3488 εκεῖ
3319 3429 3524 3498 Δανιὴλ
3561 3429 3788 3504 πνεύματι

461 3504 838 3598 invalescens
873 3505 1115 3598 spiritu,
1143 3517 1211 3598 et
1239 3510 1293 3571 ei
1326 3513 1621 3574 crescenti
1653 3513 1833 3575 simul
1864 3533 2104 3596 quoque

2203 3518 2502 3595 προκόπτων
2556 3521 2643 3576 καὶ
2699 3519 3138 3598 κραταιούμενος,
3185 3518 3254 3578 ⁵0
3325 3517 3379 3576 δὲ
3441 3519 3534 3588 τῆς
3589 3519 3790 3594 μείζονος

464 3593 808 3656 crescebant
840 3595 1041 3657 omnia
1069 3597 1299 3660 semina
1331 3601 1590 3677 virtutis,
1627 3610 1685 3664 et
1715 3603 1830 3666 alia
1862 3593 2103 3686 quoque

2203 3609 2331 3679 ιῦτῷ
2375 3607 2652 3674 πολιτείας
2695 3608 2842 3688 ἀρχὴ
2883 3610 2972 3664 καὶ
3032 3613 3138 3666 τῶν
3202 3610 3339 3684 μετὰ
3393 3631 3558 3668 ταυτα
3612 3612 3794 3686 καρπῶν

460 3684 617 3778 haud
646 3683 728 3778 ita
757 3684 1107 3778 multopost
1125 3699 1532 3778 accesserunt.
1569 3691 1739 3764 Quod
1769 3683 1968 3756 autem
1993 3683 2105 3758 ex-

2203 3696 2222 3762 ίδ
2279 3696 2415 3770 ῥίζα,
2475 3708 2628 3757 τοῦτο
2691 3683 2885 3754 δὲηκαὶ
2947 3695 3108 3763 λέξων
3145 3683 3407 3778 ἄρχομαι.
3457 3699 3626 3778 Ἔρως
3666 3683 3798 3754 αὗτοῦ

462 3771 830 3833 cellentioris
860 3774 916 3834 ei
947 3773 1058 3835 fuit
1087 3775 1221 3837 vitae
1271 3777 1654 3858 principium,
1693 3787 1751 3842 et
1780 3781 1943 3844 radix
1975 3783 2104 3844 fru-

2203 3788 2333 3846 leto:
2392 3786 2490 3852 τὴν
2529 3784 2742 3866 καρδίαν
2786 3783 3160 3867 διαθερμαίνει,
3205 3789 3292 3843 καὶ
3345 3786 3567 3867 σφοδρὸν
3611 3784 3795 3841 ὂνᾶπτει

463 3861 794 3956 ctuum,qu_i
819 3871 1022 3942 postea
1047 3868 1594 3956 provenerunt,hoc
1613 3868 1736 3950 jam
1763 3889 1893 3932 sum
1919 3872 2113 3934 dictu-'

2203 3875 2384 3953 πυρσὸν
2440 3873 2570 3932 ἰδεῖν
2601 3861 2825 3938 ⁷τόπους
2881 3861 3110 3940 ἐκείνους
3144 3861 3222 3931 ’ἐν
3267 3876 3357 3940 οἷς
3392 3861 3432 3933 ⁷ὁ
3482 3861 3697 3956 -Χριστὸς
3744 3873 3793 3927 τὸ

461 3951 710 4040 _rus.Cor
731 3950 860 4028 ejus
890 3953 1164 4014 accendit
1193 3973 1366 4016 amor
1395 3955 1655 4034 divinus,
1693 3967 1752 4020 et
1797 3960 1858 4021 in
1893 3979 1964 4023 eo
1996 3980 2104 4024 ve-

2203 3963 2315 4034 )πὲρ
2371 3965 2525 4033 ἡμῶν
2597 3962 2871 4030 ἀνεδέξατο
2937 3965 3130 4040 πάθος,
3177 3965 3266 4022 καὶ
3308 3967 3370 4021 οῦ
3409 3967 3672 4036 τέθαπται,
3715 3959 3789 4016 καί

459 4037 976 4133 Ιιθφειιεωωιοὶιαι
1031 4041 1401 4106 desiderium
1455 4046 1701 4110 videndi
1757 4051 1882 4110 loca
1913 4051 2013 4112 illa
2045 4053 2101 4112 in

2203 4050 2303 4108 ἰθεν
2346 4051 2629 4118 ἐξαναστὰς
2675 4056 2806 4133 πρὸς
2865 4037 3122 4132 οὖρᾶνοὺς-
3157 4053 3500 4126 ἀνελήλυθεν,
3549 4053 3700 4128 "Apta
3747 4047 3788 4104 δὲ

457 4127 672 4226 quibus
700 4127 970 4226 Christus
1003 4149 1112 4209 pro
1147 4132 1320 4194 nobis
1373 4144 1462 4226 est
1521 4154 1753 4217 passus,
1791 4147 1849 4199 et
1879 4139 1981 4200 ubi
2015 4151 2106 4203 est

2203 4141 2282 4198 ιαί
2340 4141 2451 4197 θεία
2511 4164 2589 4208 τις
2647 4127 2894 4220 ἐπιθυμία
2928 4127 3183 4224 ’διέφλεγε
3237 4144 3338 4211 τὴν
3396 4146 3581 4226 ψυχὴν
3623 4127 3704 4199 τὸν
3746 4137 3787 4192 ἓν

452 4215 811 4314 sepultumet
843 4216 1167 4294 unde,cum
1197 4215 1854 4298 surrexisset,ascendit
1885 4227 1946 4286 in
1978 4246 2102 4288 cm-

2203 4231 2408 4300 ὶσκήσει
2453 4231 2646 4312 μέγαν,
2699 4235 2790 4289 τὸν
2852 4233 2936 4290 ἐπὶ
2965 4243 3056 4292 τοῦ
3102 4233 3314 4310 στόλου,
3356 4237 3519 4314 φημὶ,
3549 4231 3784 4290 θεάσασθαι

452 4301 761 4402 ΙοιςΒξιηΑιιι
784 4319 983 4402 autem
1016 4307 1215 4402 divina
1239 4313 1775 4402 quoquequaadam
1807 4314 2102 4394 cupiditas

2203 4321 2428 4395 Ξυμεών.
2466 4323 2561 4378 Καὶ
2595 4320 2649 4376 δὲ
2681 4328 2756 4396 τῷ
2787 4328 3087 4401 παρεστῶτι
3141 4322 3239 4390 τῆς
3297 4323 3466 4399 μονῆς
3522 4317 3783 4402 προσελθὼν

453 4392 584 4471 ejus
617 4392 1025 4457 inﬂammabat
1055 4397 1348 4471 animum,
1403 4400 1650 4462 videndi
1695 4392 2096 4468 virum—illum

2203 4410 2417 4466 xtvoﬁrd
2460 4431 2518 4466 τε
2579 4412 2640 4467 τὸ
2683 4409 2951 4491 βούλημα,
3017 4412 3104 4468 καὶ
3147 4413 3224 4487 μὴ
3268 4412 3563 4492 ἀποτυχεῖν
3611 4415 3698 4476 τῆς
3723 4407 3782 4460 αἶ·

452 4498 730 4576 magnum
755 4484 814 4543 in
843 4486 1298 4562 exercitatione,
1322 4489 1698 4570 Simeonem,
1721 4491 2098 4575 inquam,qui

2203 4497 2386 4566 τῆσεως
2437 4484 2730 4568 ἠντιϐόλει.
2768 4491 2823 4558 Ὀ
2857 4484 2949 4556 δὲ⁷
2992 4502 3113 4557 τότε
3149 4484 3266 4576 ’μὲν
3314 4484 3572 4558 ἑκὼν-οὒκ
3598 4497 3781 4575 ἐπέτρε-

451 4578 578 4629 erat
606 4568 1017 4670 iuncolumna;
1053 4582 1110 4635 et
1138 4575 1436 4638 accedens
1461 4578 1533 4640 ad
1568 4568 1912 4657 praefectum
1963 4568 2096 4644 m'o-

2203 4595 2250 4664 με
2283 4609 2296 4622 ·
2358 4586 2474 4664 μετ’
2532 4592 2592 4646 οὗ
2651 4589 2787 4648 πολὺ
2844 4588 2900 4646 δὲ
2953 4591 3041 4647 καὶ
3070 4568 3212 4648 ἄκων
3257 4591 3476 4672 ἐφῆκεν.
3509 4583 3596 4654 Ὧς
3622 4568 3777 4668 γὰρ-ἧν

448 4658 809 4757 ηδειθτίἰηὶό
841 4661 999 4740 quod
1033 4662 1354 4740 volebat,ei
1385 4669 1875 4745 communicavit,
1903 4680 1961 4732 et
1989 4689 2094 4734 ro-

2203 4658 2324 4752 ιῦτῴ
2353 4658 2650 4756 αναγκαῖον
2679 4679 2766 4736 ἐπὶ
2797 4681 2895 4746 τὴν
2941 4676 3225 4759 Ἀντιόχου
3282 4658 3470 4760 ιροιτᾷν
3523 4658 3774 4760 ἐκκλησιιτ

445 4747 603 4849 gavit
627 4751 879 4849 nequod
916 4751 1308 4832 petebat,sibi
1356 4755 1781 4849 denegaretur.
1816 4758 1924 4822 Ille
1953 4779 2094 4824 vero

2203 4772 2374 4823 ττικῶν
2406 4764 2561 4823 ἕνεκα
2589 4766 2899 4847 φροντίδων,
2954 4767 3073 4824 τότε
3126 4767 3181 4826 δὲ
3232 4771 3321 4826 καὶ
3351 4771 3442 4828 τὸν
3481 4764 3662 4835 Δανιὴλ
3688 4753 3778 4838 μεθ’

445 4842 588 4898 tunc
610 4837 852 4939 quidem
877 4857 984 4901 sua
1027 4851 1240 4921 sponte
1265 4862 1384 4906 non
1407 4847 1741 4923 concessit;
1767 4850 1939 4928 paulo
1964 4859 2094 4931 post

2203 4855 2368 4912 αυτοῦ
2423 4856 2513 4911 καί
2567 4837 2716 4921 τινας
2777 4837 2970 4921 ἄλλους
3026 4863 3132 4914 τῶν
3173 4857 3416 4939 ἀδελφῶν
3480 4850 3777 4939 συμπαραλα-

441 4938 641 4988 autem
666 4928 756 4989 vel
779 4929 1000 4991 invitus
1031 4931 1444 5000 dimisit.Nam
1477 4955 1612 4998 cum
1643 4937 1701 4998 ei
1733 4928 1981 5003 necesse
2004 4959 2096 5004 es-

2203 4941 2310 5018 ἰὼν,
2367 4949 2467 5011 τῆς
2527 4947 2741 5023 πορείας
2803 4944 3054 5026 ἄρχεται.
3120 4949 3223 5005 Καὶ
3284 4928 3467 5016 ἐπειδὴ
3496 4928 3622 5004 κατὰ
3649 4928 3774 5026 τήνδξ

438 5018 742 5079 setvenire
757 5019 938 5082 Antio
949 5020 1424 5105 chiam,pr0pter
1440 5042 1616 5087 curas
1630 5027 2090 5108 ecclesiasticas,

2203 5033 2277 5101 τὴν
2327 5034 2519 5109 κώμην
2548 5018 2794 5113 ἐγένοντο
2990 5037 3078 5093 καὶ
3129 5034 3362 5094 Τελαδὰν
3393 5035 3702 5112 ὀνομάζεται,
3728 5024 3774 5082 οὗ

435 5117 582 5203 tunc
613 5127 747 5203 eum
779 5127 985 5172 secum
1009 5120 1434 5193 assumpsisset
1467 5116 1873 5192 Danielem,et
1903 5139 2092 5197 quos-

2203 5123 2265 5180 Lat‘t
2297 5125 2324 5179 ὁ
2367 5125 2536 5201 μέγας
2587 5123 2640 5178 ἐν
2691 5123 2928 5192 ὁσιότητι
2993 5125 3214 5199 Συμεὼν
3248 5127 3369 5188 τοὺς
3414 5123 3632 5203 μακροὺς
3659 5115 3770 5174 ἐκεί·

432 5195 566 5256 dam
598 5195 745 5292 alios
775 5198 1280 5292 fratres,_incipit
1336 5205 1450 5265 iter
1504 5203 1761 5283 ingredi.
1797 5205 1866 5268 Et
1922 5195 2094 5289 post-

2203 5233 2298 5274 νους
2359 5217 2459 5279 τῆς
2516 5209 2796 5284 ἀσκήσεως
2858 5213 3070 5292 ἀγῶνας
3118 5211 3348 5284 διήνυεν.
3393 5214 3535 5272 Ἐπεὶ
3585 5209 3632 5265 δὲ
3670 5205 3769 5284 πρὸς

432 5302 609 5383 quam
637 5285 897 5348 fuissent
927 5289 989 5349 in
1024 5289 1123 5352 illo
1149 5291 1301 5372 vico,
1327 5293 1430 5372 qui
1463 5297 1812 5357 nominatur
1842 5285 2085 5377 Telada,

2203 5300 2321 5375 ιῦτῷ
2362 5298 2466 5369 ἢδη
2497 5308 2573 5376 τῷ
2603 5301 2782 5376 στόλῳ
2838 5302 3102 5383 γένοιντο,
3148 5303 3372 5361 ἐθεῶντό
3406 5324 3459 5362 τε
3488 5303 3545 5359 τὸ
3576 5305 3657 5356 τοὺ
3678 5295 3768 5383 κίοέ

427 5372 532 5433 ubi
568 5391 818 5474 magnus
843 5376 944 5474 ille
979 5383 1038 5438 in
1067 5379 1382 5442 sanctitate
1413 5382 1657 5446 Simeon
1679 5403 1929 5465 magnos
1953 5372 2087 5451 illos

2203 5411 2260 5454 ος
2295 5372 2450 5466 Ἵῦψος
2504 5372 2592 5448 καὶ
2651 5372 2876 5458 τὴν-τοῦ
2932 5372 3101 5452 τόπου
3130 5394 3464 5474 τραχύτητα,
3492 5390 3570 5446 καὶ
3599 5381 3765 5474 ὅπωςιδ

427 5461 748 5560 peragebat
804 5463 1044 5564 labores
1109 5468 1580 5549 exercitationis,
1612 5491 1750 5564 cum
1783 5461 1858 5536 ad
1889 5477 2084 5558 ipsam

2203 5461 2420 5544 εννᾶδας
2457 5478 2667 5545 ἐκεῖνος
2701 5478 2851 5560 ἔφερε
2881 5482 2971 5538 καὶ
3000 5461 3198 5562 κρυμδν
3231 5461 3527 5564 ⁷λειμῶνος
3572 5469 3766 5564 καὶγθέο

424 5565 519 5612 am
545 5550 852 5613 venissent
897 5553 1281 5641 columnam,
1315 5562 1845 5644 contemplabatur
1890 5550 2079 5630 etco-

2203 5589 2289 5634 ους
2341 5567 2586 5650 φλογμὸν
2644 5550 2752 5627 καὶ.
2790 5550 3046 5638 ἆτιειλὴν¹
3093 5550 3306 5650 όμϐρων
3356 5550 3446 5632 imi
3496 5563 3760 5643 πνευμάτων
