4066 6146
288 348 401 414 977

1404 351 1590 416 VITA
1636 349 1696 415 S.
1746 345 2104 413 DANIELIS
2147 341 2522 410 STYLITE.

3533 345 3652 414 978

285 489 402 566 βίαν
460 487 548 545 καὶ
601 486 700 544 civ
759 485 928 555 ἄλλην
974 492 1148 546 πᾶσαν
1212 491 1302 543 τοῦ
1359 483 1606 560 σώματος
1677 481 1919 540 κακοπά-

2011 477 2650 558 lumnae'altitudinem,
2694 481 2751 538 et
2777 473 2893 539 loci
2923 474 3324 560 asperitatem,
3354 484 3412 543 et
3440 499 3656 562 quem-

284 583 456 656 θειαν,
515 580 589 641 ὡς
645 583 810 634 ταῦτα
865 575 1032 650 εἶδον,
1083 575 1258 651 οἱμὲν
1300 573 1450 634 ἄλλοι
1500 580 1604 630 τῶν
1635 570 1928 640 ἀνοητοτέ-

285 691 388 747 ρων
413 666 566 734 δόξης
589 667 756 742 ᾤοντο
789 668 1015 741 ματαίας
1069 667 1188 730 τοὺς
1235 664 1581 732 τηλικούτους
1639 664 1728 719 τὸν
1784 661 1928 718 ὅσιον

280 760 566 834 ὑπομένειν
595 757 828 835 ἀγῶνας.
895 757 954 813 Ὀ
1013 753 1066 811 δὲ
1106 755 1367 831 μακάριος
1429 751 1622 820 Δανιὴλ
1679 753 1738 809 οὖ
1768 751 1928 827 μόνον

285 847 634 917 ἐξεπλήττετο
689 847 777 902 καὶ
835 845 1146 920 ἐθαύμαζεν,
1209 842 1348 900 ἀλλὰ
1405 843 1491 899 καὶ
1519 843 1648 921 πρὸς
1677 842 1777 908 τὴν
1833 839 1926 914 μί-

283 958 445 1012 μησιν
478 936 765 1013 ἠρεθίζετο,
799 935 896 991 καὶ
957 935 1169 1010 κέντρον
1216 935 1414 1011 ἀγαθοῦ
1460 930 1624 1002 ζήλου
1675 935 1744 1006 τῇ
1775 933 1930 1007 ψυχῇ

285 1023 626 1104 παρεδέχετο.
685 1014 778 1084 Ὠς
811 1021 866 1078 δὲ
900 1023 989 1080 καὶ
1039 1022 1275 1078 κάτωθεν
1325 1019 1636 1095 βοησάντων
1684 1021 1711 1074 ὁ
1764 1016 1928 1093 μέγας

285 1116 487 1176 ἐκεῖνος
517 1115 793 1190 προκύψας
827 1111 1021 1167 ἄνωθεν
1079 1109 1244 1190 ἔφησε
1296 1112 1469 1166 θεῖναι
1521 1107 1778 1186 κλίμακα,
1830 1105 1925 1162 καὶ

283 1206 412 1282 πρὸς
462 1205 618 1262 αὒτον
677 1201 917 1257 ἀνελθεῖν
974 1201 1040 1267 ἧν
1099 1200 1221 1255 τότε
1279 1197 1456 1261 καλῶς
1529 1195 1661 1253 ἰδεῖν
1717 1191 1925 1267 ἀκριϐὲς

281 1295 388 1350 τῶν
417 1298 610 1372 ψυχῶν
639 1289 900 1364 δοκίμιον·
960 1291 988 1345 6
1051 1289 1148 1364 μὲν
1204 1289 1303 1364 γὰρ
1351 1286 1525 1343 ποδῶν
1555 1284 1845 1354 ἀσθένειαν,
1900 1283 1927 1338 ὁ

280 1381 335 1437 δὲ
395 1387 619 1461 νεφρῶν,
684 1383 710 1436 6
770 1379 824 1435 δὲ
875 1380 1078 1458 γήρως,
1133 1380 1160 1433 6
1191 1376 1245 1433 δὲ
1276 1374 1409 1432 ἄλλο
1452 1398 1503 1431 τι
1558 1373 1926 1447 αἰτιασάμενος

279 1485 580 1548 παρῃτεῖτο
608 1471 704 1538 τὴν
737 1468 944 1538 ἄνοδον,
987 1471 1015 1524 6
1052 1470 1253 1532 Δανιὴλ
1309 1464 1364 1521 δὲ
1419 1464 1631 1544 δραμὼν
1686 1464 1780 1518 καί
1839 1468 1929 1516 τοῦ

277 1563 595 1635 καθηγητοῦ
622 1559 819 1625 δεηθεὶς
849 1559 938 1614 καὶ
967 1556 1090 1634 παρ’
1151 1559 1307 1614 αὒτοῦ
1361 1552 1711 1632 προτραπεὶς,
1765 1549 1930 1605 ἄνεισί

276 1672 336 1708 τε
402 1651 676 1726 προθύμως
733 1649 820 1705 καὶ
877 1649 968 1702 τὸν
1025 1645 1196 1723 μέγαν
1279 1643 1633 1709 ἀνασπάξεται
1709 1640 1926 1716 Συμεὼν

279 1741 375 1796 σὺν
411 1739 568 1807 ἠδονῆ
602 1739 694 1794 καί
727 1738 972 1811 θαύματι,

2011 568 2332 629 admodum
2357 569 2446 630 vir
2461 567 2561 629 ille
2579 585 2904 647 generosus
2923 575 2979 629 et
3004 570 3219 631 hiemis
3250 570 3483 633 ferebat
3501 573 3665 653 algo-

2011 675 2165 738 rem,
2187 667 2247 718 et
2275 658 2462 720 aetatis
2493 656 2777 732 calorem,
2810 665 2868 719 et
2900 658 3091 721 minas
3117 659 3422 737 imbrium,
3457 669 3516 722 et
3544 664 3658 724 vim

2012 755 2346 825 ventorum,
2385 753 2446 807 et
2474 764 2711 807 omnem
2743 747 2916 808 aliam
2953 749 3220 828 corporis
3257 752 3656 813 tolerantiam.

2013 834 2156 897 Cum
2185 835 2310 895 haec
2339 834 2615 896 viderunt
2643 834 2739 896 alii
2776 837 3016 916 quidem
3038 838 3504 918 insipientiores,
3541 847 3661 903 exi-

2010 924 2328 984 stimabant
2355 931 2624 985 sanctum
2672 943 2821 986 vana
2865 927 3056 1004 gloria
3111 928 3459 1005 adductum,
3499 938 3659 993 tanta

2008 1012 2308 1074 sustinere
2343 1012 2697 1074 certamina.
2724 1013 2943 1076 Beatus
2961 1023 3158 1078 autem
3185 1016 3388 1080 Daniel
3411 1038 3528 1080 non
3552 1039 3659 1081 so-

2011 1101 2128 1161 lum
2147 1101 2508 1180 eastupebat
2526 1109 2585 1163 et
2609 1101 3073 1180 mirabatur,sed
3101 1106 3278 1167 etiam
3305 1107 3660 1171 incitabatur

2009 1190 2081 1250 ad
2139 1190 2553 1278 imitationem,
2619 1200 2677 1252 et
2726 1191 2868 1254 boni
2916 1193 3026 1255 zeli
3072 1194 3375 1255 stimulum
3427 1199 3658 1278 accepit

2010 1280 2233 1342 animo.
2267 1277 2410 1340 Cum
2434 1297 2598 1360 vero,
2622 1281 2725 1342 ubi
2747 1281 2984 1345 inferne
3005 1284 3386 1363 clamassent,
3410 1277 3654 1366 magnus

2012 1369 2115 1429 ille
2146 1368 2406 1448 desuper
2445 1369 2841 1449 prospiciens,
2867 1372 3110 1434 dixisset
3151 1382 3428 1454 oportere
3447 1377 3658 1438 admo-

2012 1475 2152 1518 vere
2185 1456 2399 1530 scalas,
2433 1465 2492 1518 et
2523 1457 2596 1518 ad
2628 1459 2818 1538 ipsum
2861 1461 3210 1537 ascendere,
3241 1471 3380 1524 tunc
3409 1465 3655 1544 pulchre

2010 1545 2179 1607 licuit
2200 1545 2400 1606 videre
2415 1547 2747 1609 animorum
2775 1549 3186 1628 probationem
3209 1573 3222 1612 :
3241 1552 3392 1613 alius
3406 1554 3650 1633 quidem

2009 1642 2286 1695 causatus
2310 1635 2526 1715 pedum
2552 1635 3053 1711 imbecillitatem,
3075 1641 3226 1704 alius
3245 1659 3483 1721 renum,
3499 1643 3652 1704 alius

2008 1731 2402 1797 senectutem,
2455 1725 2606 1786 alius
2632 1725 2854 1808 aliquid
2885 1728 3070 1808 aliud,
3097 1732 3412 1792 recusabat
3437 1751 3650 1794 ascen-

278 1828 452 1891 dere.
490 1825 696 1890 Daniel
730 1843 867 1886 vero
897 1842 1028 1884 cum
1064 1822 1416 1894 cucurisset,
1453 1828 1510 1881 et
1542 1818 1886 1898 magistrum
1917 1819 2204 1894 rogasset,
2229 1823 2285 1874 et
2316 1813 2389 1873 ab
2421 1833 2493 1875 eo
2517 1815 2721 1894 jussus
2752 1826 2931 1898 esset,
2962 1818 3228 1880 acsendit
3260 1828 3530 1900 prompto
3591 1830 3648 1882 et

276 1916 463 1977 alacri
506 1915 729 1994 animo,
763 1922 820 1975 et
843 1930 1119 1992 magnum
1153 1912 1366 1994 salutat
1389 1908 1732 1971 Simeonem
1765 1925 1901 1969 cum
1933 1901 2688 1994 gaudiqetiadmisatione.

363 2006 447 2068 Ζ¹,
500 2004 716 2080 Ἀμέλει
769 2005 854 2060 καὶ
907 2004 1170 2080 εὐλογίας,
1220 1993 1396 2075 ὥςπερ
1447 1994 1574 2071 ἔδει,
1608 1997 1734 2076 παρ’
1772 1999 1919 2052 αὒτοί

2092 1989 2217 2052 VII.
2254 1993 2461 2072 Neque
2492 2011 2631 2055 vero
2683 1995 2790 2056 fuit
2819 1996 2918 2057 hic
2947 1997 3115 2059 labor
3146 1997 3373 2060 Danieli
3404 2000 3654 2072 inutilis,

272 2094 513 2160 ἀξιωθεὶς
568 2100 635 2170 τῇ
687 2098 785 2160 τῆς
845 2094 1028 2173 χειρὸς
1088 2092 1314 2148 ἐπιθέσει
1359 2091 1446 2146 καὶ
1491 2091 1588 2156 τὴν
1640 2094 1730 2144 τοῦ
1780 2084 1913 2147 μὲλ-

271 2183 466 2245 λοντος
523 2204 893 2261 κροαγορευαιν
951 2181 1192 2262 δέχεται,
1250 2179 1450 2236 "limus
1510 2179 1632 2256 γάρ’
1707 2175 1918 2253 Ἀνδρί-

270 2281 392 2349 ζου,
450 2273 658 2351 τέκνον,
716 2273 804 2328 καὶ
847 2273 1203 2350 κραταιούτθω
1250 2270 1285 2335 ὴ
1329 2266 1512 2345 καρδία
1557 2289 1672 2325 σου.
1725 2264 1920 2327 Πὸνους

271 2363 379 2438 γὰρ
412 2360 634 2422 πολλούς
695 2383 750 2416 τε
807 2363 901 2416 καὶ
935 2360 1212 2440 χαλαποὺς
1241 2356 1521 2432 ὑπομένειν
1577 2354 1790 2440 μέλλεις
1816 2351 1921 2440 ,διὰ

274 2433 528 2518 Χρίττὸν,
585 2443 641 2507 ὃς
688 2446 786 2498 καὶ
839 2433 978 2517 πρὸξ
1009 2442 1066 2496 τὸ
1113 2440 1366 2516 γενναίως
1420 2441 1593 2517 ιρὲρειν
1643 2433 1921 2512 ἐπιρῤώσει

274 2552 376 2586 σου
425 2531 526 2597 τὴν
583 2532 788 2609 ψυχήν.
854 2531 1098 2589 Κάτεισιν
1156 2529 1243 2584 οὖν
1300 2529 1327 2583 6
1390 2523 1589 2592 Δανιὴλ
1638 2525 1772 2598 μετὰ
1826 2524 1922 2590 τὴν

271 2619 535 2698 γλυκεῖαν
590 2619 785 2684 ταύτην
841 2627 930 2676 τοῦ
989 2615 1169 2681 ἀνδρὸς
1228 2615 1467 2689 ὁμιλίαν,
1523 2615 1614 2670 καὶ
1665 2615 1795 2690 πρὸς
1824 2622 1922 2678 τὴν

270 2711 417 2787 ἱερὰν
451 2708 621 2782 μονὴν
652 2709 850 2773 ταύτην
881 2708 1170 2764 ἐπάνειτιν.
1234 2703 1389 2762 Ἐπεῖ
1441 2703 1494 2758 δξ
1541 2705 1633 2760 τὸν
1680 2703 1776 2768 τῆς
1812 2724 1918 2776 μο-

275 2804 370 2866 νῆς
403 2805 712 2876 προεστῶτα
743 2795 918 2852 ἐκάλει
951 2799 1082 2873 πρὸς
1115 2795 1298 2850 ἑαυτὸν
1353 2795 1380 2849 ὁ
1429 2794 1582 2863 Θεὸς,
1633 2794 1660 2847 6
1708 2789 1763 2845 δὲ
1815 2813 1917 2846 κα-

277 2888 368 2952 λδς
399 2891 548 2949 οὗτος
587 2884 786 2952 Δανιὴλ
833 2885 1011 2948 καλῶς
1064 2883 1438 2958 ποιμαίνεσθαι
1489 2879 1752 2959 διδαχθεὶς
1802 2877 1917 2957 ἄρτι

277 2980 365 3033 καὶ
393 2975 566 3041 καλῶς
599 2975 894 3047 ποιμαίνειν
953 2974 1251 3044 ἐπενοεῖτο,
1306 2973 1393 3026 καὶ
1454 2971 1540 3046 βίᾳ
1581 2970 1713 3046 πρὸς
1763 2975 1918 3024 τυῦτο

279 3066 422 3141 παρὰ
447 3073 550 3121 τῶν
584 3069 956 3143 συμφοιτητῶν
990 3061 1224 3117 εἵλκετο·
1262 3060 1420 3124 αὐτὸς
1451 3061 1549 3124 τῆς
1577 3058 1732 3137 φίλης
1788 3057 1918 3124 ἠσυ-

279 3156 406 3234 χίας
435 3155 912 3230 μεταποιούμενος,
948 3166 1063 3214 τοῖς
1115 3151 1212 3223 μὲν
1261 3150 1474 3204 ἐκείνων
1527 3147 1705 3224 λόγοις
1757 3145 1916 3205 οὖδα-

275 3249 389 3316 μώς
450 3243 618 3299 εἴκειν
677 3241 831 3319 ἔγνω,
891 3240 1006 3296 ἀλλ’
1057 3239 1234 3316 ἕτερον
1283 3240 1465 3302 αὐτοῖς
1499 3240 1772 3315 εἰσηγεῖτο
1824 3237 1916 3291 τὸν

2007 2090 2070 2142 et
2103 2081 2174 2140 ad
2211 2098 2345 2141 eum
2379 2083 2678 2158 ascensio,
2709 2085 2811 2146 sed
2849 2086 3102 2165 primum
3155 2087 3396 2168 quidem
3424 2087 3494 2148 ad
3525 2089 3651 2148 vir-

2007 2178 2186 2230 tutem
2226 2171 2515 2232 excitatur
2561 2180 2623 2234 et
2679 2173 3014 2250 instruitur,
3065 2183 3125 2237 et
3172 2176 3444 2238 redditur
3469 2178 3650 2238 vehe-

2008 2261 2272 2322 mentius
2302 2262 2435 2341 ejus
2465 2260 2858 2324 desiderium.
2913 2263 3142 2326 Deinde
3196 2273 3393 2327 autem
3453 2267 3525 2327 ab
3586 2285 3656 2328 eo

2005 2367 2267 2428 quoque,
2299 2359 2361 2412 ut
2391 2349 2728 2431 oportebat,
2765 2353 3154 2433 consequitur
3179 2353 3660 2416 benedictionem

2007 2456 2217 2498 manus
2249 2439 2655 2520 impositione,
2689 2448 2749 2500 et
2775 2439 2959 2502 futuri
3009 2442 3270 2520 suscepit
3317 2443 3656 2520 praedictio-

2005 2545 2143 2588 nem
2180 2548 2196 2600 ;
2231 2546 2365 2588 eum
2401 2529 2558 2589 enim
2619 2528 2842 2591 andivit
2899 2530 3198 2593 dicentem
3259 2531 3348 2592 vel
3400 2531 3653 2593 maxime

2007 2616 2405 2696 prophetico:
2444 2615 2582 2677 Esto
2636 2616 2832 2692 fortis,
2887 2619 2990 2692 ﬁli,
3029 2625 3087 2681 et
3133 2620 3520 2681 conﬁrmetur
3547 2639 3651 2681 cor

2005 2712 2192 2766 tuum.
2233 2705 2441 2766 Multos
2470 2705 2632 2766 enim
2666 2715 2726 2768 et
2777 2706 3047 2769 difﬁciles
3107 2707 3344 2770 labores
3407 2714 3648 2787 propter

2003 2794 2302 2856 Christum
2363 2813 2429 2856 es
2479 2803 2895 2875 suscepturus,
2957 2797 3058 2876 qui
3115 2804 3174 2857 et
3202 2797 3503 2858 sufliciens
3533 2797 3648 2858 erit

2003 2882 2107 2944 tibi
2139 2883 2492 2956 consolatio,
2541 2890 2600 2943 et
2643 2883 2714 2943 ad
2765 2901 2868 2945 eos
2912 2884 3141 2946 fortiter
3171 2884 3449 2946 ferendos
3477 2893 3643 2946 tuum

2001 2971 2306 3033 roborabit
2351 2971 2640 3034 animum.
2698 2971 3017 3034 Descendit
3071 2991 3212 3049 ergo
3273 2972 3481 3034 Daniel
3514 2981 3647 3052 post

2003 3061 2156 3122 hanc
2187 3078 2427 3122 suavem
2461 3078 2594 3121 cum
2620 3079 2690 3122 eo
2714 3061 3220 3141 congressionem,
3255 3069 3312 3121 et
3341 3079 3546 3122 rursus
3571 3059 3645 3122 ad

2001 3168 2236 3212 sacrum
2271 3150 2426 3211 redit
2456 3150 2906 3211 monasterium.
2941 3148 3257 3230 Postquam
3287 3160 3484 3211 autem
3520 3169 3645 3211 mo-

2004 3239 2248 3299 nasterii
2282 3238 2626 3317 praefectum
2672 3237 2744 3299 ad
2778 3256 2844 3299 se
2873 3239 3100 3299 vocavit
3128 3238 3285 3300 Deus
3319 3258 3334 3312 ;
3371 3240 3640 3318 egregius

272 3331 560 3397 λυσιτελῶς
630 3330 1087 3404 προττησὸμενον⁶
1165 3329 1335 3394 ἑαυτῷ
1408 3327 1462 3382 δὲ
1537 3329 1598 3382 τὰ
1668 3324 1916 3401 βέλτιστα

2004 3345 2138 3388 vero
2161 3327 2256 3388 hic
2279 3326 2506 3400 Daniel,
2529 3327 2628 3406 qui
2665 3325 2824 3423 pasci
2857 3327 3106 3406 pulchre
3137 3326 3637 3423 didie_erat,mpdo

271 3419 642 3496 συμϐουλεύων
698 3422 786 3492 ἦν,
845 3418 999 3497 Ἰδοὺ,
1061 3419 1252 3494 λέγων,
1321 3415 1588 3493 ἐλεύθερος
1664 3413 1911 3492 γέγονας,

279 3509 501 3582 Δανιὴλ,
563 3509 767 3572 οόδενὸς
827 3510 1089 3586 κάτοχος.
1140 3505 1270 3564 Ἰδοὺ
1301 3507 1486 3579 καιρὸς
1534 3506 1595 3560 οὗ
1642 3503 1912 3577 πρόπαλαι

273 3598 429 3675 ἤρας⁸
478 3598 609 3678 ἔχου
665 3598 836 3654 τοίνυν
891 3598 977 3652 καὶ
1027 3603 1230 3653 σκοποῦ
1271 3596 1358 3650 καὶ
1403 3591 1545 3664 ὁδου,
1593 3593 1680 3647 καὶ
1708 3592 1736 3646 ὃ
1779 3612 1914 3666 προ-

275 3687 392 3745 ἑθου
445 3677 543 3744 καὶ
593 3689 664 3750 εἰς
719 3687 881 3763 πέρας
933 3686 1158 3763 ἀγαγεῖν
1189 3683 1493 3761 ἐπείχθητι,
1529 3680 1705 3736 Πάντα
1746 3677 1914 3734 τοίνυν

271 3778 408 3834 οὕτω
438 3776 769 3854 καταλιπὼν,
803 3778 890 3832 καὶ
927 3773 1111 3848 μηδενὶ
1170 3774 1230 3827 τὸ
1281 3773 1381 3836 τῆς
1431 3775 1615 3848 ψυχῆς
1673 3765 1911 3854 απόῤῥη-

268 3888 360 3923 τον
390 3866 635 3940 ἐξειπὼν,
668 3864 838 3921 λαθὼν
868 3864 1025 3929 ἔξεισι
1057 3868 1155 3928 τῆς
1202 3865 1394 3935 μονῆς,
1429 3863 1515 3915 καὶ
1558 3852 1914 3929 καταλαμϐά-

268 3977 344 4011 νει
405 3953 638 4032 μάνδραν
691 3954 896 4020 ἐκείνην
1046 3953 1133 4008 καὶ
1184 3952 1211 4005 6
1262 3947 1354 4004 τοῦ
1402 3947 1659 4022 μακαρίου
1691 3943 1912 4018 Συμεὼν

269 4042 501 4121 ἤδραστο
555 4041 763 4106 στῦλος’
821 4043 890 4107 ἧν
947 4062 1045 4116 γαρ
1113 4060 1161 4094 τι
1220 4037 1368 4093 κάτω
1421 4033 1545 4111 περί
1603 4033 1754 4089 αὖτὸν
1825 4033 1912 4086 καὶ

268 4129 532 4190 κοινὸϐιον
590 4131 712 4187 ἕντα
770 4131 856 4185 καὶ
913 4128 1166 4206 τέσσαρας
1210 4126 1336 4187 ὅλας
1395 4121 1597 4199 ἡμέρας
1650 4122 1736 4176 επὶ
1792 4132 1912 4183 ταῖς

267 4220 395 4277 δέκα
453 4219 812 4296 διενεγκόντα,
872 4219 1076 4286 Στμεὸν
1137 4216 1221 4271 καὶ
1271 4213 1348 4269 ἔτι
1401 4211 1526 4287 παρ’
1558 4209 1700 4281 αὐτῷ
1731 4208 1910 4282 μένειν

267 4313 360 4367 τὸν
427 4307 625 4376 Δανιὴλ
683 4306 892 4374 ἤθελεν,
953 4306 1102 4362 Ἐπεὶ
1161 4302 1214 4359 δὲ
1268 4301 1416 4381 φίλον
1473 4305 1549 4373 τῷ
1607 4298 1776 4372 ὁμοίῳ
1851 4297 1912 4352 τὸ

1999 3425 2160 3478 recte
2194 3434 2366 3496 posse
2384 3432 2624 3495 pascere
2657 3415 2987 3494 putabatur,
3016 3427 3069 3478 et
3102 3417 3154 3475 vi
3191 3417 3262 3476 ad
3297 3416 3408 3477 hoc
3435 3415 3634 3476 trahe-

1997 3503 2168 3565 batur
2197 3525 2230 3565 a
2261 3505 2384 3565 suis
2413 3502 2840 3582 condiscipulis
2873 3521 2888 3574 ;
2938 3505 3066 3584 ipse
3095 3505 3190 3584 qui
3234 3511 3457 3581 gratam
3491 3521 3638 3562 con-

1998 3592 2334 3654 sectabatur
2358 3591 2601 3671 quidem
2632 3601 2694 3652 et
2723 3591 3050 3666 silentium,
3100 3602 3159 3651 et
3209 3593 3322 3652 hoc
3353 3589 3637 3662 ambibat,

2000 3689 2065 3742 ut
2090 3691 2246 3743 esset
2273 3687 2537 3742 remotus
2566 3681 2638 3740 ab
2664 3678 2941 3740 omnibus
2999 3679 3275 3758 negotiis,
3331 3687 3388 3738 et
3420 3677 3641 3752 sciens,

1997 3777 2282 3850 quantum
2317 3786 2386 3828 ea
2435 3766 2621 3846 possit
2653 3766 2929 3827 conferre
2961 3767 3033 3826 ad
3065 3766 3366 3839 virtutem,
3403 3765 3648 3826 minime

1995 3857 2200 3918 statuit
2254 3855 2494 3928 cedere,
2559 3854 2662 3914 sed
2716 3853 2896 3915 alium
2952 3853 3199 3924 addixit,
3235 3853 3337 3932 qui
3373 3859 3538 3913 esset
3562 3857 3648 3913 eis

1995 3945 2221 4005 utiliter
2248 3941 2614 4022 praefuturus
2641 3988 2656 4012 ,
2691 3941 2802 4000 sibi
2823 3948 3024 4002 autem
3059 3941 3280 4019 optime
3310 3938 3642 4000 consuluit:

1996 4031 2173 4103 Ecce,
2210 4031 2440 4109 dicens,
2478 4028 2632 4089 liber
2662 4028 2851 4089 factus
2881 4047 2967 4101 es,
3000 4028 3230 4089 Daniel.
3278 4027 3500 4088 nemini
3531 4025 3644 4088 ob-

1999 4118 2398 4182 noxius.Ecce
2422 4116 2850 4197 tempus,quod
2874 4123 3011 4177 ante
3041 4115 3418 4177 desiderasti.
3453 4113 3646 4175 Tuum

1998 4227 2139 4287 ergo
2168 4223 2530 4287 persequere
2582 4223 2853 4283 scopum,
2911 4215 2969 4264 et
3025 4203 3135 4264 viae
3191 4204 3553 4281 institutum,
3588 4212 3647 4261 et

1995 4299 2155 4376 quod
2188 4294 2573 4377 proposuisti,
2611 4311 2789 4374 perge
2849 4293 3115 4372 exsequi.
3153 4293 3298 4352 Cum
3359 4291 3446 4350 sic
3505 4308 3647 4366 ergo

269 4397 478 4472 ὅμοιον,
531 4398 735 4456 ἐκεῖνος
779 4395 834 4450 δὲ
899 4395 992 4450 οὒκ
1045 4393 1297 4471 ἠνείχετο
1349 4389 1510 4466 ἑτέρῳ
1558 4387 1700 4460 πόθῳ
1755 4385 1918 4442 κατά-

2004 4387 2202 4448 omnia
2222 4383 2590 4464 reliquisset,
2617 4389 2674 4442 et
2696 4382 2846 4443 nulli
2873 4381 3058 4442 animi
3088 4379 3179 4440 sui
3200 4396 3478 4440 arcanum
3501 4395 3648 4472 ape-

271 4509 469 4566 σχετος
524 4486 621 4554 ὢν,
675 4488 782 4540 τῶν
831 4485 930 4561 γὰρ
979 4487 1130 4555 ἱερῶν
1163 4480 1414 4558 ἐγλίχετο
1458 4477 1663 4549 τόπων,
1699 4475 1786 4530 καὶ
1818 4475 1918 4534 τὴν

2004 4479 2238 4546 ruisset,
2272 4472 2580 4551 egreditur
2637 4471 2787 4532 clam
2821 4489 2854 4531 e
2887 4467 3267 4534 monasterio.
3301 4476 3359 4528 et
3388 4465 3547 4566 venit
3573 4466 3646 4526 ad

271 4554 542 4651 ἐνδοτὲραν
594 4574 792 4650 ἔρημον
846 4554 1115 4639 ἐπεξήτει·
1158 4554 1442 4632 ἀλλα-τὴν
1488 4566 1616 4636 πρὸς
1662 4565 1756 4630 τὴν
1802 4568 1918 4618 Πα-

2004 4563 2309 4625 mandram
2344 4563 2528 4632 illam,
2568 4559 2627 4619 in
2660 4577 2774 4638 qua
2825 4564 2950 4618 erat
2994 4556 3106 4618 sita
3162 4556 3444 4616 columna
3495 4554 3649 4614 beati

269 4641 546 4730 λαιστίνην
603 4664 806 4719 ἁκούων
855 4659 1108 4738 χαλεπὴν
1159 4657 1304 4713 εἶναι
1353 4657 1443 4711 καὶ
1475 4651 1794 4728 ἀδιόδευτον,
1827 4649 1918 4705 ἅτε

2004 4650 2327 4713 Simeonis.
2382 4649 2540 4710 Infra
2599 4648 2758 4706 enim
2813 4647 2970 4706 circa
3020 4664 3148 4706 eam
3204 4652 3328 4705 erat
3353 4642 3648 4723 quoddam

273 4758 617 4828 Σαμαρειτῶν
700 4730 936 4822 πολέμου
1019 4746 1165 4818 νόμῳ
1245 4751 1582 4819 Χριστιανοῖς
1666 4739 1918 4828 ἐπιθεμέ-

2005 4737 2477 4809 monasterium;
2533 4733 2590 4792 in
2645 4752 2763 4811 quo
2813 4751 2948 4796 cum
2997 4741 3146 4792 totos
3201 4730 3648 4811 quatuordecim

273 4817 399 4896 νων’
435 4817 615 4904 ιαῦτὸς
673 4840 770 4906 τῆς
829 4817 1114 4907 trecenis“:
1141 4817 1354 4896 711'3ﬁiC
1397 4833 1606 4907 ὕφετνκι
1653 4828 1730 4902 μὴ
1789 4827 1916 4881 ἆνε-

2004 4827 2130 4887 dies
2164 4823 2571 4900 transegisset,
2593 4819 2826 4907 volebat
2846 4819 3086 4881 Simeon
3120 4819 3422 4907 Danielem
3458 4817 3649 4907 adhuc

268 4931 525 5010 γόμενος,
589 4933 773 4987 ἑαυτὸν
829 4926 1120 5004 ἐπιῤῥώσας
1179 4925 1264 4979 καὶ
1321 4927 1504 4982 πείσας
1557 4919 1780 4976 θανάτου
1811 4939 1914 4972 κα-

2004 4914 2157 4994 apud
2191 4931 2254 4973 se
2290 4927 2533 4972 manere
2564 4906 2791 5006 (simile
2821 4907 2982 4967 enim
3034 4906 3212 5010 simili
3267 4905 3644 5010 delectatur),

272 4991 311 5011 ν.
348 4991 358 5004 ι
490 4991 524 5004 -ι
920 4991 958 5004 ..

265 5033 547 5099 ταφρονεῖν
578 5023 840 5094 προθυμος
864 5017 928 5084 ἧν
961 5015 1145 5070 ἀνῦσαι
1175 5013 1236 5067 τὸ
1269 5008 1718 5082 σπουδαζόμενον.

2004 4991 2103 5064 ille
2131 5009 2326 5063 autem
2352 5016 2470 5060 non
2501 4994 2801 5061 sustinuit.
2837 5011 2972 5054 cum
3005 4993 3118 5054 alio
3151 5000 3456 5054 teneretur
3480 4991 3645 5050 desi-

269 5081 463 5168 derio.
522 5081 911 5168 Desiderabat
943 5101 1100 5162 enim
1156 5098 1360 5160 videre
1411 5081 1579 5159 sacra
1635 5095 1792 5168 loca,
1826 5101 1885 5155 et
1945 5092 2302 5181 interiorem
2353 5083 2656 5181 quazrebat
2696 5081 3074 5181 solitudinem
3100 5100 3133 5181 ξ-
3173 5081 3491 5181 sed-viam,
3519 5095 3652 5156 quae

270 5197 459 5272 vergit
512 5196 582 5255 ad
614 5193 1013 5262 Palaestinam,
1045 5189 1296 5250 audiens
1325 5205 1460 5248 esse
1492 5167 1823 5260 difﬁcilem,
1855 5189 1913 5242 et
1945 5198 2131 5261 prope
2190 5177 2430 5272 inviam,
2468 5179 2671 5272 utpote
2697 5170 2864 5272 quod.
2888 5167 3261 5272 samaritani‘
3291 5167 3634 5272 bellohi‘nva.

270 5256 486 5344 darent
536 5282 926 5352 Christianos,
962 5256 1088 5357 ipse
1134 5295 1251 5338 non
1284 5275 1482 5337 ferens
1533 5273 1608 5334 de
1638 5271 1752 5334 hoc
1791 5256 1900 5332 suo
1945 5256 2232 5357 prompto
2264 5274 2324 5328 et
2364 5263 2545 5326 alacri
2576 5259 2790 5357 animi
2819 5257 3014 5319 studio
3045 5256 3264 5357 aliquid
3311 5256 3640 5357 remittere,

273 5341 521 5434 ἐιὶὲιῖέε
546 5341 956 5433 Ξᾷὲίόιὲὶήέεεέι
985 5341 1055 5427 ὀι
1084 5365 1196 5426 sibi
1230 5373 1479 5426 mortem
1514 5367 1907 5424 contemnere
1955 5341 2369 5438 persuasisset,
2405 5358 2640 5432 paratus
2671 5355 2797 5410 erat
2845 5345 3086 5426 exsequi
3116 5343 3199 5425 id,
3233 5345 3401 5423 cujus
3445 5341 3638 5403 studio

275 5460 609 5523 tenebatur.

357 5549 444 5606 H'.
483 5553 578 5607 Καὶ
634 5547 816 5614 ἐπειδὴ
872 5550 971 5615 τῆς
1023 5542 1326 5618 ἀποδημίας
1372 5540 1547 5614 ἥψατο
1592 5543 1817 5608 συναντᾷ
1843 5558 1919 5600 τις

2092 5530 2242 5595 νιιι.
2296 5533 2440 5594 Cum
2490 5545 2630 5618 vero
2659 5528 2783 5618 iter,
2823 5531 2980 5588 esset
3009 5524 3333 5618 ingressus,
3363 5528 3421 5580 et
3448 5518 3509 5580 in
3539 5518 3632 5618 via

275 5637 420 5711 αὖτῷ
476 5605 614 5695 κατὰ
667 5637 762 5708 τήν
805 5605 968 5691 ’δδδξ
997 5633 1154 5712 ἀνὴρ,
1187 5605 1348 5708 ἰβπερ
1396 5605 1578 5696 ὴλικία
1609 5605 1919 5709 πρεσϐυτου,

2010 5621 2270 5686 occurrit
2299 5619 2390 5680 vir
2412 5617 2674 5702 quidam,
2694 5613 2789 5677 cui
2817 5620 2944 5678 erat
2972 5620 3111 5681 actas
3137 5608 3319 5683 senis,
3353 5605 3630 5670 monachi
