4048 6136
495 346 614 410 979

1663 340 2047 404 ΑΠΒΕΝΒᾹ.
2124 374 2203 386 -
2268 342 2692 404 DECEMBER.

3732 348 3820 414 980

495 479 774 560 vestitus,
805 496 950 541 cana
980 482 1177 540 autem
1212 495 1406 551 coma,
1457 483 1515 538 et
1561 476 1662 558 qui
1694 484 1821 538 erat
1853 475 1912 536 in
1943 476 2115 537 omnia

2220 478 2254 545 ἡ
2289 477 2455 544 στολὴ
2488 479 2754 556 μοναχοῦ,
2789 479 2823 546 ἡ
2853 476 2968 556 θρὶξ
3021 476 3230 554 πολιοῦ,
3281 480 3455 537 πάντα
3499 481 3683 556 ὁμοίως
3710 483 3822 566 ἔχων

494 571 608 632 bus
637 568 850 632 similis
881 567 1144 630 Simeoni
1205 567 1304 646 qui
1364 573 1491 628 erat
1541 565 1601 625 in
1662 567 1959 627 columna.
1997 568 2140 645 Syra

491 678 634 722 vero
663 660 862 736 lingua
903 657 1192 719 allocutus
1235 655 1566 734 Danielem,
1614 663 1671 716 et
1703 674 1834 715 eum
1867 655 2137 734 comple-

493 767 625 824 xus,
660 747 903 827 rogavit,
941 763 1194 826 quonam
1229 746 1344 805 iter
1374 763 1544 805 suum
1579 743 1997 822 dirigeret.llle
2025 763 2134 804 au-

495 847 657 900 tem:
721 836 779 899 Si
835 835 980 914 Deo,
1043 833 1258 912 inquit,
1325 832 1574 906 videtur,
1635 833 1780 892 vado
1853 833 1923 893 ad
2009 833 2138 894 loca

493 934 719 988 sancta.
754 923 808 985 Is
838 942 982 986 vero
1006 923 1308 1004 excipiens
1335 944 1348 984 :
1382 924 1566 986 Recte
1594 920 1816 996 dixisti,
1845 921 2057 1002 inquit,
2087 923 2132 982 si

490 1014 612 1076 Deo
639 1013 894 1076 videtur.
925 1015 1096 1077 Nunc
1127 1021 1324 1074 autem
1361 1023 1520 1073 certo
1552 1011 1728 1084 scias,
1765 1012 1820 1071 id
1856 1011 2011 1092 quod
2047 1020 2136 1072 est

489 1103 600 1165 tibi
653 1101 1044 1184 propositum,
1081 1121 1198 1163 non
1232 1119 1363 1163 esse
1414 1119 1484 1162 ex
1512 1099 1615 1162 Dei
1651 1100 1965 1162 sententia.
2001 1103 2133 1162 Non

490 1200 648 1255 enim
678 1192 946 1254 audivisti
979 1191 1333 1253 seditionem
1369 1199 1425 1252 et
1454 1190 1792 1264 tumultum,
1820 1191 1923 1265 qui
1959 1189 2126 1250 estin

484 1281 855 1347 Pallestina?
883 1281 989 1344 Ille
1019 1298 1182 1354 vero,
1217 1280 1460 1353 Audivi,
1507 1281 1716 1361 inquit,
1753 1280 1857 1340 sed
1904 1280 1962 1339 in
2008 1279 2127 1340 Deo

487 1371 723 1435 conﬁdo
747 1391 882 1434 eum
916 1371 1064 1432 mihi
1094 1371 1353 1430 futurum
1377 1369 1706 1448 adjutorem
1736 1387 1750 1442 ;
1785 1376 1844 1429 et
1876 1368 2129 1429 maxime

487 1464 729 1543 quidem
762 1479 939 1542 spero
999 1459 1244 1521 omnino
1292 1459 1438 1531 fore,
1496 1467 1556 1518 ut
1607 1476 1684 1519 ne
1737 1456 1872 1518 mali
1900 1456 2126 1536 aliquid

485 1550 660 1613 nobis
692 1555 936 1611 omnino
967 1547 1216 1610 accidat.
1265 1548 1368 1608 Sin
1402 1555 1596 1608 autem
1628 1545 1849 1626 aliquid
1883 1547 1996 1605 tale
2023 1563 2127 1607 ac-

485 1639 727 1713 ciderit,
768 1661 790 1695 α
823 1657 930 1699 seu
959 1637 1245 1708 vivamus,
1271 1654 1375 1698 seu
1410 1637 1758 1714 moriamur,
1783 1653 1848 1695 su
1862 1653 1990 1694 mus
2006 1634 2126 1694 Do-

483 1729 631 1791 mini
669 1729 723 1793 9.
762 1752 786 1786 ι
823 1727 927 1790 Illo
959 1734 1154 1788 autem
1189 1726 1302 1787 hoc
1335 1724 1743 1804 propheticum
1791 1726 2130 1802 proferente

481 1836 874 1900 responsum:
908 1841 934 1872 α
957 1816 1042 1878 Ne
1065 1814 1305 1876 dederis
1337 1815 1394 1874 in
1426 1813 1888 1875 commotionem
1916 1814 2125 1892 pedem
2155 1847 2189 1895 Β

483 1917 673 1982 tuum,
710 1917 771 1969 et
820 1923 939 1967 non
969 1902 1333 1982 dormitabit,
1387 1904 1486 1982 qui
1529 1911 1584 1964 te
1616 1902 1895 1981 custodit,
1942 1919 2126 1980 ange-

478 1998 576 2060 lus
597 1999 650 2071 3,
690 2022 716 2052 ι
751 2013 887 2057 cum
928 1994 1000 2055 ad
1033 1994 1146 2055 hoc
1193 1999 1464 2072 prompto
1498 1999 1556 2052 et
1585 1991 1765 2052 alacri
1795 1992 1991 2052 animo
2024 2010 2124 2053 re-

482 2080 1555 2168 spondissetDaniel,dicens,omnino
1575 2080 1794 2140 bonum
1825 2098 1958 2141 esse
1976 2082 2123 2144 mori

482 2182 727 2258 propter
748 2174 1076 2252 Christum,
1111 2169 1168 2231 id
1201 2189 1354 2249 aegre
1407 2169 1606 2232 ferens
1657 2188 1862 2248 canus,
1912 2172 2152 2233 avertit.

483 2264 722 2340 faciem,
756 2271 849 2326 et:
885 2262 1018 2324 Non
1053 2259 1200 2330 fero,
1253 2259 1422 2322 dixit.
1476 2260 1606 2321 Non
1657 2258 1816 2319 enim
1855 2260 2125 2338 permisit

478 2351 661 2430 Deus,
687 2359 750 2414 ut
774 2368 883 2414 nos
903 2348 1320 2429 intempestive
1347 2345 1409 2408 in
1437 2353 1688 2408 mortem
1712 2348 2118 2427 conjiciamus,

481 2449 542 2504 et
570 2449 632 2504 ut
661 2459 767 2523 per
797 2439 916 2503 vim
945 2438 1402 2511 interﬁciamur,
1445 2454 1861 2518 procuremus.
1898 2435 2003 2498 llle
2034 2443 2124 2496 est

479 2532 664 2612 enim,
691 2530 796 2612 qui
817 2529 999 2591 dixit:
1034 2552 1061 2583 α
1087 2528 1148 2590 Si
1174 2535 1611 2608 persequantur
1632 2543 1734 2585 vos
1761 2543 1828 2585 ex
1854 2524 1962 2585 hac
1986 2525 2123 2585 civi-

477 2629 620 2701 tate,
650 2619 832 2699 fugite
860 2618 922 2678 in
952 2616 1126 2678 aliam
1148 2617 1200 2678 4.
1239 2640 1265 2672 n
1304 2617 1451 2677 Cum
1478 2625 1675 2676 autem
1723 2613 2123 2675 concessisset

477 2717 722 2772 sanctus
754 2705 1103 2786 objectioni,
1138 2711 1198 2766 et
1225 2704 1472 2766 dixisset
1501 2725 1512 2762 :
1539 2701 1599 2765 Si
1630 2703 1736 2764 tibi
1759 2704 1838 2764 ita
1861 2703 2116 2776 videtur,

475 2799 624 2862 nihil
679 2815 881 2860 moror
922 2795 1227 2859 reditum:
1262 2793 1389 2856 Non
1421 2795 1689 2874 consulo,
1742 2794 1958 2876 inquit,
1995 2793 2114 2868 ille,

478 2887 612 2962 tibi,
674 2893 738 2947 ut
792 2884 865 2946 ab
898 2883 1010 2945 hoc
1041 2892 1235 2962 coepto
1287 2884 1528 2946 omnino
1577 2882 1852 2958 desistas,
1908 2883 2122 2944 stultus

477 2975 638 3038 enim
669 2990 900 3048 essem;
955 2972 1060 3035 sed
1093 2974 1140 3034 si
1177 2973 1324 3033 mihi
1355 2972 1587 3052 credas,
1613 2972 1836 3052 jubens
1868 2973 2118 3035 multum

475 3063 669 3125 valere
699 3061 971 3141 regiones
1000 3060 1859 3141 Orientales,conversus,vade
1891 3061 2118 3140 Byzan-

471 3153 647 3234 tium,
691 3169 845 3232 quze,
891 3151 1047 3232 quod
1091 3152 1302 3217 attinet
1331 3151 1403 3211 ad
1437 3151 1994 3229 sanctificationem,
2028 3157 2118 3210 est

472 3241 740 3303 secunda
797 3238 1156 3318 Jerusalem,
1210 3239 1331 3310 imp
1380 3257 1516 3300 vero
1567 3247 1656 3300 est
1708 3239 1917 3317 prima.
1955 3237 2117 3300 Illius

472 3329 632 3391 enim
666 3327 971 3408 privilegia
1005 3326 1059 3388 ei
1098 3344 1255 3387 nunc
1285 3345 1318 3387 a
1353 3329 1476 3389 Deo
1524 3327 1658 3388 data
1689 3335 1846 3407 sunt,
1906 3325 1967 3386 in
1999 3345 2118 3402 qua

472 3417 674 3478 multis
731 3415 970 3496 quidem
1037 3413 1142 3498 tibi
1194 3413 1397 3476 licebit
1443 3415 1558 3476 frui
1604 3416 1867 3495 templis,
1914 3414 2115 3476 multis

465 3523 607 3568 vero
637 3505 824 3566 sacris
848 3503 1211 3584 spectaculis
1245 3521 1262 3578 ;
1298 3511 1356 3564 et
1384 3503 1430 3563 si
1467 3502 1572 3564 tibi
1602 3504 1783 3565 corde
1819 3503 1999 3564 fuerit
2027 3504 2113 3564 vi-

2221 574 2296 640 τῷ
2326 567 2410 623 ἐπὶ
2462 575 2553 624 τοῦ
2595 567 2770 632 κίονος
2820 568 3061 642 Συμεών.
3094 571 3400 646 Προσειπὼν
3435 571 3525 627 οὖν
3553 577 3626 645 τῷ
3665 578 3826 644 Δανιὴλ

2219 661 2287 731 τῇ
2347 657 2525 734 Σύρων
2585 655 2823 733 γλώττῃ,
2879 659 2967 715 καὶ
3027 660 3398 733 ἀσπασάμενος
3455 661 3632 738 ἠρώτα
3676 666 3743 729 τίς
3784 688 3827 723 τε

2219 747 2359 818 αύτῷ
2397 745 2426 811 ἣ
2459 746 2641 824 πορεία
2698 747 2784 802 καὶ
2832 756 2933 805 ποῦ
2981 747 3231 826 φέροοσα.
3277 752 3338 806 ιΟ
3382 748 3466 822 δὲ,
3519 755 3573 808 Εἰ
3615 751 3749 811 δοκεῖ
3772 766 3828 830 τῷ

2220 840 2356 906 Θεῷ,
2391 836 2572 911 φησὶν,
2633 834 2717 890 ἐπὶ
2773 842 2893 898 τοῦς
2928 838 3108 914 ἁγίους
3165 837 3349 912 ἄπειμι
3397 841 3624 903 τόπους,
3661 843 3828 900 Κάκεῖ.

2218 945 2305 985 νος
2337 920 2641 993 ὑπολαϐὼν,
2707 922 2894 986 Καλῶς
2955 923 3198 1001 εἴρηκας,
3260 927 3439 1000 εἶπεν,
3498 930 3554 985 Εἰ
3603 928 3739 989 δοκεῖ
3773 942 3829 1007 τῷ

2218 1017 2354 1084 Θεῷ,
2393 1018 2494 1067 Νῦν
2524 1009 2577 1066 δὲ
2637 1010 2746 1066 ἵστι
2805 1020 2985 1092 σαφῶς
3016 1016 3088 1077 ὡς
3137 1014 3195 1070 οὗ
3227 1017 3360 1072 κατὰ
3401 1019 3630 1094 γνώμην
3661 1028 3763 1095 Θεῴ
3786 1027 3830 1077 τὸ

2217 1101 2582 1176 προκείμενον
2646 1101 2704 1156 οὒ
2761 1101 2860 1178 γὰρ
2933 1103 3171 1171 ἀκήκοας
3243 1106 3342 1171 τὴν
3414 1107 3470 1162 ἐν
3548 1108 3828 1178 Παλαιστίνῃ

2215 1189 2398 1276 στάσιν
2453 1190 2540 1244 καὶ
2602 1177 2873 1269 ταραχήν.
2934 1192 3038 1250 Καὶ
3092 1193 3172 1267 ὃς,
3233 1193 3497 1266 Ἀκήκοα,
3553 1197 3671 1276 ἔφη·
3717 1177 3829 1266 πλὴν

2212 1275 2331 1332 ἀλλ’
2361 1277 2443 1332 ἐπὶ
2480 1284 2594 1350 Θεῷ
2621 1277 2917 1356 τεθάῤῥηκα
2959 1281 3154 1355 βοηθὸν
3213 1281 3345 1347 ἕξειν
3403 1275 3600 1360 αὖτὸνέ
3638 1287 3831 1362 μάλιστα

2212 1365 2307 1439 μὲν
2339 1365 2453 1422 οὐδὲ
2487 1366 2600 1455 Ατῆν
2646 1367 2822 1446 ἀρχὴν
2873 1367 3070 1440 ἐλπίζω
3118 1371 3351 1450 πονηρόν
3399 1376 3494 1445 μοί
3530 1397 3581 1430 τι
3630 1399 3832 1455 προσπε-

2212 1469 2349 1512 σεῖν·
2386 1457 2429 1510 εἷ
2480 1453 2534 1510 δέ
2565 1479 2612 1511 τι
2643 1459 2730 1512 καὶ
2760 1462 2999 1514 τοιοῦτον
3051 1458 3253 1536 συμϐῇ,
3313 1483 3336 1517 α
3375 1463 3487 1518 εἴτε
3522 1453 3709 1540 ζῶμεν,
3746 1467 3833 1523 εἴτε

2214 1543 2638 1623 ἀποθνήσκομεν,
2701 1549 2791 1602 to;
2852 1553 3036 1624 Κυρίου
3095 1549 3275 1624 ἐσμέν,
3318 1575 3344 1605 n
3398 1555 3734 1632 Δυσχερᾶνας
3762 1557 3833 1610 οὖν

2213 1634 2240 1686 6
2272 1630 2456 1694 πολιὸς
2491 1632 2572 1687 ἐπὶ
2603 1633 2794 1710 τούτῳ,
2846 1634 3138 1714 ἀπέστρεφε
3183 1659 3237 1693 τε
3281 1641 3380 1704 τὴν
3414 1630 3576 1714 ὄψιν,
3620 1644 3720 1721 καὶ²
3751 1643 3833 1699 Οὔκ

2212 1721 2497 1800 ἀνέχομαι,
2563 1720 2730 1799 ἔλεγε,
2765 1724 2842 1796 μὴ
2876 1725 2974 1800 γὰρ
3015 1726 3293 1800 ἐπιτρέψαι
3339 1731 3431 1784 τὸν
3478 1731 3610 1784 θεὸν
3661 1720 3832 1809 has?“

2212 1823 2367 1866 πτεϊν
2410 1812 2624 1876 ἑαυτοὺς
2667 1814 2807 1887 παρὰ
2853 1816 3034 1890 καιρὸν
3078 1822 3152 1888 τῷ
3193 1818 3402 1891 θανάτῳ
3464 1821 3550 1874 καὶ
3598 1820 3828 1894 βιάζεσθαι

2209 1901 2307 1967 τὴν
2361 1899 2646 1980 αναίρεσιν.
2707 1899 2948 1968 Ἐκεῖνός
3005 1907 3145 1960 ἔστιν
3191 1907 3217 1961 6
3252 1907 3437 1962 εἰπών·
3495 1930 3519 1961 ί
3559 1905 3680 1965 Ἐὰν
3717 1908 3825 1965 διώ-

2208 2012 2374 2046 κωσιν
2429 1991 2562 2063 ὑμᾶς
2606 1993 2666 2045 ὲκ
2725 1989 2882 2057 τῆσδε
2943 1997 3042 2057 τῆς
3085 1992 3321 2074 πόλεως,
3368 1997 3592 2074 φεύγετε
3635 1999 3702 2059 εἰς
3748 1999 3827 2063 τὴν

2207 2079 2398 2146 ἄλλη-δ,
2444 2101 2466 2133 ι
2498 2088 2600 2136 Τοῦ
2651 2077 2706 2134 δὲ
2760 2082 3019 2158 μακαρίου
3073 2081 3320 2145 εἴσαντος
3369 2088 3504 2162 πρὸς
3535 2087 3631 2154 τὴν
3661 2086 3820 2142 ἔνστα-

2206 2191 2311 2239 σιν⁹
2344 2168 2454 2229 καὶ.
2492 2170 2547 2225 El
2580 2167 2718 2223 ἔστιν
2763 2169 2904 2240 αύτῷ
2944 2168 3149 2250 δοκοῦν,
3196 2173 3462 2254 εἰπόντος,
3494 2176 3590 2230 οὒκ
3620 2173 3822 2230 ἀναϐάλ-

2206 2256 2365 2331 λομαι
2394 2257 2492 2324 τὴν
2523 2258 2884 2336 ὑποστροφὴν²
2945 2261 3017 2315 Οὒ
3069 2258 3414 2335 συμϐουλεύω
3465 2262 3531 2333 δή
3559 2285 3664 2337 σοι,
3692 2267 3820 2341 φησὶν

2207 2347 2437 2420 ἐκεῖνος,
2497 2347 2670 2412 πάντη
2745 2345 2839 2413 τῆς
2913 2346 3115 2424 ἀγαθῆς
3193 2351 3390 2417 ταύτης
3463 2355 3820 2432 επιχειρήσεως

2205 2435 2524 2508 ἀποστῆναι,
2587 2436 2812 2509 μάταιος
2871 2435 2969 2513 γὰρ
3021 2439 3082 2492 ἄν
3125 2438 3268 2504 εἴιμ’
3319 2439 3439 2496 ἀλλ’
3472 2442 3528 2497 εἴ
3559 2465 3646 2516 μοι
3675 2442 3814 2518 πείθῃ,

2203 2525 2269 2580 τὰ
2326 2525 2430 2598 ἑῷα
2462 2525 2671 2604 χαίρειν
2701 2523 2878 2580 πολλὰ
2919 2526 3143 2605 φράσας,
3188 2530 3286 2596 τὴν
3329 2529 3418 2586 ἐπὶ
3477 2532 3539 2587 τὸ
3582 2533 3814 2602 Βυζάντιον

2203 2613 2522 2690 ἑπιστρέψας
2593 2614 2817 2698 πορεύου
2890 2613 3132 2692 δευτέραν
3200 2619 3271 2681 είς
3356 2621 3622 2698 ἄγιασμοῦ
3685 2620 3810 2696 λόγον

2202 2703 2544 2782 ὑπάρχουσαν
2605 2695 2974 2781 ’[ερουταλὴμ,
3053 2704 3256 2779 μᾶλλον
3325 2695 3416 2764 δέγ
3455 2712 3544 2766 καὶ
3608 2695 3804 2787 πρώτην.

2205 2791 2354 2849 Ἐπεὶ
2409 2790 2462 2846 δὲ
2519 2792 2584 2848 τὰ
2643 2791 2849 2858 ἐκείνης
2892 2791 3149 2868 πρεσϐεῖα
3192 2797 3358 2873 ταύτῃ
3403 2809 3493 2858 νῦν
3536 2802 3669 2876 παρὰ
3707 2804 3802 2854 Θεοῦ

2203 2879 2428 2960 δέδοται,
2488 2879 2541 2935 ἐν
2595 2885 2632 2950 ἧ
2680 2879 2892 2937 πολλῶν
2937 2883 3034 2956 μὲν
3079 2883 3395 2950 ἀπολαύσεις
3443 2897 3598 2962 νεῶν,
3631 2887 3794 2945 πολλῶν

2203 2969 2255 3025 δὲ
2284 2970 2562 3044 θεαμάτων
2592 2973 2744 3047 ἱερῶν
2778 2987 2792 3001 ⁸
2839 2971 2926 3026 καὶ
2969 2969 3024 3027 εἴ
3055 2993 3136 3028 σοι
3201 2976 3286 3030 καὶ
3345 2979 3664 3052 καταθύμιοθ
3701 2979 3800 3044 ἤπυε

2202 3082 2370 3140 χασαι
2430 3058 2541 3114 εἴνε
2598 3061 2652 3114 ὲν
2683 3066 2751 3134 τῇ
2809 3059 3054 3137 ἀνωτέρω
3108 3063 3313 3143 Θρᾴκη,
3376 3065 3492 3122 εἴτε
3525 3069 3647 3144 πρὸς
3695 3069 3803 3135 αὖτῷ

2201 3156 2293 3205 τοῦ
2354 3149 2551 3204 Πόντου
2583 3150 2660 3210 τῶ
2690 3149 2939 3228 στόματι,
2989 3153 3202 3228 εὐπορία
3245 3152 3452 3236 πολλὴ³
3489 3157 3581 3212 mi‘
3611 3156 3692 3221 τὴν
3717 3156 3803 3209 ἐπι-

2199 3239 2383 3311 θυμίαν
2441 3259 2548 3323 σοι)Δ
2595 3239 2724 3302 Θεὸς
2755 3237 3042 3316 ἐκπληροῖ,
3091 3243 3227 3317 Πρὸς
3278 3245 3486 3310 τούτοις
3528 3250 3584 3304 οὗ
3610 3245 3800 3323 χρὴνο·

2202 3327 2367 3402 μίζειν
2417 3328 2472 3381 ἒν
2533 3317 2914 3402 Ἰεροσολύμοις
2978 3329 3074 3402 μὲν
3116 3332 3363 3410 ἓντυχεῖν
3405 3342 3487 3408 τῷ
3533 3317 3654 3406 Θεῷ-ξ
3686 3330 3727 3386 ἒν
3753 3327 3798 3383 δὲ

2201 3418 2267 3491 τῇ
2297 3416 2553 3486 Βύζαντος
2591 3413 2856 3490 οὖδαμῶς’
2920 3416 2978 3472 οὗ
3035 3419 3134 3496 γὰρ
3177 3422 3529 3500 περιγάφεται
3571 3424 3626 3479 τὸ
3660 3420 3798 3489 θεῖον,

2199 3502 2466 3582 ἀγαπητέ,

468 3611 605 3656 vere
661 3593 724 3654 in
753 3592 956 3674 quiete
1011 3601 1068 3653 et
1106 3591 1367 3666 silentio,
1401 3600 1501 3653 aut
1530 3593 1588 3653 in
1623 3593 1931 3672 superiore
1983 3590 2256 3673 Thracia,
2291 3599 2394 3653 aut
2421 3590 2480 3651 in
2531 3591 2660 3672 ipso
2692 3609 2793 3653 ore
2851 3595 3024 3655 Ponti
3055 3596 3184 3674 ejus
3214 3597 3302 3658 rei
3347 3598 3458 3660 tibi
3491 3600 3603 3662 erit.
3630 3611 3801 3672 magna

462 3682 732 3756 facultas,
766 3689 825 3742 et
853 3680 1020 3743 Deus
1071 3681 1270 3741 hacin
1319 3698 1385 3742 re
1419 3687 1580 3742 tuum
1639 3679 1911 3760 implebit
1942 3681 2334 3744 desiderium.
2399 3683 2691 3741 Praeterea
2720 3699 2838 3742 non
2897 3691 3130 3762 Oportet
3163 3685 3512 3751 existimare
3542 3697 3594 3750 te
3643 3685 3799 3748 Deum

463 3771 707 3850 quidem
762 3786 898 3831 esse
929 3775 1366 3831 conventurum
1400 3767 1854 3851 Hierosolymis,
1891 3771 2150 3850 Bysantii
2207 3778 2401 3832 autem
2437 3767 2706 3833 minime.
2743 3768 2898 3832 Deus
2927 3773 3082 3833 enim
3116 3792 3497 3857 nequaquam
3526 3777 3646 3840 loco
3699 3773 3797 3837 cir-

461 3859 914 3934 cumscribitur,
952 3877 986 3919 o
1016 3857 1254 3923 dilecte.

542 3949 641 4012 IX.
676 3947 798 4009 Hos
825 3965 1134 4012 sermones
1164 3965 1314 4009 cano
1335 3947 1436 4010 illo
1468 3949 1812 4010 conferente
1842 3965 1976 4010 cum
1999 3949 2108 4011 Da-

459 4036 738 4111 niele,sol
773 4044 900 4097 erat
928 4036 990 4096 in
1019 4054 1268 4115 occasu;
1300 4045 1359 4099 et
1383 4037 1618 4111 accidit,
1647 4045 1709 4098 ut
1738 4037 2106 4100 diverterent

457 4129 531 4187 ad
547 4129 836 4202 quoddam
859 4131 1436 4188 monasterium.Cum
1459 4131 1770 4187 audivisset
1793 4141 1981 4187 autem
2004 4131 2106 4187 Da-

456 4212 578 4274 niel
599 4212 693 4276 hic
707 4229 842 4274 esse
855 4211 1295 4274 diversandum:
1311 4215 1395 4276 Tu
1414 4212 2100 4292 quidem,inquitsenex,

455 4301 621 4379 prior
651 4301 1014 4380 ingredere;
1051 4318 1157 4379 ego
1189 4309 1392 4362 autem
1428 4307 1484 4361 te
1515 4318 1727 4380 sequar
1768 4319 1802 4361 e
1832 4302 2095 4379 vestigio.

451 4387 802 4452 Existimans
859 4390 1059 4470 itaque
1117 4398 1357 4450 sanctus
1414 4407 1547 4449 eum
1599 4406 1812 4466 urgere
1841 4389 2096 4469 aliquam

449 4479 720 4558 corporis
750 4478 1202 4552 necessitatem,
1223 4483 1449 4555 portam
1487 4479 1814 4554 ingressus,
1845 4496 2094 4557 exspec-

2271 3939 2355 4010 8⁸.
2411 3953 2584 4006 Ταῦτα
2629 3957 2719 4007 τοῦ
2761 3947 2948 4007 πολιοῦ
2990 3957 3067 4025 τῷ
3113 3954 3312 4022 Δανιὴλ
3355 3953 3786 4033 κοινολογουμένσυ

2187 4035 2394 4105 ὅὴλιός
2443 4058 2499 4092 τε
2529 4034 2630 4103 ἤδη
2665 4038 2791 4114 πρὸς
2823 4035 3022 4113 δυσμὰς
3078 4041 3167 4123 ἦν,
3220 4046 3307 4100 καὶ
3366 4049 3555 4111 αὖτοῖς
3599 4045 3785 4111 συνήντι

2186 4127 2316 4204 πρός
2355 4147 2397 4180 τι
2459 4126 2872 4203 μοναστήριονὴ
2933 4128 3240 4196 κατάλυσις.
3303 4136 3600 4194 Πνθοπένου
3649 4131 3784 4188 τοίνυν

2185 4221 2277 4272 τοῦ
2311 4213 2510 4280 Δανιὴλ
2541 4214 2584 4268 εἷ
2609 4212 2824 4270 ἐνταῦθα
2855 4213 2941 4272 δεῖ
2985 4217 3301 4301 καταλῦσαι,
3362 4225 3434 4280 Σὺ
3495 4225 3609 4300 μὲν,
3660 4220 3783 4276 εἶπεν

2184 4305 2212 4358 ὁ
2242 4303 2488 4379 γηραιὸς,
2524 4299 2804 4378 προλαϐὼν
2834 4301 3040 4361 εἴσελθε
3073 4322 3088 4337 ⁶
3124 4307 3232 4386 ἐγὼ
3275 4299 3329 4366 δέ
3371 4333 3454 4368 σοι
3497 4299 3627 4370 Ῠκατᾶ
3653 4306 3783 4365 πόδας

2182 4389 2400 4465 ἕψομαι.
2462 4387 2773 4446 ἰ’πολαϐὼν
2831 4391 2919 4448 οὖν
2977 4395 3004 4450 6
3063 4398 3320 4474 μακάριος
3374 4419 3479 4456 των
3528 4396 3779 4476 ἀναγκαίων

2178 4500 2228 4534 τι
2263 4481 2356 4534 τοῦ
2386 4479 2632 4552 σώματος
2664 4478 2894 4562 ἐπείγειν
2947 4484 3125 4555 αὐτὸν,
3180 4486 3274 4553 τῆς
3304 4487 3476 4555 πύλης
3507 4489 3632 4546 εἵσω
3657 4481 3780 4562 γενόο

449 4563 627 4627 tabat.
664 4568 981 4646 Postquam
1010 4583 1150 4625 vero
1174 4563 1276 4625 ille
1302 4582 1421 4624 non
1446 4564 1700 4645 amplius
1724 4566 1950 4647 aderat,
1990 4585 2091 4628 ra-

2199 4588 2360 4644 ιενος,
2420 4565 2758 4644 παριέμενεν,
2824 4559 2912 4632 Ὦς
2972 4569 3027 4625 δὲ
3087 4573 3282 4646 μηκέτι
3343 4577 3552 4640 ἐκεῖνος
3617 4559 3775 4649 παρῆν,

447 4659 540 4714 tus
571 4653 782 4716 Daniel
814 4671 950 4714 eum
984 4652 1043 4711 in
1074 4651 1274 4729 aliquo
1303 4652 1419 4713 alio
1451 4654 1580 4715 loco
1613 4653 2091 4729 diversari,solus

443 4742 740 4804 accedens
771 4742 843 4803 ad
877 4741 1223 4821 praefectum
1286 4743 1655 4813 monasterii,
1687 4752 1744 4804 et
1764 4743 1836 4804 ad
1869 4763 1971 4805 eos
1989 4745 2090 4824 qui

443 4839 612 4893 erant
643 4830 755 4893 sub
790 4833 916 4910 ipso
949 4830 1184 4894 fratres.
1235 4831 1552 4892 honestum
1599 4829 1761 4891 dedit
1791 4832 2082 4906 osculum,

439 4919 676 4998 signum
713 4918 1077 4981 dilectionis.
1118 4918 1346 4982 Deinde
1387 4919 1559 4979 etiam
1609 4920 1862 4999 sumpsit
1891 4920 2088 4981 cibum

435 5008 550 5071 sibi
580 5011 934 5090 appositum.
971 5008 1282 5089 Postquam
1332 5013 1536 5070 autem
1602 5009 1796 5070 somni
1861 5017 2091 5088 tempus

438 5115 572 5159 esse
604 5097 897 5176 cognovit,
945 5097 998 5159 ei
1035 5115 1244 5158 rursus
1293 5096 1576 5159 assistens
1624 5113 1830 5174 senex,
1865 5096 2085 5157 suade-

2173 4653 2323 4720 δόξας
2381 4657 2408 4710 6
2463 4654 2663 4722 Δανιὴλ
2712 4653 2957 4735 ἀλλαχοῦ
2989 4680 3088 4714 που
3139 4661 3416 4720 καταλύειν
3449 4668 3601 4725 αὐτὸν
3649 4677 3777 4737 προσ-

2173 4742 2335 4800 ελθὼν
2396 4745 2555 4818 μόνος
2610 4750 2684 4817 τῷ
2740 4752 3034 4822 προεστῶτι
3064 4748 3163 4816 τῆς
3193 4757 3362 4824 μονῆς
3420 4759 3511 4811 καὶ
3559 4752 3666 4812 τοῖς
3705 4745 3771 4801 ὑπ’

2171 4831 2628 4921 αὑτὸν-μοναχοίς
2685 4835 2876 4906 σεμνὸν
2921 4835 3128 4910 φίλημα
3168 4840 3229 4894 τὸ
3273 4845 3371 4909 τῆς
3402 4842 3612 4921 ἀγάπης
3643 4833 3771 4892 ἐδίδου

2174 4916 2462 5008 σύμϐολον,
2525 4919 2660 4974 Εἶτα
2690 4921 2777 4976 καὶ
2835 4921 3035 5000 τροφῆς
3098 4926 3238 5000 αὐτῷ
3290 4916 3651 5008 παρατεθείσης
3688 4942 3768 4996 με·

2171 5004 2516 5096 τελάμϐανεν.
2561 5009 2664 5096 ῨξΩς
2719 5009 2773 5063 δὲ
2823 5009 2912 5065 καὶ
2966 5009 3130 5070 ὕπνου
3193 5004 3378 5094 καιρὸν
3431 5017 3583 5096 ἔγνω,
3639 5029 3769 5085 παρα·

2169 5097 2295 5158 στὰς
2327 5095 2468 5168 αὒτῷ
2500 5093 2658 5150 πάλιν
2687 5099 2715 5152 6
2772 5099 2984 5173 γεραιὸς
3041 5099 3226 5158 ἐκεῖνα
3286 5093 3509 5182 παρῄνει
3562 5093 3767 5180 πράττειν

433 5182 534 5246 bat
562 5184 664 5247 illa
693 5185 1053 5265 facere,qua3
1077 5185 1241 5264 prius
1266 5183 1523 5260 dicebat,
1557 5191 1616 5245 et
1645 5185 2081 5264 quamprimum

2199 5200 2200 5236 1
2255 5184 2342 5239 καὶ
2396 5186 2622 5260 προσθεν
2648 5182 2904 5271 ᾇδίδασκε,
2956 5187 3140 5244 καὶτὸ
3173 5191 3345 5271 τάχος
3392 5187 3767 5265 καταλαμϐάνειν

438 5273 734 5351 proﬁcisci
757 5273 1124 5354 Byzantium.
1156 5273 1352 5353 Atque
1376 5272 1478 5334 ille
1505 5273 1748 5355 quidem
1778 5273 2086 5354 excitatus,

433 5361 727 5440 cogitabat
755 5361 1033 5440 quisnam
1068 5362 1116 5422 is
1145 5368 1326 5440 esset,
1367 5368 1428 5423 et
1457 5381 1528 5423 an
1564 5370 1718 5422 esset
1750 5361 1928 5421 homo
1974 5361 2088 5421 ali-

423 5450 582 5529 quis,
616 5469 692 5511 an
723 5469 882 5515 unus
919 5449 1189 5530 angelus.
1245 5449 1304 5511 Is
1351 5467 1488 5511 vero
1525 5458 1650 5513 erat
1698 5467 1951 5530 magnus
1987 5449 2090 5511 ille

494 5635 522 5682 9
560 5633 735 5698 Rom.
763 5653 882 5714 xxv,
915 5638 976 5701 8.
1059 5641 1090 5691 ὅ
1120 5639 1280 5704 Psal.
1315 5654 1448 5720 cxx,
1486 5639 1545 5702 3.

1634 5640 1667 5689 4
1691 5637 1900 5701 Matth.
1936 5654 1997 5712 x,
2032 5637 2136 5700 23.

2175 5272 2274 5338 τὴν
2305 5271 2587 5340 Βύζαντος.
2650 5269 2894 5335 Ἐκεῖνος
2933 5273 3032 5346 μὲν
3073 5278 3161 5331 οὗν
3211 5269 3518 5345 διοπνισθεὶς
3548 5277 3765 5354 ελογίζετο

2173 5361 2249 5422 τίς
2279 5359 2339 5415 ἂν
2370 5359 2465 5424 εἴη
2496 5357 2671 5433 οὗτος,
2719 5362 2807 5416 καὶ
2836 5362 2880 5416 εἰ
2912 5360 3184 5439 ἅνθρωπός
3214 5388 3294 5430 τις
3345 5367 3380 5435 ἦ
3422 5375 3528 5425 τῶν
3567 5361 3766 5442 ἀγγέλων

2170 5453 2279 5514 εἷς·
2313 5451 2372 5505 Ὀ
2406 5445 2460 5502 δὲ
2489 5447 2518 5502 δ
2547 5446 2716 5525 μέγας
2777 5471 2844 5514 ην
2903 5452 3124 5528 Συμεὼν
3179 5455 3278 5522 τὴν
3335 5445 3762 5538 πολυανθρωποτέ-
