  <div class='ocr_page' id='page_1' title='image "/cluster/home/n/w/nwhite01/storage/ocr_20150623/116/mdp.39015008903554/498.png"; bbox 0 0 4048 6136; ppageno 0'>
   <div class='ocr_carea' id='block_1_1' title="bbox 384 317 3748 402">
    <p class='ocr_par' dir='ltr' id='par_1_1' title="bbox 384 317 3748 402">
     <span class='ocr_line' id='line_1_1' title="bbox 384 317 3748 402; baseline 0.004 -16"><span class='ocrx_word' id='word_1_1' title='bbox 384 317 497 386; x_wconf 83' lang='grc'><strong>981</strong></span> <span class='ocrx_word' id='word_1_2' title='bbox 1519 325 1703 391; x_wconf 84' lang='lat' dir='ltr'><strong>VITA</strong></span> <span class='ocrx_word' id='word_1_3' title='bbox 1745 327 1807 390; x_wconf 92' lang='lat' dir='ltr'><strong>S.</strong></span> <span class='ocrx_word' id='word_1_4' title='bbox 1852 324 2216 392; x_wconf 87' lang='lat' dir='ltr'><strong>DANIELIS</strong></span> <span class='ocrx_word' id='word_1_5' title='bbox 2257 328 2630 394; x_wconf 62' lang='lat' dir='ltr'><strong>STYLITAE.</strong></span> <span class='ocrx_word' id='word_1_6' title='bbox 3629 334 3748 402; x_wconf 80' lang='lat'>982</span> 
     </span>
    </p>
   </div>
   <div class='ocr_carea' id='block_1_2' title="bbox 382 456 2025 545">
    <p class='ocr_par' dir='ltr' id='par_1_2' title="bbox 382 456 2025 537">
     <span class='ocr_line' id='line_1_2' title="bbox 382 456 2025 537; baseline 0.004 -23"><span class='ocrx_word' id='word_1_7' title='bbox 382 458 486 524; x_wconf 74' lang='grc' dir='ltr'>τὴν</span> <span class='ocrx_word' id='word_1_8' title='bbox 540 456 771 516; x_wconf 79' lang='grc' dir='ltr'>κελεύων</span> <span class='ocrx_word' id='word_1_9' title='bbox 801 461 958 519; x_wconf 74' lang='grc' dir='ltr'>αὐτὸν</span> <span class='ocrx_word' id='word_1_10' title='bbox 1015 462 1104 518; x_wconf 80' lang='grc' dir='ltr'><strong>καὶ</strong></span> <span class='ocrx_word' id='word_1_11' title='bbox 1132 457 1380 537; x_wconf 73' lang='grc' dir='ltr'>βασιλίδα</span> <span class='ocrx_word' id='word_1_12' title='bbox 1421 460 1746 520; x_wconf 81' lang='grc' dir='ltr'>καταλαϐεῖν</span> <span class='ocrx_word' id='word_1_13' title='bbox 1778 468 1881 521; x_wconf 81' lang='grc' dir='ltr'><strong>τῶν</strong></span> <span class='ocrx_word' id='word_1_14' title='bbox 1929 463 2025 521; x_wconf 89' lang='grc' dir='ltr'>πό-</span> 
     </span>
    </p>
   </div>
   <div class='ocr_carea' id='block_1_3' title="bbox 2113 456 3765 545">
    <p class='ocr_par' dir='ltr' id='par_1_3' title="bbox 2121 461 3765 545">
     <span class='ocr_line' id='line_1_3' title="bbox 2121 461 3765 545; baseline 0.005 -20"><span class='ocrx_word' id='word_1_15' title='bbox 2121 463 2497 544; x_wconf 86' lang='lat' dir='ltr'><strong>Simeon,qui</strong></span> <span class='ocrx_word' id='word_1_16' title='bbox 2516 461 2765 543; x_wconf 89' lang='lat' dir='ltr'><strong>jubebat</strong></span> <span class='ocrx_word' id='word_1_17' title='bbox 2787 482 2924 527; x_wconf 89' lang='lat' dir='ltr'><strong>eum</strong></span> <span class='ocrx_word' id='word_1_18' title='bbox 2953 461 3497 545; x_wconf 81' lang='lat' dir='ltr'><strong>frequentissimam</strong></span> <span class='ocrx_word' id='word_1_19' title='bbox 3522 477 3581 530; x_wconf 91' lang='lat' dir='ltr'><strong>et</strong></span> <span class='ocrx_word' id='word_1_20' title='bbox 3602 471 3765 534; x_wconf 87' lang='lat' dir='ltr'><strong>civi-</strong></span> 
     </span>
    </p>
   </div>
   <div class='ocr_carea' id='block_1_4' title="bbox 381 545 2025 633">
    <p class='ocr_par' dir='ltr' id='par_1_4' title="bbox 381 545 2025 630">
     <span class='ocr_line' id='line_1_4' title="bbox 381 545 2025 630; baseline 0.002 -27"><span class='ocrx_word' id='word_1_21' title='bbox 381 545 543 618; x_wconf 84' lang='grc' dir='ltr'>λεων,</span> <span class='ocrx_word' id='word_1_22' title='bbox 578 546 672 604; x_wconf 78' lang='grc' dir='ltr'><strong>ἵνα</strong></span> <span class='ocrx_word' id='word_1_23' title='bbox 704 549 788 605; x_wconf 86' lang='grc' dir='ltr'><strong>καὶ</strong></span> <span class='ocrx_word' id='word_1_24' title='bbox 819 547 1043 615; x_wconf 77' lang='grc' dir='ltr'><strong>πολλοῖς</strong></span> <span class='ocrx_word' id='word_1_25' title='bbox 1074 547 1192 613; x_wconf 82' lang='grc' dir='ltr'>ὁδὸς</span> <span class='ocrx_word' id='word_1_26' title='bbox 1237 551 1384 615; x_wconf 74' lang='grc' dir='ltr'>οὗτος</span> <span class='ocrx_word' id='word_1_27' title='bbox 1416 552 1547 628; x_wconf 84' lang='grc' dir='ltr'>πρὸς</span> <span class='ocrx_word' id='word_1_28' title='bbox 1577 553 1838 628; x_wconf 83' lang='grc' dir='ltr'>σωτηρίαν</span> <span class='ocrx_word' id='word_1_29' title='bbox 1869 553 2025 630; x_wconf 86' lang='grc' dir='ltr'>γένη-</span> 
     </span>
    </p>
   </div>
   <div class='ocr_carea' id='block_1_5' title="bbox 2113 545 3765 633">
    <p class='ocr_par' dir='ltr' id='par_1_5' title="bbox 2126 552 3765 633">
     <span class='ocr_line' id='line_1_5' title="bbox 2126 552 3765 633; baseline 0.005 -21"><span class='ocrx_word' id='word_1_30' title='bbox 2126 561 2307 614; x_wconf 89' lang='lat' dir='ltr'><strong>tatum</strong></span> <span class='ocrx_word' id='word_1_31' title='bbox 2331 552 2598 630; x_wconf 84' lang='lat' dir='ltr'><strong>reginam</strong></span> <span class='ocrx_word' id='word_1_32' title='bbox 2624 552 2793 614; x_wconf 87' lang='lat' dir='ltr'><strong>adire</strong></span> <span class='ocrx_word' id='word_1_33' title='bbox 2824 552 3149 633; x_wconf 89' lang='lat' dir='ltr'><strong>civitatem,</strong></span> <span class='ocrx_word' id='word_1_34' title='bbox 3182 562 3247 614; x_wconf 90' lang='lat' dir='ltr'><strong>nt</strong></span> <span class='ocrx_word' id='word_1_35' title='bbox 3271 555 3396 617; x_wconf 64' lang='lat' dir='ltr'><strong>haec</strong></span> <span class='ocrx_word' id='word_1_36' title='bbox 3424 567 3585 618; x_wconf 90' lang='lat' dir='ltr'><strong>esset</strong></span> <span class='ocrx_word' id='word_1_37' title='bbox 3608 560 3765 621; x_wconf 89' lang='lat' dir='ltr'><strong>mul-</strong></span> 
     </span>
    </p>
   </div>
   <div class='ocr_carea' id='block_1_6' title="bbox 383 636 2025 719">
    <p class='ocr_par' dir='ltr' id='par_1_6' title="bbox 383 636 2025 715">
     <span class='ocr_line' id='line_1_6' title="bbox 383 636 2025 715; baseline 0.002 -23"><span class='ocrx_word' id='word_1_38' title='bbox 383 658 492 698; x_wconf 87' lang='grc' dir='ltr'>ται.</span> <span class='ocrx_word' id='word_1_39' title='bbox 560 636 726 702; x_wconf 78' lang='grc' dir='ltr'>Δόξαν</span> <span class='ocrx_word' id='word_1_40' title='bbox 773 647 861 697; x_wconf 88' lang='grc' dir='ltr'><strong>οῦν</strong></span> <span class='ocrx_word' id='word_1_41' title='bbox 916 639 1055 695; x_wconf 77' lang='grc' dir='ltr'>οὒτώ</span> <span class='ocrx_word' id='word_1_42' title='bbox 1083 660 1259 695; x_wconf 89' lang='grc' dir='ltr'>ποιειν</span> <span class='ocrx_word' id='word_1_43' title='bbox 1308 638 1495 715; x_wconf 82' lang='grc' dir='ltr'>μηδενὶ</span> <span class='ocrx_word' id='word_1_44' title='bbox 1550 638 1719 714; x_wconf 79' lang='grc' dir='ltr'>μηδὲν</span> <span class='ocrx_word' id='word_1_45' title='bbox 1748 643 1776 696; x_wconf 73' lang='grc' dir='ltr'>ὁ</span> <span class='ocrx_word' id='word_1_46' title='bbox 1836 639 2025 708; x_wconf 75' lang='grc' dir='ltr'>Δανιὴλ</span> 
     </span>
    </p>
   </div>
   <div class='ocr_carea' id='block_1_7' title="bbox 2113 636 3768 719">
    <p class='ocr_par' dir='ltr' id='par_1_7' title="bbox 2120 640 3768 719">
     <span class='ocr_line' id='line_1_7' title="bbox 2120 640 3768 719; baseline 0.005 -18"><span class='ocrx_word' id='word_1_47' title='bbox 2120 641 2195 701; x_wconf 91' lang='lat' dir='ltr'><strong>tis</strong></span> <span class='ocrx_word' id='word_1_48' title='bbox 2226 642 2313 702; x_wconf 89' lang='lat' dir='ltr'><strong>via</strong></span> <span class='ocrx_word' id='word_1_49' title='bbox 2363 641 2435 701; x_wconf 88' lang='lat' dir='ltr'><strong>ad</strong></span> <span class='ocrx_word' id='word_1_50' title='bbox 2466 641 2745 703; x_wconf 89' lang='lat' dir='ltr'><strong>salutem.</strong></span> <span class='ocrx_word' id='word_1_51' title='bbox 2790 644 2936 705; x_wconf 87' lang='lat' dir='ltr'><strong>Cum</strong></span> <span class='ocrx_word' id='word_1_52' title='bbox 2970 660 3113 719; x_wconf 85' lang='lat' dir='ltr'><strong>ergo</strong></span> <span class='ocrx_word' id='word_1_53' title='bbox 3164 640 3249 704; x_wconf 90' lang='lat' dir='ltr'><strong>sic</strong></span> <span class='ocrx_word' id='word_1_54' title='bbox 3279 642 3336 705; x_wconf 91' lang='lat' dir='ltr'><strong>ei</strong></span> <span class='ocrx_word' id='word_1_55' title='bbox 3372 643 3557 706; x_wconf 87' lang='lat' dir='ltr'><strong>visum</strong></span> <span class='ocrx_word' id='word_1_56' title='bbox 3609 657 3768 710; x_wconf 90' lang='lat' dir='ltr'><strong>esset</strong></span> 
     </span>
    </p>
   </div>
   <div class='ocr_carea' id='block_1_8' title="bbox 373 724 2033 804">
    <p class='ocr_par' dir='ltr' id='par_1_8' title="bbox 373 724 2033 804">
     <span class='ocr_line' id='line_1_8' title="bbox 373 724 2033 804; baseline 0.004 -24"><span class='ocrx_word' id='word_1_57' title='bbox 373 725 632 801; x_wconf 54' lang='grc' dir='ltr'>εἰρηκώς</span> <span class='ocrx_word' id='word_1_58' title='bbox 692 726 807 783; x_wconf 81' lang='grc' dir='ltr'>ἐπεὶ</span> <span class='ocrx_word' id='word_1_59' title='bbox 858 724 911 782; x_wconf 81' lang='grc' dir='ltr'>δὲ</span> <span class='ocrx_word' id='word_1_60' title='bbox 970 729 1063 790; x_wconf 82' lang='grc' dir='ltr'>τὰς</span> <span class='ocrx_word' id='word_1_61' title='bbox 1120 729 1419 804; x_wconf 78' lang='grc' dir='ltr'><strong>νυκτερινὰς</strong></span> <span class='ocrx_word' id='word_1_62' title='bbox 1470 727 1597 804; x_wconf 72' lang='grc' dir='ltr'>ᾖσεν</span> <span class='ocrx_word' id='word_1_63' title='bbox 1652 727 1789 804; x_wconf 79' lang='grc' dir='ltr'>ᾠδὰς</span> <span class='ocrx_word' id='word_1_64' title='bbox 1838 752 2033 786; x_wconf 84' lang='grc' dir='ltr'>συντα-</span> 
     </span>
    </p>
   </div>
   <div class='ocr_carea' id='block_1_9' title="bbox 373 811 2031 886">
    <p class='ocr_par' dir='ltr' id='par_1_9' title="bbox 373 811 2031 886">
     <span class='ocr_line' id='line_1_9' title="bbox 373 811 2031 886; baseline 0.003 -18"><span class='ocrx_word' id='word_1_65' title='bbox 373 811 598 886; x_wconf 78' lang='grc' dir='ltr'><strong>ξάμενος</strong></span> <span class='ocrx_word' id='word_1_66' title='bbox 678 822 802 872; x_wconf 84' lang='grc' dir='ltr'>πᾶσι</span> <span class='ocrx_word' id='word_1_67' title='bbox 861 817 949 872; x_wconf 81' lang='grc' dir='ltr'><strong>καὶ</strong></span> <span class='ocrx_word' id='word_1_68' title='bbox 1023 815 1244 882; x_wconf 82' lang='grc' dir='ltr'>ἐξελθων</span> <span class='ocrx_word' id='word_1_69' title='bbox 1312 816 1397 873; x_wconf 85' lang='grc' dir='ltr'><strong>ἐπὶ</strong></span> <span class='ocrx_word' id='word_1_70' title='bbox 1465 817 1565 884; x_wconf 73' lang='grc' dir='ltr'>τὴν</span> <span class='ocrx_word' id='word_1_71' title='bbox 1638 819 2031 875; x_wconf 77' lang='grc' dir='ltr'>Κωνσταντίνου</span> 
     </span>
    </p>
   </div>
   <div class='ocr_carea' id='block_1_10' title="bbox 374 901 2034 984">
    <p class='ocr_par' dir='ltr' id='par_1_10' title="bbox 374 901 2034 984">
     <span class='ocr_line' id='line_1_10' title="bbox 374 901 2034 984; baseline 0.002 -27"><span class='ocrx_word' id='word_1_72' title='bbox 374 901 536 958; x_wconf 74' lang='grc' dir='ltr'>πόλιν</span> <span class='ocrx_word' id='word_1_73' title='bbox 597 902 892 967; x_wconf 70' lang='grc' dir='ltr'><strong>σπουδαίως</strong></span> <span class='ocrx_word' id='word_1_74' title='bbox 955 904 1174 984; x_wconf 77' lang='grc' dir='ltr'><strong>ἐχώρει,</strong></span> <span class='ocrx_word' id='word_1_75' title='bbox 1219 907 1306 960; x_wconf 90' lang='grc' dir='ltr'><strong>καὶ</strong></span> <span class='ocrx_word' id='word_1_76' title='bbox 1363 905 1499 961; x_wconf 83' lang='grc' dir='ltr'>κατὰ</span> <span class='ocrx_word' id='word_1_77' title='bbox 1552 907 1643 961; x_wconf 71' lang='grc' dir='ltr'><strong>τὸν</strong></span> <span class='ocrx_word' id='word_1_78' title='bbox 1695 915 1787 964; x_wconf 89' lang='grc' dir='ltr'><strong>τοῦ</strong></span> <span class='ocrx_word' id='word_1_79' title='bbox 1836 905 2034 962; x_wconf 78' lang='grc' dir='ltr'><strong>Πόντου</strong></span> 
     </span>
    </p>
   </div>
   <div class='ocr_carea' id='block_1_11' title="bbox 380 990 2031 1074">
    <p class='ocr_par' dir='ltr' id='par_1_11' title="bbox 380 990 2031 1074">
     <span class='ocr_line' id='line_1_11' title="bbox 380 990 2031 1074; baseline 0.002 -28"><span class='ocrx_word' id='word_1_80' title='bbox 380 990 639 1047; x_wconf 75' lang='grc' dir='ltr'>εἴσπλουν</span> <span class='ocrx_word' id='word_1_81' title='bbox 682 993 968 1069; x_wconf 86' lang='grc' dir='ltr'>γενόμενον</span> <span class='ocrx_word' id='word_1_82' title='bbox 1012 995 1039 1049; x_wconf 89' lang='grc' dir='ltr'>ὀ</span> <span class='ocrx_word' id='word_1_83' title='bbox 1069 1000 1162 1050; x_wconf 90' lang='grc' dir='ltr'><strong>τοῦ</strong></span> <span class='ocrx_word' id='word_1_84' title='bbox 1188 993 1621 1073; x_wconf 72' lang='grc' dir='ltr'>ἀρχιστρατήγου</span> <span class='ocrx_word' id='word_1_85' title='bbox 1653 992 1878 1074; x_wconf 79' lang='grc' dir='ltr'><strong>Μιχαὴλ</strong></span> <span class='ocrx_word' id='word_1_86' title='bbox 1908 997 2031 1058; x_wconf 82' lang='grc' dir='ltr'>ναὸς</span> 
     </span>
    </p>
   </div>
   <div class='ocr_carea' id='block_1_12' title="bbox 379 1078 2031 1162">
    <p class='ocr_par' dir='ltr' id='par_1_12' title="bbox 379 1078 2031 1162">
     <span class='ocr_line' id='line_1_12' title="bbox 379 1078 2031 1162; baseline 0.002 -27"><span class='ocrx_word' id='word_1_87' title='bbox 379 1080 537 1135; x_wconf 80' lang='grc' dir='ltr'>αὖτὸν</span> <span class='ocrx_word' id='word_1_88' title='bbox 587 1078 932 1160; x_wconf 74' lang='grc' dir='ltr'>ὑποδέχεται,</span> <span class='ocrx_word' id='word_1_89' title='bbox 992 1080 1049 1146; x_wconf 76' lang='grc' dir='ltr'>ὃς</span> <span class='ocrx_word' id='word_1_90' title='bbox 1120 1085 1237 1139; x_wconf 69' lang='grc' dir='ltr'>εκεῖ</span> <span class='ocrx_word' id='word_1_91' title='bbox 1293 1080 1471 1146; x_wconf 83' lang='grc' dir='ltr'>καλῶς</span> <span class='ocrx_word' id='word_1_92' title='bbox 1522 1081 1754 1162; x_wconf 64' lang='grc' dir='ltr'>ἵδρυται,</span> <span class='ocrx_word' id='word_1_93' title='bbox 1815 1083 1901 1139; x_wconf 87' lang='grc' dir='ltr'>καὶ</span> <span class='ocrx_word' id='word_1_94' title='bbox 1958 1085 2031 1147; x_wconf 77' lang='grc' dir='ltr'><strong>εἰς</strong></span> 
     </span>
    </p>
   </div>
   <div class='ocr_carea' id='block_1_13' title="bbox 377 1169 2029 1251">
    <p class='ocr_par' dir='ltr' id='par_1_13' title="bbox 377 1169 2029 1251">
     <span class='ocr_line' id='line_1_13' title="bbox 377 1169 2029 1251; baseline 0.002 -29"><span class='ocrx_word' id='word_1_95' title='bbox 377 1169 582 1245; x_wconf 75' lang='grc' dir='ltr'>ἡμέρας</span> <span class='ocrx_word' id='word_1_96' title='bbox 642 1169 802 1247; x_wconf 71' lang='grc' dir='ltr'>εἶχεν</span> <span class='ocrx_word' id='word_1_97' title='bbox 861 1169 1017 1233; x_wconf 77' lang='grc' dir='ltr'>ἑπτά,</span> <span class='ocrx_word' id='word_1_98' title='bbox 1078 1169 1332 1234; x_wconf 75' lang='grc' dir='ltr'>Ἀκούσας</span> <span class='ocrx_word' id='word_1_99' title='bbox 1412 1170 1466 1227; x_wconf 73' lang='grc' dir='ltr'>δὲ</span> <span class='ocrx_word' id='word_1_100' title='bbox 1540 1172 1701 1228; x_wconf 79' lang='grc' dir='ltr'>τινῶν</span> <span class='ocrx_word' id='word_1_101' title='bbox 1759 1173 1847 1227; x_wconf 88' lang='grc' dir='ltr'><strong>καὶ</strong></span> <span class='ocrx_word' id='word_1_102' title='bbox 1903 1171 2029 1251; x_wconf 85' lang='grc' dir='ltr'><strong>περί</strong></span> 
     </span>
    </p>
   </div>
   <div class='ocr_carea' id='block_1_14' title="bbox 377 1257 2033 1337">
    <p class='ocr_par' dir='ltr' id='par_1_14' title="bbox 377 1257 2033 1337">
     <span class='ocr_line' id='line_1_14' title="bbox 377 1257 2033 1337; baseline 0.005 -27"><span class='ocrx_word' id='word_1_103' title='bbox 377 1265 508 1315; x_wconf 90' lang='grc' dir='ltr'>ναοῦ</span> <span class='ocrx_word' id='word_1_104' title='bbox 563 1257 741 1334; x_wconf 79' lang='grc' dir='ltr'>ἑτέρου</span> <span class='ocrx_word' id='word_1_105' title='bbox 799 1257 1064 1336; x_wconf 84' lang='grc' dir='ltr'>λεγόντον</span> <span class='ocrx_word' id='word_1_106' title='bbox 1119 1259 1175 1324; x_wconf 78' lang='grc' dir='ltr'><strong>’ὃς</strong></span> <span class='ocrx_word' id='word_1_107' title='bbox 1233 1258 1521 1337; x_wconf 77' lang='grc' dir='ltr'><strong>κατωτέρω</strong></span> <span class='ocrx_word' id='word_1_108' title='bbox 1584 1259 1684 1333; x_wconf 78' lang='grc' dir='ltr'>μὲν</span> <span class='ocrx_word' id='word_1_109' title='bbox 1743 1267 1836 1315; x_wconf 85' lang='grc' dir='ltr'><strong>τοῦ</strong></span> <span class='ocrx_word' id='word_1_110' title='bbox 1894 1263 2033 1337; x_wconf 87' lang='grc' dir='ltr'>ἱεροῦ</span> 
     </span>
    </p>
   </div>
   <div class='ocr_carea' id='block_1_15' title="bbox 374 1345 2031 1425">
    <p class='ocr_par' dir='ltr' id='par_1_15' title="bbox 374 1345 2031 1425">
     <span class='ocr_line' id='line_1_15' title="bbox 374 1345 2031 1425; baseline 0.001 -25"><span class='ocrx_word' id='word_1_111' title='bbox 374 1345 710 1421; x_wconf 76' lang='grc' dir='ltr'>καλουμένου</span> <span class='ocrx_word' id='word_1_112' title='bbox 765 1345 1009 1421; x_wconf 72' lang='grc' dir='ltr'>διέκειτο,</span> <span class='ocrx_word' id='word_1_113' title='bbox 1076 1348 1103 1403; x_wconf 88' lang='grc' dir='ltr'>ὀ</span> <span class='ocrx_word' id='word_1_114' title='bbox 1171 1345 1225 1403; x_wconf 82' lang='grc' dir='ltr'>δὲ</span> <span class='ocrx_word' id='word_1_115' title='bbox 1294 1349 1458 1412; x_wconf 82' lang='grc' dir='ltr'>τόπος</span> <span class='ocrx_word' id='word_1_116' title='bbox 1531 1346 1668 1405; x_wconf 76' lang='grc' dir='ltr'>οὕτω</span> <span class='ocrx_word' id='word_1_117' title='bbox 1726 1349 1870 1425; x_wconf 81' lang='grc' dir='ltr'>παρὰ</span> <span class='ocrx_word' id='word_1_118' title='bbox 1924 1355 2031 1405; x_wconf 75' lang='grc' dir='ltr'>τῶν</span> 
     </span>
    </p>
   </div>
   <div class='ocr_carea' id='block_1_16' title="bbox 372 1434 2030 1515">
    <p class='ocr_par' dir='ltr' id='par_1_16' title="bbox 372 1434 2030 1515">
     <span class='ocr_line' id='line_1_16' title="bbox 372 1434 2030 1515; baseline 0.002 -26"><span class='ocrx_word' id='word_1_119' title='bbox 372 1434 656 1515; x_wconf 82' lang='grc' dir='ltr'>ὲθχωρίων</span> <span class='ocrx_word' id='word_1_120' title='bbox 711 1434 1036 1512; x_wconf 75' lang='grc' dir='ltr'>φιλέμπορος</span> <span class='ocrx_word' id='word_1_121' title='bbox 1095 1436 1421 1511; x_wconf 75' lang='grc' dir='ltr'>ᾠνομᾶζετο,</span> <span class='ocrx_word' id='word_1_122' title='bbox 1467 1437 1554 1493; x_wconf 78' lang='grc' dir='ltr'><strong>καὶ</strong></span> <span class='ocrx_word' id='word_1_123' title='bbox 1613 1438 1792 1512; x_wconf 86' lang='grc' dir='ltr'>μαθὼν</span> <span class='ocrx_word' id='word_1_124' title='bbox 1837 1436 1918 1493; x_wconf 83' lang='grc' dir='ltr'><strong>ὅτι</strong></span> <span class='ocrx_word' id='word_1_125' title='bbox 1975 1459 2030 1493; x_wconf 90' lang='grc' dir='ltr'><strong>τε</strong></span> 
     </span>
    </p>
   </div>
   <div class='ocr_carea' id='block_1_17' title="bbox 371 1523 2032 1601">
    <p class='ocr_par' dir='ltr' id='par_1_17' title="bbox 371 1523 2032 1601">
     <span class='ocr_line' id='line_1_17' title="bbox 371 1523 2032 1601; baseline -0.001 -21"><span class='ocrx_word' id='word_1_126' title='bbox 371 1525 428 1580; x_wconf 80' lang='grc' dir='ltr'>ἐν</span> <span class='ocrx_word' id='word_1_127' title='bbox 492 1526 632 1597; x_wconf 75' lang='grc' dir='ltr'>αὒτῷ</span> <span class='ocrx_word' id='word_1_128' title='bbox 689 1533 991 1582; x_wconf 80' lang='grc' dir='ltr'>κατοικοῦσι</span> <span class='ocrx_word' id='word_1_129' title='bbox 1049 1525 1325 1600; x_wconf 83' lang='grc' dir='ltr'>πνεύματα</span> <span class='ocrx_word' id='word_1_130' title='bbox 1378 1526 1606 1601; x_wconf 74' lang='grc' dir='ltr'>πονηρὰ,</span> <span class='ocrx_word' id='word_1_131' title='bbox 1663 1527 1752 1582; x_wconf 81' lang='grc' dir='ltr'><strong>καὶ</strong></span> <span class='ocrx_word' id='word_1_132' title='bbox 1805 1524 1884 1581; x_wconf 85' lang='grc' dir='ltr'><strong>ὅτι</strong></span> <span class='ocrx_word' id='word_1_133' title='bbox 1943 1523 2032 1584; x_wconf 86' lang='grc' dir='ltr'><strong>καὶ</strong></span> 
     </span>
    </p>
   </div>
   <div class='ocr_carea' id='block_1_18' title="bbox 366 1613 2028 1691">
    <p class='ocr_par' dir='ltr' id='par_1_18' title="bbox 366 1613 2028 1691">
     <span class='ocr_line' id='line_1_18' title="bbox 366 1613 2028 1691; baseline 0.001 -22"><span class='ocrx_word' id='word_1_134' title='bbox 366 1613 633 1675; x_wconf 76' lang='grc' dir='ltr'>πλέοντας</span> <span class='ocrx_word' id='word_1_135' title='bbox 690 1614 831 1671; x_wconf 78' lang='grc' dir='ltr'>ἔστιν</span> <span class='ocrx_word' id='word_1_136' title='bbox 886 1613 973 1670; x_wconf 80' lang='grc' dir='ltr'><strong>ὅτε</strong></span> <span class='ocrx_word' id='word_1_137' title='bbox 1022 1615 1302 1691; x_wconf 78' lang='grc' dir='ltr'>βυθίζουσι,</span> <span class='ocrx_word' id='word_1_138' title='bbox 1351 1616 1439 1670; x_wconf 85' lang='grc' dir='ltr'>καὶ</span> <span class='ocrx_word' id='word_1_139' title='bbox 1481 1627 1597 1680; x_wconf 80' lang='grc' dir='ltr'>τοῖς</span> <span class='ocrx_word' id='word_1_140' title='bbox 1655 1613 2028 1686; x_wconf 78' lang='grc' dir='ltr'>παροδεύουσιν</span> 
     </span>
    </p>
   </div>
   <div class='ocr_carea' id='block_1_19' title="bbox 2118 729 3764 815">
    <p class='ocr_par' dir='ltr' id='par_1_19' title="bbox 2118 729 3764 815">
     <span class='ocr_line' id='line_1_19' title="bbox 2118 729 3764 815; baseline 0.005 -26"><span class='ocrx_word' id='word_1_141' title='bbox 2118 730 2341 808; x_wconf 83' lang='lat' dir='ltr'><strong>facere,</strong></span> <span class='ocrx_word' id='word_1_142' title='bbox 2374 748 2569 810; x_wconf 90' lang='lat' dir='ltr'><strong>neque</strong></span> <span class='ocrx_word' id='word_1_143' title='bbox 2621 730 2727 791; x_wconf 89' lang='lat' dir='ltr'><strong>ulli</strong></span> <span class='ocrx_word' id='word_1_144' title='bbox 2775 730 3099 811; x_wconf 84' lang='lat' dir='ltr'><strong>quidquam</strong></span> <span class='ocrx_word' id='word_1_145' title='bbox 3156 729 3426 813; x_wconf 82' lang='lat' dir='ltr'><strong>dixisset,</strong></span> <span class='ocrx_word' id='word_1_146' title='bbox 3455 742 3764 815; x_wconf 77' lang='lat' dir='ltr'><strong>postquam</strong></span> 
     </span>
    </p>
   </div>
   <div class='ocr_carea' id='block_1_20' title="bbox 2117 817 3766 903">
    <p class='ocr_par' dir='ltr' id='par_1_20' title="bbox 2117 817 3766 903">
     <span class='ocr_line' id='line_1_20' title="bbox 2117 817 3766 903; baseline 0.004 -25"><span class='ocrx_word' id='word_1_147' title='bbox 2117 827 2409 879; x_wconf 89' lang='lat' dir='ltr'><strong>nocturna</strong></span> <span class='ocrx_word' id='word_1_148' title='bbox 2460 817 2681 880; x_wconf 85' lang='lat' dir='ltr'><strong>cecinit</strong></span> <span class='ocrx_word' id='word_1_149' title='bbox 2725 818 2976 893; x_wconf 88' lang='lat' dir='ltr'><strong>cantica,</strong></span> <span class='ocrx_word' id='word_1_150' title='bbox 3012 818 3289 882; x_wconf 89' lang='lat' dir='ltr'><strong>omnibus</strong></span> <span class='ocrx_word' id='word_1_151' title='bbox 3342 821 3542 884; x_wconf 88' lang='lat' dir='ltr'><strong>valere</strong></span> <span class='ocrx_word' id='word_1_152' title='bbox 3581 824 3766 903; x_wconf 78' lang='lat' dir='ltr'><strong>jussis</strong></span> 
     </span>
    </p>
   </div>
   <div class='ocr_carea' id='block_1_21' title="bbox 2116 906 3762 992">
    <p class='ocr_par' dir='ltr' id='par_1_21' title="bbox 2116 906 3762 992">
     <span class='ocr_line' id='line_1_21' title="bbox 2116 906 3762 992; baseline 0.004 -26"><span class='ocrx_word' id='word_1_153' title='bbox 2116 923 2413 982; x_wconf 85' lang='lat' dir='ltr'><strong>egressus,</strong></span> <span class='ocrx_word' id='word_1_154' title='bbox 2452 925 2706 987; x_wconf 82' lang='lat' dir='ltr'><strong>propere</strong></span> <span class='ocrx_word' id='word_1_155' title='bbox 2734 906 3137 970; x_wconf 84' lang='lat' dir='ltr'><strong>contendebat</strong></span> <span class='ocrx_word' id='word_1_156' title='bbox 3167 910 3762 992; x_wconf 85' lang='lat' dir='ltr'><strong>Constantinopolim,</strong></span> 
     </span>
    </p>
   </div>
   <div class='ocr_carea' id='block_1_22' title="bbox 2119 992 3764 1074">
    <p class='ocr_par' dir='ltr' id='par_1_22' title="bbox 2119 992 3764 1074">
     <span class='ocr_line' id='line_1_22' title="bbox 2119 992 3764 1074; baseline 0.006 -21"><span class='ocrx_word' id='word_1_157' title='bbox 2119 1001 2178 1053; x_wconf 83' lang='lat' dir='ltr'><strong>et</strong></span> <span class='ocrx_word' id='word_1_158' title='bbox 2218 1012 2353 1053; x_wconf 90' lang='lat' dir='ltr'><strong>cum</strong></span> <span class='ocrx_word' id='word_1_159' title='bbox 2385 992 2445 1054; x_wconf 93' lang='lat' dir='ltr'><strong>in</strong></span> <span class='ocrx_word' id='word_1_160' title='bbox 2475 993 2691 1054; x_wconf 88' lang='lat' dir='ltr'><strong>ostium</strong></span> <span class='ocrx_word' id='word_1_161' title='bbox 2724 995 2895 1056; x_wconf 91' lang='lat' dir='ltr'><strong>Ponti</strong></span> <span class='ocrx_word' id='word_1_162' title='bbox 2945 1004 3104 1057; x_wconf 80' lang='lat' dir='ltr'><strong>esset</strong></span> <span class='ocrx_word' id='word_1_163' title='bbox 3132 997 3462 1074; x_wconf 84' lang='lat' dir='ltr'><strong>ingressus,</strong></span> <span class='ocrx_word' id='word_1_164' title='bbox 3495 1017 3629 1061; x_wconf 91' lang='lat' dir='ltr'><strong>eum</strong></span> <span class='ocrx_word' id='word_1_165' title='bbox 3657 1019 3764 1062; x_wconf 80' lang='lat' dir='ltr'><strong>ex-</strong></span> 
     </span>
    </p>
   </div>
   <div class='ocr_carea' id='block_1_23' title="bbox 2118 1081 3764 1169">
    <p class='ocr_par' dir='ltr' id='par_1_23' title="bbox 2118 1081 3764 1169">
     <span class='ocr_line' id='line_1_23' title="bbox 2118 1081 3764 1169; baseline 0.009 -32"><span class='ocrx_word' id='word_1_166' title='bbox 2118 1081 2261 1169; x_wconf 86' lang='lat' dir='ltr'><strong>cipit</strong></span> <span class='ocrx_word' id='word_1_167' title='bbox 2304 1081 2591 1160; x_wconf 87' lang='lat' dir='ltr'><strong>templum</strong></span> <span class='ocrx_word' id='word_1_168' title='bbox 2626 1081 2935 1144; x_wconf 84' lang='lat' dir='ltr'><strong>Michaelis</strong></span> <span class='ocrx_word' id='word_1_169' title='bbox 2984 1083 3210 1147; x_wconf 66' lang='lat' dir='ltr'><strong>militiae</strong></span> <span class='ocrx_word' id='word_1_170' title='bbox 3261 1086 3569 1167; x_wconf 87' lang='lat' dir='ltr'><strong>principis,</strong></span> <span class='ocrx_word' id='word_1_171' title='bbox 3604 1090 3764 1169; x_wconf 90' lang='lat' dir='ltr'><strong>quod</strong></span> 
     </span>
    </p>
   </div>
   <div class='ocr_carea' id='block_1_24' title="bbox 2115 1168 3765 1253">
    <p class='ocr_par' dir='ltr' id='par_1_24' title="bbox 2115 1168 3765 1253">
     <span class='ocr_line' id='line_1_24' title="bbox 2115 1168 3765 1253; baseline 0.007 -25"><span class='ocrx_word' id='word_1_172' title='bbox 2115 1168 2236 1231; x_wconf 88' lang='lat' dir='ltr'><strong>illic</strong></span> <span class='ocrx_word' id='word_1_173' title='bbox 2267 1169 2514 1249; x_wconf 83' lang='lat' dir='ltr'><strong>pulchre</strong></span> <span class='ocrx_word' id='word_1_174' title='bbox 2546 1177 2636 1231; x_wconf 92' lang='lat' dir='ltr'><strong>est</strong></span> <span class='ocrx_word' id='word_1_175' title='bbox 2676 1169 2969 1250; x_wconf 88' lang='lat' dir='ltr'><strong>positum;</strong></span> <span class='ocrx_word' id='word_1_176' title='bbox 3004 1181 3063 1235; x_wconf 90' lang='lat' dir='ltr'><strong>et</strong></span> <span class='ocrx_word' id='word_1_177' title='bbox 3088 1182 3317 1253; x_wconf 85' lang='lat' dir='ltr'><strong>septem</strong></span> <span class='ocrx_word' id='word_1_178' title='bbox 3350 1172 3471 1235; x_wconf 89' lang='lat' dir='ltr'><strong>illic</strong></span> <span class='ocrx_word' id='word_1_179' title='bbox 3513 1168 3641 1237; x_wconf 86' lang='lat' dir='ltr'><strong>dies</strong></span> <span class='ocrx_word' id='word_1_180' title='bbox 3674 1187 3765 1239; x_wconf 89' lang='lat' dir='ltr'><strong>est</strong></span> 
     </span>
    </p>
   </div>
   <div class='ocr_carea' id='block_1_25' title="bbox 2112 1260 3763 1344">
    <p class='ocr_par' dir='ltr' id='par_1_25' title="bbox 2112 1260 3763 1344">
     <span class='ocr_line' id='line_1_25' title="bbox 2112 1260 3763 1344; baseline 0.007 -27"><span class='ocrx_word' id='word_1_181' title='bbox 2112 1267 2402 1319; x_wconf 75' lang='lat' dir='ltr'><strong>versatus.</strong></span> <span class='ocrx_word' id='word_1_182' title='bbox 2447 1260 2597 1321; x_wconf 89' lang='lat' dir='ltr'><strong>Cum</strong></span> <span class='ocrx_word' id='word_1_183' title='bbox 2631 1269 2829 1320; x_wconf 88' lang='lat' dir='ltr'><strong>autem</strong></span> <span class='ocrx_word' id='word_1_184' title='bbox 2863 1260 3186 1323; x_wconf 79' lang='lat' dir='ltr'><strong>audivisset</strong></span> <span class='ocrx_word' id='word_1_185' title='bbox 3213 1263 3440 1344; x_wconf 89' lang='lat' dir='ltr'><strong>aliquos</strong></span> <span class='ocrx_word' id='word_1_186' title='bbox 3491 1264 3763 1328; x_wconf 85' lang='lat' dir='ltr'><strong>dicentes</strong></span> 
     </span>
    </p>
   </div>
   <div class='ocr_carea' id='block_1_26' title="bbox 2114 1347 3759 1435">
    <p class='ocr_par' dir='ltr' id='par_1_26' title="bbox 2114 1347 3759 1435">
     <span class='ocr_line' id='line_1_26' title="bbox 2114 1347 3759 1435; baseline 0.007 -28"><span class='ocrx_word' id='word_1_187' title='bbox 2114 1347 2187 1408; x_wconf 90' lang='lat' dir='ltr'><strong>de</strong></span> <span class='ocrx_word' id='word_1_188' title='bbox 2211 1348 2322 1409; x_wconf 90' lang='lat' dir='ltr'><strong>alio</strong></span> <span class='ocrx_word' id='word_1_189' title='bbox 2353 1348 2598 1430; x_wconf 85' lang='lat' dir='ltr'><strong>templo.</strong></span> <span class='ocrx_word' id='word_1_190' title='bbox 2633 1349 2787 1430; x_wconf 90' lang='lat' dir='ltr'><strong>quod</strong></span> <span class='ocrx_word' id='word_1_191' title='bbox 2838 1350 3017 1412; x_wconf 90' lang='lat' dir='ltr'><strong>situm</strong></span> <span class='ocrx_word' id='word_1_192' title='bbox 3051 1352 3290 1432; x_wconf 90' lang='lat' dir='ltr'><strong>quidem</strong></span> <span class='ocrx_word' id='word_1_193' title='bbox 3333 1362 3461 1416; x_wconf 86' lang='lat' dir='ltr'><strong>erat</strong></span> <span class='ocrx_word' id='word_1_194' title='bbox 3490 1372 3669 1435; x_wconf 85' lang='lat' dir='ltr'><strong>supra</strong></span> <span class='ocrx_word' id='word_1_195' title='bbox 3698 1356 3759 1418; x_wconf 87' lang='lat' dir='ltr'><strong>id</strong></span> 
     </span>
    </p>
   </div>
   <div class='ocr_carea' id='block_1_27' title="bbox 2112 1436 3760 1522">
    <p class='ocr_par' dir='ltr' id='par_1_27' title="bbox 2112 1436 3760 1522">
     <span class='ocr_line' id='line_1_27' title="bbox 2112 1436 3760 1522; baseline 0.007 -26"><span class='ocrx_word' id='word_1_196' title='bbox 2112 1437 2267 1516; x_wconf 86' lang='lat' dir='ltr'><strong>quod</strong></span> <span class='ocrx_word' id='word_1_197' title='bbox 2297 1436 2516 1499; x_wconf 89' lang='lat' dir='ltr'><strong>dicitur</strong></span> <span class='ocrx_word' id='word_1_198' title='bbox 2545 1436 2796 1515; x_wconf 89' lang='lat' dir='ltr'><strong>Hieron,</strong></span> <span class='ocrx_word' id='word_1_199' title='bbox 2826 1439 2993 1502; x_wconf 90' lang='lat' dir='ltr'><strong>locus</strong></span> <span class='ocrx_word' id='word_1_200' title='bbox 3029 1458 3162 1503; x_wconf 86' lang='lat' dir='ltr'><strong>vero</strong></span> <span class='ocrx_word' id='word_1_201' title='bbox 3195 1441 3268 1503; x_wconf 89' lang='lat' dir='ltr'><strong>ab</strong></span> <span class='ocrx_word' id='word_1_202' title='bbox 3300 1442 3371 1503; x_wconf 91' lang='lat' dir='ltr'><strong>iis</strong></span> <span class='ocrx_word' id='word_1_203' title='bbox 3402 1443 3500 1522; x_wconf 91' lang='lat' dir='ltr'><strong>qui</strong></span> <span class='ocrx_word' id='word_1_204' title='bbox 3528 1444 3760 1507; x_wconf 90' lang='lat' dir='ltr'><strong>incole-</strong></span> 
     </span>
    </p>
   </div>
   <div class='ocr_carea' id='block_1_28' title="bbox 2115 1524 3756 1616">
    <p class='ocr_par' dir='ltr' id='par_1_28' title="bbox 2115 1524 3756 1616">
     <span class='ocr_line' id='line_1_28' title="bbox 2115 1524 3756 1616; baseline 0.007 -31"><span class='ocrx_word' id='word_1_205' title='bbox 2115 1524 2277 1616; x_wconf 89' lang='lat' dir='ltr'><strong>bant,</strong></span> <span class='ocrx_word' id='word_1_206' title='bbox 2314 1526 2656 1589; x_wconf 81' lang='lat' dir='ltr'><strong>nominatur</strong></span> <span class='ocrx_word' id='word_1_207' title='bbox 2704 1527 3172 1609; x_wconf 88' lang='lat' dir='ltr'><strong>Philemporus;</strong></span> <span class='ocrx_word' id='word_1_208' title='bbox 3234 1539 3454 1594; x_wconf 90' lang='lat' dir='ltr'><strong>etcum</strong></span> <span class='ocrx_word' id='word_1_209' title='bbox 3485 1535 3756 1616; x_wconf 88' lang='lat' dir='ltr'><strong>accepis-</strong></span> 
     </span>
    </p>
   </div>
   <div class='ocr_carea' id='block_1_29' title="bbox 2114 1615 3758 1703">
    <p class='ocr_par' dir='ltr' id='par_1_29' title="bbox 2114 1615 3758 1703">
     <span class='ocr_line' id='line_1_29' title="bbox 2114 1615 3758 1703; baseline 0.005 -27"><span class='ocrx_word' id='word_1_210' title='bbox 2114 1624 2202 1676; x_wconf 85' lang='lat' dir='ltr'><strong>set</strong></span> <span class='ocrx_word' id='word_1_211' title='bbox 2234 1615 2293 1675; x_wconf 89' lang='lat' dir='ltr'><strong>in</strong></span> <span class='ocrx_word' id='word_1_212' title='bbox 2327 1634 2396 1676; x_wconf 87' lang='lat' dir='ltr'><strong>ea</strong></span> <span class='ocrx_word' id='word_1_213' title='bbox 2431 1617 2619 1677; x_wconf 90' lang='lat' dir='ltr'><strong>malos</strong></span> <span class='ocrx_word' id='word_1_214' title='bbox 2651 1616 2920 1680; x_wconf 84' lang='lat' dir='ltr'><strong>habitare</strong></span> <span class='ocrx_word' id='word_1_215' title='bbox 2951 1618 3220 1698; x_wconf 86' lang='lat' dir='ltr'><strong>spiritus,</strong></span> <span class='ocrx_word' id='word_1_216' title='bbox 3247 1629 3306 1681; x_wconf 91' lang='lat' dir='ltr'><strong>et</strong></span> <span class='ocrx_word' id='word_1_217' title='bbox 3334 1615 3758 1703; x_wconf 85' lang='lat' dir='ltr'><strong>nonnunquam</strong></span> 
     </span>
    </p>
   </div>
   <div class='ocr_carea' id='block_1_30' title="bbox 366 1702 2025 1791">
    <p class='ocr_par' dir='ltr' id='par_1_30' title="bbox 366 1702 2025 1781">
     <span class='ocr_line' id='line_1_30' title="bbox 366 1702 2025 1781; baseline 0 -23"><span class='ocrx_word' id='word_1_218' title='bbox 366 1702 712 1780; x_wconf 59' lang='grc' dir='ltr'>ἐπιτίθενται,</span> <span class='ocrx_word' id='word_1_219' title='bbox 761 1704 849 1759; x_wconf 85' lang='grc' dir='ltr'><strong>καὶ</strong></span> <span class='ocrx_word' id='word_1_220' title='bbox 908 1716 1025 1765; x_wconf 71' lang='grc' dir='ltr'>τοῖς</span> <span class='ocrx_word' id='word_1_221' title='bbox 1083 1702 1454 1781; x_wconf 74' lang='grc' dir='ltr'>προσοικοῦσιν</span> <span class='ocrx_word' id='word_1_222' title='bbox 1511 1704 1609 1758; x_wconf 78' lang='grc' dir='ltr'>εἰσὶ</span> <span class='ocrx_word' id='word_1_223' title='bbox 1638 1704 1859 1781; x_wconf 83' lang='grc' dir='ltr'>πονηροὶ</span> <span class='ocrx_word' id='word_1_224' title='bbox 1917 1703 2025 1779; x_wconf 84' lang='grc' dir='ltr'>γεί-</span> 
     </span>
    </p>
   </div>
   <div class='ocr_carea' id='block_1_31' title="bbox 2113 1702 3757 1791">
    <p class='ocr_par' dir='ltr' id='par_1_31' title="bbox 2114 1702 3757 1791">
     <span class='ocr_line' id='line_1_31' title="bbox 2114 1702 3757 1791; baseline 0.007 -28"><span class='ocrx_word' id='word_1_225' title='bbox 2114 1703 2501 1782; x_wconf 84' lang='lat' dir='ltr'><strong>submergere</strong></span> <span class='ocrx_word' id='word_1_226' title='bbox 2523 1706 2895 1785; x_wconf 82' lang='lat' dir='ltr'><strong>navigantes,</strong></span> <span class='ocrx_word' id='word_1_227' title='bbox 2921 1717 2980 1770; x_wconf 87' lang='lat' dir='ltr'><strong>et</strong></span> <span class='ocrx_word' id='word_1_228' title='bbox 3007 1708 3288 1772; x_wconf 89' lang='lat' dir='ltr'><strong>invadere</strong></span> <span class='ocrx_word' id='word_1_229' title='bbox 3306 1728 3407 1772; x_wconf 89' lang='lat' dir='ltr'><strong>eos</strong></span> <span class='ocrx_word' id='word_1_230' title='bbox 3437 1711 3535 1791; x_wconf 90' lang='lat' dir='ltr'><strong>qui</strong></span> <span class='ocrx_word' id='word_1_231' title='bbox 3557 1702 3757 1774; x_wconf 80' lang='lat' dir='ltr'><strong>trans-</strong></span> 
     </span>
    </p>
   </div>
   <div class='ocr_carea' id='block_1_32' title="bbox 368 1788 2025 1882">
    <p class='ocr_par' dir='ltr' id='par_1_32' title="bbox 368 1788 2025 1870">
     <span class='ocr_line' id='line_1_32' title="bbox 368 1788 2025 1870; baseline 0.001 -23"><span class='ocrx_word' id='word_1_232' title='bbox 368 1812 545 1861; x_wconf 79' lang='grc' dir='ltr'>τονες,</span> <span class='ocrx_word' id='word_1_233' title='bbox 599 1793 688 1847; x_wconf 87' lang='grc' dir='ltr'><strong>καὶ</strong></span> <span class='ocrx_word' id='word_1_234' title='bbox 718 1793 813 1848; x_wconf 74' lang='grc' dir='ltr'><strong>οῦκ</strong></span> <span class='ocrx_word' id='word_1_235' title='bbox 872 1790 1011 1848; x_wconf 79' lang='grc' dir='ltr'>ἔστιν</span> <span class='ocrx_word' id='word_1_236' title='bbox 1057 1791 1258 1848; x_wconf 73' lang='grc' dir='ltr'>ἐκεῖθέν</span> <span class='ocrx_word' id='word_1_237' title='bbox 1316 1813 1433 1847; x_wconf 91' lang='grc' dir='ltr'>τινα</span> <span class='ocrx_word' id='word_1_238' title='bbox 1465 1789 1637 1847; x_wconf 76' lang='grc' dir='ltr'>ἐλθεῖν</span> <span class='ocrx_word' id='word_1_239' title='bbox 1669 1788 1878 1857; x_wconf 73' lang='grc' dir='ltr'>ἀϐλαϐῆ</span> <span class='ocrx_word' id='word_1_240' title='bbox 1923 1795 2025 1870; x_wconf 76' lang='grc' dir='ltr'>οὐχ</span> 
     </span>
    </p>
   </div>
   <div class='ocr_carea' id='block_1_33' title="bbox 2113 1788 3758 1882">
    <p class='ocr_par' dir='ltr' id='par_1_33' title="bbox 2114 1788 3758 1882">
     <span class='ocr_line' id='line_1_33' title="bbox 2114 1788 3758 1882; baseline 0.007 -30"><span class='ocrx_word' id='word_1_241' title='bbox 2114 1800 2277 1867; x_wconf 90' lang='lat' dir='ltr'><strong>eunt,</strong></span> <span class='ocrx_word' id='word_1_242' title='bbox 2312 1801 2371 1853; x_wconf 92' lang='lat' dir='ltr'><strong>et</strong></span> <span class='ocrx_word' id='word_1_243' title='bbox 2401 1793 2590 1855; x_wconf 87' lang='lat' dir='ltr'><strong>malos</strong></span> <span class='ocrx_word' id='word_1_244' title='bbox 2621 1812 2754 1856; x_wconf 88' lang='lat' dir='ltr'><strong>esse</strong></span> <span class='ocrx_word' id='word_1_245' title='bbox 2783 1795 3011 1858; x_wconf 90' lang='lat' dir='ltr'><strong>vicinos</strong></span> <span class='ocrx_word' id='word_1_246' title='bbox 3062 1797 3307 1880; x_wconf 84' lang='lat' dir='ltr'><strong>accolis,</strong></span> <span class='ocrx_word' id='word_1_247' title='bbox 3340 1806 3397 1860; x_wconf 92' lang='lat' dir='ltr'><strong>et</strong></span> <span class='ocrx_word' id='word_1_248' title='bbox 3428 1788 3542 1862; x_wconf 74' lang='lat' dir='ltr'><strong>non</strong></span> <span class='ocrx_word' id='word_1_249' title='bbox 3582 1820 3758 1882; x_wconf 82' lang='lat' dir='ltr'><strong>posse</strong></span> 
     </span>
    </p>
   </div>
   <div class='ocr_carea' id='block_1_34' title="bbox 360 1876 2025 1965">
    <p class='ocr_par' dir='ltr' id='par_1_34' title="bbox 360 1876 2023 1959">
     <span class='ocr_line' id='line_1_34' title="bbox 360 1876 2023 1959; baseline -0.001 -22"><span class='ocrx_word' id='word_1_250' title='bbox 360 1880 555 1956; x_wconf 77' lang='grc' dir='ltr'>ἕωθεν,</span> <span class='ocrx_word' id='word_1_251' title='bbox 603 1882 707 1959; x_wconf 75' lang='grc' dir='ltr'><strong>οὐχ</strong></span> <span class='ocrx_word' id='word_1_252' title='bbox 763 1879 1016 1958; x_wconf 76' lang='grc' dir='ltr'>ἑσπέρας,</span> <span class='ocrx_word' id='word_1_253' title='bbox 1066 1882 1126 1937; x_wconf 80' lang='grc' dir='ltr'>οὗ</span> <span class='ocrx_word' id='word_1_254' title='bbox 1178 1876 1535 1957; x_wconf 84' lang='grc' dir='ltr'>μεσημϐρίας,</span> <span class='ocrx_word' id='word_1_255' title='bbox 1602 1879 1656 1935; x_wconf 79' lang='grc' dir='ltr'>ἐν</span> <span class='ocrx_word' id='word_1_256' title='bbox 1716 1886 1789 1953; x_wconf 79' lang='grc' dir='ltr'>νῷ</span> <span class='ocrx_word' id='word_1_257' title='bbox 1846 1876 2023 1936; x_wconf 85' lang='grc' dir='ltr'>λαϐὼν</span> 
     </span>
    </p>
   </div>
   <div class='ocr_carea' id='block_1_35' title="bbox 2113 1876 3757 1965">
    <p class='ocr_par' dir='ltr' id='par_1_35' title="bbox 2113 1876 3757 1965">
     <span class='ocr_line' id='line_1_35' title="bbox 2113 1876 3757 1965; baseline 0.006 -23"><span class='ocrx_word' id='word_1_258' title='bbox 2113 1881 2364 1960; x_wconf 84' lang='lat' dir='ltr'><strong>aliquem</strong></span> <span class='ocrx_word' id='word_1_259' title='bbox 2391 1900 2525 1943; x_wconf 92' lang='lat' dir='ltr'><strong>eum</strong></span> <span class='ocrx_word' id='word_1_260' title='bbox 2551 1884 2953 1947; x_wconf 89' lang='lat' dir='ltr'><strong>transmittere</strong></span> <span class='ocrx_word' id='word_1_261' title='bbox 2977 1885 3252 1961; x_wconf 74' lang='lat' dir='ltr'><strong>illaesum,</strong></span> <span class='ocrx_word' id='word_1_262' title='bbox 3278 1876 3394 1949; x_wconf 86' lang='lat' dir='ltr'><strong>non</strong></span> <span class='ocrx_word' id='word_1_263' title='bbox 3423 1876 3615 1965; x_wconf 76' lang='lat' dir='ltr'><strong>mane,</strong></span> <span class='ocrx_word' id='word_1_264' title='bbox 3637 1909 3757 1952; x_wconf 90' lang='lat' dir='ltr'><strong>non</strong></span> 
     </span>
    </p>
   </div>
   <div class='ocr_carea' id='block_1_36' title="bbox 365 1966 2025 2053">
    <p class='ocr_par' dir='ltr' id='par_1_36' title="bbox 365 1966 2023 2045">
     <span class='ocr_line' id='line_1_36' title="bbox 365 1966 2023 2045; baseline 0 -21"><span class='ocrx_word' id='word_1_265' title='bbox 365 1966 659 2024; x_wconf 86' lang='grc' dir='ltr'>Ἀντώνιόν</span> <span class='ocrx_word' id='word_1_266' title='bbox 714 1990 772 2024; x_wconf 88' lang='grc' dir='ltr'><strong>τε</strong></span> <span class='ocrx_word' id='word_1_267' title='bbox 814 1969 905 2024; x_wconf 80' lang='grc' dir='ltr'>τὸν</span> <span class='ocrx_word' id='word_1_268' title='bbox 964 1967 1132 2045; x_wconf 84' lang='grc' dir='ltr'>μέγαν</span> <span class='ocrx_word' id='word_1_269' title='bbox 1186 1970 1273 2025; x_wconf 82' lang='grc' dir='ltr'>καὶ</span> <span class='ocrx_word' id='word_1_270' title='bbox 1329 1988 1390 2024; x_wconf 88' lang='grc' dir='ltr'><strong>τε</strong></span> <span class='ocrx_word' id='word_1_271' title='bbox 1450 1967 1675 2041; x_wconf 77' lang='grc' dir='ltr'>ἐκείνου,</span> <span class='ocrx_word' id='word_1_272' title='bbox 1722 1969 1811 2024; x_wconf 83' lang='grc' dir='ltr'><strong>καὶ</strong></span> <span class='ocrx_word' id='word_1_273' title='bbox 1869 1968 2023 2031; x_wconf 83' lang='grc' dir='ltr'>ὅσους</span> 
     </span>
    </p>
   </div>
   <div class='ocr_carea' id='block_1_37' title="bbox 2113 1966 3758 2053">
    <p class='ocr_par' dir='ltr' id='par_1_37' title="bbox 2113 1969 3758 2053">
     <span class='ocr_line' id='line_1_37' title="bbox 2113 1969 3758 2053; baseline 0.006 -24"><span class='ocrx_word' id='word_1_274' title='bbox 2113 1969 2511 2044; x_wconf 87' lang='lat' dir='ltr'><strong>meridie,non</strong></span> <span class='ocrx_word' id='word_1_275' title='bbox 2541 1988 2816 2053; x_wconf 79' lang='lat' dir='ltr'><strong>veSpere,</strong></span> <span class='ocrx_word' id='word_1_276' title='bbox 2848 1992 3131 2037; x_wconf 88' lang='lat' dir='ltr'><strong>revocans</strong></span> <span class='ocrx_word' id='word_1_277' title='bbox 3161 1977 3221 2036; x_wconf 92' lang='lat' dir='ltr'><strong>in</strong></span> <span class='ocrx_word' id='word_1_278' title='bbox 3246 1977 3590 2038; x_wconf 86' lang='lat' dir='ltr'><strong>memoriam</strong></span> <span class='ocrx_word' id='word_1_279' title='bbox 3623 1997 3758 2039; x_wconf 85' lang='lat' dir='ltr'><strong>ma-</strong></span> 
     </span>
    </p>
   </div>
   <div class='ocr_carea' id='block_1_38' title="bbox 369 2054 2025 2145">
    <p class='ocr_par' dir='ltr' id='par_1_38' title="bbox 369 2054 2025 2133">
     <span class='ocr_line' id='line_1_38' title="bbox 369 2054 2025 2133; baseline 0 -21"><span class='ocrx_word' id='word_1_280' title='bbox 369 2055 624 2119; x_wconf 75' lang='grc' dir='ltr'>κᾶκεϊνος</span> <span class='ocrx_word' id='word_1_281' title='bbox 684 2055 745 2111; x_wconf 82' lang='grc' dir='ltr'>ὲκ</span> <span class='ocrx_word' id='word_1_282' title='bbox 774 2062 879 2112; x_wconf 83' lang='grc' dir='ltr'>τῶν</span> <span class='ocrx_word' id='word_1_283' title='bbox 937 2054 1201 2131; x_wconf 79' lang='grc' dir='ltr'>δαιμόνων</span> <span class='ocrx_word' id='word_1_284' title='bbox 1245 2057 1495 2130; x_wconf 78' lang='grc' dir='ltr'>ὑπέμεινε</span> <span class='ocrx_word' id='word_1_285' title='bbox 1552 2057 1904 2133; x_wconf 83' lang='grc' dir='ltr'>πειρασμοὺς,</span> <span class='ocrx_word' id='word_1_286' title='bbox 1938 2063 2025 2116; x_wconf 86' lang='grc' dir='ltr'><strong>καὶ</strong></span> 
     </span>
    </p>
   </div>
   <div class='ocr_carea' id='block_1_39' title="bbox 2113 2054 3758 2145">
    <p class='ocr_par' dir='ltr' id='par_1_39' title="bbox 2113 2058 3758 2145">
     <span class='ocr_line' id='line_1_39' title="bbox 2113 2058 3758 2145; baseline 0.006 -27"><span class='ocrx_word' id='word_1_287' title='bbox 2113 2077 2287 2135; x_wconf 78' lang='lat' dir='ltr'><strong>gnum</strong></span> <span class='ocrx_word' id='word_1_288' title='bbox 2321 2058 2642 2121; x_wconf 86' lang='lat' dir='ltr'><strong>Antonium</strong></span> <span class='ocrx_word' id='word_1_289' title='bbox 2674 2070 2735 2122; x_wconf 90' lang='lat' dir='ltr'><strong>et</strong></span> <span class='ocrx_word' id='word_1_290' title='bbox 2763 2080 2860 2123; x_wconf 90' lang='lat' dir='ltr'><strong>res</strong></span> <span class='ocrx_word' id='word_1_291' title='bbox 2891 2062 3078 2139; x_wconf 89' lang='lat' dir='ltr'><strong>illius,</strong></span> <span class='ocrx_word' id='word_1_292' title='bbox 3107 2074 3165 2126; x_wconf 89' lang='lat' dir='ltr'><strong>et</strong></span> <span class='ocrx_word' id='word_1_293' title='bbox 3195 2083 3372 2145; x_wconf 92' lang='lat' dir='ltr'><strong>quam</strong></span> <span class='ocrx_word' id='word_1_294' title='bbox 3406 2065 3625 2128; x_wconf 88' lang='lat' dir='ltr'><strong>multas</strong></span> <span class='ocrx_word' id='word_1_295' title='bbox 3655 2067 3758 2130; x_wconf 91' lang='lat' dir='ltr'><strong>ille</strong></span> 
     </span>
    </p>
   </div>
   <div class='ocr_carea' id='block_1_40' title="bbox 365 2144 2025 2231">
    <p class='ocr_par' dir='ltr' id='par_1_40' title="bbox 365 2144 2025 2223">
     <span class='ocr_line' id='line_1_40' title="bbox 365 2144 2025 2223; baseline -0.003 -20"><span class='ocrx_word' id='word_1_296' title='bbox 365 2149 444 2210; x_wconf 81' lang='grc' dir='ltr'>ὡς</span> <span class='ocrx_word' id='word_1_297' title='bbox 505 2148 577 2207; x_wconf 84' lang='grc' dir='ltr'>εἷς</span> <span class='ocrx_word' id='word_1_298' title='bbox 607 2146 747 2202; x_wconf 76' lang='grc' dir='ltr'>ἅπαν</span> <span class='ocrx_word' id='word_1_299' title='bbox 805 2149 977 2203; x_wconf 76' lang='grc' dir='ltr'>αὖτῶν</span> <span class='ocrx_word' id='word_1_300' title='bbox 1038 2146 1090 2203; x_wconf 82' lang='grc' dir='ltr'>ὲν</span> <span class='ocrx_word' id='word_1_301' title='bbox 1149 2146 1294 2202; x_wconf 85' lang='grc' dir='ltr'>τέλει</span> <span class='ocrx_word' id='word_1_302' title='bbox 1324 2152 1394 2222; x_wconf 76' lang='grc' dir='ltr'><strong>τῇ</strong></span> <span class='ocrx_word' id='word_1_303' title='bbox 1446 2152 1539 2202; x_wconf 90' lang='grc' dir='ltr'><strong>τοῦ</strong></span> <span class='ocrx_word' id='word_1_304' title='bbox 1570 2146 1758 2223; x_wconf 78' lang='grc' dir='ltr'>Κυρίου</span> <span class='ocrx_word' id='word_1_305' title='bbox 1812 2144 2025 2219; x_wconf 71' lang='grc' dir='ltr'>δυνάμει</span> 
     </span>
    </p>
   </div>
   <div class='ocr_carea' id='block_1_41' title="bbox 2113 2144 3760 2231">
    <p class='ocr_par' dir='ltr' id='par_1_41' title="bbox 2116 2144 3760 2231">
     <span class='ocr_line' id='line_1_41' title="bbox 2116 2144 3760 2231; baseline 0.005 -24"><span class='ocrx_word' id='word_1_306' title='bbox 2116 2166 2354 2226; x_wconf 91' lang='lat' dir='ltr'><strong>quoque</strong></span> <span class='ocrx_word' id='word_1_307' title='bbox 2403 2166 2437 2207; x_wconf 89' lang='lat' dir='ltr'><strong>a</strong></span> <span class='ocrx_word' id='word_1_308' title='bbox 2472 2149 2843 2211; x_wconf 77' lang='lat' dir='ltr'><strong>daemonibus</strong></span> <span class='ocrx_word' id='word_1_309' title='bbox 2889 2144 3239 2214; x_wconf 83' lang='lat' dir='ltr'><strong>sustinuerit</strong></span> <span class='ocrx_word' id='word_1_310' title='bbox 3289 2155 3667 2231; x_wconf 85' lang='lat' dir='ltr'><strong>tentationes,</strong></span> <span class='ocrx_word' id='word_1_311' title='bbox 3700 2164 3760 2218; x_wconf 88' lang='lat' dir='ltr'><strong>et</strong></span> 
     </span>
    </p>
   </div>
   <div class='ocr_carea' id='block_1_42' title="bbox 382 2233 2025 2321">
    <p class='ocr_par' dir='ltr' id='par_1_42' title="bbox 382 2233 2025 2314">
     <span class='ocr_line' id='line_1_42' title="bbox 382 2233 2025 2314; baseline -0.001 -24"><span class='ocrx_word' id='word_1_312' title='bbox 382 2235 743 2314; x_wconf 78' lang='grc' dir='ltr'>περιεγένετο,</span> <span class='ocrx_word' id='word_1_313' title='bbox 790 2236 877 2291; x_wconf 84' lang='grc' dir='ltr'><strong>καὶ</strong></span> <span class='ocrx_word' id='word_1_314' title='bbox 932 2234 1071 2291; x_wconf 79' lang='grc' dir='ltr'>ὅσων</span> <span class='ocrx_word' id='word_1_315' title='bbox 1127 2235 1534 2313; x_wconf 77' lang='grc' dir='ltr'>περιγενόμενος</span> <span class='ocrx_word' id='word_1_316' title='bbox 1591 2233 1790 2301; x_wconf 80' lang='grc' dir='ltr'><strong>ἠξιώθη</strong></span> <span class='ocrx_word' id='word_1_317' title='bbox 1832 2256 1889 2290; x_wconf 84' lang='grc' dir='ltr'><strong>τε</strong></span> <span class='ocrx_word' id='word_1_318' title='bbox 1950 2256 2025 2289; x_wconf 85' lang='grc' dir='ltr'>τι-</span> 
     </span>
    </p>
   </div>
   <div class='ocr_carea' id='block_1_43' title="bbox 2113 2233 3756 2321">
    <p class='ocr_par' dir='ltr' id='par_1_43' title="bbox 2120 2235 3756 2321">
     <span class='ocr_line' id='line_1_43' title="bbox 2120 2235 3756 2321; baseline 0.007 -27"><span class='ocrx_word' id='word_1_319' title='bbox 2120 2235 2275 2315; x_wconf 84' lang='lat' dir='ltr'><strong>quod</strong></span> <span class='ocrx_word' id='word_1_320' title='bbox 2308 2253 2413 2296; x_wconf 93' lang='lat' dir='ltr'><strong>eos</strong></span> <span class='ocrx_word' id='word_1_321' title='bbox 2444 2236 2685 2298; x_wconf 88' lang='lat' dir='ltr'><strong>tandem</strong></span> <span class='ocrx_word' id='word_1_322' title='bbox 2718 2238 2934 2302; x_wconf 89' lang='lat' dir='ltr'><strong>virtute</strong></span> <span class='ocrx_word' id='word_1_323' title='bbox 2964 2239 3199 2302; x_wconf 90' lang='lat' dir='ltr'><strong>Domini</strong></span> <span class='ocrx_word' id='word_1_324' title='bbox 3231 2243 3473 2304; x_wconf 90' lang='lat' dir='ltr'><strong>omnino</strong></span> <span class='ocrx_word' id='word_1_325' title='bbox 3504 2262 3756 2321; x_wconf 85' lang='lat' dir='ltr'><strong>supera-</strong></span> 
     </span>
    </p>
   </div>
   <div class='ocr_carea' id='block_1_44' title="bbox 380 2320 2025 2409">
    <p class='ocr_par' dir='ltr' id='par_1_44' title="bbox 380 2320 2025 2400">
     <span class='ocr_line' id='line_1_44' title="bbox 380 2320 2025 2400; baseline -0.001 -21"><span class='ocrx_word' id='word_1_326' title='bbox 380 2330 526 2400; x_wconf 84' lang='grc' dir='ltr'>μῶν,</span> <span class='ocrx_word' id='word_1_327' title='bbox 581 2324 667 2381; x_wconf 72' lang='grc' dir='ltr'>ἐπὶ</span> <span class='ocrx_word' id='word_1_328' title='bbox 713 2326 803 2381; x_wconf 77' lang='grc' dir='ltr'><strong>τὸν</strong></span> <span class='ocrx_word' id='word_1_329' title='bbox 846 2323 1003 2379; x_wconf 86' lang='grc' dir='ltr'>ἆθλον</span> <span class='ocrx_word' id='word_1_330' title='bbox 1060 2326 1146 2380; x_wconf 84' lang='grc' dir='ltr'><strong>καὶ</strong></span> <span class='ocrx_word' id='word_1_331' title='bbox 1189 2326 1345 2386; x_wconf 68' lang='grc' dir='ltr'>αὐτὸς</span> <span class='ocrx_word' id='word_1_332' title='bbox 1390 2321 1573 2379; x_wconf 80' lang='grc' dir='ltr'>ἆπέδυ³</span> <span class='ocrx_word' id='word_1_333' title='bbox 1612 2325 1701 2379; x_wconf 79' lang='grc' dir='ltr'><strong>καὶ</strong></span> <span class='ocrx_word' id='word_1_334' title='bbox 1741 2320 1911 2388; x_wconf 83' lang='grc' dir='ltr'>δεῖξαι</span> <span class='ocrx_word' id='word_1_335' title='bbox 1942 2324 2025 2379; x_wconf 60' lang='grc' dir='ltr'>τὸν</span> 
     </span>
    </p>
   </div>
   <div class='ocr_carea' id='block_1_45' title="bbox 2113 2320 3761 2409">
    <p class='ocr_par' dir='ltr' id='par_1_45' title="bbox 2117 2320 3761 2409">
     <span class='ocr_line' id='line_1_45' title="bbox 2117 2320 3761 2409; baseline 0.005 -24"><span class='ocrx_word' id='word_1_336' title='bbox 2117 2326 2290 2404; x_wconf 91' lang='lat' dir='ltr'><strong>verit,</strong></span> <span class='ocrx_word' id='word_1_337' title='bbox 2323 2335 2382 2385; x_wconf 92' lang='lat' dir='ltr'><strong>et</strong></span> <span class='ocrx_word' id='word_1_338' title='bbox 2433 2344 2607 2405; x_wconf 84' lang='lat' dir='ltr'><strong>quam</strong></span> <span class='ocrx_word' id='word_1_339' title='bbox 2643 2327 2860 2389; x_wconf 91' lang='lat' dir='ltr'><strong>multos</strong></span> <span class='ocrx_word' id='word_1_340' title='bbox 2903 2328 3021 2389; x_wconf 80' lang='lat' dir='ltr'><strong>illis</strong></span> <span class='ocrx_word' id='word_1_341' title='bbox 3051 2331 3340 2409; x_wconf 85' lang='lat' dir='ltr'><strong>superatis</strong></span> <span class='ocrx_word' id='word_1_342' title='bbox 3396 2320 3653 2393; x_wconf 84' lang='lat' dir='ltr'><strong>honores</strong></span> <span class='ocrx_word' id='word_1_343' title='bbox 3683 2334 3761 2394; x_wconf 92' lang='lat' dir='ltr'><strong>sit</strong></span> 
     </span>
    </p>
   </div>
   <div class='ocr_carea' id='block_1_46' title="bbox 382 2409 2025 2497">
    <p class='ocr_par' dir='ltr' id='par_1_46' title="bbox 382 2409 2025 2488">
     <span class='ocr_line' id='line_1_46' title="bbox 382 2409 2025 2488; baseline 0 -21"><span class='ocrx_word' id='word_1_344' title='bbox 382 2418 513 2468; x_wconf 85' lang='grc' dir='ltr'>ναὸν</span> <span class='ocrx_word' id='word_1_345' title='bbox 556 2415 696 2486; x_wconf 77' lang='grc' dir='ltr'>αὖτῷ</span> <span class='ocrx_word' id='word_1_346' title='bbox 752 2414 872 2476; x_wconf 71' lang='grc' dir='ltr'>τοὺς</span> <span class='ocrx_word' id='word_1_347' title='bbox 921 2412 1183 2488; x_wconf 78' lang='grc' dir='ltr'>παρόντας</span> <span class='ocrx_word' id='word_1_348' title='bbox 1238 2414 1400 2470; x_wconf 79' lang='grc' dir='ltr'>εἰπὼν</span> <span class='ocrx_word' id='word_1_349' title='bbox 1470 2413 1555 2468; x_wconf 68' lang='grc' dir='ltr'><strong>καὶ</strong></span> <span class='ocrx_word' id='word_1_350' title='bbox 1614 2409 1928 2468; x_wconf 87' lang='grc' dir='ltr'>καταλαϐὼν</span> <span class='ocrx_word' id='word_1_351' title='bbox 1968 2412 2025 2467; x_wconf 75' lang='grc' dir='ltr'>τὰ</span> 
     </span>
    </p>
   </div>
   <div class='ocr_carea' id='block_1_47' title="bbox 2113 2409 3760 2497">
    <p class='ocr_par' dir='ltr' id='par_1_47' title="bbox 2114 2416 3760 2497">
     <span class='ocr_line' id='line_1_47' title="bbox 2114 2416 3760 2497; baseline 0.007 -24"><span class='ocrx_word' id='word_1_352' title='bbox 2114 2421 2444 2485; x_wconf 85' lang='lat' dir='ltr'><strong>assecutus,</strong></span> <span class='ocrx_word' id='word_1_353' title='bbox 2480 2416 2607 2494; x_wconf 90' lang='lat' dir='ltr'><strong>ipse</strong></span> <span class='ocrx_word' id='word_1_354' title='bbox 2655 2434 2889 2496; x_wconf 88' lang='lat' dir='ltr'><strong>quoque</strong></span> <span class='ocrx_word' id='word_1_355' title='bbox 2919 2436 2987 2479; x_wconf 90' lang='lat' dir='ltr'><strong>se</strong></span> <span class='ocrx_word' id='word_1_356' title='bbox 3034 2418 3106 2479; x_wconf 88' lang='lat' dir='ltr'><strong>ad</strong></span> <span class='ocrx_word' id='word_1_357' title='bbox 3151 2418 3551 2497; x_wconf 76' lang='lat' dir='ltr'><strong>aggredienda</strong></span> <span class='ocrx_word' id='word_1_358' title='bbox 3597 2422 3760 2484; x_wconf 82' lang='lat' dir='ltr'><strong>exuit</strong></span> 
     </span>
    </p>
   </div>
   <div class='ocr_carea' id='block_1_48' title="bbox 378 2499 2025 2587">
    <p class='ocr_par' dir='ltr' id='par_1_48' title="bbox 378 2499 2025 2580">
     <span class='ocr_line' id='line_1_48' title="bbox 378 2499 2025 2580; baseline -0.001 -23"><span class='ocrx_word' id='word_1_359' title='bbox 378 2499 664 2577; x_wconf 78' lang='grc' dir='ltr'>προαύλια,</span> <span class='ocrx_word' id='word_1_360' title='bbox 717 2502 879 2575; x_wconf 82' lang='grc' dir='ltr'>μέσος</span> <span class='ocrx_word' id='word_1_361' title='bbox 935 2508 1028 2558; x_wconf 85' lang='grc' dir='ltr'><strong>τοῦ</strong></span> <span class='ocrx_word' id='word_1_362' title='bbox 1085 2508 1211 2559; x_wconf 88' lang='grc' dir='ltr'>ναοῦ</span> <span class='ocrx_word' id='word_1_363' title='bbox 1266 2502 1464 2580; x_wconf 87' lang='grc' dir='ltr'>γίνεται</span> <span class='ocrx_word' id='word_1_364' title='bbox 1521 2502 1614 2557; x_wconf 83' lang='grc' dir='ltr'><strong>τὸν</strong></span> <span class='ocrx_word' id='word_1_365' title='bbox 1658 2507 1751 2556; x_wconf 87' lang='grc' dir='ltr'><strong>τοῦ</strong></span> <span class='ocrx_word' id='word_1_366' title='bbox 1806 2500 2025 2578; x_wconf 77' lang='grc' dir='ltr'>Χριστοῦ</span> 
     </span>
    </p>
   </div>
   <div class='ocr_carea' id='block_1_49' title="bbox 2113 2499 3752 2587">
    <p class='ocr_par' dir='ltr' id='par_1_49' title="bbox 2117 2502 3752 2587">
     <span class='ocr_line' id='line_1_49' title="bbox 2117 2502 3752 2587; baseline 0.006 -24"><span class='ocrx_word' id='word_1_367' title='bbox 2117 2502 2465 2575; x_wconf 88' lang='lat' dir='ltr'><strong>certamina,</strong></span> <span class='ocrx_word' id='word_1_368' title='bbox 2502 2512 2561 2564; x_wconf 93' lang='lat' dir='ltr'><strong>et</strong></span> <span class='ocrx_word' id='word_1_369' title='bbox 2610 2522 2745 2565; x_wconf 91' lang='lat' dir='ltr'><strong>cum</strong></span> <span class='ocrx_word' id='word_1_370' title='bbox 2771 2505 3050 2585; x_wconf 89' lang='lat' dir='ltr'><strong>jussisset</strong></span> <span class='ocrx_word' id='word_1_371' title='bbox 3102 2525 3205 2567; x_wconf 89' lang='lat' dir='ltr'><strong>eos</strong></span> <span class='ocrx_word' id='word_1_372' title='bbox 3252 2506 3356 2583; x_wconf 88' lang='lat' dir='ltr'><strong>qui</strong></span> <span class='ocrx_word' id='word_1_373' title='bbox 3397 2506 3644 2570; x_wconf 89' lang='lat' dir='ltr'><strong>aderant</strong></span> <span class='ocrx_word' id='word_1_374' title='bbox 3673 2510 3752 2587; x_wconf 90' lang='lat' dir='ltr'><strong>ei,</strong></span> 
     </span>
    </p>
   </div>
   <div class='ocr_carea' id='block_1_50' title="bbox 380 2588 2025 2669">
    <p class='ocr_par' dir='ltr' id='par_1_50' title="bbox 380 2588 2025 2667">
     <span class='ocr_line' id='line_1_50' title="bbox 380 2588 2025 2667; baseline 0 -22"><span class='ocrx_word' id='word_1_375' title='bbox 380 2590 607 2667; x_wconf 66' lang='grc' dir='ltr'>σταυρὸν</span> <span class='ocrx_word' id='word_1_376' title='bbox 664 2589 842 2666; x_wconf 81' lang='grc' dir='ltr'>ὥσπερ</span> <span class='ocrx_word' id='word_1_377' title='bbox 873 2588 1040 2646; x_wconf 83' lang='grc' dir='ltr'>ὅπλον</span> <span class='ocrx_word' id='word_1_378' title='bbox 1092 2589 1309 2665; x_wconf 77' lang='grc' dir='ltr'>ἆμαψον</span> <span class='ocrx_word' id='word_1_379' title='bbox 1352 2590 1706 2667; x_wconf 80' lang='grc' dir='ltr'>ἐπαγόμενος,</span> <span class='ocrx_word' id='word_1_380' title='bbox 1739 2590 1824 2645; x_wconf 83' lang='grc' dir='ltr'><strong>καὶ</strong></span> <span class='ocrx_word' id='word_1_381' title='bbox 1883 2588 2025 2665; x_wconf 78' lang='grc' dir='ltr'>ψάλ-</span> 
     </span>
    </p>
   </div>
   <div class='ocr_carea' id='block_1_51' title="bbox 2113 2588 3753 2669">
    <p class='ocr_par' dir='ltr' id='par_1_51' title="bbox 2115 2590 3753 2669">
     <span class='ocr_line' id='line_1_51' title="bbox 2115 2590 3753 2669; baseline 0.005 -19"><span class='ocrx_word' id='word_1_382' title='bbox 2115 2590 2398 2669; x_wconf 88' lang='lat' dir='ltr'><strong>templum</strong></span> <span class='ocrx_word' id='word_1_383' title='bbox 2422 2592 2763 2669; x_wconf 89' lang='lat' dir='ltr'><strong>ostendere,</strong></span> <span class='ocrx_word' id='word_1_384' title='bbox 2793 2601 2849 2655; x_wconf 91' lang='lat' dir='ltr'><strong>et</strong></span> <span class='ocrx_word' id='word_1_385' title='bbox 2865 2594 3125 2656; x_wconf 90' lang='lat' dir='ltr'><strong>venisset</strong></span> <span class='ocrx_word' id='word_1_386' title='bbox 3144 2595 3202 2656; x_wconf 92' lang='lat' dir='ltr'><strong>in</strong></span> <span class='ocrx_word' id='word_1_387' title='bbox 3225 2597 3463 2666; x_wconf 87' lang='lat' dir='ltr'><strong>atrium,</strong></span> <span class='ocrx_word' id='word_1_388' title='bbox 3491 2597 3753 2659; x_wconf 87' lang='lat' dir='ltr'><strong>medium</strong></span> 
     </span>
    </p>
   </div>
   <div class='ocr_carea' id='block_1_52' title="bbox 373 2678 2025 2766">
    <p class='ocr_par' dir='ltr' id='par_1_52' title="bbox 373 2678 2023 2766">
     <span class='ocr_line' id='line_1_52' title="bbox 373 2678 2023 2766; baseline -0.001 -31"><span class='ocrx_word' id='word_1_389' title='bbox 373 2678 487 2735; x_wconf 86' lang='grc' dir='ltr'><strong>λων</strong></span> <span class='ocrx_word' id='word_1_390' title='bbox 542 2678 675 2753; x_wconf 78' lang='grc' dir='ltr'>ἅμα·</span> <span class='ocrx_word' id='word_1_391' title='bbox 742 2699 769 2735; x_wconf 75' lang='grc' dir='ltr'>ι</span> <span class='ocrx_word' id='word_1_392' title='bbox 808 2679 988 2755; x_wconf 79' lang='grc' dir='ltr'>Κύριος</span> <span class='ocrx_word' id='word_1_393' title='bbox 1046 2679 1318 2758; x_wconf 78' lang='grc' dir='ltr'>φωτισμός</span> <span class='ocrx_word' id='word_1_394' title='bbox 1369 2701 1470 2754; x_wconf 88' lang='grc' dir='ltr'><strong>μου</strong></span> <span class='ocrx_word' id='word_1_395' title='bbox 1513 2681 1599 2735; x_wconf 86' lang='grc' dir='ltr'><strong>καὶ</strong></span> <span class='ocrx_word' id='word_1_396' title='bbox 1664 2679 1842 2756; x_wconf 72' lang='grc' dir='ltr'>σωτήρ</span> <span class='ocrx_word' id='word_1_397' title='bbox 1880 2699 2023 2766; x_wconf 70' lang='grc' dir='ltr'>μου·</span> 
     </span>
    </p>
   </div>
   <div class='ocr_carea' id='block_1_53' title="bbox 2113 2678 3752 2766">
    <p class='ocr_par' dir='ltr' id='par_1_53' title="bbox 2114 2679 3752 2766">
     <span class='ocr_line' id='line_1_53' title="bbox 2114 2679 3752 2766; baseline 0.004 -27"><span class='ocrx_word' id='word_1_398' title='bbox 2114 2680 2395 2758; x_wconf 89' lang='lat' dir='ltr'><strong>templum</strong></span> <span class='ocrx_word' id='word_1_399' title='bbox 2460 2679 2832 2758; x_wconf 87' lang='lat' dir='ltr'><strong>ingreditur,</strong></span> <span class='ocrx_word' id='word_1_400' title='bbox 2898 2683 3113 2746; x_wconf 90' lang='lat' dir='ltr'><strong>Christi</strong></span> <span class='ocrx_word' id='word_1_401' title='bbox 3184 2701 3420 2745; x_wconf 90' lang='lat' dir='ltr'><strong>crucem</strong></span> <span class='ocrx_word' id='word_1_402' title='bbox 3479 2692 3752 2766; x_wconf 88' lang='lat' dir='ltr'><strong>tanquam</strong></span> 
     </span>
    </p>
   </div>
   <div class='ocr_carea' id='block_1_54' title="bbox 373 2764 2025 2852">
    <p class='ocr_par' dir='ltr' id='par_1_54' title="bbox 373 2764 2024 2847">
     <span class='ocr_line' id='line_1_54' title="bbox 373 2764 2024 2847; baseline -0.001 -24"><span class='ocrx_word' id='word_1_403' title='bbox 373 2769 492 2825; x_wconf 85' lang='grc' dir='ltr'>τίνα</span> <span class='ocrx_word' id='word_1_404' title='bbox 554 2765 931 2842; x_wconf 69' lang='grc' dir='ltr'>φοϐηθήσομαι</span> <span class='ocrx_word' id='word_1_405' title='bbox 961 2787 976 2847; x_wconf 83' lang='grc'><strong>;</strong></span> <span class='ocrx_word' id='word_1_406' title='bbox 1009 2791 1036 2822; x_wconf 71' lang='lat' dir='ltr'><strong>n</strong></span> <span class='ocrx_word' id='word_1_407' title='bbox 1090 2769 1182 2824; x_wconf 82' lang='grc' dir='ltr'><strong>Διὸ</strong></span> <span class='ocrx_word' id='word_1_408' title='bbox 1213 2766 1278 2835; x_wconf 77' lang='grc' dir='ltr'>δὴ</span> <span class='ocrx_word' id='word_1_409' title='bbox 1334 2769 1421 2824; x_wconf 80' lang='grc' dir='ltr'><strong>καὶ</strong></span> <span class='ocrx_word' id='word_1_410' title='bbox 1477 2766 1577 2844; x_wconf 78' lang='grc' dir='ltr'>πρὸ</span> <span class='ocrx_word' id='word_1_411' title='bbox 1609 2771 1707 2832; x_wconf 78' lang='grc' dir='ltr'>τῆς</span> <span class='ocrx_word' id='word_1_412' title='bbox 1758 2764 2024 2840; x_wconf 79' lang='grc' dir='ltr'>συμϐολῆς</span> 
     </span>
    </p>
   </div>
   <div class='ocr_carea' id='block_1_55' title="bbox 2113 2764 3748 2852">
    <p class='ocr_par' dir='ltr' id='par_1_55' title="bbox 2113 2764 3748 2852">
     <span class='ocr_line' id='line_1_55' title="bbox 2113 2764 3748 2852; baseline 0.004 -24"><span class='ocrx_word' id='word_1_413' title='bbox 2113 2786 2272 2829; x_wconf 88' lang='lat' dir='ltr'><strong>arma</strong></span> <span class='ocrx_word' id='word_1_414' title='bbox 2306 2767 2575 2830; x_wconf 83' lang='lat' dir='ltr'><strong>inferens</strong></span> <span class='ocrx_word' id='word_1_415' title='bbox 2605 2769 3112 2850; x_wconf 84' lang='lat' dir='ltr'><strong>inexpugnabilia,</strong></span> <span class='ocrx_word' id='word_1_416' title='bbox 3148 2780 3207 2832; x_wconf 92' lang='lat' dir='ltr'><strong>et</strong></span> <span class='ocrx_word' id='word_1_417' title='bbox 3236 2771 3411 2833; x_wconf 91' lang='lat' dir='ltr'><strong>simul</strong></span> <span class='ocrx_word' id='word_1_418' title='bbox 3444 2764 3701 2852; x_wconf 79' lang='lat' dir='ltr'><strong>psallens</strong></span> <span class='ocrx_word' id='word_1_419' title='bbox 3734 2798 3748 2834; x_wconf 86' lang='lat'><strong>:</strong></span> 
     </span>
    </p>
   </div>
   <div class='ocr_carea' id='block_1_56' title="bbox 376 2854 2025 2942">
    <p class='ocr_par' dir='ltr' id='par_1_56' title="bbox 376 2854 2023 2934">
     <span class='ocr_line' id='line_1_56' title="bbox 376 2854 2023 2934; baseline -0.002 -22"><span class='ocrx_word' id='word_1_420' title='bbox 376 2857 538 2924; x_wconf 72' lang='grc' dir='ltr'>αὖτήν</span> <span class='ocrx_word' id='word_1_421' title='bbox 597 2857 692 2924; x_wconf 77' lang='grc' dir='ltr'>τὴν</span> <span class='ocrx_word' id='word_1_422' title='bbox 720 2862 826 2911; x_wconf 84' lang='grc' dir='ltr'>τῶν</span> <span class='ocrx_word' id='word_1_423' title='bbox 884 2854 1149 2933; x_wconf 83' lang='grc' dir='ltr'>δαιμόνων</span> <span class='ocrx_word' id='word_1_424' title='bbox 1192 2857 1440 2934; x_wconf 67' lang='grc' dir='ltr'>φάλαίγα</span> <span class='ocrx_word' id='word_1_425' title='bbox 1493 2857 1758 2933; x_wconf 71' lang='grc' dir='ltr'>πτοήσεις,</span> <span class='ocrx_word' id='word_1_426' title='bbox 1792 2855 2023 2922; x_wconf 73' lang='grc' dir='ltr'>ἑκάστην</span> 
     </span>
    </p>
   </div>
   <div class='ocr_carea' id='block_1_57' title="bbox 2113 2854 3749 2942">
    <p class='ocr_par' dir='ltr' id='par_1_57' title="bbox 2115 2856 3749 2942">
     <span class='ocr_line' id='line_1_57' title="bbox 2115 2856 3749 2942; baseline 0.007 -29"><span class='ocrx_word' id='word_1_427' title='bbox 2115 2880 2137 2913; x_wconf 82' lang='grc' dir='ltr'><strong>ιι</strong></span> <span class='ocrx_word' id='word_1_428' title='bbox 2175 2856 2463 2919; x_wconf 89' lang='lat' dir='ltr'><strong>Dominus</strong></span> <span class='ocrx_word' id='word_1_429' title='bbox 2511 2859 2859 2920; x_wconf 87' lang='lat' dir='ltr'><strong>illuminatio</strong></span> <span class='ocrx_word' id='word_1_430' title='bbox 2892 2878 3023 2921; x_wconf 90' lang='lat' dir='ltr'><strong>mea</strong></span> <span class='ocrx_word' id='word_1_431' title='bbox 3071 2867 3130 2921; x_wconf 92' lang='lat' dir='ltr'><strong>et</strong></span> <span class='ocrx_word' id='word_1_432' title='bbox 3155 2860 3317 2921; x_wconf 89' lang='lat' dir='ltr'><strong>salus</strong></span> <span class='ocrx_word' id='word_1_433' title='bbox 3347 2879 3478 2922; x_wconf 91' lang='lat' dir='ltr'><strong>mea</strong></span> <span class='ocrx_word' id='word_1_434' title='bbox 3513 2881 3529 2937; x_wconf 89' lang='lat'><strong>;</strong></span> <span class='ocrx_word' id='word_1_435' title='bbox 3573 2880 3749 2942; x_wconf 89' lang='lat' dir='ltr'><strong>quem</strong></span> 
     </span>
    </p>
   </div>
   <div class='ocr_carea' id='block_1_58' title="bbox 376 2942 2025 3031">
    <p class='ocr_par' dir='ltr' id='par_1_58' title="bbox 376 2942 2021 3024">
     <span class='ocr_line' id='line_1_58' title="bbox 376 2942 2021 3024; baseline -0.001 -22"><span class='ocrx_word' id='word_1_436' title='bbox 376 2946 584 3023; x_wconf 70' lang='grc' dir='ltr'>περιῄει</span> <span class='ocrx_word' id='word_1_437' title='bbox 644 2946 839 3020; x_wconf 77' lang='grc' dir='ltr'>γωνίαν</span> <span class='ocrx_word' id='word_1_438' title='bbox 895 2942 1308 3024; x_wconf 59' lang='grc' dir='ltr'>δραπετεύοντας</span> <span class='ocrx_word' id='word_1_439' title='bbox 1363 2945 1483 3009; x_wconf 80' lang='grc' dir='ltr'>τοὺς</span> <span class='ocrx_word' id='word_1_440' title='bbox 1547 2943 1829 3019; x_wconf 81' lang='grc' dir='ltr'>πολεμίους</span> <span class='ocrx_word' id='word_1_441' title='bbox 1898 2947 2021 3001; x_wconf 70' lang='grc' dir='ltr'>επι-</span> 
     </span>
    </p>
   </div>
   <div class='ocr_carea' id='block_1_59' title="bbox 2113 2942 3754 3031">
    <p class='ocr_par' dir='ltr' id='par_1_59' title="bbox 2113 2944 3754 3031">
     <span class='ocr_line' id='line_1_59' title="bbox 2113 2944 3754 3031; baseline 0.005 -26"><span class='ocrx_word' id='word_1_442' title='bbox 2113 2944 2329 3007; x_wconf 89' lang='lat' dir='ltr'><strong>timeho</strong></span> <span class='ocrx_word' id='word_1_443' title='bbox 2357 2947 2390 2998; x_wconf 77' lang='lat'><strong>5</strong></span> <span class='ocrx_word' id='word_1_444' title='bbox 2412 2944 2442 3005; x_wconf 88' lang='lat'><strong>?</strong></span> <span class='ocrx_word' id='word_1_445' title='bbox 2475 2971 2499 3002; x_wconf 75' lang='grc' dir='ltr'><strong><em>η</em></strong></span> <span class='ocrx_word' id='word_1_446' title='bbox 2532 2948 2935 3019; x_wconf 86' lang='lat' dir='ltr'><strong>Quamobrem</strong></span> <span class='ocrx_word' id='word_1_447' title='bbox 2968 2949 3056 3009; x_wconf 91' lang='lat' dir='ltr'><strong>vel</strong></span> <span class='ocrx_word' id='word_1_448' title='bbox 3087 2957 3220 3010; x_wconf 89' lang='lat' dir='ltr'><strong>ante</strong></span> <span class='ocrx_word' id='word_1_449' title='bbox 3251 2949 3591 3011; x_wconf 87' lang='lat' dir='ltr'><strong>conﬂictum</strong></span> <span class='ocrx_word' id='word_1_450' title='bbox 3624 2956 3754 3031; x_wconf 87' lang='lat' dir='ltr'><strong>per-</strong></span> 
     </span>
    </p>
   </div>
   <div class='ocr_carea' id='block_1_60' title="bbox 381 3031 1937 3113">
    <p class='ocr_par' dir='ltr' id='par_1_60' title="bbox 381 3031 1937 3113">
     <span class='ocr_line' id='line_1_60' title="bbox 381 3031 1937 3113; baseline -0.001 -24"><span class='ocrx_word' id='word_1_451' title='bbox 381 3040 580 3107; x_wconf 81' lang='grc' dir='ltr'>ζητῶν,</span> <span class='ocrx_word' id='word_1_452' title='bbox 614 3034 702 3090; x_wconf 85' lang='grc' dir='ltr'><strong>καὶ</strong></span> <span class='ocrx_word' id='word_1_453' title='bbox 730 3032 812 3112; x_wconf 70' lang='grc' dir='ltr'><strong>ἔφ’</strong></span> <span class='ocrx_word' id='word_1_454' title='bbox 844 3035 1043 3111; x_wconf 73' lang='grc' dir='ltr'>ἑκαστῃ</span> <span class='ocrx_word' id='word_1_455' title='bbox 1075 3035 1273 3090; x_wconf 77' lang='grc' dir='ltr'>τούτων</span> <span class='ocrx_word' id='word_1_456' title='bbox 1300 3031 1633 3111; x_wconf 87' lang='grc' dir='ltr'>γονυκλισίας</span> <span class='ocrx_word' id='word_1_457' title='bbox 1665 3031 1937 3113; x_wconf 70' lang='grc' dir='ltr'>ἐφιτελῶν,</span> 
     </span>
    </p>
   </div>
   <div class='ocr_carea' id='block_1_61' title="bbox 459 3297 2027 3377">
    <p class='ocr_par' dir='ltr' id='par_1_61' title="bbox 459 3297 2027 3377">
     <span class='ocr_line' id='line_1_61' title="bbox 459 3297 2027 3377; baseline -0.002 -20"><span class='ocrx_word' id='word_1_458' title='bbox 459 3301 523 3359; x_wconf 84' lang='grc' dir='ltr'><strong>ι’.</strong></span> <span class='ocrx_word' id='word_1_459' title='bbox 586 3298 815 3377; x_wconf 78' lang='grc' dir='ltr'>Ἐσπέρα</span> <span class='ocrx_word' id='word_1_460' title='bbox 872 3310 970 3374; x_wconf 73' lang='grc' dir='ltr'>μὲν</span> <span class='ocrx_word' id='word_1_461' title='bbox 1001 3306 1090 3355; x_wconf 86' lang='grc' dir='ltr'><strong>οῦν</strong></span> <span class='ocrx_word' id='word_1_462' title='bbox 1137 3297 1240 3366; x_wconf 72' lang='grc' dir='ltr'><strong>ἤδη</strong></span> <span class='ocrx_word' id='word_1_463' title='bbox 1298 3302 1388 3374; x_wconf 78' lang='grc' dir='ltr'>ἦν,</span> <span class='ocrx_word' id='word_1_464' title='bbox 1450 3300 1536 3356; x_wconf 80' lang='grc' dir='ltr'><strong>καὶ</strong></span> <span class='ocrx_word' id='word_1_465' title='bbox 1593 3299 1622 3355; x_wconf 88' lang='grc' dir='ltr'><strong>ό</strong></span> <span class='ocrx_word' id='word_1_466' title='bbox 1667 3298 1758 3355; x_wconf 82' lang='grc' dir='ltr'><strong>τοῦ</strong></span> <span class='ocrx_word' id='word_1_467' title='bbox 1808 3298 2027 3361; x_wconf 81' lang='grc' dir='ltr'>σκότους</span> 
     </span>
    </p>
   </div>
   <div class='ocr_carea' id='block_1_62' title="bbox 381 3386 2029 3467">
    <p class='ocr_par' dir='ltr' id='par_1_62' title="bbox 381 3386 2029 3467">
     <span class='ocr_line' id='line_1_62' title="bbox 381 3386 2029 3467; baseline -0.002 -22"><span class='ocrx_word' id='word_1_468' title='bbox 381 3388 569 3467; x_wconf 77' lang='grc' dir='ltr'>ἅρχων</span> <span class='ocrx_word' id='word_1_469' title='bbox 625 3389 820 3467; x_wconf 70' lang='grc' dir='ltr'>παρῆν,</span> <span class='ocrx_word' id='word_1_470' title='bbox 857 3392 940 3443; x_wconf 73' lang='grc' dir='ltr'>καὶ</span> <span class='ocrx_word' id='word_1_471' title='bbox 996 3386 1125 3444; x_wconf 80' lang='grc' dir='ltr'>λίθοι</span> <span class='ocrx_word' id='word_1_472' title='bbox 1160 3389 1292 3445; x_wconf 85' lang='grc' dir='ltr'>κατᾶ</span> <span class='ocrx_word' id='word_1_473' title='bbox 1346 3394 1438 3444; x_wconf 82' lang='grc' dir='ltr'><strong>τού</strong></span> <span class='ocrx_word' id='word_1_474' title='bbox 1484 3387 1684 3455; x_wconf 81' lang='grc' dir='ltr'>Δανιὴλ</span> <span class='ocrx_word' id='word_1_475' title='bbox 1724 3386 2029 3466; x_wconf 80' lang='grc' dir='ltr'>ἐρῥιπτοῦν-</span> 
     </span>
    </p>
   </div>
   <div class='ocr_carea' id='block_1_63' title="bbox 386 3474 2026 3556">
    <p class='ocr_par' dir='ltr' id='par_1_63' title="bbox 386 3474 2026 3556">
     <span class='ocr_line' id='line_1_63' title="bbox 386 3474 2026 3556; baseline 0.001 -25"><span class='ocrx_word' id='word_1_476' title='bbox 386 3499 475 3551; x_wconf 79' lang='grc' dir='ltr'><strong>το,</strong></span> <span class='ocrx_word' id='word_1_477' title='bbox 509 3478 595 3533; x_wconf 83' lang='grc' dir='ltr'><strong>καὶ</strong></span> <span class='ocrx_word' id='word_1_478' title='bbox 622 3479 764 3556; x_wconf 77' lang='grc' dir='ltr'>ἦχος</span> <span class='ocrx_word' id='word_1_479' title='bbox 814 3477 1058 3555; x_wconf 78' lang='grc' dir='ltr'>ἠκούετο,</span> <span class='ocrx_word' id='word_1_480' title='bbox 1090 3480 1178 3532; x_wconf 74' lang='grc' dir='ltr'>καὶ</span> <span class='ocrx_word' id='word_1_481' title='bbox 1350 3478 1643 3554; x_wconf 77' lang='grc' dir='ltr'>συμμιγὴς,</span> <span class='ocrx_word' id='word_1_482' title='bbox 1676 3478 1762 3533; x_wconf 87' lang='grc' dir='ltr'><strong>καὶ</strong></span> <span class='ocrx_word' id='word_1_483' title='bbox 1812 3474 2026 3551; x_wconf 86' lang='grc' dir='ltr'>θόρυϐος</span> 
     </span>
    </p>
   </div>
   <div class='ocr_carea' id='block_1_64' title="bbox 381 3561 2028 3645">
    <p class='ocr_par' dir='ltr' id='par_1_64' title="bbox 381 3561 2028 3645">
     <span class='ocr_line' id='line_1_64' title="bbox 381 3561 2028 3645; baseline 0.001 -27"><span class='ocrx_word' id='word_1_484' title='bbox 381 3561 701 3642; x_wconf 78' lang='grc' dir='ltr'>διηγείρετο.</span> <span class='ocrx_word' id='word_1_485' title='bbox 755 3565 815 3622; x_wconf 88' lang='grc' dir='ltr'>Ὀ</span> <span class='ocrx_word' id='word_1_486' title='bbox 871 3562 924 3619; x_wconf 79' lang='grc' dir='ltr'>δὲ</span> <span class='ocrx_word' id='word_1_487' title='bbox 978 3570 1046 3640; x_wconf 77' lang='grc' dir='ltr'><strong>τῇ</strong></span> <span class='ocrx_word' id='word_1_488' title='bbox 1102 3571 1381 3645; x_wconf 78' lang='grc' dir='ltr'>προσευχῇ</span> <span class='ocrx_word' id='word_1_489' title='bbox 1424 3565 1512 3621; x_wconf 86' lang='grc' dir='ltr'><strong>καὶ</strong></span> <span class='ocrx_word' id='word_1_490' title='bbox 1560 3565 1701 3626; x_wconf 76' lang='grc' dir='ltr'>αὖθις</span> <span class='ocrx_word' id='word_1_491' title='bbox 1760 3585 2028 3641; x_wconf 80' lang='grc' dir='ltr'>προσκαρ-</span> 
     </span>
    </p>
   </div>
   <div class='ocr_carea' id='block_1_65' title="bbox 376 3652 2024 3732">
    <p class='ocr_par' dir='ltr' id='par_1_65' title="bbox 376 3652 2024 3732">
     <span class='ocr_line' id='line_1_65' title="bbox 376 3652 2024 3732; baseline -0.002 -23"><span class='ocrx_word' id='word_1_492' title='bbox 376 3659 544 3730; x_wconf 83' lang='grc' dir='ltr'>τερῶν</span> <span class='ocrx_word' id='word_1_493' title='bbox 580 3654 807 3732; x_wconf 72' lang='grc' dir='ltr'>ἀτρέμας</span> <span class='ocrx_word' id='word_1_494' title='bbox 849 3653 937 3720; x_wconf 74' lang='grc' dir='ltr'>ἦν,</span> <span class='ocrx_word' id='word_1_495' title='bbox 1002 3656 1137 3710; x_wconf 81' lang='grc' dir='ltr'>Εἶτα</span> <span class='ocrx_word' id='word_1_496' title='bbox 1168 3656 1254 3710; x_wconf 85' lang='grc' dir='ltr'><strong>καὶ</strong></span> <span class='ocrx_word' id='word_1_497' title='bbox 1288 3656 1414 3731; x_wconf 82' lang='grc' dir='ltr'>πρὸς</span> <span class='ocrx_word' id='word_1_498' title='bbox 1446 3654 1655 3731; x_wconf 76' lang='grc' dir='ltr'>αὐτοὺς,</span> <span class='ocrx_word' id='word_1_499' title='bbox 1690 3676 1716 3707; x_wconf 76' lang='grc' dir='ltr'><strong>α</strong></span> <span class='ocrx_word' id='word_1_500' title='bbox 1751 3652 1875 3709; x_wconf 77' lang='grc' dir='ltr'><strong>Ἐὰν</strong></span> <span class='ocrx_word' id='word_1_501' title='bbox 1922 3652 2024 3707; x_wconf 84' lang='grc' dir='ltr'>πά-</span> 
     </span>
    </p>
   </div>
   <div class='ocr_carea' id='block_1_66' title="bbox 374 3738 2024 3821">
    <p class='ocr_par' dir='ltr' id='par_1_66' title="bbox 374 3738 2024 3821">
     <span class='ocr_line' id='line_1_66' title="bbox 374 3738 2024 3821; baseline -0.002 -23"><span class='ocrx_word' id='word_1_502' title='bbox 374 3742 638 3821; x_wconf 74' lang='grc' dir='ltr'>ρατάξητε</span> <span class='ocrx_word' id='word_1_503' title='bbox 673 3741 758 3799; x_wconf 81' lang='grc' dir='ltr'><strong>ἐπ’</strong></span> <span class='ocrx_word' id='word_1_504' title='bbox 817 3742 913 3816; x_wconf 71' lang='grc' dir='ltr'>ἐμὲ</span> <span class='ocrx_word' id='word_1_505' title='bbox 957 3739 1327 3819; x_wconf 74' lang='grc' dir='ltr'>παρεμϐολὴν,</span> <span class='ocrx_word' id='word_1_506' title='bbox 1362 3741 1568 3818; x_wconf 77' lang='grc' dir='ltr'>ἔλεγεν,</span> <span class='ocrx_word' id='word_1_507' title='bbox 1602 3743 1660 3797; x_wconf 81' lang='grc' dir='ltr'>οὐ</span> <span class='ocrx_word' id='word_1_508' title='bbox 1718 3738 2024 3820; x_wconf 77' lang='grc' dir='ltr'>φοϐηθήσε-</span> 
     </span>
    </p>
   </div>
   <div class='ocr_carea' id='block_1_67' title="bbox 372 3828 2023 3910">
    <p class='ocr_par' dir='ltr' id='par_1_67' title="bbox 372 3828 2023 3910">
     <span class='ocr_line' id='line_1_67' title="bbox 372 3828 2023 3910; baseline -0.002 -23"><span class='ocrx_word' id='word_1_509' title='bbox 372 3853 461 3887; x_wconf 82' lang='grc' dir='ltr'><strong>ται</strong></span> <span class='ocrx_word' id='word_1_510' title='bbox 490 3833 525 3899; x_wconf 73' lang='grc' dir='ltr'><strong>ἡ</strong></span> <span class='ocrx_word' id='word_1_511' title='bbox 559 3830 742 3910; x_wconf 69' lang='grc' dir='ltr'>καρδια</span> <span class='ocrx_word' id='word_1_512' title='bbox 774 3854 898 3906; x_wconf 87' lang='grc' dir='ltr'>μου.</span> <span class='ocrx_word' id='word_1_513' title='bbox 934 3854 957 3887; x_wconf 81' lang='grc' dir='ltr'><strong>ιι</strong></span> <span class='ocrx_word' id='word_1_514' title='bbox 1010 3831 1182 3889; x_wconf 76' lang='grc' dir='ltr'>Νύκτα</span> <span class='ocrx_word' id='word_1_515' title='bbox 1213 3832 1311 3906; x_wconf 84' lang='grc' dir='ltr'><strong>μέν</strong></span> <span class='ocrx_word' id='word_1_516' title='bbox 1341 3838 1429 3887; x_wconf 88' lang='grc' dir='ltr'><strong>οῦν</strong></span> <span class='ocrx_word' id='word_1_517' title='bbox 1484 3831 1689 3895; x_wconf 80' lang='grc' dir='ltr'>ἐκείνην</span> <span class='ocrx_word' id='word_1_518' title='bbox 1720 3831 1817 3896; x_wconf 77' lang='grc' dir='ltr'>τὴν</span> <span class='ocrx_word' id='word_1_519' title='bbox 1871 3828 2023 3903; x_wconf 85' lang='grc' dir='ltr'>πρώ-</span> 
     </span>
    </p>
   </div>
   <div class='ocr_carea' id='block_1_68' title="bbox 372 3915 2022 3997">
    <p class='ocr_par' dir='ltr' id='par_1_68' title="bbox 372 3915 2022 3997">
     <span class='ocr_line' id='line_1_68' title="bbox 372 3915 2022 3997; baseline -0.002 -22"><span class='ocrx_word' id='word_1_520' title='bbox 372 3943 475 3987; x_wconf 88' lang='grc' dir='ltr'><strong>την</strong></span> <span class='ocrx_word' id='word_1_521' title='bbox 534 3925 622 3975; x_wconf 86' lang='grc' dir='ltr'><strong>καὶ</strong></span> <span class='ocrx_word' id='word_1_522' title='bbox 692 3921 790 3987; x_wconf 71' lang='grc' dir='ltr'>τὴν</span> <span class='ocrx_word' id='word_1_523' title='bbox 854 3920 988 3996; x_wconf 79' lang='grc' dir='ltr'>μετὰ</span> <span class='ocrx_word' id='word_1_524' title='bbox 1059 3928 1221 3977; x_wconf 77' lang='grc' dir='ltr'>ταῦτα</span> <span class='ocrx_word' id='word_1_525' title='bbox 1291 3918 1531 3997; x_wconf 81' lang='grc' dir='ltr'>δευτέραν</span> <span class='ocrx_word' id='word_1_526' title='bbox 1586 3918 1743 3979; x_wconf 68' lang='grc' dir='ltr'>οὕτω,</span> <span class='ocrx_word' id='word_1_527' title='bbox 1801 3918 1909 3984; x_wconf 80' lang='grc' dir='ltr'><strong>Τὴν</strong></span> <span class='ocrx_word' id='word_1_528' title='bbox 1970 3915 2022 3972; x_wconf 78' lang='grc' dir='ltr'>δὲ</span> 
     </span>
    </p>
   </div>
   <div class='ocr_carea' id='block_1_69' title="bbox 372 4007 2027 4087">
    <p class='ocr_par' dir='ltr' id='par_1_69' title="bbox 372 4007 2027 4087">
     <span class='ocr_line' id='line_1_69' title="bbox 372 4007 2027 4087; baseline -0.002 -22"><span class='ocrx_word' id='word_1_529' title='bbox 372 4010 559 4087; x_wconf 78' lang='grc' dir='ltr'>τρίτην</span> <span class='ocrx_word' id='word_1_530' title='bbox 618 4009 917 4086; x_wconf 76' lang='grc' dir='ltr'>ἀνθρώπους</span> <span class='ocrx_word' id='word_1_531' title='bbox 990 4008 1128 4086; x_wconf 76' lang='grc' dir='ltr'>ἑώρα</span> <span class='ocrx_word' id='word_1_532' title='bbox 1185 4015 1262 4083; x_wconf 83' lang='grc' dir='ltr'>τῷ</span> <span class='ocrx_word' id='word_1_533' title='bbox 1333 4008 1539 4083; x_wconf 86' lang='grc' dir='ltr'>μεγέθει</span> <span class='ocrx_word' id='word_1_534' title='bbox 1597 4007 1898 4085; x_wconf 88' lang='grc' dir='ltr'>μεγίστους,</span> <span class='ocrx_word' id='word_1_535' title='bbox 1957 4010 2027 4082; x_wconf 77' lang='grc' dir='ltr'><strong>τῇ</strong></span> 
     </span>
    </p>
   </div>
   <div class='ocr_carea' id='block_1_70' title="bbox 374 4095 2021 4177">
    <p class='ocr_par' dir='ltr' id='par_1_70' title="bbox 374 4095 2021 4177">
     <span class='ocr_line' id='line_1_70' title="bbox 374 4095 2021 4177; baseline -0.002 -25"><span class='ocrx_word' id='word_1_536' title='bbox 374 4102 555 4177; x_wconf 72' lang='grc' dir='ltr'>μορφῇ</span> <span class='ocrx_word' id='word_1_537' title='bbox 622 4095 961 4175; x_wconf 79' lang='grc' dir='ltr'>ἀλλοκότους,</span> <span class='ocrx_word' id='word_1_538' title='bbox 1034 4102 1102 4173; x_wconf 74' lang='grc' dir='ltr'><strong>τῇ</strong></span> <span class='ocrx_word' id='word_1_539' title='bbox 1168 4097 1432 4172; x_wconf 81' lang='grc' dir='ltr'>ὠμότητι,</span> <span class='ocrx_word' id='word_1_540' title='bbox 1488 4097 1562 4159; x_wconf 84' lang='grc' dir='ltr'>ὡς</span> <span class='ocrx_word' id='word_1_541' title='bbox 1627 4095 1848 4165; x_wconf 76' lang='grc' dir='ltr'>εἰκάζειν</span> <span class='ocrx_word' id='word_1_542' title='bbox 1932 4095 2021 4169; x_wconf 70' lang='grc' dir='ltr'>ᾖν,</span> 
     </span>
    </p>
   </div>
   <div class='ocr_carea' id='block_1_71' title="bbox 374 4181 2026 4263">
    <p class='ocr_par' dir='ltr' id='par_1_71' title="bbox 374 4181 2026 4263">
     <span class='ocr_line' id='line_1_71' title="bbox 374 4181 2026 4263; baseline -0.002 -23"><span class='ocrx_word' id='word_1_543' title='bbox 374 4183 759 4263; x_wconf 81' lang='grc' dir='ltr'>σαρκοϐὀρονς,</span> <span class='ocrx_word' id='word_1_544' title='bbox 812 4187 949 4241; x_wconf 74' lang='grc' dir='ltr'>πάνυ</span> <span class='ocrx_word' id='word_1_545' title='bbox 1010 4183 1177 4241; x_wconf 76' lang='grc' dir='ltr'>δεινὸν</span> <span class='ocrx_word' id='word_1_546' title='bbox 1234 4186 1540 4263; x_wconf 85' lang='grc' dir='ltr'>τετριγότας</span> <span class='ocrx_word' id='word_1_547' title='bbox 1597 4185 1683 4239; x_wconf 83' lang='grc' dir='ltr'><strong>καὶ</strong></span> <span class='ocrx_word' id='word_1_548' title='bbox 1750 4181 2026 4238; x_wconf 84' lang='grc' dir='ltr'>ἀπειλοῦν-</span> 
     </span>
    </p>
   </div>
   <div class='ocr_carea' id='block_1_72' title="bbox 370 4271 2021 4353">
    <p class='ocr_par' dir='ltr' id='par_1_72' title="bbox 370 4271 2021 4353">
     <span class='ocr_line' id='line_1_72' title="bbox 370 4271 2021 4353; baseline -0.004 -22"><span class='ocrx_word' id='word_1_549' title='bbox 370 4297 466 4334; x_wconf 79' lang='grc' dir='ltr'><strong>τας</strong></span> <span class='ocrx_word' id='word_1_550' title='bbox 529 4278 606 4347; x_wconf 82' lang='grc' dir='ltr'>τῷ</span> <span class='ocrx_word' id='word_1_551' title='bbox 642 4274 871 4353; x_wconf 75' lang='grc' dir='ltr'>Δανιὴλ,</span> <span class='ocrx_word' id='word_1_552' title='bbox 900 4275 988 4329; x_wconf 83' lang='grc' dir='ltr'><strong>καὶ</strong></span> <span class='ocrx_word' id='word_1_553' title='bbox 1032 4281 1109 4348; x_wconf 84' lang='grc' dir='ltr'>τῷ</span> <span class='ocrx_word' id='word_1_554' title='bbox 1139 4271 1284 4351; x_wconf 73' lang='grc' dir='ltr'>φόϐῳ</span> <span class='ocrx_word' id='word_1_555' title='bbox 1335 4274 1424 4338; x_wconf 75' lang='grc' dir='ltr'><strong>τὰς</strong></span> <span class='ocrx_word' id='word_1_556' title='bbox 1474 4271 1767 4349; x_wconf 76' lang='grc' dir='ltr'>δικολογίας</span> <span class='ocrx_word' id='word_1_557' title='bbox 1822 4271 2021 4345; x_wconf 85' lang='grc' dir='ltr'>ἀναμι-</span> 
     </span>
    </p>
   </div>
   <div class='ocr_carea' id='block_1_73' title="bbox 370 4358 2024 4443">
    <p class='ocr_par' dir='ltr' id='par_1_73' title="bbox 370 4358 2024 4443">
     <span class='ocr_line' id='line_1_73' title="bbox 370 4358 2024 4443; baseline -0.001 -27"><span class='ocrx_word' id='word_1_558' title='bbox 370 4365 619 4443; x_wconf 72' lang='grc' dir='ltr'>γνύντας,</span> <span class='ocrx_word' id='word_1_559' title='bbox 680 4366 787 4434; x_wconf 77' lang='grc' dir='ltr'>καὶ,</span> <span class='ocrx_word' id='word_1_560' title='bbox 854 4364 942 4427; x_wconf 86' lang='grc' dir='ltr'>Τίς</span> <span class='ocrx_word' id='word_1_561' title='bbox 1006 4385 1087 4435; x_wconf 90' lang='grc' dir='ltr'><strong>σε,</strong></span> <span class='ocrx_word' id='word_1_562' title='bbox 1141 4362 1414 4441; x_wconf 77' lang='grc' dir='ltr'>λέγοντας,</span> <span class='ocrx_word' id='word_1_563' title='bbox 1468 4361 1634 4430; x_wconf 78' lang='grc' dir='ltr'>ἄθλιε,</span> <span class='ocrx_word' id='word_1_564' title='bbox 1694 4360 1759 4416; x_wconf 78' lang='grc' dir='ltr'>τὰ</span> <span class='ocrx_word' id='word_1_565' title='bbox 1806 4358 2024 4414; x_wconf 76' lang='grc' dir='ltr'>ἐνταῦθα</span> 
     </span>
    </p>
   </div>
   <div class='ocr_carea' id='block_1_74' title="bbox 2107 3034 3753 3118">
    <p class='ocr_par' dir='ltr' id='par_1_74' title="bbox 2107 3034 3753 3118">
     <span class='ocr_line' id='line_1_74' title="bbox 2107 3034 3753 3118; baseline 0.004 -23"><span class='ocrx_word' id='word_1_566' title='bbox 2107 3034 2311 3095; x_wconf 86' lang='lat' dir='ltr'><strong>territa</strong></span> <span class='ocrx_word' id='word_1_567' title='bbox 2369 3035 2497 3115; x_wconf 91' lang='lat' dir='ltr'><strong>ipsa</strong></span> <span class='ocrx_word' id='word_1_568' title='bbox 2546 3036 2836 3117; x_wconf 85' lang='lat' dir='ltr'><strong>phalange</strong></span> <span class='ocrx_word' id='word_1_569' title='bbox 2886 3036 3244 3118; x_wconf 64' lang='lat' dir='ltr'><strong>daemonum,</strong></span> <span class='ocrx_word' id='word_1_570' title='bbox 3292 3036 3497 3099; x_wconf 88' lang='lat' dir='ltr'><strong>obibat</strong></span> <span class='ocrx_word' id='word_1_571' title='bbox 3543 3057 3753 3102; x_wconf 88' lang='lat' dir='ltr'><strong>omnes</strong></span> 
     </span>
    </p>
   </div>
   <div class='ocr_carea' id='block_1_75' title="bbox 2109 3122 3747 3204">
    <p class='ocr_par' dir='ltr' id='par_1_75' title="bbox 2109 3122 3747 3204">
     <span class='ocr_line' id='line_1_75' title="bbox 2109 3122 3747 3204; baseline 0.004 -21"><span class='ocrx_word' id='word_1_572' title='bbox 2109 3122 2377 3201; x_wconf 86' lang='lat' dir='ltr'><strong>angulos,</strong></span> <span class='ocrx_word' id='word_1_573' title='bbox 2409 3140 2682 3204; x_wconf 62' lang='lat' dir='ltr'><strong>quaerens</strong></span> <span class='ocrx_word' id='word_1_574' title='bbox 2736 3125 3029 3203; x_wconf 78' lang='lat' dir='ltr'><strong>fugientes</strong></span> <span class='ocrx_word' id='word_1_575' title='bbox 3058 3126 3358 3188; x_wconf 68' lang='lat' dir='ltr'><strong>daemones</strong></span> <span class='ocrx_word' id='word_1_576' title='bbox 3405 3136 3466 3187; x_wconf 94' lang='lat' dir='ltr'><strong>et</strong></span> <span class='ocrx_word' id='word_1_577' title='bbox 3492 3127 3553 3188; x_wconf 91' lang='lat' dir='ltr'><strong>in</strong></span> <span class='ocrx_word' id='word_1_578' title='bbox 3596 3147 3747 3190; x_wconf 91' lang='lat' dir='ltr'><strong>uno-</strong></span> 
     </span>
    </p>
   </div>
   <div class='ocr_carea' id='block_1_76' title="bbox 2110 3214 3104 3292">
    <p class='ocr_par' dir='ltr' id='par_1_76' title="bbox 2110 3214 3104 3292">
     <span class='ocr_line' id='line_1_76' title="bbox 2110 3214 3104 3292; baseline 0.001 -22"><span class='ocrx_word' id='word_1_579' title='bbox 2110 3229 2345 3290; x_wconf 89' lang='lat' dir='ltr'><strong>quoque</strong></span> <span class='ocrx_word' id='word_1_580' title='bbox 2377 3230 2583 3272; x_wconf 90' lang='lat' dir='ltr'><strong>eorum</strong></span> <span class='ocrx_word' id='word_1_581' title='bbox 2616 3214 2864 3275; x_wconf 88' lang='lat' dir='ltr'><strong>ﬂectens</strong></span> <span class='ocrx_word' id='word_1_582' title='bbox 2891 3231 3104 3292; x_wconf 86' lang='lat' dir='ltr'><strong>genua.</strong></span> 
     </span>
    </p>
   </div>
   <div class='ocr_carea' id='block_1_77' title="bbox 2191 3297 3753 3384">
    <p class='ocr_par' dir='ltr' id='par_1_77' title="bbox 2191 3297 3753 3384">
     <span class='ocr_line' id='line_1_77' title="bbox 2191 3297 3753 3384; baseline 0.004 -24"><span class='ocrx_word' id='word_1_583' title='bbox 2191 3297 2264 3363; x_wconf 88' lang='lat' dir='ltr'><strong>X.</strong></span> <span class='ocrx_word' id='word_1_584' title='bbox 2318 3299 2509 3379; x_wconf 83' lang='lat' dir='ltr'><strong>Atque</strong></span> <span class='ocrx_word' id='word_1_585' title='bbox 2530 3301 2654 3379; x_wconf 89' lang='lat' dir='ltr'><strong>jam</strong></span> <span class='ocrx_word' id='word_1_586' title='bbox 2688 3301 2926 3381; x_wconf 91' lang='lat' dir='ltr'><strong>quidem</strong></span> <span class='ocrx_word' id='word_1_587' title='bbox 2958 3310 3087 3363; x_wconf 88' lang='lat' dir='ltr'><strong>erat</strong></span> <span class='ocrx_word' id='word_1_588' title='bbox 3145 3318 3415 3384; x_wconf 90' lang='lat' dir='ltr'><strong>vespera,</strong></span> <span class='ocrx_word' id='word_1_589' title='bbox 3450 3312 3511 3364; x_wconf 89' lang='lat' dir='ltr'><strong>et</strong></span> <span class='ocrx_word' id='word_1_590' title='bbox 3548 3303 3753 3367; x_wconf 82' lang='lat' dir='ltr'><strong>aderat</strong></span> 
     </span>
    </p>
   </div>
   <div class='ocr_carea' id='block_1_78' title="bbox 2115 3386 3752 3471">
    <p class='ocr_par' dir='ltr' id='par_1_78' title="bbox 2115 3386 3752 3471">
     <span class='ocr_line' id='line_1_78' title="bbox 2115 3386 3752 3471; baseline 0.004 -25"><span class='ocrx_word' id='word_1_591' title='bbox 2115 3386 2393 3466; x_wconf 83' lang='lat' dir='ltr'><strong>princeps</strong></span> <span class='ocrx_word' id='word_1_592' title='bbox 2425 3386 2805 3449; x_wconf 88' lang='lat' dir='ltr'><strong>tenebrarum</strong></span> <span class='ocrx_word' id='word_1_593' title='bbox 2826 3399 2882 3450; x_wconf 90' lang='lat' dir='ltr'><strong>et</strong></span> <span class='ocrx_word' id='word_1_594' title='bbox 2895 3389 3270 3468; x_wconf 89' lang='lat' dir='ltr'><strong>jaciebantur</strong></span> <span class='ocrx_word' id='word_1_595' title='bbox 3298 3390 3526 3471; x_wconf 88' lang='lat' dir='ltr'><strong>lapides</strong></span> <span class='ocrx_word' id='word_1_596' title='bbox 3555 3392 3614 3452; x_wconf 91' lang='lat' dir='ltr'><strong>in</strong></span> <span class='ocrx_word' id='word_1_597' title='bbox 3641 3394 3752 3455; x_wconf 88' lang='lat' dir='ltr'><strong>Da-</strong></span> 
     </span>
    </p>
   </div>
   <div class='ocr_carea' id='block_1_79' title="bbox 2113 3475 3749 3558">
    <p class='ocr_par' dir='ltr' id='par_1_79' title="bbox 2113 3475 3749 3558">
     <span class='ocr_line' id='line_1_79' title="bbox 2113 3475 3749 3558; baseline 0.005 -23"><span class='ocrx_word' id='word_1_598' title='bbox 2113 3475 2357 3548; x_wconf 88' lang='lat' dir='ltr'><strong>nielem,</strong></span> <span class='ocrx_word' id='word_1_599' title='bbox 2392 3485 2451 3536; x_wconf 91' lang='lat' dir='ltr'><strong>et</strong></span> <span class='ocrx_word' id='word_1_600' title='bbox 2482 3493 2663 3537; x_wconf 90' lang='lat' dir='ltr'><strong>sonus</strong></span> <span class='ocrx_word' id='word_1_601' title='bbox 2693 3477 3071 3558; x_wconf 89' lang='lat' dir='ltr'><strong>audiebatur,</strong></span> <span class='ocrx_word' id='word_1_602' title='bbox 3105 3486 3163 3537; x_wconf 92' lang='lat' dir='ltr'><strong>et</strong></span> <span class='ocrx_word' id='word_1_603' title='bbox 3190 3479 3429 3539; x_wconf 86' lang='lat' dir='ltr'><strong>confusa</strong></span> <span class='ocrx_word' id='word_1_604' title='bbox 3460 3479 3749 3543; x_wconf 88' lang='lat' dir='ltr'><strong>vocifera-</strong></span> 
     </span>
    </p>
   </div>
   <div class='ocr_carea' id='block_1_80' title="bbox 2112 3563 3750 3644">
    <p class='ocr_par' dir='ltr' id='par_1_80' title="bbox 2112 3563 3750 3644">
     <span class='ocr_line' id='line_1_80' title="bbox 2112 3563 3750 3644; baseline 0.005 -22"><span class='ocrx_word' id='word_1_605' title='bbox 2112 3563 2192 3623; x_wconf 92' lang='lat' dir='ltr'><strong>tio</strong></span> <span class='ocrx_word' id='word_1_606' title='bbox 2242 3570 2300 3623; x_wconf 91' lang='lat' dir='ltr'><strong>et</strong></span> <span class='ocrx_word' id='word_1_607' title='bbox 2350 3563 2633 3644; x_wconf 87' lang='lat' dir='ltr'><strong>strepitus</strong></span> <span class='ocrx_word' id='word_1_608' title='bbox 2686 3566 3072 3628; x_wconf 81' lang='lat' dir='ltr'><strong>excitabatur.</strong></span> <span class='ocrx_word' id='word_1_609' title='bbox 3131 3563 3237 3625; x_wconf 86' lang='lat' dir='ltr'><strong>Ille</strong></span> <span class='ocrx_word' id='word_1_610' title='bbox 3294 3576 3489 3626; x_wconf 88' lang='lat' dir='ltr'><strong>autem</strong></span> <span class='ocrx_word' id='word_1_611' title='bbox 3546 3586 3750 3629; x_wconf 88' lang='lat' dir='ltr'><strong>rursus</strong></span> 
     </span>
    </p>
   </div>
   <div class='ocr_carea' id='block_1_81' title="bbox 2112 3652 3751 3733">
    <p class='ocr_par' dir='ltr' id='par_1_81' title="bbox 2112 3652 3751 3733">
     <span class='ocr_line' id='line_1_81' title="bbox 2112 3652 3751 3733; baseline 0.004 -22"><span class='ocrx_word' id='word_1_612' title='bbox 2112 3668 2499 3730; x_wconf 84' lang='lat' dir='ltr'><strong>perseverans</strong></span> <span class='ocrx_word' id='word_1_613' title='bbox 2528 3652 2589 3711; x_wconf 88' lang='lat' dir='ltr'><strong>in</strong></span> <span class='ocrx_word' id='word_1_614' title='bbox 2647 3653 2938 3733; x_wconf 89' lang='lat' dir='ltr'><strong>oratione,</strong></span> <span class='ocrx_word' id='word_1_615' title='bbox 2972 3652 3163 3712; x_wconf 90' lang='lat' dir='ltr'><strong>stabat</strong></span> <span class='ocrx_word' id='word_1_616' title='bbox 3212 3653 3473 3732; x_wconf 89' lang='lat' dir='ltr'><strong>quietus.</strong></span> <span class='ocrx_word' id='word_1_617' title='bbox 3523 3653 3751 3717; x_wconf 90' lang='lat' dir='ltr'><strong>Deinde</strong></span> 
     </span>
    </p>
   </div>
   <div class='ocr_carea' id='block_1_82' title="bbox 2111 3736 3747 3820">
    <p class='ocr_par' dir='ltr' id='par_1_82' title="bbox 2111 3736 3747 3820">
     <span class='ocr_line' id='line_1_82' title="bbox 2111 3736 3747 3820; baseline 0.002 -21"><span class='ocrx_word' id='word_1_618' title='bbox 2111 3737 2181 3799; x_wconf 87' lang='lat' dir='ltr'><strong>ad</strong></span> <span class='ocrx_word' id='word_1_619' title='bbox 2216 3756 2355 3799; x_wconf 90' lang='lat' dir='ltr'><strong>eos:</strong></span> <span class='ocrx_word' id='word_1_620' title='bbox 2399 3736 2495 3801; x_wconf 75' lang='lat' dir='ltr'><strong>«Si</strong></span> <span class='ocrx_word' id='word_1_621' title='bbox 2527 3740 2808 3801; x_wconf 89' lang='lat' dir='ltr'><strong>adversus</strong></span> <span class='ocrx_word' id='word_1_622' title='bbox 2838 3758 2957 3820; x_wconf 91' lang='lat' dir='ltr'><strong>me,</strong></span> <span class='ocrx_word' id='word_1_623' title='bbox 2987 3740 3245 3820; x_wconf 86' lang='lat' dir='ltr'><strong>dicebat,</strong></span> <span class='ocrx_word' id='word_1_624' title='bbox 3269 3750 3494 3802; x_wconf 76' lang='lat' dir='ltr'><strong>structa</strong></span> <span class='ocrx_word' id='word_1_625' title='bbox 3523 3743 3747 3803; x_wconf 89' lang='lat' dir='ltr'><strong>consti-</strong></span> 
     </span>
    </p>
   </div>
   <div class='ocr_carea' id='block_1_83' title="bbox 2108 3825 3748 3911">
    <p class='ocr_par' dir='ltr' id='par_1_83' title="bbox 2108 3825 3748 3911">
     <span class='ocr_line' id='line_1_83' title="bbox 2108 3825 3748 3911; baseline 0.003 -25"><span class='ocrx_word' id='word_1_626' title='bbox 2108 3825 2568 3907; x_wconf 75' lang='lat' dir='ltr'><strong>teritacies,non</strong></span> <span class='ocrx_word' id='word_1_627' title='bbox 2600 3827 2825 3889; x_wconf 82' lang='lat' dir='ltr'><strong>timebit</strong></span> <span class='ocrx_word' id='word_1_628' title='bbox 2848 3846 2952 3890; x_wconf 91' lang='lat' dir='ltr'><strong>cor</strong></span> <span class='ocrx_word' id='word_1_629' title='bbox 2986 3846 3182 3889; x_wconf 90' lang='lat' dir='ltr'><strong>meum</strong></span> <span class='ocrx_word' id='word_1_630' title='bbox 3199 3829 3287 3892; x_wconf 70' lang='grc'><strong>6.-</strong></span> <span class='ocrx_word' id='word_1_631' title='bbox 3326 3827 3582 3890; x_wconf 88' lang='lat' dir='ltr'><strong>Primam</strong></span> <span class='ocrx_word' id='word_1_632' title='bbox 3609 3849 3748 3911; x_wconf 90' lang='lat' dir='ltr'><strong>ergo</strong></span> 
     </span>
    </p>
   </div>
   <div class='ocr_carea' id='block_1_84' title="bbox 2108 3914 3750 3996">
    <p class='ocr_par' dir='ltr' id='par_1_84' title="bbox 2108 3914 3750 3996">
     <span class='ocr_line' id='line_1_84' title="bbox 2108 3914 3750 3996; baseline 0.003 -22"><span class='ocrx_word' id='word_1_633' title='bbox 2108 3914 2265 3974; x_wconf 88' lang='lat' dir='ltr'><strong>illam</strong></span> <span class='ocrx_word' id='word_1_634' title='bbox 2300 3923 2558 3987; x_wconf 90' lang='lat' dir='ltr'><strong>noctem,</strong></span> <span class='ocrx_word' id='word_1_635' title='bbox 2595 3924 2654 3976; x_wconf 92' lang='lat' dir='ltr'><strong>et</strong></span> <span class='ocrx_word' id='word_1_636' title='bbox 2685 3915 3039 3987; x_wconf 87' lang='lat' dir='ltr'><strong>secundam,</strong></span> <span class='ocrx_word' id='word_1_637' title='bbox 3074 3934 3202 3995; x_wconf 77' lang='lat' dir='ltr'><strong>qua:</strong></span> <span class='ocrx_word' id='word_1_638' title='bbox 3249 3925 3451 3996; x_wconf 89' lang='lat' dir='ltr'><strong>postea</strong></span> <span class='ocrx_word' id='word_1_639' title='bbox 3481 3926 3570 3978; x_wconf 90' lang='lat' dir='ltr'><strong>est</strong></span> <span class='ocrx_word' id='word_1_640' title='bbox 3600 3936 3750 3979; x_wconf 86' lang='lat' dir='ltr'><strong>con-</strong></span> 
     </span>
    </p>
   </div>
   <div class='ocr_carea' id='block_1_85' title="bbox 2107 4002 3751 4073">
    <p class='ocr_par' dir='ltr' id='par_1_85' title="bbox 2107 4002 3751 4073">
     <span class='ocr_line' id='line_1_85' title="bbox 2107 4002 3751 4073; baseline 0.004 -11"><span class='ocrx_word' id='word_1_641' title='bbox 2107 4011 2329 4073; x_wconf 89' lang='lat' dir='ltr'><strong>secuta,</strong></span> <span class='ocrx_word' id='word_1_642' title='bbox 2355 4002 2440 4062; x_wconf 85' lang='lat' dir='ltr'><strong>sic.</strong></span> <span class='ocrx_word' id='word_1_643' title='bbox 2470 4003 2820 4065; x_wconf 85' lang='lat' dir='ltr'><strong>transmisit.</strong></span> <span class='ocrx_word' id='word_1_644' title='bbox 2855 4003 3055 4066; x_wconf 86' lang='lat' dir='ltr'><strong>Tertia</strong></span> <span class='ocrx_word' id='word_1_645' title='bbox 3076 4011 3270 4065; x_wconf 90' lang='lat' dir='ltr'><strong>autem</strong></span> <span class='ocrx_word' id='word_1_646' title='bbox 3302 4005 3444 4065; x_wconf 91' lang='lat' dir='ltr'><strong>vidit</strong></span> <span class='ocrx_word' id='word_1_647' title='bbox 3474 4006 3751 4069; x_wconf 85' lang='lat' dir='ltr'><strong>homines</strong></span> 
     </span>
    </p>
   </div>
   <div class='ocr_carea' id='block_1_86' title="bbox 2111 4088 3745 4171">
    <p class='ocr_par' dir='ltr' id='par_1_86' title="bbox 2111 4088 3745 4171">
     <span class='ocr_line' id='line_1_86' title="bbox 2111 4088 3745 4171; baseline 0.004 -21"><span class='ocrx_word' id='word_1_648' title='bbox 2111 4088 2516 4168; x_wconf 84' lang='lat' dir='ltr'><strong>magnitudine</strong></span> <span class='ocrx_word' id='word_1_649' title='bbox 2552 4090 2862 4166; x_wconf 80' lang='lat' dir='ltr'><strong>maximos,</strong></span> <span class='ocrx_word' id='word_1_650' title='bbox 2884 4092 3069 4152; x_wconf 89' lang='lat' dir='ltr'><strong>forma</strong></span> <span class='ocrx_word' id='word_1_651' title='bbox 3101 4093 3350 4168; x_wconf 86' lang='lat' dir='ltr'><strong>alienos,</strong></span> <span class='ocrx_word' id='word_1_652' title='bbox 3375 4094 3745 4171; x_wconf 87' lang='lat' dir='ltr'><strong>crudelitate,</strong></span> 
     </span>
    </p>
   </div>
   <div class='ocr_carea' id='block_1_87' title="bbox 2106 4178 3752 4259">
    <p class='ocr_par' dir='ltr' id='par_1_87' title="bbox 2106 4178 3752 4259">
     <span class='ocr_line' id='line_1_87' title="bbox 2106 4178 3752 4259; baseline 0.004 -21"><span class='ocrx_word' id='word_1_653' title='bbox 2106 4187 2391 4255; x_wconf 90' lang='lat' dir='ltr'><strong>quantum</strong></span> <span class='ocrx_word' id='word_1_654' title='bbox 2412 4178 2629 4240; x_wconf 88' lang='lat' dir='ltr'><strong>licebat</strong></span> <span class='ocrx_word' id='word_1_655' title='bbox 2651 4178 2976 4259; x_wconf 88' lang='lat' dir='ltr'><strong>conjicere,</strong></span> <span class='ocrx_word' id='word_1_656' title='bbox 3006 4180 3365 4250; x_wconf 77' lang='lat' dir='ltr'><strong>carnivoros,</strong></span> <span class='ocrx_word' id='word_1_657' title='bbox 3390 4181 3752 4246; x_wconf 89' lang='lat' dir='ltr'><strong>horribiliter</strong></span> 
     </span>
    </p>
   </div>
   <div class='ocr_carea' id='block_1_88' title="bbox 2106 4268 3748 4348">
    <p class='ocr_par' dir='ltr' id='par_1_88' title="bbox 2106 4268 3748 4348">
     <span class='ocr_line' id='line_1_88' title="bbox 2106 4268 3748 4348; baseline 0.002 -21"><span class='ocrx_word' id='word_1_658' title='bbox 2106 4269 2450 4343; x_wconf 82' lang='lat' dir='ltr'><strong>stridentes,</strong></span> <span class='ocrx_word' id='word_1_659' title='bbox 2490 4276 2548 4329; x_wconf 92' lang='lat' dir='ltr'><strong>et</strong></span> <span class='ocrx_word' id='word_1_660' title='bbox 2601 4273 2894 4329; x_wconf 88' lang='lat' dir='ltr'><strong>minantes</strong></span> <span class='ocrx_word' id='word_1_661' title='bbox 2947 4268 3200 4348; x_wconf 85' lang='lat' dir='ltr'><strong>Danieli,</strong></span> <span class='ocrx_word' id='word_1_662' title='bbox 3236 4277 3293 4330; x_wconf 90' lang='lat' dir='ltr'><strong>et</strong></span> <span class='ocrx_word' id='word_1_663' title='bbox 3342 4269 3523 4329; x_wconf 91' lang='lat' dir='ltr'><strong>metui</strong></span> <span class='ocrx_word' id='word_1_664' title='bbox 3552 4270 3748 4331; x_wconf 86' lang='lat' dir='ltr'><strong>admi-</strong></span> 
     </span>
    </p>
   </div>
   <div class='ocr_carea' id='block_1_89' title="bbox 2107 4355 3751 4431">
    <p class='ocr_par' dir='ltr' id='par_1_89' title="bbox 2107 4355 3751 4431">
     <span class='ocr_line' id='line_1_89' title="bbox 2107 4355 3751 4431; baseline 0.003 -16"><span class='ocrx_word' id='word_1_665' title='bbox 2107 4363 2344 4416; x_wconf 89' lang='lat' dir='ltr'><strong>scentes</strong></span> <span class='ocrx_word' id='word_1_666' title='bbox 2380 4373 2504 4417; x_wconf 64' lang='lat' dir='ltr'><strong>sua;</strong></span> <span class='ocrx_word' id='word_1_667' title='bbox 2534 4374 2729 4418; x_wconf 64' lang='lat' dir='ltr'><strong>causa;</strong></span> <span class='ocrx_word' id='word_1_668' title='bbox 2772 4355 3207 4431; x_wconf 82' lang='lat' dir='ltr'><strong>defensionem,</strong></span> <span class='ocrx_word' id='word_1_669' title='bbox 3242 4357 3511 4418; x_wconf 84' lang='lat' dir='ltr'><strong>dicentes</strong></span> <span class='ocrx_word' id='word_1_670' title='bbox 3544 4376 3557 4419; x_wconf 90' lang='lat'>:</span> <span class='ocrx_word' id='word_1_671' title='bbox 3609 4358 3751 4430; x_wconf 88' lang='lat' dir='ltr'><strong>Quis</strong></span> 
     </span>
    </p>
   </div>
   <div class='ocr_carea' id='block_1_90' title="bbox 373 4439 2025 4527">
    <p class='ocr_par' dir='ltr' id='par_1_90' title="bbox 373 4439 2024 4527">
     <span class='ocr_line' id='line_1_90' title="bbox 373 4439 2024 4527; baseline -0.004 -18"><span class='ocrx_word' id='word_1_672' title='bbox 373 4439 700 4509; x_wconf 81' lang='grc' dir='ltr'>καταλαϐεῖν</span> <span class='ocrx_word' id='word_1_673' title='bbox 761 4451 964 4508; x_wconf 81' lang='grc' dir='ltr'>ἔπεισεν</span> <span class='ocrx_word' id='word_1_674' title='bbox 1000 4469 1015 4527; x_wconf 86' lang='grc'>;</span> <span class='ocrx_word' id='word_1_675' title='bbox 1047 4454 1134 4507; x_wconf 82' lang='grc' dir='ltr'>ὅτε</span> <span class='ocrx_word' id='word_1_676' title='bbox 1184 4439 1274 4508; x_wconf 82' lang='grc' dir='ltr'><strong>καὶ</strong></span> <span class='ocrx_word' id='word_1_677' title='bbox 1330 4439 1493 4525; x_wconf 67' lang='grc' dir='ltr'>μηδέν</span> <span class='ocrx_word' id='word_1_678' title='bbox 1550 4446 1757 4527; x_wconf 78' lang='grc' dir='ltr'>ἄλλο,ὅ</span> <span class='ocrx_word' id='word_1_679' title='bbox 1806 4469 1866 4526; x_wconf 87' lang='grc' dir='ltr'><strong>γε</strong></span> <span class='ocrx_word' id='word_1_680' title='bbox 1894 4446 2024 4525; x_wconf 72' lang='grc' dir='ltr'><strong>χρὸ-</strong></span> 
     </span>
    </p>
   </div>
   <div class='ocr_carea' id='block_1_91' title="bbox 2113 4439 3748 4527">
    <p class='ocr_par' dir='ltr' id='par_1_91' title="bbox 2113 4443 3748 4525">
     <span class='ocr_line' id='line_1_91' title="bbox 2113 4443 3748 4525; baseline 0.003 -22"><span class='ocrx_word' id='word_1_681' title='bbox 2113 4443 2242 4518; x_wconf 87' lang='lat' dir='ltr'><strong>tibi,</strong></span> <span class='ocrx_word' id='word_1_682' title='bbox 2276 4463 2309 4505; x_wconf 91' lang='grc' dir='ltr'><strong>ο</strong></span> <span class='ocrx_word' id='word_1_683' title='bbox 2355 4443 2582 4524; x_wconf 82' lang='lat' dir='ltr'><strong>infelix,</strong></span> <span class='ocrx_word' id='word_1_684' title='bbox 2611 4454 2676 4506; x_wconf 91' lang='lat' dir='ltr'><strong>ut</strong></span> <span class='ocrx_word' id='word_1_685' title='bbox 2707 4445 2822 4505; x_wconf 90' lang='lat' dir='ltr'><strong>huc</strong></span> <span class='ocrx_word' id='word_1_686' title='bbox 2875 4446 3129 4523; x_wconf 87' lang='lat' dir='ltr'><strong>venires,</strong></span> <span class='ocrx_word' id='word_1_687' title='bbox 3170 4446 3478 4525; x_wconf 89' lang='lat' dir='ltr'><strong>persuasit,</strong></span> <span class='ocrx_word' id='word_1_688' title='bbox 3510 4445 3748 4521; x_wconf 89' lang='lat' dir='ltr'><strong>quando</strong></span> 
     </span>
    </p>
   </div>
   <div class='ocr_carea' id='block_1_92' title="bbox 376 4534 2027 4616">
    <p class='ocr_par' dir='ltr' id='par_1_92' title="bbox 376 4534 2027 4616">
     <span class='ocr_line' id='line_1_92' title="bbox 376 4534 2027 4616; baseline -0.004 -20"><span class='ocrx_word' id='word_1_689' title='bbox 376 4564 462 4605; x_wconf 89' lang='grc' dir='ltr'><strong>νος</strong></span> <span class='ocrx_word' id='word_1_690' title='bbox 522 4542 580 4596; x_wconf 87' lang='grc' dir='ltr'>ὃν</span> <span class='ocrx_word' id='word_1_691' title='bbox 606 4540 765 4615; x_wconf 60' lang='grc' dir='ltr'>έίςαέν</span> <span class='ocrx_word' id='word_1_692' title='bbox 824 4541 1043 4599; x_wconf 79' lang='grc' dir='ltr'>ἐνταῦθα</span> <span class='ocrx_word' id='word_1_693' title='bbox 1103 4538 1309 4616; x_wconf 76' lang='grc' dir='ltr'>κυρίους</span> <span class='ocrx_word' id='word_1_694' title='bbox 1367 4539 1511 4613; x_wconf 78' lang='grc' dir='ltr'>ἡμᾶς</span> <span class='ocrx_word' id='word_1_695' title='bbox 1559 4534 1662 4604; x_wconf 71' lang='grc' dir='ltr'>ἤδη</span> <span class='ocrx_word' id='word_1_696' title='bbox 1721 4544 1811 4592; x_wconf 86' lang='grc' dir='ltr'><strong>τοῦ</strong></span> <span class='ocrx_word' id='word_1_697' title='bbox 1862 4537 2027 4591; x_wconf 88' lang='grc' dir='ltr'>τόπου</span> 
     </span>
    </p>
   </div>
   <div class='ocr_carea' id='block_1_93' title="bbox 375 4621 2027 4700">
    <p class='ocr_par' dir='ltr' id='par_1_93' title="bbox 375 4621 2027 4700">
     <span class='ocr_line' id='line_1_93' title="bbox 375 4621 2027 4700; baseline -0.007 -15"><span class='ocrx_word' id='word_1_698' title='bbox 375 4628 626 4691; x_wconf 85' lang='grc' dir='ltr'>δείκνυσι.</span> <span class='ocrx_word' id='word_1_699' title='bbox 705 4630 801 4686; x_wconf 83' lang='grc' dir='ltr'><strong>Καὶ</strong></span> <span class='ocrx_word' id='word_1_700' title='bbox 870 4629 1075 4684; x_wconf 85' lang='grc' dir='ltr'>ταύτων</span> <span class='ocrx_word' id='word_1_701' title='bbox 1136 4629 1183 4682; x_wconf 78' lang='grc' dir='ltr'>οἱ</span> <span class='ocrx_word' id='word_1_702' title='bbox 1255 4626 1351 4700; x_wconf 79' lang='grc' dir='ltr'>μὲν</span> <span class='ocrx_word' id='word_1_703' title='bbox 1423 4627 1495 4688; x_wconf 75' lang='grc' dir='ltr'><strong>εἰς</strong></span> <span class='ocrx_word' id='word_1_704' title='bbox 1552 4622 1811 4679; x_wconf 69' lang='grc' dir='ltr'>θάλατταν</span> <span class='ocrx_word' id='word_1_705' title='bbox 1868 4621 2027 4677; x_wconf 77' lang='grc' dir='ltr'>αύτὸν</span> 
     </span>
    </p>
   </div>
   <div class='ocr_carea' id='block_1_94' title="bbox 377 4710 2027 4791">
    <p class='ocr_par' dir='ltr' id='par_1_94' title="bbox 377 4710 2027 4791">
     <span class='ocr_line' id='line_1_94' title="bbox 377 4710 2027 4791; baseline -0.006 -18"><span class='ocrx_word' id='word_1_706' title='bbox 377 4715 635 4791; x_wconf 69' lang='grc' dir='ltr'>ἐμϐαλεῖν</span> <span class='ocrx_word' id='word_1_707' title='bbox 688 4715 962 4790; x_wconf 72' lang='grc' dir='ltr'>ἠπείλουν,</span> <span class='ocrx_word' id='word_1_708' title='bbox 1026 4718 1073 4771; x_wconf 78' lang='grc' dir='ltr'>οἱ</span> <span class='ocrx_word' id='word_1_709' title='bbox 1117 4713 1170 4770; x_wconf 84' lang='grc' dir='ltr'><strong>δε</strong></span> <span class='ocrx_word' id='word_1_710' title='bbox 1225 4716 1311 4769; x_wconf 89' lang='grc' dir='ltr'><strong>καὶ</strong></span> <span class='ocrx_word' id='word_1_711' title='bbox 1383 4714 1525 4776; x_wconf 70' lang='grc' dir='ltr'>αὖθις</span> <span class='ocrx_word' id='word_1_712' title='bbox 1586 4710 1755 4774; x_wconf 82' lang='grc' dir='ltr'>λίθους</span> <span class='ocrx_word' id='word_1_713' title='bbox 1807 4710 2027 4788; x_wconf 69' lang='grc' dir='ltr'>ἠφίεσαν</span> 
     </span>
    </p>
   </div>
   <div class='ocr_carea' id='block_1_95' title="bbox 381 4796 2021 4883">
    <p class='ocr_par' dir='ltr' id='par_1_95' title="bbox 381 4796 2021 4883">
     <span class='ocr_line' id='line_1_95' title="bbox 381 4796 2021 4883; baseline -0.003 -22"><span class='ocrx_word' id='word_1_714' title='bbox 381 4804 701 4883; x_wconf 69' lang='grc' dir='ltr'>εὐμεγέθεις·</span> <span class='ocrx_word' id='word_1_715' title='bbox 790 4802 953 4865; x_wconf 75' lang='grc' dir='ltr'>οὐδεὶς</span> <span class='ocrx_word' id='word_1_716' title='bbox 1026 4806 1205 4877; x_wconf 79' lang='grc' dir='ltr'>μέντοι</span> <span class='ocrx_word' id='word_1_717' title='bbox 1288 4803 1428 4874; x_wconf 69' lang='grc' dir='ltr'>αὒτῷ</span> <span class='ocrx_word' id='word_1_718' title='bbox 1499 4801 1722 4878; x_wconf 69' lang='grc' dir='ltr'>ἐγγίζειν</span> <span class='ocrx_word' id='word_1_719' title='bbox 1802 4796 2021 4876; x_wconf 70' lang='grc' dir='ltr'>ἐθάρρει.</span> 
     </span>
    </p>
   </div>
   <div class='ocr_carea' id='block_1_96' title="bbox 380 4885 2026 4965">
    <p class='ocr_par' dir='ltr' id='par_1_96' title="bbox 380 4885 2026 4965">
     <span class='ocr_line' id='line_1_96' title="bbox 380 4885 2026 4965; baseline -0.007 -13"><span class='ocrx_word' id='word_1_720' title='bbox 380 4896 440 4952; x_wconf 82' lang='grc' dir='ltr'>Τί</span> <span class='ocrx_word' id='word_1_721' title='bbox 481 4896 569 4951; x_wconf 72' lang='grc' dir='ltr'>οὖν</span> <span class='ocrx_word' id='word_1_722' title='bbox 612 4906 761 4950; x_wconf 63' lang='grc' dir='ltr'>ποιεῖ</span> <span class='ocrx_word' id='word_1_723' title='bbox 799 4912 814 4964; x_wconf 87' lang='grc'><strong>;</strong></span> <span class='ocrx_word' id='word_1_724' title='bbox 859 4893 1098 4949; x_wconf 77' lang='grc' dir='ltr'>Πείθεται</span> <span class='ocrx_word' id='word_1_725' title='bbox 1150 4895 1226 4963; x_wconf 87' lang='grc' dir='ltr'>τῷ</span> <span class='ocrx_word' id='word_1_726' title='bbox 1273 4889 1539 4965; x_wconf 82' lang='grc' dir='ltr'>Δεσπότῃ,</span> <span class='ocrx_word' id='word_1_727' title='bbox 1572 4895 1725 4944; x_wconf 86' lang='grc' dir='ltr'>τοῦτο</span> <span class='ocrx_word' id='word_1_728' title='bbox 1772 4889 1833 4941; x_wconf 82' lang='grc' dir='ltr'>τὸ</span> <span class='ocrx_word' id='word_1_729' title='bbox 1875 4885 2026 4962; x_wconf 88' lang='grc' dir='ltr'>γένος</span> 
     </span>
    </p>
   </div>
   <div class='ocr_carea' id='block_1_97' title="bbox 378 4971 2026 5055">
    <p class='ocr_par' dir='ltr' id='par_1_97' title="bbox 378 4971 2026 5055">
     <span class='ocr_line' id='line_1_97' title="bbox 378 4971 2026 5055; baseline -0.007 -17"><span class='ocrx_word' id='word_1_730' title='bbox 378 4986 576 5038; x_wconf 75' lang='grc' dir='ltr'>εἶποντι</span> <span class='ocrx_word' id='word_1_731' title='bbox 637 4983 853 5054; x_wconf 80' lang='grc' dir='ltr'>νηστείᾳ</span> <span class='ocrx_word' id='word_1_732' title='bbox 916 4978 1055 5055; x_wconf 72' lang='grc' dir='ltr'>μόνη</span> <span class='ocrx_word' id='word_1_733' title='bbox 1139 4980 1225 5035; x_wconf 84' lang='grc' dir='ltr'><strong>καὶ</strong></span> <span class='ocrx_word' id='word_1_734' title='bbox 1281 4977 1557 5055; x_wconf 77' lang='grc' dir='ltr'>προαευχῆ</span> <span class='ocrx_word' id='word_1_735' title='bbox 1627 4971 2026 5052; x_wconf 82' lang='grc' dir='ltr'>φυγαδεύεσθαι,</span> 
     </span>
    </p>
   </div>
   <div class='ocr_carea' id='block_1_98' title="bbox 382 5062 2030 5146">
    <p class='ocr_par' dir='ltr' id='par_1_98' title="bbox 382 5062 2030 5146">
     <span class='ocr_line' id='line_1_98' title="bbox 382 5062 2030 5146; baseline -0.008 -18"><span class='ocrx_word' id='word_1_736' title='bbox 382 5074 490 5129; x_wconf 76' lang='grc' dir='ltr'><strong>Καὶ</strong></span> <span class='ocrx_word' id='word_1_737' title='bbox 551 5075 735 5146; x_wconf 73' lang='grc' dir='ltr'>πρῶτα</span> <span class='ocrx_word' id='word_1_738' title='bbox 804 5070 902 5143; x_wconf 82' lang='grc' dir='ltr'>μὲν</span> <span class='ocrx_word' id='word_1_739' title='bbox 981 5069 1136 5131; x_wconf 73' lang='grc' dir='ltr'>αὒτὸς</span> <span class='ocrx_word' id='word_1_740' title='bbox 1216 5063 1541 5143; x_wconf 72' lang='grc' dir='ltr'>αντηπέίλει,</span> <span class='ocrx_word' id='word_1_741' title='bbox 1613 5083 1863 5119; x_wconf 90' lang='grc' dir='ltr'>τοσουτον</span> <span class='ocrx_word' id='word_1_742' title='bbox 1931 5062 2030 5140; x_wconf 77' lang='grc' dir='ltr'>γὰρ</span> 
     </span>
    </p>
   </div>
   <div class='ocr_carea' id='block_1_99' title="bbox 378 5148 2030 5236">
    <p class='ocr_par' dir='ltr' id='par_1_99' title="bbox 378 5148 2030 5236">
     <span class='ocr_line' id='line_1_99' title="bbox 378 5148 2030 5236; baseline -0.005 -22"><span class='ocrx_word' id='word_1_743' title='bbox 378 5158 588 5236; x_wconf 76' lang='grc' dir='ltr'>εθάρρει</span> <span class='ocrx_word' id='word_1_744' title='bbox 649 5163 715 5233; x_wconf 76' lang='grc' dir='ltr'><strong>τῇ</strong></span> <span class='ocrx_word' id='word_1_745' title='bbox 754 5156 846 5213; x_wconf 79' lang='grc' dir='ltr'>τοῦ</span> <span class='ocrx_word' id='word_1_746' title='bbox 875 5164 1099 5233; x_wconf 74' lang='grc' dir='ltr'>Χριστοῦ</span> <span class='ocrx_word' id='word_1_747' title='bbox 1154 5153 1388 5227; x_wconf 79' lang='grc' dir='ltr'>δυνάμει·</span> <span class='ocrx_word' id='word_1_748' title='bbox 1429 5151 1607 5208; x_wconf 81' lang='grc' dir='ltr'>ἔπειτα</span> <span class='ocrx_word' id='word_1_749' title='bbox 1639 5149 1712 5213; x_wconf 76' lang='grc' dir='ltr'>ὥς</span> <span class='ocrx_word' id='word_1_750' title='bbox 1755 5148 1833 5205; x_wconf 76' lang='grc' dir='ltr'>ἔτι</span> <span class='ocrx_word' id='word_1_751' title='bbox 1885 5148 2030 5222; x_wconf 84' lang='grc' dir='ltr'>μᾶλ-</span> 
     </span>
    </p>
   </div>
   <div class='ocr_carea' id='block_1_100' title="bbox 374 5237 2031 5324">
    <p class='ocr_par' dir='ltr' id='par_1_100' title="bbox 374 5237 2031 5324">
     <span class='ocr_line' id='line_1_100' title="bbox 374 5237 2031 5324; baseline -0.007 -20"><span class='ocrx_word' id='word_1_752' title='bbox 374 5246 466 5303; x_wconf 81' lang='grc' dir='ltr'><strong>λον</strong></span> <span class='ocrx_word' id='word_1_753' title='bbox 535 5246 1012 5324; x_wconf 78' lang='grc' dir='ltr'>ἀναισχυντοῦντας</span> <span class='ocrx_word' id='word_1_754' title='bbox 1070 5243 1211 5319; x_wconf 77' lang='grc' dir='ltr'>ἑώρα</span> <span class='ocrx_word' id='word_1_755' title='bbox 1284 5242 1371 5297; x_wconf 78' lang='grc' dir='ltr'><strong>καὶ</strong></span> <span class='ocrx_word' id='word_1_756' title='bbox 1434 5237 1797 5318; x_wconf 77' lang='grc' dir='ltr'>θορυϐοῦντας,</span> <span class='ocrx_word' id='word_1_757' title='bbox 1855 5238 2031 5324; x_wconf 83' lang='grc' dir='ltr'>πάντη</span> 
     </span>
    </p>
   </div>
   <div class='ocr_carea' id='block_1_101' title="bbox 375 5323 2032 5414">
    <p class='ocr_par' dir='ltr' id='par_1_101' title="bbox 375 5323 2032 5414">
     <span class='ocr_line' id='line_1_101' title="bbox 375 5323 2032 5414; baseline -0.008 -22"><span class='ocrx_word' id='word_1_758' title='bbox 375 5336 785 5414; x_wconf 56' lang='grc' dir='ltr'>καταφρονήσας</span> <span class='ocrx_word' id='word_1_759' title='bbox 819 5336 1014 5407; x_wconf 79' lang='grc' dir='ltr'>-αῦτῷν</span> <span class='ocrx_word' id='word_1_760' title='bbox 1062 5331 1385 5409; x_wconf 82' lang='grc' dir='ltr'>ἆναφρήττει</span> <span class='ocrx_word' id='word_1_761' title='bbox 1444 5334 1618 5385; x_wconf 86' lang='grc' dir='ltr'>πᾶσαν</span> <span class='ocrx_word' id='word_1_762' title='bbox 1677 5327 1776 5394; x_wconf 75' lang='grc' dir='ltr'><strong>τὴν</strong></span> <span class='ocrx_word' id='word_1_763' title='bbox 1824 5323 2032 5382; x_wconf 80' lang='grc' dir='ltr'>εἴσοδον</span> 
     </span>
    </p>
   </div>
   <div class='ocr_carea' id='block_1_102' title="bbox 374 5415 2031 5496">
    <p class='ocr_par' dir='ltr' id='par_1_102' title="bbox 374 5415 2031 5496">
     <span class='ocr_line' id='line_1_102' title="bbox 374 5415 2031 5496; baseline -0.007 -16"><span class='ocrx_word' id='word_1_764' title='bbox 374 5430 470 5480; x_wconf 78' lang='grc' dir='ltr'><strong>τοῦ</strong></span> <span class='ocrx_word' id='word_1_765' title='bbox 528 5432 654 5480; x_wconf 73' lang='grc' dir='ltr'>ναοῦ</span> <span class='ocrx_word' id='word_1_766' title='bbox 709 5422 954 5478; x_wconf 83' lang='grc' dir='ltr'>δεικνύων</span> <span class='ocrx_word' id='word_1_767' title='bbox 1011 5418 1091 5476; x_wconf 79' lang='grc' dir='ltr'>ὅτι</span> <span class='ocrx_word' id='word_1_768' title='bbox 1150 5419 1309 5494; x_wconf 89' lang='grc' dir='ltr'>μόνος</span> <span class='ocrx_word' id='word_1_769' title='bbox 1366 5416 1611 5494; x_wconf 83' lang='grc' dir='ltr'>βούλεται</span> <span class='ocrx_word' id='word_1_770' title='bbox 1658 5415 1783 5493; x_wconf 84' lang='grc' dir='ltr'>πρός</span> <span class='ocrx_word' id='word_1_771' title='bbox 1841 5431 2031 5496; x_wconf 76' lang='grc' dir='ltr'>μόνους</span> 
     </span>
    </p>
   </div>
   <div class='ocr_carea' id='block_1_103' title="bbox 474 5609 1352 5695">
    <p class='ocr_par' dir='ltr' id='par_1_103' title="bbox 474 5609 1352 5695">
     <span class='ocr_line' id='line_1_103' title="bbox 474 5609 1352 5695; baseline -0.009 -14"><span class='ocrx_word' id='word_1_772' title='bbox 474 5615 507 5670; x_wconf 69' lang='grc' dir='ltr'>β</span> <span class='ocrx_word' id='word_1_773' title='bbox 535 5612 694 5681; x_wconf 73' lang='grc' dir='ltr'><strong>Διτι.</strong></span> <span class='ocrx_word' id='word_1_774' title='bbox 726 5628 883 5695; x_wconf 79' lang='lat' dir='ltr'><strong>xxvi,</strong></span> <span class='ocrx_word' id='word_1_775' title='bbox 914 5614 959 5674; x_wconf 91' lang='lat' dir='ltr'><strong>l.</strong></span> <span class='ocrx_word' id='word_1_776' title='bbox 1043 5609 1257 5675; x_wconf 76' lang='lat' dir='ltr'><strong>61bid.</strong></span> <span class='ocrx_word' id='word_1_777' title='bbox 1290 5609 1352 5674; x_wconf 89' lang='lat'><strong>3.</strong></span> 
     </span>
    </p>
   </div>
   <div class='ocr_carea' id='block_1_104' title="bbox 2108 4532 3750 4615">
    <p class='ocr_par' dir='ltr' id='par_1_104' title="bbox 2108 4532 3750 4615">
     <span class='ocr_line' id='line_1_104' title="bbox 2108 4532 3750 4615; baseline 0.002 -23"><span class='ocrx_word' id='word_1_778' title='bbox 2108 4534 2217 4593; x_wconf 91' lang='lat' dir='ltr'><strong>etsi</strong></span> <span class='ocrx_word' id='word_1_779' title='bbox 2276 4532 2422 4593; x_wconf 89' lang='lat' dir='ltr'><strong>nihil</strong></span> <span class='ocrx_word' id='word_1_780' title='bbox 2454 4532 2638 4613; x_wconf 91' lang='lat' dir='ltr'><strong>aliud,</strong></span> <span class='ocrx_word' id='word_1_781' title='bbox 2671 4540 2903 4615; x_wconf 89' lang='lat' dir='ltr'><strong>tempus</strong></span> <span class='ocrx_word' id='word_1_782' title='bbox 2961 4533 3197 4613; x_wconf 91' lang='lat' dir='ltr'><strong>quidem</strong></span> <span class='ocrx_word' id='word_1_783' title='bbox 3262 4541 3446 4608; x_wconf 89' lang='lat' dir='ltr'><strong>certe,</strong></span> <span class='ocrx_word' id='word_1_784' title='bbox 3480 4553 3595 4613; x_wconf 93' lang='lat' dir='ltr'><strong>quo</strong></span> <span class='ocrx_word' id='word_1_785' title='bbox 3651 4534 3750 4595; x_wconf 88' lang='lat' dir='ltr'><strong>hic</strong></span> 
     </span>
    </p>
   </div>
   <div class='ocr_carea' id='block_1_105' title="bbox 2109 4620 3749 4701">
    <p class='ocr_par' dir='ltr' id='par_1_105' title="bbox 2109 4620 3749 4701">
     <span class='ocr_line' id='line_1_105' title="bbox 2109 4620 3749 4701; baseline 0.001 -19"><span class='ocrx_word' id='word_1_786' title='bbox 2109 4620 2352 4695; x_wconf 89' lang='lat' dir='ltr'><strong>fuimus,</strong></span> <span class='ocrx_word' id='word_1_787' title='bbox 2387 4639 2496 4681; x_wconf 91' lang='lat' dir='ltr'><strong>nos</strong></span> <span class='ocrx_word' id='word_1_788' title='bbox 2556 4622 2668 4683; x_wconf 91' lang='lat' dir='ltr'><strong>loci</strong></span> <span class='ocrx_word' id='word_1_789' title='bbox 2701 4621 2974 4683; x_wconf 91' lang='lat' dir='ltr'><strong>dominos</strong></span> <span class='ocrx_word' id='word_1_790' title='bbox 3033 4622 3234 4701; x_wconf 91' lang='lat' dir='ltr'><strong>utique</strong></span> <span class='ocrx_word' id='word_1_791' title='bbox 3281 4623 3475 4683; x_wconf 73' lang='lat' dir='ltr'><strong>effecit</strong></span> <span class='ocrx_word' id='word_1_792' title='bbox 3505 4620 3530 4684; x_wconf 79' lang='lat'><strong>?</strong></span> <span class='ocrx_word' id='word_1_793' title='bbox 3560 4625 3629 4682; x_wconf 89' lang='lat' dir='ltr'><strong>Et</strong></span> <span class='ocrx_word' id='word_1_794' title='bbox 3680 4641 3749 4684; x_wconf 80' lang='lat' dir='ltr'><strong>ex</strong></span> 
     </span>
    </p>
   </div>
   <div class='ocr_carea' id='block_1_106' title="bbox 2108 4708 3750 4788">
    <p class='ocr_par' dir='ltr' id='par_1_106' title="bbox 2108 4708 3750 4788">
     <span class='ocr_line' id='line_1_106' title="bbox 2108 4708 3750 4788; baseline 0.003 -20"><span class='ocrx_word' id='word_1_795' title='bbox 2108 4709 2182 4769; x_wconf 86' lang='lat' dir='ltr'><strong>iis</strong></span> <span class='ocrx_word' id='word_1_796' title='bbox 2210 4708 2308 4769; x_wconf 88' lang='lat' dir='ltr'><strong>alii</strong></span> <span class='ocrx_word' id='word_1_797' title='bbox 2363 4709 2602 4788; x_wconf 89' lang='lat' dir='ltr'><strong>quidem</strong></span> <span class='ocrx_word' id='word_1_798' title='bbox 2640 4710 3016 4771; x_wconf 89' lang='lat' dir='ltr'><strong>minabantur</strong></span> <span class='ocrx_word' id='word_1_799' title='bbox 3059 4728 3121 4770; x_wconf 89' lang='lat' dir='ltr'><strong>se</strong></span> <span class='ocrx_word' id='word_1_800' title='bbox 3153 4729 3284 4771; x_wconf 89' lang='lat' dir='ltr'><strong>cum</strong></span> <span class='ocrx_word' id='word_1_801' title='bbox 3334 4709 3394 4770; x_wconf 92' lang='lat' dir='ltr'><strong>in</strong></span> <span class='ocrx_word' id='word_1_802' title='bbox 3427 4728 3588 4771; x_wconf 91' lang='lat' dir='ltr'><strong>mare</strong></span> <span class='ocrx_word' id='word_1_803' title='bbox 3617 4729 3750 4773; x_wconf 90' lang='lat' dir='ltr'><strong>esse</strong></span> 
     </span>
    </p>
   </div>
   <div class='ocr_carea' id='block_1_107' title="bbox 2104 4796 3748 4877">
    <p class='ocr_par' dir='ltr' id='par_1_107' title="bbox 2104 4796 3748 4877">
     <span class='ocr_line' id='line_1_107' title="bbox 2104 4796 3748 4877; baseline 0.002 -21"><span class='ocrx_word' id='word_1_804' title='bbox 2104 4797 2376 4875; x_wconf 85' lang='lat' dir='ltr'><strong>jacturos</strong></span> <span class='ocrx_word' id='word_1_805' title='bbox 2411 4818 2427 4868; x_wconf 92' lang='lat'><strong>;</strong></span> <span class='ocrx_word' id='word_1_806' title='bbox 2472 4796 2558 4856; x_wconf 93' lang='lat' dir='ltr'><strong>illi</strong></span> <span class='ocrx_word' id='word_1_807' title='bbox 2586 4806 2778 4857; x_wconf 84' lang='lat' dir='ltr'><strong>autem</strong></span> <span class='ocrx_word' id='word_1_808' title='bbox 2810 4815 3019 4858; x_wconf 90' lang='lat' dir='ltr'><strong>rursus</strong></span> <span class='ocrx_word' id='word_1_809' title='bbox 3053 4798 3339 4858; x_wconf 80' lang='lat' dir='ltr'><strong>maximos</strong></span> <span class='ocrx_word' id='word_1_810' title='bbox 3369 4798 3591 4877; x_wconf 87' lang='lat' dir='ltr'><strong>lapides</strong></span> <span class='ocrx_word' id='word_1_811' title='bbox 3629 4799 3748 4859; x_wconf 88' lang='lat' dir='ltr'><strong>im-</strong></span> 
     </span>
    </p>
   </div>
   <div class='ocr_carea' id='block_1_108' title="bbox 2112 4882 3751 4957">
    <p class='ocr_par' dir='ltr' id='par_1_108' title="bbox 2112 4882 3751 4957">
     <span class='ocr_line' id='line_1_108' title="bbox 2112 4882 3751 4957; baseline 0.002 -13"><span class='ocrx_word' id='word_1_812' title='bbox 2112 4882 2426 4944; x_wconf 87' lang='lat' dir='ltr'><strong>mittebant</strong></span> <span class='ocrx_word' id='word_1_813' title='bbox 2454 4902 2470 4957; x_wconf 87' lang='lat'><strong>;</strong></span> <span class='ocrx_word' id='word_1_814' title='bbox 2526 4902 2702 4945; x_wconf 90' lang='lat' dir='ltr'><strong>nemo</strong></span> <span class='ocrx_word' id='word_1_815' title='bbox 2736 4902 2873 4944; x_wconf 88' lang='lat' dir='ltr'><strong>vero</strong></span> <span class='ocrx_word' id='word_1_816' title='bbox 2926 4884 3180 4944; x_wconf 88' lang='lat' dir='ltr'><strong>audebat</strong></span> <span class='ocrx_word' id='word_1_817' title='bbox 3207 4885 3278 4944; x_wconf 89' lang='lat' dir='ltr'><strong>ad</strong></span> <span class='ocrx_word' id='word_1_818' title='bbox 3312 4902 3445 4944; x_wconf 92' lang='lat' dir='ltr'><strong>eum</strong></span> <span class='ocrx_word' id='word_1_819' title='bbox 3476 4886 3751 4948; x_wconf 88' lang='lat' dir='ltr'><strong>accidere</strong></span> 
     </span>
    </p>
   </div>
   <div class='ocr_carea' id='block_1_109' title="bbox 2113 4970 3753 5051">
    <p class='ocr_par' dir='ltr' id='par_1_109' title="bbox 2113 4970 3753 5051">
     <span class='ocr_line' id='line_1_109' title="bbox 2113 4970 3753 5051; baseline 0.002 -20"><span class='ocrx_word' id='word_1_820' title='bbox 2113 4970 2379 5051; x_wconf 90' lang='lat' dir='ltr'><strong>propius.</strong></span> <span class='ocrx_word' id='word_1_821' title='bbox 2418 4970 2569 5043; x_wconf 89' lang='lat' dir='ltr'><strong>Quid</strong></span> <span class='ocrx_word' id='word_1_822' title='bbox 2595 4989 2736 5049; x_wconf 86' lang='lat' dir='ltr'><strong>ergo</strong></span> <span class='ocrx_word' id='word_1_823' title='bbox 2762 4971 2931 5034; x_wconf 83' lang='lat' dir='ltr'><strong>facit?</strong></span> <span class='ocrx_word' id='word_1_824' title='bbox 2960 4970 3450 5049; x_wconf 89' lang='lat' dir='ltr'><strong>CreditDomino,</strong></span> <span class='ocrx_word' id='word_1_825' title='bbox 3486 4971 3753 5049; x_wconf 82' lang='lat' dir='ltr'><strong>quidixit</strong></span> 
     </span>
    </p>
   </div>
   <div class='ocr_carea' id='block_1_110' title="bbox 2113 5058 3753 5139">
    <p class='ocr_par' dir='ltr' id='par_1_110' title="bbox 2113 5058 3753 5139">
     <span class='ocr_line' id='line_1_110' title="bbox 2113 5058 3753 5139; baseline 0.002 -20"><span class='ocrx_word' id='word_1_826' title='bbox 2113 5059 2226 5119; x_wconf 93' lang='lat' dir='ltr'><strong>hoc</strong></span> <span class='ocrx_word' id='word_1_827' title='bbox 2277 5076 2467 5137; x_wconf 88' lang='lat' dir='ltr'><strong>genus</strong></span> <span class='ocrx_word' id='word_1_828' title='bbox 2496 5058 2715 5139; x_wconf 87' lang='lat' dir='ltr'><strong>expelli</strong></span> <span class='ocrx_word' id='word_1_829' title='bbox 2764 5060 2891 5119; x_wconf 89' lang='lat' dir='ltr'><strong>solo</strong></span> <span class='ocrx_word' id='word_1_830' title='bbox 2913 5059 3148 5137; x_wconf 88' lang='lat' dir='ltr'><strong>jejunio</strong></span> <span class='ocrx_word' id='word_1_831' title='bbox 3182 5066 3239 5118; x_wconf 90' lang='lat' dir='ltr'><strong>et</strong></span> <span class='ocrx_word' id='word_1_832' title='bbox 3287 5064 3645 5137; x_wconf 86' lang='lat' dir='ltr'><strong>precatione.</strong></span> <span class='ocrx_word' id='word_1_833' title='bbox 3679 5059 3753 5121; x_wconf 92' lang='lat' dir='ltr'><strong>Et</strong></span> 
     </span>
    </p>
   </div>
   <div class='ocr_carea' id='block_1_111' title="bbox 2114 5146 3749 5227">
    <p class='ocr_par' dir='ltr' id='par_1_111' title="bbox 2114 5146 3749 5227">
     <span class='ocr_line' id='line_1_111' title="bbox 2114 5146 3749 5227; baseline 0.002 -22"><span class='ocrx_word' id='word_1_834' title='bbox 2114 5147 2201 5207; x_wconf 88' lang='lat' dir='ltr'><strong>sic</strong></span> <span class='ocrx_word' id='word_1_835' title='bbox 2250 5146 2491 5227; x_wconf 91' lang='lat' dir='ltr'><strong>quidem</strong></span> <span class='ocrx_word' id='word_1_836' title='bbox 2539 5147 2697 5220; x_wconf 86' lang='lat' dir='ltr'><strong>facit,</strong></span> <span class='ocrx_word' id='word_1_837' title='bbox 2733 5154 2790 5207; x_wconf 91' lang='lat' dir='ltr'><strong>et</strong></span> <span class='ocrx_word' id='word_1_838' title='bbox 2842 5164 2945 5207; x_wconf 91' lang='lat' dir='ltr'><strong>eos</strong></span> <span class='ocrx_word' id='word_1_839' title='bbox 3003 5146 3316 5218; x_wconf 86' lang='lat' dir='ltr'><strong>minantes,</strong></span> <span class='ocrx_word' id='word_1_840' title='bbox 3351 5153 3525 5224; x_wconf 89' lang='lat' dir='ltr'><strong>atque</strong></span> <span class='ocrx_word' id='word_1_841' title='bbox 3573 5146 3749 5208; x_wconf 89' lang='lat' dir='ltr'><strong>etiam</strong></span> 
     </span>
    </p>
   </div>
   <div class='ocr_carea' id='block_1_112' title="bbox 2106 5231 3752 5315">
    <p class='ocr_par' dir='ltr' id='par_1_112' title="bbox 2106 5231 3752 5315">
     <span class='ocr_line' id='line_1_112' title="bbox 2106 5231 3752 5315; baseline 0.002 -22"><span class='ocrx_word' id='word_1_842' title='bbox 2106 5236 2397 5312; x_wconf 87' lang='lat' dir='ltr'><strong>jacientes</strong></span> <span class='ocrx_word' id='word_1_843' title='bbox 2427 5253 2634 5315; x_wconf 90' lang='lat' dir='ltr'><strong>parum</strong></span> <span class='ocrx_word' id='word_1_844' title='bbox 2660 5244 2759 5295; x_wconf 90' lang='lat' dir='ltr'><strong>ant</strong></span> <span class='ocrx_word' id='word_1_845' title='bbox 2786 5234 2934 5295; x_wconf 90' lang='lat' dir='ltr'><strong>nihil</strong></span> <span class='ocrx_word' id='word_1_846' title='bbox 2968 5251 3201 5313; x_wconf 90' lang='lat' dir='ltr'><strong>curans,</strong></span> <span class='ocrx_word' id='word_1_847' title='bbox 3231 5231 3485 5312; x_wconf 92' lang='lat' dir='ltr'><strong>primum</strong></span> <span class='ocrx_word' id='word_1_848' title='bbox 3511 5235 3752 5311; x_wconf 90' lang='lat' dir='ltr'><strong>quidem</strong></span> 
     </span>
    </p>
   </div>
   <div class='ocr_carea' id='block_1_113' title="bbox 2110 5321 3752 5403">
    <p class='ocr_par' dir='ltr' id='par_1_113' title="bbox 2110 5321 3752 5403">
     <span class='ocr_line' id='line_1_113' title="bbox 2110 5321 3752 5403; baseline -0.001 -20"><span class='ocrx_word' id='word_1_849' title='bbox 2110 5323 2237 5402; x_wconf 90' lang='lat' dir='ltr'><strong>ipse</strong></span> <span class='ocrx_word' id='word_1_850' title='bbox 2270 5340 2508 5403; x_wconf 88' lang='lat' dir='ltr'><strong>quoque</strong></span> <span class='ocrx_word' id='word_1_851' title='bbox 2538 5332 2744 5385; x_wconf 89' lang='lat' dir='ltr'><strong>contra</strong></span> <span class='ocrx_word' id='word_1_852' title='bbox 2777 5322 3114 5384; x_wconf 87' lang='lat' dir='ltr'><strong>minabatur</strong></span> <span class='ocrx_word' id='word_1_853' title='bbox 3149 5340 3165 5397; x_wconf 91' lang='lat'><strong>;</strong></span> <span class='ocrx_word' id='word_1_854' title='bbox 3217 5329 3437 5382; x_wconf 90' lang='lat' dir='ltr'><strong>tantum</strong></span> <span class='ocrx_word' id='word_1_855' title='bbox 3473 5321 3630 5381; x_wconf 90' lang='lat' dir='ltr'><strong>enim</strong></span> <span class='ocrx_word' id='word_1_856' title='bbox 3688 5321 3752 5382; x_wconf 90' lang='lat' dir='ltr'><strong>in</strong></span> 
     </span>
    </p>
   </div>
   <div class='ocr_carea' id='block_1_114' title="bbox 2112 5409 3751 5477">
    <p class='ocr_par' dir='ltr' id='par_1_114' title="bbox 2112 5409 3751 5477">
     <span class='ocr_line' id='line_1_114' title="bbox 2112 5409 3751 5477; baseline 0.001 -4"><span class='ocrx_word' id='word_1_857' title='bbox 2112 5409 2333 5473; x_wconf 87' lang='lat' dir='ltr'><strong>Christi</strong></span> <span class='ocrx_word' id='word_1_858' title='bbox 2382 5412 2591 5473; x_wconf 88' lang='lat' dir='ltr'><strong>virtute</strong></span> <span class='ocrx_word' id='word_1_859' title='bbox 2621 5410 2961 5475; x_wconf 82' lang='lat' dir='ltr'><strong>conﬁtebat.</strong></span> <span class='ocrx_word' id='word_1_860' title='bbox 2996 5409 3227 5477; x_wconf 85' lang='lat' dir='ltr'><strong>Deinde</strong></span> <span class='ocrx_word' id='word_1_861' title='bbox 3255 5427 3388 5475; x_wconf 87' lang='lat' dir='ltr'><strong>cum</strong></span> <span class='ocrx_word' id='word_1_862' title='bbox 3430 5425 3531 5470; x_wconf 88' lang='lat' dir='ltr'><strong>eos</strong></span> <span class='ocrx_word' id='word_1_863' title='bbox 3558 5409 3751 5475; x_wconf 79' lang='lat' dir='ltr'><strong>adhuo</strong></span> 
     </span>
    </p>
   </div>
  </div>
