4048 6136
411 341 531 411 983
1575 341 1962 404 ADDENDA.

2042 371 2105 385 -
2183 341 2617 402 DECEMBER.
3672 329 3768 396 984

414 475 646 538 videret
675 490 741 537 se
773 473 962 553 magis
979 469 1369 552 impudentnr
1385 489 1593 549 gerere
1613 479 1672 532 et
1695 471 2049 534 tumultuari

2151 473 2340 535 αὖτοὺς
2399 470 2664 546 παλαίειν,
2702 470 2784 527 καὶ
2815 468 2896 526 ὅτι
2928 467 3044 526 οὐδὲ
3099 473 3270 548 φυγῆς
3300 465 3471 524 δεῖται
3521 464 3776 544 προσϐαλ-

415 565 564 646 lpsis
621 562 864 624 omnino
926 562 1242 642 despectis,
1275 559 1529 621 obstruit
1585 577 1818 621 omnem
1870 565 2048 640 templ

2157 563 2357 619 λόντων
2422 562 2614 633 αὖτῶν,
2693 561 2884 638 μικρὰν
2939 557 2993 615 δὲ
3071 562 3239 631 μόνην
3301 555 3556 633 διανοίγει
3625 555 3780 631 ὼρίδα

416 654 672 725 aditum,
709 649 1033 714 ostendens
1073 667 1139 712 se
1189 649 1383 711 solum
1443 649 1597 712 velle
1649 668 1782 709 cum
1835 651 1921 711 eis
1975 651 2049 712 lu-

2152 652 2270 714 Θέας
2333 654 2438 707 τῶν
2495 650 2821 729 προσιόντων
2876 647 3052 721 ἕνεκα,
3085 648 3172 704 καὶ
3227 653 3320 704 τοῦ
3374 647 3477 713 τὴν
3536 647 3786 725 βραχεῖαν

416 742 590 817 ctari,
619 749 678 803 et
707 758 819 802 nec
846 739 980 818 fuga
1006 737 1246 819 quidem
1279 756 1479 820 egere,
1503 738 1552 799 si
1578 739 1687 818 ipsi
1718 739 2064 821 irruperint,

418 831 606 892 solam
628 840 827 892 autem
859 827 1048 908 aperit
1078 827 1493 901 fenestram,ut
1524 827 2065 892 viderctacceden-

415 927 526 996 tes,
563 926 620 980 et
670 925 734 980 ut
762 917 996 996 corpori
1045 919 1321 994 exiguum
1366 916 1668 997 acciperet
1723 917 2064 980 nutrimen-

417 1015 568 1071 tum.
595 1009 728 1070 Non
763 1006 1012 1067 multum
1045 1004 1388 1067 intercessit
1417 1006 1725 1085 temporis,
1761 1015 1818 1067 et
1843 1007 2062 1069 Christi

416 1095 662 1177 quidem
692 1096 910 1157 virtute
938 1093 1134 1157 deleta
1161 1101 1252 1156 est
1307 1094 1502 1156 omnis
1534 1095 1631 1156 illa
1664 1095 1816 1156 mala
1846 1096 2063 1157 dwmo-

2150 764 2350 820 τροφήν
2407 741 2482 813 τῷ
2539 739 2746 814 σώματι
2799 735 3068 816 δέχεσθαι.
3129 735 3201 794 Οὒ
3243 733 3376 791 πολὺ
3417 735 3483 789 τὸ
3531 734 3587 789 ἂν
3630 733 3785 808 μέσῳ,

2151 833 2237 886 καὶ
2289 831 2625 906 κατήργηται
2681 827 2778 900 μὲν
2833 833 2976 882 πᾶσα
3023 831 3129 881 τῶν
3179 822 3440 899 δαιμόνων
3504 824 3541 889 ἡ
3600 823 3792 900 πονηρὰ

2149 918 2386 995 ἐνέργεια
2416 917 2636 991 δυνάμει
2695 922 2943 994 Χριστοῦ,
2978 913 3244 990 ἐλεόϐερος
3299 911 3352 968 δὲ
3406 918 3519 973 πᾶς
3570 911 3598 967 ὅ
3628 919 3790 990 χῶρος

2149 1007 2242 1074 τῆς
2287 1006 2338 1071 ἐξ
2383 1005 2554 1061 αὐτῶν
2611 1003 2862 1080 ἐπηρείας
2907 1000 3186 1076 δείκνυται,
3221 1002 3307 1056 καὶ
3363 1000 3559 1056 λοιπὸν
3612 1001 3790 1064 πάντες

2147 1092 2504 1157 ἀνεπιϐούλως
2566 1093 2650 1148 καὶ
2706 1091 2986 1169 ἐλευθέρως
3044 1090 3236 1148 ὥδεδὸν
3292 1112 3349 1146 τε
3405 1091 3496 1145 καὶ
3547 1089 3646 1156 τὴν
3701 1089 3788 1144 01'-

2143 1194 2270 1240 Ααττ
2279 1207 2335 1240 αν
2368 1181 2578 1243 ἔπλεον.

413 1202 556 1247 num
619 1183 940 1264 operatio;
999 1182 1268 1244 redditus
1325 1191 1414 1244 est
1479 1199 1676 1244 autem
1746 1185 2060 1247 universus

411 1273 580 1336 locus
609 1271 770 1335 liber
816 1273 890 1334 ab
921 1270 1158 1332 illorum
1189 1269 1530 1352 insultibns,
1563 1285 1622 1334 et
1665 1273 1950 1355 deinceps
1983 1275 2059 1335 li-

413 1369 580 1439 bere,
614 1370 672 1424 et
720 1363 848 1424 sine
882 1359 1020 1422 ullis
1073 1359 1320 1422 insidiis
1372 1359 1757 1424 ambulabant
1787 1372 1846 1423 et
1897 1383 2062 1426 mare

409 1450 782 1528 navigabant.

488 1566 588 1631 ΧΙ.
620 1565 813 1646 Hujus
841 1581 984 1628 vero
1014 1565 1102 1627 rei
1135 1566 1288 1627 fama
1321 1566 1576 1627 manavit
1606 1568 1664 1627 in
1696 1585 1907 1628 omnes
1929 1586 2062 1647 par-

410 1664 525 1731 tes,
559 1666 618 1719 et
649 1655 868 1718 licebat
897 1653 1098 1716 videre
1131 1653 1290 1716 viros
1329 1655 1503 1716 simul
1536 1664 1592 1716 et
1623 1656 1924 1728 mulieres,
1953 1659 2049 1736 ju-

2142 1658 2208 1722 ἦν
2250 1651 2379 1708 ἰδεῖν
2407 1651 2594 1727 ἄνδρας
2649 1654 2782 1724 ὁμοῦ
2812 1653 2898 1706 καὶ
2950 1663 3226 1726 γυναῖκας,
3261 1649 3408 1712 νέους
3455 1651 3549 1705 καὶ
3611 1648 3788 1725 γέρον-

409 1763 595 1808 venes
615 1755 670 1807 et
696 1762 894 1818 senes,
931 1762 1225 1823 pauperes
1251 1751 1306 1804 et
1328 1744 1558 1819 divites,
1591 1745 1691 1822 qui
1717 1745 2049 1807 habitabant

2142 1765 2259 1821 τας,
2319 1739 2551 1806 πένητας
2611 1740 2697 1794 καὶ
2763 1737 3070 1816 πλουσίους,
3147 1741 3238 1793 καὶ
3297 1744 3400 1792 πᾶν
3481 1737 3614 1791 ὅσον
3681 1736 3790 1798 τοὶς

410 1835 801 1898 circumcirca
830 1836 886 1895 in
919 1833 1064 1894 locis
1129 1832 1418 1906 ﬁnitimis,
1454 1842 1729 1913 tanquam
1763 1836 2046 1896 fluentum

2142 1828 2285 1907 πέριξ
2355 1830 2547 1893 τόπους
2634 1830 2886 1901 κατῴκει,
2953 1829 3131 1904 ὣσπερ
3199 1849 3250 1882 τι
3333 1828 3502 1903 ῥεῦμα
3579 1839 3792 1903 συνεχεῖ

409 1922 676 2003 aliquod,
701 1922 982 1984 continuo
1008 1929 1192 1983 tractu
1213 1921 1284 1982 ad
1310 1939 1442 1982 cum
1469 1922 1630 1994 ferri,
1658 1931 1716 1983 et
1739 1923 2042 1996 admirari,

2142 1919 2275 1993 ἔλκῷ
2339 1921 2468 1997 πρὸς
2553 1918 2709 1973 αὐτὸν
2790 1916 3106 1995 φερόμὲνιους
3187 1919 3274 1972 καὶ
3358 1914 3442 1970 δια
3530 1918 3788 1989 θαύματος

408 2001 667 2089 quonam
701 2009 896 2084 modo,
932 2008 1034 2070 ubi
1088 2027 1280 2088 nuper
1310 2009 1552 2090 quidem
1598 2023 1728 2072 erat
1774 2012 2044 2093 exitium,

2142 2009 2475 2083 ποιουμένους
2550 2013 2661 2067 πῶς
2737 2005 2868 2062 ὅπου
2939 2004 3036 2079 μὲν
3116 2005 3302 2081 πρώην
3364 2005 3615 2083 ὄλεθρος,
3681 2001 3792 2058 ἐκεῖ

405 2099 534 2162 illic
567 2097 643 2160 sit
671 2097 872 2172 salus;
927 2097 1026 2158 ubi
1053 2105 1253 2160 autem
1285 2098 1620 2160 daamonum
1677 2101 2049 2163 vociferatio-

2142 2099 2387 2176 σωτηρία,
2453 2096 2584 2153 ὅπου
2626 2093 2680 2150 δὲ
2745 2093 3007 2170 δαιμόνων
3066 2095 3209 2172 βοαὶ,
3260 2093 3375 2176 ἐκεῖ
3435 2096 3529 2151 καὶ
3592 2093 3786 2167 νύκτωρ

2226 1562 2333 1626 1Α’,
2390 1563 2556 1636 Φήμη
2628 1561 2680 1617 δὲ
2742 1563 2858 1638 περῖ
2919 1563 3078 1618 αὐτοῦ
3133 1565 3388 1640 πανταχῆ
3447 1558 3667 1637 διὲῤῥει,
3712 1558 3791 1613 καὶ

410 2206 541 2267 nes,
576 2187 698 2248 illic
731 2195 908 2250 noctu
938 2195 998 2248 et
1025 2186 1128 2248 diu
1159 2194 1448 2248 canantur
1472 2187 1544 2248 ad
1576 2188 1764 2250 Deum
1798 2191 2050 2252 cantica.

412 2275 656 2340 Invidus
688 2293 830 2338 vero
863 2274 1063 2349 Satan,
1097 2283 1154 2335 et
1186 2275 1490 2336 hominum
1523 2276 1825 2352 inimicus,
1862 2284 2059 2360 neque

411 2364 488 2427 de
517 2383 582 2426 se
628 2381 852 2445 partam
881 2364 1209 2436 victoriam,
1244 2381 1437 2444 neque
1465 2366 1658 2427 sancti
1690 2367 2054 2446 patientiam,

411 2470 610 2534 neque
640 2453 871 2534 piorum
903 2451 1106 2514 videre
1137 2455 1442 2514 sustinens
1484 2453 1819 2526 utilitatem,
1853 2455 1924 2516 ad
1958 2475 2056 2518 se—

409 2541 671 2603 cundum
733 2540 1076 2620 aggreditur
1133 2540 1413 2602 callidum
1477 2551 1934 2618 commentum;
2000 2553 2058 2606 et

408 2631 766 2714 quibusdam
800 2651 872 2694 ex
900 2633 974 2692 iis
1003 2633 1103 2712 qui
1135 2633 1194 2692 in
1227 2633 1454 2712 templo
1506 2634 1762 2712 cooptati
1796 2645 1966 2697 erant
1997 2636 2058 2696 in

417 2722 672 2800 clerum,
707 2721 852 2782 tales
909 2719 1174 2780 immittit
1203 2721 1612 2798 cogitationes,
1647 2722 1856 2798 quales
1913 2724 2054 2785 olim

411 2808 634 2872 Judmis
660 2807 941 2870 adversus
973 2806 1296 2885 Christum,
1335 2827 1455 2869 non
1497 2807 1715 2871 bonum
1747 2829 1880 2872 esse
1913 2831 2052 2891 per-

416 2897 654 2958 mittere
676 2897 899 2958 homini
930 2896 1026 2958 bic
1057 2895 1346 2973 habitare,
1375 2915 1550 2977 quem
1585 2899 2058 2979 ignoretis,unde

412 2985 514 3048 sit.
547 2983 654 3047 Ille
683 2991 879 3046 autem
913 2994 972 3046 et
999 2985 1152 3046 fama
1183 3003 1392 3046 omnes
1421 2985 1493 3047 ad
1526 3004 1589 3047 se
1621 2988 1952 3063 attrahit,et
1979 2989 2055 3052 il-

416 3072 532 3134 lius
561 3073 754 3134 honor
774 3082 863 3135 est
891 3073 1134 3134 omnino
1165 3075 1482 3136 diminutio
1513 3084 1839 3137 vestrarum
1871 3078 2056 3139 vecti-

2142 2189 2226 2244 καὶ
2285 2174 2402 2262 μεθ’
2454 2185 2656 2263 ἡμέραν
2715 2181 2842 2258 ᾠδαὶ
2900 2184 3032 2260 πρὸυ
3089 2185 3242 2241 Θεόν.
3292 2174 3350 2240 εΟ
3425 2180 3482 2237 δὲ
3544 2182 3786 2261 φθονερὸς

2143 2282 2315 2332 Σατᾶν
2372 2277 2458 2332 καὶ
2529 2273 2922 2351 μισάνθρωπος,
2989 2275 3126 2342 μήτε
3183 2271 3282 2338 τὴν
3353 2272 3547 2327 ἑαυτοῦ
3625 2273 3782 2335 ἧτταν

2143 2367 2281 2440 μήτε
2342 2365 2440 2430 τὴν
2477 2364 2752 2437 ὑπομονὴν
2801 2369 2894 2419 τοῦ
2947 2361 3092 2420 ὁσίου
3135 2362 3272 2436 μήτε
3328 2363 3425 2426 τὴν
3484 2366 3596 2416 τῶν
3641 2359 3783 2414 εὐσε-

2144 2453 2373 2510 ὂούντων
2431 2451 2689 2529 ὠφέλειαν
2749 2451 2872 2522 όρᾷν
2934 2449 3288 2528 ἀνεχόμενος,
3323 2448 3407 2504 ἐπὶ
3447 2449 3515 2504 τὸ
3559 2447 3781 2524 δεύτερον

2141 2543 2326 2617 μετῄει
2385 2541 2642 2618 σόφισμα,
2680 2541 2766 2595 καί
2820 2560 2922 2594 τισι
2963 2545 3066 2598 τῶν
3109 2539 3163 2593 ἐν
3221 2544 3295 2610 τῷ
3351 2545 3462 2610 ναῷ
3515 2535 3780 2611 κεκληρω-

2141 2631 2313 2703 μένων
2367 2631 2634 2691 τοιούτους
2691 2628 2860 2695 ἐνίησι
2919 2627 3208 2705 λογισμοὺς
3265 2626 3414 2690 οἵους
3468 2624 3640 2682 πάλαι
3681 2637 3779 2684 τοῖς

2145 2717 2413 2782 Ἰουδαίοις
2469 2719 2604 2774 κατὰ
2691 2716 2935 2796 Χριστοῦ,
2993 2718 3068 2778 ὡς
3119 2717 3191 2772 Οὒ
3248 2714 3409 2771 καλὸν
3486 2724 3779 2792 συγχωρεῖν

2141 2807 2411 2884 ἄνθρωπον
2472 2805 2687 2863 ἐνταῦθα
2745 2807 2911 2861 οἰκεῖν
2938 2805 2994 2860 ὅν
3053 2803 3147 2860 οὒκ
3177 2801 3358 2860 οἴδατε
3417 2806 3583 2860 πόθεν
3636 2801 3767 2860 ἐστίν.

2136 2897 2198 2954 Ὀ
2254 2893 2308 2950 δὲ
2377 2897 2464 2951 καὶ
2526 2895 2728 2958 πάντας
2802 2899 2868 2968 τῇ
2925 2891 3081 2970 φήμῃ
3140 2893 3272 2967 πρὸς
3343 2893 3536 2948 ἑαυτὸν
3594 2891 3765 2960 ἑλκύει,

2138 2987 2224 3041 καὶ
2283 2987 2316 3052 ἡ
2376 2983 2576 3039 ἐκείνου
2633 2983 2764 3056 τιμὴ
2819 2981 3002 3062 ὕφεσις
3061 2981 3271 3044 πάντως
3317 2983 3445 3056 ὑμῖν
3495 2989 3605 3037 τῶν
3637 3001 3775 3057 προσ·

2138 3071 2270 3130 όδων
2302 3073 2523 3152 γίνεται.
2559 3071 2726 3128 Ἀλὶὰ
2783 3069 2920 3136 δῆλα
2979 3077 3142 3126 ταῦτα
3199 3076 3274 3142 τῷ
3304 3070 3589 3143 ἐπισκόπῳ
3631 3068 3771 3135 ποιή-

416 3161 658 3240 galium.
717 3160 833 3222 Sed
880 3161 1231 3238 signiﬁcate,
1284 3161 1540 3236 dicebat,
1576 3164 1700 3224 haec
1754 3165 2049 3244 episcopo,

2142 3183 2326 3226 σαντες
2386 3160 2684 3226 ἐξελαύνετε
2737 3163 2923 3216 Θᾶττον
2979 3158 3156 3219 αὒτόν,
3209 3159 3306 3216 Καὶ
3359 3160 3386 3214 ὀ
3415 3159 3519 3234 μὲν
3573 3158 3771 3232 σπορεὺς

418 3257 478 3311 et
499 3267 634 3309 eum
667 3248 784 3310 cito
812 3248 1075 3327 expellit.
1101 3248 1170 3310 Et
1199 3259 1360 3310 sator
1390 3251 1626 3329 quidem
1661 3252 1754 3314 hic
1783 3263 1868 3314 est
1897 3275 1908 3310 :
1946 3255 2060 3316 tale

417 3345 614 3399 autem
685 3354 915 3398 semen.
990 3335 1100 3407 Qui
1157 3353 1300 3398 vero
1358 3347 1735 3419 acceperant,
1801 3359 1917 3401 non
1987 3361 2059 3402 ex

411 3423 530 3486 alio
576 3426 717 3496 noti,
754 3442 929 3503 quam
962 3424 1120 3504 quod
1153 3425 1280 3486 haec
1329 3426 1612 3487 continuo
1644 3428 2052 3506 produxerint.

419 3510 563 3575 Cum
596 3511 850 3591 primum
884 3529 1090 3574 semen
1121 3521 1505 3591 accepenint,
1538 3513 1790 3575 fructum
1828 3517 2054 3596 produ-

416 3609 669 3664 xerunt:
724 3611 782 3662 et
806 3600 1099 3664 accedunt
1127 3599 1199 3661 ad
1235 3601 1606 3682 episcopum,
1639 3613 1698 3664 et
1750 3603 1824 3665 de
1855 3615 2056 3668 sancto

409 3689 772 3753 renuntiant.
794 3687 1120 3770 Episcopus
1142 3697 1344 3751 autem
1375 3690 2058 3774 Constantinopolitanus

409 3777 486 3856 (is
541 3787 670 3840 erat
709 3777 1066 3856 Anatolius),
1100 3779 1173 3840 Et
1220 3779 1544 3858 quomodo,
1579 3781 1792 3862 inquit,
1825 3784 1900 3845 de
1955 3787 2054 3846 ho-

417 3867 577 3927 mine
603 3865 979 3940 maledicitis,
1011 3873 1068 3928 et
1098 3867 1398 3945 expellere
1427 3869 2044 3952 aggredimini,quem,

413 3955 575 4016 unde
620 3955 717 4030 sit,
751 3955 1017 4029 nescitis,
1049 3973 1243 4035 neque
1293 3975 1562 4035 quaenam
1610 3959 1686 4019 sit
1734 3961 1864 4039 ejus
1920 3962 2049 4023 vitae

407 4042 606 4123 ratio;
663 4061 800 4104 cum
857 4051 1062 4104 contra
1113 4051 1381 4122 oporteat
1439 4047 1680 4126 quidem
1734 4068 1868 4110 cum
1924 4050 2048 4112 illic

409 4130 634 4205 sinere,
665 4141 729 4192 ut
757 4131 805 4190 si
835 4130 912 4192 sit
940 4130 1176 4210 quidem
1209 4133 1424 4206 bonus,
1460 4153 1566 4194 nos
1598 4154 1835 4215 quoque
1875 4137 2048 4200 faciat

409 4218 730 4299 participes
759 4219 1024 4282 utilitatis
1056 4239 1071 4280 :
1107 4219 1198 4281 sin
1243 4228 1441 4282 autem
1474 4234 1704 4296 contra,
1741 4225 1867 4304 ipse
1914 4233 2052 4304 qui-

413 4308 550 4370 dem
581 4309 720 4372 hinc
764 4309 903 4388 jure
934 4308 1287 4388 expelletur,
1323 4326 1423 4369 vos
1466 4327 1598 4370 vero
1629 4320 1688 4372 et
1716 4329 1822 4390 ego
1852 4314 1961 4375 hac
1992 4319 2049 4376 in

408 4414 476 4458 re
531 4396 866 4458 vacabiinus
921 4397 1417 4474 reprehensione.
1482 4397 1578 4458 Sic
1627 4398 1714 4460 illi
1747 4417 1780 4460 a
1837 4402 2052 4481 seipsis

2141 3251 2318 3313 οὗτος·
2378 3252 2405 3306 ὀ
2477 3248 2528 3305 δὲ
2591 3247 2785 3325 σπόρος
2832 3257 3090 3312 τοιοῦτος·
3154 3250 3201 3304 οἱ
3246 3245 3524 3321 δεξάμενοι
3585 3246 3634 3302 δὲ
3683 3243 3763 3298 οὐκ

2139 3337 2356 3394 ἄλλοθεν
2434 3339 2468 3406 ἢ
2535 3345 2626 3394 τοῦ
2712 3337 2855 3400 εὖθὸς
2913 3337 3075 3394 ταῦτα
3132 3333 3427 3411 βλαστῆσαι
3505 3336 3759 3414 γνώριμοι.

2139 3427 2287 3500 ’Ἅμα
2343 3430 2466 3503 γοῦν
2525 3424 2712 3482 ἔλαϐον
2777 3427 2876 3495 τήν
2931 3425 3156 3501 σπορὰν,
3218 3423 3446 3501 ἤνεγκαν
3503 3427 3599 3481 τὸν
3650 3443 3769 3496 καρ-

2141 3516 2264 3571 πόνο
2323 3517 2411 3572 καὶ
2441 3516 2685 3592 προσίασι
2731 3521 2806 3584 τῷ
2863 3512 3162 3586 ἐπισκόπῳ,
3199 3514 3284 3568 καὶ
3340 3515 3414 3576 ὡς
3445 3515 3479 3580 ἡ
3525 3510 3689 3590 βουλὴ
3715 3509 3772 3563 τὰ

2139 3605 2276 3660 κατὰ
2331 3607 2421 3660 τὸν
2498 3603 2638 3660 ὅσιον
2719 3599 3168 3680 ἀπαγγέλλουσιν.
3235 3600 3292 3658 Ὀ
3363 3600 3416 3657 δε
3499 3601 3770 3659 ἐπίσκοπος

2140 3691 2752 3754 Κωνσταντινουπόλεως
2845 3688 3178 3766 (Ἀνατὸλιος
3261 3688 3379 3768 ἦν),
3461 3693 3562 3747 Καὶ
3643 3692 3766 3756 πῶς,

2141 3783 2323 3860 φησὶν,
2409 3781 2681 3859 ἄνθρωπον
2765 3785 2943 3841 κακῶς
3043 3777 3248 3856 λέγετε,
3329 3780 3416 3834 καὶ
3492 3777 3766 3844 ἐξελαύνειν

2137 3871 2465 3950 ἐπιχειρεῖτε
2510 3871 2568 3927 ὃν
2626 3869 2742 3927 οὔτε
2797 3869 2955 3925 πόθεν
2999 3870 3140 3924 ἐστὶν
3185 3867 3366 3924 οἴδατε
3427 3865 3544 3924 οὐδὲ
3598 3871 3705 3924 οἷος
3745 3863 3768 3917 ὁ

2130 3960 2322 4031 τρόπος
2400 3961 2539 4032 αὐτῷ
2603 3965 2701 4026 τῆς
2763 3957 3087 4036 διαγωγῆςς
3147 3956 3455 4015 Τούναντίον
3527 3956 3627 4032 μὲν
3691 3955 3766 4010 οὖν

2130 4038 2244 4102 δέον
2306 4047 2393 4120 ἐᾷν
2448 4048 2604 4104 αὐτὸν
2661 4049 2924 4124 ἐνταδθοῖ,
2960 4046 3034 4101 ἵν’
3086 4048 3129 4102 εἰ
3185 4046 3285 4120 μὲν
3327 4045 3520 4122 ἀγαθὸς
3580 4046 3639 4114 ἦ,
3690 4041 3764 4099 καὶ

2133 4137 2269 4210 ἡμῖν
2329 4135 2642 4203 κοινωνήσει
2675 4141 2769 4201 τῆς
2829 4134 3109 4212 ὠφελείας⁶
3143 4137 3187 4190 εἱ
3244 4132 3297 4189 δὲ
3328 4135 3626 4190 τούναντίον
3680 4131 3761 4186 αύ-

2133 4225 2222 4287 τὸς
2284 4225 2382 4300 μὲν
2452 4223 2663 4289 δικαίως
2720 4224 2952 4280 ἐντεῦθεν
3012 4222 3274 4299 ὰπελαθῇ,
3320 4225 3478 4296 ὑμεῖς
3535 4221 3593 4279 δὲ
3637 4218 3764 4296 ιιᾶγὼ

2131 4316 2274 4386 ὦμεν
2349 4313 2413 4368 τά
2481 4335 2541 4390 γε
2599 4323 2815 4371 τοιαῦτα
2891 4311 3238 4390 ἀνέγκλητοι.
3314 4311 3491 4377 Οὕτως
3583 4308 3758 4367 ἐκεῖνοι

2131 4400 2348 4464 ἁλόντες
2405 4399 2489 4482 ὑφ’
2547 4402 2746 4460 ἑαδτῶν
2807 4401 3066 4481 (τοιοῦτον
3121 4403 3220 4479 γὰρ
3270 4403 3303 4469 ἠ
3375 4401 3555 4458 κακία⁸
3620 4399 3760 4469 ἑαυτῇ

408 4486 698 4581 capti_(res
727 4483 1000 4581 enimuest
1027 4481 1324 4581 ejusmpdi
1358 4483 1784 4581 vit_ium,ipsum
1807 4490 2046 4569 quidem

2142 4497 2413 4570 πανταχοῦ
2450 4481 2788 4569 περιπίπτει,
2847 4491 2934 4546 καὶ
2997 4503 3113 4556 τοῖς
3171 4491 3379 4554 οἰκείοις
3449 4481 3752 4563 ἁλίσκεται),

406 4571 470 4659 in
501 4572 762 4659 seipsum
795 4571 976 4650 cadit,
1005 4577 1064 4633 et
1088 4588 1122 4630 a
1151 4568 1330 4631 rebus
1355 4571 1477 4633 suis
1505 4576 1753 4655 capitur)
1787 4568 1906 4658 prie
1933 4598 2046 4659 pu-

2142 4580 2360 4659 ιὶσχύνῃ
2415 4581 2480 4636 τὰ
2534 4568 2792 4658 πρόσωπα
2883 4577 3230 4658 καλυφθέντες
3298 4588 3390 4638 τοῦ
3457 4585 3754 4655 κακουργεῖν

408 4657 554 4720 dore
583 4657 775 4720 vultus
807 4663 1078 4736 tegentes
1110 4666 1418 4720 cessarunt
1446 4659 1519 4722 ab
1549 4657 1947 4742 improbitate.

488 4823 616 4888 XII.
652 4825 969 4906 Postquam
1020 4833 1214 4888 autem
1247 4844 1453 4890 eorum
1513 4829 1758 4891 insidias
1789 4833 1873 4894 sic
1904 4833 2048 4897 vidit

406 4913 698 4992 malignus
726 4931 858 4976 esse
887 4915 1106 4989 irritas,
1141 4915 1382 4992 longum
1417 4926 1577 4978 esset
1608 4917 1830 4993 dicere,
1867 4940 2042 5000 quam

406 5002 619 5064 multas
644 5001 885 5084 quidem
915 5021 1123 5065 rursus
1145 5005 1400 5066 visiones
1421 5005 1722 5086 prioribus
1741 5011 2045 5085 graviores

397 5089 571 5154 beato
621 5091 913 5167 intulerit,
947 5110 1122 5174 quam
1157 5095 1372 5155 multas
1419 5102 1614 5156 autem
1650 5097 1953 5160 molestias
1987 5111 2044 5163 et

401 5179 762 5256 vexationes,
797 5199 956 5242 nunc
989 5181 1227 5258 quidem
1257 5182 1447 5244 minas
1493 5201 1558 5242 se
1583 5202 1718 5246 eum
1751 5185 2044 5250 interem-

403 5279 829 5350 pturum,nunc
853 5286 993 5331 vero
1011 5270 1072 5331 in
1097 5277 1241 5332 mari
1261 5271 1734 5350 submersurum,
1764 5293 1920 5338 nunc
1943 5297 2044 5340 au-

2129 4667 2450 4726 ἐπαύσαντο.

2210 4844 2313 4904 ιΒ’.
2373 4844 2468 4908 Ὠς
2509 4843 2681 4900 δὲκαὶ
2735 4844 2932 4910 ταύτην
2964 4846 3120 4902 αὑτοῦ
3167 4845 3262 4912 τὴν
3294 4841 3582 4912 ἐπιϐουλὴν
3635 4839 3752 4898 οὕτω

2129 4931 2269 4988 εῖδεν
2318 4931 2702 4989 διαλυθεῖσανὸ
2759 4933 3012 5011 πονηρὸς,
3071 4934 3272 5009 μακρὸν
3329 4933 3391 4988 ἃν
3449 4933 3542 4998 εἴη
3598 4931 3750 5006 λέγειν

2129 5019 2258 5085 ὅσας
2289 5023 2388 5096 μὲν
2428 5021 2588 5077 πάλιν
2619 5021 2905 5101 φαντασίας
2950 5027 3054 5076 τῶν
3111 5021 3228 5098 πρὶν
3259 5017 3552 5098 δεινοτέρας
3607 5017 3750 5091 ἐπῆγε

2127 5116 2201 5183 τῷ
2257 5111 2522 5185 μακαρίῳ,
2558 5110 2684 5172 ὅσας
2743 5109 2794 5166 δὲ
2825 5111 2923 5171 τὰς
2968 5111 3226 5187 ὀχλήσεις
3273 5116 3362 5164 νῦν
3397 5111 3492 5184 μὲν
3541 5105 3748 5165 ἀπειλῶν

2128 5200 2282 5256 αὑτὸν
2339 5197 2574 5276 ἀνελεῖν,
2607 5206 2692 5255 νῦν
2745 5195 2800 5254 δὲ
2830 5202 3262 5275 καταποντῶσαι,
3295 5203 3379 5253 νῦν
3438 5195 3492 5252 δὲ
3537 5196 3658 5254 ἄλλο
3706 5211 3746 5246 τι

2125 5286 2308 5363 δρᾶσαι
2365 5287 2470 5343 τῶν
2519 5284 2852 5365 ἀϐουλήτων,
2896 5286 2994 5342 κᾶν
3041 5285 3122 5341 ὅτι
3178 5284 3407 5360 μαλιστα
3462 5291 3622 5341 ταῦτα
3653 5301 3745 5337 πα-

400 5365 520 5456 tem
571 5356 814 5456 aliquid.
837 5357 999 5419 aliud
1029 5358 1343 5456 .facturum
1369 5447 1383 5456 _
1405 5378 1610 5421 eorum
1643 5380 1772 5442 quae
1824 5364 2026 5442 nollet,

2147 5393 2228 5434 εῖν
2285 5374 2372 5433 ὑπ’
2429 5377 2628 5434 ἐκείνου
2678 5378 2833 5440 αὺτός
2903 5399 2951 5432 τε
3009 5379 3095 5432 καὶ
3143 5376 3202 5431 τό
3257 5373 3344 5432 ὕπ’
3389 5377 3544 5431 aut?”
3600 5371 3741 5450 στρά-

396 5446 628 5544 etiamsi
659 5446 918 5508 maxime
949 5454 1006 5508 et
1028 5446 1244 5544 ipseuet
1273 5447 1460 5508 malus
1479 5449 1611 5527 ejus
1642 5457 1939 5514 exercitus
1959 5459 2032 5518 ab

2142 5489 2285 5540 τευμα
2342 5467 2574 5543 πονηρὸν
2627 5465 2874 5540 ἔμελλον,
2939 5462 3033 5528 Ὠς
3093 5466 3193 5542 γὰρ
3241 5463 3304 5530 δὴ
3359 5464 3603 5525 κάκεῖνος
3631 5446 3738 5516 δια-

392 5532 677 5631 ipsolmc
699 5542 868 5631 erant
889 5533 1296 5631 passuril-Vam
1317 5545 1628 5631 postquam
1657 5537 2034 5631 ille_surgens

2142 5532 2312 5618 ’πιστὰς
2383 5532 2716 5631 προσηύξατό
2775 5575 2831 5608 τε
2901 5555 2989 5610 καὶ
3057 5532 3380 5630 θαρρούντως
3451 5548 3732 5630 ἐφθέγξατο,

391 5620 598 5701 oravit,
633 5630 692 5682 et
738 5621 1020 5686 audacter
1048 5630 1138 5686 est
1164 5621 1418 5703 locutus,
1455 5623 1665 5688 dicens
1699 5644 1713 5690 :
1747 5624 2036 5701 Dominus

2120 5641 2323 5710 Ἰησοῦς
2355 5643 2382 5698 ὀ
2413 5643 2658 5724 Χριστὸς,
2690 5641 2747 5700 ἄν
2792 5641 3072 5700 ἐπίστευσά.
3104 5661 3161 5697 τε
3191 5641 3276 5700 καὶ
3308 5640 3560 5716 πιστεύω,
3598 5633 3732 5698 αὖτδς
