4066 6146
300 360 416 425 985
1424 353 1610 421 VITA
1655 353 1716 416 S.
1763 350 2124 415 DANIELIS
2167 349 2539 413 STYLIT/E.
3546 335 3663 403 986

292 497 428 573 ὑμᾶς
475 495 546 558 εἷς
578 493 676 562 τὴν
730 489 953 552 ἄϐυσσον
1007 489 1434 548 καταποντώσειε
1492 489 1589 556 τὴν
1647 486 1924 567 ἐσχάτην⁴

2023 483 2196 548 Jesus
2228 484 2519 566 Christus,
2553 485 2611 546 in
2644 501 2820 565 quem
2858 480 3195 546 credidistis
3232 479 3314 573 (t)
3347 473 3658 573 et___c_redo,

291 567 490 643 ἐκεῖνοι
544 582 659 640 τότε
703 583 898 659 πικρὸν
934 579 1270 646 ὀλολύξαντες
1324 581 1410 636 καὶ
1466 580 1652 657 γοερὸν
1703 576 1924 654 ἀνακρά-

2023 575 2150 656 ipse
2171 595 2271 637 vos
2293 577 2351 637 in
2375 577 2648 638 ultimum
2675 575 2948 656 abyssum
2973 570 3366 635 demerserit:
3405 567 3491 629 illi
3523 574 3660 659 tunc

289 675 494 742 ξαντες,
583 675 670 730 καὶ
749 677 825 746 τῷ
911 670 1088 728 δοκεῖν
1173 671 1236 726 τὰ
1320 670 1580 748 πρόσωπα
1652 669 1924 724 τύπτοντες

2022 655 2240 727 acerbe
2265 667 2562 728 ululantes
2593 675 2649 726 et
2681 655 2963 727 flebiliter
2979 663 3392 740 clamantes,et
3414 675 3549 720 suas
3576 655 3661 714 fa-

289 766 574 842 νυκτερίσιν
634 760 1004 840 ὃμοιωθέντες,
1075 761 1232 818 αὑτοῦ
1302 759 1502 815 ἐκείνου
1576 765 1738 814 ταῦτα
1808 756 1924 832 βλέ-

2023 753 2167 827 cies,
2204 763 2269 815 ut
2296 756 2665 828 videbantur,
2722 754 3046 834 pulsantes,
3071 751 3377 814 assimilati
3407 762 3656 842 vesper:

287 876 478 919 ποντος
535 852 625 909 τοῦ
681 852 825 908 ὁσίου
884 848 1184 920 ἐξῆλθόντε,
1244 847 1339 904 mi?
1399 848 1644 911 ἀπιόντες
1701 849 1924 926 ῲχοντο,

2023 844 2456 925 tilionibus,illo
2481 846 2607 927 ipso
2632 846 2758 906 hinc
2780 844 3151 924 adspiciente
3182 849 3410 914 sancto,
3435 834 3661 927 egressi

284 947 347 1004 Ὀ
377 943 427 1001 δὲ
481 941 748 1018 μηδέποτε
779 949 871 998 τοῦ
927 940 1236 1010 ἐπηρεάζειν
1298 937 1622 1012 παυόμενος,
1684 936 1934 1014 νομίζων,

290 1035 335 1089 εὶ
374 1037 580 1097 πυκνῶς
634 1034 798 1104 αὐτῷ,
856 1030 1091 1104 καθάπερ
1149 1028 1203 1083 ἐν
1260 1025 1558 1106 πολιορκίᾳ,
1620 1023 1932 1103 προσϐάλοι,

289 1122 390 1197 ὀψὲ
439 1129 560 1200 γοῦν
616 1118 856 1200 χαλάσαι
902 1125 992 1175 τοῦ
1043 1117 1300 1195 μακαρίου
1352 1118 1412 1172 τὸ
1441 1117 1689 1194 φρόνημα
1719 1112 1932 1177 δυνατὸς

287 1210 458 1288 ἔσται,
489 1211 581 1266 καὶ
612 1210 696 1265 ἐπὶ
744 1209 921 1287 τρίτην
973 1220 1162 1285 πετραν
1220 1205 1316 1262 καῖ
1374 1205 1686 1283 κακουργίαν
1734 1217 1931 1283 χωρεῖ,

283 1301 372 1356 καὶ
431 1301 552 1362 τοὺς
609 1300 892 1378 προτέρους
949 1296 1094 1370 αὐτῷ
1149 1296 1475 1375 συκοφάντας
1547 1294 1771 1351 ἐπισείει
1839 1292 1935 1349 καὶ

283 1390 428 1453 αὖθις
461 1389 595 1464 μετὰ
625 1396 716 1446 τοῦ
748 1386 905 1444 αὒτοῦ
943 1385 1366 1465 μηχανήματος,
1419 1383 1485 1441 Οῗ
1517 1381 1580 1452 δὴ
1636 1384 1720 1439 καὶ
1762 1405 1934 1462 προσ-

280 1477 526 1540 ελθόντες
583 1484 659 1550 τῷ
716 1475 1011 1554 ἐπισκόπιρ,
1075 1473 1253 1552 ὥσπερ
1285 1473 1388 1541 ἤδη
1442 1474 1508 1529 τὰ
1561 1472 1787 1550 μέγιστα
1814 1470 1934 1528 ἀδι-

279 1568 556 1643 κούμενοι,
617 1576 910 1644 κακοῦργον
971 1566 1059 1620 τὸν
1108 1563 1252 1620 ὅσιον
1311 1563 1507 1642 εἴρωνὰ
1565 1584 1622 1618 τε
1671 1563 1758 1618 καὶ
1791 1562 1936 1617 ἀπα·

281 1664 455 1716 τεῶνα
485 1655 727 1730 ἐκάλουν,
767 1657 851 1712 καί
902 1653 981 1709 ὅτι
1033 1654 1376 1732 Δόσχρηστος
1439 1654 1573 1723 ἥμϊν
1633 1650 1742 1711 ἐστι
1802 1673 1935 1731 ιρορο⁸

283 1747 428 1811 τικός
458 1767 515 1802 τε
546 1745 640 1802 καῖ
697 1745 858 1820 μόνον
908 1742 1266 1818 βλεπόμενος.
1319 1742 1577 1805 Κάκεῖνος
1608 1741 1782 1808 ἥττων
1831 1739 1932 1808 ἤδη

2021 941 2160 993 sunt
2182 942 2238 996 et
2261 924 2555 996 abierunt.
2592 933 2696 996 Ille
2744 941 2939 996 autem
2969 949 3266 1011 nunquam
3291 945 3531 991 cessans
3558 924 3657 986 in-

2013 1021 2236 1101 juriam
2271 1024 2488 1106 facere,
2522 1025 2868 1086 existimans
2899 1023 3055 1104 quod
3084 1022 3134 1082 si
3165 1039 3297 1082 eum
3333 1036 3489 1097 saepe
3520 1026 3654 1076 tan-

2020 1131 2196 1191 quam
2232 1113 2290 1176 in
2321 1113 2486 1176 urbis
2517 1114 2829 1176 obsidione
2861 1112 3188 1191 invaderet,
3212 1109 3450 1171 tandem
3483 1113 3658 1187 pote-

2017 1201 2093 1261 rit
2127 1202 2284 1265 beati
2306 1205 2548 1286 spiritus
2573 1214 2630 1266 et
2650 1222 3009 1285 generosum
3033 1201 3294 1262 animum
3317 1197 3658 1279 deprimere

2018 1311 2086 1352 ac
2117 1293 2414 1373 frangere,
2466 1295 2698 1356 accedit
2749 1293 2824 1354 ad
2861 1291 3135 1353 maleﬁcii
3169 1289 3398 1351 tertiam
3435 1286 3652 1368 proba~

2019 1381 2263 1452 tionem,
2292 1393 2350 1446 et
2381 1385 2666 1446 adversus
2707 1403 2842 1444 eum
2877 1399 3082 1444 rursus
3128 1387 3464 1441 commovet
3495 1375 3650 1456 prio-

2019 1489 2117 1533 res
2149 1473 2628 1536 calumniatores.
2662 1474 2772 1548 Qui
2827 1491 2960 1534 cum
2997 1469 3396 1532 accessissent
3425 1467 3496 1528 ad
3531 1465 3658 1545 epi-

2018 1581 2290 1643 scopum,
2328 1564 2577 1644 perinde
2608 1583 2675 1625 ac
2700 1564 2822 1642 jam
2857 1560 3130 1622 maximis
3161 1556 3356 1620 affecti
3389 1555 3648 1635 injuriis,

2017 1661 2284 1712 sanctum
2320 1652 2608 1714 vocabant
2641 1651 2995 1723 maleﬁcum,
3033 1647 3566 1720 simulatoremque
3598 1652 3656 1703 et

2017 1740 2442 1821 deceptorem;
2502 1741 2901 1820 dicebantque
2973 1741 3100 1820 ejus
3157 1733 3652 1799 consuetudinem

281 1836 565 1915 γενόμενος
622 1842 730 1892 τῶν
787 1832 1098 1914 ὀχλήσεων,
1173 1832 1393 1907 πέμψας
1467 1833 1613 1892 εὖθὺς
1671 1828 1787 1906 ἄγει
1842 1832 1924 1886 τὸν

2019 1847 2151 1890 esse
2182 1830 2268 1890 eis
2299 1830 2763 1903 intolerabilem,
2799 1837 2860 1890 ut
2887 1829 2988 1909 qui
3026 1828 3114 1888 vel
3147 1827 3270 1888 solo
3301 1833 3545 1905 aspectu
3576 1824 3653 1884 sit

284 1924 485 1993 Δανιὴλ
543 1923 666 2002 παρ’
741 1925 894 1980 αὐτὸν
952 1926 1039 1980 καὶ
1096 1923 1406 1979 πυνθάνεται
1458 1921 1536 1986 τίς
1595 1942 1650 1976 τε
1709 1920 1782 1976 ὢν
1846 1923 1932 1976 καὶ

281 2015 438 2072 πόθεν
491 2015 587 2070 καὶ
646 2017 799 2070 τίνων
851 2011 1121 2087 δεόμενος,
1177 2012 1263 2067 καὶ
1312 2010 1397 2066 ἐπὶ
1452 2016 1577 2066 πᾶσι
1627 2010 1780 2072 ποίας
1833 2008 1932 2088 ἄρα

281 2107 399 2182 περὶ
455 2105 512 2160 τὸ
575 2107 722 2159 Θεῗον
778 2101 932 2168 δόξης
993 2101 1255 2180 ἐχόμενος
1310 2101 1512 2164 τούτοις
1555 2113 1672 2162 τοῖς
1718 2098 1930 2176 μέρεσιν

279 2192 643 2268 ἐπεδήμησεν,
708 2185 764 2249 Ὀ
822 2191 875 2247 δὲ
905 2190 997 2247 τοῦ
1053 2191 1304 2266 μεγίστου
1335 2191 1419 2245 καὶ
1451 2187 1660 2267 πρώτου
1708 2191 1806 2253 τῆς
1855 2189 1927 2250 εἰς

283 2284 505 2360 Χριστὸν
578 2279 857 2362 ὀφθοδόξου
917 2281 1144 2340 πίστεως
1202 2282 1384 2354 πρῶτα
1444 2277 1717 2353 μνησθές,
1792 2275 1928 2332 οὕτω

280 2370 346 2440 δή
378 2372 463 2428 καὶ
513 2370 683 2427 τὲλλα
743 2383 973 2446 συνεῖρε,
1028 2365 1248 2445 πατρίδα
1281 2365 1375 2423 καΐ
1422 2368 1596 2445 γένος,
1658 2368 1744 2423 καὶ
1775 2365 1928 2429 τέλος

279 2460 362 2517 ὅτι
419 2463 528 2517 θεία
581 2467 766 2516 τοῦτον
822 2459 1062 2524 ἐκίνησεν
1133 2456 1466 2532 ἀποκάλυψις
1525 2458 1583 2512 τὸ
1650 2456 1929 2528 Βυζάντιόν

280 2572 336 2606 τε
398 2547 528 2606 ἰδεῖν
597 2549 692 2604 καὶ
758 2548 824 2603 τὰ
895 2546 1112 2603 ἐνταῦθα
1185 2542 1532 2604 καταλαϐεῖν.
1610 2552 1784 2604 Ταῦτα
1856 2547 1930 2607 ὡς

277 2637 500 2705 ἤκουσεν
558 2639 586 2693 6
643 2635 955 2707 ἐπίσκοπος,
1017 2633 1286 2699 ὑπανέστη
1357 2635 1445 2692 καὶ
1514 2635 1926 2710 περιεπτύξατο,

278 2729 358 2803 κρῖ
389 2728 460 2790 ὡς
491 2730 636 2783 θεῖον
693 2724 935 2804 ἀτεχνῶς
991 2721 1148 2801 ἄνδρα
1204 2722 1448 2798 ἐτῖμησε,
1513 2727 1600 2780 καὶ
1657 2737 1776 2788 τοῖς
1808 2723 1928 2781 κατ’

277 2816 435 2872 αὒτοῦ
489 2813 733 2892 λέγουσιν
805 2811 1116 2886 ἐπετίμησε.
1197 2813 1293 2869 Καὶ
1360 2814 1523 2869 ταῦτα
1595 2811 1694 2887 μὲν
1765 2811 1928 2879 οὕτως

279 2904 692 2980 ἐστρατήγηται,
728 2899 906 2964 καλῶς
962 2906 1039 2973 τῷ
1097 2901 1338 2977 μεγοίλιεγ
1394 2901 1487 2956 οὒκ
1514 2901 1580 2968 ἦν
1610 2899 1663 2956 δὲ
1712 2902 1927 2967 πάντως

281 2995 370 3049 τὸν
399 2994 492 3061 τὴν
524 2999 757 3069 Χριστοῦ
809 2989 1078 3046 πολιτείαν
1137 2988 1524 3064 ἐπανελόμενον
1574 2991 1652 3064 μὴ
1696 2992 1790 3047 καί
1830 2994 1929 3057 τὴν

279 3079 424 3147 τάξιν
479 3087 576 3147 τῆς
629 3079 894 3143 πολιτείας
951 3079 1024 3143 εἷς
1095 3076 1310 3135 δυνατὸν
1370 3083 1596 3158 φανῆναι
1655 3081 1927 3157 pluo-5:“-

2019 1921 2305 1983 molestus
2363 1931 2419 1982 et
2475 1922 2872 1999 importunus.
2921 1919 3026 1980 Ille
3077 1935 3211 1978 vero
3239 1917 3362 1997 jam
3393 1915 3580 1976 victus
3613 1931 3646 1973 a

2015 2015 2101 2069 tot
2129 2009 2645 2086 vexatiouibus,ad
2668 2029 2731 2072 se
2762 2007 3360 2077 accersitDanielem,
3395 2013 3450 2066 et
3484 2009 3652 2081 rogat

2014 2097 2286 2178 quisnam
2321 2100 2416 2172 sit,
2445 2108 2502 2160 et
2529 2099 3149 2179 unde,etquibusnam
3173 2098 3354 2158 rebus
3377 2113 3524 2175 opus
3549 2095 3650 2154 ha-

2013 2185 2182 2266 bens,
2218 2195 2630 2268 etpostrcmo,
2692 2207 3008 2268 quemnam
3069 2189 3130 2248 in
3196 2189 3378 2249 Deum
3440 2193 3647 2243 tenens

2014 2277 2379 2355 opinionem,
2418 2279 2477 2338 iu
2509 2279 2615 2339 has
2649 2288 2844 2358 partes
2874 2279 3120 2340 venerit.
3148 2276 3254 2338 Ille
3284 2282 3477 2335 autem
3512 2289 3645 2333 cum

2015 2366 2166 2446 ejus,
2200 2367 2354 2446 quod
2399 2375 2487 2428 est
2544 2368 2861 2428 maximum
2896 2377 2956 2429 et
2988 2367 3273 2448 primum,
3303 2380 3520 2440 nempe
3553 2379 3645 2421 or-

2015 2455 2286 2517 thodoxae
2316 2458 2374 2518 in
2427 2458 2724 2519 Christum
2758 2457 2918 2525 fidei,
2959 2457 3213 2537 primum
3248 2451 3644 2530 meminisset,

2013 2543 2128 2604 alia
2150 2545 2367 2607 deinde
2389 2547 2715 2622 contexuit,
2737 2547 3078 2628 patriam,et
3103 2550 3380 2623 genus,et
3412 2541 3643 2628 ﬁnem}

2013 2652 2231 2715 nempe
2261 2636 2415 2717 quod
2451 2654 2586 2699 eum
2621 2626 2818 2698 divina
2857 2637 3105 2698 moverit
3147 2630 3450 2703 revelatio,
3478 2641 3548 2717 ut
3567 2626 3646 2686 vi-

2013 2716 2568 2808 deretByaantium,
2613 2735 2671 2787 et
2721 2727 2781 2788 in
2836 2727 2960 2788 haec
3017 2726 3150 2785 loca
3197 2720 3448 2782 veniret.
3501 2716 3640 2777 Haec

2012 2829 2144 2872 cum
2178 2815 2497 2877 audivisset
2545 2817 2885 2898 episcopus,
2918 2811 3260 2885 assurrexit,
3296 2820 3359 2870 et
3391 2813 3645 2898 sumes!

2011 2903 2342 2982 amplexus,
2375 2914 2433 2966 et
2464 2895 2599 2968 eum
2649 2895 2928 2986 tanquam
2991 2904 3176 2965 virum
3228 2917 3442 2960 revera
3491 2895 3645 2957 divi-

2013 3009 2154 3051 num
2199 2994 2526 3058 honoravit.
2553 2996 2744 3076 Atque
2769 2997 2892 3056 haec
2914 2993 3155 3076 quidem
3189 2991 3277 3051 sic
3302 2997 3464 3051 recte
3485 2993 3649 3067 gesta

2012 3077 2244 3142 fuerant
2263 3101 2296 3144 a
2318 3102 2526 3164 magno
2544 3085 2810 3146 Daniele.
2853 3083 3000 3147 Fieri
3027 3094 3229 3144 autem
3255 3079 3494 3140 omnino
3527 3093 3642 3137 non

277 3193 389 3230 νον.
426 3169 632 3248 ’Ὥσπερ
663 3169 751 3225 οὖν
782 3170 809 3225 6
839 3169 1022 3224 τούτου
1074 3170 1352 3235 Δεσπότης
1408 3170 1544 3242 μετὰ
1597 3169 1685 3225 τὸν
1736 3192 1924 3248 πειρα-

2015 3177 2264 3249 poterat,
2299 3181 2360 3233 ut
2402 3175 2502 3264 qui
2535 3173 2754 3237 Christi
2813 3175 2942 3235 vitae
2984 3173 3334 3264 institutum
3369 3184 3646 3246 suscepe-

276 3263 411 3336 σμὸν
441 3259 677 3340 φαίνεται
707 3264 812 3313 τῶν
855 3257 1094 3332 σημείων
1155 3258 1480 3337 ἀρχόμενος,
1543 3258 1679 3314 οὕτω
1736 3257 1800 3326 δὴ
1836 3263 1924 3316 καί

2010 3267 2121 3334 rat,
2157 3280 2273 3322 non
2334 3263 2508 3324 etiam
2569 3265 2700 3344 ejus
2759 3265 2892 3326 vitae
2938 3262 3185 3344 agendae
3233 3259 3502 3321 ordinem
3539 3275 3644 3338 pro

277 3351 451 3428 οὗτος,
536 3346 682 3414 πλὴν
754 3349 876 3403 ὁσον
961 3348 1048 3402 καὶ
1132 3348 1316 3403 τοῦτον
1389 3347 1587 3404 ἐκείνου
1657 3356 1924 3413 κινοῦντος

2012 3347 2236 3412 viribus
2265 3351 2567 3415 videretur
2587 3354 2831 3416 imitari.
2858 3352 3169 3426 Quomodo
3203 3369 3343 3429 ergo
3368 3349 3500 3428 ejus
3531 3348 3644 3407 Uo-

272 3441 361 3497 καὶ
428 3438 612 3494 τούτου
679 3442 748 3513 τῇ
820 3434 1021 3492 ἐκείνου
1104 3433 1319 3512 δυνάμει
1404 3441 1776 3517 κατορθοῦντος
1859 3439 1924 3493 τὰ

2012 3438 2210 3500 minus
2227 3459 2362 3502 cum
2391 3443 2815 3505 tentationibus
2838 3444 3004 3522 signa
3035 3441 3273 3502 videtur
3301 3439 3634 3522 inchoasse,

275 3529 537 3604 θαύματα.

362 3703 460 3763 1Γ’.
528 3697 748 3782 Ἡμέραι
806 3702 1076 3781 παρῆλθον
1132 3705 1254 3782 οὐχὶ
1326 3705 1540 3783 συχναὶ,
1614 3703 1701 3758 καὶ
1771 3706 1923 3768 νόσος

275 3794 592 3863 ἐπισκήπτει
649 3799 725 3866 τῷ
785 3793 1096 3870 πατριάρχῃ
1153 3790 1320 3871 δεινὴ,
1373 3791 1408 3858 ἤ
1457 3792 1543 3848 καὶ
1594 3792 1772 3857 ἱκέτην
1825 3795 1921 3848 αὒ-

275 3884 366 3939 τὸν
421 3882 660 3960 γενέσθαι
725 3887 818 3937 τοῦ
887 3881 1030 3937 ὁσίου
1103 3892 1272 3957 ποιεῖ,
1348 3881 1434 3936 καὶ
1505 3880 1922 3955 μεταστέλλεται

274 3979 455 4027 τοῦτον
501 3971 670 4042 εὐθὺς,
703 3969 799 4026 καὶ
855 3970 984 4048 ὑπὲρ
1041 3970 1198 4025 αὒτοῦ
1258 3967 1507 4034 δεηθῆναι
1567 3969 1739 4026 δεῖται
1792 3977 1922 4043 Χρι-

276 4061 401 4116 στὸν
451 4059 709 4136 βοηθῆσαι
767 4057 1012 4124 κάμοντι.
1087 4064 1190 4115 Τοῦ
1259 4054 1312 4112 δὲ
1384 4058 1450 4112 τὰ
1505 4058 1702 4134 γόνατα
1761 4060 1921 4133 μόνον

276 4151 349 4211 εἷς
405 4148 576 4226 εὐχὴν
634 4146 908 4210 κλίναντος
966 4147 1137 4224 παρῆν
1180 4146 1411 4216 ἐπήκοος
1457 4149 1484 4203 ὁ
1531 4149 1751 4224 Χριστὸς
1783 4151 1920 4229 φθά-

274 4260 377 4295 νων
439 4244 628 4315 μικροῦ
683 4237 770 4292 καὶ
829 4237 926 4304 τὴν
985 4234 1225 4303 αἴτησιν·
1277 4238 1365 4292 καὶ
1401 4237 1435 4298 ἡ
1470 4235 1619 4298 νόσος
1646 4237 1784 4313 ῥᾳων
1825 4239 1912 4314 ἦν,

273 4328 360 4385 καὶ
421 4328 448 4382 6
508 4327 783 4406 ἀρχιερεὺς
842 4324 1072 4393 ἆπαθῆς.
1132 4327 1229 4383 Καὶ
1287 4324 1422 4383 οὕτω
1455 4325 1549 4399 μέν
1579 4326 1643 4380 τὰ
1671 4333 1761 4384 τοῦ
1789 4329 1918 4384 θαύ-

274 4432 463 4492 ματος·
523 4417 583 4472 06
637 4413 842 4488 μᾶλλον
896 4414 950 4470 δὲ
1009 4413 1070 4470 ἄν
1125 4435 1206 4477 τις
1264 4415 1420 4470 αὑτὸν
1469 4412 1762 4493 ἐκπλαγείη
1817 4422 1915 4484 τῆς

2009 3526 2088 3587 ita
2121 3527 2216 3590 hic
2245 3549 2502 3612 quoque,
2537 3533 2653 3594 nisi
2701 3521 2996 3613 quatenus
3024 3531 3124 3591 ille
3157 3531 3312 3590 buuc
3347 3521 3640 3606 movebat,

2010 3623 2068 3675 et
2099 3616 2196 3678 hic
2227 3617 2391 3680 illius
2419 3622 2640 3683 virtute
2670 3620 2922 3683 faciebat
2955 3619 3263 3680 miracula.

2087 3705 2252 3769 Xlll.
2279 3705 2408 3768 Non
2433 3709 2597 3769 multi
2622 3709 2750 3770 dies
2784 3709 3284 3790 praeterieruntmt
3313 3707 3642 3767 vehemens

2011 3792 2252 3854 morbus
2282 3795 2500 3856 invadit
2534 3799 2929 3877 patriarcham
2965 3815 2977 3858 :
3009 3797 3110 3876 qui
3141 3795 3315 3856 etiam
3342 3795 3542 3874 efﬁcit,
3577 3801 3642 3855 ut

2006 3880 2057 3942 is
2083 3881 2255 3943 ﬁeret
2284 3893 2487 3944 sancto
2521 3887 2795 3966 supplex,
2829 3895 2887 3946 et
2937 3904 3070 3947 eum
3127 3885 3412 3946 continuo
3441 3901 3641 3946 accer-

2003 3979 2188 4044 seret,
2222 3981 2282 4033 ut
2311 3991 2416 4052 pro
2462 3975 2589 4053 ipso
2620 3975 2919 4038 Christum
2961 3985 3222 4055 rogaret,
3258 3981 3319 4034 ut
3344 3972 3636 4036 laboranti

2004 4077 2176 4139 opem
2208 4061 2410 4124 ferret.
2446 4063 2590 4126 Cum
2651 4065 2702 4124 is
2746 4073 2945 4126 autem
3003 4065 3194 4126 solum
3227 4082 3418 4144 genua
3449 4063 3644 4125 ﬂexis-

2003 4160 2094 4210 set
2124 4150 2195 4210 ad
2230 4152 2590 4233 orationem,
2621 4152 2808 4215 adfuit
2837 4153 3105 4216 Christus
3142 4152 3464 4215 exaudiens
3497 4171 3639 4232 pro-

2001 4239 2319 4319 pemodum
2353 4251 2731 4305 antevertens
2781 4243 3125 4323 petitionem
3163 4261 3176 4306 :
3218 4242 3636 4323 convaluitque

2001 4337 2060 4390 et
2086 4348 2264 4393 sanus
2296 4333 2476 4394 evasit
2507 4334 2858 4414 patriarcha.
2893 4333 2958 4394 Et
2981 4333 3066 4396 sic
3099 4333 3336 4414 quidem
3387 4331 3638 4393 miracu-

1999 4416 2120 4479 lum
2151 4441 2167 4495 ;
2203 4439 2318 4483 non
2354 4423 2540 4502 magis
2571 4433 2769 4484 autem
2827 4431 2916 4486 est
2969 4423 3354 4485 admirandus
3397 4431 3638 4502 propter

273 4505 547 4585 Θεραπείας
605 4503 640 4572 ἥ
695 4505 795 4571 τῆς
855 4503 938 4560 ἐπὶ
995 4510 1063 4580 τῇ
1111 4503 1360 4582 θεραπείᾳ
1391 4504 1785 4582 χρηστότητος.
1823 4496 1913 4570 Ὠς

2010 4511 2391 4585 curationem,
2427 4496 2602 4594 q'uam
2645 4522 2888 4595 propter
2917 4511 3341 4592 benignitatem
3376 4496 3436 4572 in
3469 4496 3636 4573 cura-

271 4575 370 4673 γέρ
424 4595 606 4652 ἰάσατο
661 4595 867 4666 τοῦτον,
927 4575 1048 4661 ἣτει
1100 4575 1284 4667 μισθὸν
1495 4592 1710 4656 ἰάσεως
1772 4597 1799 4650 6
1861 4593 1914 4650 δὲ

2010 4596 2176 4659 tione.
2214 4600 2360 4660 Nam
2421 4575 2732 4680 postquam
2760 4575 2929 4665 leum
2982 4575 3228 4672 sanavit,
3284 4600 3452 4682 petiit
3485 4620 3637 4662 mer-

269 4683 334 4752 ἧν
393 4684 646 4762 Ξιφεοῆναι
702 4694 820 4748 τοϊς
877 4679 1256 4748 διαϐεϐληκόσι
1314 4682 1376 4738 τὸ
1434 4680 1679 4760 ὄφλημα.
1740 4682 1800 4743 Ὀ
1859 4683 1915 4740 δὲ

271 4773 545 4853 ἀρχιερεὺς
603 4771 846 4846 ἀσμένως
909 4791 965 4826 τε
1026 4772 1156 4850 πρὸς
1215 4772 1314 4837 τὴν
1386 4769 1606 4837 αἴτησιν
1681 4769 1913 4844 διετέθη,

270 4863 380 4931 καὶ,
441 4866 558 4925 Πῶς
613 4861 712 4937 γὰρ
766 4862 845 4933 μὴ
901 4857 1118 4938 ἀφήσω,
1175 4858 1300 4937 ἔφη,
1349 4862 1434 4924 οἷς
1465 4866 1653 4937 μικροῦ
1684 4860 1798 4918 δέον
1829 4865 1916 4920 καὶ

269 4951 431 5030 χάριν
489 4946 780 5026 ὁμολογεῖν
837 4948 916 5005 ὅτι
971 4949 1029 5004 σὲ
1082 4950 1173 5004 τὸν
1221 4948 1349 5022 ἐμὸν
1397 4951 1614 5026 σωτῆρα
1644 4949 1914 5031 παρέσχον

269 5037 426 5117 ἰδεῖν,
481 5038 568 5094 καὶ
623 5036 750 5114 πρὸς
807 5038 950 5109 ἡμᾶς
1010 5037 1258 5117 φοιτῆσαι
1309 5036 1641 5103 κατέστησαν
1694 5037 1911 5116 αἴτιοι,

269 5125 427 5186 Ἐπεῖ
485 5124 541 5181 δὲ
596 5126 726 5202 πρὸς
785 5123 940 5180 αὐτόν
991 5129 1079 5182 καὶ
1149 5126 1503 5199 μοναστηρίου
1575 5127 1660 5181 καὶ
1733 5125 1913 5206 δώρων

267 5215 357 5274 καὶ
414 5214 505 5273 τοῦ
561 5226 798 5271 συνεῖναι
846 5215 1012 5289 τούτῳ
1067 5213 1350 5277 διαπαντὸς
1405 5213 1700 5290 ἐμέμνητο,
1750 5216 1816 5274 Εἴ
1846 5239 1913 5292 με

265 5303 458 5378 θέλεις,
495 5304 652 5383 φησὶν
682 5306 709 5360 6
743 5302 934 5382 μέγας,
986 5305 1046 5360 τὰ
1102 5304 1328 5382 μέγιστα
1378 5305 1705 5384 Θεραπεύειν,
1760 5305 1819 5362 ἔα
1851 5307 1915 5364 τὰ

263 5399 342 5468 τῷ
398 5397 512 5468 Θεῷ
566 5394 653 5450 καὶ
710 5391 828 5468 ἐμοὶ
887 5391 1139 5450 δοκοῦντα
1203 5406 1400 5455 ποιεῖν,
1479 5394 1575 5451 Καὶ
1646 5393 1782 5452 οὕτω
1851 5393 1914 5464 δὴ

263 5485 394 5564 πρὸς
448 5485 541 5540 τὸν
597 5483 724 5540 ναὸν
782 5483 874 5538 σὺν
931 5482 1110 5562 πολλῇ
1155 5484 1241 5540 καὶ
1285 5481 1504 5561 λαμπρᾷ
1546 5488 1612 5560 τῇ
1637 5482 1914 5566 δορυφορίᾳ

1999 4685 2208 4746 cedem
2242 4689 2566 4750 sanationis
2595 4713 2609 4766 ;
2646 4710 2715 4752 ea
2765 4711 2899 4754 vero
2931 4699 3150 4766 erat,ut
3181 4691 3253 4752 iis
3285 4689 3387 4771 qui
3417 4691 3636 4752 calum-

2003 4775 2140 4835 niati
2202 4775 2486 4852 fuerant,
2549 4783 2958 4842 remitteretur
3016 4780 3308 4842 debitum.
3368 4779 3635 4840 Pontifex

1998 4872 2194 4925 autem
2232 4865 2286 4926 ei
2322 4864 2575 4929 libenter
2606 4869 2899 4930 concessit
2932 4869 3301 4949 petitionem,
3337 4875 3393 4929 et
3431 4887 3444 4930 :
3483 4869 3636 4941 Quo-

2000 4954 2176 5015 modo
2201 4953 2385 5030 enim,
2417 4955 2631 5038 inquit,
2667 4976 2783 5018 non
2816 4957 3140 5032 remittam,
3173 4958 3392 5039 quibus
3425 4975 3630 5038 parum

1997 5042 2165 5104 abest
2194 5041 2337 5122 quin
2371 5043 2544 5105 etiam
2599 5062 2766 5124 agam
2825 5045 3069 5124 gratias,
3106 5045 3261 5124 quod
3297 5045 3628 5119 effecerint,

2000 5139 2062 5192 ut
2096 5140 2150 5191 te
2182 5131 2473 5213 viderem,
2509 5134 2610 5214 qui
2644 5133 2790 5195 mihi
2850 5133 3068 5195 dedisti
3113 5135 3387 5210 salutem,
3421 5143 3479 5196 et
3509 5134 3626 5194 fue-

1996 5228 2134 5280 runt
2157 5238 2356 5294 causa,
2393 5231 2457 5282 ut
2512 5231 2572 5282 tu
2607 5223 2678 5284 ad
2736 5241 2843 5284 nos
2892 5222 3173 5284 venires?
3228 5224 3372 5285 Cum
3430 5232 3626 5284 autem

1995 5310 2148 5389 apud
2173 5327 2308 5370 eum
2337 5320 2396 5372 et
2429 5311 2796 5387 monasterii,
2827 5320 2883 5374 et
2913 5313 3233 5386 donorum,
3285 5321 3343 5370 et
3383 5323 3444 5371 ut
3493 5330 3627 5372 cum

1995 5416 2064 5460 eo
2124 5407 2411 5479 perpetuo
2459 5410 2638 5477 esset,
2687 5401 3104 5463 meminisset:
3150 5400 3214 5462 Si
3243 5400 3330 5460 vis
3361 5417 3478 5479 me,
3526 5399 3624 5461 in-

1995 5487 2118 5568 quit
2151 5487 2253 5549 ille
2287 5507 2562 5571 magnus,
2590 5509 2802 5570 magno
2833 5490 3030 5553 studio
3065 5488 3502 5572 prosequi,sine
3534 5506 3627 5550 me

348 5653 442 5748 (4).
495 5652 765 5750 Credidi,
801 5653 1119 5736 legendum
1170 5653 1426 5733 videtur,
1458 5661 1559 5717 aut
1618 5653 2092 5739 intelligendum,
2129 5672 2192 5724 ut
2222 5659 2474 5725 Iacobus
2529 5661 2660 5726 ait:
2717 5663 3032 5729 Daemones
3062 5663 3340 5750 credunt,
3366 5671 3420 5727 ιι
3480 5682 3626 5730 con-

266 5736 638 5799 tremiscunt.
