4048 6136
511 315 624 387 987
1725 330 2109 396 ADDENDA.
2141 360 2222 375 -
2264 331 2694 402 DECEMBER.
3767 345 3860 414 988

517 473 588 559 ea
615 454 831 559 facere,
869 475 1000 559 qua:
1048 462 1172 522 Deo
1205 469 1262 523 et
1312 464 1457 524 mihi
1496 463 1798 528 videntur.
1837 469 1905 528 Et
1963 467 2047 528 sic
2078 466 2137 528 ad

2235 473 2659 549 παραπεμφθεὶς,
2725 475 2820 530 καῖ
2876 475 3035 533 πάλιν
3094 477 3159 534 τὰ
3236 478 3366 537 αὒτᾶ
3433 493 3559 543 τοῖς
3620 483 3861 559 προτέροις

516 545 802 645 templum
867 550 1079 645 missus
1137 571 1269 613 cum
1325 572 1536 632 magno
1597 561 1656 615 et
1714 554 1995 632 praeclaro
2056 575 2137 617 co‘

2238 559 2492 630 ποιήσας,
2531 561 2612 616 καὶ
2643 560 2923 641 διαφράξας
2973 567 3068 634 τὴν
3118 565 3326 625 εἴσοδον
3389 567 3474 627 διὰ
3535 592 3678 636 τινος
3707 580 3865 645 μικρᾶς

517 634 916 734 mitatu,_cum
949 638 1152 700 eadem
1189 629 1586 722 fecisset-qua;
1618 629 1802 723 prius,
1839 649 1896 705 et
1924 644 2137 706 aditum

2239 645 2374 713 ὀπῆς
2443 647 2630 720 ὠμὶλει
2703 665 2818 716 τοῖς
2891 663 3214 732 προσιοῦσιν.
3284 657 3469 715 Ἐννέα
3563 664 3632 716 τὰ
3701 659 3866 734 μεταξὺ

516 723 924 824 obstruxisset,
962 747 1341 824 per-paruum
1375 733 1674 824 quoddam
1734 733 2006 795 foramen
2032 734 2137 796 col-

2236 733 2447 802 διῆλθον
2477 737 2594 812 ἔτη,
2629 743 2715 796 καὶ
2746 741 2830 798 ἐπὶ
2861 766 2960 810 την
3015 744 3342 824 τελεωτέραν
3404 747 3575 804 αὒτὸν
3625 749 3867 806 πολιτεὶαν

516 812 872 893 loquebatur
890 835 1022 877 cum
1042 818 1113 880 iis
1137 821 1239 900 qui
1259 812 1880 884 accedebanLNovem
1911 826 2146 885 interim

515 909 653 962 anui
681 906 1112 983 praeterieram,
1150 918 1206 971 et
1234 929 1369 971 eum
1409 912 1480 972 ad
1513 912 1686 973 vitam
1724 913 2148 989 perfectiorem

515 1009 728 1053 vocans
762 995 1137 1059 Providentia
1167 1009 1367 1078 aperte
1425 1001 1686 1063 ostendit
1726 1003 1944 1064 futura.
2000 1005 2146 1064 Cum

515 1080 673 1141 enim
706 1081 915 1144 fuisset
937 1084 997 1145 in
1034 1089 1273 1164 exstasi,
1306 1089 1462 1150 videt
1492 1090 1829 1152 columnam
1864 1090 2062 1167 nubis,
2092 1099 2152 1152 et

514 1187 583 1230 ea
612 1170 934 1233 admodum
968 1175 1226 1238 sublime
1273 1189 1398 1241 erat
1424 1179 1680 1257 sublata,
1715 1191 1773 1241 et
1801 1200 1870 1242 ex
1899 1181 2146 1242 adverso

512 1258 642 1337 ejus
666 1261 957 1339 pendebat
988 1264 1047 1324 in
1064 1284 1242 1338 aere;
1288 1275 1347 1328 et
1367 1268 1736 1330 admirabilis
1758 1267 2002 1332 Simeon
2037 1279 2142 1331 sta-

514 1346 612 1408 bat
643 1367 822 1430 super
852 1363 1026 1431 caput
1075 1356 1387 1418 columnae.
1445 1357 1631 1419 Simul
1683 1368 1876 1420 autem
1910 1377 2042 1420 cum
2076 1377 2145 1420 eo

512 1435 628 1528 duo
686 1440 959 1502 astabant
1021 1443 1472 1521 adolescentes;
1537 1456 1778 1528 eratque
1829 1448 1917 1509 eis
1969 1447 2146 1509 vestis

513 1525 673 1588 clara
705 1537 762 1590 et
788 1531 1110 1610 refulgens.
1133 1536 1401 1614 Desuper
1431 1554 1570 1596 vero
1603 1525 1900 1617 exicapite
1924 1535 2146 1598 colum-

513 1634 605 1704 nae
635 1617 797 1678 audit
827 1637 1029 1681 vocem
1066 1622 1361 1685 dicentem
1403 1646 1415 1687 :
1450 1625 1576 1686 Huc
1633 1627 1701 1686 ad
1737 1645 1829 1686 me
1853 1628 2140 1704 ascende,

2233 827 2266 892 ἡ
2298 827 2518 902 πρόνοια
2548 827 2781 886 καλοῦσα
2838 836 3073 911 φανερῶς
3130 837 3194 893 τὰ
3254 835 3524 910 μέλλοντα
3574 837 3863 914 προεδήλου.

2235 917 2328 1008 ὁρᾷ
2556 917 2609 974 ἐν
2670 919 2915 981 ἐκστάσει
2988 927 3276 1000 γενόμενος
3353 927 3550 986 στῦλον
3644 929 3862 1008 νεφέλης,

2233 1005 2320 1059 καὶ
2375 1005 2527 1070 οὗτος
2582 1009 2716 1082 ὑψοῦ
2775 1008 2892 1067 λίαν
2946 1012 3167 1093 ἐπῆρτο,
3225 1016 3312 1072 καί
3363 1005 3866 1092 καταντικρὺ-αὒτῶ

2233 1095 2553 1188 ἀπῃώρητο·
2630 1100 2714 1188 καὶ
2771 1101 2798 1155 6
2857 1105 3121 1175 θαυματὸς
3185 1108 3403 1179 Συμεὼν
3461 1107 3603 1184 ὑπὲρ
3657 1108 3866 1188 κεσαλῆς

2230 1190 2324 1238 τοῦ
2382 1183 2571 1240 στύλου
2628 1185 2897 1266 ἐφίστατο.
2974 1192 3074 1247 Δύο
3147 1191 3201 1248 δὲ
3266 1198 3406 1268 αὖτῷ
3459 1183 3865 1272 συμπαρίσταντο

2231 1273 2518 1330 νεανίσκου
2581 1277 2668 1332 καί
2725 1279 2757 1345 ἡ
2820 1279 2975 1346 ἐσθὴς
3031 1281 3213 1345 αὐτοῖς
3269 1282 3493 1360 λαμπρὰ
3529 1286 3621 1341 καὶ
3693 1285 3863 1359 ἀστρά-

2229 1379 2454 1452 πτουσα.
2514 1362 2752 1424 ’Ἂνωθεν
2810 1368 2897 1424 οῦν
2954 1373 3060 1426 απὸ
3112 1376 3212 1438 τῆς
3256 1380 3348 1430 τοῦ
3395 1373 3601 1429 στόλου
3655 1374 3864 1452 κεφαλης

2228 1449 2406 1540 (incedet
2465 1453 2664 1530 φωνῆς,
2729 1465 2890 1534 Δεῦρο
2951 1460 3079 1533 πρός
3139 1482 3228 1534 με,
3290 1461 3588 1540 λεγούσης,
3669 1449 3864 1530 Δανιὴλ’

2229 1538 2433 1602 ἄνελθε,
2497 1550 2596 1599 Τοῦ
2654 1541 2732 1615 δὲ,
2798 1548 2890 1604 Καδ
2942 1555 3057 1610 πῶς
3101 1549 3228 1626 ἐγὼ,
3264 1552 3430 1631 κύριε,
3466 1555 3609 1629 πρὸς
3642 1555 3861 1608 τοσοῦτον

2226 1627 2356 1703 ὕψος
2430 1631 2649 1706 ἀρθῆναι
2718 1633 3064 1713 δ’)νήσομαις
3143 1640 3603 1720 ἀποκριναμένου,
3684 1640 3863 1717 ἐπιτρέ-

510 1703 738 1768 Daniel.
799 1705 941 1803 Cum
975 1709 1248 1803 isAautem
1287 1716 1714 1791 respondisset,
1750 1714 1816 1775 Et
1848 1715 2137 1794 quomodo

2467 1703 2473 1706 .
2917 1703 2925 1710 .
3054 1703 3063 1713 ,
3288 1703 3297 1716 .
3407 1703 3418 1714 .
3589 1703 3603 1720 ,
3793 1703 3801 1717 .

2229 1723 2324 1794 ψαι
2381 1734 2498 1782 τοῖς
2571 1729 2808 1779 συνοῦσιν
2895 1726 3034 1797 αῦτῷ
3111 1731 3402 1790 νεανίσκοις
3491 1732 3588 1785 τὸν
3678 1731 3864 1803 Συμεὼν.

513 1797 1216 1896 poterohego,domine,i_n
1244 1813 1458 1864 tantam
1483 1804 1685 1864 extolli
1712 1803 2092 1865 altitudinem
2119 1810 2137 1866 ‘2

2230 1807 2530 1882 κατελθεῖν,
2592 1814 2679 1867 καὶ
2732 1812 3094 1878 ἀναλαϐόντας
3149 1818 3277 1892 πρὸς
3331 1819 3491 1875 αὺτὸν
3555 1816 3863 1896 ityn-retro?

505 1883 685 1984 jussit
715 1882 958 1984 Simeon
990 1889 1062 1950 iis
1089 1891 1187 1970 qui
1222 1912 1352 1952 cum
1387 1893 1516 1974 ipso
1545 1904 1738 1972 erant,
1791 1893 2137 1954 adolescen-

2232 1898 2316 1952 καὶ
2377 1899 2906 1976 κατακεκελευσμένα
2963 1905 3346 1979 πεποιηκότες,
3411 1905 3631 1984 αἴρουσί
3684 1929 3735 1962 τε
3797 1907 3861 1960 καί

515 1971 1267 2072 ιίὺυεηυιΑόεεοθηὰετθηι,
1293 1990 1343 2042 et
1369 1971 1738 2062 assumptum
1762 1981 1834 2043 ad
1864 2000 1928 2043 se
1949 1982 2137 2072 dedu-

2228 1987 2414 2043 ἱστῶσι
2473 1989 2697 2056 πλησίον
2731 1995 2908 2052 αὑτοῦ.
2973 1995 3236 2058 Κάκεῖνος
3286 1997 3430 2060 εὐθὺς
3493 2003 3686 2052 τοῦτον
3734 2017 3860 2072 περι-

513 2070 734 2123 cerent.
773 2063 882 2164 Qui
917 2085 1050 2128 cum
1084 2069 1370 2151 imperata
1430 2071 1729 2152 fecissent,
1765 2089 1901 2133 eum
1936 2071 2137 2133 tollunt

2231 2074 2552 2152 πτυξάμενος
2611 2081 2707 2159 εἷς,
2770 2082 2988 2154 οὖρανὸν
3049 2084 3351 2164 ἀνεφέρετο,
3416 2089 3506 2141 καὶ
3565 2086 3682 2159 ἅμα
3747 2085 3860 2160 μέγα

512 2160 570 2211 et
603 2170 787 2252 prope
829 2155 1044 2252 ipsum
1077 2168 1359 2252 statuunt.
1417 2162 1517 2222 llle
1547 2171 1740 2220 autem
1778 2179 1912 2221 eum
1945 2161 2137 2222 statim

2229 2165 2440 2244 ἐφώνει,
2475 2155 2763 2247 Ἀνδρίζου,
2841 2171 3063 2250 Δανιὴλ,
3127 2155 3456 2252 ἴδ’ίυείκαὶ
3533 2155 3686 2238 στῆθι
3749 2155 3857 2248 γεν-

511 2241 840 2339 δωριεαυε,
871 2245 1046 2339 simul
1076 2247 1132 2308 in
1155 2250 1368 2311 cmlum
1395 2269 1527 2312 eum
1553 2250 1815 2318 tollebat,
1846 2259 1908 2312 et
1939 2269 2137 2328 magna

2230 2241 2436 2316 νὲιίως.⁷
2489 2241 2610 2312 Καί
2664 2241 2848 2324 ἐπέιδη
2917 2241 3061 2315 πάνυ.
3119 2241 3363 2337 λαμπρὸν
3438 2241 3775 2339 περιήχησεν
3828 2260 3852 2323 ἡ

511 2348 652 2393 voce
682 2333 974 2425 clamabat
1009 2359 1021 2394 :
1065 2337 1203 2400 Esto
1235 2340 1424 2421 fortis,
1463 2341 1710 2414 Daniel;
1748 2349 1802 2401 te
1835 2348 2137 2400 strenuum

2226 2342 2400 2420 φωνὴ,
2473 2341 2669 2421 φοϐερὰ
2727 2347 2826 2422 γὰρ
2882 2347 3036 2420 ἐῴκει
3093 2333 3236 2405 εἶναι
3275 2333 3379 2404 ’καὶ
3439 2333 3852 2425 ὁμοία-βροντῇ,

508 2436 578 2516 ac
609 2421 917 2484 robustum
963 2427 1178 2504 praebe,
1224 2439 1282 2491 et
1332 2440 1418 2492 sta
1451 2431 1700 2512 pulchre
1729 2449 1797 2491 ac
1831 2447 2137 2506 generose.

2227 2433 2254 2485 6
2316 2429 2514 2496 Δανιὴλ
2571 2421 2795 2509 πληγεὶς
2856 2437 2954 2501 τὴν
3009 2436 3175 2502 ἀκοὴν
3241 2439 3326 2492 καὶ
3388 2421 3764 2516 συνταραχθεὶς
3811 2431 3848 2496 ἐξ

509 2505 830 2592 Postquam
856 2531 993 2574 vero
1019 2536 1122 2581 vox
1142 2505 1469 2582 admodum
1485 2520 1643 2582 clara
1663 2538 1800 2580 eum
1825 2505 2137 2579 circumso‘

2228 2519 2511 2595 ὀνειράτων
2542 2519 2719 2598 ὥσπερ
2747 2523 2846 2592 ἆνή
2859 2546 3004 2601 νεγκε
3016 2573 3029 2585 ,

507 2611 685 2677 nabat
720 2614 859 2682 (visa
889 2621 978 2672 est
1009 2613 1166 2673 enim
1216 2610 1524 2682 terribilis,
1556 2620 1615 2672 et
1647 2608 1893 2670 tonitrui
1941 2607 2201 2684 similis),
2232 2605 2438 2668 Daniel
2499 2607 2594 2668 cui
2627 2627 2926 2688 percussae
2955 2622 3012 2674 et
3060 2612 3426 2674 conturbata;
3457 2621 3636 2676 erant
3684 2627 3842 2680 aures,

507 2717 575 2761 ex
607 2721 817 2764 somno
861 2701 1298 2781 quodammodo
1323 2700 1392 2761 ad
1428 2718 1491 2760 se
1521 2699 1721 2760 rediit.

585 2791 741 2854 XIV.
777 2794 900 2855 Hoc
927 2790 1189 2850 futurum
1221 2790 1350 2868 ejus
1383 2789 1512 2849 vita;
1538 2788 2136 2867 institutum,Simeo-

2303 2785 2416 2843 IA’.
2479 2789 2641 2844 Τοῦτο
2694 2789 2790 2855 τὴν
2842 2788 3139 2864 μέλλουσαν
3169 2795 3310 2866 αὖτῷ
3362 2796 3502 2851 κατὰ
3537 2796 3629 2851 τὸν
3661 2788 3834 2862 Συμεὼν

507 2878 599 2938 nis
623 2880 886 2940 instituto
909 2881 1290 2954 conveniens,
1317 2879 1478 2960 prius
1507 2877 1948 2956 signiﬁcavit,et
1979 2876 2136 2956 quod

2220 2876 2489 2930 πολιτείαν
2546 2878 2932 2956 προανεφώνεν,
2993 2882 3080 2935 καὶ
3141 2880 3222 2936 ὅτι
3282 2881 3368 2938 δεῖ
3423 2885 3590 2940 αὐτὸν
3639 2880 3717 2936 καὶ
3742 2874 3830 2930 ssi.

505 2968 820 3043 oportebat
845 2987 977 3030 eum
1001 2977 1057 3030 et
1081 2969 1417 3030 columnam
1445 2967 1863 3037 ascendere,et
1887 2967 2137 3026 transire

2220 2963 2313 3019 λου
2347 2961 2593 3030 ἐπιϐῆναι
2645 2968 2730 3022 καὶ
2762 2969 2925 3023 τόπον
2972 2969 3252 3044 παραπολὺ
3295 2978 3386 3028 τοῦ
3440 2971 3638 3028 στόλου
3689 2961 3836 3042 μετελ-

506 3057 576 3117 ad
612 3056 831 3138 locum,
867 3059 1142 3119 columna
1203 3059 1374 3134 longe
1423 3056 1834 3118 excelsiorem.
1889 3056 1982 3116 Sic
2011 3074 2137 3116 sen-

2225 3057 2336 3110 θεϊν
2401 3052 2749 3131 ὑψηλότερον.
2813 3057 2989 3121 Οὕτως
3063 3063 3205 3133 αὖτῷ
3274 3061 3449 3116 πάντα
3527 3059 3707 3137 γνώμῃ
3767 3049 3838 3107 τοῧ

506 3146 693 3206 tentia
714 3157 769 3208 et
792 3147 1092 3208 voluntate
1115 3145 1654 3223 Omnipotentis,ab
1689 3163 1757 3204 eo
1781 3145 1990 3204 effecta
2007 3152 2137 3205 sunt

2231 3143 2532 3218 Κρείττονος
2595 3143 2919 3224 ἐπεραίνετο,
2984 3150 3070 3204 καὶ
3128 3150 3262 3223 μετᾶ
3320 3153 3517 3224 μικρὸν
3571 3150 3651 3206 καὶ
3689 3149 3838 3212 ήμη-

507 3236 728 3306 omnia,
758 3243 813 3295 et
835 3236 905 3295 ad
925 3255 1057 3296 eum
1087 3237 1259 3314 paulo
1285 3246 1412 3314 post
1439 3235 1614 3294 missa
1638 3242 1728 3294 est
1771 3232 1944 3311 pellis
1969 3233 2137 3293 ovilla

2225 3230 2370 3298 λωτη
2429 3231 2611 3289 Ἠλιοῦ
2659 3241 2736 3307 τῷ
2795 3237 2930 3292 κατὰ
2986 3239 3182 3314 τρόπον
3231 3237 3526 3313 Ἐλισσαίῳ
3580 3234 3831 3306 ἐπέμπετο.

505 3323 578 3384 ab
611 3323 838 3399 Elia,ad
865 3344 1025 3399 eum,
1062 3325 1322 3404 inquam,
1350 3323 1450 3404 qui
1485 3322 1748 3383 moribus
1779 3330 1905 3383 erat
1926 3321 2137 3384 Elisazo

2225 3319 2527 3396 Ἐπέμπετο
2583 3321 2635 3378 δὲ
2694 3323 2881 3386 οὕτως·
2918 3323 3230 3383 Ἐστέλλετο
3291 3329 3387 3400 μὲν
3437 3329 3588 3399 παρὰ
3637 3331 3713 3379 τοῦ
3739 3326 3835 3373 Σο-

503 3412 840 3476 similis.Sic
868 3422 1061 3476 autem
1094 3414 1270 3474 missa
1301 3421 1411 3473 est.
1447 3412 1495 3472 A
1528 3412 1807 3473 Simeone
1839 3412 1909 3472 ad
1945 3413 2137 3491 impe-

2223 3410 2364 3483 μεὼν
2424 3411 2496 3484 τῷ
2552 3411 2768 3487 βασιλεῖ
2825 3413 3044 3492 Σέργιος
3109 3418 3135 3472 6
3185 3417 3370 3472 τούτου
3414 3413 3659 3490 μαθητὴς
3697 3407 3836 3485 δῶρον

501 3511 757 3564 ratorem
789 3504 866 3582 (2)
899 3504 1112 3564 missus
1144 3502 1386 3580 quidem
1421 3511 1546 3563 erat
1573 3502 1841 3579 Sergius,
1882 3501 2011 3578 ejus
2042 3501 2135 3561 di-

501 3591 787 3673 scipulus,
826 3592 896 3654 ad
951 3611 1085 3654 eum
1151 3591 1429 3654 deferens
1473 3591 1720 3659 donum,
1755 3589 1954 3650 omnia
1987 3589 2138 3651 mala

501 3679 1058 3761 depellens,nempe
1084 3691 1316 3760 tegmen
1350 3681 1504 3762 quod
1532 3679 1789 3742 habebat
1813 3681 1870 3740 in
1903 3686 2132 3759 capite;

504 3771 695 3832 solent
721 3781 915 3833 autem
940 3771 998 3832 id
1032 3790 1240 3834 vocare
1275 3771 1594 3833 cucullam.
1627 3773 1771 3832 Cum
1804 3777 1998 3830 autem
2033 3769 2139 3828 im-

505 3869 740 3940 perator
761 3861 1006 3922 haberet
1027 3862 1292 3923 animum
1316 3860 1448 3922 aliis
1467 3861 1788 3933 intentum,
1815 3865 1876 3921 et
1897 3870 2050 3918 esset
2077 3857 2135 3918 in

505 3949 662 4009 curis
695 3949 947 4027 publicis
997 3960 1344 4030 occupatus,
1378 3948 1498 4010 Deo
1547 3950 1671 4009 haec
1703 3949 1901 4009 omnia
1934 3945 2135 4027 provi-

505 4037 681 4098 dente
707 4046 766 4098 et
787 4038 1192 4120 dispensante,
1224 4040 1342 4118 hic,
1369 4056 1546 4119 quem
1577 4037 1860 4111 diximus,
1895 4036 2136 4112 Sergius

502 4127 703 4188 statuit
732 4128 1008 4207 navigare
1040 4138 1099 4190 et
1129 4128 1368 4206 redire;
1403 4135 1459 4188 et
1492 4125 1890 4189 contendebat
1927 4143 2138 4202 perve-

500 4217 630 4276 nire
663 4216 734 4277 ad
774 4220 1221 4292 monasterium,
1260 4218 1417 4298 quod
1453 4216 1757 4276 nominant
1795 4219 2135 4276 Acocmeto-~

502 4305 722 4380 rum,id
749 4314 855 4386 est,
893 4327 1008 4369 non
1042 4307 1488 4368 dormientium.
1525 4305 1669 4367 Cum
1702 4321 1842 4381 ergo
1878 4302 2002 4381 ipse
2034 4321 2134 4362 re-

2219 3499 2361 3572 αὖτῷ
2425 3502 2620 3564 παντὸς
2679 3513 2842 3561 κακοῦ
2892 3504 3254 3581 ἀποτρόπαιον
3314 3507 3372 3560 τὸ
3429 3506 3522 3561 ἐπὶ
3578 3509 3668 3568 τῆς
3697 3517 3835 3575 κεφ²⁶

2219 3592 2316 3652 Αῆς
2373 3587 2626 3662 κάλυμμα
2687 3591 3030 3667 (κουκούλλαν
3090 3592 3203 3650 τόδε
3248 3593 3437 3650 καλεῖν
3469 3589 3706 3668 σύνηδες)
3751 3606 3834 3641 κο’

2219 3676 2367 3748 μίζον
2396 3678 2557 3752 αὖτῷ-
2597 3686 2688 3734 τοῦ
2746 3677 2799 3734 δὲ
2856 3681 3120 3756 βασιλέως
3153 3684 3280 3758 πρὸς
3311 3682 3490 3746 ἄλλοις
3564 3681 3652 3747 τήν
3682 3674 3834 3752 ψυχὴν

2219 3761 2437 3843 ἕχονΐοιῖ
2496 3769 2582 3822 καὶ
2642 3769 2874 3847 φροντίσι
2934 3768 3213 3845 δημοσίαις
3277 3771 3699 3850 ἀσχολουμένου,
3729 3765 3829 3818 Θεοῦ

2216 3855 2379 3909 ταῦτα
2429 3855 2640 3918 πάντως
2700 3859 3124 3931 οὶκονομοῦντος,
3185 3861 3214 3916 δ
3284 3861 3457 3935 ῥηθεὶς
3518 3863 3667 3918 οὗτος
3721 3851 3826 3925 Σέρ-

2216 3965 2327 4020 γιος
2359 3942 2682 4000 ἀναπλεῦσαι
2741 3943 2955 4023 διέγνω,
3015 3951 3103 4005 καὶ
3157 3952 3256 4017 την
3289 3949 3460 4024 μονὴ)
3490 3950 3561 4017 ἣν
3599 3940 3823 4014 Ἀκοιμτί·

2216 4053 2322 4088 των
2377 4031 2759 4106 ἐπονομάζουσι
2818 4035 3143 4094 καταλαϐεῖν
3199 4035 3472 4100 ἔσπευδεν,
3539 4036 3678 4093 Ἐπεὶ
3730 4031 3823 4105 γοῦν

2218 4119 2493 4176 ἀναπλέων
2524 4122 2730 4196 σύταμα
2762 4127 2867 4180 τισὶ
2895 4133 2986 4182 τοῦ
3047 4126 3248 4192 Δανιὴλ
3306 4127 3630 4204 προσήγγιζε
3684 4120 3818 4186 τόπῳ,

2217 4210 2450 4286 καθάπερ
2481 4210 2539 4266 ἐκ
2570 4214 2900 4286 συνθήματος
2959 4215 3104 4279 εὐθὺς
3165 4216 3218 4271 ἐν
3277 4216 3399 4278 τοῖς
3447 4203 3688 4270 ἁπάντων
3720 4203 3820 4262 στό-

2217 4319 2378 4372 μασιν
2434 4301 2461 4355 6
2513 4322 2772 4379 μακαριος
2835 4303 2923 4369 ἦν.
2984 4306 3080 4360 Καὶ
3126 4304 3300 4380 οἱμὲν
3344 4306 3502 4362 αὐτοῦ
3529 4308 3628 4371 τῆς
3655 4301 3819 4367 ὑπομο·

498 4403 740 4456 vertens
764 4415 894 4455 cum
923 4397 1275 4471 quibusdam
1302 4393 1433 4453 aliis
1468 4393 1815 4453 accessisset
1839 4409 2019 4471 prope
2043 4391 2130 4451 lo-

2220 4392 2314 4453 νῆς
2347 4386 2667 4462 ἐμέμνηντο,
2705 4393 2751 4446 οἱ
2796 4389 2849 4449 δέ
2876 4399 2980 4448 τῶν
3041 4395 3239 4472 εὒχῶν,
3302 4395 3348 4450 οἱ
3403 4392 3457 4448 δὲ
3487 4399 3595 4448 τῶν
3643 4389 3812 4450 How“:

501 4503 635 4544 cum
662 4483 944 4558 Danielis,
980 4484 1180 4545 statim
1211 4493 1486 4562 tanquam
1541 4482 1704 4559 signo
1736 4481 1897 4561 dato,
1932 4479 2134 4539 beatus

503 4581 628 4635 erat
659 4572 719 4632 in
744 4590 846 4632 ore
880 4573 1167 4632 omnium.
1206 4571 1275 4632 Et
1309 4571 1408 4633 alii
1447 4570 1687 4647 quidem
1743 4568 2134 4630 meminerant

502 4662 631 4741 ejus
655 4659 1018 4732 tolerantiae;
1052 4661 1150 4723 alii
1193 4670 1384 4722 autem
1421 4679 1687 4740 precum,
1723 4659 1823 4720 alii
1854 4677 1991 4720 vero
2023 4677 2131 4719 cu-

496 4751 825 4826 rationum,
859 4751 957 4812 alii
989 4769 1146 4826 vero,
1174 4750 1330 4831 quod
1366 4749 1748 4811 mansuefecit
1778 4749 1995 4821 locum,
2029 4751 2131 4827 qui

503 4839 919 4920 possidebatur
951 4858 982 4900 a
1013 4840 1380 4900 daemonibus
1409 4857 1421 4901 :
1459 4849 1516 4900 et
1547 4857 1702 4900 nunc
1732 4837 1972 4918 quidem
2029 4835 2127 4915 qui

497 4940 636 4993 sunt
668 4929 726 4989 in
763 4931 932 5006 mari,
985 4930 1114 4990 sine
1154 4929 1417 5009 periculo
1469 4929 1784 5007 navigant;
1818 4925 1982 4987 illzesi
2017 4943 2128 4984 au-

501 5029 617 5081 tem
655 5018 767 5080 iter
813 5019 1034 5081 obeunt
1090 5019 1131 5079 ii
1180 5019 1280 5099 qui
1325 5030 1464 5080 sunt
1495 5019 1556 5078 in
1579 5018 1674 5078 via
1703 5016 1948 5097 pedites.
1988 5016 2129 5076 Haec

496 5107 1053 5189 intelligitSergius,
1087 5111 1178 5170 cui
1233 5108 1616 5169 commissum
1673 5106 1859 5166 fuerat
1909 5103 2130 5164 donum

497 5198 1037 5278 pretiosissimum;
1095 5207 1151 5258 et
1205 5216 1339 5259 cum
1401 5198 1532 5276 ejus
1590 5195 1888 5257 desiderio
1938 5201 2132 5252 mutus

494 5287 710 5348 fuisset
732 5287 989 5358 animus,
1021 5294 1184 5363 rogat
1217 5286 1487 5364 quisnam
1524 5285 1618 5345 hic
1653 5286 1749 5365 sit,
1807 5292 1864 5344 et
1915 5279 2040 5359 ubi,
2077 5288 2133 5340 et

497 5393 569 5435 an
601 5376 773 5437 liceat
799 5393 932 5435 eum
966 5374 1310 5437 convenire.
1338 5373 1431 5436 llli
1454 5391 1589 5435 vero
1611 5383 1666 5435 et
1691 5374 1884 5433 locum
1912 5369 2131 5432 alacri-

500 5469 587 5523 ter
620 5464 1026 5539 ostenderunt,
1057 5470 1264 5525 etcum
1291 5464 1349 5523 in
1395 5472 1609 5524 terram
1632 5461 1978 5544 appulisset,
2017 5457 2130 5538 ipsi

574 5636 658 5719 (2)
684 5635 833 5701 Vide
863 5637 1078 5704 Baron.
1109 5655 1264 5701 anno
1294 5635 1432 5702 300.
1471 5639 1730 5704 Leonem
1759 5634 2049 5714 intelligo.

2215 4479 2262 4531 οἱ
2294 4477 2317 4531 ὲ
2346 4474 2427 4532 ὅτι
2459 4482 2546 4533 τὸν
2585 4479 2748 4534 τόπον
2776 4477 3015 4555 δαίμοσιν
3067 4481 3191 4538 ὄντα
3235 4485 3473 4561 κάτοχον
3530 4477 3811 4552 ὲυημέρω⁵ε’

2217 4569 2300 4620 καὶ
2371 4568 2456 4621 νῦν
2513 4566 2796 4631 ἀκινδύνως
2867 4570 2964 4644 μὲν
3035 4574 3081 4627 οἱ
3147 4574 3204 4626 ἓν
3269 4571 3512 4647 θαλάσσῃ
3586 4565 3808 4626 πλέουσιν,

2215 4653 2458 4720 ἀϐλαϐῶς
2517 4653 2570 4710 δὲ
2629 4658 2674 4713 οἶ
2743 4656 2796 4711 ἓν
2868 4665 2938 4736 γῇ
2992 4661 3287 4730 πεζεύουσι,
3365 4661 3625 4716 Μανθάνει
3685 4653 3810 4739 ταύτῆ

2215 4745 2300 4801 καὶ
2359 4744 2578 4821 Σέργιος
2636 4747 2662 4801 6
2721 4748 2780 4802 τὸ
2833 4746 3127 4820 πολύτιμον
3159 4746 3382 4824 δώρημα
3413 4745 3807 4824 moramini“)

2211 4834 2307 4899 τὴν
2340 4834 2525 4912 ψυχὴν
2557 4835 2686 4910 πρὸς
2749 4835 2916 4913 ἔρωτα
2976 4839 3202 4904 κινηθεὶς
3261 4838 3574 4895 πυνθάνεται
3629 4832 3696 4890 τίς
3749 4818 3811 4913 αξξ

2209 4941 2298 4986 τος
2339 4924 2429 4977 καὶ
2481 4923 2636 5001 ὅπου,
2683 4925 2770 4980 καὶ
2830 4927 2873 4980 εἰ
2931 4924 3153 4982 δυνατὸα
3213 4926 3356 4998 αὒτῷ
3412 4926 3668 5004 ἐντυχεῖν.
3699 4906 3805 4971 Οἷδἑ

2209 5009 2300 5066 τὸν
2357 5032 2412 5066 τε
2470 5013 2634 5067 τόπον
2693 5013 2972 5089 προθᾶμως
3028 5013 3322 5088 ὑπέδειξαν,
3359 5016 3447 5070 καὶ
3476 5019 3544 5089 τῇ
3595 5015 3806 5089 ﬁdit”?

2214 5098 2538 5172 οκείλαντες,
2617 5101 2765 5179 αὐτοί
2820 5123 2876 5158 τε
2928 5104 3057 5179 πρὸς
3102 5105 3192 5160 τὸν
3235 5102 3380 5160 ὅσιον
3424 5102 3623 5172 σύναμα
3653 5085 3808 5179 Σεργίῳ

2215 5187 2576 5268 ἀφικνοῦνται,
2639 5175 2732 5253 τιΟς
2792 5194 2879 5246 καὶ
2944 5191 3141 5269 σφόδρα⁸
3199 5192 3498 5272 φιλοψόνως
3559 5173 3807 5255 τδνμακά.

2214 5299 2325 5355 ριον
2384 5278 2781 5358 ἀσπασάμενος,
2839 5282 2904 5336 τὰ
2963 5281 3059 5354 μὲν
3125 5283 3278 5344 αὐτὸς
3329 5281 3618 5358 ἐξηγεῖται,
3661 5271 3742 5334 τὴν
3766 5277 3807 5362 ﬂ.

2212 5373 2305 5423 τοῦ
2337 5369 2556 5440 Συμεὼν
2588 5372 2723 5448 φημὶ
2752 5375 2856 5424 τῶν
2884 5369 3084 5426 ἐνθένδε
3115 5369 3458 5446 ἀπαλλαγὴν,
3517 5368 3600 5424 καὶ
3649 5361 3672 5416 δ

2214 5455 2371 5514 αὑτοῦ
2414 5439 2627 5534 κομίζεί
2669 5439 2758 5533 ⁷τῷ
2814 5457 3029 5534 βασιλεῖ
3089 5458 3281 5538 δῶρου.
3347 5439 3479 5539 Πρὸς
3549 5476 3602 5511 σε
3646 5439 3807 5526 μᾶλλον
