4048 6136
319 372 443 439 989

1447 367 1635 433 VITA
1679 365 1738 428 S.
1766 313 2145 429 'DANIELIS
2188 360 2559 424 STYLITIE.

3570 355 3688 426 990

319 507 488 564 ἓῖπὼν
565 504 706 585 παρὰ
789 511 878 563 τοῦ
965 509 1096 560 Θεοῦ
1169 499 1514 562 ἀπεστάλθαι.
1577 499 1653 557 Τὰ
1695 495 1748 554 δὲ
1807 497 1960 555 πάλιν

2049 495 2341 558 accedunt
2369 495 2442 558 ad
2472 502 2767 570 sanctum,
2803 502 2861 585 et
2911 511 3029 585 una
3085 509 3220 558 cum
3275 490 3366 585 eis
3418 492 3684 585 Sergius,

319 597 469 673 παρὰ
523 604 616 653 τοῦ
670 594 870 663 Δανιὴλ
921 593 1102 650 ἀκούει
1161 590 1193 646 ἃ
1223 595 1250 647 6
1296 592 1426 653 Θεὸς
1471 591 1611 661 αύτῷ
1641 589 1764 665 περί
1787 611 1844 644 τε
1880 594 1969 644 τοῦ

319 686 547 761 Συμεὼν
606 688 693 742 καὶ
749 685 842 752 τῆς
920 679 1037 738 κατ’
1119 681 1277 739 αὺτὸν
1361 677 1615 756 ἒγνώρισε
1670 676 1963 739 πολιτείας,

320 774 499 852 "Amp
527 774 758 836 ἀκούσας
791 776 817 829 6
848 772 1064 849 Σέργιος
1101 771 1185 826 καὶ
1229 771 1290 826 τὸ
1335 769 1472 846 ἱερὸν
1532 767 1715 824 αὐτίκα
1747 765 1968 844 δώρημα

318 862 560 922 ἐκϐαλὼν
591 871 668 936 τῷ
703 860 901 929 Δανιὴλ
946 858 1144 932 δίδωσι,
1190 859 1280 915 καὶ
1331 858 1518 913 ἑαυτὸν
1563 855 1747 928 ἐκείνῳ
1794 876 1966 933 προσ-

319 952 676 1017 παραδίδωσιν
733 951 840 1008 ἀπὸ
892 957 985 1008 τοῦ
1027 950 1225 1026 πατρὸς
1279 957 1372 1006 τοῦ
1433 945 1652 1019 Συμεὼν
1698 945 1824 1022 πρὸς
1855 967 1966 1000 πα·-

322 1041 451 1120 τέρα
523 1040 912 1115 μετοικίζεσθαι
969 1038 1142 1113 λέγων
1213 1039 1306 1093 τὸν
1365 1033 1589 1105 Δανιήλ,
1651 1037 1746 1091 Καὶ
1805 1040 1968 1090 ταῦτα

322 1135 426 1204 μὲν
457 1132 746 1207 ἐπράττετο
771 1127 896 1205 τῇδε
907 1177 921 1190 ,

2053 586 2164 658 Qui
2185 605 2318 646 cum
2345 584 2604 664 benigne
2623 584 2941 647 admodum
2963 583 3200 647 beatum
3235 582 3688 662 salutasset,alia

2052 674 2291 754 quidem
2348 675 2475 755 ipse
2538 677 2800 756 exponit,
2855 673 3177 750 Simeonis,
3229 674 3492 753 inquam,
3550 671 3688 731 hinc

2051 765 2385 839 decessum,
2419 773 2476 825 et
2505 765 2662 844 quod
2695 765 2769 825 ab
2819 764 2950 844 ipso
2998 764 3221 826 donum
3256 763 3435 825 ferret
3465 761 3539 823 ad
3572 761 3689 820 im-

2051 863 2411 934 peratorem,
2448 854 2654 916 dicens
2681 854 2936 930 Danieli,
2973 853 3031 914 id
3064 854 3135 915 ad
3163 872 3298 915 eum
3335 851 3526 932 potius
3557 868 3693 913 esse

2055 944 2324 1016 missum,
2359 961 2535 1023 quam
2585 943 2656 1004 ad
2690 944 2882 1020 illum,
2917 944 2991 1004 ad
3046 961 3221 1024 quem
3281 941 3410 1022 ipse
3448 940 3504 1001 id
3540 937 3688 1000 mitti

2051 1033 2422 1112 opinaretur.
2483 1032 2616 1095 Alia
2659 1042 2856 1094 autem
2891 1051 3099 1094 rursus
3127 1033 3290 1095 audit
3337 1050 3369 1093 a
3417 1028 3687 1107 Danieie,

2051 1141 2183 1203 quae
2214 1122 2268 1183 ei
2299 1121 2457 1184 Deus
2486 1121 2840 1202 significavit
2890 1125 2965 1185 de
2997 1123 3302 1196 Simeone,
3334 1130 3390 1183 et
3440 1121 3513 1181 de
3569 1117 3691 1178 vita

320 1223 458 1302 ejus
507 1224 639 1284 vita:
682 1222 952 1284 instituto
984 1227 1385 1300 congruenter
1425 1217 1674 1297 agenda.
1708 1216 1850 1290 Quae
1901 1215 2140 1296 quidem
2174 1235 2306 1277 cum
2367 1217 2630 1278 audisset
2661 1215 2924 1295 Sergius,
2956 1235 3186 1278 sacrum
3219 1216 3414 1278 statim
3466 1213 3688 1302 donum

317 1301 592 1391 ejiciens,
623 1312 684 1373 id
715 1312 898 1373 donat
925 1309 1178 1386 Danieli,
1213 1327 1247 1371 a
1275 1319 1446 1389 patre
1475 1308 1758 1370 Simeone
1790 1304 1997 1368 dicens
2041 1305 2300 1386 migrare
2332 1304 2403 1366 ad
2438 1315 2665 1385 patrem
2699 1306 3030 1370 Danielem.
3063 1306 3134 1366 Et
3163 1306 3287 1368 haec
3319 1304 3558 1386 quidem
3601 1301 3689 1363 sic

316 1400 568 1464 ﬁebant.

392 1495 506 1554 IE'.
555 1497 627 1554 Τὸ
684 1498 830 1551 θεῖον
886 1493 941 1549 δὲ
998 1492 1159 1550 πάλιν
1189 1494 1254 1549 τὰ
1297 1494 1498 1562 συνήθη
1543 1498 1729 1548 ποιοῦν
1765 1490 1963 1564 ἠρέθιζε

303 1587 401 1642 τὸν
439 1584 641 1651 Δανιὴλ
673 1584 792 1660 ὄψει
847 1587 944 1639 τινὶ
1002 1582 1245 1660 θειοτέρα
1303 1583 1416 1658 βίου
1460 1583 1656 1645 παντὸς
1688 1579 1961 1656 ὑψηλοτέ-

304 1697 400 1753 ρου
445 1677 530 1730 καὶ
591 1675 833 1748 μείζονος
895 1672 1131 1747 ἅψασθαι
1190 1670 1486 1748 πολιτείας,
1520 1669 1749 1745 ἐκλογῆς
1808 1669 1963 1724 αὐτὸν

307 1772 496 1828 σκεῦος
534 1763 669 1818 κατὰ
717 1761 920 1818 Παῦλον
967 1759 1222 1837 προειδὼς
1280 1759 1552 1834 ἐσόμενον.
1614 1760 1708 1816 Καὶ
1754 1759 1788 1824 ὴ
1840 1757 1962 1832 ὄψις

2126 1487 2250 1550 XV.
2276 1491 2433 1553 Deus
2470 1499 2668 1553 autem
2705 1509 2912 1552 rursus
2945 1501 3226 1554 consueta
3255 1491 3500 1564 faciens,
3527 1488 3686 1550 inci-

2052 1577 2208 1641 tabat
2253 1580 2556 1643 Danielem
2607 1581 2834 1642 visione
2910 1584 3161 1661 quadam
3223 1581 3511 1642 diviniora
3547 1630 3560 1652 ,
3627 1589 3690 1640 ut

2048 1669 2475 1748 aggrederetur
2504 1669 2743 1732 vivendi
2774 1671 3063 1732 rationem
3099 1674 3382 1748 majorem
3414 1681 3475 1730 et
3504 1668 3688 1730 subli-

2051 1757 2326 1839 miorem,
2360 1778 2457 1820 vas
2487 1778 2622 1820 eum
2655 1758 2984 1833 electionis,
3025 1761 3322 1839 quomodo
3356 1758 3601 1820 Paulum
3631 1758 3684 1830 7,

307 1855 371 1910 οὔ
427 1856 504 1925 τῷ
568 1851 793 1931 Δανιὴλ,
857 1850 994 1906 ἀλλὰ
1051 1857 1129 1923 τῷ
1177 1851 1380 1927 Σεργίῳ
1411 1848 1616 1922 μᾶλλον
1648 1849 1957 1924 παρίστατο.

2051 1852 2372 1924 priesciens
2412 1849 2700 1912 futurum.
2748 1849 3036 1929 Apparuit
3069 1868 3206 1910 vero
3238 1848 3384 1910 visio
3416 1867 3532 1909 non
3569 1850 3685 1910 Da-

307 1940 520 1998 Ἐδόκει
573 1942 674 2019 γὰρ
719 1953 865 2016 τρεῖς
910 1942 1054 2014 αὐτῷ
1085 1939 1388 2002 νεανίσκους
1433 1936 1680 2000 ἐλθόντας
1733 1939 1904 1992 εἰπεῖν
1944 1956 1956 1968 ·

308 2017 600 2102 Ἀναστὰς,
637 2030 846 2107 Σέργιε,
883 2028 1005 2106 λέγε
1049 2036 1124 2102 τῷ
1154 2026 1290 2100 ἆϐϐᾇ
1325 2027 1529 2096 Δανιήλ
1563 2043 1576 2056 ·
1639 2017 1695 2084 Ὀ
1755 2026 1850 2092 τῆς
1907 2025 1961 2079 ἐν

305 2125 387 2192 τῷ
443 2126 556 2192 ναῷ
614 2118 887 2180 κατοικίας
943 2119 1144 2196 χρόνος
1187 2116 1290 2184 ἤδη
1351 2116 1699 2194 πεπλήρωται
1737 2130 1748 2140 ·
1813 2112 1959 2192 δεῦρο

309 2209 526 2288 λοιπὸν,
599 2208 693 2263 καί
755 2210 886 2285 πρὸς
949 2209 1194 2283 μείζονας
1252 2206 1463 2282 ἀγῶνας
1537 2204 1954 2283 παρασκευάζου.

311 2297 500 2367 Δήλην
568 2297 657 2353 οῦν
701 2297 844 2371 αῦτῷ
909 2297 1001 2353 τοῦ
1045 2297 1264 2375 Σεργίου
1317 2296 1416 2361 τὴν
1471 2295 1612 2351 θείαν
1667 2293 1792 2369 ὄψιν
1861 2314 1955 2350 πε-

730 2386 944 2464 ἐπείπερ
1023 2385 1261 2463 ἔγνωστο
1332 2387 1409 2456 τῷ
1484 2381 1627 2462 ἀνδρὶ
1696 2395 1811 2446 τοῖς
1869 2391 1962 2440 τοῦ

1623 2472 1915 2550 ἀντιλέγειν
1944 2495 1956 2508 ’

306 2387 603 2454 totumhoc
629 2433 643 2456 ,

307 2477 623 2552 Κρείττονος
711 2476 929 2549 νεύμασι
991 2481 1051 2530 τὸ
1130 2474 1381 2552 παράπαν
1461 2474 1538 2547 μὴ

304 2561 484 2624 ἄλλως
531 2583 588 2618 τε
631 2560 685 2618 δὲ
727 2563 816 2618 καὶ
862 2567 929 2638 τῇ
970 2563 1196 2641 προτέρᾳ
1239 2567 1336 2627 τῆς
1399 2561 1657 2623 ὀπτασίας
1703 2560 1823 2634 ὄψει
1876 2561 1963 2616 καὶ

302 2653 339 2718 ὴ
393 2649 612 2728 δευτέρα
668 2649 962 2724 συνέϐαινε,
1010 2655 1108 2706 καὶ
1155 2652 1286 2728 πρὸς
1349 2650 1554 2714 τούτοις
1609 2651 1698 2706 καὶ
1756 2651 1818 2706 τὸ
1872 2655 1964 2705 τοῦ

309 2741 535 2814 Συμεὼν
593 2738 788 2814 ἔιδυμα
844 2741 943 2807 τὴς
1014 2741 1263 2807 τοιαύτης
1311 2737 1586 2803 πολιτείας
1644 2741 1671 2794 6
1728 2736 1964 2816 ἆῤῥαϐὼν

312 2832 406 2905 ἦν,
439 2820 708 2905 πέμπεται
740 2829 962 2907 Σέργιος
1018 2833 1140 2893 τοὺς
1185 2851 1245 2884 τε
1304 2828 1499 2905 λόφους
1548 2828 1786 2890 καὶτοὺς
1818 2827 1963 2902 μᾶλ-

311 2918 406 2974 λον
461 2918 758 2996 ἒρημικοῦς
812 2919 1010 2982 τόπους
1070 2917 1184 2975 ὅσοι
1273 2917 1450 2974 ἐκεῖσε
1520 2919 1848 2990 καταμαθεῖν
1907 2917 1971 2971 οὗ

310 3009 459 3064 κίονα
513 3014 784 3086 προσῆκον
839 3008 1050 3085 ἱδρῦσαι
1095 3009 1183 3064 καὶ
1230 3009 1343 3084 βίον
1383 3012 1542 3078 ζῆσαι
1600 3007 1690 3063 τὸν
1734 3005 1968 3084 φιλήσυο

318 3119 433 3175 χον
481 3094 779 3162 ἐπιτήδειον
813 3113 828 3127 '
891 3098 948 3160 ὃς
993 3099 1080 3153 καὶ
1134 3096 1271 3172 μέρη
1306 3096 1420 3153 τινὰ
1463 3097 1556 3151 τοῦ
1584 3094 1747 3172 λόφου
1789 3092 1969 3161 καλῶς

304 3185 813 3260 διερευνησάμενος,
848 3183 1034 3253 ἐπειδὴ
1068 3185 1190 3242 κατ’
1241 3185 1419 3241 ἐκεῖνο
1468 3183 1632 3240 τόπου
1690 3184 1809 3239 ἔνθα
1867 3180 1968 3238 ἔδει

305 3282 501 3340 στῆναι
551 3278 645 3331 τὸν
696 3276 845 3332 κίονα
891 3275 1276 3353 παραγένοιτο,
1312 3275 1398 3353 σὺ,
1458 3271 1554 3329 Θεὲ
1601 3273 1835 3347 πάντων,
1869 3269 1967 3328 καῖ

297 3365 458 3422 τοῦτο
517 3363 794 3428 δεικνύεις,
860 3356 988 3444 Ὀρᾷ
1031 3371 1154 3442 γοῦν
1211 3367 1238 3419 ὁ
1302 3363 1476 3440 ῥηθεὶς
1537 3361 1757 3438 Σέργιος
1812 3381 1970 3432 περι·

298 3454 496 3530 στερὰν
579 3457 760 3512 αὐτίκα
845 3455 1042 3522 λευκήν
1077 3468 1090 3482 ⁸
1179 3455 1266 3508 καὶ
1342 3452 1478 3517 αῦτη
1567 3451 1968 3528 πτερυσσομένη

299 3543 472 3598 πυκνὰ
503 3543 599 3598 καῖ
628 3543 818 3620 μικρὸν
852 3544 996 3606 αὖθις
1057 3539 1408 3616 ἆνιπταμένη
1453 3538 1615 3595 πάλιν
1647 3540 1960 3595 κατέπιπτε.

305 3629 472 3695 Δόξας
502 3633 588 3687 οῦν
638 3632 852 3706 θήραμα
903 3631 1106 3696 ταύτην
1161 3633 1309 3685 εἶναι
1343 3630 1430 3683 καὶ
1458 3626 1680 3705 βρόχοις
1711 3627 1961 3702 ἡμμένην

301 3717 511 3776 σπεύδει
543 3741 599 3776 τε
652 3719 736 3774 ἐπ’
782 3719 976 3792 αύτὴν,
1032 3720 1124 3775 καὶ
1168 3718 1272 3773 ὑπὸ
1315 3729 1484 3796 χεῖρα
1527 3713 1714 3772 λαϐεῖν
1743 3715 1957 3791 ἐπείγε-

297 3829 412 3866 ται.
471 3799 533 3863 Ἠ
591 3805 645 3862 δὲ
690 3808 838 3870 εὐθὺς
894 3807 1188 3863 ἆποπτᾶσα
1235 3807 1323 3861 καὶ
1365 3802 1662 3882 ὀφθαλμοῖς
1715 3801 1956 3870 ἄληπτος

297 3901 388 3965 ἧν.
423 3895 576 3954 Οῦτω
603 3894 766 3965 δῆλοι
798 3897 860 3953 τὸ
892 3894 1165 3969 σύμϐολον
1195 3891 1482 3969 δεξάμενος
1531 3899 1629 3960 τῆς
1681 3891 1952 3965 ἱδρύσεως,

295 3986 620 4060 καταμαθὼν
679 3984 733 4042 δὲ
792 3986 879 4042 καὶ
923 3985 1082 4049 αὐτὸς
1130 3983 1278 4047 ὅπως
1327 3983 1488 4062 εῖχεν
1539 3984 1566 4038 6
1622 3981 1785 4045 τόπος
1832 3984 1955 4037 επι-

298 4072 549 4153 τηδείως,
596 4075 799 4130 κάτεισι
860 4076 991 4152 πρὸς
1055 4075 1148 4130 τὸν
1205 4071 1385 4150 ἅγιον,
1447 4073 1532 4126 καὶ
1592 4071 1764 4126 πάντα
1821 4071 1955 4126 κατᾶ

298 4162 461 4238 μέρος
494 4150 610 4237 μεθ’
643 4163 707 4231 ἧς
739 4162 879 4219 εἶδεν
905 4150 1146 4239 -ὁράσεως
1197 4159 1554 4238 ἀπαγγέλλει,
1593 4150 1650 4216 Ὀ
1704 4158 1760 4214 δὲ
1813 4158 1952 4227 ἥσθη

297 4273 358 4308 τε
415 4251 666 4330 ἀκούσας,
727 4257 817 4308 καὶ
903 4253 991 4308 τὸν
1078 4253 1244 4307 τόπον
1328 4247 1654 4306 καταλαϐεῖν
1717 4247 1952 4306 ἔσπευδε.

304 4351 570 4417 Δωρεῖται
601 4337 666 4407 δὴ
701 4343 914 4419 Μάρκος
972 4341 1069 4415 μὲν
1131 4339 1282 4418 φίλος
1346 4343 1488 4412 αῦτῷ
1517 4338 1604 4394 καὶ
1634 4337 1805 4394 τᾶλλα
1837 4361 1966 4394 συν-

300 4432 441 4501 ήθης
498 4431 592 4485 τὸν
649 4431 802 4486 κίονα
838 4447 852 4461 ⁸
913 4429 1204 4507 γενομένου
1293 4426 1348 4484 δὲ
1433 4428 1521 4484 καὶ
1579 4434 1668 4482 τοῦ
1725 4429 1964 4497 συνήθως

297 4517 631 4586 καλουμένου
688 4517 872 4594 μοδίου
921 4521 1017 4575 καί
1062 4523 1129 4592 τῇ
1179 4517 1390 4596 κεφαλῇ
1446 4523 1537 4572 τοῦ
1568 4515 1759 4573 στύλου
1791 4539 1960 4594 προσ-

1987 4570 2028 4620 D

2046 1938 2209 2010 nieli,
2239 1937 2343 1999 sed
2374 1937 2572 2018 potius
2603 1937 2828 2018 Sergio.
2867 1937 3226 2000 Videbantur
3268 1938 3425 2000 enim
3463 1945 3581 1998 tres
3614 1937 3684 1998 ad

2046 2045 2179 2090 eum
2204 2027 2436 2088 venisse
2450 2027 2957 2101 adolescentes,et
2976 2027 3196 2089 dixisse
3223 2045 3237 2089 :
3266 2026 3685 2104 Surge,Sergi,

2044 2115 2139 2176 dic
2172 2115 2367 2176 abbati
2397 2115 2629 2177 Danieli
2667 2138 2680 2178 :
2715 2114 3027 2197 Expletum
3083 2127 3172 2177 est
3225 2126 3460 2196 tempus
3490 2125 3602 2176 tuae
3628 2115 3688 2174 in

2046 2206 2263 2284 templo
2287 2204 2917 2267 habitationis.Adesto
2945 2205 3254 2283 deinceps,
3288 2215 3346 2266 et
3369 2206 3440 2266 ad
3468 2205 3694 2283 majora

2046 2311 2254 2372 parare
2277 2293 2626 2356 certamina.
2663 2297 2806 2356 Cum
2843 2312 2982 2370 ergo
3032 2294 3088 2354 ei
3148 2295 3395 2372 Sergius
3428 2295 3682 2355 divinam

2043 2385 2376 2462 aperuisset
2424 2383 2742 2453 visionem,
2791 2383 3068 2462 quoniam
3129 2383 3178 2442 is
3227 2391 3512 2444 statuerat
3567 2400 3682 2442 non

2045 2489 2364 2546 repugnare
2386 2475 2656 2531 omnibus
2671 2475 2908 2530 nutibus
2933 2474 3376 2545 Omnipott-ntis,
3400 2485 3452 2529 et
3475 2473 3691 2545 alioqui

2047 2557 2232 2640 priori
2263 2577 2500 2639 quoque
2561 2557 2769 2619 visioni
2817 2559 3083 2619 secunda
3138 2555 3557 2618 consentiebat
3589 2576 3604 2632 ;
3633 2565 3693 2616 et

2048 2656 2334 2727 praeterea
2366 2647 2666 2710 Simeonis
2699 2647 2877 2708 etiam
2913 2646 3327 2708 indumentum
3365 2654 3489 2707 erat
3512 2645 3688 2707 arrba

2048 2736 2178 2798 talis
2209 2737 2336 2798 vitae
2367 2736 2673 2815 degenda,
2733 2736 2982 2797 mittitur
3041 2734 3305 2813 Sergius,
3340 2744 3400 2796 ut
3431 2734 3692 2796 disceret

2049 2825 2182 2887 loca
2213 2825 2399 2905 magis
2448 2825 2731 2900 solitaria,
2794 2843 2925 2906 quae
2957 2824 3081 2886 illic
3131 2832 3292 2904 sunt,
3327 2833 3388 2884 ut
3421 2830 3687 2902 oporteat

2051 2932 2276 2994 ponere
2296 2915 2660 2994 columnam,
2689 2924 2747 2975 et
2770 2922 2969 2994 aptum
2996 2913 3068 2974 ad
3099 2913 3384 2990 agendam
3421 2919 3594 2974 vitam
3626 2911 3688 2972 in

2052 3004 2252 3083 quiete
2285 3013 2339 3064 et
2368 3003 2904 3075 silentio.Quicum
2931 3011 3130 3082 partes
3161 3003 3442 3083 quasdam
3465 2999 3690 3078 fastigii

2054 3093 2272 3155 montis
2304 3093 2550 3172 pulchre
2583 3101 2745 3155 esset
2795 3100 3218 3173 perscrutatus,
3255 3103 3564 3173 postquam
3600 3108 3693 3151 ve-

1987 3219 2028 3270 ῦ
2057 3182 2240 3242 uisset
2287 3182 2348 3242 in
2405 3182 2571 3242 illum
2622 3182 2844 3256 locum,
2902 3182 2964 3243 in
3025 3201 3138 3262 quo
3169 3180 3479 3262 oportebat
3528 3189 3691 3241 stare

2059 3269 2682 3350 columnam,tu,Deus
2709 3270 3118 3350 omnium,boc
3141 3288 3376 3352 quoque
3398 3269 3687 3332 ostendis.

2062 3357 2228 3422 Videt
2260 3377 2399 3438 ergo
2433 3361 2699 3438 protinus
2727 3359 2919 3421 dictus
2959 3361 3197 3440 Sergius
3225 3361 3419 3422 albam
3451 3359 3686 3421 colum—

2053 3447 2213 3523 bam,
2249 3467 2384 3528 quae
2413 3449 2537 3511 alas
2592 3449 2942 3528 frequenter
2989 3450 3354 3529 expandens,
3387 3463 3448 3510 et
3481 3467 3686 3528 parum

2050 3556 2259 3601 rursus
2291 3539 2630 3608 subvolans,
2701 3541 2916 3600 iterum
2978 3538 3319 3601 decidebat.
3353 3537 3688 3601 Arbitralus

2044 3645 2184 3704 ergo
2211 3646 2338 3687 eam
2377 3644 2508 3688 esse
2540 3635 2769 3707 captam
2812 3637 2869 3688 et
2903 3627 3153 3688 vinctam
3187 3625 3521 3706 laqueis,ad
3554 3643 3686 3687 eam

2041 3715 2304 3795 festinat,
2341 3725 2396 3776 et
2427 3715 2738 3776 contendit
2768 3734 2900 3776 eum
2957 3734 3172 3795 capere
3235 3715 3532 3778 manibus.
3584 3713 3688 3778 illa

2041 3822 2178 3864 vero
2208 3822 2343 3866 cum
2374 3804 2570 3865 statim
2596 3803 2994 3884 evolasset,ne
3017 3805 3206 3867 oculis
3237 3805 3476 3885 quidem
3513 3813 3686 3884 pote-

2038 3903 2131 3956 rat
2159 3893 2552 3973 apprehendi.
2594 3891 2738 3955 Cum
2793 3903 2990 3956 tamen
3051 3894 3299 3956 evidens
3357 3894 3689 3974 accepisset

2040 3982 2270 4059 signum
2302 3982 2634 4044 statuendae
2667 3982 2984 4058 columnaa,
3022 3992 3078 4045 et
3110 3983 3237 4064 ipse
3271 4001 3508 4064 quoque
3541 3982 3684 4044 satis

2036 4067 2634 4152 intellexiSSet,quam
2674 4079 2836 4132 esset
2864 4083 3042 4148 aptus
3070 4071 3579 4147 locus,descendit
3610 4075 3684 4136 ad

2036 4169 2334 4232 sanctum,
2374 4169 2432 4221 et
2491 4161 2692 4221 omnia
2749 4160 3052 4238 sigillatim
3087 4161 3390 4222 renuntiat
3420 4180 3553 4222 cum
3591 4180 3683 4239 ea,

2049 4268 2223 4330 quam
2252 4250 2500 4328 viderat,
2537 4248 2779 4310 visione.
2817 4249 2926 4311 Ille
2957 4259 3155 4312 autem
3190 4259 3250 4312 et
3280 4250 3510 4312 lmlatus
3568 4259 3680 4330 est,

2048 4357 2184 4402 cum
2215 4339 2558 4412 audivisset,
2587 4350 2644 4399 et
2667 4340 2738 4399 ad
2773 4339 2966 4400 locum
3000 4340 3204 4400 venire
3237 4339 3534 4419 cupiebat.
3577 4343 3684 4402 Dat

2048 4446 2186 4490 vero
2207 4430 2440 4490 Marcus
2471 4428 2712 4508 quidem
2745 4427 2801 4490 ei
2831 4427 3060 4489 amicus
3110 4440 3168 4492 et
3223 4429 3338 4490 alio
3373 4429 3474 4505 qui
3509 4429 3682 4491 fami-

2050 4517 2212 4578 liaris
2243 4519 2608 4578 columnam.
2644 4516 2788 4580 Cum
2820 4530 3020 4579 autem
3052 4517 3240 4579 factus
3271 4531 3429 4580 esset
3458 4517 3508 4580 is
3531 4538 3645 4599 quo
3667 4555 3680 4568 -

297 4607 676 4686 αρμοσθέντος,
738 4608 945 4664 κελεύει
1001 4608 1124 4683 περὶ
1180 4610 1346 4681 μέσας
1427 4604 1569 4676 αύτῷ
1626 4607 1816 4668 νύκτας
1868 4607 1959 4660 τὸν

2047 4624 2183 4686 que,
2217 4607 2316 4686 qui
2367 4607 2518 4666 solet
2549 4607 2743 4668 vocari
2800 4607 3058 4679 modius,
3096 4617 3153 4668 et
3185 4607 3359 4688 capiti
3392 4606 3686 4670 columnze

295 4703 391 4752 τοῦ
478 4703 606 4752 ναοῦ
681 4711 877 4776 τοῖχον
936 4695 1315 4773 διατρηθῆναι,
1375 4695 1462 4749 καὶ
1543 4693 1679 4749 οὕτω
1758 4695 1958 4784 πάντας

2047 4695 2248 4784 fuisset
2299 4694 2630 4784 adaptatus,
2676 4694 2873 4784 ijubet
2916 4695 3071 4757 circa
3127 4697 3382 4758 mediam
3447 4705 3682 4758 noctem

298 4784 471 4840 λαθὼν
529 4785 706 4861 ἀνῄει.
768 4787 907 4843 Εἶτα
977 4787 1066 4842 καὶ
1152 4783 1462 4862 προσευχὴν
1539 4781 1778 4860 ἐπιλέγει
1838 4781 1950 4858 μεθ’

2047 4781 2330 4861 perforari
2363 4781 2479 4842 sibi
2508 4783 2714 4861 templi
2752 4781 3038 4862 parietem
3071 4805 3087 4856 ;
3123 4795 3180 4846 et
3212 4786 3312 4863 ita,
3351 4803 3558 4844 omnes
3589 4785 3678 4845 la-

297 4872 497 4940 ἡδονῆς
531 4873 698 4937 οὕτως
729 4874 962 4954 ἔχουσαν
997 4890 1010 4904 ⁸
1053 4873 1188 4939 Δόξα
1240 4894 1348 4944 σοι,
1399 4871 1590 4945 Χριστὲ
1625 4875 1652 4928 6
1685 4875 1837 4951 Θεὸς,
1873 4866 1954 4929 ὅτι

2047 4881 2195 4945 lens,
2225 4869 2512 4932 ascendit.
2550 4869 2781 4931 Deinde
2808 4870 2986 4930 etiam
3013 4889 3146 4931 cum
3180 4871 3390 4949 gaudio
3423 4872 3684 4950 concipit

295 4963 550 5017 τοιούτων
605 4963 743 5037 κάμὲ
777 4965 990 5040 ἀγαθῶν
1039 4963 1135 5018 καὶ
1187 4959 1459 5024 πολιτείας
1509 4965 1758 5027 τοιαύτης
1785 4960 1950 5028 ἠξίω-

2047 4977 2269 5039 preces,
2318 4977 2448 5039 quae
2509 4959 2589 5018 ita
2640 4957 2990 5020 habebant:
3053 4957 3252 5020 Gloria
3285 4959 3418 5034 tibi,
3451 4959 3682 5021 Christe

296 5071 420 5113 σας.
470 5049 619 5106 Ἀλλ’
654 5053 808 5118 αὐτὸς
853 5050 1032 5125 οἶδας,
1085 5051 1353 5124 Δέσποτα,
1387 5047 1466 5104 ὅτι
1521 5071 1602 5104 σοι
1649 5051 1797 5124 μόνῳ
1818 5049 1950 5128 θαῤ-

2047 5047 2216 5122 Deus,
2251 5047 2408 5128 quod
2446 5065 2541 5108 me
2573 5045 2787 5107 talibus
2817 5045 2989 5107 bonis
3017 5055 3072 5107 et
3105 5046 3208 5107 tali
3243 5053 3379 5108 vitae
3413 5046 3682 5108 instituto

297 5138 402 5215 ῥῶν
460 5139 550 5194 τὸν
633 5140 784 5196 κίονα
862 5139 1129 5196 ἀναϐαίνω
1192 5141 1282 5194 καί
1359 5139 1448 5194 τὸν
1526 5137 1707 5214 ἀγῶνα
1763 5141 1950 5195 τοῦτον

295 5225 622 5305 ὄπέρχομαι.
689 5226 841 5293 Δέξαι
900 5251 1001 5303 μου
1053 5229 1149 5295 τὴν
1199 5226 1470 5304 πρόθεσιν,
1504 5226 1784 5304 ἑνίσχυσον
1818 5229 1948 5304 πρὸς

293 5317 388 5370 τὸν
446 5314 667 5394 δρόμον,
724 5317 1006 5374 τελείωσον
1065 5319 1126 5373 τὸ
1182 5315 1511 5394 ἐγχείρημα.
1549 5314 1728 5376 Οὕτως
1760 5317 1788 5371 ὂ
1834 5339 1945 5389 μα-

297 5403 481 5480 κάριος
516 5404 576 5459 ού
605 5405 742 5459 κατὰ
772 5412 981 5480 πνεῦμα
1038 5406 1199 5480 μόνον
1249 5401 1428 5460 τελεῖν
1485 5402 1749 5477 οὖράνιος,
1809 5403 1946 5460 ἆλλᾶ

296 5493 386 5547 καὶ
414 5491 491 5555 ὥς
523 5493 644 5548 οἷόν
672 5513 730 5549 τε
757 5494 896 5550 κατὰ
920 5497 1078 5569 σῶμα
1126 5489 1446 5566 ἐξεϐιάζετο,
1481 5492 1567 5548 καὶ
1620 5497 1710 5549 τοῦ
1754 5491 1943 5550 λοιποῦ

373 5668 406 5719 7
434 5666 570 5731 Act.
603 5683 680 5747 Iv,
716 5665 817 5734 15.

2035 5155 2099 5197 es
2144 5137 2444 5214 dignatus.
2478 5133 2596 5197 Sed
2631 5143 2688 5195 tu
2719 5135 2858 5208 scis,
2891 5153 2924 5196 ο
2978 5133 3248 5208 Domine,
3283 5135 3439 5214 quod
3473 5143 3530 5196 te
3556 5135 3681 5197 solo

2035 5225 2224 5286 fretus
2255 5225 2407 5286 hanc
2439 5223 2699 5284 ascendo
2749 5223 3111 5296 columnam,
3147 5231 3205 5284 et
3234 5223 3345 5285 hoc
3379 5231 3683 5285 certamen

2030 5314 2240 5374 subeo.
2272 5311 2526 5393 Suscipe
2562 5331 2760 5372 meum
2823 5312 3234 5393 propositum;
3273 5312 3560 5373 conﬁrma
3585 5331 3680 5375 me

2029 5403 2100 5464 ad
2131 5419 2371 5463 cursum
2403 5407 2708 5479 μωρίη]
2733 5419 2929 5462 meum
2953 5399 3316 5463 absolve.Sic
3342 5402 3549 5461 beatus
3577 5399 3678 5462 ille

2029 5509 2146 5553 non
2183 5489 2395 5571 spiritu
2430 5488 2624 5551 solum
2651 5507 2785 5552 esse
2805 5487 3084 5568 caelestis,
3116 5489 3221 5551 sed
3254 5487 3452 5567 etiam,
3478 5489 3669 5574 quoad
