4048 6136
479 287 584 358 991

1677 302 2061 368 ΑΒΒΕΝΒΑ.
2120 338 2170 351 -
2205 305 2634 374 DECEMBER.

3708 315 3804 384 992

477 429 609 532 ejus
637 425 770 532 ﬁeri
811 439 1064 532 poterat,
1119 455 1367 532 corpore
1399 455 1530 501 esse
1579 437 2091 532 contendebatse1

2193 441 2354 518 μόνος
2400 444 2465 512 ἧν
2507 445 2563 503 ἐν
2604 451 2680 521 τῷ
2715 445 2872 525 κίονι,
2911 447 3153 530 μεθόριον
3197 449 3381 509 ἑαυτὸν
3419 450 3640 528 θέμενος
3670 454 3808 532 οὖρα-

479 523 554 584 de
580 530 792 586 caztero
825 527 988 588 solus
1026 537 1149 589 erat
1178 529 1236 589 in
1273 529 1574 603 columna,
1633 528 1896 608 seipsum
1925 531 2113 592 collo-

479 629 619 676 cans
650 613 712 676 in
759 615 893 678 coeli
953 626 1008 679 et
1058 626 1234 681 terrae
1283 618 1588 696 confinio;
1619 617 1693 679 ab
1732 619 1840 680 hac
1871 619 2112 700 quidem

477 703 770 766 recedens
797 724 977 768 carne
999 714 1057 769 et
1086 709 1314 789 spiritu,
1350 709 1422 770 ad
1457 707 1601 770 illud
1633 716 1828 771 autem
1862 718 2113 772 conten-

476 789 648 858 deus.

556 906 850 975 XVl.Hmc
879 922 1074 976 autem
1109 935 1226 979 non
1254 922 1488 998 poterat
1508 915 1744 978 invidus
1773 914 1930 976 ferre
1961 930 2109 975 ocu-

477 993 590 1076 lus,
617 1017 815 1077 neque
841 1005 990 1084 patri
1015 993 1445 1068 invidiae-erant
1483 1005 1584 1068 illa
1606 1002 1960 1065 tolerabilia.
1994 1001 2108 1064 Sed

474 1103 607 1147 cum
639 1089 750 1158 loci
781 1091 1060 1158 dominus
1083 1095 1155 1158 ad
1180 1097 1393 1158 horum
1422 1095 1682 1158 venisset
1704 1092 2106 1172 cognitionem

471 1179 616 1247 (erat
637 1187 832 1243 autem
855 1182 944 1246 illi
969 1204 1186 1248 nomen
1210 1181 1986 1266 Gelasius),inconsiderate
2019 1182 2105 1243 ira

469 1266 668 1327 animo
701 1271 1200 1349 perturbatus,aut
1223 1275 1416 1356 potius
1437 1273 1721 1335 daemonis
1744 1269 2102 1351 importuni-

469 1362 592 1416 tate
622 1369 1044 1439 comm'otus,et
1071 1365 1356 1428 adversus
1387 1373 1654 1426 sanctum
1686 1361 1878 1423 virum
1905 1360 2104 1422 furore

469 1448 732 1525 percitus
753 1457 948 1526 (causa
965 1463 1159 1516 autem
1187 1451 1808 1536 praetexebatur,quod
1830 1470 1946 1511 non
1971 1467 2099 1511 eam

467 1541 752 1608 posuisset
773 1544 1062 1605 voluntate
1087 1547 1269 1619 illius)
1287 1546 1613 1618 imperatori
1639 1544 1867 1616 quidem
1895 1557 2102 1600 renun-

471 1623 572 1685 tiat
602 1625 660 1687 id
694 1629 852 1705 quod
887 1630 1101 1694 factum
1137 1630 1678 1696 fuerat.Beuuntiat
1693 1637 1888 1690 autem
1924 1627 2098 1688 etiam

467 1710 778 1780 Geunadio
815 1719 888 1798 (is
939 1723 1094 1783 enim
1143 1724 1494 1784 constitutus
1553 1720 1741 1781 fuerat
1785 1717 2100 1798 episcopus

2811 542 2840 554 ω

2193 539 2284 588 νοῦ
2339 555 2396 590 τε
2459 536 2543 591 καὶ
2598 535 2694 604 τῆς
2773 542 2900 614 γῆς,
2992 539 3152 611 σαρκὶ
3225 540 3324 616 μὲν
3393 543 3494 599 καί
3568 543 3807 621 πνεύματι

2193 621 2571 702 ἀφιστάμενος,
2607 627 2737 705 πρὸς
2769 625 2825 682 δὲ
2856 627 2948 685 τὸν
2981 627 3352 707 ἐπειγόμενος,

2276 917 2402 993 1ζ’.
2435 923 2608 977 Ταῦτα
2641 918 2697 976 δὲ
2731 922 2822 978 τὸν
2852 922 3120 999 βάσκανον
3149 924 3418 1004 ὀφθαλμὸν
3451 931 3552 986 οῦκ
3580 927 3646 995 ἧν
3687 927 3820 1007 ἐνεγ-

2190 1022 2341 1098 κεῖν,
2379 1007 2486 1098 οὐδ’
2529 1013 2672 1084 αῦτῷ
2715 1011 2898 1084 ἐκείνῳ
2940 1020 3016 1088 τῷ
3057 1022 3150 1071 τοῦ
3193 1015 3380 1095 «ped-eoo
3409 1017 3580 1095 πατρί
3614 1021 3819 1098 φορητά.

2189 1095 2344 1154 Ἀλλ’
2373 1097 2400 1154 ὅ
2431 1101 2526 1154 τοῦ
2557 1100 2718 1156 τόπου
2753 1102 2938 1177 Κύριος
2970 1104 3044 1161 εἰς
3077 1105 3274 1181 γνῶσιν
3294 1105 3500 1162 τούτων
3533 1095 3722 1182 ἐλθὼν,
3744 1115 3819 1164 Γε-

2187 1185 2370 1250 λάσιος
2404 1187 2588 1261 ἐκείνῳ
2615 1187 2870 1265 τοῦνομα,
2908 1190 3170 1268 ἀλογίστῳ
3197 1195 3346 1268 θυμῶ
3374 1195 3474 1262 την
3513 1198 3699 1274 ψυχὴν
3726 1195 3818 1253 δια-

2183 1276 2498 1356 ταραχθείς,
2534 1277 2570 1346 ἢ
2601 1278 2802 1353 μᾶλλον
2831 1278 3116 1355 δαιμονίως
3146 1287 3427 1352 σκαιότητι
3457 1286 3714 1362 κινηθεὶς,
3745 1290 3816 1344 καὶ

2185 1367 2320 1422 κατὰ
2347 1375 2440 1424 τοῦ
2471 1367 2614 1424 ὁσίου
2644 1367 2828 1446 ἀνδρὸς
2860 1371 3130 1451 εκμανεὶς,
3158 1374 3244 1429 καὶ
3267 1375 3300 1441 ἡ
3326 1375 3468 1430 αἰτία
3486 1376 3552 1430 τὸ
3585 1376 3662 1450 μὴ
3693 1377 3816 1453 γνώ-

2183 1477 2262 1531 μῃ
2286 1454 2492 1544 ,ἐκείνου
2537 1459 2626 1513 τὸν
2659 1458 2849 1516 στῦλον
2881 1459 2936 1515 ὲν
2980 1475 3095 1526 τοῖς
3137 1463 3338 1522 ἐκείνου
3365 1461 3695 1542 ἱδρύσασθαι,
3725 1465 3812 1544 ἆγ-

2183 1543 2362 1620 γέλλει
2424 1546 2522 1619 μὲν
2576 1547 2792 1624 βασιλεῖ
2847 1552 2907 1606 τὸ
2949 1551 3215 1630 πραχθὲν,
3275 1552 3530 1631 ἀγγέλλει
3587 1553 3640 1610 δὲ
3681 1543 3814 1612 τοῦτο

2181 1637 2277 1691 καί
2309 1634 2586 1711 Γενναδίῳ,
2621 1640 2770 1705 οὗτος
2819 1641 2917 1718 γὰρ
2972 1641 3256 1707 ἐπίσκοπος
3320 1647 3814 1702 Κωνσταντινουπό-

2183 1722 2318 1787 λεως
2377 1727 2511 1798 μετὰ
2565 1727 2663 1794 τὴν
2696 1729 3007 1787 Ἀνατολίου
3037 1732 3316 1788 καθίστατο
3350 1734 3634 1803 τελευτήν,
3669 1742 3812 1791 Βασι-

461 1805 1150 1890 Constantinopolitanus
1181 1820 1310 1892 post
1340 1813 1649 1874 decessum
1683 1807 1961 1881 Anatoli).
1992 1807 2091 1867 At-

2184 1810 2271 1868 λεῖ
2302 1813 2399 1888 μὲν
2427 1815 2516 1871 οὖν
2573 1815 2745 1893 λέγων
2788 1817 3019 1887 ἀνήκοος
3077 1820 3142 1888 ἦν
3178 1837 3194 1852 ⁸
3245 1824 3272 1878 ὁ
3303 1819 3356 1876 δὲ
3387 1821 3686 1886 ἐπίσκοπος
3716 1824 3810 1879 εἴτε

467 1911 583 1972 quc
614 1896 687 1956 ab
708 1897 1063 1978 imperatore
1085 1901 1324 1982 quidem
1348 1901 1555 1961 dicens
1581 1917 1698 1960 non
1720 1897 1828 1958 fuit
1849 1894 2101 1957 exaudi-

466 1989 582 2057 tus;
604 1984 921 2067 episcopus
944 2008 1082 2052 vero
1105 1991 1330 2052 invidia
1354 1998 1567 2066 motus,
1605 2005 1711 2049 seu
1735 1986 1788 2048 ei
1812 1989 1909 2066 qui
1933 2003 2100 2064 roga-

463 2080 553 2132 rat
584 2077 943 2158 concedens,
970 2098 1086 2141 non
1112 2082 1300 2143 solum
1323 2078 1608 2141 censebat
1635 2086 1898 2138 sanctum
1927 2093 1959 2134 e
1990 2093 2096 2135 co-

459 2159 660 2224 lumna
679 2165 1216 2246 dejicientlum,sed
1237 2171 1411 2232 etiam
1436 2163 2092 2249 pmuaasubjiciendum.

460 2251 637 2314 Redit
655 2273 795 2332 ergo
814 2256 1080 2320 Gelasius
1103 2268 1260 2321 totus
1283 2260 1365 2320 ira
1390 2257 1672 2339 percitus,
1689 2255 1835 2316 alios
1858 2272 2094 2334 quoque

460 2342 674 2404 multos
705 2363 906 2407 secum
935 2366 1272 2419 assumens,
1325 2356 1384 2410 et
1428 2366 1461 2409 e
1515 2345 1793 2408 columna
1822 2351 2093 2404 sanctum

456 2431 660 2494 volens
691 2434 1027 2499 detrahere.
1065 2437 1176 2500 Sed
1210 2438 1312 2519 qui
1361 2453 1599 2517 semper
1628 2437 1688 2496 in
1721 2431 1945 2495 sanctis
1973 2433 2095 2492 suis

455 2532 540 2582 est
565 2523 930 2587 admirabilis
948 2527 1465 2608 Dominus,qualia
1484 2543 1643 2586 nunc
1666 2540 1902 2602 quoque
1924 2519 2086 2594 fecit,

453 2609 618 2672 illum
645 2614 923 2676 audacter
942 2615 1324 2678 insultantem
1352 2614 1779 2696 reprimens,et
1800 2609 1930 2688 ejus
1956 2625 2088 2668 ser-

458 2709 713 2776 vum.qui
735 2716 858 2766 erat
881 2709 1482 2780 occultus,gloriosum
1503 2703 1931 2764 etilcieusNam
1956 2716 2088 2760 cum

456 2799 615 2852 esset
648 2792 902 2854 maxima
931 2796 1220 2856 serenitas
1243 2802 1516 2874 essetque
1540 2809 1642 2854 aer
1666 2807 1846 2870 purus
1881 2797 1938 2849 et
1961 2787 2088 2848 lim-

454 2883 644 2951 pidus.
668 2885 850 2942 nubes
873 2899 1104 2957 repente
1130 2894 1567 2952 concurrerunt,
1607 2894 1659 2941 et
1681 2894 1800 2940 orta
1831 2891 1916 2938 est
1948 2881 2088 2937 call-

452 2985 547 3044 go,
575 2977 630 3028 et
656 2969 980 3032 vehemens
1011 2972 1206 3052 pluvia
1223 2981 1281 3034 et
1303 2972 1526 3052 grando
1552 2970 1831 3031 deorsum
1859 2965 2086 3027 fereba-

453 3065 571 3118 tur.
603 3056 942 3139 Tantusque
973 3071 1100 3123 erat
1125 3064 1255 3142 ejus
1284 3063 1630 3141 impetus,et
1662 3067 1778 3120 tam
1815 3057 2087 3133 ingentes

2180 1902 2356 1980 φθόνω
2395 1902 2561 1960 εἴκων
2589 1905 2624 1973 ἢ
2669 1907 2754 1962 καὶ
2797 1912 2873 1980 τῷ
2928 1907 3163 1975 δεηθέντι
3221 1911 3605 1989 χαριζόμενος,
3641 1913 3697 1969 οὗ
3735 1921 3811 1969 τώ

2178 1990 2368 2079 στόλου
2407 1996 2789 2074 κατενεχθῆναι
2835 2001 3020 2079 μόνον,
3053 1998 3207 2079 ’ἀλλὰ
3258 2001 3345 2056 καὶ
3392 2003 3653 2076 ἱπιτιμίῲ
3693 2004 3810 2058 ὕπο-

2176 2078 2439 2149 ϐληθῆναι
2470 2085 2558 2139 τὸν
2589 2083 2741 2164 ἅγιον
2769 2074 3018 2145 ἑδικαίουξ
3053 2074 3282 2146 "Avarum
3343 2093 3433 2147 οὗν
3487 2093 3517 2148 ὁ
3579 2074 3805 2153 Γελάσιος

2179 2167 2303 2232 ὅλος
2348 2172 2508 2250 ὀργῆς
2552 2172 2627 2230 ὢν
2685 2177 2912 2255 συχνοὺς
2944 2179 3034 2234 καὶ
3063 2175 3255 2243 ἄλλους
3291 2179 3408 2251 μεθ⁹
3440 2181 3635 2238 ἑαυτοῦ
3688 2203 3806 2252 συμ-

2180 2259 2524 2338 παραλαϐὼν,
2587 2266 2672 2320 καὶ
2735 2269 2820 2321 τοῦ
2869 2265 3060 2324 στύλου
3119 2268 3210 2324 τὸν
3253 2269 3405 2345 ἅγιον
3448 2268 3644 2327 ἐθέλων
3689 2292 3802 2325 κατ-

2178 2364 2438 2428 ενεγκεῖν.
2479 2350 2626 2409 Ἀλλ’
2673 2357 2700 2411 ὁ
2744 2355 2823 2412 ἀεὶ
2863 2359 3162 2431 θαυμαστὸς
3207 2357 3261 2413 ἐν
3305 2371 3422 2423 τοῖς
3466 2360 3638 2437 ἆγίοις
3669 2365 3803 2418 αὐτοῦ

2181 2439 2364 2517 Κύριος
2418 2444 2510 2497 οἷα
2543 2444 2628 2498 καὶ
2659 2452 2746 2501 νῦν
2797 2445 2987 2518 ἰποίει,
3049 2446 3258 2504 ἐκεῖνόν
3316 2469 3374 2503 τε
3429 2450 3798 2526 θρασυνόμενον

2173 2525 2509 2585 ἀναστέλλων
2548 2578 2564 2609 ,
2651 2534 2739 2589 καὶ
2809 2537 2898 2590 τὸν
2990 2537 3148 2592 αὐτοῦ
3215 2535 3513 2614 θεράποντα
3599 2536 3797 2608 δοξάζων

2173 2615 2535 2691 κρυπτόμενον
2572 2639 2586 2653 ·
2648 2621 2818 2687 εὐδίας
2877 2625 2975 2702 γὰρ
3038 2621 3285 2702 ἀκριϐοῦς
3365 2625 3532 2694 οὔσης
3594 2629 3674 2682 καὶ
3724 2631 3794 2681 τοῦ

2173 2704 2322 2780 ἀέρος
2378 2704 2623 2781 ἀλαμπὲς
2711 2709 2858 2768 οὐδὲν
2930 2711 3154 2792 ἔχοντος
3227 2713 3358 2792 νέφη
3414 2735 3474 2768 τε
3536 2712 3790 2787 συνέδραμε

2173 2793 2466 2881 Ϊταραυτίκα
2521 2799 2608 2853 καὶ
2667 2799 2876 2880 ὁμίχλη
2939 2800 3291 2881 προσέπιπτε,
3351 2804 3438 2859 καὶ
3482 2805 3639 2868 ὑετὸς
3684 2805 3788 2881 ῥαγ-

2171 2877 2322 2946 δαῖος
2380 2885 2468 2939 καὶ
2545 2877 2801 2964 χάλαζαη
2833 2877 3308 2968 συγκατεφέροντο.
3391 2894 3492 2949 Καὶ
3570 2877 3782 2949 τοσοῦτοι

2170 2969 2367 3036 ταύτης
2399 2973 2434 3038 ἡ
2478 2972 2684 3047 ἐμϐολή
2731 2979 2816 3034 καὶ
2861 2981 2896 3046 ἡ
2948 2983 3046 3046 τῆς
3091 2978 3287 3036 ἄνωθεν
3318 2980 3482 3059 ὀργῆς
3519 2981 3787 3048 ἀπειλῆὡ(

2168 3061 2256 3149 καὶ
2300 3061 2364 3116 τὰ
2409 3063 2512 3119 τῶν
2573 3065 2828 3140 ἀμπέλων
2885 3067 3210 3146 ἀποῤῥεῦσαι
3261 3069 3453 3149 φύλλα,
3491 3073 3574 3146 μὴ
3619 3070 3695 3126 ὅτι
3740 3089 3787 3146 γε

451 3145 627 3207 mina;
656 3147 760 3208 iraa
789 3163 1157 3228 supernam
1185 3151 1362 3212 etiam
1387 3151 1596 3210 vitium
1630 3145 1916 3236 caderent
1948 3143 2086 3204 folia

2175 3148 2258 3202 τὸν
2313 3153 2537 3228 καρπὸν,
2602 3158 2864 3231 τρογητδς
2909 3143 3133 3234 γᾶρήῆν.
3193 3143 3325 3216 Οὒδὲ
3394 3143 3568 3216 ταῦτα
3621 3143 3787 3236 ἐπεῖχε

452 3241 509 3294 et
540 3235 825 3315 pampini,
861 3256 979 3298 non
1013 3240 1204 3301 solum
1239 3239 1464 3301 fructus
1499 3260 1512 3299 :
1560 3249 1686 3298 erat
1735 3233 1894 3295 enim
1943 3238 2083 3292 tunc

2175 3237 2263 3303 τὴν
2319 3250 2411 3296 τοῦ
2466 3233 2930 3322 παραφρονοῦντος
2968 3233 3246 3306 ἆσυνεσίαν
3287 3265 3303 3282 ’
3339 3246 3478 3304 ἀλλὰ
3528 3251 3610 3305 καὶ
3652 3233 3781 3322 ἐτγῦς

449 3330 684 3403 tempus
715 3326 1176 3390 vindemiaa.Sed
1211 3347 1322 3389 nec
1353 3330 1477 3389 haec
1501 3327 1740 3408 quidem
1776 3322 1997 3401 reprim
2010 3339 2078 3410 e-

2175 3338 2368 3392 εκεῖνος
2421 3331 2516 3386 τοῦ
2575 3332 2860 3391 ἀπολέσθαι
2914 3335 3224 3410 γενόμενος,
3260 3334 3376 3392 οῦδὲ
3420 3335 3591 3402 οὕτως
3635 3335 3774 3408 ἐμάν-

446 3411 588 3474 bant
609 3415 865 3476 amentis
889 3417 1348 3479 stultitiam.Sed
1378 3435 1512 3478 cum
1541 3434 1656 3476 non
1689 3411 1935 3474 multum
1969 3409 2080 3471 ab-

2175 3417 2282 3470 lzvs
2339 3434 2637 3496 σωφρονεῖν
2671 3470 2688 3494 ,
2770 3422 2876 3481 οὐδ’
2931 3409 3078 3480 ίὸσον
3137 3422 3382 3480 ἐπλούτει
3443 3423 3647 3491 Δανιὴλ
3693 3422 3776 3488 τὴν

445 3502 675 3585 luisset,
712 3505 850 3585 quin
884 3505 985 3567 ille
1045 3507 1290 3586 periret,
1327 3525 1400 3568 ne
1433 3507 1516 3567 sic
1542 3503 1781 3585 quidem
1815 3498 2084 3560 discebat

2175 3500 2359 3559 ἶνωθεν
2415 3509 2576 3586 χάριν
2655 3510 2799 3578 ἠξίου
2851 3517 3042 3587 μαθεῖν
3077 3529 3090 3542 ·
3172 3511 3308 3570 ἀλλὰ
3377 3514 3668 3570 πνευστιιῖη
3713 3511 3786 3565 καὶ

445 3611 662 3664 Sapere,
710 3610 764 3656 et
785 3615 844 3656 se
861 3601 1151 3659 moderate
1173 3616 1410 3671 gerere;
1444 3613 1628 3669 neque
1659 3595 1882 3680 vo'eba_t
1912 3594 2075 3680 scire,

2175 3589 2446 3680 διάϐροχος
2504 3597 2595 3653 σὺν
2653 3613 2770 3662 τοῖς
2829 3599 2966 3680 ἀμφ’
3021 3603 3177 3658 αὐτὸν
3221 3600 3458 3658 ἐπελθὼν
3494 3600 3780 3679 ἠγανάκτει,

445 3691 662 3760 quanta
689 3702 948 3764 superna
978 3686 1166 3762 gratia
1217 3685 1608 3765 locupletatus
1657 3687 1814 3740 esset
1843 3676 2074 3769 Daniel.

2175 3676 2448 3762 διηπείλει,
2483 3684 2628 3760 ἒόόα,
2661 3676 3004 3766 κατενεγκεῖν
3035 3691 3124 3746 τὸν
3157 3689 3301 3746 ὅσιον
3331 3676 3622 3769 ἐπεχείρει.

447 3776 561 3836 Sed
620 3777 930 3851 anhelans,
971 3788 1029 3840 et
1080 3779 1470 3850 madefactus,
1509 3793 1643 3839 cum
1703 3774 1774 3833 iis
1827 3770 1926 3850 qui
1956 3768 2116 3829 circa
2173 3788 2307 3831 eum
2343 3783 2533 3850 erant,
2591 3795 2926 3858 aggressus,
2959 3780 3399 3861 indignabatur,
3436 3768 3778 3854 minabatur,

443 3865 754 3943 clamabat,
791 3875 850 3928 et
879 3867 1145 3948 dejicere
1174 3882 1445 3930 sanctum
1477 3863 1946 3945 aggrediebatur.

522 3998 874 4089 XVIIIaSed
911 4010 1220 4083 postquam
1254 4003 1352 4083 qui
1377 4022 1508 4064 cum
1535 4021 1603 4062 eo
1638 4007 1828 4077 erant,
1863 4000 1914 4060 ei
1946 4013 2078 4078 qum

2244 3997 2341 4055 lZ'.
2381 3998 2538 4060 Ἐπεὶ
2598 4003 2652 4060 δὲ
2697 4011 2743 4062 οἱ
2787 4009 3030 4075 συνόντες
3075 4010 3140 4066 τὰ
3172 4009 3420 4086 βέλτιστα
3470 4012 3775 4089 εἰσηγοῦντο,

444 4097 612 4150 erant
641 4087 1335 4170 optima,suggesserunt,
1371 4091 1638 4152 dicentes
1671 4108 1780 4151 nec
1813 4107 1948 4149 esse
1980 4107 2075 4148 co-

2175 4089 2230 4180 ὃς
2262 4087 2379 4146 οὔτε
2411 4094 2437 4148 ὁ
2497 4095 2625 4149 κίων
2668 4094 2890 4175 ἔγγιστα
2935 4098 3025 4154 τοῦ
3069 4098 3252 4179 ἂγροῦ,
3303 4099 3576 4180 λέγοντες,
3607 4087 3775 4156 ivrei-

442 4177 703 4238 lumnam
739 4196 878 4255 agro
907 4180 1324 4260 propinquam,
1357 4181 1569 4242 ethinc
1595 4180 1649 4241 ei
1673 4179 1894 4239 nullam
1928 4177 2078 4237 futu-

2175 4179 2244 4233 Ιέν
2302 4201 2356 4237 τε
2413 4180 2529 4239 οὐδὲ
2590 4183 2714 4259 μίαν
2768 4184 3000 4266 ὄχλησιν
3065 4185 3192 4262 ἕξει,
3237 4177 3325 4246 δτι
3371 4177 3450 4264 μὴ
3497 4192 3585 4246 διιῖ
3621 4189 3774 4266 εὖχὼν

439 4285 564 4328 ram
587 4267 916 4330 molestiam
945 4290 960 4348 ;
996 4270 1113 4330 imo
1142 4289 1280 4331 vero
1304 4289 1438 4332 eum
1477 4279 1896 4348 percepturum
1918 4266 2074 4327 fruc-

2175 4269 2362 4327 ιᾶλλον
2419 4271 2708 4330 ἀπολαύσει
2749 4275 2980 4348 πολλῶν,
3032 4279 3122 4333 καὶ
3165 4275 3502 4348 λυσιτελήσει
3555 4281 3685 4350 αὒτῷ
3720 4272 3772 4329 τῖι

441 4364 560 4416 tum
597 4358 913 4418 multarum
947 4359 1373 4432 orationum,et
1401 4360 1455 4418 ei
1480 4359 1739 4418 futurum
1766 4356 1934 4417 valde
1967 4354 2075 4416 uti-

2175 4359 2384 4438 εέγιστα
2463 4363 2655 4440 γείτων
2743 4363 2936 4442 ἀγαθὸς
3009 4365 3083 4422 ὤν
3120 4383 3136 4400 ⁶
3197 4367 3310 4422 ἐπεὶ
3369 4378 3533 4426 ταῦτα
3591 4365 3765 4442 ἕλεγοιν,

438 4445 580 4522 lem,
613 4464 748 4506 cum
785 4448 862 4506 sit
892 4445 1085 4508 bonus
1116 4448 1362 4526 vicinus;
1396 4455 1705 4526 postquam
1742 4446 1866 4506 haec
1898 4444 2068 4506 dixe-

2175 4450 2374 4509 ἷπειθον.
2421 4455 2526 4510 Καὶ
2560 4452 2679 4510 τότε
2728 4453 2825 4527 μὲν
2876 4453 3084 4512 ἐκέλευε
3143 4455 3422 4513 κατελθεῖν
3481 4455 3551 4512 δι’
3601 4451 3764 4528 αἰδοῦς,

436 4543 1054 4614 runt,persuaserunt.
1078 4534 1150 4595 Et
1179 4543 1314 4595 tunc
1346 4535 1584 4616 quidem
1611 4535 1788 4614 jussit
1818 4534 2074 4594 descen-

2175 4541 2340 4620 ἧμαι,
2400 4542 2522 4604 τοὺς
2582 4543 2847 4621 παρόντας
2907 4546 3258 4626 ποιούμενος,
3335 4545 3428 4603 ’ἵνα
3485 4548 3564 4623 μὴ
3618 4544 3762 4620 μάτην

437 4623 602 4694 dere,
640 4621 892 4702 pudore,
929 4633 992 4684 ut
1044 4623 1323 4704 arbitror,
1359 4633 1548 4686 motus
1582 4634 1822 4705 propter
1843 4642 1944 4686 eos
1975 4626 2076 4704 qui

2175 4630 2433 4708 ἱφικέσθαι
2478 4629 2630 4706 δοκῇ,
2705 4632 2922 4710 ὕστερον
2979 4633 3034 4690 δὲ
3107 4635 3249 4708 αὒτῴ
3306 4636 3392 4691 καὶ
3442 4642 3543 4704 τὴν
3610 4628 3760 4688 ἄνοδον

435 4711 704 4787 aderant,
740 4730 814 4772 ne
847 4713 1145 4774 videretur
1198 4713 1416 4776 frustra
1451 4717 1724 4791 venisse;
1753 4725 1957 4794 postea
1979 4733 2076 4774 au-

2175 4733 2502 4800 ιπισχνεῖτο,
2535 4722 2622 4777 καὶ
2668 4721 2952 4780 ἀνελθόντα
2997 4723 3176 4797 μένειν
3231 4723 3318 4802 ἔφ’
3349 4722 3474 4780 ὅσον
3523 4721 3756 4801 βούλοιτο.

435 4809 553 4863 tem
587 4801 642 4862 ei
667 4819 872 4863 rursus
905 4803 1300 4882 pollicebatur
1325 4823 1662 4880 ascensum,
1697 4816 1756 4866 et
1783 4823 1917 4867 cum
1945 4823 2074 4866 rur-

2179 4812 2314 4866 Επεί
2412 4818 2536 4886 γοῦν
2620 4809 2875 4883 κλίμακος
2953 4801 3413 4890 προσερεισθείσης
3504 4821 3579 4884 τῷ
3649 4809 3757 4865 κίονι

435 4909 534 4953 sus
565 4891 951 4966 ascendisset,
1007 4905 1290 4974 quantum
1353 4895 1657 4974 voluisset,
1693 4913 2064 4956 mansurum.

2175 4900 2338 4975 ιατῄει
2375 4901 2402 4954 ὁ
2446 4897 2612 4970 ὅσιος,
2661 4899 2748 4955 καὶ
2792 4897 2856 4966 δὴ
2907 4903 3032 4977 πρὸς
3082 4901 3173 4966 τὴν
3217 4898 3380 4966 ἕκτην
3425 4901 3501 4956 ἔτι
3560 4891 3756 4977 βαθμίδα

437 4979 580 5044 Cum
613 4995 832 5052 autem,
869 4985 1160 5044 columnae
1180 4984 1438 5047 admotis
1469 4984 1665 5051 scalis,
1699 4994 1936 5045 sauctus
1965 4983 2068 5044 de-

2175 4989 2240 5044 τὸν
2290 4987 2425 5044 πόδα
2473 4986 2700 5067 ἤρειδεν,
2771 4988 2959 5054 οἶκτος
3046 4987 3200 5044 ἔλαϐε
3291 4991 3382 5046 τὸν
3459 4988 3752 5064 αμεῐλικτον,

434 5071 775 5151 scenderet,
807 5072 1007 5152 etjam
1041 5073 1100 5132 in
1133 5081 1296 5134 sexto
1346 5074 1528 5152 gradu
1584 5073 1795 5153 pedem
1831 5074 2061 5154 ﬁgeret,

435 5177 570 5220 eum
605 5160 704 5240 qui
740 5169 866 5221 erat
893 5161 1253 5233 inﬂexibilis,
1285 5164 1442 5242 cepit
1474 5163 1902 5236 misericordia,
1924 5162 2064 5223 dum

435 5248 572 5310 illos
603 5249 830 5310 videret
859 5252 1042 5328 pedes
1075 5259 1349 5331 tanquam
1383 5251 1526 5312 alias
1557 5252 1888 5332 Columnas,
1918 5271 2065 5332 quos

439 5356 546 5418 per
578 5346 725 5399 totas
755 5346 960 5400 noctes
983 5345 1042 5400 et
1068 5339 1197 5398 dies
1228 5339 1516 5402 stationes
1538 5341 1927 5402 reddiderant
1970 5351 2064 5402 tu-

438 5425 630 5486 midos
658 5435 714 5487 et
745 5427 1060 5501 ulceratos,
1095 5434 1152 5486 et
1183 5427 1521 5490 vulneribus
1561 5430 1941 5508 plenos.Qu:e
1968 5431 2068 5493 ille

437 5529 571 5572 cum
604 5522 844 5593 stupore
873 5515 1324 5594 contemplatus,
1359 5525 1416 5576 et
1457 5528 1724 5579 sanctum
1755 5521 2062 5599 adjuravit,

437 5607 501 5666 ut
517 5617 721 5662 rursus
743 5604 1052 5684 rediret,et
1071 5603 1312 5666 audacis
1324 5605 1415 5666 sui
1432 5607 1605 5689 capti
1621 5607 1792 5688 petiit
1809 5609 2036 5672 veniam
2051 5657 2063 5670 .

2148 5079 2350 5154 ὁρῶντα
2425 5076 2588 5140 πόδας
2667 5077 2893 5140 ὶκείνους
2968 5081 3038 5143 ὡς
3100 5078 3303 5156 ἑτέρους
3357 5079 3536 5144 κίονας
3592 5079 3669 5138 οὓς
3715 5072 3755 5126 αἶ

2147 5168 2410 5247 πάννυχοι
2454 5167 2667 5232 στάσεις
2718 5171 2812 5224 καί
2859 5167 3183 5244 πανημέριοι
3241 5166 3504 5233 οἰδοῦντας
3539 5168 3620 5224 καὶ
3670 5161 3755 5247 ἠλὲ

2146 5246 2416 5329 κωμένους
2476 5257 2561 5312 καὶ
2617 5257 2931 5334 τραυμάτων
2988 5255 3208 5334 πλήρεις
3264 5255 3522 5316 ἐδείκνυον
3557 5272 3570 5286 ⁶
3621 5251 3650 5310 ἃ
3685 5246 3754 5305 καὶ

2150 5348 2279 5422 πρὸς
2336 5343 2588 5411 ἔκπληξιν
2645 5346 2968 5421 θεασάμενος
3049 5345 3269 5425 ὤρκωσέ
3350 5367 3407 5401 τε
3483 5343 3634 5402 πάλιν
3681 5338 3753 5394 τὸν

2151 5434 2296 5491 ὅσιον
2357 5433 2623 5508 ἀνελθεῖν,
2683 5437 2770 5491 καὶ
2827 5433 3151 5512 συίγνώμην
3206 5434 3322 5510 ᾔτει
3393 5441 3482 5490 τοῦ
3525 5425 3754 5512 ξηειρῆ’

2151 5545 2342 5599 ματος.
2378 5523 2635 5602 ’Ὕστερον
2680 5521 2735 5579 δὲ
2783 5527 2925 5598 αὒτῷ
2975 5525 3060 5579 καὶ
3101 5525 3192 5580 τὸν
3222 5524 3366 5579 κίονα
3396 5523 3604 5589 ἵστησιν
3627 5520 3748 5590 ὑψηο

2149 5611 2389 5693 λότερον,
2423 5615 2601 5670 καὶτὸ
2655 5613 2835 5694 πάχος
2887 5610 3246 5690 στεῤῥότερον,
3310 5613 3395 5669 καὶ
3453 5611 3546 5680 τὴν
3598 5606 3743 5686 βάσιν,
