4048 6136
255 271 374 343 993
1376 272 1564 340 VITA
1608 267 1668 336 S.
1713 270 1866 337 DAN
1877 273 1921 336 ll

2009 273 2076 334 IS
2119 269 2494 334 STYLIT/E.
3501 266 3614 333 994

249 418 341 473 καὶ
395 414 563 472 τᾶλλα
616 412 1079 492 πολυτελέστερον,
1115 423 1364 492 γνώριμα
1423 414 1510 468 ναὶ
1551 411 1694 484 αὐτῷ
1750 413 1902 488 βασις-

2009 410 2195 471 )οειεδ
2249 426 2384 470 vero
2416 406 2470 467 ei
2500 423 2737 486 quoque
2789 402 3131 466 columnam
3166 406 3364 485 posuit
3419 410 3617 472 excel-

251 504 347 562 λεῖ
416 505 482 560 τὰ
542 504 638 570 τῆς
718 505 991 579 ὀπομονῆς
1049 501 1248 558 ἐκείνου
1305 502 1394 558 καὶ
1454 507 1551 568 τῆς
1623 503 1896 578 καρτερίας

2010 499 2226 579 iorem,
2259 508 2316 558 et
2344 495 2738 559 crassitudine
2770 493 3397 576 validiorem,basique
3421 507 3478 559 et
3499 519 3618 560 cte-

249 596 492 670 θέμενος.
554 593 745 670 ’Ἤρκει
791 616 888 668 μεν
948 593 1036 649 οὗν
1079 592 1166 648 καὶ
1224 590 1387 647 ταῦτα
1441 588 1672 646 πλεῖστά
1697 612 1754 646 τε
1811 591 1898 646 καὶ

2009 587 2124 650 eris
2171 585 2768 665 magniﬁcentiorem,
2806 589 2864 642 et
2921 581 2996 670 de
3027 581 3189 641 illius
3236 585 3521 662 patientia
3564 597 3623 651 et

249 669 465 760 μεγάλα
510 669 844 762 τυγχάνοντα
874 681 1039 753 δεῖξαι
1095 683 1184 737 τὸν
1217 679 1493 762 τοῦῖὸσίου
1549 680 1660 756 βίον
1686 682 1779 736 καί
1830 683 1894 749 ῆς

2009 676 2292 738 olerantia
2344 674 2766 762 imperatorem
2807 669 3070 731 reddidit
3129 672 3470 738 certiorem.
3516 680 3620 740 At-

249 773 410 837 αὐτος
470 761 661 838 ἠξίωτο
691 771 831 850 παρὰ
863 779 994 830 Θεοῦ
1039 770 1286 850 χάριτος,
1325 761 1383 826 Ὀ
1441 768 1493 823 δὲ
1526 768 1681 846 λόγος
1741 771 1901 846 μικρὰ

2009 785 2101 847 lue
2132 766 2257 826 haec
2309 762 2547 843 quidem
2598 761 2959 834 sufficerent,
2995 778 3124 840 quae
3144 770 3292 850 sunt
3342 765 3616 847 plurima,

249 868 419 918 ταῦτα
462 863 548 917 καὶ
582 861 736 917 οἱονεὶ
772 849 1043 939 στοιχεῖα
1072 849 1161 915 καὶ
1219 859 1390 938 ἀρχὰς
1435 857 1776 935 λογιζόμενος
1835 858 1900 916 τὰ

2009 863 2041 914 εἰ
2065 851 2324 914 maxima
2339 851 2411 912 ad
2431 856 2615 911 sancti
2638 859 2806 910 vitam
2827 849 3618 933 ostendendam,etgratiam,

248 948 442 1022 ποκλῷ
473 950 686 1023 μείζονα
715 949 914 1005 τούτων
944 946 1134 1015 δηλοῦν
1168 948 1427 1025 ἐπίγεται.

2009 962 2158 1026 luam
2185 943 2361 1022 ipsea
2383 943 2505 1004 Deo
2539 949 2664 1002 erat
2693 948 3019 1001 assecutus.
3054 937 3252 1001 Oratio
3275 953 3472 1005 autem
3503 948 3625 1009 haec

257 1059 438 1121 parva
491 1058 626 1102 esse
665 1039 1076 1115 considerans,
1113 1049 1175 1102 et
1231 1048 1504 1120 tanquam
1540 1038 1833 1101 elementa
1879 1058 1948 1102 ac
2007 1037 2319 1120 principia,
2357 1054 2490 1116 quae
2519 1043 2652 1094 sunt
2713 1033 2807 1096 his
2840 1035 3012 1112 longe
3057 1035 3302 1116 majora,
3348 1051 3627 1120 properat

253 1130 582 1192 declarare.

336 1222 446 1283 IH'.
482 1217 615 1280 Ἠκέ
644 1246 721 1288 τις
780 1224 916 1298 μετὰ
946 1225 1134 1302 μικρὸν
1158 1225 1289 1303 πρὸς
1321 1225 1412 1280 τὸν
1467 1223 1614 1280 ὅσιον
1642 1225 1701 1282 τὸ
1744 1223 1893 1303 γένος

2047 1221 2233 1279 XVIII.
2267 1220 2431 1276 νε-υἱι
2462 1218 2628 1290 paulo
2661 1224 2784 1287 post
2813 1216 3039 1288 quidam
3071 1217 3139 1273 ad
3162 1229 3442 1291 sanctum,
3475 1223 3626 1281 Trax

246 1312 414 1391 Θρᾲξ,
441 1313 539 1369 τῆν
587 1311 796 1381 ἡλικίαν
855 1315 1194 1393 γεγηρακὼς,
1227 1314 1322 1377 τάς
1375 1321 1462 1370 τοῦ
1495 1314 1608 1389 βίου
1658 1315 1896 1392 ἀφορμὰς

2009 1305 2221 1387 [υἰόθπι
2253 1322 2500 1384 genere,
2534 1309 2704 1364 aetate
2734 1310 2932 1362 autem
2983 1319 3188 1378 senex,
3220 1304 3321 1384 qui
3369 1325 3436 1367 ex
3467 1310 3619 1372 scri.

243 1401 402 1481 ἔχων
460 1402 564 1481 ἀπὸ
595 1411 688 1460 τοῦ
714 1401 779 1459 τὰ
836 1399 1139 1477 συμϐόλαια
1181 1402 1422 1481 γράφειν,
1460 1405 1676 1478 νομικὸν
1715 1408 1901 1460 τοῦτον

2009 1399 2199 1461 iendis
2229 1397 2631 1459 contractibus
2663 1394 2773 1456 sibi
2806 1394 3020 1454 victum
3053 1397 3293 1474 parabat
3324 1419 3336 1460 :
3375 1425 3618 1480 νομικον,

245 1475 407 1547 air-nat
485 1475 684 1566 Ἕλλην
743 1475 910 1568 ἀνήρ..
961 1493 1124 1555 Οὗτος
1181 1475 1348 1548 παῖδα
1405 1475 1574 1571 ξρέρων
1641 1494 1904 1567 μονογενῆ

2010 1489 2046 1550 d
2094 1496 2206 1565 est,
2268 1487 2415 1566 legis
2474 1491 2750 1566 peritum,
2799 1492 3008 1545 vocant
3060 1483 3270 1550 Graeci.
3323 1487 3377 1549 Is
3435 1475 3620 1557 lilium

249 1585 519 1655 πνεύματι
589 1586 808 1656 πονηρῷ
895 1581 1157 1658 κάτοχοι,
1216 1581 1320 1642 θεὶς
1407 1579 1564 1636 αὐτὸν
1641 1582 1741 1658 πρὸ
1815 1586 1908 1637 τοῦ

2009 1579 2188 1640 'erens
2219 1578 2559 1656 unigenam,
2593 1573 2699 1652 qui
2732 1594 2765 1633 a
2811 1572 3072 1664 maligno
3103 1575 3482 1641 detinebatur
3507 1583 3634 1664 spi-

246 1669 434 1733 κίοντις
483 1666 677 1746 δάκρυά
732 1690 789 1724 τε
842 1667 975 1747 ἕῤῥει
1018 1675 1125 1726 τῶν
1181 1668 1490 1754 ὀφθαλμῶν,
1545 1670 1638 1726 καί
1695 1671 1909 1748 ῥήματα

2009 1671 2134 1744 'itu,
2159 1685 2291 1727 cum
2317 1684 2452 1726 eum
2482 1665 2778 1754 posuisset
2798 1663 2869 1722 ad
2895 1664 3250 1754 columnam,
3275 1675 3333 1727 et
3353 1667 3410 1729 ei
3440 1663 3633 1754 lacry-

247 1759 556 1838 προσετίθει
584 1744 714 1814 -τῶν
746 1744 980 1836 δακρύων
1024 1744 1374 1836 ἐλεεινότερα.
1419 1744 1549 1838 ⁸Ὀροι
1580 1744 1705 1836 γὰρ’
1740 1760 1908 1821 πόσας

2009 1775 2105 1818 me
2155 1755 2418 1818 ﬂuebant
2465 1772 2537 1816 ex
2567 1753 2782 1843 oculis,
2805 1762 2872 1843 _e_t
2905 1752 3192 1843 iadjunxit
3220 1755 3398 1820 verba
3441 1744 3633 1843 lacri-

249 1848 391 1927 εῖχε
443 1849 572 1924 πρὸς
603 1845 824 1924 οδυρμὸν
873 1849 1136 1927 ἀφορμὰς,
1169 1848 1266 1915 τῆν
1320 1849 1501 1928 φύσιν,
1535 1849 1633 1912 τῆν
1692 1847 1902 1919 πολιὰν,

2009 1846 2110 1906 mis
2144 1845 2334 1924 magis
2367 1841 2752 1905 miserabilia.
2805 1839 2955 1903 Vide
2986 1845 3168 1918 enim,
3210 1863 3386 1920 quam
3422 1839 3635 1913 multas

247 1938 360 2004 τὴν
388 1938 482 1993 τοῦ
510 1934 699 2000 παιδὸς
758 1935 1009 2012 νεότητα,
1043 1938 1104 1993 τὸ
1135 1937 1219 1993 ἐπὶ
1255 1938 1404 2013 μόνῳ
1446 1937 1614 2010 τούτῳ
1646 1934 1908 2014 σαλεύειν,

244 2028 313 2082 τὸ
406 2027 614 2105 μακρὰν
689 2023 936 2082 ὶστάλθαι
1023 2027 1110 2082 καὶ
1211 2023 1420 2093 πολλὴν
1503 2024 1910 2103 ταλαιπωρῆσαι

245 2114 498 2194 πορείαν,
541 2116 634 2172 κπὶ
690 2113 854 2171 ταῦτα
911 2112 1231 2190 δαιμονῶντι
1290 2117 1379 2170 καὶ
1437 2114 1604 2176 οὕτως
1662 2114 1908 2178 ἀτάκτως

241 2208 341 2260 καὶ
387 2211 622 2279 μανικῶς
654 2203 862 2284 ἔχοντι.
915 2207 1012 2262 Καὶ
1065 2204 1217 2269 τέλος
1279 2209 1520 2282 προσθεὶς
1550 2207 1630 2261 ὃτι
1688 2215 1912 2283 Τριακο-

243 2294 358 2361 στὴ
416 2292 551 2360 αὕτη
611 2294 780 2371 ἡμέρα
831 2293 1011 2364 ἐζότου
1075 2298 1135 2350 τὸ
1186 2296 1276 2351 σόν
1337 2293 1504 2368 ὄνομα
1561 2297 1623 2350 τὸ
1679 2296 1912 2371 πονηρὸν

245 2381 541 2459 ἆνακράξει
585 2381 816 2458 πνεῦμα,
865 2385 962 2450 τὴν
1007 2385 1276 2452 εὐκίνητον
1336 2385 1520 2463 ψυχὴν
1578 2385 1705 2460 πρὸς
1768 2381 1914 2438 ἔλεον

247 2472 407 2533 εὐθὺς
467 2470 626 2550 εἶχεν
684 2473 826 2545 αὐτῷ
869 2475 1264 2548 συμπαθοῦσαν.
1343 2475 1439 2531 Καὶ
1498 2478 1612 2535 πῶς
1669 2474 1768 2551 γὰρ
1821 2477 1916 2530 οὐκ

251 2558 457 2636 ἔμελλε
515 2563 812 2634 συμπαθεῖν
879 2564 906 2617 ὁ
961 2561 1055 2620 τοῦ
1110 2569 1334 2640 Χριστοῦ
1391 2563 1687 2642 μιμητής,
1756 2563 1811 2618 Εἰ
1854 2561 1915 2616 σὺ

251 2649 374 2723 οὗν,
408 2649 534 2728 ἔφη,
567 2647 637 2730 δι⁸
670 2649 800 2725 ἐμοῦ
855 2651 1119 2714 πιστεύεις
1177 2653 1384 2719 ἰαθῆναι
1442 2653 1533 2708 τὸν
1582 2649 1772 2723 παῖδα,
1821 2649 1914 2706 δο-

251 2738 479 2808 θήσεταί
538 2759 621 2794 σοι
705 2739 842 2794 κατὰ
898 2741 995 2807 τὴν
1060 2741 1226 2797 πίστιν
1301 2763 1417 2802 σου,
1499 2741 1592 2798 Καὶ
1662 2739 1772 2814 ἅμα
1825 2745 1918 2795 τοῦ

257 2827 443 2884 ἐλαίου
499 2829 658 2884 αὐτὸν
715 2827 924 2885 ἐκέλευε
981 2832 1295 2897 ποτισθῆναι
1349 2837 1454 2886 τῶν
1497 2829 1673 2885 ἐκεῖσε
1727 2827 1914 2906 ἁγίων,

257 2919 321 2973 οὖ
375 2916 660 2994 γενομένω
707 2916 891 2992 βάλλει
923 2918 1021 2992 μὲν
1073 2918 1226 2974 αὐτὸν
1285 2920 1429 2982 εὐθὺς
1465 2917 1554 2974 ἔπ’
1604 2915 1821 2996 ἐδάφους
1859 2919 1918 2972 τὸ

265 3005 508 3085 χαλεπὸν
564 3003 860 3080 δαιμόνιον,
897 3007 988 3062 καὶ
1028 3005 1255 3072 πολλοῖς
1284 3009 1468 3078 αἱκίζει
1514 3006 1912 3085 σπαράγμασιν,

267 3095 396 3150 εἶτα
451 3093 589 3172 μέγα
645 3095 850 3170 βοῆσαν
905 3095 960 3151 ἐν
1044 3096 1280 3175 οἰμωγῇ,
1341 3094 1685 3175 Ἐξέρχομαι.

1995 1937 2168 1998 ﬂetus
2214 1933 2471 1996 habebat
2525 1933 2918 1995 occasiones:
2983 1943 3274 2008 naturam,
3327 1939 3632 2015 canitiem,

1995 2025 2101 2086 ﬁlii
2130 2021 2782 2101 adolescentiam,quod
2811 2029 3051 2102 propter
3083 2041 3216 2082 eum
3249 2024 3439 2086 solum
3467 2027 3636 2091 labo-

1993 2113 2344 2194 raret,quod
2368 2112 2546 2190 longe
2567 2119 2724 2172 esset
2749 2110 3072 2190 profectus,
3109 2127 3166 2172 et
3190 2115 3383 2192 magni
3410 2116 3638 2181 itineris

1995 2203 2232 2265 labores
2276 2211 2434 2263 esset
2481 2217 2822 2280 perpessus,
2857 2199 3035 2278 idque
3083 2219 3216 2260 cum
3276 2215 3434 2265 esset
3493 2227 3640 2287 puer

1997 2293 2422 2363 daemoniacus,
2459 2302 2514 2352 et
2545 2299 2704 2350 tanta
2735 2297 2892 2350 esset
2921 2289 3052 2367 ejus
3083 2290 3310 2351 vexatio
3343 2303 3401 2353 et
3433 2296 3643 2360 immo-

1998 2382 2249 2444 deratio.
2285 2382 2361 2443 Et
2412 2397 2546 2441 cum
2582 2387 2882 2459 postremo
2935 2377 3290 2459 addidisset,
3328 2400 3457 2443 esse
3511 2388 3636 2464 jam

2003 2473 2368 2533 tricesimum
2415 2469 2598 2542 diem,
2633 2486 2702 2528 ex
2735 2486 2848 2547 quo
2882 2485 3100 2528 nomen
3130 2467 3290 2530 illius
3347 2473 3638 2554 malignus

1999 2561 2284 2624 clamaret
2327 2558 2593 2640 spiritus,
2629 2557 2759 2636 ejus
2787 2556 3042 2629 animus,
3078 2558 3180 2636 qui
3227 2558 3400 2621 facile
3433 2580 3639 2626 move-

2000 2651 2171 2711 batur
2223 2647 2656 2709 misericordia.
2711 2645 2898 2725 ipsius
2956 2647 3155 2706 statim
3213 2657 3272 2708 et
3336 2648 3637 2718 misertus.

2001 2737 2220 2812 Quidni
2255 2739 2414 2799 enim
2463 2734 2874 2798 misericordia
2903 2734 3234 2796 movendus
3265 2746 3392 2798 erat
3420 2741 3642 2808 Christi

2001 2827 2332 2908 disoipulus
2355 2833 2382 2889 ?
2409 2826 2474 2887 Si
2496 2833 2554 2887 tu
2588 2843 2750 2903 ergo,
2776 2824 2992 2900 inquit,
3017 2823 3213 2885 credis
3243 2824 3388 2898 fore,
3417 2838 3478 2890 ut
3497 2851 3637 2911 per-

2002 2926 2244 2979 sanetur
2288 2925 2420 2978 tuus
2450 2915 2630 2984 ﬁlius,
2665 2913 2903 2975 dabitur
2936 2911 3044 2974 tibi
3088 2914 3420 2978 secundum
3457 2920 3639 2984 ﬁdem

2001 3019 2199 3077 tuam;
2259 3015 2316 3068 et
2345 3004 2522 3066 simul
2572 3022 2704 3064 eum
2731 3002 2913 3082 jussit
2948 3003 3136 3081 potari
3171 3003 3300 3065 oleo
3331 3023 3364 3066 a
3394 3013 3638 3090 sanctis,

1773 3102 1867 3175 φεῦ
1899 3090 1913 3150 !
1951 3097 2106 3177 _qui
2156 3097 2278 3159 illic
2326 3103 2514 3157 erant.
2549 3092 2718 3166 Quod
2770 3111 2902 3152 cum
2955 3093 3174 3153 factum
3220 3107 3402 3172 esset,
3446 3101 3641 3165 statim

263 3182 581 3262 ἐξέρχομαι.
639 3182 871 3261 Ὀγδόης
920 3182 1024 3251 ἤδη
1080 3172 1351 3263 παρούσης
1421 3172 1622 3262 ἡμέρας
1681 3172 1846 3260 μέλαν
1897 3185 1921 3240 ὁ

2009 3172 2249 3265 quidem
2277 3203 2409 3246 eum
2445 3183 2612 3243 humi
2632 3181 2776 3260 jacit
2802 3199 3018 3242 saevum
3051 3181 3439 3269 daemonium,
3469 3208 3644 3252 eum-

261 3272 532 3348 δαιμονῶν
588 3271 839 3346 ὲξεμέσας
897 3277 1037 3349 αἷμα
1100 3275 1191 3330 καὶ
1249 3276 1495 3352 πεπηγὸς
1558 3275 1752 3354 εὐχαῖς
1808 3275 1923 3330 ἰᾶτο

259 3372 356 3422 τοῦ
410 3359 656 3436 ἀοιδίμου
731 3364 956 3442 Πατρὸς,
1021 3364 1103 3419 κοὶ
1162 3365 1325 3442 ὑγιῶς
1399 3363 1544 3442 ἔχων
1601 3371 1678 3436 τῷ
1738 3363 1922 3419 ἑαυτοῦ

262 3449 433 3525 πατρί
493 3447 856 3527 παραδίδοται.
922 3443 979 3508 Ὀ
1033 3449 1088 3508 δὲ
1130 3453 1228 3520 τὴν
1284 3451 1454 3509 παῖδα
1498 3451 1674 3509 λαϐὼν
1717 3458 1785 3528 τῇ
1822 3451 1921 3527 μὲν

267 3539 490 3617 γλώττη
546 3541 677 3611 πρὸς
733 3541 1075 3620 εὐχαριστίαν
1146 3541 1352 3620 ἐχρῆτο
1415 3557 1530 3606 τοῒ,
1583 3540 1795 3619 δάκρυσι
1867 3539 1920 3596 δὲ

267 3629 402 3705 πρὸς
458 3629 656 3707 χαράν.
711 3627 867 3685 ’Ἐστι
899 3630 999 3710 γὰρ
1055 3632 1144 3687 καὶ
1187 3628 1382 3699 ἡδονῆς
1440 3629 1656 3708 δάκρυα.
1691 3631 1816 3687 ὃταν
1872 3629 1924 3694 ἐξ

265 3716 434 3797 ἄκρας
489 3719 708 3794 ἀθυμίας
741 3724 914 3798 χαρᾶς
972 3720 1264 3800 ἀκρότητες
1320 3720 1421 3787 τὴν
1475 3721 1668 3798 ψυχὴν
1725 3716 1924 3778 λαϐοῦ-

265 3829 359 3864 σαι
415 3809 476 3863 τὸ
518 3809 832 3882 πιεζόμενον
881 3808 1035 3887 νέφος
1081 3810 1226 3874 εὐθὺς
1285 3807 1506 3883 λύσωσι,
1569 3810 1655 3865 καὶ
1710 3815 1779 3886 τῇ
1821 3811 1928 3868 τὼν

267 3896 510 3974 δακρύων
571 3901 770 3975 φυσικῇ
799 3894 967 3954 λιϐάδι
1025 3899 1118 3954 σὺν
1146 3896 1316 3976 ἡδονῇ
1374 3900 1710 3978 χρήσωνται.
1746 3897 1924 3956 Οὕτως

267 3987 295 4043 ὁ
327 3997 462 4048 παῖς
521 3988 616 4044 οὐκ
674 3985 812 4042 ἰᾶται
863 3985 1021 4062 μόνον
1053 3990 1144 4043 τοῦ
1205 3989 1439 4064 πονηροῦ
1489 3984 1762 4068 δαίμονος,
1792 3984 1929 4044 ἀλλὰ

266 4075 541 4132 καὶκατὰ
609 4073 873 4150 δαιμόνων
928 4080 1074 4137 εὐθὺς
1143 4076 1413 4148 ὁπλίζεται
1475 4084 1542 4152 τῷ
1586 4082 1702 4150 Θεῷ
1771 4077 1927 4134 αὐτὸν

267 4171 368 4223 τοῦ
425 4165 627 4242 Πατρὸς
675 4163 809 4239 μετᾶ
862 4165 960 4232 τῆν
1018 4167 1296 4246 θεραπείαν
1355 4165 1794 4245 καθιερώσαντος,
1840 4165 1926 4223 καὶ

269 4256 338 4310 τὸ
392 4261 498 4310 τῶν
531 4260 788 4333 μοναχῶν
831 4252 1032 4312 ἐνδῦναι
1087 4261 1280 4336 σχῆμα
1333 4258 1420 4312 καὶ
1463 4257 1551 4312 τὸν
1582 4256 1692 4332 βίον
1749 4279 1922 4335 παρα-

2006 3294 2124 3356 que
2176 3275 2346 3336 valde
2375 3272 2554 3334 laniat
2591 3290 2658 3332 ac
2706 3269 2950 3332 lacerat.
2985 3270 3212 3334 Deinde
3260 3293 3470 3356 magna
3500 3299 3644 3344 voce

2006 3384 2140 3427 cum
2171 3365 2334 3426 luctu
2383 3363 2620 3435 clamat,
2651 3359 2935 3439 Egredior
2980 3360 3119 3436 heu,
3158 3363 3373 3447 inquit,
3407 3371 3642 3448 egredi-

2005 3473 2094 3517 or.
2125 3456 2274 3517 Cum
2307 3453 2436 3515 dies
2459 3453 2586 3532 jam
2614 3450 2852 3512 adesset
2879 3459 3138 3527 octavus,
3173 3451 3269 3514 ubi
3313 3455 3640 3521 damonia-

2004 3561 2109 3632 cus
2141 3542 2372 3632 nigrum
2405 3550 2464 3632 et
2488 3547 2834 3602 concretum
2868 3539 3223 3632 evomuisset
3263 3546 3639 3632 sanguinem,

2004 3631 2244 3710 gloriosi
2293 3631 2487 3693 Patris
2516 3644 2760 3690 sanatus
2809 3639 2900 3689 est
2928 3628 3230 3711 precibus,
3265 3640 3326 3694 et
3369 3652 3548 3700 sanus
3580 3628 3643 3706 et

2010 3728 2173 3782 recte
2201 3738 2266 3782 se
2299 3719 2525 3781 habens
2555 3737 2661 3779 suo
2694 3716 2844 3795 patri
2879 3724 2970 3778 est
3003 3717 3273 3784 traditus.
3317 3721 3422 3784 Ille
3451 3741 3651 3794 autem

2010 3827 2143 3870 cum
2177 3809 2507 3889 accepisset
2535 3807 2746 3881 filium,
2775 3807 2974 3884 lingua
2999 3807 3239 3887 quidem
3273 3811 3547 3879 utebatur
3577 3822 3650 3882 ad

2010 3901 2264 3974 agendas
2289 3900 2799 3972 gratias,lacrymis
2820 3913 2953 3956 vero
2970 3900 3041 3956 ad
3064 3901 3482 3967 laetitiam.Sunt
3497 3917 3652 3972 enim

2010 3989 2184 4070 etiam
2207 3986 2414 4044 laetitiae
2439 3983 2960 4070 lacrymaaguando
2983 3999 3265 4070 summam
3287 3992 3464 4050 animi
3486 3999 3658 4070 aegri-

2011 4069 2280 4131 tudinem
2312 4086 2561 4162 summa}
2603 4066 3242 4162 excipienteslaatitiaa,
3277 4074 3497 4139 nubem
3526 4066 3657 4162 quae

2011 4162 2344 4244 premebat,
2400 4159 2671 4242 protinus
2728 4160 3090 4241 depulerint,
3125 4172 3184 4226 et
3223 4170 3476 4232 naturali
3536 4159 3655 4236 ilu-

2010 4253 2189 4314 xione
2219 4252 2610 4331 lacrymarum
2643 4269 2764 4311 usae
2796 4254 3012 4312 iuerint
3041 4271 3172 4313 cum
3206 4256 3522 4338 voluptate.
3557 4262 3658 4327 Sic

271 4343 657 4418 σκευάσαντος,
703 4349 780 4416 τῷ
834 4344 998 4422 ἰατρῷ
1050 4365 1108 4400 τε
1151 4353 1242 4402 τοῦ
1299 4345 1546 4420 σώματος
1603 4343 1921 4422 παραδόντος

2013 4359 2162 4422 puer
2211 4359 2328 4403 non
2367 4341 2578 4431 solum
2640 4345 2878 4400 curatur
2899 4357 2947 4431 _a
3004 4341 3156 4403 malo
3208 4343 3504 4431 daemone,
3545 4354 3655 4415 sed

270 4426 364 4480 καὶ
408 4424 586 4502 ἰατρὸν
632 4426 871 4502 γενέσθαι
916 4427 1002 4481 καὶ
1058 4430 1156 4502 τῆς
1215 4426 1399 4505 ψυχῆς
1475 4423 1921 4490 καταξιώσαντος·

2014 4431 2191 4493 etiam
2220 4430 2504 4492 continuo
2549 4437 2815 4492 armatur
2842 4429 3127 4493 adversus
3158 4423 3653 4515 daemones,'cum

272 4513 331 4580 ὃς
378 4511 476 4569 καί
497 4491 508 4502 ’
533 4491 772 4592 καθαρῶς
820 4519 897 4588 τῷ
929 4491 1140 4592 καθαρῷ
1199 4491 1463 4593 πρόόῆλθε
1521 4513 1618 4580 τῆν
1670 4522 1761 4572 τοῦ
1817 4516 1921 4592 βίον

2014 4528 2182 4602 pater
2215 4527 2346 4600 post
2375 4518 2736 4582 curationem
2786 4537 2920 4581 cum
2953 4521 3080 4583 Deo
3130 4491 3563 4605 consecrasset,
3600 4539 3660 4594 et

274 4609 451 4661 πᾶσαν
509 4601 786 4660 ἂπολιπὼν
818 4603 1179 4679 ματαιότητα.
1232 4602 1331 4661 ’Ἐν
1381 4603 1478 4678 μὲν
1532 4601 1596 4670 δὴ
1627 4611 1781 4662 τοῦτο
1835 4605 1921 4662 καὶ

2012 4601 2489 4670 utmonasticum
2513 4607 2794 4670 amictum
2832 4617 2890 4672 et
2917 4608 3095 4673 vitam
3133 4614 3491 4696 susciperet,
3520 4601 3660 4685 elle-

273 4692 442 4755 οῦτως
475 4690 627 4772 ἔχονθ’
660 4690 875 4772 ὕστερον
908 4690 962 4748 δὲ
992 4693 1180 4749 τούτου
1209 4689 1450 4769 οὐδαμῶς
1482 4690 1726 4756 ἔλαττον.

2014 4699 2210 4760 cisset.
2251 4706 2308 4758 et
2336 4696 2570 4758 medico
2600 4698 2872 4776 corporis
2902 4717 3038 4761 eum
3074 4689 3438 4784 tradidisset,
3473 4689 3531 4771 et
3562 4728 3658 4772 ro.

274 4789 480 4865 gasset
537 4790 600 4844 ut
630 4791 790 4846 esset
836 4783 1023 4872 etiam
1056 4783 1326 4846 medicus
1377 4783 1591 4846 animai
1623 4805 1638 4865 ;
1674 4785 1779 4866 qui
1813 4787 1993 4850 etiam
2051 4808 2234 4870 purus
2267 4789 2339 4850 ad
2395 4807 2607 4869 purum
2662 4791 2934 4872 accessit,
2964 4801 3125 4856 omni
3157 4798 3474 4862 mundanae
3533 4803 3663 4868 vitae

276 4873 492 4936 relicta
519 4871 797 4935 vanitate.
828 4871 954 4936 Hoc
991 4875 1232 4955 quidem
1263 4872 1374 4934 fuit
1401 4891 1583 4935 unum
1618 4874 1914 4954 ejusmodi
1953 4898 1970 4956 ;

366 4967 481 5032 16’.
535 4970 687 5048 Κύρῳ
713 4971 815 5027 τινὶ
870 4971 1100 5050 ὑπάρχῳ
1128 4969 1224 5047 μὲν
1267 4969 1511 5048 γεγονότι
1554 4969 1934 5050 ’τὸ-πρότερον,

2003 4879 2256 4942 alterum
2289 4889 2488 4940 autem
2521 4897 2590 4940 eo
2622 4897 2740 4940 non
2769 4878 3043 4945 inferius.

2103 4971 2262 5037 ΧΙΧ.
2310 4971 2561 5035 Cuidam
2594 4971 2770 5052 Cyro,
2805 4973 2906 5066 qui
2936 4977 3100 5066 prius
3126 4980 3368 5058 quidem
3402 4983 3513 5046 fuit
3537 5005 3662 5066 pra:

280 5057 502 5137 ὕστερον
556 5057 611 5114 δὲ
641 5060 731 5115 καὶ
783 5058 969 5136 θρόνου
1019 5059 1314 5127 ἐπισκοπῆς
1372 5058 1634 5133 ἐπιϐάντι,
1672 5061 1728 5116 τὸ
1759 5059 1812 5116 ἐν
1870 5069 1921 5139 τῇ

2021 5071 2352 5142 ses,postea
2381 5070 2578 5123 autem
2602 5064 2871 5124 ascendit
2891 5064 3068 5126 etiam
3101 5057 3174 5128 ad
3197 5069 3402 5133 sedem
3435 5057 3663 5154 episco-

281 5149 486 5228 Φρυγίᾳ
541 5149 824 5208 Κοτυάειον
855 5148 985 5217 οῧτη
1043 5149 1132 5229 ἧν,
1166 5149 1253 5205 καὶ
1302 5147 1499 5216 ταύτης
1551 5148 1797 5205 ὶκστάντι
1855 5148 1921 5207 δια

2021 5154 2210 5239 palem
2235 5156 2480 5239 civitatis
2502 5157 2558 5212 iu
2584 5155 2952 5228 Phrygia,cui
2974 5171 3180 5218 nomen
3203 5171 3324 5221 erat
3343 5147 3660 5239 Cotvaium.

281 5259 402 5293 τινα
461 5235 580 5293 κατ’
612 5239 771 5295 αὐτοῦ
826 5239 1140 5306 κινηθεῖσαν
1193 5233 1472 5315 διαϐολὴν,
1517 5237 1792 5316 θυγάτριον
1843 5239 1935 5319 ῆν,

285 5323 627 5405 ’Δλεξανδρία
687 5327 856 5403 ταύτῃ
914 5329 974 5383 τὸ
1026 5325 1216 5403 ὄνομα.
1274 5323 1418 5392 Αὕτη
1472 5332 1548 5400 τῷ
1602 5326 1841 5405 προτέρῳ
1873 5330 1937 5384 τὰ

283 5414 447 5492 ὅμοια
501 5414 801 5492 ἐπεπόνθει,
847 5419 937 5474 καὶ
979 5418 1082 5473 ὑπὸ
1138 5414 1383 5491 δαίμονος
1427 5413 1671 5495 ὠχλεϊτο
1727 5414 1932 5481 δεινῶς,

286 5497 350 5564 Ὀ
403 5507 490 5564 οὗν
519 5506 715 5574 ταύτης
766 5508 942 5586 πατὴρ
987 5509 1078 5564 τὸν
1110 5504 1255 5563 ὅσιον
1305 5503 1399 5561 ἐπὶ
1457 5512 1576 5562 νοῦν
1605 5503 1783 5563 λαϐὼν
1821 5505 1936 5586 ἄγει

287 5598 420 5680 πρὸς
480 5599 639 5656 αὐτὸν
696 5600 794 5668 τὴν
857 5595 1028 5655 παῖδα
1085 5601 1156 5675 τῇ
1226 5599 1426 5676 φυσικῇ
1481 5599 1682 5675 στοργῇ
1736 5596 1938 5678 θέρμην

2021 5247 2080 5301 et
2133 5238 2205 5301 ab
2237 5238 2338 5330 illo
2401 5249 2607 5320 postea
2657 5239 3011 5330 discesserat
3055 5253 3298 5326 propter
3345 5238 3662 5330 quamdam

2019 5337 2218 5392 notam
2243 5329 2527 5391 adversus
2547 5348 2681 5392 eum
2707 5329 3091 5408 calumniam,
3121 5345 3248 5396 erat
3270 5329 3388 5400 ﬁlia
3419 5343 3665 5408 nomine

2018 5418 2402 5511 Alexandria.
2429 5419 2525 5511 iEa
2550 5420 2760 5482 eodem
2791 5421 2965 5483 modo
2999 5432 3125 5486 erat
3152 5425 3385 5501 ail‘ecta,
3413 5449 3530 5511 quo
3560 5432 3662 5497 ille

2020 5527 2198 5590 quem
2227 5509 2389 5590 prius
2409 5510 2756 5585 diximus,et
2776 5512 3030 5588 graviter
3046 5514 3366 5578 vexabatur
3380 5537 3414 5580 a
3431 5509 3662 5585 ‘daamoo

2021 5616 2124 5663 ne.
2173 5597 2318 5682 Ejus
2349 5617 2488 5682 ergo
2540 5609 2731 5684 pater,
2766 5620 2902 5667 cum
2940 5611 3182 5668 sanctus
3209 5605 3267 5670 ei
3309 5607 3570 5678 venisset
3599 5614 3663 5685 in
