4048 6136
205 216 329 285 997

1337 214 1521 283 VITA
1568 214 1628 284 S.
1676 210 2039 284 DANIELIS
2081 208 2451 282 STYLITE.
2526 214 2529 215 ⁷

3463 216 3580 285 998

206 376 268 411 τε
315 355 472 411 αὐτὸν
496 362 592 412 τοῦ
641 360 740 430 μὲν
790 355 962 419 κίονος
990 353 1290 427 κατελθεῖν,
1337 359 1587 432 φοιτῆσαι
1618 351 1672 410 δὲ
1724 354 1879 431 πρὸςι

1964 370 2151 429 'ogans
2174 351 2469 432 ipsum,ut
2500 350 2572 411 de
2597 350 2871 412 columna
2898 349 3136 430 quidem
3160 351 3577 431 descenderet,

205 445 336 509 τοὺς
393 444 554 512 αὐτῆς
612 445 830 520 τόπους,
861 446 948 501 καὶ
1005 445 1219 506 τούτους
1275 444 1510 509 οἰκῆσαι,
1563 441 1757 500 Πολλοὶ
1812 442 1866 497 δὲ

214 556 338 613 μοι,
372 532 574 611 ἔλεγεν,
634 534 799 606 οὗτοι,
830 536 917 590 καὶ
968 531 1079 606 ἅμα
1132 533 1230 607 μὲν
1287 534 1513 611 ἡσυχίας
1557 530 1720 611 φίλοι,
1755 530 1866 605 ἅμα

207 622 268 679 δὲ
329 625 417 679 καὶ
467 623 796 700 παραμυθίαν
857 620 1027 688 ἄλλην
1087 621 1288 700 ὀρέγειν
1340 620 1636 696 δυνάμενοι.
1698 620 1757 679 Ὀ
1808 618 1865 675 δὲ

205 718 317 780 τῆς
363 713 566 789 ἀγαθῆς
615 714 778 779 αὖτην
840 710 1061 788 γνώμης
1095 709 1495 790 ἀποδεχόμενος
1550 713 1643 768 οὒκ
1696 709 1863 787 ἔκρινε

212 799 577 879 μεταϐαίνειν,
624 799 743 856 ἀλλ’
796 801 1012 856 ἐνταῦθα
1071 799 1135 868 δὴ
1183 797 1546 878 διακαρτερεῖν
1602 797 1721 855 ἔνθα
1778 798 1867 854 καὶ

211 891 362 969 παρὰ
424 896 648 968 Χριστοῦ
704 890 999 968 πεφύτευτο
1067 894 1136 966 τῇ
1205 889 1368 968 ἀρετῇ
1429 888 1713 967 ῥιζοῦσθαι,
1782 888 1867 943 καὶ

209 983 313 1036 τὸν
364 981 565 1058 καρπὸν
626 976 823 1035 διδόναι
893 980 1030 1035 κατὰ
1100 980 1280 1057 καιρὸν
1336 979 1428 1034 τὸν
1503 979 1862 1054 προσήκοντα.

215 1078 260 1125 Τ
306 1075 325 1085 ὐ
524 1071 538 1088 \
719 1074 741 1083 υ
777 1067 792 1089 9
864 1066 875 1087 1
1100 1070 1106 1080 ⁵
1331 1066 1343 1083 \
1437 1065 1449 1083 τ
1571 1066 1583 1085 Ι
1743 1065 1757 1084 9
1806 1063 1821 1081 \

266 1090 396 1124 αυτα
454 1090 541 1124 και
597 1070 774 1124 τοιαυθ
849 1067 1002 1144 ἕτερα
1053 1065 1204 1131 λεξας
1260 1087 1347 1121 και
1404 1063 1645 1143 ευλογιας
1704 1085 1867 1130 αυτην

214 1156 450 1222 ἀξιώσας
481 1155 769 1231 ἐκπέμπει.
819 1157 926 1213 Καί
966 1156 1087 1211 τότε
1145 1152 1210 1223 δὴ
1238 1156 1369 1232 πρὸς
1425 1155 1516 1210 τὸν
1546 1161 1640 1211 τοῦ
1694 1150 1866 1209 Γελα-

212 1246 338 1304 σίου
389 1245 537 1302 κίονα
567 1243 897 1323 μεταϐαίνει,
930 1245 1017 1300 καὶ
1066 1242 1179 1319 ἅμα
1231 1244 1309 1318 τῷ
1364 1241 1561 1316 στόλῳ,
1593 1240 1867 1317 ὑψηλότε-

212 1357 315 1412 ρος
373 1335 473 1413 γὰρ
513 1333 600 1402 ἦν,
637 1334 733 1390 καὶ
788 1336 931 1393 αὐτῶ
980 1334 1047 1389 τὰ
1098 1337 1197 1399 τῆς
1228 1332 1421 1410 ἀρετῆς
1479 1328 1737 1403 ἒπεδίδου,
1782 1331 1870 1385 καὶ

215 1422 499 1487 πολιτείας
554 1421 886 1500 ὑψηλοτέρας
944 1418 1364 1497 ἐπελαμϐάνετο.
1419 1423 1528 1478 Οὐκ
1584 1417 1775 1493 ἔμελλε
1818 1416 1874 1473 δὲ

218 1514 327 1590 ἄρα
410 1511 526 1569 οὔτε
608 1516 682 1584 τῷ
757 1508 987 1585 διαϐόλῳ
1056 1510 1172 1568 οὔτε
1247 1523 1364 1574 τοῖς
1423 1510 1621 1571 ἐκείνου
1688 1506 1873 1563 ἐνεκτὰ

1948 442 2020 503 ad
2051 459 2158 503 sua
2192 459 2324 502 vero
2355 440 2486 501 loca
2543 439 2790 511 veniret.
2849 448 2908 500 et
2962 458 3032 500 ea
3061 439 3375 506 habitaret.
3430 446 3582 505 Sunt

1947 538 2167 605 autem,
2204 530 2439 591 dicebat
2469 546 2558 603 ea,
2596 528 2742 590 mihi
2799 528 3005 605 multa,
3038 542 3099 590 et
3129 528 3307 591 simul
3337 532 3579 612 quidem

1946 619 2138 681 amica
2160 618 2493 692 silentio,et
2521 636 2654 698 quae
2684 623 2910 696 possint
2938 618 3112 680 aliam
3143 619 3420 698 praebere
3449 640 3587 683 con-

1946 711 2306 769 solationem.
2341 709 2436 765 llle
2460 725 2594 767 vero
2618 710 2825 766 bonam
2850 711 2973 781 eius
3015 720 3262 769 mentem
3297 713 3589 783 accipiens

1950 803 2008 856 et
2035 794 2516 868 laudans,statuit
2536 813 2653 856 non
2686 794 3127 874 transmigrare,
3152 796 3257 858 sed
3280 795 3342 857 in
3364 816 3434 859 eo
3456 798 3587 861 loco

1951 901 2357 964 perseverare,
2394 882 2456 945 in
2503 902 2619 964 quo
2653 883 2845 946 fuerat
2869 902 2904 945 a
2933 884 3170 946 Christo
3204 886 3592 966 plantatus,et

1952 973 2179 1034 virtutis
2199 973 2431 1034 radices
2452 972 2513 1034 in
2539 991 2608 1034 eo
2630 991 2830 1050 agere,
2865 983 2917 1036 et
2942 973 3199 1036 fructum
3218 976 3587 1038 convenien-

1951 1070 2067 1125 tem
2103 1063 2247 1123 dare
2276 1081 2386 1125 suo
2422 1065 2864 1143 tempore.Cum
2901 1064 3024 1125 haec
3054 1072 3112 1126 et
3171 1065 3290 1127 alia
3339 1067 3593 1129 dixisset

1950 1156 2253 1228 ejusmodi,
2285 1167 2339 1214 et
2362 1157 2758 1215 benedictione
2785 1171 2906 1214 eam
2940 1159 3326 1227 impertiisset,
3360 1162 3586 1217 emittit.

1951 1241 2119 1304 Tunc
2141 1251 2336 1303 autem
2362 1242 2569 1305 transit
2588 1243 2661 1304 ad
2685 1245 3021 1304 columnam
3045 1244 3286 1319 Gelasii,
3326 1253 3384 1308 et
3412 1246 3591 1308 simul

1953 1346 2080 1390 cum
2102 1332 2367 1390 columna
2391 1338 2536 1405 (erat
2558 1338 2712 1391 enim
2755 1335 3058 1404 excelsior)
3079 1337 3127 1393 ei
3161 1351 3389 1408 quoque
3424 1347 3591 1395 aucta

1954 1425 2041 1478 est
2060 1417 2250 1478 virtus
2272 1438 2288 1493 ;
2310 1427 2367 1479 et
2388 1419 2514 1481 vitm
2535 1419 2867 1480 institutum
2908 1437 3220 1499 aggressus
3271 1430 3360 1482 est
3389 1424 3592 1484 excel-

1955 1509 2221 1566 sius.Non
2254 1519 2416 1568 erant
2445 1520 2632 1568 autem
2665 1512 2850 1569 futura
2887 1513 3007 1569 haec
3036 1513 3382 1584 tolerabilia,
3406 1530 3594 1588 neque

212 1609 387 1660 ταῦτα
448 1601 614 1658 εἶναι.
672 1601 771 1655 Διά
820 1621 903 1656 τοι
956 1606 1120 1656 ταῦτα
1177 1601 1333 1665 αὗτὸς
1387 1600 1484 1674 μὲν
1542 1601 1785 1677 ὑπῆρχεν
1841 1598 1868 1652 ὁ

1964 1590 2215 1673 diabolo,
2250 1612 2443 1675 neque
2473 1593 2634 1656 illius
2662 1595 2928 1657 asseclis.
2948 1598 3267 1677 PrOpterea
3297 1597 3425 1678 ipse
3453 1598 3590 1680 qui—

211 1692 446 1767 κάμινον
493 1691 636 1764 αὐτῷ
678 1688 837 1746 πάλιν
894 1692 1002 1749 τῶν
1054 1694 1367 1766 πειρασμῶν
1417 1687 1691 1763 ἀνάπτων,
1743 1685 1866 1742 ἐκέ-

1964 1682 2088 1744 dem
2124 1685 2177 1744 ei
2235 1701 2445 1745 rursus
2501 1683 2775 1746 accendit
2820 1675 3119 1748 fornacem
3155 1675 3592 1767 tentationum;

215 1800 401 1861 χρητο
443 1777 496 1834 δὲ
553 1792 672 1843 τοῖς
727 1777 783 1834 ἐν
856 1777 1118 1851 Βυζαντίῳ
1193 1784 1296 1834 τῶν
1359 1778 1637 1855 αἱρετικῶν
1688 1777 1871 1832 παισὶν

214 1868 534 1947 ὑπηρέταις.
568 1866 725 1925 Οὗτοι
776 1867 990 1944 γύναιόν
1034 1889 1084 1922 τι
1142 1874 1246 1924 τῶν
1305 1865 1712 1944 ἐταιριζομένων
1757 1886 1867 1920 πα-

218 1954 543 2038 ραλαϐόντες
587 1960 624 2034 ᾗ
667 1958 730 2012 τὸ
771 1957 868 2032 μὲν
929 1955 1082 2034 γένος
1135 1955 1314 2036 Ἀσία,
1382 1954 1653 2012 πλεύσασα
1698 1951 1752 2008 δὲ
1796 1954 1870 2016 είς

225 2048 510 2119 Βυζάντιον
537 2089 554 2120 ,
610 2047 871 2124 φορισμὸν
949 2045 1110 2121 ἑαυτῇ
1173 2050 1315 2125 φεῦί
1370 2045 1476 2101 ἀπὸ
1533 2045 1625 2100 τοῦ
1680 2043 1871 2100 οἰκείου

222 2138 478 2211 σώματος
507 2135 741 2213 πονηρόν
784 2134 1047 2194 ἐποιεῖτο.
1111 2136 1319 2202 Ταύτην
1376 2132 1554 2212 λόγοις
1590 2130 1865 2200 ἐξαπατὰ-

220 2247 413 2288 σαντες
472 2227 560 2281 καὶ
603 2223 781 2303 ὅρκοις
830 2226 1101 2285 πείσαντες
1133 2227 1222 2280 καὶ
1273 2227 1572 2303 χρημάτων
1627 2224 1869 2298 ἒπαγγε-

221 2316 313 2389 λίᾳ
361 2314 494 2381 ὃλην
546 2315 677 2391 πρὸς
720 2311 850 2390 ὅπερ
890 2310 1181 2379 ἠϐούλοντο
1232 2314 1698 2390 παρορμήσαντες,
1758 2330 1866 2365 πα-

221 2404 605 2484 ρασκευάζουσι
660 2404 794 2480 πρὸς
849 2404 940 2459 τὸν
996 2402 1145 2480 ἅγιον
1194 2400 1469 2479 ἀπελθεῖν,
1500 2401 1588 2457 καὶ
1616 2399 1652 2467 ἢ
1682 2398 1865 2469 ἐκείνῳ

222 2495 262 2563 ἢ
320 2492 399 2550 ἐνί
445 2513 507 2571 γε
544 2498 651 2548 τῶν
708 2492 867 2548 αὐτοῦ
921 2495 1173 2567 μαθητῶν
1227 2490 1397 2567 ἔρωτα
1452 2491 1724 2566 ἐνσπεῖραι
1777 2490 1865 2543 καὶ

224 2583 364 2662 πρός
418 2581 694 2656 ἒπιθδμίαν
765 2579 960 2638 ἄτοπον
1018 2580 1420 2637 ἐκκαλέσασθαι.
1484 2577 1690 2635 νΛνεισι
1751 2599 1865 2634 τοι·

226 2672 426 2750 γαροόν
482 2671 518 2737 ἡ
562 2667 856 2733 ἀκόλαστος
911 2671 1044 2746 πρὸς
1099 2670 1191 2725 τὸν
1255 2669 1521 2748 σώφρονα,
1584 2669 1714 2745 πρὸς
1767 2665 1864 2732 τὴν

220 2760 457 2839 καθαρὰν
515 2759 698 2837 ψυχὴν
756 2760 790 2826 ἡ
836 2758 1128 2830 ἀκάθαρτος
1185 2756 1488 2814 ἀκολούθων
1514 2757 1713 2822 πλῆθος
1743 2755 1869 2811 ἐπα-

222 2847 458 2927 γομένη,
490 2848 825 2927 φαντάσμασί
863 2867 921 2903 τε
956 2848 1042 2902 καὶ
1087 2849 1335 2926 σχήμασι
1386 2843 1661 2923 βδελυροῖς
1710 2866 1867 2923 χρω-

230 2938 371 3013 μένη
424 2938 511 2992 καὶ
557 2936 793 3015 χρυσίων
876 2933 1156 3014 περιϐολῇ,
1229 2937 1316 2991 καὶ
1402 2935 1637 3008 κοσμίων
1692 2932 1869 2989 ἄλλων

1954 1790 2093 1833 usus
2117 1782 2204 1833 est
2231 1788 2370 1834 vero
2396 1773 2681 1835 ministris
2702 1774 3019 1854 haereticis,
3048 1777 3150 1855 qui
3179 1784 3353 1837 erant
3372 1781 3597 1858 Byzan—

1954 1861 2043 1922 tii.
2076 1860 2175 1922 Isti
2210 1881 2345 1923 cum
2378 1863 2693 1943 quamdam
2728 1864 3128 1944 sumpsissent
3183 1866 3494 1929 mulierem
3529 1887 3599 1931 ex

1955 1950 2548 2033 meretricibus,quze
2579 1961 2708 2015 erat
2738 1953 2982 2033 quidem
3015 1972 3236 2032 genere
3268 1956 3512 2037 Asiana,
3545 1957 3601 2018 ei

1953 2049 2149 2107 autem
2177 2048 2302 2101 erat
2334 2059 2553 2102 nomen
2585 2043 2868 2104 Bassiana
2898 2065 2913 2120 ;
2941 2062 3074 2105 cum
3101 2044 3426 2125 navigasset
3456 2063 3600 2107 vero

1952 2127 2319 2210 Byzantium,
2354 2129 2719 2210 improbum,
2753 2133 2902 2210 proh
2936 2131 3108 2193 dolor
3137 2132 3149 2194 !
3186 2141 3472 2214 quaestum
3503 2135 3593 2196 fa-

1952 2217 2146 2279 ciebat
2167 2236 2275 2279 suo
2297 2217 2722 2297 corpore.Eam
2750 2239 2884 2280 cum
2913 2219 3110 2281 verbis
3132 2222 3578 2301 decepissent,e

1953 2307 2246 2387 promissa
2279 2308 2744 2386 pecunia,totam
2771 2308 2841 2369 ad
2866 2308 2925 2370 id
2952 2309 3105 2390 quod
3135 2310 3593 2390 volebant,inci-

1946 2404 2191 2469 lassent,
2229 2395 2492 2458 efﬁciunt
2521 2406 2580 2458 nl
2610 2396 2780 2459 vadat
2807 2397 2881 2458 ad
2942 2406 3237 2478 sanctum,
3290 2407 3348 2460 et
3377 2400 3468 2461 vel
3506 2400 3585 2461 il-

1945 2485 2092 2558 lum,
2127 2487 2215 2547 vel
2249 2503 2435 2547 unum
2467 2505 2536 2548 ex
2575 2487 2698 2548 suis
2727 2487 3060 2567 discipulis,
3095 2487 3168 2547 ad
3220 2505 3485 2550 amorem
3526 2489 3599 2551 il-

1948 2573 2128 2641 liciat.
2163 2585 2222 2635 et
2251 2574 2322 2635 ad
2356 2574 2568 2636 fmdam
2617 2584 2893 2655 provocet
2940 2575 3278 2639 libidinem.
3314 2578 3589 2639 Proﬁcis-

1949 2664 2103 2725 citur
2133 2680 2271 2741 ergo
2300 2664 2606 2745 impudica
2644 2663 2717 2725 ad
2775 2665 3083 2742 pudicum,
3130 2666 3363 2745 impura
3398 2667 3597 2729 anima

1948 2751 2024 2814 ad
2058 2752 2361 2823 mundam,
2391 2754 2675 2814 comitum
2726 2771 2931 2815 secum
2983 2754 3210 2815 ducens
3262 2755 3596 2818 multitudi-

1950 2858 2114 2918 nem,
2148 2841 2463 2920 splendida
2492 2852 2732 2905 externa
2764 2852 2936 2906 utens
2967 2846 3194 2923 Specie,
3236 2852 3294 2905 et
3323 2842 3601 2906 libidino-

1953 2930 2036 2992 sis
2067 2929 2351 3008 gestibus,
2383 2950 2688 3012 aureaque
2721 2931 2943 2993 amictu
3003 2940 3062 2993 et
3114 2931 3231 2993 alio
3285 2932 3605 2996 intertexto

229 3024 524 3101 ὶπιπλοκῇ,
578 3024 826 3080 κλέπτειν
897 3025 1137 3090 οἰηθεῖσι
1199 3026 1289 3080 καὶ
1346 3021 1606 3093 δελεάζειν
1667 3020 1865 3100 ὀφθαλ-

1964 3029 2189 3099 ornatu,
2226 3020 2507 3082 arbitrata
2562 3039 2626 3082 se
2681 3022 3026 3084 allecturam
3088 3033 3147 3082 et
3203 3021 3601 3085 inescaturam

236 3116 372 3191 μοὺς
439 3114 688 3188 ὶκείνους,
738 3111 884 3172 οὐδὲν
935 3115 1243 3191 πρόσγειον,
1307 3111 1455 3169 οὐδὲν
1526 3117 1632 3169 τῶν
1685 3110 1879 3167 ὑλικῶν

233 3204 642 3281 ἀγαπήσαντας.
709 3202 1081 3280 Παραμείνασα
1148 3199 1202 3257 δέ
1266 3224 1364 3258 τινι
1426 3208 1532 3258 τῶν
1592 3201 1769 3278 ἀγρῶν
1826 3200 1882 3265 ὃς

234 3314 329 3350 του
370 3313 428 3348 τε
479 3292 652 3356 κίονος
696 3290 763 3359 ἦν
815 3291 1030 3369 ἀντικρὺ
1073 3292 1160 3347 καὶ
1205 3296 1302 3357 τῆς
1359 3288 1590 3370 μάνδρας
1650 3296 1755 3348 τῶν
1787 3286 1882 3344 λο-

230 3384 405 3461 γικῶν
462 3380 782 3457 θρεμμάτων
810 3386 918 3436 τῶν
960 3387 1053 3436 τοῦ
1083 3379 1247 3436 καλοῦ
1278 3378 1423 3437 τοῦδε
1460 3378 1714 3449 ποιμένος
1768 3389 1879 3434 Δα-

238 3470 394 3549 νιὴλ,
450 3472 537 3526 καὶ
596 3490 969 3544 προσεποιειτο
1031 3485 1236 3549 νοσενν,
1295 3469 1370 3525 ἵν’
1441 3471 1484 3525 εἰ
1541 3467 1757 3525 δυνατὸν
1786 3467 1880 3522 καί

244 3560 394 3633 αἰ)τῷ
448 3559 544 3633 μὲν
604 3566 680 3632 τῷ
748 3559 883 3636 ἁγίῳ
941 3562 1184 3638 ψυχικῆς
1231 3557 1518 3635 ἀρῤωστίας
1588 3558 1727 3614 αἰτία
1784 3556 1883 3635 γέ-

245 3669 393 3705 νοιτο
426 3662 440 3677 ⁸
474 3649 518 3703 εί
559 3645 604 3703 δ’
634 3648 746 3723 οὖν,
793 3660 911 3711 τοῖς
942 3668 1003 3725 γε
1034 3650 1306 3723 μαθηταῖς
1338 3647 1536 3704 ἐκείνου
1578 3646 1679 3714 τὴν
1712 3646 1885 3721 λύμην

242 3736 416 3804 ἐνθείη
426 3781 439 3796 .

330 3824 460 3889 ΚΓ’.
509 3817 602 3891 Ὠς
644 3825 700 3882 δὲ
743 3824 828 3883 ἐπὶ
870 3825 1037 3884 πολὺν
1070 3827 1265 3906 χρόνον
1313 3824 1688 3905 παραμεινάσῃ
1746 3823 1886 3880 ἅπαν

240 3917 379 3993 αὐτῇ
419 3917 482 3972 τὸ
525 3915 760 3995 σόφισμα
804 3916 1031 3991 μάταιον
1090 3915 1183 3991 ἧν,
1234 3915 1558 3993 κατέρχεται
1613 3915 1710 3989 μὲν
1758 3913 1886 3992 πρὸς

241 4006 366 4069 τοὺς
424 4004 867 4084 ἀποστείλαντας,
902 4003 1047 4083 λέγει
1086 4003 1142 4060 δὲ
1164 4006 1199 4072 ἠ
1231 4004 1621 4076 κατάπτυττος,
1656 4004 1742 4059 καὶ
1786 4024 1886 4058 κα-

243 4090 562 4168 ταψεύδεται
593 4103 686 4152 τοῦ
709 4094 887 4173 ἁγίου,
919 4092 953 4148 ἂ
984 4094 1083 4169 μὲν
1124 4095 1256 4168 μήτι
1286 4115 1347 4171 γε
1388 4092 1466 4167 τῷ
1499 4091 1722 4169 μεγάλῳ
1750 4091 1890 4148 ἐγεί-

246 4206 324 4255 νιρ
367 4182 455 4238 ἐπὶ
496 4187 614 4238 νοῦν
656 4181 786 4248 ἦλθε
845 4190 1020 4255 (τοῦτο
1053 4183 1152 4261 γὰρ
1200 4185 1228 4239 ὁ
1258 4179 1455 4261 σφόδρα
1482 4186 1588 4236 τῶν
1617 4180 1891 4259 λογισμῶν

248 4270 589 4346 ἐκκρουσθεὶς
636 4270 986 4344 ἐπίστευσεν),
1045 4269 1166 4327 ἀλλ’
1223 4269 1340 4327 0"st
1391 4274 1497 4327 τῶν
1526 4270 1728 4328 ἐκείνου
1769 4292 1891 4350 φοι-

1966 3108 2100 3170 illos
2121 3110 2347 3182 oculos,
2386 3110 2484 3191 qui
2531 3109 2678 3171 nihil
2714 3119 3041 3184 terrenum,
3080 3108 3223 3172 nihil
3255 3128 3327 3172 ex
3359 3113 3607 3174 materia

1967 3205 2311 3260 concretum
2345 3199 2705 3262 dilexerunt.
2742 3199 2988 3261 Manens
3027 3209 3225 3261 autem
3259 3200 3319 3261 in
3351 3201 3607 3283 quodam

1964 3305 2128 3367 agro,
2163 3290 2264 3367 qui
2293 3298 2418 3349 erat
2447 3306 2517 3349 ex
2562 3289 2810 3349 adverso
2866 3288 3183 3369 columnae,
3234 3298 3293 3350 et
3346 3290 3609 3353 mandrae

1963 3376 2208 3438 rationis
2239 3386 2574 3458 compotum
2610 3396 2889 3457 pecorum
2938 3378 3115 3458 hujus
3148 3378 3368 3457 egregii
3404 3387 3606 3458 pasto-

1965 3466 2049 3528 ris
2096 3466 2375 3541 Danielis,
2410 3466 2724 3529 simulabat
2774 3486 2839 3529 se
2888 3476 3215 3545 aegrotare;
3257 3477 3342 3541 ut,
3395 3468 3445 3529 si
3477 3469 3608 3529 ﬁeri

1967 3564 2187 3635 posset,
2221 3557 2313 3617 vel
2344 3557 2453 3636 ipsi
2486 3556 2727 3636 quidem
2761 3565 2966 3617 sancto
2995 3555 3396 3635 aegrotationis
3426 3556 3608 3617 animi

1968 3660 2146 3703 causa
2175 3652 2377 3715 esset;
2409 3646 2499 3705 sin
2533 3644 2753 3720 minus,
2815 3642 2980 3704 illius
3032 3644 3241 3707 saltem
3301 3640 3609 3725 discipulis

1966 3730 2207 3791 aﬂ‘erret
2236 3730 2589 3811 perniciem.

2046 3816 2247 3881 XXIII.
2275 3819 2422 3881 Cum
2482 3828 2678 3882 autem
2726 3828 3044 3900 postquam
3105 3820 3281 3900 longo
3340 3829 3610 3903 tempore

1969 3907 2489 3988 mansisset,inane
2517 3917 2574 3970 et
2604 3910 2844 3972 irritum
2872 3918 3000 3972 erat
3025 3909 3303 3971 callidum
3326 3911 3454 3991 ejus
3483 3929 3608 3973 coe-

1972 4000 2471 4073 ptum,descendit
2501 4003 2731 4074 quidem
2757 4002 2828 4059 ad
2858 4005 3082 4075 eos,qui
3124 4005 3438 4075 miserant;
3471 4005 3613 4061 dicit

1974 4103 2116 4150 vero
2145 4086 2530 4164 exsecranda,
2565 4097 2624 4149 et
2679 4106 2751 4149 ea
2803 4088 3087 4150 mentitur
3115 4088 3191 4152 de
3219 4096 3447 4164 sancto,
3481 4108 3614 4171 qum

1975 4196 2094 4238 non
2128 4177 2318 4237 solum
2357 4194 2564 4256 magno
2597 4176 2682 4238 illi
2717 4195 3018 4257 nunquam
3052 4178 3111 4238 in
3141 4186 3401 4240 mentem
3440 4197 3614 4241 vene-

1974 4275 2114 4329 runt
2148 4265 2285 4335 (hoc
2339 4268 2497 4327 enim
2533 4284 2609 4328 ne
2661 4269 2763 4343 qui
2812 4265 2983 4328 valde
3030 4264 3271 4347 quidem
3323 4284 3358 4328 a
3416 4277 3613 4330 mente

249 4359 434 4427 τητῶν
490 4359 681 4434 οὐδενὶ,
716 4358 916 4418 πολλοῦ
950 4380 1012 4438 γε
1051 4357 1156 4421 δεῖ.
1205 4360 1280 4417 Τὰ
1308 4357 1362 4414 δὲ
1392 4355 1457 4426 ἦν
1487 4360 1558 4423 ὡς
1587 4355 1765 4418 Ἐάλω
1794 4359 1879 4434 μὲι

1976 4356 2272 4446 discessit,
2301 4353 2667 4446 crediderit),
2699 4354 2818 4446 sed
2837 4374 2946 4417 nec
2979 4356 3085 4446 ulli
3113 4376 3184 4416 ex
3238 4356 3400 4419 illius
3429 4357 3615 4419 disci-

249 4447 371 4505 κατ’
416 4448 579 4529 ἄκρας
638 4449 769 4525 ἐμοῦ
815 4448 1038 4529 Δανιὴλ,
1073 4447 1285 4514 ἐδέξατο
1342 4446 1397 4503 δὲ
1427 4454 1495 4524 τῇ
1523 4451 1678 4527 ψυχῇ
1708 4449 1768 4504 τὸ
1796 4447 1893 4524 βέ-

253 4538 372 4613 λος,
430 4540 518 4595 καί
572 4537 727 4601 τέλος
781 4541 854 4602 ὡς
912 4536 1170 4616 ἐπέτρεψε
1201 4551 1321 4601 τοῖς
1368 4541 1638 4614 μαθηταῖς
1670 4537 1896 4617 ἀγαγεῖν

256 4647 327 4703 με
371 4625 456 4683 διὰ
509 4632 609 4693 τῆς
669 4627 931 4703 κλίμακος
990 4628 1119 4704 πρὸς
1177 4627 1334 4683 αὐτόν
1369 4645 1382 4660 ·
1447 4626 1576 4700 ἐμοῦ
1619 4624 1697 4701 δὲ,
1729 4630 1896 4702 φησι,

257 4717 340 4792 μὴ
397 4716 777 4797 ἀνασχομένης
840 4714 1221 4774 ἐϐουλεύσαντο
1258 4714 1465 4773 ἀνελεῖν
1511 4723 1604 4773 τοῦ
1632 4717 1731 4784 τὴν
1764 4717 1898 4773 ἀκο-

258 4805 449 4861 λασίαν
517 4808 718 4873 ταύτην
763 4804 948 4863 λαθεῖν
981 4827 995 4843 ο
1041 4806 1129 4861 καὶ
1188 4802 1298 4861 ἰδοὺ
1367 4804 1523 4881 μόλις
1563 4807 1659 4870 τὰς
1704 4818 1898 4886 χεῖρας

258 4897 432 4952 αὐτῶν
462 4891 783 4973 διαδράσασα
813 4900 883 4971 τῇ
914 4896 1056 4974 φυγῇ
1085 4892 1384 4968 σέσωσμαι.
1419 4893 1572 4951 Οὕτω
1613 4899 1712 4962 τῆς
1770 4916 1899 4971 μαι-

259 4979 415 5047 νάδος
446 4981 728 5061 εὒέλεγκτα
784 4979 1210 5061 διαψευδομένης
1260 4979 1495 5061 ἥρπαζον
1539 4982 1736 5040 ἐκεῖνοι
1779 4985 1900 5046 τοὺς

257 5071 454 5151 λόγους
510 5073 584 5137 ὡς
640 5070 1019 5139 ἀληθεστάτοις
1064 5070 1423 5151 προσέχοντες
1460 5089 1473 5104 ⁶
1522 5071 1556 5130 ἃ
1616 5073 1716 5152 γὰρ
1745 5070 1902 5130 ἐϐού-

258 5160 444 5236 λοντο,
503 5167 667 5219 ταῦτα
697 5163 787 5217 καὶ
827 5160 1004 5230 ἀληθῆ
1051 5161 1194 5219 εἶναι
1222 5158 1414 5244 ᾤοντο,
1443 5163 1532 5221 καὶ
1570 5174 1690 5227 τοῖς
1721 5161 1905 5227 ἄλλοις

259 5250 639 5327 παρέπεμπον,
694 5248 861 5308 Ἀλλὰ
912 5250 1012 5329 γὰρ
1056 5252 1085 5306 ὁ
1139 5249 1298 5314 αότὸς
1355 5251 1421 5318 ἦν
1456 5251 1720 5310 κάνταῦθα
1776 5254 1905 5318 Θεὸς

261 5339 357 5396 καὶ
410 5340 471 5396 τὸ
513 5344 614 5407 τῆς
668 5338 816 5407 δίκης
866 5336 1098 5419 ἄφυκτον
1146 5340 1235 5396 καὶ
1290 5338 1579 5408 ἀλάθητον,
1610 5342 1671 5399 Τί
1703 5341 1790 5399 οὖν
1820 5342 1905 5421 γί-

266 5449 439 5506 νεται²
502 5429 592 5486 καὶ
647 5430 760 5491 πῶς
816 5433 983 5485 ταῦτα
1037 5428 1404 5505 οίκοναμεῖται
1438 5449 1455 5507 ;
1491 5435 1702 5507 Πνεῦμα
1730 5451 1904 5499 πονηκ

268 5519 364 5605 ρὸν
393 5516 480 5575 ἐπὶ
508 5518 608 5588 τὴν
649 5515 859 5599 φαύλην
899 5518 990 5575 καὶ
1031 5513 1357 5599 ψευδολόγον
1410 5517 1557 5586 εὐθὺς
1614 5520 1907 5604 πέμπεται,

1977 4445 2158 4526 pulis,
2213 4443 2462 4506 multum
2494 4443 2737 4525 quidem
2769 4443 2958 4506 abest.
2992 4442 3132 4507 Haec
3160 4452 3361 4508 autem
3393 4453 3560 4508 erant
3594 4463 3608 4506 :

1978 4535 2096 4599 Mei
2120 4552 2346 4609 amore,
2380 4533 2816 4614 dicebat,valde
2838 4533 3087 4611 quidem
3118 4543 3325 4616 captus
3354 4545 3479 4598 erat
3508 4535 3618 4599 Da-

1978 4621 2101 4684 niel
2126 4644 2143 4693 ;
2172 4622 2374 4682 animo
2404 4638 2543 4683 vero
2570 4621 2750 4682 telum
2785 4632 3187 4705 acceperat,et
3216 4622 3454 4686 tandem
3477 4642 3612 4687 cum

1973 4712 2253 4793 iussisset
2282 4728 2423 4772 suos
2452 4711 2797 4791 discipulos,
2831 4720 2893 4773 ut
2923 4731 3020 4774 me
3049 4730 3285 4775 sursum
3316 4713 3390 4775 ad
3419 4714 3614 4795 ipsum

1983 4819 2090 4882 per
2118 4799 2309 4862 scalas
2340 4798 2734 4874 deducerent,
2768 4818 2875 4877 ego
2906 4809 3129 4882 autem,
3191 4801 3404 4883 inquit,
3449 4821 3620 4884 passa

1986 4909 2107 4952 non
2129 4907 2346 4964 essem,
2375 4906 2471 4950 me
2516 4888 2830 4950 occidendi
2861 4888 3177 4951 consilium
3211 4899 3523 4970 ceperunt,
3555 4901 3620 4952 ut

1983 4981 2112 5043 haec
2159 4979 2374 5040 lateret
2434 4977 2914 5058 intemperantia.
2971 4974 3043 5037 Et
3086 4994 3225 5044 ecce
3280 4977 3372 5040 vix
3407 4997 3621 5042 manus

1986 5086 2194 5133 eorum
2225 5066 2539 5146 eﬂ'ugiens,
2577 5065 2722 5126 mihi
2780 5067 2918 5145 fuga
2960 5066 3257 5128 consului.
3314 5067 3413 5131 Sic
3449 5088 3618 5132 men-

1989 5164 2175 5223 tiente
2206 5157 2491 5236 mrenade,
2554 5164 2614 5219 et
2669 5173 2741 5216 ea
2797 5155 3059 5234 dicente,
3123 5156 3249 5218 haec
3294 5157 3477 5220 verba
3535 5158 3622 5222 illi

1986 5250 2368 5328 arripuerunt
2399 5243 2648 5327 perinde
2677 5261 2747 5306 ac
2801 5244 3108 5307 verissima
3138 5246 3296 5326 (quae
3326 5247 3484 5309 enim
3517 5265 3623 5309 vo-

1988 5336 2212 5413 lebant,
2245 5354 2314 5397 ea
2338 5335 2513 5398 etiam
2546 5352 2684 5396 vera
2714 5333 3120 5416 putabantur),
3156 5344 3210 5398 et
3268 5354 3339 5399 ea
3368 5336 3442 5400 ad
3473 5336 3624 5402 alios

1988 5424 2484 5491 transmittebant.
2518 5420 2739 5488 Verum
2772 5425 3075 5487 enimvero
3105 5426 3203 5488 hic
3231 5444 3467 5509 quoque
3497 5437 3626 5492 erat

1987 5517 2150 5584 idem
2180 5514 2360 5594 Deus,
2393 5523 2452 5577 et
2473 5513 2728 5599 justitia,
2778 5533 2911 5598 quae
2955 5532 3154 5599 neque
3210 5523 3401 5599 potest
3454 5516 3625 5588 vitari
