4066 6146
504 161 620 230 999
1702 166 2088 231 ADDENDA.
2127 198 2197 213 —
2235 163 2664 230 DECEMBER.
3691 174 3814 242 1000

507 318 619 366 nec
651 299 935 364 oblivioni
967 299 1417 373 mandari.Quid
1448 319 1587 380 ergo
1627 299 1862 381 accidit,
1895 312 1953 362 et
1983 321 2122 379 quoa

2223 303 2310 359 καὶ
2367 302 2493 360 ἄιον
2551 303 2781 362 ἄκουσαν
2840 303 3070 370 ἐξειπεῖν
3131 306 3415 384 ἀναγκάζει
3467 303 3564 377 τήν
3615 325 3667 364 τε
3711 314 3815 386 πρὸς

506 393 684 455 modo
723 393 849 454 haec
906 390 1373 472 dispensentur?
1425 391 1609 452 Malus
1667 390 1913 470 spiritus
1943 391 2122 452 statin

2223 393 2430 459 εκείνην
2483 399 2588 448 τῶν
2641 396 2918 472 αἱρετικῶν
2969 397 3202 477 ὁιπάτην³
3256 399 3344 452 καὶ
3401 398 3496 464 τὴν
3541 399 3692 465 αὖτῆς
3736 403 3820 458 πά-

507 481 767 542 mittitur
784 480 855 541 ad
881 481 1096 540 malam
1126 488 1180 540 et
1203 479 1546 541 mendacem
1573 480 1879 555 feminam,
1907 489 1964 540 et
1983 479 2122 540 invi‘

2223 479 2306 536 λιν
2362 479 2707 559 ψευδολογίαν
2763 484 2850 539 καὶ
2877 485 2938 540 τὸ
2983 483 3315 565 μηχάνημα.
3351 483 3605 548 Λαϐόντες
3633 487 3712 542 οὖν
3742 488 3818 544 αὒ-

504 581 597 632 tus
628 569 871 631 invitam
907 568 1068 647 cogit
1109 567 1274 628 eﬂ'ari
1308 568 1576 630 fraudem
1613 569 2028 631 hmreticorum
2081 569 2122 629 ir

2223 571 2322 636 τὴν
2381 572 2428 627 οἱ
2498 571 2591 639 τῆς
2649 572 2859 636 πόλεως
2903 577 3160 652 καὶπρὸς
3221 577 3314 630 τὸν
3381 573 3524 630 ὅσιον
3567 575 3824 653 ἀγαγόντες

504 661 688 739 illam,
724 668 780 719 et
812 677 980 718 suum
1013 675 1219 718 rursus
1250 657 1630 719 mendacium
1660 667 1716 719 et
1751 658 2122 719 machinatio.

2222 661 2526 738 θεραπεύειν
2584 659 2778 728 ἠξίουν.
2845 653 2901 721 Ὀ
2971 662 3025 719 δὲ
3082 664 3276 730 ἀληθὲς
3340 671 3562 742 Χριστοῦ
3612 669 3824 739 μαθητὴς

501 770 662 811 nem.
699 749 843 810 Cum
877 765 1004 808 eam
1043 765 1181 825 ergo
1204 748 1777 827 accepissentcives,
1803 756 1859 808 et
1890 748 1959 808 ad
1993 766 2122 809 san-

2219 757 2311 804 τοῦ
2358 751 2626 830 φήσαντος
2683 749 3135 825 ἑϐδομηκοντάκις
3192 754 3324 809 ἑπτᾶ
3383 752 3493 810 δεῖν
3545 766 3660 815 τοῖς
3689 753 3825 811 ἀδελ-

499 847 658 902 ctum
693 835 1318 914 duxissent,rogabant
1348 846 1616 899 sanctum
1649 847 1710 898 ut
1741 849 2000 898 curaret.
2031 837 2122 900 lllt

2220 839 2348 917 φοῖς
2405 839 2608 918 ἀφιέναι
2667 842 2732 896 τὰ
2788 841 3143 921 ὀφειλήματα,
3181 845 3268 900 καὶ
3311 844 3431 904 τοὺς
3463 843 3682 920 ἐχθροὺς
3714 844 3823 921 ἁγα-

498 935 692 990 autem
727 945 901 988 verus
933 924 1152 988 Christi
1205 925 1557 1008 discipulus,
1588 927 1690 1006 qui
1722 927 1869 988 dixit
1897 937 2122 1007 septua-

2219 934 2344 1002 πᾷν,
2403 927 2706 1007 ἀμφοτέρας
2737 930 2848 998 ἅμα
2894 932 2985 994 τὰς
3030 930 3244 995 ἐντολὰς
3309 931 3491 1010 πράξει
3550 933 3642 1007 μιᾷ
3692 955 3828 990 συνε-

494 1019 689 1097 gesies
719 1015 940 1096 septies
959 1023 1234 1095 oportere
1263 1015 1544 1077 fratribus
1579 1017 1884 1078 remittere
1907 1015 2122 1090 debita,

2218 1023 2435 1098 περαθε,
2489 1019 2586 1085 τὴν
2647 1019 2743 1092 μὲν
2804 1027 2880 1093 τῷ
2940 1023 3000 1076 τὸ
3063 1019 3296 1095 ἀδίκημα
3354 1027 3720 1101 ιιυγχοορῖράι⁷
3773 1030 3826 1097 τῇ

495 1117 554 1170 et
585 1107 830 1186 diligere
861 1105 1158 1177 inimicos,
1203 1105 1380 1166 ambo
1437 1106 1613 1167 simul
1670 1113 1964 1186 praecepta
2014 1124 2122 1166 una

2215 1105 2267 1162 δὲ
2324 1111 2401 1178 τῷ
2457 1109 2543 1164 καὶ
2601 1114 2665 1184 τῇ
2717 1115 2957 1187 συμφορᾷ
3016 1109 3368 1189 σαναλγῆσαι,
3431 1109 3631 1184 μᾶλλον
3679 1110 3728 1166 δὲ
3777 1115 3825 1168 τὸ

499 1206 815 1259 exsecutus
847 1204 935 1257 est
965 1194 1216 1267 actione,
1255 1193 1398 1255 illud
1432 1195 1700 1276 quidem,
1735 1195 2122 1257 condonanda

2213 1196 2302 1252 καί
2351 1196 2528 1251 τέλεον
2573 1197 2736 1263 αὐτὴν
2795 1197 3184 1276 ἀνορθώσασθαι
3230 1201 3367 1278 εὐχῇ
3398 1221 3451 1254 τε
3483 1198 3820 1279 χρησάμενος,

497 1285 799 1364 injuriam,
857 1285 964 1345 hoc
995 1301 1158 1357 vero,
1196 1283 1532 1344 miscrendo
1584 1284 1954 1365 calamitatis,
2009 1284 2122 1345 imo

2213 1285 2302 1340 καί
2344 1283 2520 1340 ἔλαιον
2564 1286 2727 1352 αὐτὴν
2783 1293 2888 1342 τῶν
2945 1288 3109 1364 ἁγίων
3140 1286 3261 1343 οἶόν
3306 1309 3358 1343 τι
3403 1289 3624 1352 ποτέσας
3669 1287 3819 1354 ἀλεξέ-

495 1394 637 1438 vero
667 1393 797 1436 eam
831 1371 1146 1452 splendide
1185 1373 1495 1454 erigenda,
1528 1385 1586 1434 et
1617 1375 1849 1434 sanitati
1881 1375 2122 1435 restitu-

2213 1395 2376 1429 κακον
2434 1375 2733 1452 φάρμακον,
2788 1377 2849 1430 τὸ
2907 1375 3005 1450 μὲν
3059 1379 3291 1453 πονηρὸν
3324 1383 3534 1451 πνεῦμα
3565 1376 3637 1438 ὤς
3667 1400 3710 1433 τι
3735 1385 3819 1434 τῶν

495 1465 674 1528 endo.
695 1462 840 1524 Nam
866 1481 999 1523 cum
1019 1460 1286 1522 oratione
1307 1481 1608 1536 usus,eam
1633 1464 1764 1524 oleo
1785 1472 2122 1524 sanctorum

2210 1459 2435 1518 ἰοϐόλων
2485 1463 2630 1524 εὐθὺς
2691 1463 3016 1539 ἀπελαύνει,
3093 1466 3214 1543 ὑγιᾶ
3272 1465 3326 1521 δὲ
3383 1467 3484 1532 τὴν
3541 1467 3826 1546 πάσχουσαν

492 1564 774 1632 tanquam
822 1550 1066 1613 salutari
1094 1550 1294 1630 aliquo
1345 1559 1603 1631 putasset
1661 1551 2122 1625 medicamento,

491 1643 711 1705 malum
736 1641 977 1722 quidem
1005 1638 1587 1719 spiritunt,tanquam
1616 1639 1840 1719 aliquid
1864 1658 2124 1701 venena-

490 1743 639 1808 tum,
673 1732 873 1794 statim
907 1728 1189 1808 expellit;
1223 1746 1351 1789 eam
1380 1736 1601 1803 autem,
1636 1747 1767 1808 quae
1796 1727 2122 1811 laborabat,

2209 1549 2530 1628 παραδίδωσι
2579 1552 2700 1616 τοῖς
2733 1553 2963 1618 οἰκείοις,
3015 1553 3088 1610 ’Ἠ
3117 1558 3206 1610 καί
3249 1561 3326 1628 τῷ
3355 1554 3558 1611 ἐκείνου
3597 1554 3825 1632 περιπλα-

2209 1653 2367 1697 κεῖσα
2427 1642 2558 1698 κίονι
2610 1640 2812 1707 πολλὰς
2869 1643 2966 1717 μὲν
3011 1643 3104 1707 τὰς
3148 1643 3514 1723 εὗχαριστίας,
3566 1643 3755 1708 πολλὰς
3781 1642 3825 1698 δὲ

2208 1731 2296 1786 καί
2353 1731 2446 1794 τὰς
2499 1732 2630 1809 πρὸς
2687 1733 2816 1788 Θεὸν
2875 1731 3192 1809 ἐπαγγελίας
3245 1735 3307 1789 τὸ
3362 1733 3554 1790 λοιπὸν
3583 1734 3821 1811 ἐποιεῖτο,

487 1828 610 1884 suis
640 1839 840 1882 sanam
875 1817 1096 1880 reddit.
1129 1815 1265 1888 Quae
1285 1817 1462 1878 etiam
1497 1817 1659 1878 illius
1682 1817 1991 1897 complexa
2021 1837 2122 1880 co-

2208 1818 2298 1878 ἅτε
2357 1817 2550 1886 διπλῆν
2601 1819 2896 1900 ἐκφυγοῦσα
2955 1822 3128 1901 νόσον,
3210 1826 3270 1881 οὗ
3345 1824 3440 1890 τὴ)
3524 1822 3823 1902 φαινομένην

480 1913 1025 1988 lumnam,magnas
1057 1906 1298 1987 quidem
1326 1924 1509 1984 agens
1536 1906 1778 1985 gratias,
1809 1916 1866 1968 et
1901 1907 2122 1970 deinde

2208 1910 2367 1986 μόνον
2426 1911 2514 1967 καί
2573 1912 2892 1991 φαινομένου
2948 1913 3261 1992 πράγματος
3322 1911 3532 1989 βλάϐην
3590 1913 3821 1993 ἔχουσαν,

482 2001 662 2062 multa
696 1999 817 2061 Deo
849 1999 1225 2079 promittens,
1251 2006 1313 2057 ut
1345 2015 1475 2076 quae
1507 1995 1804 2076 duplicem
1843 1996 2119 2059 morbum

2208 1997 2339 2055 ἀλλᾶ
2385 1999 2568 2075 πολλῷ
2625 2001 2786 2058 πλέον
2843 2003 2938 2069 τὴν
3007 2003 3182 2081 ἀφανῆ
3249 2004 3334 2059 καί
3397 2003 3695 2082 αὐθαίρετον
3750 2003 3826 2058 καί

483 2089 939 2170 eﬂ'ugisset,non
970 2087 1162 2148 solum
1197 2104 1332 2147 eum
1366 2085 1468 2166 qui
1499 2085 1824 2166 apparebat
1853 2095 1912 2148 et
1944 2086 2117 2148 dam-

2208 2089 2385 2168 ῴυχὴν
2416 2087 2672 2146 ἀθάνατον
2700 2089 2940 2161 κολάζειν
2973 2089 3204 2149 ἀθάνατα
3226 2089 3550 2166 δυναμένην.

477 2198 618 2243 num
677 2177 958 2240 aﬂ'erebat
987 2181 1072 2237 rei
1133 2193 1264 2256 qua:
1293 2174 1622 2250 videbatur,
1657 2175 1760 2236 sed
1820 2177 2002 2236 multo
2063 2175 2248 2253 magis
2306 2194 2442 2238 eum
2475 2177 2576 2254 qui
2635 2177 2876 2258 latebat,
2911 2185 3156 2260 eratque
3215 2178 3604 2260 voluntarius,
3639 2189 3694 2243 et
3730 2195 3823 2241 sua

476 2277 688 2352 sponte
718 2275 1055 2347 susceptus,
1089 2273 1146 2326 et
1174 2265 1430 2326 animam
1466 2264 1860 2326 immortalem
1893 2266 2108 2346 punire
2140 2273 2370 2346 poterat
2407 2266 2843 2329 immortaliter.

557 2355 894 2422 XXVl.Non
921 2355 1114 2416 solum
1139 2364 1334 2415 autem
1367 2352 1772 2434 morbum,qui
1810 2355 1985 2415 modo
2015 2354 2113 2415 in-

2282 2354 2992 2413 Ka’o-"8“”
3393 2358 3420 2370 ν
3586 2359 3783 2414 δ’

2403 2399 2419 2415 ο
2503 2383 2526 2414 J
2557 2379 2716 2430 μονον
2780 2379 2801 2412 ε
2831 2379 2930 2424 την
2963 2380 3075 2436 αρτι
3120 2379 3525 2436 προσπεσουσαν
3659 2378 3814 2431 μακα-

477 2450 724 2523 ciderat,
759 2454 989 2528 poterat
1019 2461 1230 2506 curare
1288 2452 1551 2518 sanctus,
1599 2445 1702 2505 sed
1759 2444 1936 2504 etiam
1998 2443 2114 2504 ritu

2208 2467 2302 2506 σιος
2368 2445 2520 2500 νόσον
2577 2447 2820 2502 ἰάσασθαι
2880 2445 3122 2520 δυνατὸς,
3170 2446 3305 2503 ἀλλὰ
3351 2449 3497 2504 κατᾶ
3539 2449 3658 2510 τοὺς
3699 2447 3814 2524 ἀγα-

477 2539 770 2602 bonorum
815 2533 1208 2610 medicorum,
1245 2541 1302 2594 et
1331 2533 1591 2594 futurum
1631 2549 1830 2609 nosse,
1863 2541 1922 2594 et
1957 2531 2114 2612 quod

2208 2534 2317 2598 iob;
2359 2535 2463 2588 τῶν
2507 2534 2700 2612 ἰατρῶν
2758 2541 2847 2591 καί
2897 2536 2995 2602 τὴν
3049 2537 3310 2611 ἐσομένην
3369 2539 3596 2613 γνῶναι,
3643 2537 3725 2591 καί
3765 2538 3816 2592 τὸ

477 2638 605 2692 erat
634 2634 1011 2698 eventurum,
1073 2621 1422 2704 prophetice
1453 2631 1512 2684 et
1544 2622 1748 2683 videre
1794 2630 1866 2682 et
1913 2621 2116 2684 dicere

2208 2621 2400 2697 μάλλον
2460 2630 2803 2702 προφητικῶς
2848 2626 2938 2680 καί
2977 2624 3108 2683 ἰδεῖν
3142 2626 3233 2682 καί
3291 2628 3469 2682 εἰπεῖν
3500 2625 3815 2706 εὐστοχώτα-

476 2717 811 2779 certissima
868 2720 1098 2793 poterat
1147 2713 1515 2791 conjectura.
1570 2713 1837 2790 Magnam
1871 2709 2114 2790 quidem

2208 2735 2308 2777 τος.
2371 2710 2681 2768 Μέλλουσαν
2725 2719 2850 2791 γοῦν
2881 2721 2947 2792 τῇ
2980 2714 3192 2792 μεγάλῃ
3224 2715 3378 2772 πόλει
3413 2715 3656 2794 μεγάλην
3685 2714 3813 2771 ἐπελ-

476 2813 639 2868 certe
663 2802 872 2864 urbem
902 2819 1143 2878 magnas
1168 2800 1484 2862 adorturas
1509 2819 1643 2861 esse
1681 2800 1892 2873 minas,
1926 2816 2059 2860 cum
2081 2816 2115 2860 a

2208 2806 2308 2858 ὒεϊν
2336 2801 2424 2858 καί
2475 2803 2572 2869 τὴν
2626 2801 2879 2876 ἀπειλὴν,
2941 2803 3137 2860 Ξὶνωοεν
3192 2803 3480 2879 δεξάμενος
3551 2805 3691 2869 οὗτος
3732 2805 3812 2871 τὴν

476 2892 713 2974 superis
735 2889 1067 2972 accepisset
1088 2890 1677 2967 revelationem,eam
1717 2887 1996 2970 episcopo
2023 2888 2105 2951 sio

2208 2890 2530 2966 ἱποκάλυψιν
2571 2897 2647 2965 τῷ
2691 2913 2747 2947 τε
2793 2891 3070 2965 ἐπισκόπῳ
3101 2892 3359 2967 Γενναδίῳ
3410 2895 3604 2968 μηνύει
3652 2915 3812 2949 συντο-

475 2984 712 3063 gniﬁcat
745 2978 1075 3050 Gennadio,
1103 2979 1325 3059 jubens
1385 2984 1752 3042 contentiore
1785 2977 1868 3037 uti
1899 2996 2110 3058 preca—

2208 2978 2393 3058 uotépq
2422 2983 2655 3060 χρῆσθαι
2687 2987 2755 3057 τῇ
2787 2979 2925 3061 εὐχῇ
2955 2981 3234 3048 κελεύσας.
3273 2981 3446 3040 Ἀλλὰ
3499 2981 3564 3050 δὴ
3610 2981 3698 3038 καί
3750 2986 3814 3053 τῷ

473 3078 650 3134 tione.
685 3073 834 3140 Quin
858 3073 1026 3128 etiam
1049 3070 1380 3142 imperatori
1405 3071 1580 3128 Leoni
1599 3067 1856 3140 praedicit
1878 3071 2106 3135 similia,

2208 3069 2408 3126 Ξασιλετ
2437 3069 2621 3126 Λέοντι
2674 3069 2924 3149 προλέγει
2980 3071 3043 3127 τὰ
3092 3071 3274 3147 ὅμοια,
3307 3073 3395 3128 καὶ
3429 3071 3506 3136 δὶς
3553 3077 3648 3139 τῆς
3676 3068 3809 3127 ἑϐδο-

476 3168 534 3222 et
563 3157 654 3219 bis
675 3157 737 3217 in
763 3154 1135 3217 hebdomade
1156 3153 1701 3233 jubetcommunes
1730 3151 1860 3213 ﬁeri
1888 3152 2110 3232 suppli-

2208 3156 2358 3222 κάδος
2400 3159 2581 3223 κοινὰς
2615 3157 2882 3239 ἐπιτρέπει
2939 3161 3032 3225 τὰς
3075 3159 3337 3224 λιτανείας
3369 3163 3602 3236 γίνεσθαι
3635 3177 3648 3191 ⁸
3691 3158 3807 3216 οὕτω

475 3247 763 3311 cationes.
797 3243 896 3306 Sic
920 3241 1078 3304 enim
1105 3241 1193 3304 eis
1215 3241 1534 3323 pollicetur
1551 3243 1701 3305 iram
1723 3241 1830 3305 Dei
1852 3243 2106 3304 futuram

2208 3250 2292 3327 γὰρ
2353 3250 2535 3310 αὐτοῖς
2576 3248 2824 3327 ἐγγυᾶται
2881 3251 2969 3307 καὶ
3027 3251 3126 3318 τὴν
3170 3261 3263 3310 τοῦ
3298 3258 3433 3309 Θεοῦ
3481 3251 3644 3331 ὁρμίιν
3693 3247 3799 3304 ἔσε-

474 3339 794 3400 mitiorem.
828 3333 1021 3413 Atque
1059 3331 1102 3393 ii
1133 3331 1374 3412 quidem
1403 3335 1588 3394 sancti
1623 3332 1932 3413 praeceptis
1960 3350 2107 3393 con-

2208 3341 2308 3394 rOat
2365 3337 2680 3418 πραοτέραν.
2743 3338 2897 3396 Οὗτοι
2957 3341 3056 3414 μὲν
3110 3343 3198 3398 οὗν
3253 3348 3360 3397 τῶν
3403 3348 3500 3398 τοῦ
3534 3341 3672 3418 ἁγίου
3710 3359 3800 3394 πα-

471 3436 588 3490 tem
597 3424 721 3508 ptui
741 3422 1163 3498 habitis,erant
1185 3423 1315 3502 ipsa
1332 3421 1697 3484 intellecturi
1713 3421 2102 3501 experientia,

2208 3426 2572 3506 ιαγγελμάτων
2633 3427 3058 3507 ὀλιγωρήσαντες
3118 3431 3272 3511 πείρᾳ
3331 3435 3526 3505 μαθεῖν
3582 3427 3801 3506 ἔμελλον,

470 3535 534 3576 ea
556 3533 678 3592 quae
701 3513 1005 3574 multitudo
1032 3524 1403 3599 peccatorum
1426 3512 1629 3599 eﬂ'ecit,
1655 3523 1724 3599 ut
1747 3512 1822 3599 ad
1841 3511 2106 3599 effectum

2208 3515 2322 3595 ἔπερ
2381 3516 2654 3596 ἁμαρτιῶν
2704 3515 2907 3585 πλῆθος
2952 3521 3026 3582 εἰς
3058 3519 3209 3598 ἔργον
3239 3519 3415 3577 ἐλθεῖν
3447 3519 3801 3599 παρεσκεύαζε.

469 3598 1284 3667 deducerentur.Procedens
1317 3609 1514 3661 autem
1545 3598 1606 3660 id
1630 3597 1958 3661 declarabit
1977 3615 2107 3660 ora-

2208 3604 2437 3672 ληλώσει
2467 3604 2523 3662 δὲ
2553 3606 2756 3685 προϊὼν
2789 3609 2816 3662 δ
2845 3607 3028 3687 λόγος.
3077 3597 3235 3666 Ἐπεὶ
3281 3607 3336 3666 δὲ
3369 3610 3458 3666 καὶ
3488 3597 3644 3675 θότην
3681 3603 3803 3671 ἄξιον

471 3692 875 3766 tio.Quoniam
896 3698 1094 3752 autem
1117 3688 1304 3750 divini
1323 3707 1560 3770 quoque
1577 3689 1725 3766 Agni
1749 3687 2107 3779 sacriﬁcato-

2208 3702 2281 3753 ςοῡ
2307 3696 2445 3752 Θείου
2475 3695 2644 3771 ἀμνοῦ
2672 3697 2763 3753 τὸν
2803 3697 3005 3766 Δανιὴλ
3037 3696 3141 3754 ἔδει
3193 3698 3458 3779 γενέσθαι,
3514 3696 3616 3767 ἤδη
3656 3696 3805 3767 τούτῳ

468 3801 595 3846 rem
620 3781 932 3864 oportebat
955 3797 1085 3841 esse
1107 3779 1555 3860 Danielem,qui
1574 3779 1698 3859 jam
1732 3778 1788 3840 ei
1811 3778 1975 3869 prius
2006 3795 2106 3839 sa-

2208 3788 2542 3864 τροτεθυκότα
2595 3787 2694 3843 καί
2751 3793 2908 3864 σῶμα
2961 3789 3047 3844 καὶ
3116 3778 3217 3856 τὴν
3261 3788 3478 3869 ψυχὴν,
3537 3799 3672 3843 κινεῖ
3718 3783 3800 3859 μὲν

469 3873 839 3936 criﬁcaverat
856 3878 912 3932 et
933 3887 1151 3950 corpus
1173 3879 1235 3930 et
1256 3876 1583 3951 animam,e
1606 3869 1841 3950 superis
1863 3868 2106 3949 quidem

2208 3874 2384 3932 ἱνωθεν
2433 3877 2525 3931 τὸν
2581 3876 2876 3956 κρατοῦντα
2928 3878 2986 3934 τὸ
3029 3886 3260 3960 πνεῦμα,
3313 3868 3545 3936 maiae
3574 3877 3657 3933 καὶ
3686 3881 3800 3930 Γεν-

468 3971 665 4024 movet
682 3961 1103 4048 imperatorem
1121 3959 1607 4041 Spiritus,movet
1637 3967 1833 4020 autem
1865 3960 2105 4021 Genna-

2208 3962 2362 4025 rdatov
2411 3967 2437 4020 ὁ
2470 3972 2700 4045 κρατῶν,
2730 3970 2826 4023 καὶ
2891 3966 3192 4026 ἐπιστέλλει
3241 3959 3473 4048 συχνοὺς
3511 3971 3604 4037 τῆς
3634 3963 3800 4029 ὶκγλη·

467 4051 630 4114 dium
655 4067 891 4132 quoque
920 4047 1333 4129 imperator,et
1358 4049 1434 4111 ad
1468 4067 1605 4110 eum
1639 4047 1872 4124 scribit,
1905 4055 1970 4109 ut
1997 4067 2101 4110 ac-

2208 4054 2302 4116 τίας
2357 4051 2588 4111 λαϐόντα
2637 4057 2770 4133 πρὸς
2819 4058 2910 4112 τὸν
2971 4058 3139 4136 μέγαν
3193 4047 3437 4115 ἀνελθεῖν
3494 4061 3582 4115 καὶ
3635 4061 3695 4132 τῇ
3719 4058 3798 4110 τοῦ

466 4142 652 4224 ceptis
683 4139 885 4202 multis
917 4156 990 4201 ex
1034 4136 1318 4220 Ecclesia,
1351 4137 1546 4200 veniat
1569 4137 1640 4199 ad
1672 4155 1950 4215 magnum
1982 4139 2100 4200 Da-

2208 4143 2364 4222 ερέως
2417 4144 2573 4202 αὐτὸν
2632 4143 2910 4207 τελειῶσαι
2969 4147 3294 4227 χειροτονῖᾳ,
3329 4149 3432 4206 Τοῦ
3483 4145 3538 4203 δὲ
3594 4148 3662 4209 ὡς
3687 4143 3794 4220 εἶχε

465 4232 916 4302 nielem,eteum
936 4237 1316 4290 consummet
1338 4227 1549 4288 ordine
1566 4226 2098 4299 sacerdotali.Cum

2208 4241 2348 4291 ταῦτα
2402 4234 2747 4306 πεποικότος,
2807 4237 2834 4291 ὃ
2890 4226 3076 4300 πολὺς
3134 4239 3200 4294 τὰ
3273 4235 3542 4312 μέλλοντα
3592 4238 3792 4313 πρωρᾷν

461 4323 514 4384 is
539 4340 677 4384 vero
699 4322 827 4384 haec
847 4317 1223 4398 lecisset,qui
1253 4315 1619 4398 praevidendi
1641 4315 1882 4406 quidem
1903 4315 2100 4378 futura

2208 4329 2390 4401 πρῶτον
2434 4323 2530 4398 μὲν
2615 4324 2714 4390 τὴν
2787 4326 2919 4402 πρὸς
3002 4328 3157 4383 αὐτὸν
3215 4324 3386 4406 ἄφιξιν
3429 4331 3508 4399 τῷ
3564 4324 3785 4396 πνεύματι

460 4430 734 4494 magnam
763 4409 1021 4472 habebat
1043 4406 1683 4488 potestatem,primum
1717 4405 1959 4486 quidem
1981 4408 2099 4488 spi-

2208 4411 2533 4492 ιρογινώσκει
2568 4431 2580 4444 ⁶
2632 4412 2814 4470 ἔπειτα
2856 4416 2928 4478 ὡς
2989 4417 3196 4480 ἐκεῖνος
3247 4405 3350 4483 ἤδη
3409 4415 3549 4471 κατὰ
3578 4414 3664 4470 τὸν
3689 4417 3785 4466 στῦ·

460 4512 576 4569 ritu
599 4508 1293 4582 praecognoscittuturum
1330 4503 1401 4562 ad
1439 4519 1500 4562 se
1521 4504 1828 4562 adventum
1853 4525 1866 4572 ;
1895 4506 2098 4564 deinde

2208 4523 2274 4556 ,ον
2330 4501 2616 4579 γενόμενος
2661 4501 2888 4560 ἔκπαλαι
2946 4506 3044 4580 μὲν
3090 4505 3212 4582 ἐρᾷν
3242 4504 3344 4584 ἔφη
3375 4503 3472 4572 τῆς
3501 4505 3629 4582 πρὸς
3659 4499 3786 4559 αὐτὸν

459 4609 596 4653 cum
628 4590 730 4652 ille
755 4589 882 4669 jam
922 4587 1178 4648 venisset
1208 4585 1281 4647 ad
1309 4585 1827 4660 columnam,dixit
1856 4605 1921 4649 se
1932 4586 2096 4666 jam-

2208 4589 2388 4668 ενόδου,
2449 4590 2928 4660 ἐκκλησιαστικαῖς
2981 4593 3034 4650 δὲ
3079 4599 3346 4675 φροντίσιν
3389 4593 3654 4671 εἴργεσθαι
3706 4587 3786 4645 πέ-

458 4680 693 4763 pridem
727 4677 1105 4741 desiderasse
1136 4675 1209 4738 ad
1231 4694 1366 4738 eum
1402 4675 1756 4757 ascendere,
1787 4677 1892 4740 sed
1923 4693 2098 4738 curas

2213 4702 2268 4744 oc
2326 4682 2638 4762 παρασχεῖν
2707 4688 2777 4760 τῇ
2828 4683 3098 4760 ἐπιθυμίᾳ,
3161 4686 3272 4742 νυνὶ
3329 4681 3384 4740 δὲ
3443 4683 3617 4756 ἥκειν,
3660 4677 3786 4738 αὖτόν

459 4769 836 4854 prohibuisse
862 4767 1399 4848 ecclesiasticas,ne
1422 4767 1603 4828 ﬁnem
1627 4765 1963 4846 imponeret
1990 4786 2097 4828 suo

2208 4790 2237 4825 ἐ
2282 4767 2418 4827 ἰδεῖν
2473 4773 2559 4827 καὶ
2605 4775 2782 4852 εὐχῶν
2828 4777 2986 4833 αὖτοῡ
3043 4775 3132 4830 καὶ
3184 4772 3361 4852 λόγων
3395 4769 3792 4842 καταπολαῦσαι,

457 4859 782 4938 desiderio,
813 4867 1182 4922 nuncautem
1203 4857 1503 4934 venire,ut
1533 4864 1590 4917 et
1617 4855 1812 4937 ipsum
1843 4855 2095 4935 videret,

2208 4859 2328 4928 ιξίου
2385 4857 2439 4916 δὲ
2491 4862 2576 4917 καὶ
2633 4863 2732 4929 τὴν
2789 4862 3024 4939 κλίμακα
3081 4868 3296 4938 στῆναι,
3347 4863 3559 4936 Μάτην,
3604 4857 3794 4939 φησῖνδ

459 4951 711 5033 ejusque
729 4950 1004 5032 precibus
1026 4948 1322 5010 frueretur
1339 4955 1398 5008 et
1418 4944 2100 5025 sermonibus.Bogabat

2208 4949 2658 5029 προφητικώτατος
2705 4949 3080 5033 Δανιὴλπρὸς
3138 4952 3320 5031 αὐτὸν,
3373 4954 3541 5010 κόπου
3586 4971 3661 5006 σοι
3706 4965 3794 5002 κα·

455 5059 628 5118 vero,
659 5051 726 5104 ut
755 5041 930 5103 scalas
959 5056 1200 5119 quoque
1220 5035 1674 5100 adhiberentur.
1701 5033 1971 5113 Frustra,
1999 5035 2095 5096 in-

2215 5039 2342 5106 ἐστη
2401 5038 2649 5118 πρόξενος
2725 5044 2752 5098 ὁ
2831 5043 3056 5112 κινήσας
3123 5064 3183 5100 σε
3241 5043 3375 5122 πρὸς
3434 5043 3597 5117 ἡμᾶς.
3657 5041 3796 5122 T03th

457 5132 584 5214 quit
607 5133 661 5193 ei
684 5128 1050 5213 praedicendi
1074 5145 1286 5206 magna
1306 5126 1360 5187 vi
1387 5123 1674 5206 praeditus
1701 5124 2100 5214 Daniel,hunc

2210 5127 2434 5196 κπληξιν
2479 5129 2592 5205 ἅμα
2652 5131 2745 5187 καί
2792 5130 2906 5197 δέος
2949 5128 3204 5209 ἐμϐάϐλει
3255 5137 3332 5205 τῷ
3383 5130 3539 5208 ἱερεῖ,
3572 5121 3800 5190 ἔκπληξιν

456 5213 724 5286 laborem
757 5229 821 5283 ut
850 5219 1212 5299 susciperes,
1262 5214 1619 5296 procuravit,
1655 5215 1758 5296 qui
1791 5221 1847 5277 te
1878 5213 1956 5276 ad
1987 5233 2098 5277 nos

2208 5219 2280 5275 ιὲν
2313 5219 2458 5283 ὃπως
2502 5218 2640 5277 οὕτω
2687 5226 2788 5289 τῆς
2818 5220 3042 5302 ἀφίξεως
3077 5221 3236 5278 αὐτοῦ
3265 5222 3357 5278 τὸν
3386 5220 3575 5298 τρόπον
3605 5215 3795 5302 διέγνω,

457 5317 650 5374 movit.
689 5316 803 5373 lloc
826 5314 995 5370 simul
1044 5321 1096 5368 et
1128 5322 1417 5381 stuporem
1461 5319 1514 5367 et
1564 5319 1781 5366 metum
1810 5307 1972 5366 aﬂ‘ert
2008 5325 2101 5366 sa-

2212 5307 2296 5373 ἑος
2356 5308 2411 5364 δὲ
2465 5307 2546 5366 ὅτι
2609 5312 2696 5368 καὶ
2734 5313 2800 5368 τὰ
2852 5299 2950 5379 τῆς
2996 5315 3221 5387 γνώμης
3280 5311 3439 5369 αὑτοῦ
3491 5310 3564 5381 τῷ
3603 5299 3800 5382 μεγάλῳ

459 5400 712 5478 cerdoti;
737 5408 1040 5480 stuporem
1062 5396 1329 5478 quidem,
1362 5395 1618 5476 quodam
1655 5394 1828 5456 modo
1854 5396 1937 5456 sic
1969 5395 2099 5475 ejus

2208 5398 2377 5477 ιανερα
2431 5403 2499 5466 ἦν
2531 5415 2545 5430 ·
2609 5399 2725 5458 οὑδὲ
2785 5402 2908 5482 γὰρ²
2944 5403 2988 5458 εἰ
3045 5402 3122 5476 μὴ
3177 5400 3318 5478 παρᾶ
3367 5406 3457 5456 τοῦ
3502 5400 3797 5476 κρατοῦντος

463 5490 734 5570 cognovit
762 5490 1110 5569 adventum,
1145 5484 1418 5547 timorem
1455 5493 1676 5561 autem,
1710 5483 1870 5562 quod
1930 5502 2099 5546 mens

2208 5487 2508 5568 ινάγκαστο,
2541 5487 2818 5549 ἐπένευσεν
2851 5490 2910 5554 ἅν
2945 5511 3074 5550 ποτε
3100 5489 3323 5552 ἀνιέναι.
