4048 6136
237 216 381 292 1οΟ1

1366 219 1545 289 VlTA
1585 225 1646 288 S.
1694 215 2055 288 DANIELIS
2097 221 2472 287 STYLITAE.

3449 233 3603 303 1002

232 363 372 441 ejus
405 381 616 441 magno
649 367 776 425 erat
805 359 1036 424 Danieli
1069 357 1398 422 manifesta.
1433 359 1637 440 Neque
1665 357 1850 434 enim,
1890 357 2003 418 nisi
2043 365 2284 420 coactus
2313 359 2522 422 fuisset
2549 360 2622 423 ab
2653 361 3040 444 imperatore,
3063 364 3137 426 ad
3169 383 3305 429 eum
3338 387 3596 450 unquam

227 450 441 513 venire
470 451 798 513 annuisset.

321 540 452 599 κε’.
504 541 654 598 Ἐπεὶ
697 539 751 596 δὲ
796 537 969 598 πολλὰ
1034 538 1132 614 μὲν
1193 545 1284 596 τοῦ
1335 537 1650 613 ἐπισκόπου,
1702 534 1861 594 πολλέ

2030 535 2190 593 XXV.
2219 536 2356 594 Cum
2379 548 2569 596 autem
2588 545 2645 598 et
2664 541 3050 612 episcopus,et
3083 545 3178 616 qui
3210 546 3598 616 sequebantur

222 627 281 684 δὲ
346 632 436 685 καὶ
493 630 598 686 τῶν
687 629 962 705 ἑπομένων
1019 633 1097 700 τῷ
1166 627 1442 702 ἐπισκόπῳ
1508 632 1719 694 τεθῆναί
1771 627 1870 693 τὴν

220 717 465 792 κλίμακα
549 715 841 783 δεηθέντων
921 717 1009 772 καὶ
1091 715 1333 774 ἀνελθεῖν
1405 715 1771 794 ἀπηγόρευσεν
1843 717 1868 770 6

220 807 524 886 ἀήττητος,
571 804 675 873 ἤδη
736 804 789 861 δὲ
835 806 920 861 καὶ
965 806 992 862 6
1035 803 1187 871 ἥλιος
1245 806 1381 862 κατὰ
1426 805 1590 880 μέσας
1637 806 1869 874 εἱστήκει

218 896 322 959 τὰς
393 894 627 975 κεφαλὰς
690 894 913 970 θερμαῖς
985 894 1144 958 αὐτας
1202 894 1414 970 βάλλων
1471 907 1594 958 ταῖς
1652 894 1864 966 ἀκτῖσι,

216 989 317 1042 καὶ
370 989 430 1042 τὸ
489 984 692 1052 πλῆθος
729 983 867 1059 δίψει
911 985 999 1040 καὶ
1047 984 1278 1040 καύσωνι
1323 987 1350 1040 6
1398 983 1683 1046 ἐπίσκοπος
1733 981 1867 1062 φλε-

224 1073 486 1152 γομένους
544 1074 706 1152 ἐώρα,
763 1073 815 1129 τί
864 1086 1091 1147 ποιεῖς;
1142 1073 1382 1132 Κάτωθεν
1444 1072 1542 1148 μὲν
1602 1073 1869 1150 ἐπιτρέπει

221 1167 308 1237 τῷ
364 1160 724 1242 ἀρχιδιακόνῳ
778 1162 872 1227 τὰς
925 1163 1164 1231 συνήθεις
1223 1162 1388 1241 εὐχὰς
1467 1163 1820 1240 ὑπαγορεῦσαι
1851 1176 1864 1189 ·

219 1251 387 1316 αὐτὸς
449 1251 503 1307 δὲ
562 1250 984 1329 προσευξάμενος
1040 1262 1347 1329 χειροτονεῖ
1397 1252 1490 1306 τὸν
1558 1249 1728 1327 μέγαν
1783 1251 1870 1306 καὶ

217 1341 306 1415 μὴ
365 1340 600 1416 παρόντα
655 1337 1005 1419 πρεσϐύτερον
1060 1341 1148 1395 καὶ
1191 1339 1303 1414 ἅμα
1365 1341 1426 1394 τὸ
1483 1337 1708 1416 πλῆθος,
1774 1340 1870 1396 Καὶ

216 1429 392 1504 ἄξιος,
446 1427 682 1486 ἒπεϐόων
741 1427 826 1485 ἐπὶ
880 1431 970 1484 τὸν
1027 1426 1237 1495 ἀληθως
1313 1427 1486 1492 ἄξιον.
1567 1426 1716 1485 Οὕτω
1780 1436 1870 1484 τοῦ

214 1519 562 1597 πατριάρχου
614 1516 885 1576 Γενναδίου
943 1517 1082 1595 ἱερέα
1131 1537 1184 1573 τε
1247 1517 1337 1572 τὸν
1400 1515 1600 1583 Δανιὴλ
1661 1517 1866 1591 ὀνομά-

211 1629 412 1672 σαντος
466 1609 578 1686 καὶ,
639 1605 791 1678 Ἰδοὺ,
835 1608 1134 1684 εἰρηκότος,
1198 1607 1286 1661 καὶ
1344 1608 1372 1661 6
1430 1604 1559 1670 λαός
1621 1627 1704 1662 σοι
1765 1605 1866 1671 τὴν

212 1695 609 1771 νενομισμένην
663 1694 836 1775 ἀφῆκε
919 1695 1100 1774 φωνὴν
1177 1693 1261 1750 ἐπὶ
1339 1695 1531 1769 τούτῳ,
1591 1696 1680 1750 καὶ
1736 1695 1864 1756 Θεὸς

208 1785 416 1842 ἄνωθεν
469 1782 536 1840 δι’
595 1783 726 1860 ἐμοῦ
756 1805 840 1840 σοι
868 1784 967 1850 τὴν
1021 1796 1188 1862 χεῖρα
1248 1782 1496 1855 ἐπέθηκε,
1549 1785 1637 1839 καὶ
1678 1781 1864 1847 ἁπλῶς

207 1874 394 1932 πάντα
438 1875 504 1929 τὰ
545 1875 643 1940 τῆς
705 1873 991 1950 ἱερωσύνης
1049 1870 1205 1937 ἐδέξω
1260 1869 1498 1946 σύμϐολα
1533 1892 1548 1907 ο

207 1962 346 2040 γοῦν
403 1965 501 2030 τὴν
548 1963 784 2037 κλίμαγα
826 1962 903 2035 τῷ
958 1962 1088 2016 κίονι
1142 1960 1465 2038 ἐρεισθῆναι,
1497 1960 1590 2016 τίνα
1619 1962 1706 2016 καὶ
1763 1961 1860 2028 τῆς

209 2052 364 2130 ἱερᾶς
423 2051 710 2130 μετάσχῃς
741 2051 942 2124 θυσίας,
993 2053 1089 2106 καὶ
1147 2051 1320 2105 πάντα
1376 2050 1586 2126 ὕπείξῃς
1623 2051 1699 2123 τῷ
1754 2071 1861 2104 κα-

211 2139 397 2196 λοῦντι
449 2141 586 2214 Θεῷ,
621 2142 692 2198 Τὸ
724 2140 878 2217 γνοὺς
913 2142 940 2195 ὁ
988 2140 1248 2215 μακάριος
1289 2139 1368 2214 μὴ
1418 2137 1478 2195 ἂν
1528 2139 1666 2195 ἀθεεὶ
1698 2145 1860 2194 ταῦτα

1953 619 2580 701 episcOpum,multum
2613 626 3003 704 rogavissent,
3043 636 3104 689 ut
3135 629 3599 695 admoverentur

1951 711 2146 801 scalae,
2183 722 2242 774 et
2297 714 2370 775 ad
2423 733 2558 776 eum
2619 718 2993 793 ascenderet,
3057 720 3412 801 prohibebat
3458 742 3595 787 vero

1951 800 2205 863 invictus
2228 805 2432 866 Daniel
2460 827 2475 876 ;
2500 804 2856 868 imminebat
2877 800 3073 870 autem
3109 811 3234 890 jam
3258 812 3348 873 sol
3380 813 3596 876 mediis

1952 908 2160 950 eorum
2193 891 2725 972 capitibus,calidis
2754 915 2856 958 eos
2880 897 3108 960 feriens
3130 900 3592 982 radiis,etvide-

1951 978 2050 1039 bat
2081 980 2397 1061 episcOpus
2448 984 2886 1047 multitudinem
2937 987 3028 1049 siti
3067 996 3127 1050 et
3157 978 3587 1054 aastuvtorreri.

1950 1065 2131 1129 Jubet
2159 1069 2410 1132 inferius
2435 1074 2673 1152 quidem
2708 1075 3129 1138 archidiacono
3162 1096 3374 1157 preces
3392 1078 3593 1142 dicere

1953 1166 2289 1219 consuetas.
2317 1157 2450 1238 Ipse
2470 1168 2665 1221 autem
2693 1181 2828 1223 cum
2855 1173 3012 1226 esset
3034 1175 3328 1246 precatus,
3357 1168 3595 1230 ordinat

1956 1264 2232 1326 magnum
2262 1246 2570 1311 Danielem
2597 1251 2773 1312 etiam
2801 1271 2920 1314 non
2941 1265 3320 1332 przesentem,
3347 1257 3592 1338 presby-

1956 1345 2170 1407 terum,
2205 1345 2263 1397 et
2285 1337 2460 1398 simul
2495 1339 2811 1401 multitudo
2835 1342 2908 1403 de
2941 1361 3011 1405 eo
3044 1350 3145 1424 qui
3181 1355 3309 1406 erat
3335 1337 3472 1408 vere
3501 1337 3591 1408 di-

1950 1427 2856 1506 guus,clamabat,Dignus.Cum
2882 1433 2968 1493 sic
3001 1434 3336 1512 patriarcha
3366 1434 3592 1499 Genna-

1952 1513 2085 1574 dius
2117 1514 2421 1577 Danielum
2469 1519 2834 1581 nominasset
2865 1523 3261 1599 sacerdotem,
3297 1532 3374 1600 et,
3410 1525 3588 1608 Ecce,

1949 1602 2288 1694 dixisset,et
2318 1606 2421 1667 tibi
2451 1607 2934 1686 populusjustam
2968 1611 3044 1673 de
3079 1631 3244 1676 more
3277 1602 3592 1694 propterea

1949 1693 2146 1753 emisit
2166 1711 2398 1768 vocem;
2417 1703 2474 1755 et
2495 1695 2654 1758 Deus
2675 1699 2934 1778 desuper
2956 1699 3060 1762 tibi
3091 1719 3197 1782 per
3228 1721 3321 1764 me
3345 1693 3588 1766 manum

1947 1779 2251 1860 imposuit,
2287 1791 2346 1845 et
2376 1783 2597 1874 omnia,
2659 1795 2722 1847 ut
2774 1789 2962 1850 semel
3014 1779 3232 1865 dicam,
3267 1794 3586 1874 suscepisti

1625 1872 1864 1927 λείπεται
1889 1898 1924 1948 Β
1946 1869 2114 1947 signa
2143 1871 2700 1936 sacerdotii.Restat
2730 1894 2893 1954 ergo,
2917 1885 2980 1938 ut
3009 1881 3182 1940 scalae
3213 1869 3584 1943 admovean-

1952 1966 2045 2018 tur
2075 1959 2389 2036 columnae,
2425 1969 2487 2021 ut
2515 1962 2596 2023 sis
2624 1964 2804 2025 etiam
2854 1966 3008 2026 sacri
3038 1969 3334 2049 particeps
3363 1972 3586 2032 sacriﬁ-

1949 2047 2115 2126 cii,et
2138 2047 2256 2109 Deo
2281 2052 2509 2112 vocanti
2533 2052 2776 2114 omnino
2801 2055 2998 2117 cedas.
3037 2056 3203 2119 Tunc
3226 2047 3359 2120 cum
3379 2058 3586 2122 beatus

1947 2137 2316 2212 cognovisset
2348 2137 2548 2200 Daniel
2575 2140 2700 2201 haec
2729 2161 2843 2203 non
2872 2143 3000 2204 ﬁeri
3025 2147 3153 2206 sine
3179 2148 3288 2210 Dei
3313 2147 3581 2224 numine,

213 2231 486 2308 γενέσθαι,
533 2229 670 2289 ἀλλὰ
727 2229 974 2285 κάκεῖνον
1027 2227 1404 2295 συνευδοκῆσαι
1454 2242 1573 2293 τοῖς
1631 2225 1860 2306 γενομέ-

1946 2225 2051 2285 sed
2091 2230 2154 2316 ei,
2177 2244 2412 2316 quoque
2445 2238 2607 2316 grata
2657 2247 2789 2291 esse
2845 2241 2902 2292 et
2951 2241 3218 2312 accepta,
3269 2253 3400 2316 quae
3429 2236 3583 2299 facta

212 2341 358 2395 νοις,
419 2321 518 2388 τήν
561 2341 618 2375 τε
661 2317 895 2393 κλίμακα
951 2321 1165 2384 τεθῆναι
1225 2316 1449 2398 κελεύει,
1483 2319 1570 2374 καὶ
1622 2319 1712 2373 τὸν
1765 2320 1861 2375 ού-

1945 2321 2106 2406 sunt,
2133 2313 2303 2406 jubet
2333 2316 2468 2394 poni
2494 2315 2706 2393 scalas,
2739 2326 2796 2379 et
2826 2319 3140 2383 caelestem
3175 2313 3579 2406 margaritam,

203 2409 396 2486 ράνιον
453 2409 810 2487 μαργαρίτην,
873 2407 972 2474 τὴν
1022 2409 1164 2463 θείαν
1219 2405 1364 2487 φημῖ
1420 2407 1724 2486 κοινωνίαν,
1773 2406 1861 2462 καὶ

1945 2401 2227 2492 divinam,
2254 2403 3101 2488 inquam,communionem,et
3124 2410 3228 2472 dat
3251 2401 3578 2492 etiaccipit;

203 2495 396 2552 δίδωσι
455 2496 550 2552 καὶ
605 2493 886 2570 λαμϐάνει.
951 2495 1089 2552 Εἶτα
1149 2498 1236 2551 καὶ
1293 2492 1461 2550 τᾶλλα
1513 2497 1686 2550 πάντα
1739 2506 1857 2556 τοῖς

1945 2491 2170 2552 Deinde
2189 2510 2322 2553 cum
2348 2494 2525 2554 etiam
2546 2494 2783 2556 fecisset
2827 2497 2943 2556 alia
2975 2499 3194 2575 omnia,
3226 2518 3356 2581 quae
3386 2491 3582 2563 solent

199 2589 432 2655 ἱερεῦσιν
488 2587 706 2641 εἰωθότα
759 2585 994 2655 ποιήσας
1050 2585 1140 2640 καὶ
1209 2591 1303 2640 τοῦ
1345 2583 1578 2654 πλήθους
1631 2585 1856 2661 ὑπερευ-

1945 2579 2066 2640 tieri
2086 2599 2118 2641 a
2137 2581 2569 2656 sacerdotibus,
2595 2592 2652 2644 et
2681 2595 2957 2663 precatus
2993 2595 3150 2648 esset
3179 2579 3286 2667 pro
3317 2591 3577 2652 multitu-

199 2675 456 2751 ξάμενος,
520 2675 693 2755 ἀφῆκε
743 2675 1032 2754 χαίροντας
1091 2676 1227 2747 ὁμοῦ
1296 2677 1383 2730 καὶ
1440 2674 1805 2748 θαυμάζοντας
1840 2693 1852 2706 '

1945 2669 2107 2746 dine,
2142 2689 2246 2730 eos
2275 2671 2498 2732 dimisit
2548 2673 2812 2735 laetantes
2868 2674 3046 2736 simul
3105 2685 3164 2738 et
3192 2677 3574 2755 admirantes,

202 2767 268 2820 τὸ
315 2765 415 2839 μὲν
467 2762 550 2820 διὰ
601 2764 701 2830 τὴν
751 2764 1052 2841 πρόγνωσιν
1095 2764 1181 2818 καὶ
1234 2763 1332 2829 τὴν
1378 2762 1662 2828 ἐπαινετὴν
1693 2760 1855 2824 ὅντως

1945 2759 2156 2838 partim
2189 2760 2430 2838 quidem
2466 2773 2707 2840 propter
2739 2764 3174 2842 praescientiam
3207 2774 3269 2826 et
3292 2782 3435 2828 vere
3456 2768 3581 2830 lau-

205 2852 432 2928 δειλίαν,
499 2853 562 2908 τὸ
607 2851 661 2908 δὲ
719 2851 800 2907 ὅτι
845 2851 1004 2929 μόγις
1047 2851 1170 2926 μὲν,
1217 2855 1446 2908 πείθεται
1491 2849 1545 2905 δὲ
1575 2850 1722 2925 ὅμως
1767 2851 1858 2907 αύο

1945 2848 2201 2909 dabilem
2233 2847 2633 2922 timiditatem,
2654 2851 2864 2929 partim
2898 2859 3094 2913 autem
3127 2855 3286 2934 quod
3315 2855 3407 2916 vix
3436 2857 3578 2934 qui-

209 2945 309 3008 τὶς
353 2941 449 3018 μὲν
509 2941 608 3008 τὴν
659 2941 948 3019 ἱερωσύνην
994 2938 1204 3013 λαϐεῖν,
1264 2941 1483 3002 ἐκείνοις
1539 2938 1593 2993 δὲ
1641 2940 1707 2994 τὰ
1756 2945 1854 3004 τῆς

1945 2936 2097 3011 dem,
2137 2937 2527 3016 persuadetur
2577 2947 2770 3000 tamen
2829 2941 2959 3020 ipse
3008 2942 3249 3022 quidem
3301 2943 3580 3024 accipere

211 3033 388 3111 εὒχῆς
439 3043 746 3110 παρασχεῖν
789 3030 883 3086 καί
933 3034 1031 3096 τῆς
1081 3028 1355 3106 εὐλογίας.
1394 3034 1569 3086 Ταῦτα
1599 3026 1737 3095 δῆλα
1768 3029 1854 3084 καὶ

1945 3025 2490 3105 sacerdotium,illis
2522 3045 2658 3088 vero
2692 3027 2957 3107 praebere
2984 3047 3194 3110 preces
3217 3039 3276 3094 et
3297 3031 3581 3096 benedic-

209 3127 294 3194 τῷ
334 3119 546 3198 βασιλεῖ
603 3127 824 3198 γίνεται,
855 3120 944 3175 καὶ
996 3123 1092 3186 τῆς
1123 3119 1309 3194 ὁμοίας
1339 3119 1498 3176 αὐτὸν
1523 3114 1854 3193 ὶμπίπλησιν

1945 3111 2183 3203 tionem.
2217 3113 2356 3175 Haec
2383 3115 2727 3195 imperatori
2788 3136 3021 3198 quoque
3053 3119 3485 3203 significantur,
3521 3133 3580 3186 et

203 3210 407 3280 ἡδονῆς
431 3211 518 3266 καὶ
546 3208 878 3276 ἐκπλήξεως.
1129 3295 1152 3308 ᾗ
1366 3296 1380 3308 ἢ
1737 3297 1746 3308 ¹

1945 3200 2117 3263 simili
2147 3220 2282 3263 eum
2310 3204 2542 3284 replent
2569 3203 2775 3267 laetitia
2804 3214 2863 3266 et
2889 3207 3304 3271 admiratione.

295 3297 445 3374 KQ”.
503 3297 663 3356 Οὐδὲν
721 3297 810 3354 οὖν
870 3297 1010 3376 μέγα
1065 3295 1180 3356 οὐδὲ
1228 3302 1325 3364 τῆς
1357 3296 1541 3377 ἀρχὼς
1585 3297 1850 3376 φρονήσας

2019 3289 2381 3380 XXVI.Cum
2405 3311 2522 3353 non
2547 3311 2691 3372 ergo
2718 3297 3009 3372 ingentes,
3041 3296 3141 3377 qui
3171 3305 3310 3359 sunt
3338 3299 3577 3380 imperii

211 3391 443 3468 οἰκεῖον,
489 3387 626 3445 ἀλλὰ
669 3388 850 3463 μαθὼν
899 3386 1022 3444 ὅσον
1069 3385 1180 3443 ἐστὶ
1233 3385 1504 3463 βασιλείας
1546 3387 1708 3464 ἁρετὴ
1764 3407 1850 3441 τι-

1945 3379 2550 3460 proprii,sumpsisset
2571 3383 2950 3463 spiritus,sed
2971 3379 3578 3468 didicissetquautuir.

212 3435 443 3468 -.η-ω,
490 3435 626 3445 ...η-
669 3435 847 3463 rm...
903 3435 1018 3444 η-.
1070 3435 1180 3443 --η
1233 3435 1502 3463 ..η---.πη
1547 3435 1708 3464 ﬁl"-..
1777 3435 1813 3441 --

211 3479 501 3558 μιώτερον,
555 3476 724 3532 ἄνεισι
780 3479 875 3533 καί
931 3476 1086 3539 αὐτὸς
1130 3477 1261 3553 πρὸς
1319 3477 1499 3549 αὐτὸν,
1533 3477 1620 3530 καὶ
1673 3473 1853 3553 ὥσπερ

1977 3435 2041 3442 --
2198 3435 2324 3442 η---
2373 3435 2549 3443 _-----
2571 3435 2599 3444 ν
2621 3435 2950 3458 -.-π-,ης
2973 3435 3280 3449 --.ην-ην.
3336 3435 3577 3451 ............

1945 3435 2014 3531 Eu
2042 3435 2227 3530 virttis
2255 3435 2504 3550 imperio
2525 3435 3061 3553 priestantiorﬁpse
3087 3435 3329 3554 quoque
3348 3476 3419 3535 ad
3441 3495 3577 3537 eum

213 3571 310 3624 τὸν
356 3557 512 3647 τῦφον
554 3568 642 3623 καὶ
673 3565 772 3632 τὴν
801 3564 1068 3642 βασίλειςν
1122 3565 1285 3643 ὀφρὺν
1335 3565 1481 3620 κάτω
1531 3561 1703 3619 λιπὼν
1751 3567 1850 3619 xuii.

1945 3557 2222 3632 ascendit,
2255 3566 2314 3619 et
2340 3560 2587 3638 perinde
2615 3578 2684 3622 ac
2715 3561 2768 3621 si
2798 3563 3026 3638 regium
3049 3561 3260 3623 fastum
3282 3571 3339 3623 et
3359 3580 3576 3642 super-

208 3655 640 3733 ἆπολυσάμενος,
699 3654 887 3732 βάλλει
934 3655 1033 3730 μὲν
1081 3654 1266 3710 ἑαυτὸν
1318 3654 1392 3716 εἰς
1443 3657 1568 3730 γῆν,
1633 3652 1856 3708 ἅπτεται

207 3746 264 3804 δὲ
319 3753 426 3803 τῶν
482 3744 639 3822 ἱερῶν
702 3744 904 3802 ἐκείνου
956 3741 1154 3823 ποδῶν,
1219 3741 1502 3820 καθαπερεὶ
1567 3746 1646 3814 τῷ
1693 3749 1858 3798 ταῦτα

205 3849 386 3894 ποιεῖν
445 3841 634 3912 μεῖζον
670 3834 705 3902 ἢ
736 3835 875 3891 κατὰ
924 3831 1145 3910 βασιλέα
1190 3832 1518 3908 τιμώμενος.
1551 3829 1855 3905 Ἀψάμενος

207 3923 264 3981 δὲ
340 3923 637 4003 πληροῦται
697 3925 965 4000 θαύματος
1024 3921 1061 3990 ἢ
1130 3920 1384 4000 πρότερον
1463 3923 1490 3976 6
1549 3917 1804 3983 Γελάσιος
1835 3933 1850 3948 ·

209 4012 369 4079 πόδες
431 4015 532 4093 γὰρ
581 4013 779 4070 ἐκεῖνοι
836 4011 952 4069 λίαν
1005 4009 1329 4085 ἐξῳδηκότες
1368 4009 1504 4077 ἦσαν
1559 4007 1657 4066 καῖ
1716 4007 1854 4072 ὅλως

209 4105 458 4182 βρύοντες
516 4101 719 4180 ἕλκεσι,
763 4104 852 4160 καὶ
915 4102 982 4169 ἦν
1035 4103 1250 4182 φρικτὸν
1322 4102 1456 4177 ὁμοῦ
1505 4100 1595 4156 καὶ
1651 4099 1857 4176 οἰκτρὸν

211 4192 347 4250 ἰδεῖν
399 4194 488 4250 καὶ
529 4190 784 4268 ἅψασθαι.
833 4190 964 4249 Τότε
1013 4197 1140 4269 γοῦθ
1183 4192 1210 4245 6
1268 4187 1516 4266 βασιλεὺς
1574 4187 1731 4243 αὐτὸν
1761 4186 1857 4243 καῖ

1939 3647 2134 3705 cilium
2157 3649 2480 3719 reliquisset
2511 3653 2835 3714 interius.et
2866 3667 2926 3707 se
2947 3651 3222 3723 exuisset,
3255 3668 3316 3709 se
3343 3655 3579 3725 quidem

1939 3732 2105 3792 humi
2142 3735 2486 3814 prosternit,
2523 3735 2707 3813 tangit
2735 3744 2932 3796 autem
2965 3753 3165 3797 sacros
3187 3738 3345 3798 illius
3366 3739 3575 3818 pedes,

1937 3821 2109 3898 quasi
2129 3822 2254 3883 haec
2274 3821 2544 3884 faciendo
2569 3823 2754 3901 magis
2774 3825 3192 3906 honoraretur,
3217 3845 3391 3907 quam
3417 3826 3579 3904 quod

1938 3919 2095 3970 esset
2123 3909 2636 3990 imperator.Quos
2660 3931 2795 3973 cum
2824 3912 3140 3995 tetigisset,
3168 3916 3451 3995 impletur
3479 3915 3584 3977 ad-

1938 3998 2436 4080 miratione,sicut
2459 4001 2619 4081 prius
2638 4000 2928 4079 Gelasius;
2957 4018 3128 4065 erant
3161 4006 3322 4066 enim
3347 4004 3432 4064 illi
3467 4022 3579 4086 pe-

1936 4088 2043 4150 des
2070 4088 2232 4149 valde
2262 4099 2646 4170 tumentes,et
2667 4091 2909 4151 omnino
2928 4102 3225 4154 scatentes
3252 4093 3578 4174 ulceribus,

1936 4187 2183 4258 eratque
2228 4177 2400 4239 simul
2435 4180 2720 4241 horribile
2752 4189 2810 4241 et
2845 4179 3183 4243 miserabile
3213 4182 3350 4244 illos
3380 4183 3583 4244 videre

212 4282 404 4340 διττῶν
458 4266 612 4360 βάσιν
678 4284 871 4338 κιόνων
955 4266 1206 4358 δωρεῖται
1273 4277 1359 4342 οὒς
1436 4275 1592 4373 αὐτὸς
1649 4273 1850 4373 ἵδρυσε,

1945 4277 1999 4329 et
2028 4275 2299 4344 tangere.
2348 4266 2516 4330 Tunc
2545 4287 2687 4348 ergo
2715 4268 3043 4350 imperator
3074 4270 3257 4333 donat
3288 4289 3423 4373 eum
3459 4271 3584 4373 basi

212 4356 489 4452 διχθάδιον
544 4374 638 4429 τὸν
689 4369 878 4428 στῦλον
931 4356 1273 4444 επονομάσας
1306 4382 1321 4397 ⁸
1382 4365 1442 4422 οὗ
1492 4363 1589 4457 καί
1652 4362 1854 4457 Δανιηλ

1945 4356 2309 4435 geminarum
2343 4358 2778 4434 columnarum,
2805 4376 2952 4457 quas
2985 4360 3114 4440 ipse
3145 4361 3582 4441 posuit,dupli-

213 4447 497 4518 ἰπιΒαίνων
553 4460 790 4542 ἔχαιρεν.
828 4457 1085 4549 ΔἘκεῖνός
1127 4477 1185 4513 τε
1240 4457 1340 4549 γὰρ
1363 4457 1474 4549 --τῷ
1527 4453 1660 4549 ὕψει·
1707 4452 1853 4549 μᾶλ-

1945 4463 2066 4508 cem
2124 4464 2256 4508 eam
2315 4447 2652 4508 columnam
2718 4448 3054 4509 nominans.
3117 4455 3309 4520 Quam
3368 4465 3585 4510 ascen-

211 4550 305 4608 λον
360 4535 722 4629 ἐπῆρτοίνκαὶ
779 4545 947 4611 οὕτως
1005 4546 1118 4620 ἅμα
1171 4535 1320 4624 πρὸς
1357 4544 1589 4610 ἄσκησιν
1643 4542 1852 4598 ἐπετεί-

1945 4535 2087 4596 deus
2111 4535 2420 4597 laetabatur
2451 4535 2842 4600 Daniel.Nam
2877 4547 2935 4598 et
2985 4538 3093 4629 illa
3114 4547 3241 4600 erat
3271 4537 3588 4600 sublimior

210 4661 331 4698 νετο
364 4687 381 4716 ,
438 4597 617 4716 θξροθς
699 4639 798 4714 μὲν
887 4597 1298 4717 φλογοΓδὲστεβον
1349 4636 1506 4693 αὐτὸν
1560 4629 1850 4717 βάλλοντος

1945 4625 2279 4699 ultitudine,
2331 4633 2390 4685 et
2421 4625 2546 4686 hac
2594 4597 2770 4717 etiam

220 4687 330 4698 ν--ν
443 4687 494 4697 π
532 4687 616 4704 ην
745 4687 792 4694 --
1031 4687 1200 4692 --η-ν
1246 4687 1289 4690 -.
1354 4687 1468 4693 πη
1560 4687 1571 4708 ,
1656 4687 1659 4688 ν
1714 4687 1717 4688 ν
1803 4687 1849 4694 -.

208 4735 306 4787 τοῦ
355 4687 532 4804 illico:
587 4687 860 4809 χειὲὧνος
890 4687 958 4783 ἴδὲ
1003 4687 1334 4804 ιξδυχρότιερον
1389 4729 1482 4779 τοῦ
1524 4721 1700 4817 ἀέροςΣ
1735 4712 1851 4817 ,Ὦς

1945 4687 2302 4792 citationem,
2338 4723 2536 4775 testate
2589 4715 2856 4795 quidem,
2910 4717 3218 4780 ardentius
3275 4735 3412 4780 eum
3463 4719 3590 4781 sole

208 4818 264 4874 δὲ
321 4821 409 4874 καὶ
450 4802 550 4886 τῆς
742 4815 954 4892 ἀνέμων
998 4802 1138 4891 βίας,
1172 4802 1360 4891 χιόνος
1394 4833 1447 4868 τε
1484 4815 1571 4867 καὶ
1601 4809 1850 4889 χαλάζης

1945 4802 2226 4876 feriente;
2287 4802 2488 4863 hieme
2543 4814 2739 4864 autem
2772 4822 2910 4864 aere
2940 4806 3233 4884 frigidius.
3269 4807 3416 4869 Cum
3451 4825 3590 4868 vero

208 4909 440 4986 ἰσχυρῶς
500 4905 901 4981 ἐπιτεταμένων
989 4904 1078 4959 καὶ
1158 4900 1353 4968 ἥκιστα
1428 4900 1670 4978 φορητὴν
1722 4897 1852 4986 ,ἐπι-

210 4985 522 5053 δεικνύντων
607 4996 706 5061 τὴν
778 4995 1076 5073 καρτερίαν,
1139 4989 1325 5066 ἀμέλει
1402 4993 1493 5045 καὶ
1561 4985 1735 5044 πολλά
1789 4987 1854 5042 τὰ

210 5085 454 5161 θαύματα
505 5083 782 5153 ἠκολούθει
809 5099 824 5114 ⁸
901 5082 1032 5160 ὅπερ
1089 5080 1207 5155 ἐμοὶ
1261 5081 1324 5135 τὸ
1366 5079 1542 5154 μῆκος
1607 5079 1854 5155 φεύγοντι

213 5181 305 5233 τοῦ
359 5173 520 5253 λόγου
579 5174 638 5231 οὔ
694 5172 866 5230 πάντα
907 5169 1081 5250 ῥᾴδιον
1137 5166 1398 5243 ὶξειπεῖν,
1431 5165 1568 5222 ἀλλὰ
1616 5167 1681 5221 τὰ
1727 5187 1852 5222 και-

211 5265 443 5346 ριώτατα
474 5264 637 5340 μόνον
665 5263 738 5329 ὡς
768 5265 802 5332 ἡ
833 5263 1152 5341 ὑπόσχεσις.
1183 5258 1252 5316 ’Ὀ
1284 5255 1507 5346 δὲμηδὲ
1547 5254 1855 5346 βουλομένῳ

210 5344 427 5412 δυνατὸν
458 5351 768 5431 παρελθεῖν,
800 5358 954 5408 τοῦτο
981 5357 1068 5406 νῦν
1097 5350 1170 5411 ὡς
1199 5346 1317 5427 ἔχω
1346 5344 1508 5425 λόγου
1535 5344 1854 5422 πειράσομαι

207 5442 588 5526 διηγήσασθαι.

658 5639 922 5701 PATROL.
969 5635 1085 5698 Gn.
1129 5632 1337 5696 CXVI.

1939 4900 1997 4953 et
2026 4893 2112 4952 vis
2143 4899 2480 4968 ventorum,
2512 4893 2785 4972 nivisque
2811 4900 2870 4954 et
2897 4896 3205 4972 grandinis
3263 4898 3590 4959 vehemen-

1939 4990 2031 5042 ter
2062 4987 2396 5063 impeteret,
2450 4992 2510 5042 et
2565 4982 2906 5043 violentiam
2956 4987 3346 5047 ostenderent
3401 4987 3588 5046 mini-

1940 5089 2037 5132 me
2063 5071 2625 5143 tolerabilem,certe
2650 5072 2832 5132 multa
2854 5075 3376 5153 consequebantur
3403 5075 3588 5136 mira-

1940 5159 2110 5222 cula:
2145 5178 2276 5241 quae
2307 5159 2548 5240 quidem
2581 5161 2751 5240 mihi,
2788 5160 2993 5221 vitanti
3021 5163 3420 5242 prolixitatem
3454 5182 3595 5225 ora-

1949 5250 2150 5330 tionis,
2186 5268 2304 5310 non
2335 5260 2474 5311 sunt
2505 5251 2705 5312 omnia
2735 5253 2898 5312 uictu
2944 5251 3140 5314 facilia
3186 5275 3199 5312 :
3237 5254 3342 5315 sed
3377 5255 3593 5331 solum,

1942 5357 2078 5421 quae
2099 5349 2237 5400 sunt
2258 5340 2576 5419 praecipua,
2614 5348 2830 5400 utsum
2865 5341 3363 5423 pollicitus.Quod
3396 5352 3597 5406 autem

1941 5447 2054 5490 nec
2075 5428 2125 5489 si
2144 5429 2319 5490 velim
2344 5429 2608 5509 quidem,
2643 5447 2886 5510 possum
2915 5433 3247 5511 praeterire,
3277 5435 3390 5497 hoc
3412 5453 3594 5516 nunc,

1937 5529 2226 5597 quantum
2253 5527 2461 5599 potero
2485 5520 2719 5602 assequi
2745 5521 3311 5600 oratione,couabor
3332 5542 3600 5595 narrare.

3122 5632 3196 5696 32
