4066 6146
519 138 671 208 1003
1681 137 2066 208 ADDENDA.
2139 162 2215 186 -'-

596 277 971 344 XXVIIJam
997 278 1231 362 pridem
1256 274 1497 358 quidem
1515 275 1881 357 principium
1907 273 2161 336 habebat
2180 283 2218 331 Α

515 369 658 430 anni
686 369 966 446 ambitus,
1023 377 1082 431 et
1113 365 1335 430 mensis
1366 364 1642 445 instabat,
1702 383 1878 446 quem
1908 362 2161 426 Romani

515 468 727 520 vocant
758 459 1200 541 Septembrem,
1229 455 1291 516 in
1325 473 1442 535 quo
1487 455 1677 534 magni
1728 455 2002 534 martyris
2035 454 2159 513 Ma-

519 549 734 610 mantis
752 549 965 611 festum
991 549 1070 629 pii
1096 544 1699 625 celebrant.Vespere
1721 560 1890 622 ergo,
1923 541 2160 622 quando

518 636 733 698 festum
757 657 791 699 a
816 638 928 718 piis
951 641 1406 718 praeparatur,et
1431 642 1555 696 tota
1589 643 1762 695 nocte
1791 631 1986 710 agitur
2013 631 2160 710 vigi-

521 725 809 802 lia,ﬁnem
840 726 1054 806 accipit
1084 727 1281 804 magni
1321 722 1586 785 Danielis
1614 722 1948 804 prophetia,
1971 729 2031 781 et
2059 737 2162 782 re-

523 816 775 894 pentein
791 823 1043 877 maxima
1055 824 1114 877 et
1132 813 1296 892 regia
1313 812 1547 876 civitate
1568 808 2160 891 incipitincendium,

523 903 680 982 quod
713 923 900 984 usque
929 903 1078 965 adeo
1109 911 1198 964 est
1230 901 1576 983 excitatum,
1616 909 1675 962 et
1716 899 1865 960 adeo
1897 898 2161 975 invaluit,

520 997 583 1051 ut
608 990 730 1054 fere
754 992 1092 1054 universam
1114 989 1470 1053 contriverit
1487 989 1596 1051 civi
1609 986 1964 1053 tatem.Nam
1991 986 2168 1066 cepit

520 1079 760 1160 quidem
793 1102 823 1142 a
859 1080 1165 1162 muro,qni
1188 1087 1277 1142 est
1299 1087 1543 1160 propter
1567 1097 1752 1158 mare,
1779 1096 1956 1159 quem
1990 1077 2166 1138 etiam

521 1169 1052 1232 nominantnavale
1078 1191 1092 1245 ;
1123 1168 1393 1249 pervenit
1429 1176 1628 1230 autem
1654 1185 1845 1248 usque
1877 1166 1951 1229 ad
1974 1165 2166 1226 forum

522 1260 912 1336 Constantini,
950 1270 1011 1321 et
1060 1258 1299 1340 pertigit
1345 1257 1420 1320 ad
1452 1265 1685 1338 portum
1722 1257 1961 1330 Iuliani,
1997 1255 2164 1336 quasi

521 1349 780 1410 mediam
812 1349 1097 1412 cinxisset
1126 1348 1452 1410 civitatem.
1479 1346 1607 1420 Quo
1660 1347 1720 1407 in
1753 1346 1883 1406 loco
1911 1352 1970 1407 et
1997 1363 2166 1407 com-

520 1438 814 1517 prehensa
849 1447 986 1501 sunt
1016 1443 1290 1499 universa
1320 1455 1596 1518 corpora;
1623 1453 1991 1518 quaecunque
2023 1452 2163 1495 vero

521 1525 688 1589 fuere
719 1528 1178 1612 comprehensa,
1209 1525 1387 1588 facile
1415 1526 1749 1607 perierunt;
1775 1532 1832 1586 et
1851 1524 1936 1586 sic
1965 1530 2167 1603 pastus

2286 135 2716 206 DEGEMBEB.
3700 121 3819 195 1004

2329 275 2457 336 KZ'.
2506 275 2659 352 ’Ἄρτι
2704 275 2802 348 μὲν
2847 270 3025 351 ἀρχὴν
3074 273 3212 352 εἶχεΔ
3248 265 3591 323 τοῦ.ἒνιαυτοῦ
3616 263 3824 352 inrepte-

2244 364 2355 437 δος,
2402 367 2490 420 καὶ
2543 365 2649 440 μὴν
2712 363 3008 430 ἐνειστήκει
3082 360 3138 415 ὃν
3201 349 3454 431 Ῥωμαῖοι
3519 350 3827 428 Σεπτεμϐριον

2245 452 2534 532 γαλοῦσιν,
2611 453 2665 509 ἐν
2741 453 2786 525 ᾧ
2855 451 2940 508 καὶ
3013 453 3090 521 τῷ
3155 445 3575 532 μεγαλομάρτυρι
3622 443 3830 532 μάμαντι

2245 543 2433 620 ἑορτὴν
2477 530 2693 621 ἄγουσιν
2735 544 2782 598 οἱ
2837 542 3102 620 φιλόθεοι.
3164 534 3418 614 Ἐσπέρας
3476 531 3581 604 οὗν,
3617 530 3694 587 ὅτε
3742 543 3833 596 τοῖς

2247 628 2479 689 εὐσεϐέσι
2528 620 2600 688 τὰ
2656 635 2752 697 τῆς
2813 630 3002 708 ἑορτῆς
3063 622 3401 705 προτελεϊται
3465 623 3552 678 καὶ
3608 620 3836 699 πάννυχος

2245 721 2460 798 ἄγεται,
2493 718 2647 785 τέλος
2704 722 2739 788 ἡ
2802 705 3096 799 προφητεία
3157 720 3250 771 τοῦ
3303 711 3534 792 μεγάλου
3593 705 3836 783 λαμϐάνει,

2246 812 2334 866 καὶ
2381 806 2529 890 ἄφνω
2587 816 2656 887 τῇ
2700 811 2926 888 μεγίστῃ
2957 804 3184 884 βασιλίδι
3235 809 3338 859 τῶν
3371 799 3575 890 πόλεων
3604 799 3629 854 6
3658 799 3840 890 ἐμπρη-

2248 901 2383 974 σμὸς
2430 886 2686 979 άρχεται,
2732 886 2819 954 καὶ
2887 902 3134 954 τοσοῦτον
3185 891 3344 972 ἤρθη,
3398 891 3485 947 καὶ
3514 888 3671 950 οὕτως
3701 886 3844 966 ἴσχυ-

2250 1010 2358 1067 σεν,
2416 991 2488 1054 ὡς
2548 991 2737 1068 μικρόῦ
2794 993 2966 1044 πᾶσαν
3022 985 3262 1060 ἐκτρέψαι
3307 983 3402 1048 τὴν
3433 980 3606 1038 πόλιν.
3651 975 3845 1054 Ἠρξατο

2252 1065 2353 1152 μὲν
2403 1079 2502 1156 γὰρ
2532 1065 2758 1134 ὰπὸ-τοῦ
2790 1072 3218 1155 παραθαλασσίου
3247 1072 3486 1150 τείχους,
3528 1068 3554 1124 ὃ
3602 1067 3682 1123 καὶ
3734 1065 3845 1120 νεώ-

2252 1190 2364 1246 ριον
2393 1167 2727 1242 ὀνομάζουσι,
2763 1166 2943 1246 φθάνει
2974 1162 3028 1219 δὲ
3059 1163 3146 1219 καὶ
3189 1162 3259 1223 εἷς
3308 1162 3400 1215 16v
3448 1164 3539 1214 τοῦ
3598 1167 3844 1214 Κωνσταν-

2252 1257 2392 1316 τίνου
2448 1257 2607 1334 φόρον
2665 1257 2751 1312 καὶ
2803 1253 2904 1318 ἕως
2959 1251 3249 1310 Ἰουλιανοῦ
3305 1249 3521 1325 λιμένος
3560 1248 3840 1342 ⁴ιξεριχωρεῖ,

2248 1347 2437 1403 ὡσανεὶ
2499 1346 2669 1421 μέσην
2725 1346 2824 1413 τὴν
2879 1342 3034 1400 πόλιν
3092 1339 3548 1418 περιζωσάμενον.
3579 1339 3740 1394 ἾἘνθεν
3779 1356 3842 1389 τοι

2248 1437 2336 1492 καὶ
2392 1442 2494 1492 πᾶν
2545 1439 2701 1510 σῶμα
2772 1429 3226 1507 κατελαμϐάνετο,
3309 1434 3405 1486 πᾶν
3478 1426 3532 1483 δὲ
3574 1428 3632 1482 16
3679 1421 3843 1503 ληφθὲν

2249 1525 2480 1589 εὐκόλως
2524 1524 2828 1597 ἀπώλλυτο,
2875 1526 2969 1579 καὶ
3014 1523 3076 1578 16
3120 1527 3218 1597 πῦρ
3264 1518 3431 1582 οὕτως
3488 1514 3844 1594 ὑλοτροφούμεο

519 1615 764 1693 ignis,in
789 1601 1104 1679 maximam
1134 1601 1322 1677 crevit
1345 1601 1922 1693 ﬂa'mmam,eratque
1945 1601 2164 1674 malum

2249 1637 2336 1672 νον
2378 1616 2466 1670 ἒπὶ
2517 1616 2774 1692 μεγίστην
2819 1612 2952 1692 ἤρθη
2995 1611 3096 1678 τὴν
3140 1608 3315 1688 φλόγα
3350 1623 3364 1637 ⁸
3413 1607 3500 1664 καὶ
3549 1605 3702 1694 κακον
3732 1601 3846 1678 ἅμα·

520 1703 1018 1786 inexpugnabile;
1045 1706 1268 1786 quippe
1290 1723 1426 1766 com
1449 1702 1737 1784 quidquid
1761 1702 1834 1764 ad
1865 1720 2038 1783 opem
2070 1701 2162 1764 fe-

518 1794 767 1856 rendam
827 1794 1212 1869 atferebatur,
1247 1801 1599 1872 argueretur
1648 1792 1796 1854 nihil
1848 1791 2160 1872 proﬁcere.

521 1881 891 1964 Quapropter
925 1883 1142 1944 multas
1202 1882 1450 1963 quidem
1485 1881 1724 1958 domus,
1760 1881 1942 1942 multa
1968 1889 2166 1941 autem

524 1972 772 2051 templa,
801 1973 1186 2053 virorumque
1206 1979 1267 2034 et
1287 1971 1608 2034 mulierum
1659 1970 1950 2050 prosepsit
1976 1969 2164 2049 depa-

521 2078 696 2122 scens
717 2060 1160 2122 multitudinem
1189 2081 1203 2124 ε
1240 2061 1408 2122 multi
1439 2058 1874 2141 vero,partihus
1897 2067 1955 2120 et
1984 2077 2169 2120 mem-

523 2147 651 2210 bris
679 2150 972 2231 corporis,
1009 2168 1141 2231 quae
1171 2150 1470 2212 invaserat
1499 2149 1680 2229 ignis,
1714 2148 1906 2210 statim
1939 2146 2168 2210 mutila-

523 2236 1062 2318 bantur,erantque
1083 2237 1576 2314 semiustulati,et
1598 2236 1796 2301 media
1815 2246 1982 2318 parte
2006 2237 2166 2312 caesi,

525 2326 992 2389 miserabiliores
1022 2327 1231 2407 iis,qui
1253 2327 1500 2389 omnino
1525 2345 1664 2388 cum
1691 2326 1815 2388 suis
1838 2326 2164 2406 perierant.

525 2413 665 2477 Erat
713 2433 856 2495 ergo
890 2415 1250 2496 periculum,
1281 2433 1380 2491 ne,
1412 2413 1571 2496 quod
1629 2414 1799 2494 vulgo
1831 2414 2171 2478 celebratur

527 2502 688 2565 orbis
720 2511 892 2566 terrae
923 2504 1298 2585 miraculum,
1332 2503 1728 2576 Constantini,
1754 2504 2172 2584 inquam,civi-

529 2603 638 2672 tas,
663 2602 1015 2655 cerneretur
1045 2592 1163 2673 pati
1195 2592 1412 2654 similia
1433 2591 1714 2655 incendio
1741 2593 2165 2655 Sodomorum.

529 2679 637 2743 Vix
671 2682 1088 2757 tandem,utin
1113 2689 1275 2744 tanto
1309 2682 1489 2756 malo,
1524 2683 1612 2743 eis
1633 2681 1794 2744 venit
1817 2681 1876 2744 in
1909 2689 2167 2745 mentem

531 2771 721 2831 sancti
743 2769 1004 2832 Danielis
1027 2771 1354 2850 praedictio,
1387 2778 1446 2833 et
1475 2771 1732 2834 credunt
1757 2772 1979 2846 fore,ut
2007 2771 2169 2834 illius

529 2858 720 2920 solum
755 2858 1035 2938 precibus
1065 2861 1287 2921 malum
1317 2859 1777 2922 vincatur.Hinc
1800 2861 2017 2923 factum
2051 2868 2166 2942 est,

533 2955 596 3007 ut
624 2947 696 3008 ad
727 2967 860 3011 eum
895 2967 1105 3027 magna
1126 2950 1428 3011 celeritate
1459 2949 1903 3025 currerent,ille
1925 2949 2167 3030 quidem

537 3037 801 3116 pecunia;
820 3011 1046 3099 deﬂexis
1087 3037 1498 3119 privationem,
1532 3039 1629 3100 hic
1652 3011 1984 3114 servbruni,
2019 3037 2169 3100 alius
2187 3011 2228 3062 ο

535 3125 768 3198 domus,
802 3125 953 3186 alius
983 3132 1310 3189 amicorum
1339 3149 1355 3205 ;
1399 3137 1457 3188 et
1487 3127 1584 3188 hic
1615 3126 1856 3207 quidem
1888 3135 2168 3205 cognato-

528 3213 796 3298 rumg,ille
819 3231 955 3274 vero
982 3215 1182 3276 uxoris
1206 3223 1264 3276 et
1288 3233 1531 3277 suorum
1559 3215 1842 3291 ﬁliorum,
1877 3216 2027 3278 alius
2057 3233 2169 3279 au-

528 3307 646 3362 tem
681 3301 944 3364 omnium
999 3302 1370 3367 facultatum.
1425 3305 1674 3384 Propter
1719 3323 1851 3385 quae
1900 3312 2167 3367 sanctum

529 3397 688 3451 tanto
717 3390 926 3452 dolore
956 3392 1233 3466 aﬂ‘ecere,
1286 3400 1349 3453 nt
1395 3400 1550 3456 totus
1580 3393 1845 3474 repletus
1873 3393 2166 3474 lacrymis,

528 3496 632 3540 eos
655 3479 967 3542 damnaret
999 3481 1398 3560 negligentiae,
1437 3483 1594 3563 quod
1626 3482 1756 3564 ipso
1800 3482 1886 3544 eis
1917 3486 2168 3545 multum

529 3569 879 3630 testiﬁcante
911 3578 970 3630 et
1000 3571 1383 3651 praedicente,
1420 3571 1639 3634 malum
1684 3571 2033 3652 poenitentia
2078 3573 2168 3634 vi-

531 3663 654 3718 tare
683 3676 802 3719 non
835 3660 1103 3721 curarint
1139 3681 1151 3722 :
1188 3668 1250 3721 ut
1281 3661 1382 3742 qui
1414 3661 1474 3722 in
1508 3661 1786 3741 patiendo
1817 3663 2009 3723 solum
2033 3662 2165 3724 fue-

525 3746 645 3808 rint
663 3745 1085 3823 Ninivitae,non
1106 3751 1283 3812 etiam
1309 3755 1368 3811 in
1393 3749 1912 3832 poenitendoﬂaac
1931 3750 2164 3826 dicens,

529 3834 648 3895 illis
677 3836 920 3916 quidem
954 3837 1040 3901 sic
1070 3838 1356 3900 suadebat
1392 3858 1594 3902 curam
1627 3858 1838 3919 gerere
1883 3840 2167 3902 orationis

529 3931 588 3983 et
600 3924 1004 4002 jejunii.Quin
1031 3928 1206 3990 etiam
1231 3929 1359 4008 ipse
1376 3933 1618 4010 quoque
1640 3949 1850 3992 manus
1869 3930 1930 3991 in
1952 3930 2165 3992 ccelum

523 4012 766 4090 tollens,
801 4015 961 4077 illinc
991 4016 1347 4096 implorabat
1371 4019 1684 4095 auxilium;
1707 4025 1770 4082 et
1792 4030 1923 4100 post
1941 4019 2166 4081 oratio-

527 4119 690 4178 nem,
722 4123 857 4164 cnm
891 4105 979 4166 eis
1008 4105 1256 4169 dixisset
1279 4108 1454 4169 ﬁnem
1479 4107 1970 4182 calamitatis,eos
1991 4107 2162 4169 dimi-

526 4189 1036 4274 sit.Postseptem,
1068 4195 1424 4277 inquit,dies
1447 4195 1767 4257 cessabunt
1789 4195 1966 4258 minae
1986 4196 2162 4276 ignis.

525 4279 625 4342 Sic
652 4280 753 4344 ille
779 4283 946 4364 dixit,
982 4291 1040 4346 et
1068 4303 1166 4346 res
1197 4293 1286 4346 est
1317 4294 1659 4348 consecuta.
1704 4283 1972 4364 Septimo
2002 4287 2164 4348 enim

525 4369 624 4431 die
655 4390 773 4432 non
803 4381 929 4434 erat
957 4375 1210 4453 amplius
1241 4373 1423 4452 ignis.
1474 4375 1638 4436 Tunc
1669 4383 1727 4436 et
1769 4373 1936 4454 alios,
1972 4384 2030 4437 et
2058 4393 2162 4438 eos

523 4463 626 4535 qui
655 4459 939 4536 gerebant
968 4462 1368 4541 magistratus,
1400 4463 1540 4542 quin
1564 4462 1738 4525 etiam
1757 4463 1951 4544 ipsum
1972 4463 2159 4546 impe-

521 4553 779 4636 ratorem
807 4549 1054 4610 incessit
1082 4558 1294 4630 metus,
1323 4559 1602 4614 etsecum
1635 4562 1936 4634 assumpta
1966 4555 2158 4636 impe-

519 4635 760 4711 ratrice,
793 4636 861 4697 ﬁt
882 4637 1131 4717 supplex
1154 4639 1324 4701 beato
1354 4639 1612 4718 Danieli,
1645 4661 1750 4724 pro
1783 4661 1854 4706 eo
1884 4635 2158 4722 quidem,

521 4725 678 4804 quod
709 4725 1607 4809 praeterierat,misericordiam,
1635 4731 2016 4795 securitatem
2047 4751 2159 4796 au-

523 4819 640 4876 tem
675 4815 734 4876 in
766 4815 1022 4880 futurum
1058 4817 1388 4899 postulans.

598 4903 854 4968 XXVIII.
890 4908 1084 4987 Atque
1131 4908 1254 4987 jam
1300 4908 1540 4988 quidem
1597 4917 1730 4990 post
1756 4911 2158 4974 autumnalem

519 4995 972 5058 conversionem
1037 5006 1254 5059 mutato
1317 5006 1585 5079 tempore
1645 5008 1774 5062 erat
1831 5000 2049 5076 hiems,
2102 5009 2161 5064 et

516 5083 710 5145 hiems
734 5085 1126 5164 major,quam
1151 5097 1215 5148 ut
1235 5106 1364 5151 eam
1401 5087 1585 5168 possit
1605 5088 1903 5169 explicare
1925 5089 2114 5154 oratio
2141 5112 2158 5169 ;

516 5191 639 5249 quae
659 5186 849 5236 tamen
872 5180 1252 5250 superabatur
1285 5181 1356 5239 ab
1397 5182 1614 5238 invicto
1642 5185 1906 5254 generosi
1941 5183 2155 5242 animo.

516 5262 817 5324 Cadebunt
839 5270 1037 5326 autem
1067 5265 1294 5328 imbres
1318 5265 1582 5345 plurimi,
1614 5275 1672 5328 et
1692 5276 2005 5331 ventorum
2033 5278 2160 5332 erat

515 5352 778 5430 procella
806 5355 1332 5417 vehemens.Venti
1367 5375 1506 5418 vero
1539 5356 1716 5418 etiam
1752 5357 1910 5420 inter
1931 5377 1995 5422 se
2025 5360 2153 5438 agi-

490 5439 715 5512 ,tabant
746 5441 1126 5522 seditionem,
1179 5453 1242 5505 et
1290 5445 1460 5508 multi
1512 5445 1691 5508 simul
1737 5447 2063 5528 Spirabant,
2097 5457 2155 5511 et

2250 1726 2353 1783 χον
2400 1703 2467 1772 ἦν
2510 1704 2704 1769 παντὸς
2749 1709 2843 1759 τοῦ
2897 1702 3020 1780 πρὸς
3080 1696 3278 1774 ἄμυναν
3335 1693 3708 1783 ἐπιφερομένου
3756 1713 3849 1783 μη-

2251 1781 2337 1848 δεν
2394 1794 2566 1850 ἀνύειν
2625 1790 3014 1872 ελεγλομένου,
3051 1789 3148 1844 Διὰ
3178 1793 3342 1844 ταυτα
3391 1785 3482 1841 καὶ
3535 1782 3724 1846 πολλάς

2251 1882 2442 1956 οἰκίας,
2504 1870 2764 1946 πολλοὺς
2794 1879 2849 1936 δὲ
2907 1880 3087 1958 ναοὺς,
3131 1877 3263 1954 πρὸς
3307 1873 3360 1931 δὲ
3417 1874 3507 1930 καὶ
3552 1871 3721 1942 πλήθη
3761 1870 3850 1958 ,άν-

2252 1969 2385 2048 δρῶν
2431 1993 2484 2027 τε
2519 1972 2606 2027 καὶ
2634 1976 2896 2049 γυναικῶν
2939 1957 3176 2046 διετρπεν
3207 1963 3592 2039 ἐπινεμόμενον
3627 1980 3641 1994 ·
3696 1957 3853 2049 πολλοὶ

2251 2047 2305 2116 δὲ
2349 2059 2486 2136 μέρη
2518 2080 2574 2115 τε
2604 2047 2692 2116 καὶ
2740 2059 2882 2135 μέλη
2938 2063 3028 2114 106
3071 2057 3320 2129 σώματος
3370 2052 3404 2107 ἂ
3435 2053 3495 2108 16
3526 2058 3624 2130 πῦρ
3665 2047 3856 2114 ἐπῆλθεν

2252 2151 2400 2214 εὐθὺς
2456 2149 2942 2227 ἠκρωτηριάζοντο.
3009 2146 3106 2204 Καὶ
3151 2145 3288 2212 ἦσαν
3348 2141 3521 2205 οὕτως
3575 2137 3858 2227 ἡμιφλεγεϊς

2251 2239 2347 2296 καὶ
2379 2241 2658 2314 ἡμίτομοι,
2713 2235 3057 2314 ἐλεεινότεροι
3106 2239 3212 2291 τῶν
3245 2233 3317 2296 εἰς
3349 2229 3504 2292 τέλος
3535 2226 3858 2286 ἀπολωλότων

2251 2341 2367 2392 τοῖς
2422 2312 2638 2392 οἰκείοις
2669 2312 3094 2406 γινόμενοιξτΗν
3141 2325 3228 2380 οὖν
3258 2317 3496 2384 κίνδυνος
3538 2320 3597 2375 16
3637 2314 3858 2395 θρυλλού-

2252 2437 2410 2494 μενον
2439 2421 2612 2493 θαῦμα
2643 2422 2742 2483 τῆς
2787 2413 3126 2491 οἰκουμένης,
3158 2411 3258 2478 τὴν
3305 2407 3697 2469 Κωνσταντῖνου
3743 2408 3855 2484 φημῖ

2387 2511 2492 2562 τῶν
2555 2504 2806 2577 Σοδόμων
2862 2508 3170 2582 ἔμπρησμῷ
3224 2499 3542 2579 πάσχουσαν
3597 2493 3718 2553 ἰδεῖν
3767 2515 3854 2550 πα-

2253 2593 2544 2674 ραπλήσια.
2583 2593 2748 2659 Μόλις
2779 2594 2868 2651 06a
2916 2597 2988 2657 ὡς
3033 2592 3088 2647 ὲν
3130 2591 3366 2664 τοσούτῳ
3408 2592 3564 2660 κακῷ
3604 2587 3638 2652 ἧ
3686 2606 3735 2640 τε
3782 2588 3855 2638 τοῦ

2253 2673 2403 2762 ἆγίου
2433 2683 2720 2764 πρόῤῥησις
2775 2684 2932 2740 αἶ)τοῦ
2972 2682 3160 2761 είσῇει,
3208 2681 3296 2738 καὶ
3338 2685 3446 2735 τῶν
3491 2673 3854 2764 ὲκείνουῗμόνων

2253 2761 2431 2853 εὗχῶν
2476 2761 2645 2841 ἦττον
2702 2771 2944 2852 γενέσθαι
2973 2774 3035 2828 τὸ
3085 2769 3252 2826 δεινὸν
3294 2768 3656 2827 πιστεύουσιν.
3700 2761 3852 2822 ’Ἔνθεν

2250 2851 2350 2920 τοι
2374 2863 2462 2920 καὶ
2489 2883 2647 2942 ταχει
2680 2851 2866 2933 πολλῷ
2896 2862 3026 2941 πρὸς
3057 2859 3216 2916 αὐτὸν
3243 2856 3456 2918 θέουσιν
3489 2859 3516 2914 6
3547 2855 3641 2932 μὲν
3668 2851 3850 2942 χρημά·

2250 2973 2357 3008 των
2407 2941 2832 3028 ἀποκλαιόμενος
2887 2949 3156 3028 στέρησιν,
3219 2951 3246 3005 6
3315 2946 3370 3004 δὲ
3427 2945 3667 3025 δούλων,
3723 2941 3852 3001 ἄλλο(

2252 3042 2444 3118 οἰκίας,
2475 3039 2653 3120 ἕτερος
2701 3040 2890 3122 φίλων,
2923 3041 3011 3096 καὶ
3055 3041 3082 3095 6
3112 3039 3209 3114 μὲν
3254 3042 3552 3117 συγγενῶν,
3596 3037 3623 3093 6
3674 3033 3722 3090 δὲ
3771 3051 3851 3106 γυ·

2252 3131 2431 3195 ναικὸς
2459 3136 2546 3188 καί
2589 3129 2789 3188 παίδων
2832 3130 3010 3204 αὑτοῦ,
3063 3130 3090 3184 6
3119 3127 3174 3184 δὲ
3218 3127 3304 3184 καὶ
3360 3127 3578 3185 πάντων
3609 3126 3724 3202 ὁμοῦ
3767 3125 3852 3176 τῶν

2250 3220 2579 3298 προσόντων,
2639 3219 2756 3298 Ἐφ’
2790 3219 2880 3285 οἷς
2929 3217 3069 3276 οὕτω
3113 3215 3381 3296 περιαλγῆ
3413 3218 3509 3273 τόν
3557 3215 3692 3294 ἅγιον
3741 3210 3851 3276 ἔθη·

2250 3329 2371 3378 καν,
2430 3310 2502 3373 ὡς
2560 3309 2649 3365 καὶ
2690 3307 2924 3388 δακρύων
2973 3307 3097 3364 ὅλον
3145 3304 3582 3379 ὑποπλησθὲντα,
3634 3301 3847 3381 ῥᾳθυμίαν

2251 3400 2423 3456 αὐτῶν
2478 3404 2836 3477 καταγνῶναι,
2900 3396 3003 3471 ὅτι,
3077 3394 3250 3454 πολλὰ
3319 3395 3528 3470 τούτοις
3598 3392 3849 3468 διαμαρτυ-

2251 3486 2506 3566 ρουμένου
2555 3508 2612 3543 τε
2668 3489 2756 3544 καὶ
2833 3485 3187 3565 προλέγοντος
3272 3486 3528 3561 μετανοίᾳ
3605 3483 3662 3539 τὸ
3711 3478 3851 3536 δεινὸν

2248 3577 2500 3656 ἔκφυγετν
2558 3579 2655 3636 οὒκ·
2709 3575 3022 3652 ἠγάπησαν,
3083 3585 3354 3633 Νινεδϊται
3387 3573 3551 3648 μόνον
3580 3571 3632 3628 ἐν
3659 3577 3726 3644 τῷ
3761 3589 3851 3623 πα-

2249 3666 2389 3744 θεῖν,
2419 3663 2551 3745 ούχῖ
2600 3667 2689 3722 καὶ
2741 3665 2794 3722 ἐν
2851 3667 2926 3739 τῷ
2986 3664 3324 3743 μεταγνῶναι
3367 3664 3658 3743 γενόμενοι.
3703 3664 3851 3717 Ταῦτα

2249 3753 2420 3833 λέγων
2462 3753 2682 3818 ἐκείνοις
2713 3756 2809 3830 μὲν
2854 3756 2942 3811 καὶ
2998 3753 3162 3818 οὕτως
3194 3753 3358 3834 εὐχῆς
3391 3775 3450 3810 τε
3506 3754 3596 3809 καί
3639 3747 3850 3816 νηστέίας

2251 3843 2618 3919 ἐπιμελεῖσθαι
2678 3844 2922 3923 πάρῇνει,
2979 3847 3076 3900 καὶ
3137 3844 3294 3906 αὐτὸς
3325 3841 3379 3898 δὲ
3423 3843 3518 3906 τὰς
3561 3854 3740 3921 χεῖρας
3791 3835 3850 3898 εἷς

2249 3935 2465 4011 οὐρανὸν
2507 3932 2635 4012 ἄρας
2692 3933 2792 4000 τὴν
2849 3932 3052 3990 ἐκεῖθεν
3109 3931 3430 3989 ἐπεκαλεῖτο
3478 3932 3733 4008 βοήθειαν,
3777 3924 3850 4012 καὶ

2248 4023 2384 4096 μετὰ
2440 4022 2536 4090 τὴν
2595 4022 2764 4102 εὐχὴν
2819 4022 2998 4098 ὥσπερ
3056 4020 3240 4085 αύτοϊς
3293 4021 3393 4089 τήν
3425 4021 3624 4100 ἀρχὴν,
3653 4016 3771 4074 οὕτω
3795 4009 3848 4077 δὴ

2247 4112 2335 4167 καὶ
2377 4112 2439 4168 τὸ
2480 4110 2633 4174 τέλος
2694 4116 2792 4178 τῆς
2841 4115 3112 4191 σαμφορᾶς
3158 4111 3383 4188 εἰρηκὼς
3438 4111 3648 4170 τούτους
3676 4102 3846 4163 ἀπέλυ-

2248 4221 2359 4262 σεν,
2426 4191 2589 4256 Ἑπτὰ
2647 4201 2769 4280 γὰρ,
2822 4199 3012 4280 φησὶν,
3085 4201 3304 4278 ἡμέραι,
3353 4199 3440 4255 καὶ
3485 4201 3519 4268 ἡ
3574 4203 3660 4255 106
3714 4193 3844 4272 πυρῗις

2247 4288 2444 4356 ἀπειλὴ
2475 4290 2750 4360 στήσεται.
2785 4289 2963 4353 Οὕτως
2995 4289 3202 4354 ἐκεῖνός
3241 4310 3300 4346 τε
3331 4288 3482 4366 εἶπε,
3529 4288 3614 4345 καὶ
3642 4289 3696 4343 16
3723 4282 3842 4362 ἔργον

2187 4369 2530 4436 Ι)ὂικ‹5λοι.›θον
2559 4378 2650 4452 ἧν,
2714 4379 2801 4437 καὶ
2842 4380 2904 4434 τὸ
2947 4385 3046 4457 πῦρ
3095 4377 3268 4436 οὐκέτ’
3316 4379 3406 4447 ἦν.
3460 4379 3593 4436 Τότε
3633 4377 3712 4432 καὶ
3746 4372 3842 4432 τοὺς

2243 4467 2434 4534 ἄλλους
2494 4469 2580 4525 καὶ
2640 4469 2763 4534 τοὺς
2827 4467 2882 4524 ἐν
2935 4467 3078 4524 τέλει
3138 4469 3362 4545 πάντας,
3410 4469 3495 4525 καὶ
3529 4468 3680 4526 αὖτὸν
3704 4462 3840 4520 δὲτὸν

2242 4563 2533 4636 κρατοῦντα
2591 4558 2752 4638 φόῗος
2808 4554 3092 4633 λαμϐάνει,
3137 4558 3230 4614 καί
3267 4557 3368 4625 τὴν
3419 4555 3660 4634 βασιλίδα
3697 4572 3834 4638 mp;-

2243 4644 2418 4704 λαϐὼν
2452 4637 2656 4725 οἶκτρὸς
2693 4645 2905 4713 οἰκέτης
2934 4645 3028 4702 106
3057 4646 3316 4725 μακαρίου
3364 4647 3593 4726 γίνεται,
3623 4645 3736 4724 πρὸς
3758 4637 3830 4715 μὲν

2242 4737 2304 4792 τὸ
2336 4734 2596 4814 παρελθὸν
2625 4735 2978 4813 συμπάθειαν,
3010 4737 3142 4814 πρὸς
3190 4733 3244 4792 δὲ
3275 4737 3336 4793 τὸ
3366 4734 3563 4813 μέλλον
3593 4730 3835 4814 ἀσφάλειπν

2242 4823 2609 4902 ἐξαιτούμενος
2620 4867 2637 4885 .

2326 4913 2467 4978 ΚΗ¹,
2502 4911 2645 4983 ’Ἤδη
2703 4914 2801 4990 μὶν
2846 4917 2934 4972 οὗν
2992 4914 3126 4990 μετᾶ
3184 4915 3280 4982 τὰς
3337 4915 3711 4995 φθινοπωρινᾶς
3740 4929 3840 4987 τρο·

2247 5004 2350 5069 πὰς
2411 5012 2506 5061 τοῦ
2562 5007 2744 5084 καιροῦ
2798 5002 3194 5082 μεταϐαλόντος
3254 5007 3471 5085 χειμὼν
3513 5005 3600 5078 ἦν,
3647 5003 3722 5059 καὶ
3748 5019 3844 5078 χει·

2247 5094 2360 5170 μὼν
2391 5093 2553 5172 λόγου
2584 5094 2684 5170 μὲν
2731 5094 3005 5171 κρείττων,
3042 5099 3142 5162 τῆς
3172 5091 3227 5150 δὲ
3262 5102 3353 5152 106
3400 5094 3634 5173 γενναίου
3687 5091 3842 5167 ψυχῆς

2240 5182 2574 5257 ἡττώμενος,
2628 5184 2792 5240 ὑετῶν
2848 5180 2902 5239 δὲ
2959 5182 3184 5250 πλείστη
3243 5183 3513 5264 καταίρορᾶ
3555 5183 3642 5239 καὶ
3681 5198 3843 5235 καται-

2239 5272 2323 5350 γῖς
2381 5271 2593 5347 ἀνέμων
2653 5269 2872 5351 σφοδρά.
2933 5268 3244 5343 Ἐστασίαζε
3289 5270 3342 5328 δὲ
3389 5263 3473 5328 καὶ
3533 5271 3662 5347 πρὸς
3713 5263 3846 5322 ἑαυτᾶ

2237 5361 2303 5417 τὰ
2358 5363 2632 5438 πνεύματα
2666 5409 2682 5436 ,
2749 5362 2835 5418 καὶ
2894 5360 3072 5418 ἔπνεεν
3149 5362 3260 5438 ἅμα
3331 5360 3503 5418 πολλὰ
3559 5359 3643 5416 καὶ
3703 5355 3848 5414 οὓτως

2238 5447 2392 5530 ἄγρια
2437 5453 2512 5515 ὡς
2545 5450 2639 5508 καί
2684 5451 2776 5514 τὰς
2812 5449 3031 5529 σιδηρᾶς
3063 5457 3166 5509 τῶν
3201 5451 3389 5509 κιόνων
3442 5446 3625 5524 Λαϐας,
3661 5445 3712 5502 αἲ
3765 5443 3848 5508 τὴν
