4048 6136
204 217 356 288 1005

1317 221 1502 286 νΙΤΑ
1553 224 1613 285 S.
1661 221 2022 284 DANIELIS
2073 220 2439 284 STYLIT/E.

3419 231 3570 297 1006

197 354 472 432 συμϐολήν
519 377 575 412 τε
604 362 710 413 τῶν
757 355 846 412 δύο
877 369 1127 436 συνεῖχον
1160 357 1350 414 κιόνων
1379 359 1464 412 καὶ
1495 357 1582 412 τὸν
1638 353 1838 420 Δανιὴλ

1943 352 2068 414 ideo
2092 353 2336 416 violenti
2369 362 2425 416 et
2447 353 2761 431 immanes,
2796 363 2859 417 ut
2889 355 3110 420 ferreas
3142 378 3315 422 ansas
3347 363 3573 428 colum-

199 443 397 501 ἄνωθεν
458 443 637 524 ἔφερον
681 445 860 520 βιαίως
916 445 1348 518 ἀποσπασθῆναι,
1403 445 1549 518 μόνῳ
1605 443 1659 500 δὲ
1713 466 1839 499 συν-

199 532 443 613 ειλῆφθαι
493 535 707 595 τούτους
779 533 1040 612 στδλαρίῳ
1104 542 1275 612 μικρῷ
1344 536 1372 590 ὃ
1447 533 1640 608 μεταξὺ
1714 539 1842 588 106-

195 644 306 679 των
378 622 666 702 ἐτύγχανεν
753 621 1036 698 ἐμϐληθέν.
1096 622 1247 698 ’Ἀμα
1326 629 1450 702 γοῦν
1510 621 1844 697 προσέπιπτε

195 713 468 789 καταιγὶς,
517 713 604 767 καὶ
662 729 709 768 οι
769 713 936 776 κίονες
997 711 1381 790 ἐκραδαίνοντο,
1441 714 1526 767 καὶ
1577 713 1603 767 ὁ
1647 709 1843 773 δίκαιος

196 799 399 857 ἄνωθεν
453 801 579 856 ὡσεὶ
629 799 819 864 κλάδος
878 799 1082 874 δένδρου
1141 800 1265 877 τῇδε
1324 801 1543 858 κάκεῖσε
1593 799 1842 878 περιεφέ-

193 911 320 967 ρετο
379 892 466 945 καὶ
493 891 884 968 συμπεριήγετο
931 896 1000 961 τῇ
1031 896 1191 966 πνοῇ⁴
1238 891 1356 966 βοαί
1399 889 1451 944 δὲ
1483 891 1574 945 σὺν
1630 889 1843 964 δάκρυσι

189 985 306 1034 τῶν
376 982 626 1050 μαθητῶν
682 979 935 1052 κάτωθεν,
1003 980 1089 1035 καί
1160 978 1420 1058 ὀφθαλμοί
1483 980 1613 1056 πρὸς
1681 978 1844 1051 μόνον

194 1067 406 1124 ἐκεῖνον
462 1066 771 1143 βλέποντες,
804 1070 890 1125 καί
946 1066 1233 1144 προσδοκία
1277 1067 1488 1146 λυπῆρέι
1533 1069 1626 1140 μία
1657 1068 1690 1134 ἡ
1750 1073 1842 1122 τοῦ

199 1158 399 1231 πατρὸς
449 1155 620 1212 αὐτῶν
678 1156 948 1236 στέρησις,
1002 1156 1154 1214 Ἀλλ’
1217 1156 1312 1213 οὒκ
1372 1156 1474 1224 ἤδη
1519 1158 1606 1212 καί
1660 1157 1693 1223 ἡ
1753 1165 1845 1214 τοῦ

197 1243 409 1312 Δανιῆλ
467 1244 614 1310 ἐλπίς
663 1248 698 1313 ῆ
756 1247 886 1321 πρὸς
958 1248 1140 1323 Κύριον
1221 1245 1520 1318 ἐσαλεύετο,
1580 1242 1700 1300 ἀλλ’
1763 1243 1848 1300 ἐπί

189 1334 400 1400 ταύτης
473 1339 567 1400 τῆς
640 1333 892 1413 ἆῤῥαγοῦς
951 1336 1144 1412 πέτρας
1203 1338 1231 1391 ὁ
1277 1336 1535 1412 μακάριος
1595 1334 1842 1411 στηριζό-

192 1443 365 1497 μενος
438 1421 622 1497 μηδενί
705 1423 871 1499 μηδὲν
949 1425 1308 1503 φθεγγόμενος
1378 1422 1513 1496 μηδὲ
1586 1425 1628 1478 εἷ
1698 1429 1850 1478 τοῦτο

192 1509 384 1586 συμϐῇ
441 1509 684 1572 δεδοικὼς
745 1513 818 1586 (τί
873 1514 973 1592 γὰρ
1027 1514 1194 1569 δεινὸν
1250 1513 1394 1585 αύτῷ
1453 1515 1513 1568 τὸ
1568 1515 1770 1585 θανεῖν,
1806 1512 1852 1585 ᾧ

192 1602 264 1656 τὸ
298 1601 518 1656 ἐνταῦθα
553 1601 726 1675 μένειν
756 1603 894 1660 κατὰ
941 1604 1030 1658 τὸν
1079 1600 1246 1661 Δαυ“ιδ
1287 1601 1494 1681 φυλακή
1529 1606 1590 1681 ;),
1625 1601 1732 1656 ἄνω
1761 1604 1850 1656 τὸν

1928 459 2303 523 narum.quae
2326 443 2473 505 duas
2499 443 2808 506 columnas
2837 445 2996 507 inter
3025 465 3089 508 se
3119 449 3574 519 committebant

1927 540 1984 622 et
2008 531 2541 622 conjungebant,et
2573 533 2881 596 Danielem
2915 535 2974 596 in
3005 535 3124 598 alto
3155 537 3573 622 ferebant,vio-

1927 621 2118 681 lenter
2147 621 2600 694 avellerent,ille
2622 633 2817 684 autem
2845 622 2902 683 in
2931 642 3108 703 parva
3137 626 3266 688 sola
3293 633 3571 694 contine-

1927 720 2096 772 retur
2115 711 2632 791 columnella,quaa
2657 713 2817 774 inter
2846 731 2944 774 eas
2976 723 3104 776 erat
3133 716 3573 796 injecta.Simul

1928 817 2066 877 ergo
2097 811 2157 859 et
2189 800 2448 878 procella
2479 799 2764 875 irruebat,
2800 810 2856 862 et
2888 806 3434 885 conquassabantur
3463 831 3570 876 co-

1931 888 2233 978 lumnae,et
2255 887 2452 978 justus
2480 899 3050 971 superne,lanquam
3085 911 3286 957 ramus
3313 899 3569 978 arboris,

1930 977 2044 1037 huc
2068 987 2125 1038 et
2146 977 2283 1068 illuc
2308 977 2931 1053 circumferebatur,et
2963 983 3100 1044 ﬂatu
3120 977 3570 1068 circumagebaé

1931 1073 2022 1126 tur
2049 1083 2062 1127 :
2089 1066 2562 1162 Inferius‘autem
2591 1068 3064 1162 vociferabantur
3086 1072 3363 1154 discipuli
3385 1066 3573 1162 lacry-

1930 1169 2168 1227 mentes;
2192 1167 2246 1216 et
2269 1161 2325 1215 in
2345 1158 2508 1216 illum
2527 1159 2712 1217 solum
2728 1164 3136 1223 convertebant
3157 1168 3430 1240 oculos,et
3455 1158 3569 1232 una

1929 1243 2018 1333 eis
2047 1251 2172 1305 erat
2201 1244 2411 1312 acerba
2431 1246 2812 1324 exspectatio,
2849 1246 3038 1309 Patris
3067 1267 3271 1312 eorum
3296 1254 3567 1333 privatio.

1931 1332 2048 1428 Sed
2083 1351 2199 1393 non
2218 1333 2421 1428 itidem
2451 1333 2682 1428 lababat
2699 1352 2834 1415 spes
2858 1335 3120 1428 Danieﬁlis
3144 1340 3200 1400 in
3223 1339 3566 1428 Dominum,

1932 1422 2034 1482 sed
2072 1441 2250 1516 super
2275 1423 2432 1516 _h_anc
2469 1424 2695 1516 ﬁrmam
2749 1433 2976 1504 petram
3028 1427 3304 1492 fundatus
3336 1422 3567 1516 beatus,

1935 1511 2158 1572 nemini
2190 1511 2508 1592 quidquam
2541 1513 2813 1594 loquens,
2847 1533 3042 1595 neque
3071 1517 3122 1578 si
3167 1519 3279 1580 hoc
3305 1511 3570 1587 evenerit

1935 1599 2362 1680 pertimescens
2396 1600 2560 1678 (quid
2601 1601 2760 1663 enim
2813 1602 2866 1664 ei
2898 1622 3075 1680 grave
3106 1616 3236 1670 erat
3265 1614 3438 1684 mori,
3475 1615 3572 1677 cui

192 1696 323 1745 νοῦν
384 1688 529 1769 ἔχων
585 1693 681 1746 καὶ
744 1692 1174 1773 προσευχόμενος
1235 1689 1522 1769 ἐκαρτέρει,
1585 1690 1844 1767 Ἐκέκρα-

1943 1689 2027 1751 hic
2057 1707 2320 1766 manere,
2380 1690 2587 1762 Davidi
2641 1701 3059 1771 congruenter,
3121 1707 3246 1760 erat
3294 1707 3567 1784 carcer?)

193 1778 287 1843 ξεν
356 1780 441 1834 οὖν
488 1786 516 1834 ὸ
574 1777 797 1853 δίκαιος,
857 1781 1014 1836 καίὸ
1093 1778 1279 1858 Κύριος
1341 1781 1493 1843 αὒθὺς
1543 1781 1846 1848 εἰσήκουσεν

1943 1780 2349 1868 perseverabat
2382 1789 2638 1840 mentem
2697 1799 2936 1843 sursum
2989 1783 3247 1868 erigere,
3281 1796 3340 1851 et
3371 1777 3568 1858 orare.

197 1865 387 1941 αὖτοῦ,
423 1869 509 1922 καί
557 1867 736 1925 ἆνοθεν
769 1867 820 1934 ἐξ
875 1869 1092 1946 ούρανοῦ
1148 1872 1221 1932 ὡς
1251 1872 1311 1924 ἐκ
1363 1868 1457 1925 τοῦ
1486 1866 1670 1925 πλοίου
1727 1867 1844 1945 πρίν

1943 1867 2212 1930 Clamavit
2241 1886 2384 1947 ergo
2394 1869 2613 1948 justus,
2643 1882 2702 1931 et
2734 1869 3020 1933 Dominus
3051 1865 3246 1938 statim
3280 1881 3574 1944 exaudivit

198 1957 326 2020 τοὺς
384 1956 598 2032 ἀνέμοις
658 1956 895 2033 ἐπιτιμᾷ,
953 1958 1042 2014 καί
1108 1962 1443 2036 παραχρῆμα
1486 1956 1698 2035 γαλήνη
1759 1957 1846 2011 καί

1943 1973 2094 2032 eum,
2124 1965 2182 2018 et
2210 1956 2473 2038 desuper
2503 1976 2536 2020 e
2566 1957 2903 2033 ctelo,sicut
2925 1979 2958 2022 e
2991 1964 3124 2025 navi
3159 1964 3343 2046 prius,
3365 1977 3574 2032 ventos

198 2047 432 2121 νηνεμία
463 2045 665 2120 πολλή,
701 2049 797 2105 Καί
825 2048 890 2103 τὰ
917 2047 1016 2120 μὲν
1045 2053 1150 2103 τῶν
1180 2046 1389 2122 ἀνέμων
1419 2046 1592 2109 οὕτος.

291 2222 424 2283 ΚΘ’.
472 2220 620 2282 Ἐπεί
665 2222 720 2280 δὲ
779 2221 880 2280 ἔδει
924 2225 1016 2298 μῆ.
1045 2224 1111 2280 τὰ
1167 2223 1440 2297 πνεύματα
1494 2223 1678 2297 μόνον,
1711 2219 1848 2276 ἀλλὰ

201 2312 298 2367 καί
330 2333 477 2375 τινας
529 2316 635 2369 τῶν
677 2312 774 2380 τῆν
827 2312 1028 2392 Ἀρείου
1083 2311 1417 2386 μαινομένων
1465 2311 1654 2387 μανίαν
1711 2309 1846 2376 στῆ-

201 2424 294 2458 ναι
341 2423 442 2468 της
489 2403 760 2482 ταραχῆς,
819 2403 907 2458 καί
961 2401 1116 2459 τοῦτο
1169 2401 1237 2456 δι’
1294 2400 1490 2456 ἐκείνου
1540 2399 1844 2478 σοφώτατα,

201 2490 390 2568 ὥσπερ
460 2489 669 2566 εἴωθεν,
743 2493 1125 2566 οἰκονομεῖται.
1211 2491 1308 2548 Καί
1377 2501 1629 2545 σκοπεῖτε
1701 2487 1846 2545 ὅπως

201 2581 305 2648 τῆν
365 2582 666 2656 οἰκονομίαν
695 2579 943 2647 ποικίλην
995 2582 1082 2637 καί
1110 2577 1176 2636 δι’
1217 2578 1392 2635 ἄλλων
1427 2579 1579 2657 ἓτερα
1635 2576 1849 2634 πλέκειν

203 2667 471 2732 πολλάκις
528 2667 674 2727 οἶδεν
705 2671 739 2738 ἡ
795 2672 1036 2748 πρόνοια.
1071 2669 1254 2746 ’Ἔγνω
1307 2667 1550 2744 βασιλεὺς
1584 2666 1617 2722 ἃ
1659 2663 1852 2742 συμϐέ-

205 2756 343 2825 ϐηκε
397 2766 473 2833 τῷ
532 2759 682 2832 ὁσίῳ,
727 2761 814 2816 καί
860 2761 949 2815 τὸν
997 2757 1184 2815 στῦλον
1239 2756 1372 2814 ἰδεῖν
1422 2754 1666 2830 ἔσπευδε,
1698 2754 1852 2812 τοῦτο

208 2850 309 2924 μὲν
378 2846 521 2914 δίκας
580 2848 845 2919 ἐπιθήσων
915 2861 1032 2912 τοῖς
1105 2849 1171 2924 μὲ
1225 2845 1452 2923 βεϐαίως
1522 2846 1614 2910 τὰς
1687 2841 1851 2906 λαϐὰς

211 2941 601 3016 εἰργασμένοις,
654 2946 808 2996 τοῦτο
892 2937 947 2993 δὲ
1027 2944 1115 2994 τοῦ
1192 2936 1382 2995 λοιποῦ
1453 2937 1642 2997 ταύτας
1724 2934 1852 3012 πρὸς

214 3027 505 3106 ἀσφάλειαν
584 3029 930 3106 συναρμόσαι.
990 3025 1141 3084 Ἀλλ’
1209 3025 1436 3089 ἐκείνους
1488 3025 1586 3099 μὲν
1644 3025 1678 3090 ἡ
1764 3023 1855 3078 τοῦ

212 3116 454 3195 μεγάλου
525 3119 759 3197 πραότης
818 3123 918 3184 τῆς
984 3115 1361 3192 αὐτοκράτορος
1415 3111 1640 3179 ἀπειλῆς
1713 3110 1852 3177 ἐξαι-

213 3221 389 3286 ρεῖται
437 3210 657 3264 θάνατον
717 3210 902 3269 αὐτοῖς
953 3203 1318 3278 ἆπειλοῦντος,
1365 3203 1598 3260 κατιόντι
1655 3198 1710 3256 δὲ
1769 3206 1861 3256 τοῦ

212 3297 367 3375 ὄρους
444 3303 521 3373 τῷ
575 3297 788 3374 βασίλετ
838 3292 1071 3359 κίνδυνος
1157 3296 1216 3350 οὗ
1273 3294 1460 3370 μικρὸς
1529 3290 1856 3368 συνηνέχθη.

216 3386 348 3450 Δέος
406 3386 507 3464 γὰρ
538 3387 669 3443 κατὰ
724 3385 823 3453 τῆν
879 3385 1052 3462 τύχην
1109 3379 1395 3462 ἐκταράξαν
1424 3383 1516 3438 τὸν
1577 3379 1768 3454 ἵππον,
1801 3378 1860 3435 οὗ

215 3473 550 3542 ἐπιϐεϐηκὼς
582 3476 736 3540 αὐτὸς
795 3475 884 3547 ῆν,
917 3475 1006 3530 καί
1035 3472 1279 3539 πτοηθείς
1323 3471 1410 3527 καί
1439 3471 1558 3535 τοὺς
1614 3471 1856 3546 ἐμπροσ-

215 3567 356 3631 θίους
431 3563 592 3630 πόδας
643 3567 774 3643 πρὸς
831 3565 892 3621 τὸ
953 3563 1130 3640 ὄρθιον
1188 3561 1460 3622 ἀνατείνας
1521 3557 1704 3620 ὕπτιος
1761 3558 1858 3632 μὲν

217 3656 308 3714 ἐπί
357 3665 447 3714 τοῦ
474 3654 692 3733 ἐδάφους
745 3655 773 3708 ὁ
807 3651 973 3714 ἵππος
1027 3651 1194 3725 εὐθὺς,
1223 3648 1406 3713 ὕπτιος
1451 3646 1505 3703 δὲ
1555 3647 1700 3704 καίό
1755 3647 1859 3722 βα-

215 3745 394 3810 σιλεὺς
452 3746 542 3800 σὺν
582 3732 779 3822 γαῦτῴ,
840 3741 896 3798 τὰ
953 3739 1006 3796 δὲ
1092 3745 1190 3806 τῆς
1247 3737 1538 3813 βασιλικῆς
1611 3732 1861 3814 κατέδρας

218 3835 512 3914 ἔμπροσθεν
580 3833 999 3910 ὑπερονεστηκὸς
1074 3825 1330 3906 ἐπιτρίϐει
1403 3833 1478 3899 τῷ
1532 3823 1747 3914 βασιλέι
1801 3826 1862 3880 τὸ

221 3912 492 4005 μέτωιρον,
522 3923 609 3978 καί
666 3923 757 3977 τὸν
786 3919 872 3977 ἐπί
927 3920 1024 4005 τῆς
1059 3915 1295 3983 κεφαλῆς
1341 3914 1604 4005 ,στέφανον
1650 3912 1860 4005 1:66pm-

215 4019 304 4071 θεν
356 4002 595 4092 ἐκκρούει
641 4010 762 4068 ἔνθα
819 4004 1098 4085 συμϐαίνει
1157 4007 1277 4069 τοὺς
1335 4004 1411 4092 ἐν,
1446 4003 1588 4092 αῦτῷ
1646 4002 1861 4081 μαργά-

217 4125 311 4185 ρου
359 4091 522 4158 ἄλλον
592 4099 836 4179 ἀλλαχοῦ
890 4093 1347 4162 διασκεδασθῆναι.
1399 4091 1565 4185 Ἀλλὰ
1622 4093 1710 4148 καί
1763 4100 1865 4185 Δα-

219 4179 344 4260 νιὴλ
399 4196 467 4268 τῇ
495 4192 635 4270 εὐχῇ
677 4188 978 4268 προφθάσας
1035 4187 1126 4242 τὸν
1179 4185 1411 4262 πονηρὸν
1442 4179 1655 4262 χαλεπῦ
1707 4181 1862 4270 θανά-

1929 2044 2217 2125 increpat,
2253 2054 2308 2107 et
2329 2055 2576 2126 repente
2597 2047 2996 2129 tranquillitas
3031 2052 3139 2113 fuit
3161 2044 3225 2116 et
3252 2056 3565 2120 serenitas.

1927 2133 1999 2195 Et
2029 2144 2342 2196 ventorum
2374 2133 2614 2216 quidem
2645 2154 2741 2198 res
2768 2137 2844 2197 ita
2872 2139 3102 2203 habuit.

2010 2221 2218 2286 XXIX.
2234 2224 2378 2287 Cum
2400 2233 2596 2286 autem
2621 2243 2740 2286 non
2756 2226 3000 2306 spiritus
3021 2229 3236 2306 solum,
3264 2233 3370 2295 sed
3393 2235 3570 2299 etiam

1930 2313 2216 2402 quosdam
2279 2331 2350 2374 ex
2405 2312 2481 2374 iis
2529 2313 2629 2394 qui
2658 2314 2880 2376 Ariana
2909 2314 3257 2383 laborabant
3314 2326 3565 2402 insania,

1932 2401 2524 2494 coerceri‘oporteret
2582 2421 2612 2462 a
2669 2403 3116 2482 perturbatione
3147 2427 3160 2470 :
3197 2409 3306 2470 hoc
3336 2401 3574 2494 quoque

1934 2489 2492 2572 prudentissime,ut
2516 2501 2925 2566 consueverat,
2961 2512 3068 2573 per
3096 2494 3260 2558 illum
3293 2489 3574 2579 provide-

1935 2579 2128 2671 tur.Et
2155 2579 2372 2671 videte,
2407 2599 2581 2660 quam
2609 2581 2771 2643 vario
2797 2581 2878 2671 uti
2901 2582 3155 2645 consilio
3177 2594 3239 2648 et
3263 2588 3574 2671 multiplici

1934 2667 2401 2756 dispensatione,
2436 2677 2492 2729 et
2521 2671 2630 2731 alia
2661 2687 2766 2748 per
2787 2668 2902 2730 alia
2930 2681 3250 2734 contexere
3273 2667 3574 2756 sape—scit

1938 2757 2327 2838 providentia.
2360 2755 2615 2820 Noverat
2635 2758 3119 2841 imperatumque
3143 2762 3307 2841 justo
3341 2755 3572 2830 Danieli

1935 2845 2278 2908 acciderant
2303 2869 2321 2920 ;
2345 2854 2403 2908 et
2422 2847 2728 2909 contendit
2762 2848 2834 2910 ad
2865 2847 3180 2912 videndam
3205 2852 3570 2932 columnam,

1939 2936 2146 3015 partim
2183 2936 2420 3016 quidem
2445 2952 2652 3014 pmnas
2683 2946 3029 3016 sumpturus
3060 2938 3135 3000 de
3168 2940 3236 3003 iis
3266 2943 3366 3022 qui
3399 2962 3572 3007 ansas

1943 3043 2060 3085 non
2091 3025 2412 3086 eﬂ'ecerant
2441 3027 2642 3086 ﬁrmas
2672 3026 2999 3107 etvalidas;
3035 3029 3245 3107 partim
3295 3050 3459 3108 vero,
3511 3044 3578 3096 ut

1944 3131 2046 3175 eos
2076 3121 2197 3174 tuto
2229 3116 2304 3174 de
2338 3121 2552 3175 caetero
2583 3115 3007 3178 committeret.
3027 3117 3144 3179 Sed
3173 3117 3306 3180 illos
3333 3120 3574 3200 quidem

1944 3201 2140 3281 magni
2164 3201 2426 3263 Danielis
2451 3204 2838 3265 mansuetudo
2862 3205 3036 3285 eripit
3058 3223 3091 3266 a
3115 3206 3290 3268 minis
3307 3207 3574 3290 impera-

1945 3296 2373 3365 toris,mortem
2399 3291 2485 3352 eis
2510 3291 2812 3352 minantis.
2839 3290 3242 3356 Descendenti
3271 3305 3468 3359 autem
3502 3298 3577 3361 de

1945 3389 2144 3442 monte
2169 3379 2514 3459 imperatori
2560 3398 2678 3441 non
2705 3398 2945 3461 parvum
2972 3381 3186 3444 accidit
3217 3387 3573 3463 periculum.

1941 3471 2088 3533 Nam
2122 3487 2255 3530 cum
2279 3468 2518 3548 quidam
2545 3475 2736 3530 metus
2754 3487 2969 3549 equum
2989 3470 3140 3532 forte
3172 3471 3407 3534 fortuna
3435 3491 3576 3553 per.

1943 3557 2446 3637 turbasset,quem
2468 3557 2596 3638 ipse
2610 3558 2983 3632 ascenderat,
3010 3559 3174 3638 isque
3197 3569 3575 3638 conterritus,

1943 3646 2128 3727 pedes
2157 3645 2450 3707 erexisset
2475 3646 3086 3726 anteriores,supinus
3109 3648 3346 3728 quidem
3378 3653 3576 3714 statim

1945 3733 2362 3814 bumijacebat
2387 3753 2599 3810 equus,
2637 3740 2887 3814 supinus
2904 3745 3099 3796 autem
3134 3738 3310 3799 etiam
3345 3759 3477 3801 cum
3507 3760 3578 3804 eo

1943 3827 2301 3904 imperator:
2334 3822 2390 3883 id
2412 3841 2573 3902 vero,
2593 3823 2750 3903 quod
2789 3831 2925 3884 ante
2946 3824 3139 3885 stabat
3160 3843 3343 3906 super
3367 3829 3576 3892 sellam

1941 3915 2190 3993 regiam,
2222 3912 2476 3974 frontem
2509 3912 2789 3973 contrivit
2812 3911 3176 3992 imperatori,
3203 3924 3263 3976 et
3292 3935 3424 3996 quae
3455 3929 3582 3982 erat

1945 4005 2007 4065 in
2037 4001 2250 4084 capite,
2285 4019 2566 4062 coronam
2615 4000 2821 4081 procul
2852 4002 3118 4082 expellit.
3154 4003 3279 4076 Quo
3316 4015 3583 4088 tempore

1945 4092 2209 4170 contigit,
2249 4109 2346 4152 eas
2370 4108 2499 4170 quae
2537 4100 2708 4152 erant
2743 4089 2806 4151 in
2828 4091 2978 4171 ipsa,
3013 4095 3380 4178 margaritas,
3403 4099 3582 4162 aliam

1943 4182 2056 4245 alio
2088 4180 2372 4259 dispergi.
2405 4179 2526 4241 Sed
2586 4178 2792 4242 Daniel
2842 4198 3078 4260 quoque
3127 4201 3261 4244 cum
3315 4189 3582 4250 oratione

218 4304 314 4340 του
383 4268 686 4351 σώζει-τὸν
743 4275 990 4356 βασιλέα,
1049 4276 1138 4332 καί
1199 4274 1366 4354 χωρίς
1425 4270 1562 4329 οὕτω
1622 4268 1855 4328 κινδύνου

1947 4270 2332 4353 praevenisset
2359 4268 2702 4348 malignum,
2726 4288 2760 4330 a
2781 4269 2933 4330 mala
2959 4279 3148 4333 morte
3169 4281 3363 4336 servat
3386 4275 3581 4356 impe-

218 4374 318 4440 τῆν
377 4367 628 4427 ἐπάνοδον
656 4369 916 4425 ἐποιεῖτο.
965 4363 1108 4422 Ἀλλ’
1144 4362 1361 4420 ἐνταῦθά
1395 4383 1485 4437 μοι
1537 4361 1634 4429 τῆς
1665 4357 1855 4438 3mm-

1945 4371 2202 4424 ratorem
2233 4379 2248 4435 ;
2280 4366 2338 4420 et
2367 4359 2453 4420 sic
2482 4376 2758 4421 reversus
2801 4358 2913 4420 fuit
2962 4360 3094 4421 sine
3125 4361 3411 4441 periculo.
3462 4365 3582 4428 Sed

221 4486 358 4530 σεως
416 4465 477 4521 τὸ
521 4461 806 4543 κεφάλαιον
855 4462 943 4518 καί
973 4459 1118 4533 ὅπως
1176 4455 1322 4515 οἶδεν
1353 4458 1388 4524 ἦ
1420 4454 1644 4532 Πρόνοια
1697 4475 1864 4533 παρα-

221 4553 382 4621 δόξὼς
412 4555 738 4630 οἰκονομεῖν.

306 4740 392 4801 Δ’.
451 4735 511 4796 ’0
565 4740 656 4793 τοῦ
708 4729 968 4811 βασιλέως
1022 4727 1348 4802 ἱπποκόμος,
1410 4727 1482 4790 ὡς
1526 4723 1580 4780 δὲ
1621 4727 1656 4794 ἡ
1711 4724 1866 4792 κοινὴ

224 4833 290 4890 ἂν
357 4829 504 4886 ε’ίποι
574 4825 663 4882 καί
721 4824 948 4891 συνήθης
1006 4817 1240 4897 γλῶττα,
1297 4823 1403 4872 τῶν
1459 4814 1642 4872 τίππων
1697 4815 1726 4870 ὀ
1779 4815 1869 4870 κό-

225 4942 336 4996 μης
392 4913 658 4995 Ἰορδάνης
717 4909 855 4968 οὕτω
913 4907 1280 4999 καλούμενος,-
1314 4906 1482 4961 ἐνὸσει
1542 4904 1638 4979 μὲν
1695 4902 1869 4960 πάντα

224 4994 320 5069 τὸν
400 5008 503 5086 πρὸ
575 5011 668 5060 τοῦ
749 5000 944 5080 χρόνον
1001 4994 1411 5086 Thy-3195690}
1486 4994 1686 5086 Ἀρείου
1764 5012 1872 5086 μα.

225 5104 365 5161 νίαν.
423 5080 553 5154 ’Ῡότε
583 5091 637 5148 δὲ
684 5092 773 5147 τὸν
823 5094 916 5145 τοῦ
972 5084 1233 5164 βασιλέως
1281 5082 1512 5140 κίνδυνον
1565 5080 1868 5152 ὑποπτήξας

226 5191 342 5268 καί,
375 5189 570 5263 μήπως
629 5183 792 5260 ὀργῆς
841 5178 1017 5234 αἴτιον
1071 5176 1212 5250 αὸτῷ
1269 5175 1487 5254 γένηται
1529 5175 1590 5230 τὸ
1640 5168 1868 5247 συμϐὰν,

227 5261 409 5355 δοόμω
464 5275 594 5349 πρὸς
651 5273 742 5326 τὸν
799 5269 948 5325 ὅσιον
1004 5267 1326 5355 ἀφικνεῖται.
1356 5261 1439 5355 ﬁt)
1497 5261 1552 5319 δὲ
1587 5264 1674 5355 οὗ.
1713 5263 1874 5337 μονον

230 5350 374 5442 αὓτιῖι
403 5367 494 5422 τὶν
544 5362 606 5420 ἐκ
633 5360 725 5418 106
770 5367 1087 5437 κρατοῦντος
1147 5351 1308 5435 φόϐον
1356 5352 1530 5408 λύσειν
1579 5350 1870 5430 ὑπέσχετο,

231 5439 368 5517 ἀλλᾶ
426 5454 515 5512 καί
544 5457 644 5520 τῆς
700 5453 936 5527 πονηρᾶς
981 5447 1137 5503 αὐτὸν
1190 5440 1487 5508 ἀπαλλάξαι
1545 5439 1871 5517 κακοδοξίας,

231 5549 268 5620 ἢ
327 5545 526 5609 παντὸς
583 5539 748 5599 ἄλλου
797 5534 1025 5601 κίνδυνός
1085 5534 1193 5593 ἐστι
1251 5531 1653 5614 χαλεπώτερος,
1683 5531 1875 5598 ἡκουσε

1947 4452 2060 4513 hoc
2082 4450 2142 4510 in
2167 4449 2296 4510 loco
2319 4457 2406 4510 est
2429 4454 2604 4528 caput
2638 4447 3015 4523 narrationis,
3046 4457 3104 4510 et
3133 4452 3432 4530 quomodo
3466 4473 3580 4517 no-

1949 4542 2031 4602 vit
2073 4537 2442 4600 Providentia
2473 4537 2813 4600 admirabili
2845 4536 2928 4600 uti
2965 4539 3212 4603 consilio
3244 4551 3304 4605 et
3333 4543 3584 4626 dispen-

1949 4631 2200 4694 satione.

2027 4716 2208 4782 XXX.
2241 4716 2460 4798 Equiso
2486 4714 2884 4796 imperatoris,
2918 4726 3040 4800 aut,
3073 4724 3139 4782 iit
3161 4741 3297 4785 eum
3331 4725 3589 4807 vulgaris

1953 4820 2010 4876 et
2041 4816 2324 4874 consueta
2355 4807 2556 4885 lingua
2589 4813 2774 4880 vocat,
2825 4825 3024 4869 comes
3073 4828 3390 4888 equorum,
3425 4817 3588 4878 omni

1952 4900 2192 4983 quidem
2215 4896 2498 4960 anteriori
2532 4904 2798 4974 tempore
2829 4895 3135 4958 laborabat
3167 4901 3396 4963 nefaria
3456 4905 3590 4966 Arii

1952 4988 2375 5056 insania.Tunc
2407 4993 2600 5046 autem
2633 4993 2691 5044 et
2711 4983 3087 5063 imperatoris
3117 4987 3334 5050 timens
3354 4993 3589 5070 pericu-

1954 5081 2100 5158 lum,
2136 5085 2193 5139 et
2223 5095 2298 5137 ne
2351 5075 2508 5155 quod
2568 5072 2890 5163 acciderat,
2947 5076 3000 5136 ei
3034 5075 3184 5136 iram
3217 5078 3587 5163 conciliaret,

1957 5187 2134 5232 cursu
2152 5165 2310 5228 venit
2334 5165 2406 5226 ad
2431 5173 2730 5226 sanctum.
2764 5161 2872 5224 Ille
2912 5180 3050 5225 vero
3081 5182 3198 5225 non
3221 5165 3415 5228 solum
3449 5161 3587 5232 eum

1955 5267 2115 5322 metu
2135 5255 2207 5318 ab
2231 5255 2612 5334 imperatore,
2646 5252 2749 5313 sed
2780 5251 2955 5314 etiam
2991 5253 3140 5315 mala
3171 5263 3259 5316 est
3289 5256 3589 5336 pollicitus

1957 5367 2022 5411 se
2049 5365 2180 5410 esse
2201 5344 2588 5408 liberaturum
2612 5341 2921 5423 opinione,
2954 5361 3086 5424 qua
3115 5352 3205 5406 est
3245 5344 3452 5426 quovis
3472 5347 3590 5410 alio

1959 5436 2224 5521 periculo
2248 5433 2496 5514 gravior.
2521 5430 2658 5521 Haec
2680 5431 2900 5494 audivit
2920 5431 3151 5521 equiso,
3183 5441 3242 5496 et
3263 5453 3396 5496 cum
3423 5435 3588 5498 miti-

1961 5520 2069 5592 bus
2099 5545 2166 5590 ac
2198 5521 2448 5606 placidis
2476 5520 2609 5602 ejus
2665 5520 3042 5589 suasionibus
3090 5523 3434 5606 Opinionem
3467 5526 3596 5593 Arii
