4048 6136
512 189 667 262 1007
1673 188 2055 254 ADDENDA.

2140 223 2214 235 —
2285 185 2711 254 DECEMBER.

3718 187 3836 257 1008

501 332 938 412 abjurasset,ea
959 327 1300 408 sentit,qua3
1321 324 1660 388 orthodoxi.
1697 325 1884 407 Atque
1909 334 2146 386 sanctus

2234 328 2428 384 τούτων
2482 329 2509 383 6
2553 327 2857 401 ἱπποκόμος
2910 329 2996 382 καὶ
3042 327 3278 402 πραείαις
3350 329 3506 384 αὐτοῦ
3564 331 3657 385 καί
3712 330 3839 403 μελι-

506 422 750 502 quidem
777 419 985 481 scribit
1008 418 1080 479 ad
1113 413 1720 496 imperatorem,quod
1747 422 1804 474 et
1829 413 2141 496 Jordanes,

503 511 792 590 abnegata
813 507 1256 589 deceptione,in
1281 506 1464 567 rectis
1489 503 1715 566 incedit
1745 503 2139 582 dogmatibus,

507 610 565 663 et
591 600 746 680 quod
779 600 868 661 vel
904 607 1150 679 pr0pter
1199 597 1313 658 hoc
1361 594 1555 675 ipsum
1609 603 1700 655 est
1723 593 2092 673 justissimus
2125 617 2140 667 ;

506 690 654 768 quin
680 690 856 751 etiam
882 689 1000 749 huc
1025 687 1096 748 ad
1125 704 1219 747 me
1247 685 1428 759 venit,
1452 692 1569 746 uta
1594 695 1652 744 te
1678 683 1907 744 veniam
1933 701 2144 744 conse-

507 790 800 855 queretur.
837 781 935 838 Ille
957 791 1144 838 autem
1186 788 1383 836 contra
1409 778 1676 835 rescribit
1701 798 1711 830 :
1741 776 1982 833 Periculi
2013 778 2146 849 qui-

507 868 642 928 dem
677 868 795 927 mei
819 883 996 927 causa
1027 884 1140 925 non
1174 864 1324 925 alius
1346 861 1478 937 fuit,
1513 880 1688 942 quam
1716 862 1842 940 ipse
1874 861 2149 941 mihi,qui

508 961 591 1015 sic
621 973 794 1015 ausus
817 959 924 1015 sim
948 957 1258 1015 ascendere
1285 964 1418 1012 ante
1449 965 1575 1012 tuos
1598 955 1873 1010 oculos.et
1901 968 2015 1009 non
2053 969 2152 1024 pe-

506 1044 613 1105 des
645 1043 850 1123 procul
882 1041 1005 1103 abii
1035 1060 1068 1102 a
1099 1059 1267 1103 sacra
1298 1037 1735 1101 columna.Hoc
1762 1047 1958 1099 autem
1986 1037 2151 1100 dein-

504 1151 644 1213 ceps
666 1132 985 1209 diligenter
1007 1129 1504 1193 caveboJordani
1532 1147 1668 1190 vero
1690 1147 1806 1188 non
1832 1128 2008 1188 modo
2033 1148 2150 1188 non

503 1220 754 1300 irascor,
790 1230 854 1282 ut
885 1221 1060 1282 etiam
1093 1219 1261 1281 valde
1295 1219 1480 1288 laetor,
1505 1219 1666 1296 quod
1698 1234 1865 1276 meus
1895 1237 1965 1278 ex
1996 1236 2149 1298 equo

507 1311 764 1386 casus,ei
789 1329 966 1372 causa
984 1309 1185 1384 fuerit,
1213 1315 1298 1384 ut,
1327 1309 1426 1388 qui
1442 1307 1700 1388 jacebat,
1735 1315 2024 1385 surgeret.
2064 1308 2148 1367 De

504 1408 718 1461 caetero
741 1407 937 1462 autem
974 1407 1131 1460 tanta
1165 1405 1292 1460 erat
1345 1397 1722 1476 imperatoris
1768 1397 1828 1457 in
1875 1404 2146 1456 sanctum

504 1490 863 1563 reverentia,
896 1498 959 1549 ut
1000 1507 1118 1549 non
1169 1487 1359 1548 solum
1393 1486 1524 1566 ipse
1556 1486 1878 1546 honoraret
1909 1505 2040 1547 eum
2075 1485 2149 1546 iis

502 1596 635 1656 qua;
655 1575 985 1657 oportebat,
1020 1575 1124 1637 sed
1151 1576 1328 1636 etiam
1358 1574 1489 1636 aliis
1516 1592 1676 1649 eum,
1705 1581 1983 1654 tanquam
2017 1591 2144 1635 rem

504 1665 835 1740 ccelestem,
869 1664 1234 1728 ostenderet.

2230 431 2394 497 χραῖς
2450 416 2790 495 παραινέσεσι
2841 417 2936 483 τὴν
2994 427 3086 475 τοῦ
3139 418 3353 491 Ἀμείου
3403 417 3558 482 δόξαν
3617 419 3844 489 ἐξομοσᾶο

2229 526 2385 580 μενος
2431 506 2494 562 τὰ
2557 511 2662 560 τῶν
2719 502 3002 580 ὁρθοδόξων
3051 518 3256 582 φρονεῖ.
3319 497 3376 562 εΟ
3435 505 3535 580 μὲν
3590 505 3676 561 οὖν
3729 505 3845 566 ὅσιος

2230 594 2426 663 πέμπει
2483 595 2611 670 πρὸς
2673 593 2895 669 βασιλέα
2957 593 3036 648 ὅτι
3087 615 3144 648 τε
3192 593 3454 670 Ἰορδάνης
3515 595 3620 661 τὴν
3674 594 3850 660 ἀπάτην

2229 683 2674 761 ἁπαρνησάμενος
2733 696 2852 745 τοῖς
2927 685 3105 760 ὀρθοῖς
3180 697 3396 762 στοιχεϊ
3480 681 3739 761 δόγμασι,
3789 687 3853 739 καὶ

2231 772 2311 829 ὅτι
2357 772 2558 837 δίκαιός
2619 771 2727 828 ἐστι
2786 771 3016 847 μάλιστα
3075 774 3162 828 καὶ
3217 771 3284 828 δι’
3329 775 3454 831 αὐτὸ
3513 781 3692 848 τοῦτο,
3747 773 3857 828 ἀλλὰ

2233 865 2319 920 καὶ
2376 865 2470 930 τὴν
2533 864 2662 937 πρὸς
2720 861 2814 936 ἐμὲ
2859 861 3029 940 ἄφιξιν
3079 866 3178 928 τῆς
3239 862 3379 940 παρὰ
3423 870 3518 918 σοῦ
3565 866 3858 940 συγγνώμης

2235 965 2452 1032 τυλεϊν,
2516 943 2573 1009 ’0
2605 951 2659 1007 δὲ
2719 949 3112 1008 ἀντεπιστέλλει
3157 951 3239 1007 ὅτι
3273 952 3369 1018 τῆς
3428 952 3528 1028 μὲν
3575 963 3670 1011 τοῦ
3709 950 3859 1008 x163-

2236 1065 2324 1097 νου
2385 1042 2552 1105 αἰτίας
2619 1041 2712 1097 οὒκ
2769 1040 2926 1106 ἀλλος
2980 1064 3064 1104 τις
3125 1042 3297 1105 αἴτιος
3349 1041 3384 1109 ἢ
3443 1043 3608 1106 αὐτὸς
3679 1041 3862 1117 ἐμαυτῷ

2235 1131 2374 1188 οὕτω
2429 1133 2528 1209 πρὸ
2589 1131 2694 1186 τῶν
2755 1137 2863 1187 σῶν
2935 1129 3220 1207 ὀφθαλμῶν
3292 1138 3381 1187 τοῦ
3445 1130 3591 1187 ἴππυ
3643 1131 3861 1198 ὶπιϐἦναι

2233 1220 2530 1295 τολμήσας,
2600 1218 2736 1275 ἀλλὰ
2797 1221 2874 1295 μὴ
2947 1219 3082 1275 πολὺ
3147 1222 3305 1290 πεζὸς
3363 1222 3454 1276 “co-3
3517 1222 3666 1299 ἱεροῦ
3718 1222 3862 1283 κίονος

2233 1310 2491 1372 ἀποστάς.
2556 1310 2691 1365 Ἀπὸ
2751 1316 2876 1387 γοῦν
2930 1316 3022 1364 τοῦ
3081 1312 3335 1386 παρόντος
3390 1316 3550 1366 τοῦτο
3580 1312 3728 1386 πάσῃ
3781 1335 3860 1389 φν-

2231 1397 2372 1474 λακῇ
2434 1396 2754 1478 φυλάξομαι.
2805 1395 3046 1476 Ἰορδάνῃ
3077 1395 3129 1453 δὲ
3163 1400 3221 1454 οὖ
3249 1399 3408 1473 μόνον
3441 1401 3502 1455 οὒ
3548 1400 3859 1480 χαλεπαίνω,

2231 1486 2368 1543 ἀλλὰ
2424 1486 2520 1544 καὶ
2571 1485 2704 1542 πολὺ
2736 1485 2938 1561 μᾶλλον
2975 1485 3170 1561 ἥδομαι
3212 1487 3291 1543 ὅτι
3335 1490 3395 1542 τὸ
3432 1489 3533 1564 ἐμὲ
3583 1496 3676 1545 τοῦ
3719 1489 3863 1545 ἵππω

2231 1587 2418 1631 πεσεῖν
2472 1575 2688 1652 ὀιῳορμὶι
2735 1577 2874 1648 αὒτῷ
2935 1575 3064 1650 πρὸς
3123 1576 3184 1629 τὸ
3239 1577 3595 1653 προκείμενον
3654 1577 3861 1642 ἀναστῆ-

2231 1687 2314 1720 ναι
2376 1663 2684 1743 γεγένηται.
2749 1665 2989 1730 Τοσαύτη
3039 1663 3092 1719 δὲ
3145 1664 3209 1732 ἧν
3253 1671 3345 1721 τοῦ
3394 1664 3592 1722 λοιποῦ
3624 1668 3748 1744 πρὸς
3793 1669 3863 1722 τὸν

503 1757 648 1812 ὅσιον
699 1758 730 1823 ἦ
792 1754 969 1830 αἰδὼς,
1029 1755 1167 1811 ὥστε
1231 1755 1288 1810 οὗ
1338 1757 1497 1829 μόνον
1574 1755 1729 1816 αὐτὸς
1789 1757 1908 1818 τοῖς
1981 1754 2335 1831 προσήκουσιν
2407 1755 2561 1828 ἐτίμα
2634 1760 2841 1828 τοῦτον,
2902 1753 3042 1809 ἀλλὰ
3105 1756 3188 1809 καὶ
3238 1767 3357 1818 τοῖς
3434 1753 3631 1817 ἄλλοις
3691 1755 3761 1819 ὥς
3829 1777 3866 1809 τι

504 1850 696 1923 χρῆμα
727 1845 963 1921 οὐράνιον
995 1846 1082 1900 τὸν
1113 1842 1271 1920 ἄνδρα
1300 1841 1524 1904 ἓδείκνυ.

581 1931 785 1996 XXXI.
819 1939 1018 2012 Itaque
1039 1950 1174 1993 cum
1205 1932 1374 2012 paulo
1402 1939 1536 2012 post
1567 1930 1915 2009 contigisset
1941 1948 2144 2010 regem

2312 1932 2448 1994 ΛΜ,
2499 1933 2643 1988 Μετὰ
2677 1934 2864 2010 μικρὸν
2915 1935 3041 2010 γοῦν
3075 1930 3272 2005 συμϐὰν
3317 1933 3406 1987 τὸν
3435 1931 3670 2009 βασιλέα
3713 1939 3870 2004 Λαζῶν

505 2021 788 2082 Lazarum
844 2022 1046 2083 venire
1103 2021 1174 2082 ad
1237 2021 1663 2101 imperatorem
1721 2021 2148 2097 Romanorum,

508 2128 686 2172 causa
709 2111 967 2172 faciendi
997 2110 1400 2190 foederis,aliis
1429 2109 1671 2190 quidem
1702 2110 2146 2188 praetermissis,

507 2217 643 2261 eum
665 2218 805 2261 vero
834 2200 1135 2280 accipiens
1167 2206 1225 2260 et
1279 2201 1506 2260 ducens
1537 2203 1611 2261 ad
1667 2207 1938 2261 sanctum
1979 2219 1992 2258 :
2025 2196 2150 2259 Hoc

506 2297 618 2370 est,
650 2289 863 2370 inquit,
891 2290 1004 2350 mei
1037 2288 1271 2368 imperii
1295 2288 1670 2350 miraculum.
1698 2288 1802 2350 Ille
1823 2298 2018 2349 autem
2042 2307 2150 2348 us-

502 2396 620 2457 que
636 2379 786 2440 adeo
818 2379 1146 2459 obstupuit,
1175 2378 1304 2457 ejus
1331 2378 1537 2440 videns
1569 2378 1947 2440 tolerantiam
1971 2387 2151 2460 atque

506 2467 937 2548 fortitudinem,
968 2477 1180 2530 utnon
1241 2469 1434 2530 solum
1497 2476 1790 2542 sanctum,
1827 2468 1930 2529 sed
1972 2469 2146 2529 etiam

508 2557 942 2631 columnam,in
975 2575 1092 2637 qua
1122 2572 1252 2619 erat
1281 2557 1679 2637 positus,cum
1716 2556 2148 2637 Iacrymisado-

504 2665 661 2714 rans,
696 2651 911 2706 multas
934 2664 1099 2706 voces
1121 2659 1403 2707 emitteret
1423 2650 1706 2707 barbarus
1726 2649 1886 2706 valde
1919 2649 2148 2708 erudite

505 2733 744 2808 mentis,
783 2742 840 2793 et
868 2752 1004 2809 qum
1035 2733 1219 2794 multa
1248 2733 1542 2794 didicerat
1571 2752 1585 2793 :
1618 2732 1740 2812 Ago
1772 2733 1878 2794 tibi
1910 2733 2150 2812 gratias,

505 2820 738 2894 dicens,
766 2820 891 2882 Rex
915 2822 1212 2897 caelestis,
1242 2821 1397 2902 quod
1425 2822 1708 2898 mihi,qui
1741 2822 1815 2883 ad
1848 2830 2152 2885 terrenum

506 2927 706 2988 regem
741 2928 1041 2985 veneram,
1067 2913 1368 2973 ccelestem
1411 2911 1589 2990 hujus
1619 2910 1726 2971 viri
1764 2918 1939 2972 vitam
1964 2922 2157 2974 osten-

2236 2025 2368 2100 πρὸς
2432 2023 2522 2078 τὸν
2583 2022 2940 2101 αὐτοκράτορα
2989 2013 3264 2096 Ῥωμαίων
3325 2023 3718 2099 παραγενέσθαι
3768 2046 3871 2078 συν-

2233 2115 2412 2178 θηκῶν
2470 2111 2646 2184 ἕνεκα,
2709 2110 2877 2166 τᾶλλα
2923 2111 3021 2184 μὲν
3080 2108 3333 2187 ὑπερϐὰς,
3388 2109 3574 2167 λαϐὼν
3633 2111 3686 2167 δὲ
3744 2117 3874 2169 αὐτὸν

2233 2203 2320 2256 καὶ
2373 2203 2503 2276 πρὸς
2558 2203 2650 2256 τὸν
2693 2198 2838 2255 ὅσιον
2882 2200 3118 2278 ἆγαγων,
3171 2207 3364 2273 Τοῦτο,
3410 2199 3541 2280 ἔφη,
3606 2203 3704 2266 τῆς
3760 2202 3871 2274 ἐμῆς

2233 2289 2504 2365 βασιλείας
2553 2291 2610 2344 τὸ
2653 2293 2849 2362 θαῦμα.
2912 2290 3172 2350 Κάκεῖνος
3219 2290 3348 2362 πρὸς
3394 2297 3654 2346 τοσοῦτον
3710 2289 3869 2354 ἐξέστη

2234 2380 2332 2445 τὴν
2375 2380 2651 2456 καρτερίαν
2693 2376 2840 2452 ἰδὼν,
2874 2377 3011 2435 ὥστε
3066 2378 3142 2454 μῆ
3185 2379 3276 2434 τὸν
3320 2378 3469 2456 ἅγιον
3533 2379 3720 2458 μόνον,
3753 2377 3866 2433 ἀλλὰ

2232 2468 2318 2522 γαὶ
2363 2469 2453 2522 τὸν
2511 2469 2658 2523 κίονα
2702 2466 2785 2524 ἐφ’
2831 2466 2888 2523 οὗ
2933 2465 3112 2544 ἵδρυτο
3168 2467 3259 2524 σὺν
3311 2466 3528 2544 δάκρυσι
3586 2472 3864 2544 προσκυνῶν

2231 2557 2258 2610 6
2316 2553 2578 2634 ϐάρϐαρος
2638 2554 2841 2620 πολλὰς
2901 2556 3252 2636 ἠφίειφωνὰς
3303 2554 3730 2632 πεπαιδευμένης
3757 2575 3863 2634 φρε-

2233 2645 2322 2708 νὸς
2385 2647 2472 2700 καὶ
2543 2645 2814 2720 μαθούσης
2887 2643 3085 2726 πολλὰ,
3153 2647 3466 2725 Εὖχαριστῶ
3526 2669 3635 2722 σοι⁷
3695 2644 3861 2722 λέγων⁷

2235 2733 2479 2813 ἐπυράνιε
2539 2733 2785 2811 βασιλεῦ,
2849 2734 2929 2790 ὃτι
2979 2756 3046 2810 με
3101 2736 3231 2813 πρὸς
3283 2736 3373 2791 τὸν
3433 2734 3520 2791 ἐπὶ
3574 2740 3679 2812 γῆς
3729 2735 3861 2811 βασι-

2238 2821 2334 2878 λέα
2392 2824 2820 2902 παραγενόμενον
2878 2824 3115 2903 οὐράνην
3175 2821 3361 2902 ἀνδρὸς
3413 2823 3689 2880 πολιτείαν
3748 2821 3860 2876 ’ἐδει-

2240 2911 2351 2987 ξας,
2411 2914 2498 2968 καὶ
2553 2913 2813 2969 τοιούτων
2881 2933 2948 2988 με
3011 2915 3315 2991 μυστηρίων
3382 2913 3629 2992 γενέσθαι
3702 2914 3864 2975 θεατὴν

509 2996 1021 3077 deris,etdignum
1051 3017 1144 3060 me
1176 2998 1614 3075 censueris,qui
1641 3017 1834 3060 essem
1863 3008 2146 3080 spectator

2241 3000 2588 3067 κατηξίωσας.
2667 3000 2846 3064 Οὕτως
2923 3001 3245 3082 ἀμφοτέροις
3302 3004 3330 3058 6
3403 3002 3578 3081 μέγας
3650 3000 3864 3066 ἀξιοθαύ-

509 3085 714 3146 talium
739 3087 1180 3165 mysteriorum.
1211 3087 1381 3150 Adeo
1407 3097 1604 3148 autem
1625 3088 1894 3168 utrisque
1913 3107 2146 3168 magnus

2244 3084 2448 3165 μὰστος
2534 3091 2783 3166 ἐνομίσθη
2855 3090 2992 3148 ὥστε
3079 3093 3164 3148 καὶ
3223 3095 3328 3147 τῶν
3386 3095 3660 3160 συνθηκῶν
3736 3088 3869 3166 ἄμφω

508 3173 611 3233 ille
651 3175 803 3234 visus
835 3183 924 3235 est
955 3175 1169 3253 dignus
1221 3176 1644 3256 admiratione,
1681 3185 1743 3237 ut
1783 3176 1956 3239 ambo
1993 3179 2146 3239 illum

2243 3181 2449 3236 ἐκεῖνον
2512 3180 2726 3258 ὁριστὴν
2779 3185 3136 3255 καταστῆσαι,
3198 3182 3286 3237 καὶ
3355 3182 3487 3259 πρὸς
3559 3180 3662 3249 τήν
3704 3178 3868 3235 οἰκείαν

511 3262 585 3322 ad
606 3261 1183 3367 deﬁniendafmdera
1201 3263 1488 3324 arbitrum
1513 3265 2146 3367 constituerent.Porrc

2245 3267 2298 3323 δὲ
2357 3269 2498 3334 αὖθις
2555 3267 2838 3340 Γουϐάζιος
2908 3273 2935 3326 6
2999 3271 3182 3341 Λαζῶν
3238 3268 3489 3347 βασιλεὺς
3565 3267 3870 3347 ὑποστρέψας

510 3363 711 3411 autem
747 3370 881 3412 cum
917 3352 1158 3412 domum
1193 3355 1537 3414 revertisset
1569 3353 2016 3429 Gubazius,rex
2045 3355 2146 3416 La-

2245 3372 2360 3424 τοῖς
2420 3381 2476 3414 τε
2532 3360 2632 3415 δπὸ
2663 3372 2828 3440 χεῖρα
2871 3357 3114 3438 διηγεῖτο
3145 3361 3204 3416 τὸ
3261 3359 3458 3435 θαῦμα,
3494 3361 3585 3417 καὶ
3643 3357 3718 3415 aut
3746 3378 3870 3432 μνη·

509 3457 737 3514 zorum,
775 3447 833 3500 et
862 3439 1156 3519 subjectis
1187 3441 1299 3502 sibi
1330 3442 1567 3523 populis
1602 3443 1876 3505 narrabat
1906 3444 2146 3508 miracu

2246 3472 2353 3525 μης
2411 3449 2610 3506 eam
2668 3448 2812 3506 ὅσιον
2859 3450 3119 3522 ἐποιεῖτο,
3154 3450 3241 3506 καὶ
3300 3451 3394 3506 οὒκ
3452 3449 3597 3506 ἔστιν
3653 3448 3733 3504 ὅτε
3760 3447 3868 3522 πρὸς

512 3528 660 3618 lum,
685 3537 746 3618 et
775 3529 967 3618 sancti
992 3548 1234 3610 semper
1263 3531 1642 3607 meminerat,
1677 3550 1869 3614 neque
1901 3553 2146 3616 unquarr

2245 3539 2306 3593 τὸ
2373 3538 2652 3608 Βυζάντιον
2707 3536 2942 3594 στέλλων
2991 3541 3114 3618 οὒχὶ
3168 3540 3252 3595 καὶ
3300 3541 3430 3615 πρὸς
3481 3539 3634 3596 αὐτὸν
3689 3537 3864 3609 ἔπεμπε

514 3615 784 3679 mittebat
806 3616 1174 3697 Byzantium,
1212 3621 1356 3696 quin
1388 3620 1461 3680 ad
1495 3639 1628 3681 eum
1662 3640 1898 3702 quoque
1929 3615 2146 3685 scribe-

2246 3630 2535 3704 γράμματα
2604 3631 2661 3685 οὖ
2729 3627 2892 3701 μόνον
2979 3615 3100 3691 ταῒς
3161 3629 3520 3706 προσρήσεσιν
3591 3624 3862 3706 ὁριζόμενα,

515 3715 610 3769 ret
639 3707 885 3785 litteras,
921 3728 1054 3789 quae
1086 3729 1203 3770 non
1242 3711 1722 3775 terminabantur
1761 3714 1907 3775 solis
1937 3715 2146 3778 saluta-

2248 3715 2384 3771 ἀλλᾶ
2458 3717 2545 3772 καὶ
2607 3717 2724 3794 περὶ
2790 3715 3028 3771 πλείστου
3099 3718 3389 3791 ποιούμενα
3447 3719 3514 3771 τὸ
3594 3714 3857 3789 μεμνῆσθαι

513 3795 798 3868 tionibus,
829 3797 934 3858 sed
973 3797 1150 3858 etiam
1186 3799 1435 3879 plurimi
1467 3800 1762 3863 faciebant
1795 3804 1923 3882 ejus
1955 3805 2146 3866 memi-

2247 3806 2429 3860 τυύτου
2515 3807 2602 3861 καὶ
2686 3810 2784 3870 τῆς
2843 3805 3044 3862 ἐκείνου
3127 3805 3513 3884 ὑπερεύχεσθαι
3595 3801 3855 3880 βασιλείας.

514 3891 698 3959 nisse,
733 3893 792 3946 et
814 3887 1102 3965 rogabant
1127 3899 1187 3949 ut
1221 3900 1419 3951 oraret
1451 3909 1553 3971 pro
1588 3909 1696 3953 suo
1748 3911 1956 3972 regno.
1992 3895 2146 3956 Adet

2247 3893 2396 3950 Οὕτω
2446 3895 2641 3957 πάντες
2703 3895 2798 3962 τὴν
2872 3892 3071 3950 δίκαιον
3130 3899 3227 3962 τῆς
3296 3895 3570 3969 ὑπδμονῆς
3626 3889 3856 3957 ὶξεπλήτ-

512 3973 831 4052 stupebant
859 3995 1066 4038 omnes
1086 3978 1230 4056 justi
1261 3980 1728 4060 tolerantiam,et
1757 3985 2077 4061 propinqui
2099 3995 2146 4046 et

2243 4005 2396 4040 τοντο
2457 3985 2544 4039 καὶ
2589 3985 2778 4040 οἰκεῖοι
2839 3984 2926 4040 καὶ
2984 3982 3142 4058 ξένοι,
3202 3985 3296 4040 καί
3338 3982 3543 4040 ἰδιῶται
3604 3983 3683 4039 καὶ
3719 3980 3852 4055 βασι·-

512 4062 866 4143 hospites,et
899 4065 1108 4144 privati
1132 4075 1189 4128 et
1212 4077 1476 4146 reges,et
1501 4071 1754 4131 Romani
1783 4079 1840 4131 et
1870 4072 2116 4134 Barbari
2143 4096 2146 4135 :

2243 4072 2381 4145 λεϊς,
2415 4074 2503 4130 καὶ
2558 4065 2815 4148 τΡωμαῖοι
2867 4073 2963 4129 καὶ
3023 4071 3296 4151 βάρϐαροι,
3333 4074 3420 4130 καὶ
3480 4071 3766 4152 προσιόντες
3791 4067 3851 4127 ὡς

514 4161 572 4212 et
602 4153 984 4242 accedentes,
1023 4156 1391 4222 accedebant
1443 4166 1722 4240 tanquam
1753 4159 1827 4220 ad
1859 4163 2146 4240 angelum,

2244 4163 2458 4240 ἀγγέλῳ
2516 4163 2841 4242 προσῄεσαν,
2899 4164 2986 4220 καὶ
3045 4164 3292 4226 ἀπιόντες
3345 4161 3606 4240 πόῤῥωθεν
3646 4162 3710 4223 εἷς
3749 4159 3849 4212 ἑπι-

513 4247 571 4332 et
597 4241 1050 4332 abeuntes,ejus
1084 4244 1443 4308 invocabant
1475 4247 1852 4322 auxilium,et
1883 4251 2146 4328 precibus

2379 4253 2388 4272 ρ
2595 4253 2606 4272 I
2827 4241 2836 4242 ί
2885 4251 2906 4274 .\
2961 4251 2987 4274 η
3304 4251 3319 4274 ι
3395 4253 3408 4272 ς
3471 4257 3497 4269 ~
3725 4247 3736 4264 ς
3780 4247 3790 4268 t

2244 4273 2456 4331 κουριαν
2516 4251 2761 4326 ἐκαλουν,
2810 4274 2903 4308 και
2956 4275 3117 4328 ῃτουν
3159 4275 3208 4308 τι
3253 4250 3299 4308 δι
3364 4275 3561 4332 ευχης,
3593 4252 3672 4309 καὶ
3722 4267 3847 4322 ετυγ-

512 4329 949 4420 ab_eioialiquid
983 4332 1289 4413 petebant,
1323 4343 1383 4395 et
1405 4334 1824 4414 impetrabant.
2246 4329 2436 4420 χανον.

590 4417 816 4480 XXXII.
851 4426 1039 4500 Atque
1071 4422 1376 4483 sufﬁciunt
1403 4424 1642 4502 quidem
1699 4443 1768 4486 ea
1807 4445 1940 4502 qua;
1971 4447 2146 4509 nuper

2325 4429 2430 4486 AB'
2459 4430 2635 4488 Ἱκανᾶ
2664 4430 2764 4506 μὲν
2807 4429 2894 4485 οὗν
2940 4431 3025 4485 καὶ
3058 4432 3124 4486 τὰ
3156 4433 3344 4509 πρώην
3394 4431 3494 4498 τὴν
3527 4430 3706 4488 ἐδείνου
3741 4443 3843 4497 καρ-

513 4506 672 4601 dicta
696 4517 835 4569 sunt
855 4510 928 4601 ad
961 4509 1408 4601 signiﬁcandam
1437 4511 1596 4574 illius
1627 4513 2037 4578 fortitudinem
2054 4506 2080 4580 ἐ
2103 4529 2146 4580 el

2242 4520 2414 4598 τερίαν
2450 4520 2724 4597 γυωρίσαι,
2761 4520 2850 4576 καὶ
2912 4518 2990 4574 ὅτι
3050 4519 3106 4575 οὗ
3159 4521 3295 4578 κατὰ
3336 4520 3608 4601 ἄνθρωπον
3637 4519 3678 4576 οἱ
3721 4515 3834 4589 ἆγῶ·

513 4597 672 4674 quod
707 4615 836 4675 quae
862 4596 939 4657 ab
991 4616 1059 4658 eo
1092 4598 1572 4678 suscipiebantur
1601 4604 1955 4682 certamina,
1989 4617 2146 4669 erant

2241 4629 2324 4671 νες
2385 4610 2526 4683 αὒτῴ
2555 4611 2642 4664 καὶ
2693 4609 2759 4664 τὰ
2791 4607 3100 4683 σκάμματα.
3157 4608 3305 4666 Ἐπεὶ
3349 4607 3402 4666 δὲ
3461 4634 3556 4686 μοι
3599 4610 3655 4666 τὸ
3703 4621 3827 4659 σπου-

515 4686 764 4778 majora,
797 4704 970 4765 quam
1024 4695 1086 4778 ut
1135 4676 1364 4750 homini
1419 4693 1830 4758 convenirent.
1865 4676 2146 4767 Quoniam

2241 4695 2528 4771 δαζόμενον
2585 4696 2751 4773 μηδὲν
2814 4719 2864 4753 τι
2935 4697 3042 4752 τῶν
3118 4700 3485 4772 καιριωτάτων
3546 4695 3828 4778 παραλιπεῖν,

512 4782 711 4834 autem
741 4774 857 4837 hoc
915 4775 1171 4838 maxime
1223 4778 1458 4867 studeo,
1516 4781 1666 4843 nihil
1698 4786 2146 4862 prmtermittere

2241 4788 2527 4866 προσθήσω
2582 4809 2634 4842 τι
2691 4785 2788 4843 καί
2836 4786 3017 4865 ἕτερον
3071 4794 3193 4851 τοῦς
3247 4789 3550 4867 εἰρημένοις
3577 4774 3738 4865 μεῖζον
3779 4777 3835 4837 εἷς

513 4881 718 4924 eorum
742 4883 873 4955 qua;
896 4874 1036 4926 sunt
1058 4866 1378 4948 pracipua,
1415 4871 1693 4950 adjiciam
1737 4873 1809 4933 iis
1840 4892 1972 4954 quae
2002 4875 2146 4938 dicta

2240 4876 2519 4955 καιρτερίας
2603 4874 2762 4954 λόγον
2840 4878 2926 4932 καὶ
3033 4879 3205 4952 θαῦμα
3274 4866 3367 4935 τοῦ
3459 4875 3831 4955 δοναμῶσαντοςι

513 4954 876 5034 sunt,majus
899 4955 1209 5036 quiddam,
1245 4958 1402 5038 quod
1429 4961 1726 5022 attinetad
1749 4961 2156 5026 fortitudinem

515 5043 1000 5133 etitolerantiam,
1035 5053 1092 5107 et
1125 5047 1197 5108 ad
1231 5067 1371 5110 eum
1398 5050 1838 5128 admirandum,
1874 5054 2160 5133 quidedit

509 5131 599 5193 illi
627 5133 803 5198 vires.
837 5134 975 5198 Erat
1024 5135 1239 5213 hiems,
1299 5157 1491 5220 eaque
1531 5141 1822 5219 glacialis,
1874 5131 1935 5205 et
1985 5146 2158 5207 valde

508 5240 720 5313 aspera
748 5244 763 5299 ;
787 5225 1172 5288 vehementes
1195 5245 1333 5290 vero
1355 5247 1563 5290 rursus
1587 5241 1898 5294 ventorum
1917 5235 2157 5313 procel-

509 5312 603 5389 lae,
639 5321 696 5374 et
725 5314 1024 5389 graviores
1051 5317 1562 5398 praecedentibus;
1589 5321 1764 5382 simul
1798 5312 1998 5384 autem
2021 5343 2155 5386 cum

506 5409 680 5495 vento
710 5402 900 5495 densa
931 5423 1166 5495 quoque
1199 5407 1299 5467 nix
1358 5407 1699 5472 decidebat.
1739 5409 1913 5474 Venti
1955 5413 2157 5495 itaque

509 5489 931 5556 vehementius
987 5494 1355 5576 ingruentes,
1417 5497 1472 5561 ei
1519 5518 1591 5563 ex
1641 5501 1799 5584 pelle
1828 5489 2156 5567 confectam

2240 4967 2455 5042 Χειμὼν
2513 4969 2603 5039 ἦν,
2651 4965 2746 5021 καὶ
2819 4966 3029 5045 χειμὼν
3104 4965 3386 5044 κρυμώδης
3455 4971 3553 5025 καί
3619 4957 3832 5044 χαλεπός·

2239 5052 2446 5110 θύελλαι
2517 5052 2571 5109 δὲ
2602 5054 2747 5118 αὖθις
2802 5059 2908 5110 τῶν
2950 5055 3162 5131 ἀνέμων
3202 5057 3418 5137 σφοδραὶ
3462 5061 3548 5113 ναὶ
3599 5052 3831 5124 δεινότεραι

2240 5151 2346 5202 τῶν
2421 5143 2816 5224 προλαεουσών·
2909 5143 3020 5220 ἅμα
3089 5144 3142 5201 δὲ
3201 5154 3268 5223 τῇ
3337 5154 3477 5225 πνοῇ
3536 5148 3614 5203 καὶ
3667 5138 3834 5220 νιφετὸς

2241 5236 2429 5315 χιόνος
2485 5239 2716 5313 συχνῆς.
2778 5235 2851 5292 Τὰ
2907 5236 3005 5309 μὲν
3075 5235 3162 5292 οὖν
3219 5237 3494 5312 πνεύματα
3543 5231 3833 5316 σφοδρότερον

2242 5323 2583 5402 ἐπιρῥᾶξαντα
2645 5327 2704 5380 τὸ
2757 5324 2816 5380 ἐκ
2871 5322 3126 5401 δέρματος
3159 5329 3300 5400 αὖτῷ
3357 5325 3656 5384 κουκουλιον
3716 5319 3834 5390 ἐκρι-

2239 5417 2444 5486 πίζουσι
2489 5422 2582 5471 τοῦ
2643 5412 2936 5494 τραχήλου,
2971 5416 3057 5470 καὶ
3115 5416 3242 5494 πρός
3285 5437 3404 5473 τινα
3435 5425 3536 5474 τῶν
3587 5402 3834 5480 inrumpi-

2238 5527 2341 5564 νων
2398 5493 3033 5586 ἀκοντίζουσιφείρσγγω
3109 5493 3199 5563 σῦν
3243 5519 3363 5574 τοῖς
3435 5504 3676 5584 πνεύμασι
3729 5493 3835 5562 δὲῆ
