4066 6146
266 386 420 455 1009

1378 391 1566 457 VITA
1607 392 1667 456 S.
1714 391 2079 458 DANIELIS
2121 392 2497 458 STYLIT/E.

3475 398 3631 467 1010

259 531 401 612 χιὼν
459 529 596 587 κατὰ
631 529 920 607 πρόσωπον
972 526 1295 609 προσϐάλλει
1341 526 1519 597 πολλὴ
1570 527 1664 587 καὶ
1694 530 1899 611 ψυχρά.

1996 528 2286 591 cucullam
2310 527 2507 590 ﬂando
2531 526 2861 608 expellunt,
2886 536 2947 590 et
2978 527 3036 590 in
3066 528 3278 593 vallem
3307 532 3629 613 quamdam

258 620 320 678 Ὀ
349 618 405 676 δὲ
436 617 522 695 (οὔ
549 619 651 697 γάρ
679 619 780 676 ὑπὸ
828 617 1012 697 στέγεν
1071 620 1202 699 εἶχε
1253 618 1476 698 δραμεῖν
1527 618 1657 687 ὅλης
1689 622 1899 701 νυκτὸς,

254 710 299 767 ὢ
327 710 511 790 ψυχῆς
544 708 841 790 ἀχειρώτου
896 706 1115 783 δεσμοῖς
1164 715 1256 766 τοῦ
1316 708 1628 783 σώματοςῐ)
1686 709 1903 789 δέχεται

255 807 440 878 γυμνῷ
470 806 545 873 τῷ
578 798 786 873 σώματι
835 802 1010 854 πάντα
1040 800 1200 873 ὁμοῦ,
1260 800 1320 855 τὸ
1372 796 1526 876 δριμὺ
1580 803 1679 866 τῆς
1736 798 1903 877 ὥρας,

252 890 353 957 τὴν
381 890 566 969 χιόνα,
599 889 661 945 τὲ
690 887 987 962 πνεύματα,
1025 890 1124 957 τὴν
1182 886 1338 956 πῆξιν
1392 888 1490 956 τὴν
1522 889 1640 966 περὶ
1690 889 1789 957 τὴν
1833 888 1905 945 ἔω

254 979 353 1047 τὴν
410 977 691 1056 ἀλγεινήν.
749 976 994 1056 ’Ἔφανεν
1054 976 1251 1054 ἡμέρα,
1314 979 1397 1034 κα)
1455 978 1515 1033 τὸ
1588 975 1758 1036 δεινὸν
1811 982 1906 1038 οὐκ

259 1067 475 1146 ἕλη-(εν,
522 1065 641 1123 ἀλλ’
686 1066 848 1146 ἴσχυε
892 1065 1121 1141 μᾶλλον,
1162 1068 1250 1124 καὶ
1281 1069 1308 1124 ὁ
1338 1067 1550 1146 χειμὼν
1582 1066 1899 1130 ἐπετείνετο.

259 1166 387 1222 Τοῖς
418 1155 474 1213 δὲ
518 1168 804 1236 φοιτηταῖς
855 1156 1082 1235 μηχανὴ
1125 1154 1240 1212 οὒδέ
1286 1157 1382 1231 μία
1425 1156 1520 1224 τῆς
1565 1157 1718 1235 θύρας
1760 1180 1900 1236 προ·-

255 1247 447 1327 addat,
506 1245 601 1304 καῖ
664 1249 691 1302 ὁ
741 1247 1023 1322 βοηθήσων
1069 1243 1256 1308 οὐδεὶς,
1305 1244 1536 1325 Ἠμέραν
1567 1247 1664 1322 μὲν
1696 1245 1902 1316 ἐκείνην

258 1336 392 1403 ὅλην
422 1338 508 1394 καὶ
568 1335 662 1403 τὴν
692 1335 941 1393 ἐπιοῦσαν
994 1335 1151 1392 νύκτα
1199 1333 1335 1392 πολὺ
1387 1333 1694 1414 δριμυτέραν
1744 1336 1902 1394 οὖσαν

256 1425 423 1492 οὕτως
477 1429 504 1482 ὁ
560 1437 805 1505 γενναῖος
863 1423 1210 1504 διακαρτέρει.
1272 1423 1439 1502 ’Ἄρτι
1500 1423 1556 1481 δὲ
1607 1425 1756 1504 τρίτη
1802 1427 1901 1501 μὲν

255 1518 324 1587 ἦν
353 1524 431 1590 τῷ
479 1521 735 1596 χειμῶνι,
784 1515 847 1570 τὸ
891 1511 947 1569 δὲ
1004 1513 1187 1591 ἄγριον
1235 1521 1328 1572 τοῦ
1375 1516 1577 1590 κρυμοῦ
1621 1514 1898 1596 ὑπελώφα,

254 1609 343 1664 καὶ
383 1607 482 1675 τὴν
512 1604 749 1678 κλίμακα
805 1609 910 1660 τῶν
944 1606 1196 1680 μαθητῶν
1256 1605 1304 1660 οἱ
1360 1603 1660 1683 θερμότεροι
1726 1627 1900 1683 προσ-

1985 617 2114 698 subj
2126 624 2313 679 cctam
2331 616 2850 697 jaculautur.Cum
2870 619 3061 681 ventis
3073 627 3272 687 autem
3289 622 3476 684 multa
3490 642 3634 704 quo-

1986 726 2104 788 que
2126 707 2224 768 nix
2240 714 2298 767 et
2320 706 2532 786 frigida
2553 707 2683 787 ejus
2707 707 2919 770 faciem
2938 707 3285 789 impetebat.
3312 711 3419 774 Ille
3431 719 3632 777 autem

1986 798 2212 879 (neque
2241 795 2400 859 enim
2425 795 2680 858 habebat
2702 803 2949 871 tectum,
2975 797 3048 859 ad
3081 799 3238 879 quod
3262 801 3631 884 confugeret)

1990 895 2111 948 tota
2138 894 2313 949 nocte
2347 886 2404 966 (ο
2435 884 2713 949 invictam
2738 886 2991 949 vinculis
3012 889 3282 968 corporis
3311 891 3628 974 animaml)

1988 976 2147 1038 nudo
2169 993 2421 1056 corpore
2443 975 2644 1037 omnia
2660 976 2891 1051 sull‘ert,
2916 976 3202 1058 temporis
3216 979 3630 1063 acerbitatem,

1988 1068 2208 1143 nivem,
2231 1075 2462 1140 ventos,
2494 1083 2771 1146 asperam
2801 1066 2961 1128 circa
2991 1085 3265 1129 auroram
3297 1074 3634 1133 concretio-

1986 1174 2123 1218 nem
2158 1163 2217 1217 et
2249 1154 2806 1234 conglaciationem.
2838 1156 3105 1235 Apparet
3134 1157 3287 1233 dies,
3323 1167 3382 1220 et
3411 1160 3631 1222 malum

1987 1265 2107 1308 non
2139 1245 2437 1325 cessabat,
2470 1247 2577 1309 sed
2606 1246 2793 1326 magis
2813 1246 3302 1325 invalescebat,et
3324 1250 3637 1314 hiemsin-

1986 1341 2347 1400 tondebatur.
2372 1341 2644 1411 Discipuli
2686 1350 2876 1399 autem
2907 1340 3072 1399 nullo
3105 1344 3276 1402 modo
3307 1354 3573 1417 poterant
3601 1363 3633 1407 θ

1985 1442 2146 1504 porta
2174 1431 2524 1502 prospicere,
2547 1445 2737 1502 neque
2760 1440 2880 1489 erat
2905 1430 3083 1501 ullus,
3117 1434 3214 1504 qui
3239 1435 3287 1491 ei
3317 1450 3485 1507 opem
3516 1438 3633 1497 fer-

1983 1526 2099 1580 ret.
2123 1516 2338 1577 Totum
2364 1533 2504 1595 ergo
2527 1515 2697 1579 illum
2720 1514 2881 1578 diem
2905 1524 2965 1578 et
2982 1526 3338 1598 sequentem
3363 1531 3628 1601 noctem,

1981 1624 2115 1687 quae
2138 1604 2250 1667 fuit
2286 1604 2475 1666 multo
2504 1602 2803 1686 acerbior,
2827 1603 2926 1666 hic
2948 1605 3039 1668 vir
3057 1625 3385 1686 generosus
3405 1611 3637 1675 fortiter

247 1697 565 1777 ερείσαντες,
644 1696 734 1751 καὶ
805 1694 993 1753 αὐτίκα
1068 1690 1270 1769 σπουδῇ
1340 1692 1516 1769 πολλῇ
1585 1692 1898 1768 ἀναϐάντες,

1996 1704 2045 1759 et
2063 1704 2411 1758 constanter
2433 1693 2832 1775 pertulitJam
2857 1695 3069 1757 tertius
3084 1698 3326 1778 quidem
3351 1710 3484 1764 erat
3502 1701 3635 1766 dies

244 1788 407 1864 ὁρῶσι
451 1784 622 1860 Θὲαμα
672 1784 911 1864 φρικτὸν,
959 1782 1005 1839 ὦ
1050 1785 1294 1841 Δέσποτα
1350 1783 1437 1839 καὶ
1486 1783 1606 1859 Θεὲ,
1662 1785 1749 1841 καὶ
1802 1786 1904 1862 πρὸ

1996 1785 2378 1865 tempestatis,
2415 1784 2679 1847 desierat
2706 1802 2844 1846 vero
2875 1784 3059 1847 eifera
3086 1786 3335 1865 glacies,
3388 1798 3448 1852 et
3494 1810 3630 1854 cum

241 1885 340 1935 τσιῦ
368 1875 499 1933 ἰδεῖν
531 1875 629 1949 μὲν
658 1877 841 1936 αὐτοῖς
873 1873 896 1928 ἐ
923 1870 1139 1929 λπισθὲν
1169 1873 1316 1948 ὅμως
1357 1871 1412 1929 δέ
1457 1894 1508 1929 τι
1560 1875 1645 1931 καὶ
1699 1873 1903 1950 μᾶλλον

1996 1872 2725 1954 scalasadmovissent,qui
2752 1881 2920 1937 erant
2944 1873 3336 1940 ferventiores
3358 1897 3429 1941 ex
3452 1879 3636 1943 disci-

244 1963 606 2047 φοϐερώτερα-ι
663 1965 796 2042 πρὸς
854 1963 958 2028 τὴν
1014 1960 1137 2037 ὄψιν
1195 1962 1383 2040 φανὲν,
1457 1963 1549 2018 τὸν
1608 1961 1754 2020 ὅσιον
1811 1971 1905 2022 τοῦ

1996 1964 2168 2044 pulis,
2198 1971 2256 2025 et
2288 1981 2541 2043 propere
2569 1963 3018 2039 ascendissent,
3047 1963 3275 2047 vident,
3313 1986 3348 2029 o
3379 1967 3636 2032 Domine

254 2053 588 2136 περιϐολαίου
618 2053 715 2128 μὲν
762 2050 869 2122 ἤδη
904 2050 1351 2131 γεγυμνωμένον,
1402 2059 1478 2127 τῷ
1523 2050 1576 2107 δὲ
1637 2053 1903 2132 κρυστάλ-

1996 2055 2172 2125 Deus,
2198 2051 2564 2115 borrendum
2595 2052 3028 2134 spectaculum,
3055 2062 3113 2116 et
3132 2055 3291 2136 quod
3312 2065 3634 2139 antequam

253 2144 333 2218 λῳ
363 2143 619 2201 πάντοθεν
650 2140 1066 2219 περιεσταμένον
1093 2141 1184 2196 καὶ
1231 2140 1330 2209 τήν
1377 2141 1617 2221 κεφαλὴν
1664 2144 1751 2200 καὶ
1804 2143 1905 2211 τὴν

1996 2142 2283 2206 vidissent
2298 2142 2567 2223 quidem,
2584 2142 2658 2204 ab
2682 2142 2770 2205 eis
2791 2143 3268 2223 exspectabatur,
3285 2146 3416 2227 ipso
3436 2154 3636 2211 tamen

256 2234 375 2313 ὄφιν
433 2235 522 2291 καί
573 2233 638 2291 τὰ
694 2230 857 2290 λοιπᾶ
913 2230 1051 2308 μέρη
1108 2235 1201 2287 τοῦ
1245 2252 1518 2306 σωματος,
1554 2232 1613 2288 οὒ
1658 2231 1822 2306 μόνον
1849 2231 1904 2290 δὲ

1996 2242 2241 2310 aspectu
2283 2233 2471 2293 visum
2527 2239 2617 2293 est
2669 2230 2997 2294 terribilius
3040 2253 3055 2292 :
3111 2242 3380 2296 sanctum
3414 2239 3636 2300 amictu

266 2323 407 2380 ἀλλὰ
473 2324 562 2380 καὶ
632 2323 756 2380 αὒτὸ
823 2322 885 2378 τὸ
955 2327 1110 2395 σῶμα
1189 2321 1536 2398 ἀποπαγέντα
1621 2323 1708 2378 καὶ
1776 2325 1908 2400 πρὸς

270 2411 596 2492 κρύσταλλον
626 2413 693 2468 τὰ
723 2432 784 2489 γε
817 2412 890 2472 εἷς
944 2407 1262 2489 ψυχρότητα
1312 2411 1400 2467 καὶ
1443 2410 1600 2479 πῆξιν
1629 2410 1909 2487 μεταϐλη-

265 2504 421 2562 οέντα
475 2500 850 2580 κρυστάλλινον
899 2498 961 2555 ἄν
1022 2520 1100 2565 τις
1158 2499 1434 2575 ὠνόμασεν
1487 2500 1645 2557 αὐτὸν
1704 2501 1910 2578 ἄνθρω-

266 2617 367 2652 πον
394 2593 511 2672 (καὶ
539 2591 592 2647 τί
632 2591 732 2670 γὰρ
774 2589 905 2646 ἄλλο
944 2588 991 2667 ;)
1032 2588 1067 2657 ἢ
1114 2589 1295 2666 νεκρὸν
1340 2589 1497 2646 ἕνεκά
1538 2611 1594 2645 τε
1638 2596 1731 2647 τοῦ
1774 2589 1912 2665 μηδὲ

266 2685 438 2752 πνοὴν
494 2682 640 2762 ἔχείν
697 2680 1017 2754 νομίζεσθαι.
1092 2686 1325 2753 Θερμοϊς
1378 2686 1467 2736 οὖν
1534 2677 1684 2736 ὕδασι
1758 2680 1913 2751 μόλις

263 2775 356 2832 τόν
391 2773 556 2850 πάγον
587 2770 864 2841 λύσαντες,
899 2766 1034 2825 ἀλλὰ
1077 2766 1142 2836 δὴ
1190 2769 1279 2825 καὶ
1319 2769 1382 2824 τὸ
1424 2774 1581 2845 σῶμα
1629 2769 1912 2849 περιρραν-

1993 2321 2237 2402 quidem
2260 2322 2385 2401 jam
2418 2320 2728 2396 nudatum,
2764 2321 2956 2400 glacie
2983 2340 3127 2384 vero
3170 2324 3337 2386 omni
3366 2343 3438 2387 ex
3470 2334 3636 2407 parte

1994 2411 2520 2492 comprehensum,
2551 2417 2612 2472 et
2639 2410 2833 2491 capite
2861 2419 2921 2472 et
2948 2411 3121 2489 facie,
3150 2416 3209 2474 et
3227 2413 3480 2496 reliquis
3503 2434 3636 2496 par-

1995 2499 2107 2561 bus
2149 2499 2454 2580 corporis,
2498 2518 2696 2580 neque
2743 2499 2856 2562 hoc
2896 2500 3114 2582 solum,
3147 2501 3254 2563 sed
3288 2501 3469 2565 etiam
3503 2504 3635 2587 ipso

1996 2607 2249 2670 corpore
2268 2606 2362 2650 om
2373 2591 2513 2651 nino
2530 2597 2976 2663 concretum,et
2995 2589 3057 2650 in
3076 2590 3354 2670 glaciem,
3375 2593 3427 2654 si
3450 2592 3636 2673 frigus

1996 2688 2234 2759 spectes
2281 2686 2338 2741 et
2389 2678 2865 2752 concretionem,
2898 2697 3301 2758 conversum;
3335 2700 3471 2743 eum
3501 2687 3636 2764 quis

1996 2768 2302 2848 glacialem
2320 2767 2627 2830 hominem
2640 2768 3044 2830 nominaverit
3064 2768 3227 2848 (quid
3243 2771 3402 2833 enim
3424 2773 3636 2853 aliud?)

262 2865 529 2942 τίσαντες,
589 2862 676 2916 καὶ
731 2861 986 2936 σπόγγοις
1043 2856 1469 2931 ἐξαπονίσαντες,
1543 2856 1726 2927 ἐπειδὴ
1796 2850 1909 2936 μεθ’

1996 2870 2097 2921 aut
2120 2869 2446 2937 mortuum,
2471 2856 2631 2936 quod
2654 2855 3095 2919 existimaretur
3107 2875 3183 2919 ne
3196 2876 3369 2938 posse
3386 2850 3636 2942 quidem

261 2953 444 3011 ἱκανὸν
473 2952 546 3013 εἷς
576 2950 759 3007 ἑαυτὸν
789 2947 995 3009 ἰκεϊνος
1035 2946 1198 3004 ἐλθὼν
1247 2949 1338 3005 καὶ
1393 2947 1576 3026 ὥσπερ
1625 2948 1686 3006 ἐκ
1743 2949 1909 3006 θανά-

1996 2947 2247 3026 spirare.
2268 2946 2415 3010 Cum
2440 2944 2649 3009 calidis
2667 2964 2809 3025 ergo
2830 2949 3001 3027 aquis
3019 2946 3334 3009 solvissent
3357 2948 3631 3033 glaciem,

267 3063 362 3099 του
388 3043 486 3108 τὴν
515 3045 684 3107 πνοὴν
715 3037 856 3101 αὖθις
888 3034 1064 3093 λαϐὼν
1096 3035 1382 3118 ἀπειλήφει
1437 3039 1521 3093 καὶ
1573 3038 1672 3105 τὴν
1703 3039 1907 3120 φωνὴν,

1996 3036 2139 3118 quin
2166 3035 2346 3098 etiam
2378 3053 2595 3115 corpus
2627 3035 3048 3116 aspersissent,
3086 3044 3398 3117 postquam
3429 3039 3533 3101 ille
3559 3041 3635 3102 ad

272 3123 429 3189 ἰνατί
457 3151 569 3203 μοι,
601 3129 755 3209 φησὶ,
788 3126 1074 3205 πράγματα
1105 3125 1365 3207 παρέχειν
1420 3127 1577 3200 ὑμεῖς
1630 3127 1907 3204 βούλεσθε,

1996 3144 2061 3187 se
2083 3124 2384 3199 rediisset,
2418 3132 2476 3186 et
2505 3131 2787 3204 tanquam
2818 3143 2851 3185 e
2876 3134 3071 3188 morte
3095 3128 3436 3206 suscitatus,
3460 3128 3636 3209 spiri-

264 3222 357 3278 καὶ
411 3217 576 3288 ἡδέως
633 3216 959 3274 ὕπνώττοντι
1014 3213 1354 3295 ἒνοχλεϊτες
1428 3213 1593 3295 ’Ἄρτι
1651 3219 1750 3295 γὰρ
1820 3218 1909 3275 τὸν

1998 3223 2121 3310 tum
2151 3213 2506 3310 recepisset,
2548 3231 2756 3310 vocem
2787 3231 3026 3295 quoque
3064 3214 3322 3310 accepit,
3355 3224 3415 3278 et
3442 3216 3629 3310 digit:

267 3310 460 3387 Κύριον
509 3309 580 3369 εἷς
627 3306 927 3381 ἐπικουρίαν
980 3303 1358 3380 ἐκκαλουμένῳ
1412 3308 1597 3383 μικρὸν
1655 3306 1911 3385 ἀφυπνώ-

263 3399 356 3455 σαί
410 3420 501 3473 μοι
565 3395 766 3474 γέγονε.
812 3393 961 3462 Πλὴν
1004 3392 1121 3450 ἀλλ’
1168 3396 1288 3472 εὖγε
1331 3396 1484 3470 ὑμῖν,
1516 3396 1562 3452 ὦ
1603 3396 1784 3469 τέκνα,
1821 3401 1914 3452 τοῦ

264 3488 469 3565 πατρὸς
524 3486 662 3544 οὓτω
731 3483 1076 3563 φροντίζουσι.
1155 3486 1276 3563 Καὶ,
1339 3482 1470 3541 Δότε
1513 3483 1579 3552 δη
1624 3508 1739 3564 μοι,
1784 3484 1911 3565 ἔφη,

269 3579 362 3634 καὶ
423 3573 876 3655 περισταίλασθαι,
936 3571 1342 3652 αἰσχυνόμενος,
1416 3573 1598 3649 οἶμαι,
1670 3572 1754 3630 διὰ
1814 3575 1915 3642 τὴν

267 3667 562 3746 γύμνωσιν,
594 3663 715 3720 ἀλλ’
744 3664 867 3742 οὒχὶ
923 3662 1122 3739 θέρμης
1180 3660 1452 3733 δεόμενος.
1514 3665 1573 3720 Οἱ
1625 3660 1679 3717 δὲ
1738 3684 1913 3740 προσ..

265 3755 501 3833 ἡνεγκὰν
563 3775 621 3810 τε
680 3752 821 3827 αὐτῷ
879 3748 1217 3829 περιϐόλαια-ι
1276 3750 1477 3830 ἕτερον,
1527 3752 1614 3807 καὶ
1673 3750 1913 3808 ἐνέδυσαν

263 3830 407 3907 θείας
466 3830 784 3924 εὖφροσύνης
842 3841 1049 3920 χιτῶνα
1101 3840 1237 3898 κατά
1296 3841 1387 3897 τὸν
1435 3840 1715 3920 προφήτην
1764 3839 1911 3897 ἐνδε-

264 3934 516 4010 ιῖυμένον.

351 4191 479 4261 ΛΓ’.
516 4200 693 4258 Πολλὰ
722 4206 844 4278 γοῦν
899 4200 1035 4274 μετὰ
1089 4205 1253 4255 ταῦτα
1318 4198 1401 4252 καί
1443 4198 1536 4252 τοῦ
1565 4193 1909 4276 φιλοχρίστου

258 4291 528 4372 βασιλέως
586 4289 854 4356 ἀξιοὺντος
917 4288 1005 4344 καί
1058 4286 1309 4363 δεομένου
1369 4285 1491 4365 (ἧκε
1535 4288 1635 4364 γὰρ
1677 4286 1762 4341 καὶ
1806 4283 1910 4358 μὲ-

262 4370 394 4463 χρις
454 4384 612 4438 αὖτοῦ
670 4377 883 4458 ταῦτα),
941 4379 1016 4442 ὡς
1074 4379 1133 4434 Εἰ
1187 4377 1275 4432 καὶ
1325 4376 1403 4450 μὴ
1451 4382 1545 4432 σοῦ
1574 4374 1758 4454 χάριν,
1790 4370 1910 4429 ἀλλ’

259 4472 424 4530 ἕνεκά
478 4492 538 4547 γε
596 4472 750 4541 ἡμῶν
801 4471 888 4525 καὶ
952 4472 1050 4534 τῆς
1108 4464 1364 4545 ὠφελείας
1436 4466 1534 4531 τῆς
1622 4462 1910 4541 ἡμετέρας,

264 4575 455 4643 φεῖσαι
491 4562 599 4615 τῶν
630 4555 946 4636 παραϐόλων
988 4555 1188 4612 τούτων
1216 4552 1490 4633 κινδύνων,
1549 4554 1636 4610 καὶ
1695 4553 1772 4626 μὴ
1820 4552 1912 4609 οὕ-

1997 3300 2114 3365 Gur
2145 3301 2292 3363 mihi
2322 3300 2501 3362 vultis
2549 3298 2838 3362 exhibere
2887 3300 3216 3380 negotium,
3268 3311 3326 3363 et
3372 3304 3640 3367 suaviter

1997 3390 2395 3453 dormientem
2429 3390 2649 3452 vexatis
2669 3387 2865 3452 ?Nam
2897 3408 3033 3451 cum
3068 3390 3247 3452 modo
3278 3389 3516 3453 Domini
3538 3399 3638 3454 in-

1999 3497 2269 3542 vocarem
2300 3479 2618 3553 auxilium,
2652 3477 2873 3541 accidit
2905 3479 3071 3558 mihi,
3096 3490 3165 3539 ut
3188 3496 3397 3557 parum
3415 3481 3638 3542 dormi-

1998 3577 2206 3630 tarem.
2233 3571 2529 3631 Caeterum
2557 3567 2714 3630 bene
2743 3566 2822 3629 sit
2847 3566 3033 3637 vobis,
3069 3586 3103 3628 o
3138 3567 3267 3640 ﬁlii,
3302 3571 3403 3648 qui
3450 3569 3637 3631 Patris

1996 3665 2216 3720 tantam
2250 3675 2453 3719 curam
2484 3656 2718 3736 geritis.
2770 3658 2917 3719 Date
2965 3662 3162 3717 autem
3209 3656 3378 3739 mihi,
3418 3658 3633 3739 inquit,

1997 3765 2112 3827 quo
2146 3764 2241 3808 me
2269 3745 2538 3825 induam;
2567 3745 2957 3819 erubescens,
2985 3753 3053 3806 ut
3081 3745 3360 3819 arbitror,
3395 3756 3636 3827 propter

1996 3834 2351 3907 nuditatem,
2384 3852 2502 3895 non
2534 3842 2732 3895 autem
2788 3833 2984 3894 calore
3032 3833 3330 3913 indigens.
3377 3834 3469 3897 Illi
3498 3854 3637 3899 vero

1996 3923 2179 3984 alium
2212 3922 2493 3985 amictum
2520 3921 2594 3984 ad
2620 3939 2757 3984 eum
2788 3919 3135 3996 attulcrunt,
3170 3933 3229 3985 et
3256 3942 3391 3986 eum
3415 3925 3635 3987 indue-

1991 4021 2157 4087 runt,
2211 4013 2412 4074 tunica
2460 4010 2682 4073 divinae
2733 4011 2953 4074 lwtitiaa
2994 4011 3296 4096 indutum,
3329 4024 3394 4076 ut
3442 4014 3636 4078 dicam

1993 4121 2126 4163 cum
2160 4102 2455 4181 propheta
2481 4102 2539 4161 8.

2072 4189 2334 4254 XXXIII.
2378 4194 2590 4253 Postea
2630 4197 2828 4252 autem
2862 4191 3120 4252 multum
3147 4210 3281 4253 eum
3306 4201 3551 4272 rogante
3579 4203 3640 4256 et

1995 4280 2350 4343 obsecrante
2379 4278 2598 4344 Christi
2628 4289 2864 4342 amante
2897 4283 3256 4362 imperatore
3303 4284 3448 4354 (haec
3474 4285 3636 4344 enim

1994 4371 2065 4432 ad
2093 4390 2228 4432 eum
2254 4387 2444 4452 usque
2469 4369 2890 4451 pervenerunt)
2920 4380 2976 4431 et
3003 4369 3242 4433 dicente
3269 4391 3283 4433 :
3312 4372 3376 4434 Si
3399 4389 3516 4433 non
3542 4378 3640 4434 tua

1997 4478 2202 4541 causa,
2227 4469 2286 4522 at
2317 4467 2520 4522 nostra
2543 4467 2603 4520 et
2628 4466 2845 4521 nostra:
2870 4459 3160 4534 utilitatis,
3194 4479 3370 4540 parce
3392 4460 3520 4522 istis
3543 4461 3639 4521 ni-

2001 4551 2113 4611 mis
2143 4548 2552 4631 praecipitibus
2576 4557 2635 4610 et
2656 4548 2940 4629 projectis
2970 4550 3290 4630 periculis:
3325 4558 3382 4611 et
3409 4569 3507 4625 ne,
3531 4549 3640 4612 tibi

264 4672 375 4712 τως
408 4648 679 4728 αὒτόχεὶρ,
711 4656 919 4724 μικροῦ,
968 4645 1156 4703 ἑαυτοῦ
1196 4644 1481 4721 γενόμενος
1528 4644 1671 4717 ἡμᾶς
1715 4663 1771 4698 τε
1817 4643 1909 4714 ὀρ-

2002 4650 2103 4728 ipsi
2134 4657 2373 4728 mortem
2397 4647 2812 4717 propemodum
2833 4646 3219 4713 couscicus,et
3240 4662 3344 4706 nos
3367 4649 3539 4705 orbos
3561 4663 3643 4704 rc-

266 4740 465 4821 φανοὺς
525 4737 819 4810 ἀπολίπης,
880 4735 1035 4798 αὒτὸς
1105 4732 1158 4790 δὲ
1227 4733 1429 4809 ἐξάγειν
1502 4733 1689 4788 ἑαυτὸν
1760 4729 1916 4806 δόξῃς

265 4838 368 4888 τοῦ
419 4830 532 4904 βίου
588 4830 673 4885 καὶ
731 4829 834 4903 πρὸ
891 4831 1095 4901 καιροῦ.
1155 4830 1328 4881 Ταῦτα
1375 4822 1689 4879 καὶτούτων
1751 4820 1918 4878 πλείω

267 4919 366 4974 σὺν
421 4915 630 4996 δάκρυσι
690 4923 784 4974 τοῦ
839 4920 1152 4986 κρατοῦντος
1213 4910 1463 4986 δεομένου
1507 4913 1595 4968 καὶ
1645 4911 1758 4985 ἅμα
1811 4915 1916 4966 τῶν

266 5004 447 5065 ποδῶν
477 5005 777 5078 ἁπτομένο)
822 5003 976 5078 μόλις
1033 5001 1297 5081 ἠνέσχετο
1355 5003 1545 5076 μικρὸν
1602 5002 1730 5079 φοῦν
1774 4999 1916 5071 αὖτῷ

267 5097 506 5174 γενέσθαι
539 5096 758 5174 στέγην,
791 5091 1037 5155 αἰδεσθεὶς
1097 5093 1160 5147 τὸ
1222 5093 1311 5147 τοῦ
1368 5087 1635 5167 βασιλέως
1694 5087 1912 5166 δάκρυα.

273 5186 375 5245 Καί
405 5185 560 5241 τοῦτο
619 5185 812 5264 εἴρηκα
873 5182 1054 5256 μέντοι
1100 5179 1382 5252 πολλάκις,
1438 5177 1586 5236 οὒδὲν
1642 5176 1698 5234 δὲ
1756 5178 1916 5245 ἧττον

265 5276 359 5331 καὶ
390 5278 473 5330 νῦν
528 5274 651 5352 ἐρῶ,
713 5276 785 5339 ὡς
843 5270 990 5328 οὒδὲν
1046 5270 1112 5338 ἦν
1170 5271 1247 5344 τῷ
1301 5267 1517 5345 βασιλεῖ
1571 5272 1742 5340 Θαυμα
1801 5264 1917 5325 οὔδε

268 5363 438 5421 ἐδόκει
500 5373 687 5438 μεῖζον
743 5367 843 5431 τῆς
901 5371 992 5420 τοῦ
1048 5359 1287 5437 μεγάλου
1347 5358 1621 5436 καρτερίας
1679 5360 1769 5414 καὶ
1816 5362 1917 5424 τῆς

265 5453 534 5512 πολιτείας
564 5453 769 5526 ἐκείνῳ.
819 5451 1025 5509 Ili-11:1:
1075 5449 1164 5504 οὖν
1193 5450 1245 5505 οἳ
1280 5445 1723 5523 διεπρεσϐεύοντο
1784 5447 1916 5524 πρὸς

270 5544 452 5622 αὒτὸν,
483 5539 598 5597 εἴτε
629 5539 870 5617 βασιλεῖς
902 5537 1014 5594 εἷεν
1046 5537 1159 5595 εἴτε
1191 5533 1458 5617 πρέσϐεις,
1523 5533 1624 5592 εἴθ’
1659 5536 1745 5597 οὓς
1790 5534 1915 5591 ὀνο-

353 5716 531 5782 815a.
562 5733 684 5799 ιιι,
720 5717 816 5782 10.

2001 4727 2257 4807 linquas,
2276 4736 2336 4788 et
2353 4726 2482 4807 ipse
2499 4734 2636 4788 ante
2653 4735 2887 4806 tempus
2910 4728 3165 4790 videaris
3192 4747 3225 4790 e
3246 4729 3360 4790 vita
3382 4730 3641 4809 teipsum

1999 4816 2074 4877 ed
2087 4815 2431 4878 ucere.Haac
2443 4813 2606 4875 ethis
2630 4814 2800 4893 plura
2823 4815 3062 4876 dicente
3086 4818 3280 4897 imper
3296 4826 3464 4880 atore
3488 4826 3641 4880 etro-

2000 4915 2200 4984 gente,
2229 4914 2285 4966 et
2310 4905 2495 4985 pedes
2518 4902 2698 4965 simul
2725 4902 3149 4985 prehensante,
3174 4906 3264 4966 vix
3278 4908 3562 4970 sustinuit
3580 4914 3646 4968 ut

1998 4994 2112 5056 sibi
2139 5013 2343 5073 parum
2368 4993 2578 5055 saltem
2595 4992 2762 5054 ﬁeret
2778 4998 3026 5066 tectum,
3047 4995 3335 5056 reveritus
3353 4997 3643 5076 lacrymas

1998 5082 2539 5163 imperatoris.Hoc
2557 5080 2798 5162 quidem
2820 5080 2943 5160 jam
2977 5100 3009 5141 a
3040 5100 3136 5143 me
3160 5083 3384 5145 dictum
3405 5094 3516 5165 est,
3544 5085 3643 5144 ni-

2002 5174 2326 5235 nilominus
2340 5187 2538 5234 tamen
2563 5188 2724 5232 nunc
2737 5188 2976 5250 quoque
2990 5170 3210 5233 dicam.
3234 5171 3472 5234 Nullum
3490 5183 3640 5253 erat,

2004 5282 2113 5324 nec
2130 5262 2438 5324 videbatur
2469 5258 2817 5341 imperatori
2849 5259 3039 5338 majus
3070 5258 3420 5323 miraculum
3447 5264 3642 5341 magni

2001 5352 2267 5416 Danielis
2292 5350 2607 5411 tolerantia
2639 5357 2699 5410 et
2719 5347 2859 5410 vita.
2895 5348 3122 5411 Omnes
3153 5367 3317 5429 ergo,
3352 5351 3454 5430 qui
3484 5352 3644 5432 apud

2003 5460 2136 5502 eum
2170 5440 2567 5518 fungebantur
2589 5437 2904 5517 legatione,
2927 5438 3051 5498 sive
3075 5448 3275 5499 essent
3299 5458 3491 5520 reges,
3519 5441 3645 5504 sive

2001 5530 2201 5613 legati,
2235 5531 2470 5613 aliquos
2500 5529 2742 5610 quidem
2788 5547 2895 5611 per
2924 5528 3071 5591 alios
3114 5528 3263 5591 alios
3295 5549 3432 5593 vero
3463 5530 3642 5595 etiam
