4048 6136
476 369 620 438 1011

1632 368 2018 439 ADDENDA.
2091 407 2169 420 —
2237 373 2664 438 DECEMBER.

3721 365 3861 431 1012

474 522 582 587 per
611 523 676 568 se
707 502 952 568 deduxit
979 500 1053 568 ad
1083 511 1378 570 sanctum.
1406 505 1492 567 llli
1522 524 1661 568 vero
1688 507 1872 586 magis
1902 516 2112 589 stupe-

2213 511 2421 581 ιάζουσι
2457 511 2652 588 ῥῆγας,
2682 508 2803 574 τοὺς
2863 509 2960 584 μὲν
3016 504 3083 564 δι’
3145 504 3356 586 ἐτέρων,
3411 504 3562 569 τοὺς
3597 501 3660 560 δὲ
3695 504 3776 562 καὶ
3805 500 3863 559 δι’

471 596 617 658 bant
644 596 933 669 videntes,
958 613 1134 672 quam
1156 597 1491 670 audientes,
1515 604 1573 658 et
1593 596 1679 658 sic
1703 597 1978 658 redibant
2004 599 2111 660 be-

477 685 850 757 nedicentes,
868 694 926 746 et
947 684 1146 746 anima
1171 686 1366 748 eﬂ‘ecti
1396 685 1697 750 meliores.
1725 687 1892 758 Quod
1918 697 2110 750 autem

469 786 536 839 ut
556 776 752 837 futura
780 792 1015 855 quoque
1039 775 1286 845 videret,
1313 782 1591 855 tanquam
1612 777 1735 854 jam
1769 780 2108 856 praesentia,

477 883 512 926 a
539 863 776 945 superis
798 874 1130 944 acceperat,
1150 883 1183 926 a
1209 882 1301 925 me
1325 863 1566 940 quidem
1595 865 1717 944 jam
1750 884 1907 946 saepe
1928 886 2110 947 supe-

474 956 604 1016 rius
625 963 931 1016 ostensum
967 961 1077 1017 est.
1102 953 1206 1016 Est
1228 972 1363 1015 vero
1393 955 1567 1033 hujus
1592 973 1830 1035 quoque
1862 957 1946 1018 rei
1983 976 2110 1018 ma-

479 1042 756 1105 nifestum
786 1042 1098 1105 indicium.
1125 1044 1408 1116 Quaedam
1437 1044 1592 1105 fama
1613 1046 1674 1105 in
1691 1064 1899 1107 omnes
1922 1055 2114 1126 partes

479 1131 776 1208 manabat,
801 1130 1232 1194 Genserichum
1249 1151 1446 1211 regem
1463 1133 1864 1195 Vandalorum
1893 1135 2113 1198 bellum

475 1239 690 1300 gerere
713 1222 1008 1283 adversus
1031 1223 1332 1285 Romanos
1354 1239 1564 1298 magno
1581 1237 1871 1302 apparatu
1901 1233 1957 1284 et
1983 1243 2110 1285 ma-

470 1313 606 1391 jore
627 1310 897 1386 audacia,
927 1321 985 1372 et
1007 1311 1160 1390 quod
1179 1311 1303 1390 jam
1335 1329 1468 1370 cum
1503 1329 1714 1387 magna
1753 1330 1929 1374 manu
1971 1330 2109 1392 per-

479 1399 642 1461 venit
674 1399 1122 1473 Alexandriam,
1178 1416 1310 1460 eam
1365 1398 1481 1459 sibi
1511 1401 1712 1461 volens
1743 1401 1883 1461 belli
1914 1402 2111 1462 facere

479 1489 818 1570 praemium.
844 1487 974 1549 Non
999 1505 1206 1568 parum
1240 1506 1379 1566 ergo
1410 1487 1609 1550 animo
1640 1490 1962 1568 angebatur
1984 1508 2110 1552 ma-

480 1579 780 1658 gistratus,
815 1587 874 1639 et
903 1577 1031 1658 ipse
1061 1582 1420 1657 imperator:
1450 1578 1548 1656 qui
1583 1579 1762 1639 etiam
1790 1581 1904 1640 cito
1930 1580 2116 1642 currit

477 1667 553 1732 ad
583 1676 934 1730 consuetum
974 1666 1473 1728 medicamentum
1519 1667 1706 1728 animi
1735 1669 2110 1747 agritudinis,

481 1767 541 1820 et
571 1765 774 1820 sancto
807 1756 1020 1818 famam
1047 1755 1358 1834 signiﬁcat.
1393 1754 1500 1817 Ille
1521 1775 1659 1818 vero
1681 1766 1960 1838 tanquam
1997 1779 2112 1820 non

2195 602 2384 657 ἑαυτοῦ
2413 602 2544 678 πρὸς
2575 601 2667 655 τὸν
2701 597 2846 654 ὅσιον
2876 599 3096 676 ἀνῆγεν.
3138 597 3386 654 Κὰκεῖνοι
3425 593 3668 668 μᾶλλον
3703 596 3869 666 ὑμῶν·

2195 711 2281 750 τες
2335 689 2370 757 ἦ
2427 689 2707 751 ἀκούοντες
2764 685 3170 760 ἐξεπλήττοντο,
3227 686 3314 741 καὶ
3373 683 3571 748 οὕτως
3619 683 3870 758 ὑπέστρεο

2193 801 2291 858 φον
2321 778 2695 855 εὖλογούμενοι
2753 778 2838 833 καὶ
2868 777 2965 844 τὴν
3018 775 3204 854 ψυχὴν
3235 773 3490 851 βελτίους
3561 773 3873 850 γενόμενοι,

2195 866 2313 925 ’Ὅτι
2345 867 2398 922 δέ
2428 869 2514 923 καί
2569 867 2633 922 τὰ
2663 864 2926 941 μέλλοντα
2954 866 3026 929 ὡς
3085 862 3187 932 ἤδη
3239 862 3494 940 παρόντα
3533 865 3679 939 ὁρᾷ-θ
3740 860 3873 916 ἄνων

2192 961 2276 1014 θεν
2308 957 2434 1036 εἶχε
2465 955 2674 1034 λαχὼν,
2709 954 2967 1034 πολλαχῆ
2999 955 3096 1028 μὲν
3131 976 3209 1010 τοι
3240 955 3325 1011 καὶ
3354 952 3412 1009 ἐκ
3448 959 3579 1008 τῶν
3639 951 3880 1027 ἀνωτέρω

2195 1044 2484 1116 δεδήλωται
2519 1062 2533 1076 ⁸
2613 1043 2722 1100 ἔστι
2787 1041 2840 1098 δὲ
2897 1046 2984 1099 καὶ
3043 1041 3206 1116 δεῖμα
3265 1041 3462 1120 σαφές,
3540 1041 3733 1114 Φήμη
3807 1061 3879 1100 τις

2197 1143 2474 1214 πανταχοῦ
2502 1132 2685 1211 διέρῤει
2719 1134 3006 1212 Γιζήριχον
3037 1137 3144 1187 τῶν
3187 1132 3328 1208 ῥῆγα
3365 1137 3484 1186 τῶν
3562 1126 3878 1187 ἰουνδὰλων

2197 1215 2478 1296 Ῥωμαίοις
2535 1223 2926 1301 ἐπιστρατεύειν
2997 1219 3179 1297 πολλῂ
3249 1227 3317 1297 τῇ
3388 1223 3743 1298 παρεσκευῇ
3804 1220 3880 1272 καὶ

2193 1313 2393 1371 πλείονι
2422 1315 2498 1388 τῷ
2523 1311 2701 1390 θράσέι
2732 1313 3034 1391 χρώμενον,
3070 1309 3166 1366 καί
3195 1313 3269 1373 ὡς
3321 1309 3421 1378 ἤδη
3455 1310 3577 1376 τὴν
3615 1306 3876 1371 Ἀλεξάν-

2193 1403 2366 1482 δρειαν
2451 1403 2632 1479 βαρείᾳ
2710 1399 3102 1474 καταλαμϐάνει
3189 1402 3334 1480 χειρὶ
3419 1398 3613 1456 ἆθλον
3702 1399 3880 1452 ἑαυτοῦ

2193 1494 2393 1560 ταύτην
2423 1497 2648 1557 ποιῆσαι
2681 1489 3026 1566 βουλόμενος.
3061 1489 3168 1545 Ἧι
3202 1492 3292 1545 οὗν
3341 1489 3499 1566 ἀγὼν
3564 1491 3634 1546 οὗ
3699 1489 3877 1562 μικρὸς

2195 1596 2310 1646 τοῖς
2369 1581 2423 1636 ἐν
2477 1579 2618 1636 τέλει
2678 1580 2767 1635 καὶ
2824 1578 2966 1652 αὗτῷ
3011 1578 3246 1656 βασιλεῖ,
3282 1579 3338 1640 ὂς
3371 1578 3462 1633 καί
3499 1578 3668 1655 ταχὺ
3711 1576 3801 1631 ἰπὶ
3828 1577 3880 1629 τὸ

2197 1673 2377 1734 εἶωθὸς
2409 1670 2592 1749 τρέχει
2649 1673 2748 1734 τῆς
2813 1665 3047 1740 ἀθυμίας
3101 1668 3398 1746 φάρμακον,
3466 1667 3575 1722 καὶ
3643 1665 3879 1742 γνωρίει

2196 1763 2272 1836 τῷ
2300 1762 2429 1832 ὁσίῳ
2456 1760 2551 1826 τὴν
2585 1760 2790 1836 φήμην,
2858 1749 2914 1814 Ὀ
2967 1755 3021 1812 δὲ
3075 1756 3253 1834 ὥσπερ
3307 1757 3366 1812 οὔ
3424 1757 3730 1833 προορῶν,
3767 1753 3879 1808 ἀλλ’

479 1846 837 1928 praevidens,
873 1845 979 1908 sed
1014 1847 1139 1925 jam
1191 1844 1399 1906 videns
1449 1846 1637 1908 oculis
1683 1865 1753 1907 ea
1783 1866 1916 1922 qua;
1947 1858 2115 1911 erant

2213 1850 2255 1906 Ea
2285 1849 2581 1922 ὀφθαλμοῖς
2613 1849 2748 1924 ὀρῶν
2800 1844 2902 1913 ἤδη
2958 1848 3024 1902 τὰ
3083 1843 3496 1918 συμϐησόμενα,
3571 1845 3736 1906 εὐθὺς
3788 1842 3878 1920 ἔφη

479 1945 788 2016 eventura,
811 1935 955 1998 dixit
989 1934 1281 2016 protinus,
1318 1953 1436 1996 non
1463 1935 1654 1996 solum
1685 1937 2117 2000 Genserichum

481 2023 902 2086 Alexandriam
934 2043 1051 2086 non
1082 2041 1218 2086 esse
1241 2032 1692 2104 occupaturum,
1713 2025 1815 2086 sed
1842 2027 1901 2087 in
1925 2029 2122 2088 omni-

484 2113 600 2177 bus
629 2113 809 2176 etiam
841 2113 997 2189 aliis,
1031 2131 1097 2175 re
1128 2113 1369 2194 infecta,
1403 2114 1642 2176 domum
1673 2133 1807 2178 esse
1837 2134 2120 2179 reversu-

482 2221 642 2268 rum.
660 2204 919 2268 Omnino
937 2202 1084 2264 nihil
1110 2220 1258 2282 opus
1277 2211 1366 2263 est
1385 2202 1644 2283 adjicere
1666 2204 1724 2264 id
1749 2205 1908 2284 quod
1927 2207 2123 2268 evenit

485 2294 562 2356 iis
591 2293 694 2371 qui
713 2292 908 2355 virum
936 2304 1186 2356 norunt.
1219 2290 1462 2354 Factum
1489 2301 1576 2353 est
1609 2295 1764 2354 enim
1792 2312 1910 2356 non
1939 2296 2123 2356 multo

483 2390 639 2463 post,
673 2388 826 2444 sicut
857 2381 1056 2445 divina
1087 2380 1344 2442 Danielis
1384 2381 1583 2460 lingua
1627 2383 1918 2462 praedixit.

561 2469 813 2534 XXXIV.
835 2470 1081 2551 Propter
1107 2470 1232 2533 haec
1256 2488 1424 2549 ergo,
1447 2480 1507 2532 et
1529 2471 1714 2532 multa
1746 2472 1859 2534 alia
1893 2474 1984 2535 his
2013 2475 2121 2535 ad-

483 2560 872 2636 mirabiliora,
889 2559 1427 2639 volensimperator
1451 2577 1725 2638 magnum
1751 2568 2122 2625 remunerari

483 2649 820 2730 Danielem,
852 2649 1132 2730 quoniam
1163 2648 1278 2710 alia
1305 2649 1537 2709 ratione
1561 2667 1684 2710 non
1705 2650 1942 2722 licebat,
1963 2661 2127 2731 rogat

485 2747 551 2801 ut
573 2740 671 2801 ﬁat
692 2739 901 2800 saltem
933 2737 1296 2799 domuncula
1320 2736 1486 2798 illius
1511 2737 1820 2820 discipulis
1850 2761 1862 2802 :
1897 2742 1972 2803 Ut
2013 2742 2122 2804 ha-

480 2828 682 2903 beant,
717 2827 930 2908 inquit,
963 2845 1070 2889 suo
1101 2828 1337 2908 corpori
1369 2826 1820 2890 habitationem.
1869 2829 2123 2894 Sanctus

483 2936 677 2980 vero:
724 2916 787 2981 Si
841 2915 1039 2978 dixisti
1089 2916 1356 2997 quidem,
1406 2916 1622 2998 inquit,
1657 2918 1732 2980 de
1771 2923 2126 2984 exstruendo

489 3007 764 3081 nidiﬁcia,
796 3025 916 3068 non
951 3012 1141 3081 potest
1186 3005 1246 3066 id
1302 3006 1442 3067 mihi
1479 3024 1613 3069 esse
1640 3017 1896 3085 gratum.
1927 3012 2130 3091 Neque

489 3095 650 3159 enim
690 3096 864 3158 beato
891 3094 1160 3156 Simeoni
1188 3114 1449 3175 unquam
1482 3095 1686 3157 adfuit.
1730 3097 1818 3158 Tu
1852 3109 2048 3160 autem
2084 3101 2132 3160 si

2207 1941 2266 1996 οὔ
2313 1940 2474 2014 μόνον
2533 1939 2822 2015 Γιζήριχον
2875 1937 2973 2002 τὴν
3036 1933 3428 2012 Ἀλεξάνδρειαν
3500 1934 3648 2013 οὖχὶ
3715 1955 3880 1989 κατα-

2204 2027 2495 2106 λήψεσθαι⁹
2557 2025 2693 2082 ἀλλὰ
2747 2027 2831 2080 καὶ
2886 2025 3023 2080 κατὰ
3093 2025 3265 2080 πάντα
3338 2022 3518 2080 τᾶλλα
3607 2022 3877 2100 ἄπρακτον

2204 2118 2335 2194 πρὸς
2394 2117 2490 2182 τὴν
2553 2116 2721 2172 οἰκίαν
2752 2112 3115 2183 ἐπαναζεῦξαι.
3177 2113 3393 2173 Πάντως
3446 2110 3620 2170 οὐδὲν
3683 2109 3772 2166 δεῖ
3823 2109 3878 2164 τὰ

2205 2203 2361 2263 ἐκϐὰν
2391 2202 2728 2284 προστιθέναι
2762 2215 2880 2265 τοῖς
2911 2204 3004 2258 τὸν
3057 2199 3215 2280 ἄνδρα
3269 2201 3640 2278 γινώσκουσι⁶
3697 2198 3875 2284 γέγονε

2205 2296 2305 2373 γὰρ
2363 2282 2443 2353 οὐ⁷
2479 2295 2614 2366 μετὰ
2671 2290 2808 2350 πολὺ
2865 2291 3038 2356 καθὼς
3095 2293 3130 2359 ἡ
3187 2290 3432 2370 θεοιρέρος
3491 2289 3739 2368 γλῶσσα
3793 2282 3878 2343 τοῦ

2211 2381 2412 2450 Δανιὴλ
2441 2382 2854 2460 προηγόρευσεν,

2291 2472 2401 2528 AA’
2417 2520 2430 2534 .
2465 2471 2681 2530 Τούτων
2715 2469 2770 2526 δὲ
2822 2472 2913 2526 οὖν
2940 2467 3036 2524 καῖ
3081 2467 3258 2524 ἄλλων
3289 2466 3559 2526 πλειόνων
3591 2469 3757 2525 ἕνεκα
3797 2468 3873 2522 καὶ

2207 2560 2655 2635 θαυμασιωτέρων
2726 2557 3026 2633 ἀμείϐεσθαι
3097 2559 3189 2613 τὸν
3271 2559 3438 2634 μέγαν
3517 2560 3550 2614 ὁ
3630 2555 3872 2634 βασιλεὺς

2207 2650 2519 2727 βουληθεὶς,
2582 2649 2695 2706 ἐπεὶ
2754 2647 2927 2713 ἄλλως
2982 2649 3076 2703 οὒκ
3131 2647 3222 2720 ἦν,
3273 2647 3544 2710 οἰκίσκους
3603 2654 3737 2725 γοῦν
3763 2657 3868 2704 τοῖς

2204 2741 2405 2798 ἐκείνου
2465 2743 2739 2814 ματηθαῖς
2810 2737 3052 2812 γενέσθαι
3124 2735 3450 2815 παρακαλεῖ,
3516 2735 3601 2791 ἵν’
3684 2735 3867 2814 ἔχοιεν,

2206 2831 2390 2910 φησὶν,
2455 2832 2529 2891 είς
2596 2829 2876 2886 κατοικίαν
2937 2828 3187 2901 οὗτοιτῷ
3249 2831 3480 2902 σώματι.
3524 2818 3588 2882 Ὀ
3625 2824 3683 2880 δὲ
3738 2823 3865 2882 ὅσιος

2209 2920 2316 2976 *Ἦν
2378 2919 2474 2994 μὲν
2534 2918 2783 2996 εἴρηκας,
2841 2917 2971 2996 φησὶ
3028 2917 3154 2994 πρὸς
3223 2915 3400 2988 αὐτὸν,
3473 2912 3866 2971 καταϐαλέσθαι

2209 3007 2492 3083 οἰκοδομὴν
2530 3008 2588 3065 οὗ
2648 3006 2884 3084 στέργειν
2935 3003 3071 3086 ἔχω·
3134 3004 3250 3063 οὗδὲ
3309 3006 3409 3082 γὰρ
3466 3008 3551 3078 τῷ
3604 3001 3861 3079 μακαρίτῃ

2217 3099 2437 3173 Συμεὼν
2496 3097 2844 3175 προσεγένετό
2900 3116 3055 3157 ποτε,
3116 3097 3188 3151 Σὺ
3238 3093 3317 3168 δὲ,
3373 3093 3426 3149 εἴ
3459 3094 3507 3148 τί
3544 3116 3644 3169 μοι
3696 3091 3861 3168 βούλει

491 3184 640 3284 velis
663 3184 1172 3284 faceremihirem
1201 3192 1450 3284 gratam,
1469 3184 1683 3284 festina
1699 3186 1811 3248 huc
1834 3188 2124 3250 adducere

2219 3189 2303 3245 iui
2361 3184 2477 3244 καθ’
2549 3185 2745 3253 ἡδονήν
2816 3199 3015 3264 ποιεῖν,
3091 3185 3317 3262 ἀγαγεῖν
3391 3205 3481 3258 μοι
3543 3184 3610 3238 τὸ
3675 3181 3856 3236 ἐκείνου

489 3273 971 3350 illiusreliquias,
990 3281 1046 3334 et
1069 3289 1198 3332 rem
1227 3274 1367 3334 mihi
1395 3273 2129 3357 gratissimam,acceptam

493 3362 995 3425 tibiferam.Tunc
1009 3360 1200 3422 libens
1206 3360 1377 3440 jubet
1397 3362 1870 3440 imperatorztum
1885 3375 2130 3429 utsacro

490 3453 705 3516 domus
717 3451 1042 3514 aediﬁcetur
1053 3449 1344 3531 Simeoni,
1363 3459 1501 3512 ante
1513 3451 1708 3512 colum
1720 3472 1851 3514 nam
1871 3457 2130 3517 Danielis

491 3541 566 3604 ad
593 3540 836 3603 boream
869 3555 885 3602 :
921 3547 1042 3601 tum
1076 3557 1236 3618 vero,
1284 3549 1346 3600 ut
1375 3539 1589 3600 domus
1635 3560 1870 3623 quoque
1919 3545 2132 3606 fierent

489 3628 852 3710 hospitibus,
877 3629 978 3710 qui
1003 3627 1076 3690 ad
1101 3635 1362 3689 montem
1393 3630 1814 3705 ascendebant,
1845 3643 1902 3693 et
1934 3635 2131 3713 magni

489 3718 757 3784 Danielis
785 3718 1121 3798 discipulis,
1155 3717 1263 3778 etsi
1286 3717 1341 3780 ei
1372 3728 1612 3780 sanctus
1644 3720 1896 3782 multum
1929 3725 2131 3802 prohi-

487 3807 678 3871 beret.
711 3807 859 3870 Cum
885 3814 1082 3869 autem
1116 3806 1218 3886 qui
1251 3806 1419 3869 missi
1452 3806 1692 3870 fuerant
1717 3810 2131 3894 Antiochiam,

491 3898 578 3959 sic
595 3896 847 3977 jubente
871 3896 1553 3978 imperatore,reliquias
1574 3899 1930 3981 attulissent,
1955 3903 2133 3981 signi-

490 3986 703 4048 ﬁcabat
734 3985 972 4066 quidem
1008 4003 1254 4064 magnus
1288 3985 1494 4048 Daniel
1541 3987 1822 4066 episcopo
1849 3991 2034 4063 urbis,
2071 4000 2135 4053 ut

495 4073 778 4155 prtedicet
808 4083 866 4136 et
899 4073 1133 4153 publice
1176 4075 1489 4136 annuntiet
1539 4079 2007 4155 exportationem
2043 4090 2131 4142 ta-

491 4162 822 4240 bernaculi,
859 4172 918 4225 et
949 4171 1012 4225 ut
1048 4165 1176 4244 ipse
1207 4164 1414 4225 sedeat
1458 4167 1514 4224 in
1567 4165 1835 4226 vehicqu
1873 4169 2132 4248 impera-

491 4255 657 4327 toris,
689 4253 823 4316 sinu
857 4260 1070 4314 tenens
1102 4252 1413 4332 reliquias,
1448 4259 1506 4313 et
1537 4252 1623 4312 sic
1657 4254 1770 4314 iter
1798 4255 1974 4318 faciat
1999 4277 2133 4319 cum

491 4342 737 4423 psalmis
768 4350 825 4404 et
858 4342 1116 4420 hymnis,
1153 4349 1210 4403 et
1245 4359 1380 4402 cum
1413 4358 1511 4401 eas
1545 4341 1949 4404 deduxeritad
1977 4355 2135 4408 tem-

494 4433 654 4512 plum
680 4431 906 4492 militiae
935 4429 1222 4510 principis
1254 4428 1576 4504 Michaelis,
1611 4429 1732 4491 illic
1757 4431 2016 4495 divinam
2045 4454 2136 4496 ce-

491 4519 685 4581 lebret
714 4519 1157 4599 mystagogiam.
1209 4517 1354 4588 Quae
1398 4534 1535 4577 cum
1585 4533 2031 4605 peragerentur,
2075 4534 2134 4586 et

2218 3278 2474 3352 λείψανον
2539 3276 2782 3332 ἐνταυθοῖ
2836 3281 3062 3330 σπεῦσον
3116 3273 3204 3329 καὶ
3258 3279 3434 3329 πᾶσαν
3488 3272 3725 3351 ἀπέχων
3773 3269 3856 3332 τὴν

2215 3366 2445 3442 ἀμοιϐὴν
2519 3365 2838 3444 ἀξιόχρεων.
2915 3365 3044 3422 Τότε
3114 3361 3178 3430 δὴ
3247 3361 3475 3437 ἄσμενος
3556 3364 3586 3418 ὀ
3661 3356 3853 3437 κρατῶν

2215 3456 2483 3511 ἐπιτάττει
2517 3455 2673 3511 τοῦτο
2704 3455 2803 3529 μὲν
2831 3456 2971 3534 ἱερὸν
3023 3453 3176 3509 οἷκον
3227 3453 3304 3526 τῷ
3359 3452 3585 3526 Συμεὼν
3646 3463 3746 3527 προ
3774 3451 3853 3500 τοῦ

2213 3544 2404 3601 στύλου
2471 3543 2677 3611 Δανιὴλ.
2746 3545 2882 3619 πρὸς
2939 3541 3124 3621 βυῤῥαν
3195 3539 3638 3613 οἰκοδομηθῆναι,
3710 3541 3848 3591 τοῦτο

2215 3633 2269 3690 δὲ
2321 3635 2408 3690 καὶ
2464 3633 2655 3694 οἰκεία-ς
2712 3633 2948 3690 θενέσθαι
3013 3645 3134 3694 τοῖς
3192 3632 3423 3688 ἁνιοῦσιν
3483 3629 3573 3686 ἐπὶ
3622 3628 3688 3683 τὸ
3742 3623 3846 3698 ὄρος

2215 3721 2379 3789 ξένοις
2411 3725 2497 3780 καὶ
2556 3735 2670 3784 τοῖς
2732 3721 3014 3794 μαθηταῖς
3071 3726 3162 3776 τοῦ
3214 3719 3474 3796 μεγάλου,
3537 3715 3724 3774 πολλὰ
3762 3710 3846 3811 ικαὶ

2216 3813 2334 3868 τότε
2366 3814 2496 3890 πρός
2524 3820 2679 3870 τοῦτο
2731 3814 2820 3866 τον
2879 3810 3024 3866 ὅσιον
3075 3809 3219 3890 ἔχων
3274 3807 3692 3885 ἀπαγορεύοντα.
3723 3888 3731 3890 ᾗ
3764 3807 3842 3890 ᾮς

2217 3900 2270 3957 δὲ
2301 3888 2485 3958 θᾶττον
2517 3904 2564 3958 οἱ
2593 3903 2680 3957 ἐπὶ
2709 3900 2806 3966 τὴν
2867 3888 3199 3978 Ἀντέόχειαν
3255 3896 3535 3960 σταλέντες
3598 3888 3842 3972 βασιλέως

2217 3991 2354 4048 οὕτω
2384 3987 2915 4069 παρακελευσαμένου
2939 3987 3226 4066 ἀνήγοντο,
3276 3984 3434 4052 δηλοῖ
3478 3986 3581 4060 μὲν
3612 3987 3638 4040 ὁ
3691 3981 3836 4069 μέγας

2216 4086 2296 4153 τῷ
2325 4067 2602 4152 ἐπισκόπῳ
2632 4079 2725 4145 τῆς
2759 4075 2969 4141 πόλεως
3023 4077 3120 4143 τὴν
3178 4073 3504 4148 ἀνακομιδὴν
3561 4080 3655 4131 τοῦ
3715 4067 3834 4133 σκή-

2218 4191 2338 4232 νους
2399 4169 2623 4245 κηρύξας
2674 4166 2822 4224 αὐτόν
2884 4186 2943 4221 τε
2993 4175 3177 4224 τοῦτον
3229 4165 3321 4220 ἐπὶ
3350 4162 3628 4239 βασιλικου
3654 4158 3829 4216 καθὶσαι

2219 4259 2500 4337 ὸχήματος
2559 4258 2622 4312 τὰ
2679 4255 2905 4329 λείψανα
2960 4267 3075 4320 τοῖς
3130 4253 3352 4317 κόλποις
3422 4249 3825 4330 περικρατοῦντα,

2215 4350 2302 4402 καὶ
2333 4345 2466 4402 οὕτω
2498 4346 2594 4412 τὴν
2626 4347 2838 4422 πορείαν
2868 4343 3110 4419 ψαλμοῖς
3171 4344 3256 4398 καὶ
3311 4342 3495 4416 ὕμνοις
3565 4337 3822 4400 ποιεῖσθαι,

2217 4436 2308 4492 καί
2368 4436 2661 4513 ἀγαγόντας
2731 4436 2859 4512 πρὸς
2930 4436 2990 4491 τὸ
3064 4435 3159 4490 τοῦ
3232 4431 3662 4510 ἂρχιστρατήγου
3713 4423 3821 4491 ἱερὸν

2215 4525 2388 4584 θέσθαι
2447 4525 2561 4581 ἐκεῖ
2616 4525 2714 4592 τὴν
2775 4525 2916 4580 θείαν
2991 4523 3368 4599 μυσταγωγίαν
3429 4518 3811 4576 ἐπιτελέσαντας.

499 4625 715 4685 magno
747 4615 808 4668 et
838 4605 1328 4687 splendidissimo
1351 4607 1638 4669 comiratu
1669 4603 2124 4685 deducerentur,

2217 4611 2312 4670 Ὧν
2351 4612 2415 4680 δὴ
2447 4615 2532 4671 καὶ
2573 4613 2906 4687 τελουμένων
2979 4613 3063 4668 καὶ
3095 4612 3186 4667 σὺν
3253 4607 3428 4684 πολλῇ
3483 4611 3575 4664 καὶ
3623 4607 3808 4687 λαμπρ·

494 4695 681 4758 multa
706 4713 812 4775 per
832 4700 959 4776 ipsa
976 4695 1036 4756 in
1065 4693 1315 4757 transitu
1329 4695 1520 4758 facere
1542 4699 1824 4762 miracula
1850 4722 2137 4784 conspec-

494 4793 591 4847 tus
617 4793 710 4847 est
737 4784 1020 4847 Dominus
1058 4806 1070 4844 :
1106 4802 1237 4866 qua;
1269 4785 1510 4866 quidem
1544 4789 1840 4867 sigillatim
1893 4795 2135 4856 omnino

496 4892 763 4949 narrare,
793 4893 909 4938 non
933 4874 1346 4956 estpraasentis
1371 4878 1676 4957 temporis.
1700 4881 2017 4956 Postquam
2036 4902 2135 4944 au-

495 4974 619 5026 tem
647 4964 825 5028 ﬁnem
850 4973 1215 5046 acceperunt
1247 4983 1316 5027 ea
1337 4984 1468 5044 quae
1493 4967 1870 5046 pertinebant
1894 4971 1964 5032 ad
1985 4974 2132 5033 reli-

495 5055 686 5135 quias,
713 5063 769 5116 et
794 5056 921 5136 ipse
946 5056 1252 5130 sacerdos,
1282 5066 1343 5118 et
1367 5073 1573 5117 omnes
1597 5057 1693 5136 qui
1718 5059 1890 5119 simul
1917 5079 2135 5122 conse-

497 5142 856 5224 quebantur,
889 5163 1023 5206 cum
1057 5144 1270 5223 gaudio
1302 5147 1374 5205 ad
1414 5153 1680 5206 sanctum
1711 5150 2131 5227 ascenderunt,

496 5232 783 5294 maximas
815 5234 1163 5296 suavissima
1193 5233 1390 5294 anima
1440 5232 1501 5293 in
1557 5252 1660 5294 eos
1709 5236 1903 5297 verbis
1934 5239 2142 5300 effudit

491 5323 730 5404 gratias,
758 5331 816 5384 et
845 5323 1040 5384 mellis
1064 5323 1380 5402 plurimum
1413 5340 1620 5384 revera
1649 5334 1878 5386 scatere
1908 5327 2047 5389 fecit
2072 5330 2133 5392 in

489 5407 728 5472 illorum
746 5409 982 5485 animis,
1010 5409 1085 5472 de
1109 5427 1313 5471 amore
1336 5409 1394 5470 in
1421 5428 1711 5491 pauperes
1734 5422 1789 5473 et
1813 5414 1870 5474 in
1895 5415 2130 5494 fratres,

490 5495 568 5557 de
600 5499 904 5576 charitate,
937 5508 995 5561 et
1040 5498 1301 5578 judicio,
1336 5506 1395 5560 et
1429 5504 1939 5580 renumeratione,
1973 5515 2029 5566 et
2059 5507 2133 5570 de

488 5581 618 5644 aliis
649 5586 991 5666 hujusmodi
1024 5587 1182 5668 apud
1214 5605 1317 5650 eos
1348 5587 1525 5650 verba
1562 5589 1809 5656 faciens.

483 5692 664 5749 μενος,
726 5677 817 5732 καί
875 5679 1060 5740 πείσας
1126 5678 1260 5734 οὕτω
1316 5675 1554 5756 δακρύειν
1608 5679 1687 5760 ὐφ’
1755 5681 1950 5756 ἡδονῆς
2011 5685 2133 5742 ὅσον

487 5760 541 5790 ²··
585 5762 736 5847 πείρᾳ
760 5765 1136 5846 γεγενημὶνοι,

2213 4705 2350 4779 τσίτῃ
2385 4701 2659 4783 δορυφορίᾳ
2693 4684 2799 4760 τῶν
2847 4702 3114 4777 λειψάνων
3172 4697 3640 4777 προπεμπομένων
3681 4684 3806 4783 πολλᾶ

2217 4792 2281 4848 δι’
2343 4780 2532 4851 αὐτῶν
2571 4780 2708 4849 κατὰ
2765 4793 2860 4859 τὴν
2920 4788 3145 4868 πάροδον
3191 4791 3552 4864 τερατουργῶν
3597 4790 3624 4842 ὁ
3671 4780 3810 4868 Κόριοξ

2217 4881 2553 4939 διεδείκνυτο·
2615 4883 2647 4938 ἃ
2678 4880 2742 4948 δὴ
2803 4880 3025 4946 καθεξῆς
3081 4878 3382 4956 διηγεῖσθαι
3433 4875 3646 4938 πάντως
3675 4871 3723 4926 οὗ
3746 4863 3816 4920 τώ

2216 4973 2479 5048 παρόντος
2512 4977 2722 5050 καιροῦ.
2787 4970 2937 5027 Ἐπεὶ
2989 4968 3042 5024 δέ
3097 4967 3246 5028 τέλος
3307 4967 3434 5045 εἶχε
3493 4967 3583 5020 καὶ
3637 4962 3691 5016 vix
3734 4959 3812 5053 sti-rt

2217 5060 2485 5138 λειψάνων
2545 5063 2700 5118 αὐτού
2762 5082 2818 5116 τε
2865 5066 2958 5116 τοῦ
3003 5058 3181 5136 ἱερέως
3231 5057 3321 5112 καί
3372 5055 3587 5111 πάντων
3616 5053 3712 5118 ἅμα
3736 5063 3817 5100 των

2469 5151 2477 5164 ’
2653 5151 2665 5167 κ
2768 5152 2780 5169 α
2897 5155 2919 5166 ο
3068 5150 3079 5164 ι
3215 5148 3226 5163 ι
3321 5143 3346 5166 τι
3521 5144 3534 5164 9
3678 5140 3687 5159 ο

2220 5173 2587 5224 συνεπομένων
2619 5171 2709 5204 συν
2759 5148 2926 5225 ηδονῃ
2997 5169 3122 5226 προς
3180 5168 3270 5201 τον
3319 5165 3465 5200 οσιον
3512 5141 3813 5206 ανελθοντων,

2221 5242 2478 5304 τοσαύτας
2538 5243 2708 5297 αὐτῶν
2763 5241 2798 5307 ἡ
2857 5237 3044 5314 ἡδίστη
3102 5235 3255 5315 ψυχὴ
3313 5232 3398 5289 διὰ
3466 5238 3570 5287 τῶν
3628 5227 3815 5309 χαρίτων

2214 5331 2445 5409 κατέχεε
2477 5331 2731 5409 χάριτας,
2769 5330 2859 5384 καὶ
2895 5336 3174 5386 τοσοῦντον
3204 5326 3264 5380 τὸ
3293 5322 3506 5387 ἀληθῶς
3567 5320 3680 5394 μέλι
3703 5321 3814 5409 ’ταῖς

2215 5405 2428 5476 ἐκείνων
2461 5405 2669 5500 ψυχαῖς
2703 5405 3021 5496 ἐναπέλυσε,
3083 5417 3198 5492 περὶ
3250 5411 3621 5492 φιλοπτωχίας
3673 5405 3813 5500 αὐτοῖς

2215 5511 2301 5566 καὶ
2365 5494 2714 5587 φιλαδελφίας
2787 5509 2875 5564 καὶ
2932 5494 3147 5582 ἆγᾶπης
3204 5525 3260 5559 τε
3330 5503 3418 5557 καὶ
3488 5494 3811 5587 κρίσεως

2218 5595 2623 5661 ἁνταποδόσεως
2683 5598 2770 5652 καὶ
2801 5601 2905 5652 τῶν
2969 5594 3152 5650 ἄλλων
3183 5598 3284 5649 τῶν
3332 5589 3581 5646 τοιούτων
3610 5578 3808 5644 διαλεξά·

2203 5686 2402 5749 ἐκεῖνοι
2480 5687 2631 5762 μόνοι
2687 5686 3038 5766 γινώσκουσιν
3098 5685 3144 5739 οἱ
3198 5686 3302 5738 τῶν
3357 5677 3590 5758 δακρύων
3653 5671 3805 5730 τούεων
