4066 6146
314 391 470 462 1013

1423 389 1610 455 VITA
1654 388 1717 454 S.
1774 389 2136 454 DANIELIS
2178 389 2553 453 STYLIT/E.

3524 394 3675 463 1014

388 534 517 596 ΛΕ¹.
573 532 646 592 Οὒ
684 528 846 608 μόνον
906 529 961 588 δὲ
1005 529 1092 612 ἐφ’
1118 530 1206 593 οῖς
1245 530 1399 595 αὑτὸς
1433 527 1598 585 ἐποίει
1648 528 1711 584 τὸ
1762 526 1941 604 περιὸν

2108 523 2339 591 XXXV.
2372 527 2504 589 Non
2536 525 2725 586 solum
2754 532 2954 589 autem
2981 527 3044 590 in
3088 528 3162 591 iis
3191 547 3322 611 qua;
3351 528 3481 612 ipse
3501 532 3682 595 facie“

306 618 497 691 ἐδήλου
555 621 649 689 τῆς
712 622 928 702 ἀρετῆς,
990 619 1127 677 ἀλλὰ
1184 619 1270 675 καὶ
1328 617 1409 699 ἐφ’
1471 617 1560 675 οῖς
1610 615 1850 697 ἔπασχον
1898 614 1946 670 οἱ

306 710 541 782 κακίζειν
594 710 750 766 αὐτὸν
809 712 903 768 οὒκ
978 708 1333 787 ἒρυθριῶντες.
1425 707 1578 770 Τινὸς
1633 710 1756 784 γοῦν
1814 724 1945 761 ποτε

302 804 408 855 τῶν
466 796 782 877 ἐγγιζόντων
840 798 979 874 αὒτῷ
1038 795 1292 877 (ἔσφαλτο
1370 794 1424 852 δὲ
1500 794 1651 860 οὗτος
1709 795 1829 872 περὶ
1885 793 1945 849 τὸ

303 885 487 969 σέϐας)
546 886 948 963 λοιδορουμένου
1006 894 1081 962 τῷ
1157 887 1286 961 ὁσίῳ
1361 887 1448 943 καὶ
1503 891 1610 942 τῶν
1667 885 1943 962 παρόντων

307 978 394 1034 καὶ
449 977 746 1033 ἀκουόντων
814 975 1182 1052 ἐπιτιμώντων
1251 979 1412 1049 αὗτῷ,
1459 973 1652 1032 ἔσωθεν
1712 980 1803 1031 τοῦ
1851 973 1940 1029 ἐνε-

308 1064 535 1141 δύματος
592 1067 746 1129 αὒτὸς
805 1067 904 1133 τὴν
960 1077 1127 1146 χεῖρα
1153 1063 1334 1141 βαλὼν
1366 1065 1454 1121 καὶ
1494 1065 1646 1144 ἰχθὺν
1675 1060 1942 1138 ὠπτημέ-

308 1176 397 1210 νον
451 1154 743 1234 ἒξαγαγὼν,
781 1154 912 1225 Ἴδε,
945 1159 1097 1234 φησὶ,
1132 1163 1318 1212 τοῦτον
1370 1155 1459 1210 καὶ
1492 1152 1681 1219 ἄλλους
1712 1150 1945 1215 πολλοὺς

308 1247 411 1325 πρὸ
439 1248 532 1302 τοῦ
560 1242 887 1301 καταλαϐεῖν
915 1246 1051 1319 ὑμᾶς
1082 1242 1262 1312 ἤσθιεν
1316 1245 1343 1300 ὁ
1378 1243 1503 1322 παρ’
1550 1244 1678 1316 ὑμῖν
1735 1253 1944 1322 κριταῖς

309 1334 596 1414 ἐγκρατής.
661 1334 821 1406 Eine,
873 1335 958 1391 καὶ
1003 1334 1145 1398 εὖθὺς
1192 1335 1226 1402 ἡ
1258 1332 1376 1399 δίκη
1409 1335 1498 1389 τὸν
1543 1331 1701 1411 ἄνδρα
1730 1332 1943 1408 μετῄει.

308 1423 462 1481 Ἐπεὶ
519 1424 617 1502 γὰρ
670 1424 806 1498 μετὰ
860 1425 1048 1502 μικρὸν
1112 1424 1264 1488 αὑτός
1301 1443 1358 1478 τε
1414 1421 1626 1489 ἀληθῶς
1688 1419 1946 1498 μετέλαϐε

310 1520 406 1570 τοῦ
461 1514 667 1593 ἰχθύος,
724 1513 810 1569 καὶ
867 1513 1070 1590 γυναικὶ
1129 1512 1216 1567 καὶ
1271 1510 1475 1576 τέκνοις
1534 1523 1727 1589 φαγεῖν
1757 1507 1944 1590 ἔδωκε,

312 1601 472 1677 μανία
526 1602 737 1663 τούτους
814 1598 1115 1680 λαμϐαίνει,
1186 1599 1282 1656 καὶ
1339 1599 1694 1675 δαιμονῶντες
1752 1608 1944 1664 πάντες

314 1689 622 1751 ἐδείκνυιτο.
683 1692 743 1749 0i
799 1690 1055 1767 παρόντες
1104 1691 1325 1765 τοίνυν,
1384 1688 1485 1758 τῆν
1540 1689 1708 1747 αἰτίάν
1766 1688 1940 1746 αίσθὸο

312 1802 463 1856 μενοι
519 1780 607 1837 καὶ
662 1784 760 1847 τῆς
820 1778 1012 1846 διπλῆς
1084 1779 1274 1854 μανίας
1327 1787 1508 1860 τοῦτον
1569 1780 1940 1860 οἰκτείραντες,

2031 614 2509 689 bat,ostendebat
2535 617 2936 696 praestantiam
2961 635 3086 680 suae
3105 618 3469 696 virtutis,sed
3497 622 3673 684 etiam

2028 706 2090 767 in
2115 705 2188 768 iis
2208 724 2340 782 quae
2355 704 2736 786 patiebantur
2757 707 2797 768 ti
2820 708 2924 788 qui
2942 728 3061 771 non
3087 710 3521 775 erubescebant
3537 733 3674 777 eum

2031 795 2366 857 maledictis
2393 795 2662 872 insequi.
2695 796 2844 860 Cum
2878 799 3117 880 quidam
3161 809 3325 864 certe
3356 802 3674 884 aliquando

2029 903 2098 946 ex
2132 885 2202 946 iis
2232 884 2332 966 qui
2364 884 2436 946 ad
2493 903 2627 946 eum
2680 887 3046 950 accedebant
3092 888 3312 970 (fuerat
3340 910 3479 954 vero
3507 898 3558 954 is
3583 893 3675 954 la-

2030 992 2170 1055 psus
2200 972 2260 1035 in
2291 991 2431 1036 vera
2457 973 2778 1053 religione)
2797 985 3066 1039 sanctum
3115 978 3447 1043 maledictis
3469 981 3670 1044 inces-

2029 1070 2211 1142 seret,
2248 1070 2306 1123 et
2355 1062 2457 1143 qui
2515 1063 2765 1127 aderant
2816 1072 2873 1127 et
2919 1066 3262 1144 audiebant,
3299 1088 3435 1131 eum
3466 1071 3671 1134 incre-

1993 1143 1999 1147 ’
2034 1159 2263 1232 parent,
2297 1152 2426 1233 ipse
2470 1170 2606 1215 cum
2665 1171 2905 1216 manum
2937 1156 3095 1218 intra
3124 1143 3539 1222 indumentum
3570 1161 3667 1222 in-

2026 1245 2274 1317 jecisset,
2302 1250 2356 1303 et
2376 1245 2590 1317 piscem
2613 1255 2864 1305 assatum
2888 1250 3217 1309 eduxisset:
3250 1244 3423 1314 Ecce.
3456 1255 3666 1327 inquit,

2031 1331 2200 1418 hunc
2222 1328 2458 1418 etalios
2484 1330 2700 1392 multos
2722 1332 3211 1416 comedebat,qui
3232 1345 3421 1411 vestro
3436 1336 3665 1418 judicio

2032 1426 2121 1480 est
2151 1417 2479 1481 abstinens.
2524 1421 2734 1481 Statim
2785 1430 2982 1485 autem
3036 1423 3272 1503 justilia
3326 1417 3520 1488 virum
3577 1434 3668 1489 est

2034 1514 2365 1596 persecuta.
2402 1509 2717 1590 Postquam
2751 1510 2910 1572 enim
2946 1519 3002 1572 et
3031 1513 3158 1593 ipse
3190 1515 3362 1595 paulo
3398 1524 3531 1596 post
3559 1534 3666 1579 re-

2029 1613 2169 1656 vera
2191 1595 2266 1656 de
2287 1596 2446 1675 pisce
2468 1597 2754 1681 comedit,
2786 1601 3073 1682 uxorique
3090 1619 3162 1663 eu
3175 1622 3222 1661 m
3249 1595 3416 1667 dedit
3433 1613 3491 1668 et
3509 1607 3664 1668 Iibe-

2027 1684 2112 1747 ris
2154 1684 2617 1768 comedendum,
2644 1704 2749 1750 eos
2771 1688 2995 1752 invadit
3020 1691 3209 1766 furor,
3244 1701 3301 1756 et
3332 1711 3365 1754 a
3394 1694 3667 1757 daemone

2028 1773 2289 1856 possessi
2311 1775 2616 1856 conspecti
2637 1784 2772 1839 sunt
2791 1778 2864 1839 ab
2886 1780 3192 1842 omnibus.
3223 1781 3336 1854 Qui
3354 1800 3493 1862 ergo
3516 1783 3663 1847 ade-

311 1868 561 1933 λαϐόντες
614 1869 795 1947 ἄγουσι
856 1870 986 1948 πρὸς
1043 1870 1134 1925 τὸν
1190 1867 1356 1925 ὅσιον.
1421 1859 1479 1926 Ὀ
1537 1866 1589 1924 δὲ
1646 1869 1724 1943 μὴ
1779 1859 1941 1943 μόνον

2029 1871 2187 1943 rant,
2222 1880 2357 1925 cum
2391 1882 2626 1927 causam
2685 1868 3039 1951 sensissent,
3072 1869 3371 1952 duplicem
3405 1859 3665 1936 furorem

310 1959 478 2039 πρᾶος
539 1959 669 2037 πρὸς
726 1959 846 2024 τοὺς
903 1958 1297 2037 ἁμαρτάνοντας
1359 1955 1455 2036 ὢν,
1515 1955 1650 2012 ἀλλά
1708 1958 1793 2014 καὶ
1850 1959 1943 2022 τὰς

310 2049 584 2128 συμφορὰς
640 2047 805 2107 αὐτῶν
880 2048 953 2111 εἷς
1036 2045 1334 2106 τοῦναντίον
1396 2052 1698 2126 περιιστῶν,
1760 2045 1943 2117 ἐπειδὴ

309 2136 819 2215 ἐξομολογουμένους
905 2137 1044 2214 ἑώρα
1116 2141 1203 2192 καὶ
1285 2134 1587 2211 δεομένους,
1662 2135 1942 2212 εὐξάμενος

307 2232 409 2294 τῆς
466 2248 523 2283 τε
567 2227 753 2299 μανίας
793 2224 1100 2296 ἀπήλλαττε
1152 2233 1239 2281 καί
1280 2230 1372 2282 τοῦ
1401 2223 1780 2305 χαλεπωτέρα.)
1826 2223 1943 2281 δαί-

309 2339 475 2393 μονος
532 2316 629 2385 τῆς
684 2313 999 2380 κενοδοξίας,
1061 2314 1129 2373 Οἳ
1175 2317 1259 2370 καὶ
1303 2315 1440 2389 μετά
1485 2316 1649 2371 ταῦτα
1693 2314 1944 2372 τοσοῦτον

310 2405 595 2461 ἀπώναντο
650 2408 747 2470 τῆς
808 2403 966 2460 αὒτοῦ
1021 2404 1299 2481 θεραπείας
1358 2405 1431 2468 ὡς
1489 2402 1585 2459 καΐ
1642 2411 1738 2470 τὴν
1769 2405 1943 2484 εὔχα-

306 2493 510 2573 ριστίαν
588 2492 921 2571 ἀνάγραπτον
983 2492 1124 2548 εἶναι
1195 2490 1513 2569 βουλόμενοι
1587 2491 1797 2570 ἀργύρῳ
1851 2493 1945 2549 τὸν

309 2583 510 2639 ἐκείνου
568 2586 887 2661 χαρακτῆρα
945 2583 1206 2661 τυπῶσαι,
1267 2581 1355 2638 καὶ
1412 2581 1627 2644 ἑαυτοὺς
1677 2581 1778 2636 ὑπο
1822 2581 1942 2644 τοὺς

308 2669 474 2735 πόδας
519 2674 859 2749 παραθεῖναι,
888 2671 1088 2748 γράψαι
1127 2691 1175 2726 τε
1232 2668 1464 2745 τοῦνομα
1514 2670 1601 2726 καὶ
1654 2669 1753 2738 τὴν
1783 2671 1944 2749 εὔχα-

311 2762 511 2840 ριστῖαν
538 2760 1040 2839 προσπαραγράψαι,
1072 2761 1161 2816 καὶ
1192 2758 1331 2833 αὗτῷ
1365 2766 1442 2833 τῷ
1499 2760 1590 2814 τοῦ
1644 2758 1944 2838 ἀρχιστρα-

306 2847 476 2926 τήγου
506 2855 614 2923 ναῷ
644 2851 984 2925 παραθεῖναι.
1031 2848 1274 2914 Τοσαύτη
1305 2845 1358 2904 δὲ
1390 2851 1451 2917 ἦν
1505 2845 1559 2902 ἐν
1587 2860 1707 2912 τοϊς
1739 2847 1945 2924 γείλεσι

307 2939 386 3012 τῷ
432 2939 674 3017 μακαρίῳ
730 2938 918 3012 πειθὼ,
982 2937 1069 2993 καὶ
1131 2935 1297 3001 οὕτως
1328 2939 1356 2993 ὁ
1384 2934 1546 3015 λόγος
1579 2936 1720 3010 αὒτῷ
1751 2942 1944 3011 μικροῦ

309 3032 387 3099 τῷ
414 3028 508 3103 βίῳ
540 3029 725 3084 ταυτὸν
771 3023 996 3095 ἠδύνατο
1045 3024 1220 3091 θέλξαι
1272 3027 1459 3106 ψυχὴν
1488 3027 1575 3081 καὶ
1605 3038 1790 3082 πεῖσαι
1844 3026 1944 3093 τὴν

307 3120 498 3185 στενὴν
542 3116 746 3174 ἑλέσθαι
792 3116 933 3197 ὁδόν,
980 3115 1118 3173 ὥστε
1176 3116 1235 3173 οὔ
1294 3117 1455 3190 μόνον
1505 3119 1627 3180 τοὺς
1670 3114 1754 3172 ἐπ’
1815 3116 1941 3172 αὗτὸ

2030 1953 2428 2030 miserati,eos
2459 1955 2760 2036 accipiunt
2792 1964 2851 2019 et
2879 1957 3106 2021 ducunt
3129 1958 3198 2021 ad
3233 1969 3525 2025 sanctum.
3559 1961 3669 2025 Ille
3768 1965 3777 1971 ’

2029 2058 2168 2102 vero
2198 2059 2333 2130 cum
2364 2061 2483 2106 non
2514 2045 2703 2108 solum
2737 2054 2893 2109 esset
2922 2047 3084 2109 mitis
3126 2066 3266 2128 erga
3300 2059 3664 2130 peccatores,

2027 2130 2131 2191 sed
2165 2129 2348 2192 etiam
2380 2131 2750 2196 calamitates
2781 2144 3155 2199 converteret
3183 2137 3244 2199 in
3274 2129 3663 2216 Contrarium,

2029 2227 2340 2301 postquam
2358 2221 2504 2283 vidit
2526 2223 2901 2301 conﬁtentes,
2930 2234 3227 2306 precatus,
3275 2246 3378 2290 eos
3399 2229 3669 2293 liberavit

2029 2327 2063 2371 a
2092 2308 2314 2385 furore,
2351 2319 2409 2372 et
2439 2328 2472 2372 a
2502 2312 2771 2390 graviore
2800 2313 3097 2391 daemone,
3159 2333 3377 2397 nempe
3432 2337 3464 2380 a
3516 2321 3670 2382 mala

2032 2399 2335 2479 opinione.
2363 2399 2479 2473 Qui
2511 2400 2686 2463 etiam
2722 2409 2923 2482 postea
2954 2411 3179 2467 tantum
3212 2405 3471 2468 fructum
3503 2426 3673 2471 acce-

2032 2494 2249 2568 perunt
2277 2506 2345 2550 ex
2376 2488 2510 2569 ejus
2538 2492 2868 2567 curatione,
2894 2500 2962 2554 ut
2991 2493 3259 2557 volentes
3288 2513 3422 2557 esse
3447 2495 3676 2559 descri-

2032 2585 2190 2657 ptam
2215 2595 2379 2639 suam
2408 2579 2729 2657 gratiarum
2773 2581 3093 2660 actionem,
3125 2601 3196 2646 ex
3227 2593 3476 2663 argento
3511 2584 3672 2648 illius

2031 2666 2276 2755 ﬁguram
2306 2667 2666 2745 ellinxerint,
2699 2675 2757 2731 et
2803 2670 3041 2752 seipsos
3084 2671 3197 2735 sub
3249 2674 3382 2753 ejus
3417 2673 3669 2755 pedibus

2032 2754 2364 2837 posuerint,
2389 2763 2448 2818 et
2476 2775 2697 2820 nomen
2722 2758 3094 2841 scripserint,
3129 2769 3189 2823 et
3218 2754 3534 2840 gratiarum
3566 2782 3669 2826 ac-

2033 2844 2254 2906 tionem
2286 2845 2703 2928 ascripserint,
2752 2856 2811 2910 et
2869 2849 3100 2911 militia;
3133 2849 3420 2930 principis
3451 2853 3669 2933 templo

2031 2933 2460 2997 dedicaverint.
2487 2935 2553 2997 In
2584 2934 2743 2999 beati
2772 2945 2970 3000 autem
3002 2939 3268 3003 Danielis
3302 2939 3483 3002 labris
3511 2948 3673 3003 tanta

2030 3022 2446 3086 eratsalutaris
2466 3025 2868 3104 persuasio,et
2885 3028 3016 3107 ejus
3035 3029 3223 3091 oratio
3236 3030 3670 3110 propemodum

2027 3129 2195 3192 aeque
2226 3130 2294 3174 ac
2325 3114 2461 3188 vita,
2491 3122 2720 3193 poterat
2748 3114 3005 3178 delinire
3031 3123 3391 3193 animum,et
3420 3136 3669 3199 persua-

302 3212 460 3262 τοῦτο
490 3207 618 3283 πρὸς
648 3208 804 3263 αὗτὸν
833 3205 1075 3266 ἀνιόντας
1108 3204 1143 3273 ἢ
1174 3206 1262 3261 καὶ
1313 3203 1489 3269 ἄλλως
1538 3205 1794 3267 ἐπιεικεῖς
1852 3207 1941 3261 καὶ

2029 3199 2195 3274 dere,
2231 3209 2296 3262 ut
2319 3207 2466 3263 viam
2499 3210 2809 3282 angustam
2860 3205 3178 3288 eligerent,
3227 3214 3289 3268 ut
3324 3225 3444 3268 non
3475 3208 3667 3271 solum

311 3295 537 3374 ἡμέρους
587 3296 823 3372 δακρύειν
889 3296 976 3350 καὶ
1029 3293 1369 3374 περιέχεσθαι
1429 3295 1618 3352 τούτου
1675 3293 1940 3370 ἐρωτικῶς

2031 3306 2135 3351 eos
2160 3289 2264 3371 qui
2294 3291 2367 3352 ad
2410 3291 2523 3353 hoc
2563 3275 2761 3371 ipsum
2797 3292 2870 3354 ad
2904 3275 3042 3355 eum
3085 3275 3511 3370 ascendebant,
3571 3303 3674 3359 aut

301 3384 528 3456 ἔπειθεν,
564 3384 701 3441 αλλά
731 3387 817 3441 καὶ
850 3384 1036 3449 αὖτοὺς
1070 3384 1189 3448 τοὺς
1220 3383 1438 3459 ἰταμοὺς
1487 3383 1575 3440 καὶ
1617 3383 1825 3462 ἀγρίους
1876 3382 1943 3438 τὰ

301 3472 465 3549 ὅμοια
493 3472 718 3533 διετίθει.
758 3476 854 3533 Καὶ
883 3473 1081 3553 δεῖγμα
1115 3472 1298 3551 σαφές.

388 3744 531 3820 Ag".
567 3741 831 3823 ’Ἒδρανός
862 3766 942 3808 τις
972 3744 1071 3811 τὴν
1124 3741 1340 3816 κλῆσιν,
1388 3742 1448 3798 τὸ
1486 3740 1635 3819 γίνος
1664 3738 1725 3794 ὲκ
1756 3737 1936 3796 Γαλαο

302 3834 432 3904 τῶν,
466 3833 639 3898 ἄλλως
672 3831 908 3911 ἀνδρικὸς
943 3834 1030 3889 καὶ
1058 3833 1194 3890 κατὰ
1227 3843 1392 3911 χεῖρα
1439 3841 1706 3908 γενναῖος,
1744 3828 1937 3895 αἵμασι

301 3926 391 3980 καί
449 3922 704 3997 πολέμοις
765 3921 1205 4000 ἒδτεθραμμένος,
1264 3921 1351 3977 καὶ
1397 3918 1576 3994 μέντοι
1620 3919 1707 3975 καὶ
1736 3916 1938 3983 πολλὰς

301 4012 565 4090 ἀριστείας
624 4012 1049 4089 ἀπενεγκάμενος
1087 4059 1103 4090 ,
1159 4009 1303 4091 ἔχων
1384 4008 1438 4065 δὲ
1494 4010 1580 4065 καὶ
1633 4008 1720 4087 ὑφ’
1780 4009 1940 4064 αύτὸν

302 4103 532 4181 συχνοὺς
588 4102 674 4157 καὶ
731 4100 932 4163 πάντας
984 4101 1209 4179 ἀγαθοὺς
1271 4096 1337 4154 τοὶ
1394 4097 1649 4173 πολέμια,
1684 4106 1873 4157 τοῦτον
1902 4098 1937 4165 ἡ

304 4191 462 4269 φήμη
508 4191 732 4270 φέρουσα
800 4192 887 4247 καὶ
949 4203 1073 4253 ταῖς
1132 4187 1400 4267 βασιλέως
1457 4186 1663 4244 δίδωσιν
1718 4187 1932 4252 ἀκοαῖς.

302 4272 362 4339 Ὀ
424 4279 477 4335 δὲ
537 4280 680 4346 εὗθὺς
726 4281 936 4337 ἐκεῖνον
970 4280 1203 4345 καὶτοὺς
1248 4276 1337 4334 ὑπ’
1387 4276 1593 4334 ἐκεῖνον
1651 4298 1935 4352 μεταπεμ-

298 4370 535 4445 ψάμενος
565 4370 780 4433 τούτους
842 4368 939 4444 μὲν
998 4367 1186 4431 ἄλλαις
1223 4366 1470 4446 δωρεΐται
1517 4379 1730 4441 τιμαῖς,
1779 4373 1853 4439 τῷ
1882 4365 1936 4421 δὲ

296 4460 399 4526 τὴν
430 4458 737 4533 ἐπιμέλειαν
767 4465 872 4515 τῶν
907 4460 1064 4516 αὖτοῦ
1113 4456 1299 4513 ἵππων
1354 4456 1662 4536 ἐγχειρίζει,
1722 4457 1939 4531 κόμητα

293 4556 481 4604 τοῦτον
538 4547 727 4604 καλεῖν
786 4549 1029 4620 σύνηθες,
1090 4548 1164 4608 ὡς
1221 4546 1308 4602 καὶ
1366 4545 1613 4623 ἀνωτέρω
1665 4545 1865 4624 φθίσας
1910 4547 1937 4599 ὁ

2027 3387 2196 3440 erant
2212 3379 2432 3461 alioqui
2457 3381 2632 3443 mites
2653 3388 2712 3443 et
2733 3384 3211 3465 mansueti,ﬂere
3233 3393 3294 3447 et
3310 3385 3438 3465 ejus
3456 3403 3666 3465 magno

2024 3486 2229 3531 amore
2260 3470 2392 3551 capi
2424 3469 2841 3549 persuaderet,
2876 3472 2982 3534 sed
3017 3490 3121 3534 eos
3148 3474 3310 3552 ipsos
3358 3473 3459 3552 qui
3501 3482 3672 3536 erant

2025 3557 2201 3619 etiam
2232 3557 2612 3637 impudentes
2643 3566 2702 3621 et
2732 3569 3028 3638 agrestes,
3063 3561 3343 3623 similiter
3374 3560 3665 3626 efﬁceret.

2023 3646 2219 3725 Hujus
2250 3654 2445 3707 autem
2477 3650 2565 3727 rei~
2594 3657 2866 3728 apertum
2899 3656 2990 3711 est
3020 3649 3331 3713 indicium.

2105 3732 2618 3808 XXXV[.Quidam
2651 3737 2897 3800 nomine
2919 3736 3440 3819 Edrauus,genere
3461 3738 3670 3803 Gelata

2022 3822 2192 3885 fortis
2223 3821 2446 3899 alioqui
2498 3833 2558 3887 et
2615 3842 2792 3886 manu
2854 3833 3126 3901 stenuus,
3160 3828 3218 3887 in
3279 3828 3568 3906 sanguine
3607 3838 3667 3892 et

2025 3912 2197 3975 bellis
2226 3911 2534 3988 educatus,
2570 3915 2670 3990 qui
2704 3913 2882 3976 etiam
2926 3918 2984 3976 in
3017 3915 3221 3978 multis
3253 3916 3398 3978 locis
3428 3936 3493 3979 se
3520 3937 3666 3999 pra)-

2023 4002 2359 4066 clarissime
2387 4010 2676 4082 gesserat,
2711 4010 2769 4066 et
2797 4021 2907 4066 suo
2960 4004 3213 4086 imperio
3247 4017 3524 4086 parentes
3556 4010 3665 4071 ha-

2030 4091 2206 4155 bebat
2238 4091 2478 4163 multos,
2509 4100 2568 4154 et
2599 4109 2701 4154 eos
2734 4111 2945 4156 omnes
2974 4096 3036 4155 in
3094 4094 3253 4157 bello
3284 4096 3492 4158 fortes.
3530 4098 3670 4179 Ejus

2024 4183 2179 4245 fama
2239 4180 2507 4261 pervenit
2564 4199 2755 4260 usque
2802 4181 2874 4243 ad
2926 4201 3105 4245 aures
3156 4184 3554 4264 imperatoris.
3614 4188 3670 4249 Is

2022 4280 2217 4334 autem
2271 4289 2404 4332 cum
2464 4269 2652 4345 illum,
2707 4279 2770 4334 et
2814 4290 2917 4333 eos
2948 4273 3047 4351 qui
3081 4274 3211 4352 ejus
3245 4272 3666 4353 parebantim-

2024 4361 2212 4443 perio,
2245 4359 2680 4439 accersivisset,
2715 4377 2820 4422 eos
2842 4361 3083 4439 quidem
3105 4361 3240 4423 aliis
3261 4358 3441 4423 afﬁcit
3471 4361 3666 4424 hono-

2022 4451 2211 4524 ribus,
2270 4450 2356 4512 illi
2417 4467 2555 4512 vero
2607 4449 2787 4511 tradit
2817 4467 3017 4512 curam
3053 4469 3297 4511 suorum
3335 4469 3665 4531 equorum;

2021 4541 2173 4602 solet
2222 4540 2273 4599 is
2330 4538 2525 4600 vocari
2586 4557 2810 4610 comes,
2874 4538 3030 4601 sicut
3079 4539 3357 4620 superius
3387 4541 3666 4606 diximus.

296 4638 457 4716 λόγος
514 4635 772 4707 ἐδήλωτε.
834 4636 1052 4693 Στέλλει
1110 4633 1163 4690 δὲ
1224 4637 1313 4690 καὶ
1374 4634 1554 4707 αότὸν,
1616 4636 1693 4696 ὡς
1736 4633 1935 4707 εἰώθει,

2029 4626 2207 4689 Porro
2233 4634 2430 4716 autem
2464 4626 2657 4716 ipsum
2682 4646 2932 4716 quoque
2960 4627 3160 4703 mittit,
3196 4635 3261 4689 ut
3290 4629 3541 4708 solebat,
3595 4629 3667 4690 ad

299 4724 434 4784 ἰδεῖν
484 4747 539 4783 τε
585 4727 675 4782 τὸν
718 4725 886 4803 μέγαν
944 4726 1031 4781 καὶ
1076 4723 1316 4802 εὖλογίας
1360 4723 1558 4780 ἐκείνου
1588 4719 1933 4794 μεταλαϐεῖν.

2026 4734 2304 4795 magnum
2328 4714 2649 4775 videndum
2681 4715 3081 4792 Danielem,et
3103 4716 3514 4796 accipiendam
3538 4718 3669 4796 ejus

304 4805 364 4874 ὀ
512 4817 639 4887 πρὸς
690 4815 843 4871 aetas
902 4813 1168 4886 ἀπελθὼν»
1232 4814 1321 4870 κκὶ
1382 4812 1471 4868 τάν
1524 4833 1583 4867 τε
1623 4812 1737 4887 βίον
1766 4833 1936 4867 κατ²’

2029 4803 2685 4866 beaedictionem.Cum
2712 4822 2855 4865 vero
2877 4805 2950 4865 ad
2977 4824 3112 4866 eum
3140 4805 3424 4879 venisset,
3454 4814 3510 4866 et
3540 4809 3669 4887 ejus

303 4871 485 4980 μαθὼν
515 4871 748 4969 κάὶτοῒς
778 4903 958 4982 λόγοις
1017 4904 1083 4959 τὰ
1133 4871 1299 4965 όντως
1358 4871 1936 4980 ὠφέλιμαιδιδαχθεὶς,

2029 4896 2197 4955 vitam
2230 4892 2634 4971 didicisset,et
2664 4893 3050 4954 sermonibus
3080 4911 3149 4955 ea
3172 4913 3305 4973 quae
3338 4912 3476 4955 vere
3500 4871 3668 4956 erant

302 4996 402 5051 καί
457 4992 735 5051 ἀλλοίωσιν
790 4980 910 5051 οἷόν
969 5015 1084 5049 τινα
1138 4993 1277 5048 θείαν
1337 4990 1669 5063 ἆλλοιωθεὶς,
1720 4989 1813 5046 καὶ
1866 4990 1939 5053 εἷς

2029 4983 2213 5060 utilia,
2265 4981 2477 5042 doctus
2528 4988 2709 5060 esset,
2767 4990 2826 5042 et
2882 4980 3079 5042 divina
3111 4982 3365 5061 quadam
3414 4991 3669 5045 mutatus

303 5082 568 5158 πρόϐατον
625 5083 684 5139 ἐκ
740 5082 897 5139 λῦκου
950 5079 1326 5156 μεταϐληθεὶς,
1378 5079 1674 5158 στρατείαις
1726 5078 1823 5153 μὲν
1859 5080 1941 5135 καῖ

2030 5084 2186 5134 esset
2213 5071 2557 5144 mutatione,
2592 5079 2652 5132 et
2682 5087 2754 5131 ex
2785 5070 2924 5147 lupo
2954 5070 3013 5130 in
3038 5088 3206 5130 ovem
3233 5078 3392 5131 esset
3413 5089 3667 5132 conver-

303 5140 561 5249 πολέμοις
593 5174 770 5250 μαγρά
826 5140 1032 5252 χαίρειν
1088 5171 1215 5227 εἶπε
1272 5168 1369 5226 καί
1427 5181 1548 5230 ταῖς
1594 5168 1654 5224 ἐκ
1682 5165 1941 5244 βασιλέως

2029 5161 2403 5235 sus,mi|itias
2416 5140 2658 5241 quidem
2683 5167 2742 5220 et
2764 5140 2920 5220 bella
2940 5167 3000 5252 et
3020 5158 3275 5220 honores
3295 5158 3669 5252 imperatoris

298 5248 512 5340 τιμαΐς,
577 5261 673 5319 καὶ
708 5248 750 5317 ⁷))
807 5248 909 5338 πρὸ
962 5267 1052 5317 τοῦ
1094 5266 1289 5340 χρόνον
1319 5258 1529 5315 ἅπαντα
1575 5260 1704 5333 πρὸς
1736 5255 1941 5331 αἵματα

2029 5251 2279 5340 multum
2312 5250 2508 5311 valere
2523 5249 2729 5329 jussit,
2766 5257 2824 5307 et
2855 5248 2956 5328 qui
2987 5255 3108 5340 toto
3130 5256 3269 5308 ante
3298 5255 3563 5340 tempore
3583 5250 3663 5340 ad

310 5314 512 5336 """"’
581 5314 669 5319 ""'
736 5314 746 5317 '
814 5314 903 5338 "I"
976 5314 1046 5317 "'
1098 5314 1189 5340 hr‘
1366 5314 1387 5315 "
1614 5314 1631 5333 ἴ
1689 5314 1701 5320 '
1800 5314 1812 5331 ι

298 5323 395 5412 καὶ
446 5351 649 5433 σφαγεὶς
710 5351 1205 5430 ἐγγεγυμνασμένος
1244 5346 1364 5428 (καί
1410 5348 1460 5404 τί
1514 5348 1614 5427 γὰρ
1671 5345 1802 5402 ἀλλο
1832 5344 1940 5403 ἐστὶ

2029 5334 2374 5419 sanguinem
2408 5346 2466 5399 et
2499 5314 2728 5400 caedem,
2753 5314 2892 5400 (ει-ειι⁵
2909 5334 3262 5398 exercitatus
3307 5314 3468 5437 {quid
3502 5336 3661 5399 enim

452 5407 548 5433 '7"
788 5407 915 5429 trs
1047 5407 1057 5424 ι
1191 5407 1204 5414 ν
1247 5407 1263 5428 \
1527 5407 1596 5427 ιι

299 5407 657 5522 στρατιώτῖης,
700 5407 789 5496 xuii
837 5442 1000 5497 ταῦτα
1057 5436 1315 5517 βάρϐαρος
1344 5435 1390 5519 ;)
1452 5436 1738 5518 φιλόσοφος
1790 5434 1941 5500 οὗτος

2029 5407 2183 5525 alinjd
2239 5438 2330 5525 est
2391 5428 2585 5503 miles,
2644 5426 2837 5525 idque
2875 5425 3163 5525 barbarus
3183 5432 3251 5525 η,
3304 5407 3367 5525 ἴε
3415 5433 3663 5525 repente

300 5490 657 5522 "r"""""2
704 5490 789 5496 ""'
847 5490 1000 5497 '"""
1057 5490 1387 5519 r"r'“r"u
1460 5490 1505 5515 1‘
1555 5490 1736 5518 "'I'v
1928 5490 1941 5500 -

298 5534 443 5596 εὒθὺς
490 5530 585 5587 καὶ
619 5528 844 5608 Χριστοῧ
897 5538 991 5589 τοῦ
1032 5526 1203 5606 «gaios
1255 5527 1501 5604 μαθητὴς
1534 5526 1624 5606 ἦν³
1677 5524 1941 5603 κείρασθαί

2029 5490 2441 5602 philosophus,
2475 5527 2535 5615 et
2570 5490 2994 5615 'mitisl_Christi
3026 5523 3153 5576 erat
3194 5490 3523 5615 discipulus
3552 5527 3666 5615 :_et

299 5645 357 5679 τε
414 5623 513 5689 τὴν
560 5619 735 5696 κόμην
790 5621 875 5676 καὶ
936 5618 1258 5696 συνταγῆναι
1308 5629 1424 5679 τοῖς
1470 5617 1626 5672 αὐτοῦ
1659 5628 1941 5695 φοιτηταῖς

2029 5591 2295 5688 rogabat,
2325 5616 2387 5669 ut
2406 5591 2732 5670 referretur
2754 5606 2815 5667 in
2841 5621 3152 5704 numerum
3184 5604 3316 5682 ejus
3345 5591 3663 5704 discipulo-

297 5711 498 5778 ὶδεῐτο,
534 5692 681 5769 Ἐπεὶ
701 5707 755 5769 δὲ
783 5709 869 5768 καὶ
901 5710 990 5766 τὸν
1033 5692 1204 5789 μεγαν
1237 5706 1377 5786 ἐώρα
1419 5717 1545 5771 ταῖς
1600 5692 1758 5769 αὐτοῦ
1816 5703 1941 5776 δεή-

2029 5717 2192 5764 rum.
2224 5699 2543 5781 Postquam
2594 5703 2792 5762 autem
2836 5694 2996 5760 videt
3028 5710 3302 5775 maguum
3350 5692 3656 5758 Danielem
