4066 6146
511 367 664 438 1015
1674 376 2061 440 ADDENDA.
2137 407 2212 420 —
2285 376 2715 438 DECEMBER.
3716 371 3842 438 1016

505 508 628 571 suis
661 507 939 588 precibus
967 527 1262 584 annuere,
1295 509 1456 572 illius
1487 510 1816 590 discipulus
1841 513 1907 575 fit
1943 511 2112 574 docto

2199 531 2380 568 tosotv
2443 509 2661 582 ἥκοντα,
2709 509 2738 564 ὁ
2782 509 3028 584 μαθητὴς
3080 506 3278 567 ἐκείνου
3319 505 3533 563 πολλῶν
3579 505 3744 563 ἄλλων
3775 506 3844 564 δι-

504 596 828 660 multorum
861 598 1152 660 aliorum!
1189 607 1246 661 et
1274 619 1405 660 cum
1440 602 1796 678 omnes,qui
1826 609 1994 664 erant
2014 619 2112 661 cur

2231 597 2493 663 δάσκαλος
2525 598 2749 677 γίνεται,
2783 598 2867 653 καὶ
2913 597 3035 659 τοὺς
3093 599 3184 652 σὺν
3215 595 3355 671 αὗτῷ
3385 597 3588 661 πάντας
3632 619 3847 674 προσκα-

502 688 659 766 ipso,
692 689 1034 750 advocasset
1063 689 1391 750 familiares
1424 701 1484 752 et
1517 700 1779 767 notos,et
1808 693 1904 772 qui
1928 691 2112 771 alioqc

2231 687 2523 764 λεσάμενος
2569 687 2788 751 οἰκείους
2821 709 2875 742 τε
2905 688 2992 742 καὶ
3020 687 3288 765 γνωστοὺς
3339 687 3424 742 καὶ
3474 685 3656 748 ἄλλως
3697 710 3847 765 προσ-

502 775 574 837 ad
607 794 742 837 eum
801 777 1158 852 attinebant,
1212 777 1422 839 suadet
1474 779 1619 853 illis,
1677 790 1737 841 ut
1769 781 2001 852 eadem,
2033 799 2109 860 qu

2230 779 2460 848 ήκοντας
2504 789 2755 856 παραινεῖ
2784 776 3058 840 κάκείνους
3089 776 3189 843 τὴν
3220 775 3380 844 αὒτὴν
3427 773 3641 833 ὁδεῦσαι
3681 778 3851 850 τούτῳ,

500 863 754 944 ipse,via
783 866 1263 945 ingrederentur.
1297 867 1649 930 Adhortatio
1682 887 1817 931 vero
1851 869 1959 930 fuit
1981 859 2109 946 ejus

2233 859 2295 923 Ἠ
2353 865 2405 922 δὲ
2476 867 2782 945 παραίνεσις
2838 865 2931 922 οῗα
2991 867 3078 924 καὶ
3137 873 3267 943 πρὸς
3326 865 3569 944 ῥητόρων
3629 864 3853 943 γλῶσσαν

505 954 690 1029 modi,
725 973 857 1036 quae
887 962 1090 1036 posset
1119 957 1211 1018 vel
1255 975 1391 1020 cum
1447 958 1649 1036 lingua
1679 967 1910 1021 certare
1944 967 2106 1020 orato

2228 955 2614 1030 ἀμιλληθῆναι,
2647 955 2736 1012 καὶ
2787 955 2885 1024 την
2944 959 3173 1012 νικῶσαν
3204 951 3389 1010 λαϐεῖν
3419 970 3432 985 ⁸
3469 955 3536 1022 ἧς
3571 956 3656 1011 καὶ
3686 953 3853 1023 ἣδισά

499 1060 662 1124 rum,
693 1054 752 1105 et
778 1043 939 1106 ferre
965 1046 1293 1108 victoriam.
1315 1049 1458 1127 Ejus
1493 1067 1602 1128 ego
1637 1049 1942 1110 memorize
1974 1068 2109 1110 man

2227 1044 2693 1125 διαμνημονεύσω,
2729 1046 2814 1101 καὶ⁵
2869 1045 3004 1122 ὑμᾶς
3049 1043 3157 1103 οἷδ’
3218 1042 3297 1102 ὅτι
3361 1042 3480 1122 μετ’
3541 1043 3716 1124 ὀλίγον
3769 1044 3854 1111 ἔξω

499 1131 678 1214 dabo,
709 1152 845 1212 quae
877 1147 1015 1198 sunt
1062 1136 1526 1216 jucundissima,
1564 1146 1619 1200 et
1651 1140 1773 1200 scio
1804 1138 1954 1220 fore,
1985 1145 2048 1200 ut
2077 1157 2109 1200 e

2229 1134 2640 1212 συνηδομένους.

501 1241 738 1304 quoque
773 1225 934 1286 vobis
957 1227 1254 1307 placeant.

578 1312 868 1379 XXXVII.
903 1315 1051 1396 Ego,
1079 1317 1299 1398 inquit,
1333 1319 1511 1380 statui
1543 1318 1831 1398 deinceps
1861 1317 2008 1395 Regi
2037 1319 2112 1380 mi

2309 1314 2439 1372 AZ’.
2486 1313 2652 1392 Ἐγὼ,
2700 1314 2852 1394 φησὶ,
2887 1321 2977 1371 τοῦ
3006 1320 3195 1372 λοιποῦ
3225 1321 3302 1389 τῷ
3357 1312 3655 1392 ἐπουρανίῳ
3703 1312 3850 1393 ἔγνων

496 1400 668 1465 litare
693 1405 940 1467 cmlesti.
975 1405 1117 1467 Mihi
1151 1408 1308 1468 enim
1359 1408 1624 1488 persuasi
1674 1408 1820 1469 nihil
1857 1408 2112 1488 profatur

2224 1404 2592 1482 στρατεύεσθαι
2623 1403 2836 1481 βασιλεῖ
2870 1421 2884 1436 ·
2921 1404 3150 1460 πέπεικα
3180 1405 3279 1481 γὰρ
3337 1404 3570 1478 ἐμαυτὸν
3614 1403 3693 1460 ὅτι
3749 1428 3849 1480 μη-

497 1509 632 1552 rum
680 1493 929 1570 homini,
972 1496 1022 1556 si
1087 1503 1272 1557 totum
1335 1495 1620 1558 mundum
1672 1497 2025 1570 lucrifaciat,
2082 1517 2112 1558 c

2222 1491 2305 1549 δὲν
2363 1491 2628 1573 ὠφελήσει
2686 1491 2980 1574 ἄνθρωπον,
3027 1493 3117 1549 ἐάν
3147 1492 3271 1550 ὅλον
3332 1494 3423 1549 τὸν
3480 1493 3690 1568 κόσμον
3738 1515 3850 1574 κερ-

496 1579 778 1644 damnum
814 1602 938 1646 sua;
967 1584 1182 1647 animae
1213 1585 1810 1666 patiatur.Quodnam
1843 1594 2037 1648 autem
2064 1606 2112 1648 at

2222 1580 2384 1658 δήσῃ,
2419 1583 2504 1637 καὶ
2563 1585 2810 1658 ζημιωθῇ
2867 1584 2964 1650 τὴν
3008 1587 3191 1664 ψυχην
3236 1582 3418 1642 αὒτου.
3482 1583 3546 1640 Τί
3603 1581 3658 1638 δὲ
3688 1583 3776 1640 καῖ
3799 1586 3850 1640 τὸ

494 1687 605 1730 nos
636 1689 706 1732 ex
737 1671 894 1735 bello
921 1674 1152 1737 lucrum
1184 1674 1486 1754 redit,nisi
1513 1675 1756 1736 omnino
1789 1674 1990 1752 gladii,
2018 1694 2112 1737 catt

2220 1680 2314 1730 τοῦ
2356 1670 2592 1745 πολέμου
2623 1669 2805 1749 κέρδος
2849 1675 2986 1747 ἡμῖν
3030 1673 3066 1739 ὴ
3125 1672 3340 1737 πάντως
3383 1672 3506 1753 ξίφη
3568 1674 3658 1728 καὶ
3721 1673 3852 1753 φόνοι

493 1757 623 1840 des,
676 1762 918 1841 sanguis
964 1772 1023 1826 et
1083 1764 1360 1842 strages?
1421 1763 1700 1836 Quaenam
1734 1782 1872 1825 vero
1925 1764 1985 1826 in
2043 1765 2112 1826 hi

2220 1761 2308 1816 καὶ
2366 1760 2572 1836 α’ίματα
2623 1763 2710 1817 καὶ
2769 1762 3013 1841 σφαγαίς
3075 1763 3206 1818 Ποία
3263 1759 3318 1818 δὲ
3370 1764 3463 1818 καί
3530 1763 3736 1826 τούτοις
3801 1765 3852 1820 ού

493 1867 614 1911 non
654 1849 812 1914 inest
866 1852 1191 1928 calamitas,
1245 1861 1302 1916 et
1364 1862 1651 1933 praeterea
1702 1853 2112 1916 detrimentun

2221 1850 2470 1926 πρόσεστι
2533 1851 2775 1930 συμφορά
2807 1853 2893 1907 καὶ
2923 1851 3139 1929 προσέτι
3199 1849 3376 1928 βλάϐη
3420 1853 3638 1932 ψυχῆς,
3685 1851 3736 1906 ἐν
3776 1853 3851 1916 οἶς

491 1939 759 2002 animae?
787 1939 850 2002 In
898 1941 1135 2023 quibus,
1169 1951 1228 2006 et
1282 1943 1386 2024 qui
1435 1943 1671 2023 cecidit,
1701 1944 1861 2022 juste
1893 1944 2112 2006 cecidit

2221 1937 2248 1994 ὅ
2293 1960 2348 1996 τε
2379 1940 2556 1996 πεσὼν
2585 1937 2799 2004 δικαίως
2857 1939 3107 1996 πέπτωκε
3144 1956 3160 2014 ;
3193 1940 3252 1997 Τί
3309 1941 3407 2018 γὰρ
3464 1939 3720 2016 ἐπολέμει
3774 1942 3848 1998 καὶ

493 2033 644 2102 Quid
676 2035 826 2093 enim
851 2035 1068 2095 bellum
1091 2037 1322 2109 gerebat
1343 2052 1474 2096 cum
1498 2039 1567 2094 iis
1597 2038 1696 2109 qui
1723 2047 1856 2096 sunt
1879 2038 2112 2110 cjusden

2217 2041 2335 2094 τοῖς
2393 2027 2699 2107 ὁμογενέσιν
2736 2049 2752 2106 ;
2797 2028 2908 2086 ὅτε
2958 2030 3058 2096 τὴν
3110 2029 3337 2108 ἀναιρῶν
3366 2028 3690 2110 ἀνδροφόνος
3725 2031 3847 2087 πάν-

491 2119 776 2197 generis?
806 2129 864 2182 et
893 2123 995 2202 qui
1026 2123 1330 2204 interficit,
1357 2134 1448 2185 est
1479 2125 1722 2185 omnino
1757 2124 2050 2204 parricida
2079 2143 2110 2186 e

2216 2139 2322 2183 τως
2355 2120 2441 2175 καὶ
2469 2119 2664 2195 ἐναγής
2701 2136 2717 2195 ;
2752 2123 2810 2178 Τί
2840 2120 2939 2198 γὰρ
2969 2121 3057 2176 καὶ
3105 2118 3402 2199 χρημάτων
3434 2119 3470 2188 ἢ
3517 2117 3674 2185 δόξης
3705 2120 3846 2200 χάριν

489 2210 1043 2274 exsecrandus.Cur
1075 2211 1236 2274 enim
1271 2221 1514 2293 propter
1546 2213 1859 2292 pecuniam
1881 2222 1982 2274 aut
2013 2214 2112 2276 ina

2221 2214 2377 2276 κενῆς
2436 2211 2498 2265 τὸ
2543 2216 2792 2266 τοσοῦτον
2847 2209 3100 2285 ἐτόλμα;
3158 2209 3327 2266 Ἀλλά
3369 2207 3588 2274 λέοντες
3636 2209 3752 2285 μὲν,
3805 2213 3843 2266 ὦ

490 2315 631 2360 nem
656 2299 904 2378 gloriam
941 2309 1164 2364 tantum
1197 2302 1428 2364 facinus
1457 2321 1634 2364 ausus
1661 2311 1750 2363 est
1779 2303 2112 2381 susciperet

2216 2297 2500 2376 ἅνθρωποι,
2559 2298 2653 2355 καὶ
2712 2297 2996 2377 παρδάλεις
3053 2300 3140 2355 καὶ
3191 2298 3340 2356 λύκοι
3370 2300 3458 2356 καὶ
3490 2297 3548 2356 εἶ’
3577 2323 3627 2356 τι
3659 2301 3841 2360 τούτων

490 2386 608 2450 Sed
638 2388 844 2452 leones
873 2391 1140 2472 quidem,
1175 2413 1209 2454 o
1240 2393 1536 2467 homines,
1572 2401 1631 2453 et
1669 2391 1860 2472 pardi,
1894 2402 1950 2454 et
1981 2393 2112 2474 lupi,

2214 2386 2354 2444 ἐστὶν
2412 2388 2752 2466 ἀγριώτερον,
2823 2387 3014 2446 οὔποτε
3079 2389 3261 2457 κοινὴν
3317 2391 3508 2446 ἱστῶσι
3571 2392 3696 2470 πρὸς
3750 2389 3840 2446 ἀλ-

486 2484 552 2540 ut
581 2478 630 2540 si
659 2479 801 2560 quid
833 2489 923 2542 est
954 2482 1048 2543 his
1100 2483 1414 2562 agrestius,
1473 2499 1775 2562 nunquam
1810 2501 2112 2545 communt

2213 2476 2408 2546 λήλους
2460 2479 2559 2544 τὴν
2616 2479 2805 2558 μάχην
2843 2493 2857 2509 ⁸
2890 2480 3025 2553 ἡμῖν
3053 2475 3107 2534 δὲ
3137 2479 3225 2541 οἷς
3270 2480 3356 2535 καὶ
3381 2480 3538 2559 φύσει
3569 2482 3629 2536 τὸ
3660 2479 3838 2559 ἥμερον

488 2572 646 2631 inter
697 2587 762 2631 se
794 2569 1016 2632 bellum
1049 2580 1288 2649 gerunt.
1320 2571 1506 2634 Nobis
1535 2579 1731 2633 autem
1770 2571 1987 2651 quibus
2016 2591 2112 2636 na-

2213 2567 2300 2623 καὶ
2353 2565 2513 2644 λόγος
2570 2566 2819 2644 πρόσεστι
2872 2569 2933 2624 τὸ
2977 2569 3119 2646 παρά
3147 2569 3299 2649 φύσιν
3328 2569 3515 2647 ἄγριον
3560 2570 3837 2627 καταστείλε-

486 2664 620 2719 tura
674 2660 843 2722 adest
900 2662 1312 2737 mansuetudo,
1360 2669 1419 2722 et
1467 2667 1654 2722 oratio
1686 2678 1818 2741 quae
1848 2661 2102 2741 opprimi

2212 2654 2342 2730 λων,
2407 2655 2544 2713 ἀλλά
2595 2655 2650 2713 δὲ
2708 2659 2793 2714 καὶ
2849 2661 3035 2715 οἶκτον
3078 2658 3292 2737 ἐγείρων
3349 2661 3437 2716 καὶ
3515 2664 3618 2727 τῆς
3673 2665 3837 2726 κοινῆς

486 2746 808 2823 feritatem,
845 2768 978 2830 quae
1007 2757 1097 2812 est
1129 2759 1342 2831 praeter
1397 2758 1668 2812 naturam
1707 2771 1718 2810 :
1775 2749 1918 2832 quin
1952 2751 2112 2813 etian

2213 2746 2636 2822 ὑπομιμνήσκων
2697 2747 2928 2826 φύσεως,
3011 2749 3113 2827 πρὸ
3185 2747 3240 2805 δὲ
3315 2749 3532 2806 πάντων
3582 2751 3672 2815 οἶς
3723 2749 3841 2826 μήτε

486 2844 684 2898 movet
741 2837 1242 2915 misericordiam,
1303 2847 1363 2901 et
1416 2859 1796 2902 communem
1860 2849 2112 2902 naturan

2214 2833 2418 2892 ἀδικεῖν
2448 2838 2587 2911 μήτε
2620 2835 2914 2915 ἀντιλέγειν
2967 2836 3104 2903 ὅλως
3145 2837 3519 2914 ἀδικουμένοις
3573 2841 3605 2908 ἡ
3637 2841 3840 2918 μεγίστη

481 2934 720 2988 revocat
750 2927 812 2988 in
865 2930 1243 3011 memoriam,
1288 2937 1428 2991 ante
1459 2929 1660 2991 omnia
1690 2947 1848 3006 vero,
1885 2929 2112 3011 quibus1

2211 2931 2317 2982 τῶν
2349 2923 2604 3005 ἐντολῶν,
2635 2928 2723 2982 καὶ
2765 2933 2927 2983 ταῦτα
2957 2925 3171 3004 ἐγγύθεν
3201 2925 3386 3007 ἔχουσι
3417 2931 3480 2983 τὸ
3526 2928 3842 3008 παράδειγμα

487 3024 554 3076 ιιι
582 3033 780 3097 neque
805 3016 1083 3099 injuriam
1109 3019 1625 3100 faciamus,neque
1648 3019 2112 3082 contradicamut

2214 3016 2370 3072 αὐτὸν
2423 3014 2631 3072 ἐκεῖνον
2691 3015 2782 3071 τόν
2838 3014 3098 3093 ἡμέτερον
3157 3014 3365 3084 δηλαδὴ
3426 3019 3728 3099 Δεσπότην,
3791 3017 3839 3080 ὅς

486 3106 755 3180 omnino,
808 3108 858 3169 si
894 3107 1068 3170 nobis
1097 3109 1200 3170 fiat
1252 3108 1501 3189 injuria,
1533 3118 1622 3170 est
1655 3108 1974 3171 maximum
2011 3128 2112 3189 pra

2213 3103 2298 3161 ἐπὶ
2355 3105 2567 3184 σφαγὰν
2626 3103 2912 3178 ἑλκόμενος
2969 3104 3249 3174 ἠκολούθει
3295 3107 3487 3185 (καίτοι
3534 3110 3695 3168 πόσον
3735 3108 3835 3165 inf

482 3207 721 3273 ceptum
761 3215 774 3257 :
807 3195 987 3277 idque
1015 3215 1150 3258 cum
1186 3215 1372 3278 prope
1419 3196 1748 3259 habeamus
1793 3197 2112 3278 exemplar,

2212 3194 2272 3250 τὸ
2329 3191 2573 3270 διάφορον
2606 3195 2877 3253 Δεσπότου
2917 3196 3005 3250 καὶ
3051 3193 3253 3252 δούλων
3285 3211 3330 3276 ς)
3368 3204 3485 3264 πῶς
3534 3199 3650 3278 ἔχει
3693 3201 3835 3256 ταῦτα

481 3283 652 3344 illum
683 3284 878 3365 ipsum
921 3287 1148 3348 scilicet
1179 3295 1446 3349 nostrum
1479 3286 1829 3361 Dominum,
1860 3287 1961 3368 qui
1989 3306 2112 3348 cutr

2210 3280 2412 3354 καλῶς,
2470 3282 2559 3338 ὅτε
2603 3283 2689 3339 καὶ
2759 3289 2852 3340 τοῦ
2904 3283 2982 3358 μὴ
3037 3292 3201 3342 ταῦτα
3258 3299 3442 3344 ποιεῖν
3499 3287 3699 3352 πολλὰς
3751 3287 3833 3349 τὰς

484 3373 823 3436 traheretur
851 3375 924 3438 ad
957 3376 1206 3450 caedem,
1255 3375 1664 3453 sequebantur
1695 3376 1874 3456 (atqui
1907 3383 2112 3452 quanta

2209 3369 2434 3445 ἀμοιϐὰς
2466 3370 2690 3452 ἔχομεν,
2722 3374 2816 3429 καί
2860 3380 2952 3430 τοῦ
2984 3387 3160 3430 ποιεῖν
3190 3373 3394 3440 πολλὰς
3424 3377 3524 3440 τάς
3555 3376 3782 3437 κολάσεις
3810 3398 3825 3447 ;

483 3471 574 3524 est
602 3462 941 3528 differentia
966 3468 1122 3528 inter
1151 3465 1471 3528 Dominum
1505 3476 1566 3527 et
1592 3483 1827 3526 servum
1853 3465 1932 3545 ‘1),
1983 3485 2112 3547 quo'

2213 3462 2269 3516 El
2312 3457 2366 3516 δέ
2409 3483 2458 3516 τι
2504 3462 2613 3540 χρὴ
2656 3463 2745 3518 καὶ
2774 3474 2889 3525 τοῖς
2949 3460 3212 3518 ἀδικοῦσιν
3255 3463 3694 3540 ἀντεπιτίθεσθαι,
3726 3464 3825 3522 δέον

484 3555 660 3617 modo
691 3554 816 3616 haec
840 3573 905 3617 se
929 3562 1092 3618 recte
1121 3554 1365 3629 habent,
1399 3552 1634 3635 quando
1671 3563 1727 3615 et
1766 3553 1815 3615 si
1849 3553 1974 3616 hmo
2009 3574 2112 3617 nor

2209 3547 2422 3613 πάντως
2456 3550 2550 3618 τὴν
2587 3549 2829 3628 μεγάλην
2877 3564 3044 3630 χεῖρα
3093 3553 3186 3608 καὶ
3225 3552 3440 3629 ὑψηλὴν
3470 3557 3546 3618 εἰς
3581 3556 3826 3622 ἐκδίκησιν

478 3644 794 3720 faciamus,
848 3645 1067 3707 multas
1118 3644 1407 3706 habemus
1459 3643 2017 3721 remunerationes;
2075 3646 2112 3705 si

2209 3639 2365 3712 ἡμῶν
2397 3638 2758 3710 ἐκκαλεῖσθαι,
2791 3639 2863 3697 ἵν’
2900 3640 3037 3696 οὕτω
3067 3639 3272 3710 μαλλον
3315 3645 3477 3718 ἡμεῖς
3532 3647 3597 3702 τὰ
3650 3645 3826 3702 ἐκείνου

477 3733 766 3796 faciamus
795 3743 1022 3811 autem,
1059 3735 1244 3796 multa
1301 3733 1638 3815 supplicia?
1665 3732 1835 3806 Quod
1868 3734 1917 3794 si
1949 3733 2112 3795 etian

2211 3753 2482 3797 ποιουντες
2537 3730 2888 3812 σφοδροτέραν
2935 3745 3049 3798 τοῖς
3092 3733 3310 3814 ἐχθροῖς
3369 3734 3548 3812 δῶμεν
3603 3738 3686 3795 καὶ
3737 3736 3823 3804 τὴν

477 3832 712 3907 oportet
759 3825 1020 3888 vicissim
1077 3825 1358 3888 invadere
1413 3843 1516 3886 eos
1546 3824 1646 3904 qui
1679 3843 1785 3885 nos
1817 3824 2112 3898 invadunt,

2213 3820 2452 3900 πληγήν.
2487 3822 2665 3880 Τοίνυν
2719 3825 2762 3880 εἰ
2791 3821 3064 3900 βούλεσθε,
3097 3831 3258 3881 ταῦτα
3289 3827 3387 3885 μὲν
3444 3827 3590 3905 ἐᾶτε,
3635 3835 3822 3902 μείνατε

477 3922 714 3996 eportet
742 3916 987 3978 omnino
1020 3933 1291 3994 magnam
1344 3932 1580 3976 manum
1629 3922 1687 3975 et
1711 3913 2004 3977 excelsam
2032 3914 2112 3974 in-

2213 3907 2268 3966 δὲ
2325 3914 2416 3968 σὺν
2461 3912 2601 3992 ἐμοὶ,
2649 3912 2738 3968 καὶ
2795 3914 2887 3970 τὸν
2935 3914 3068 3969 κατά
3127 3915 3258 3971 Θεὸν
3314 3915 3560 3993 ἑλώμεθα
3607 3921 3732 3996 βίον.
3779 3917 3826 3974 Εἰ

474 4023 688 4067 vocare
718 4005 790 4066 ad
819 4021 929 4066 nos
956 4004 1366 4067 defendendos
1404 4023 1472 4066 ao
1518 4003 1908 4066 vindicandos
1942 4013 2005 4065 ut
2041 4010 2112 4066 sit

2209 3998 2256 4056 δ’
2313 4004 2425 4074 οὗν,
2483 4002 2706 4065 ἕκαστος
2765 4004 2865 4068 την
2924 4002 3111 4060 ἑαυτοῦ
3177 4006 3473 4083 πορευέσθω
3507 4027 3526 4046 ο
3600 4006 3734 4068 οὐδέν
3783 4027 3821 4061 τι

478 4110 588 4156 nos
607 4093 802 4175 potius
823 4093 1108 4157 facientes
1134 4112 1204 4156 ea
1226 4112 1358 4174 qua:
1378 4093 1478 4154 ille
1507 4093 2112 4173 praecipit,vehemen-

2209 4089 2370 4148 πλέον
2428 4091 2851 4170 προσαναγκάσω
2915 4099 3124 4169 Χριστῷ
3180 4094 3279 4150 κάν
3341 4098 3516 4174 τούτῳ
3563 4099 3816 4172 ἑπόμενος,

475 4183 657 4246 tiores
689 4183 888 4264 plagas
940 4185 1318 4265 imponamus
1373 4183 1654 4243 inimicis.
1709 4181 1844 4243 llaec
1901 4199 2042 4260 ergo
2072 4183 2112 4243 si

2207 4179 2262 4243 ὅς
2316 4181 2540 4246 πολλοῖς
2586 4184 2730 4257 ἡμᾶς
2762 4183 2850 4239 καὶ
2883 4180 3064 4247 ἄλλοις
3128 4185 3360 4260 τιμήσας
3417 4189 3494 4263 τῷ
3542 4187 3821 4259 αὐτεξουσίφ

475 4273 679 4355 vultis,
719 4273 942 4350 sinite;
1002 4292 1236 4334 mecum
1297 4279 1494 4333 autem
1550 4279 1822 4339 manete;
1854 4281 1909 4331 et
1943 4271 2112 4332 vitam

2205 4271 2403 4348 πρώτῳ
2433 4271 2584 4346 τετίμ
2594 4293 2712 4337 ηκε.

475 4382 611 4441 qua;
641 4371 731 4426 est
765 4382 832 4426 ex
865 4363 1012 4444 Deo,
1049 4363 1358 4442 eligamus.
1393 4360 1498 4423 Sin
1529 4359 1756 4434 minus,
1782 4360 2196 4442 unusquisque
2226 4360 2377 4421 viam
2409 4378 2576 4423 suam
2609 4359 2788 4422 ineat.
2822 4359 3062 4422 Nullum
3087 4379 3196 4442 ego
3227 4366 3510 4444 majorem
3547 4368 3815 4448 imponam

474 4453 919 4528 necessitatem,
957 4453 1018 4513 in
1065 4453 1180 4513 hoc
1209 4469 1449 4532 quoque
1480 4448 1776 4510 Christum
1812 4467 2069 4530 sequens
2107 4471 2120 4514 :
2184 4451 2288 4530 qui
2320 4467 2453 4513 cum
2489 4469 2594 4511 nos
2627 4448 2828 4510 multis
2860 4468 3098 4532 quoque
3152 4453 3284 4516 aliis
3317 4454 3681 4528 honorasset,
3711 4451 3814 4536 pri-

475 4559 637 4602 mum
671 4541 982 4603 honoravit
1015 4541 1203 4602 libero
1234 4538 1505 4599 arbitrio.

551 4629 864 4694 XXXVIII.
896 4630 1033 4691 Hzec
1063 4629 1172 4690 etsi
1204 4647 1323 4690 non
1371 4628 1684 4688 videantur
1713 4645 1844 4689 esse
1877 4626 2112 4690 barbari

2279 4618 2413 4688 ΑΠ’.
2461 4635 2634 4686 Ταῦτα
2689 4629 2734 4685 εἰ
2780 4628 2858 4702 μὴ
2916 4631 3004 4687 καὶ
3059 4632 3196 4689 καιά
3251 4631 3409 4711 ἄνδρα
3454 4635 3706 4715 βέρϐαρον
3733 4632 3806 4704 ἦν,

469 4719 812 4800 nominis,si
846 4719 981 4800 quis
1010 4726 1207 4781 tamen
1263 4718 1627 4800 reputaverit
1655 4719 1902 4794 gratiam
1937 4718 2112 4780 divini

2205 4717 2324 4775 ἀλλ’
2357 4717 2410 4774 εἴ
2443 4739 2521 4782 τις
2553 4716 2648 4785 τὴν
2677 4717 2835 4797 χάριν
2867 4727 2959 4777 τοῦ
3009 4722 3146 4778 θείου
3196 4724 3496 4799 [Ινεύματος
3543 4724 3807 4804 λογισθείη,

467 4806 749 4890 Spiritus,
769 4817 825 4871 et
851 4808 1009 4890 quod
1043 4808 1094 4870 is
1123 4809 1339 4888 dignus
1363 4816 1523 4869 esset
1545 4826 1674 4868 eam
1725 4807 1984 4888 assequi,
2020 4806 2112 4869 in-

2201 4808 2290 4864 καὶ
2321 4805 2400 4864 ὅτι
2454 4805 2606 4869 οὗτος
2647 4805 2786 4872 ἄξιος
2843 4807 3049 4876 ἐκείνης
3099 4825 3318 4890 τυχεῖν,
3379 4815 3582 4892 εὗρήσει
3625 4814 3808 4872 πάντως

463 4898 662 4961 veniet
717 4898 961 4960 omnino
1002 4916 1138 4960 eum
1186 4897 1450 4979 potuisse
1510 4898 1636 4958 haec
1667 4896 1893 4976 dicere,
1929 4907 1991 4958 et
2025 4897 2116 4959 his

465 4989 812 5052 excelsiora.
847 4989 982 5052 Mox
1017 4997 1214 5051 autem
1246 4995 1485 5049 ostensa
1511 4995 1601 5047 est
1640 4987 1821 5048 etiam
1857 4985 1942 5048 vis
1971 5005 2111 5048 sua-

460 5077 666 5141 sionis.
733 5078 976 5142 Duobus
1018 5078 1180 5139 enim
1233 5077 1538 5153 Barbaris,
1576 5075 1682 5158 qui
1713 5077 1972 5138 divinam
2004 5076 2115 5138 do-

461 5167 711 5230 ctrinam
739 5186 814 5231 ne
838 5168 1147 5230 auditione
1169 5167 1414 5249 quidem
1454 5174 1835 5247 acceperant,
1867 5184 2114 5247 persua-

461 5257 538 5319 sit
567 5266 656 5334 ut,
690 5257 970 5321 omnibus
993 5258 1282 5338 dimissis,
1319 5257 1497 5318 simul
1529 5275 1663 5318 cum
1700 5276 1769 5317 eo
1801 5257 2062 5318 viverent
2095 5274 2110 5316 :

457 5351 591 5408 aliis
623 5366 759 5409 vero
781 5366 914 5410 cum
942 5352 1191 5409 dedisset
1214 5352 1491 5423 pecunias
1512 5365 1582 5408 ex
1607 5350 1676 5407 iis
1706 5365 1848 5422 quas
1873 5350 2116 5406 habt-bat

456 5445 514 5499 et
538 5455 641 5498 eos
670 5438 875 5499 valere
902 5437 1202 5517 jussisset,
1234 5437 1507 5517 permisit
1555 5447 1619 5496 ut
1643 5436 1800 5498 irent
1832 5454 1952 5514 quo
1983 5435 2112 5496 vel-

2199 4897 2278 4954 ὅτι
2323 4895 2538 4961 δυνατὸς
2567 4895 2751 4963 ἦνκαὶ
2800 4903 2964 4954 ταῦτα
3008 4900 3097 4956 καὶ
3145 4902 3210 4956 τὰ
3268 4902 3468 4960 τούτων
3525 4902 3805 4984 φθεγγέσθαι

2203 4986 2527 5064 δψηλότερα.
2599 4983 2869 5043 Δέδεικται
2925 4985 2982 5043 δέ
3043 4989 3228 5047 αὐτίκα
3284 4993 3372 5048 καὶ
3436 4998 3537 5061 τῆς
3581 4987 3804 5070 παραινέ-

2203 5098 2338 5139 σεως
2370 5077 2404 5144 ἡ
2434 5074 2615 5154 ἰσχύς.
2679 5074 2781 5130 Δύο
2833 5075 2934 5153 γὰρ
2993 5076 3283 5159 βαρϐάρους
3314 5079 3510 5156 κομιξῆ
3553 5083 3684 5146 θείαις
3723 5078 3804 5134 ἀν.

2199 5169 2392 5234 ηκόους
2447 5162 2786 5226 διδασκαλίας
2847 5161 3032 5223 ἔπεισε
3107 5169 3320 5226 πάντων
3355 5171 3643 5252 ἀφεμένους
3690 5189 3807 5242 συμ-

2197 5256 2455 5314 ϐιοτεύειν
2500 5253 2642 5326 αὐτῷ
2678 5271 2689 5284 '
2743 5266 2856 5318 τοῖς
2889 5251 3072 5320 ἄλλοις
3103 5256 3158 5314 δὲ
3190 5251 3445 5338 χρήματα
3480 5269 3582 5320 τῶν
3608 5257 3805 5339 προσόν·

2197 5370 2301 5404 των
2362 5343 2502 5415 αὒτῷ
2540 5340 2656 5402 δοὺς
2726 5345 2814 5399 καὶ
2887 5349 3366 5423 κατασπασάμενος
3423 5351 3583 5430 ἐφῆκε
3640 5342 3800 5424 πορεία

2201 5441 2348 5494 εσθαι
2381 5433 2503 5488 ὅποι
2539 5430 2603 5486 ἅν
2638 5431 2788 5488 αὖτοΐ
2820 5431 3116 5508 βούλοιντο,
3153 5438 3391 5500 Ἐκεῖνος
3448 5443 3620 5514 μέντοι
3666 5437 3738 5491 καὶ
3763 5432 3802 5486 οἱ

2203 5527 2293 5582 σὺν
2326 5525 2468 5594 αύτῷ
2497 5525 2572 5592 τῷ
2601 5522 2725 5596 ἱερῷ
2751 5521 2846 5588 τῆς
2897 5522 3177 5604 ἀποταγῆς
3237 5528 3417 5584 κανόνι
3455 5527 3800 5608 στοιχήσαντες

2197 5618 2252 5672 τὸ
2297 5618 2494 5692 σχῆμα
2526 5616 2631 5666 τῶν
2683 5617 2942 5698 μοναχῶν
2985 5629 3107 5678 ταῖς
3153 5617 3307 5695 ἀγίου
3353 5621 3506 5698 χερσὶ
3553 5617 3794 5698 δέχονται,

2192 5706 2281 5762 καὶ
2339 5712 2499 5765 Τῖτος
2552 5701 2578 5755 ὁ
2630 5697 2886 5779 ’Έδρανος
2940 5701 3194 5788 φιλοθέως
3264 5696 3683 5796 μετονομάςεται.
3732 5696 3793 5764 οὐ

454 5526 718 5592 lent.llle
747 5539 944 5588 autem
980 5535 1038 5587 et
1067 5532 1165 5606 qui
1201 5545 1337 5587 cum
1374 5545 1444 5587 eo
1479 5534 1674 5601 erant,
1711 5524 2116 5586 renuntiatio-

453 5615 548 5676 nis
566 5631 793 5675 sacram
819 5623 1142 5695 sequentes
1163 5616 1429 5694 regulam
1447 5662 1463 5691 ,
1490 5616 1760 5678 habitum
1791 5615 2116 5676 monacho-

447 5719 585 5772 rum
607 5703 798 5768 sancti
825 5702 1098 5768 manibus
1120 5704 1440 5796 accipiunt,
1476 5711 1536 5767 et
1573 5703 1844 5768 Edrauus
1870 5711 2101 5772 mutato
