4066 6146
313 391 466 461 1017

1427 389 1616 454 VITA
1658 387 1721 452 S.
1763 386 2138 454 DANIELIS
2182 382 2558 450 STYLITIE.

3533 377 3684 444 1018

310 531 410 606 μὲν
439 527 555 588 οὐδὲ
603 526 852 605 βασιλέὺς
908 525 1063 591 αὐτὸς
1120 523 1355 603 ἠγνόησε
1409 523 1471 579 τὸ
1527 522 1788 603 πραχθὲν,
1823 520 1958 580 ἀλλὰ

2045 525 2286 582 nomine
2309 517 2404 598 pie
2427 524 2666 580 vocatur
2685 515 3090 606 Titus.Neque
3113 533 3253 578 vero
3274 515 3404 596 ipse
3423 512 3684 606 impera-

310 621 401 675 καὶ
455 619 638 695 μαθὼν
692 615 899 696 βαρέως
951 617 1014 672 τὸ
1056 614 1273 692 γεγονὸς
1316 612 1488 692 ἔφερε,
1532 612 1618 668 καὶ
1675 614 1766 669 τὸν
1814 633 1959 668 ονει-

307 707 519 764 δίσοντα
571 713 647 781 τῷ
679 705 914 781 Ἐδράνῳ
955 705 1055 770 τὴν
1102 700 1445 783 ἀναχώρησιν
1489 699 1824 762 ἀποστέλλει.
1868 702 1962 765 Ὠς

308 795 362 854 δὲ
398 797 606 854 ἐκεῖνόν
635 817 694 853 τε
737 795 1060 872 ἀμετάθετον
1094 792 1210 872 εὗρε
1267 797 1366 859 τῆς
1397 792 1640 870 γνώμης,
1675 792 1763 848 καὶ
1793 792 1964 869 γράμ-

310 908 476 963 μασιν
519 886 790 950 ἐπιστώθη
820 891 977 941 τοῦτο
1033 894 1152 946 τοϊς
1199 889 1292 939 τοῦ
1343 883 1508 955 ὁσίου,
1541 881 1803 959 ἀπογνοὺς
1862 883 1963 949 τὴν

311 975 649 1055 ὑποστροφὴν
722 971 867 1032 οίρδέν
937 971 1075 1050 ἔγνω
1139 971 1470 1048 προστιθέναι
1539 970 1725 1031 πλέον.
1797 972 1961 1029 Αὐτὸν

311 1065 366 1122 δὲ
429 1067 518 1122 τὸν
551 1074 714 1124 Τῖτον
769 1069 1016 1120 τοσοῦτον
1064 1058 1229 1117 είσέδυ
1279 1070 1373 1119 τοῦ
1415 1059 1649 1139 μεγάλου
1677 1060 1838 1132 ζῆλος
1878 1061 1962 1118 καὶ

310 1156 535 1231 μίμησις
593 1153 731 1211 ὥστε
783 1153 874 1210 καὶ
925 1152 1023 1218 τὴν
1083 1150 1283 1207 ἐκείνω
1312 1150 1511 1228 τροφὴν
1567 1149 1960 1229 πολυπραγμο-

309 1259 424 1301 νεῖν
455 1245 543 1302 καὶ
592 1242 716 1321 περί
751 1240 955 1300 πολλοῦ
1011 1242 1279 1298 ποιεῖσθαι
1323 1239 1373 1296 τί
1428 1239 1490 1297 ἂν
1539 1239 1684 1316 ἐσθίῃ
1743 1245 1958 1316 μαθεῖν,

312 1335 412 1394 Καὶ
466 1331 653 1400 ἒπειδή
690 1335 793 1412 οὐχ
848 1331 988 1410 ἑώρα
1020 1335 1125 1386 τῶν
1167 1327 1346 1385 ἄλλων
1400 1327 1639 1410 ἀδελφῶν
1672 1331 1808 1405 μετά
1865 1331 1961 1396 τὰς

308 1423 582 1503 ἑσπερίους
639 1422 779 1497 ᾠδὰς
839 1422 970 1500 πρὸς
1029 1418 1321 1478 ἀνάπαυσιν
1381 1419 1741 1499 τρεπομένων,
1803 1422 1959 1484 αὐτὸς

309 1511 461 1580 ἐξιὼν
537 1512 699 1589 λάθρα
761 1518 853 1567 τοῦ
912 1509 1263 1584 κοιμητηρίου
1321 1514 1426 1564 τῶν
1483 1509 1676 1565 κιόνων
1748 1508 1958 1566 ὄπισθεν

308 1604 670 1682 ὒπεκρύπτετο
745 1603 835 1658 τὸν
898 1598 1042 1658 ὅσιον
1101 1599 1592 1676 περιεργαζόμενος’
1669 1599 1805 1655 ὥστε
1875 1597 1960 1657 διὰ

307 1696 477 1750 ταῦτα
544 1693 630 1749 καὶ
722 1691 818 1759 τῆς
903 1693 1206 1766 νυκτερινῆς
1297 1686 1557 1754 πολλάκις
1647 1687 1957 1764 ψαλμῳδίας

307 1780 816 1857 ἀπολιμπανόμενος
901 1779 1150 1856 ῥᾳθυμίας
1205 1791 1442 1857 παρεῖχε
1508 1790 1626 1842 τοῖς
1705 1776 1957 1857 ἀδελφοῖς

2045 620 2139 672 tor
2161 607 2450 688 ignoravit
2469 606 2529 668 id
2557 607 2713 687 quod
2739 607 2954 668 factum
2980 605 3304 676 fuerat,sed
3331 623 3466 668 cum
3491 603 3688 666 resci~

2045 698 2242 776 visset,
2300 695 2359 757 id
2419 714 2574 775 aegre
2625 695 2874 772 ferebat,
2927 705 2982 757 et
3031 696 3231 776 mittit,
3291 695 3394 778 qui
3449 695 3688 756 Edrano

2045 786 2363 868 exprobret
2411 786 2543 865 ejus
2587 804 2918 849 recessum.
2974 788 3282 866 Postquam
3333 793 3554 858 autem,
3589 782 3690 864 qui

2048 876 2264 938 missus
2285 876 2494 948 fuerat,
2524 875 2793 955 cognovit
2820 875 2983 937 illum
3008 875 3464 949 immutabilem,
3499 881 3556 935 et
3582 873 3691 936 fuit

2045 967 2162 1029 hoc
2209 967 2383 1028 etiam
2417 966 2604 1027 sancti
2635 965 2848 1028 litteris
2899 967 3333 1037 conﬁrmatum,
3369 965 3687 1044 desperato

2049 1055 2243 1118 reditu
2302 1060 2502 1117 statuit
2533 1054 2680 1116 nihil
2711 1054 2968 1136 amplius
3023 1054 3266 1116 addere.
3302 1056 3496 1134 Ipsum
3548 1070 3686 1114 vero

2047 1143 2241 1206 Titum
2293 1153 2494 1207 tantus
2524 1144 2708 1206 subiit
2754 1145 2952 1222 magni
3009 1144 3170 1206 zelus
3213 1151 3270 1204 et
3317 1142 3592 1216 imitatio,
3625 1150 3689 1204 ut

2045 1234 2207 1296 illius
2261 1236 2438 1297 etiam
2475 1235 2910 1297 nutrimentum
2963 1235 3210 1296 curiose-
3242 1234 3599 1315 inquireret,
3630 1241 3689 1295 et

2044 1324 2466 1403 magnifaceret
2514 1326 2669 1386 scire
2701 1325 2983 1405 quidnam
3029 1325 3396 1386 comederet.
3429 1321 3502 1386 Et
3531 1341 3684 1402 quo-

2044 1413 2202 1474 niam
2255 1432 2371 1475 non
2405 1413 2663 1492 videbat,
2690 1415 2826 1476 aliis
2858 1413 3146 1476 fratribus
3175 1423 3306 1494 post
3336 1413 3563 1476 cantica
3593 1431 3690 1474 ve-

2042 1503 2306 1582 spertina
2353 1521 2416 1564 se
2448 1503 2520 1564 ad
2553 1504 2817 1584 quietem
2869 1504 3342 1583 conferentibus,
3377 1503 3504 1583 ipse
3534 1501 3687 1564 clam

2040 1591 2357 1670 egrediens
2384 1611 2416 1654 e
2437 1593 2808 1667 dormitorio,
2836 1593 3055 1656 latebat
3083 1601 3212 1673 post
3242 1593 3591 1664 colummas,
3627 1596 3690 1655 et

2039 1691 2305 1742 sanctum
2360 1684 2596 1744 curiose
2624 1683 2928 1764 indagans,
2967 1683 3218 1763 praebuit
3237 1681 3516 1745 fratribus
3544 1699 3687 1763 spe-

2040 1770 2190 1834 ciem
2223 1773 2540 1852 quamdam
2574 1780 2633 1835 et
2657 1773 3002 1854 opinionem
3055 1773 3367 1837 socordiae.
3403 1771 3516 1834 Sed
3550 1789 3686 1833 cum

306 1872 550 1940 δόκησιν.
587 1869 742 1928 Ἐπεί
772 1867 828 1925 δὲ
887 1867 1035 1932 ὅλαις
1068 1868 1202 1924 ἐπτά
1247 1867 1468 1945 ἡμέραις
1500 1865 1648 1925 οὐδὲν
1700 1867 1958 1943 ἐμάνθανε

2045 1860 2183 1921 totis
2230 1869 2460 1940 septem
2522 1862 2734 1925 diebus
2791 1865 2938 1926 nihil
2971 1865 3231 1940 rescivit,
3267 1863 3684 1940 cogitationem

306 1962 495 2040 πλέον,
557 1958 877 2018 ὶκκαλύπτει
940 1958 1031 2015 τὸν
1075 1957 1337 2036 λογισμὸν
1379 1963 1457 2030 τῷ
1490 1959 1636 2029 ὁσίῳ,
1685 1959 1772 2014 καὶ
1816 1957 1869 2013 εἴ
1911 1981 1960 2015 τι

308 2052 409 2131 ἄρα
461 2051 602 2116 ὅλως
661 2050 815 2106 ἐσθίει
861 2049 948 2105 καὶ
996 2049 1135 2105 πίνει
1192 2050 1381 2122 μαθεῖν
1439 2045 1709 2124 ἐπηρώτα.
1767 2057 1870 2108 Τοῦ
1905 2046 1960 2104 δὲ

307 2149 464 2199 τοῦτο
544 2140 642 2216 μὲν
727 2137 1232 2209 διαϐεϐαιώσαντος,
1295 2135 1432 2192 ἀλλὰ
1501 2136 1816 2216 προσθέντος
1879 2137 1959 2194 ὅτι

309 2237 572 2290 Τοσοῦτον
628 2235 848 2308 χρῶμαι
905 2233 1074 2306 τροφῆ
1131 2226 1254 2284 ὅσον
1313 2228 1404 2282 τὸν
1460 2226 1653 2298 δεσμὸν
1696 2236 1788 2286 τοῦ
1841 2249 1958 2283 σω·-

310 2342 478 2395 ματος
551 2329 890 2397 συγκρατεϊν⁶
967 2318 1028 2373 οὗ
1081 2317 1182 2394 γὰρ
1237 2317 1413 2391 ζῶμεν
1481 2315 1572 2373 ἵνα
1651 2323 1952 2396 τρυφῶμεν,

305 2408 446 2466 ἀλλὰ
474 2408 770 2487 τρεφόμεθα
813 2404 1016 2482 μᾶλλον
1047 2405 1119 2462 ἶν’
1172 2405 1396 2486 ἔχοιμεν
1449 2410 1567 2483 ζῆν’
1632 2406 1814 2472 ἐκέίνῳ
1858 2407 1955 2481 μὲν

308 2499 710 2577 προσκυνήματι
802 2495 902 2563 τὴν
1003 2496 1276 2574 ὑποταγην
1375 2495 1598 2573 γνωρίας
1695 2493 1950 2564 ἀπῆλθεν·

305 2586 448 2645 οὕτω
475 2585 531 2644 δὲ
578 2593 670 2645 τοῦ
697 2585 887 2644 λοιποῦ
917 2585 1048 2665 πρὸς
1091 2586 1290 2663 τροφὴν
1320 2585 1449 2665 εἶχε
1498 2585 1586 2642 καὶ
1615 2585 1744 2663 πρὸς
1794 2585 1955 2643 ὕπνον

305 2675 728 2756 πεφυλαγμένως
801 2677 878 2741 ὡς
939 2673 1138 2757 τροφῆς
1211 2676 1308 2750 μὲν
1375 2680 1626 2732 τοσοῦτον
1702 2675 1954 2755 μετέχειν

303 2765 432 2823 ὅσον
460 2766 666 2843 ἀποζῇν
699 2767 865 2842 μόνον
877 2814 890 2830 ,

391 2860 528 2920 ΚΘ’.
577 2861 714 2939 Πρὸς
761 2860 925 2918 ὕπνον
983 2857 1038 2916 δὲ
1095 2859 1218 2916 οἵαν
1260 2856 1556 2924 ἐπεδείξατο
1615 2859 1644 2916 ὁ
1703 2857 1954 2937 γεννάδας

309 2951 502 3010 λύτταν
530 2972 552 3025 ;
605 2952 875 3032 Σχοινίοις
907 2957 1016 3008 τῶν
1059 2949 1358 3031 μασχαλῶν
1389 2949 1576 3007 ἑαυτὸν
1631 2951 1762 3029 πρὸς
1795 2950 1960 3026 μέσον

309 3040 599 3121 ὶξαρτήσας
657 3041 808 3121 ἀέρα,
841 3040 1027 3098 σανίδα
1055 3041 1194 3118 παρὰ
1240 3041 1302 3097 τὸ
1334 3041 1527 3107 στῆθος
1559 3038 1750 3120 ἀπλοϊ,
1779 3040 1866 3095 καὶ
1894 3045 1964 3117 τῇ

310 3129 478 3188 σανίδι
532 3127 734 3209 βιϐλίον
791 3129 1116 3210 ἐπιτίθησιν,
1159 3129 1234 3187 ἵν’
1267 3128 1428 3211 ἄμφω
1456 3130 1544 3186 καὶ
1600 3128 1768 3193 οὕτως
1799 3130 1962 3208 ἀνηρ-

2046 1966 2213 2010 suam
2245 1959 2448 2012 sancto
2481 1952 2693 2031 aperit.
2721 1964 2777 2016 et
2810 1962 3002 2034 rogat,
3034 1963 3100 2017 ut
3120 1954 3276 2016 dicat
3304 1972 3380 2016 an
3406 1950 3549 2033 quid
3579 1969 3688 2012 co-

2047 2039 2244 2100 medat
2301 2048 2359 2101 et
2393 2040 2573 2103 bibat.
2635 2041 2779 2105 Cum
2840 2045 2891 2106 is
2927 2053 3128 2107 autem
3160 2063 3223 2104 se
3281 2041 3600 2105 comedere
3631 2047 3692 2100 et

2046 2127 2252 2190 bibere
2283 2129 2657 2206 afﬁrmasset,
2681 2133 2784 2195 sed
2816 2135 3156 2212 adjecisset:
3191 2135 3379 2197 Tanto
3415 2138 3548 2192 utor
3576 2127 3688 2191 ali-

2044 2225 2559 2298 mento,quantum
2593 2223 2812 2284 sufﬁcit
2839 2223 2909 2285 ad
2944 2224 3241 2287 vinculum
3261 2220 3533 2302 corporis
3555 2238 3695 2281 con-

2041 2307 2351 2370 tinendum
2383 2331 2396 2367 :
2449 2328 2566 2372 non
2597 2312 2756 2373 enim
2788 2313 3036 2375 vivimus
3091 2313 3276 2393 gratia
3307 2309 3681 2382 deliciarum,

2039 2399 2142 2461 sed
2196 2401 2391 2481 patius
2444 2405 2766 2486 nutrimur,
2813 2415 2877 2468 ut
2933 2407 3228 2487 possimus
3283 2405 3526 2466 vivere:
3591 2398 3689 2460 ille

2037 2492 2266 2564 quidem
2298 2494 2631 2557 adoratione
2658 2513 2819 2557 suam
2862 2501 3194 2572 signiﬁcans
3223 2496 3693 2557 submissionem.

2035 2576 2182 2638 abiit
2216 2598 2230 2640 :
2284 2577 2359 2640 de
2389 2588 2602 2645 caetero
2656 2591 2852 2645 autem
2885 2584 2947 2645 in
2999 2583 3134 2646 cibo
3169 2593 3229 2645 et
3285 2600 3496 2643 somno
3530 2584 3692 2640 tanta

2036 2666 2311 2730 cautione
2344 2687 2484 2732 usus
2515 2678 2604 2733 est
2643 2680 2701 2734 et
2731 2671 3166 2747 observatione,
3200 2681 3264 2735 ut
3292 2671 3412 2734 cibi
3443 2668 3688 2751 quidem

2040 2762 2263 2818 tantum
2321 2768 2608 2838 sumeret,
2645 2771 2930 2844 quantum
2962 2763 3185 2826 sufﬁcit
3235 2761 3309 2824 ad
3340 2759 3688 2823 vivendum.

2108 2862 2339 2921 XXXIX.
2372 2865 2657 2925 Adversus
2701 2885 2962 2928 somnum
3001 2878 3188 2928 autem
3219 2867 3447 2942 qualum
3497 2875 3689 2925 osten-

2043 2945 2131 3008 dit
2157 2967 2486 3028 generosus
2527 2953 2626 3015 hic
2653 2955 2744 3016 vir
2774 2954 3286 3018 decertationem?
3316 2957 3461 3019 Cum
3495 2971 3561 3016 se
3590 2952 3686 3013 fu-

2045 3037 2222 3101 nibus
2247 3038 2322 3101 ab
2366 3040 2558 3104 axillis
2590 3045 2849 3107 medium
2895 3046 3302 3125 suspendisset
3334 3044 3392 3106 in
3419 3061 3582 3122 aere,
3612 3040 3688 3102 ad

2046 3137 2251 3209 pectus
2265 3132 2531 3204 extendit
2555 3133 2839 3209 tabulam,
2865 3145 2922 3197 et
2950 3136 3168 3197 librum
3196 3134 3445 3214 imponit
3474 3131 3689 3194 tabulae

305 3220 527 3293 τημένῳ
590 3219 977 3296 ἀναγινώσκειν
1034 3223 1201 3299 παρῇ,
1253 3220 1352 3275 κᾶν
1406 3219 1506 3276 ὑπὸ
1559 3226 1652 3277 τοῦ
1720 3241 1958 3291 καματου

2046 3225 2110 3279 ut
2161 3227 2480 3325 utrumque
2513 3222 2757 3325 faceret,
2793 3243 3008 3325 nempe
3042 3232 3105 3325 ut
3134 3232 3194 3286 et
3219 3223 3307 3325 sic
3361 3239 3691 3304 suspensus

303 3307 478 3385 δεήσῃ
528 3310 656 3366 ποτὲ
715 3310 846 3384 πρὸς
876 3307 1038 3366 ὕπνον
1092 3312 1359 3388 τραπῆναι
1390 3308 1425 3376 ἡ
1475 3309 1618 3371 σανὶς
1650 3308 1747 3377 τὴν
1789 3329 1962 3388 κεφα-

302 3398 409 3466 λὴν
465 3396 692 3479 δέχηται
730 3396 914 3479 Δμικρά
976 3420 1094 3454 τινα
1151 3397 1596 3473 παραμυθουμένη
1676 3421 1779 3466 την
1846 3400 1964 3476 βίαν

304 3492 407 3554 τῆς
437 3475 668 3567 φύσεως.
727 3475 822 3545 Ἠν
852 3475 979 3564 *μὲν
1033 3487 1124 3544 οὖν
1179 3489 1266 3544 καὶ
1296 3491 1438 3562 αὒτῷ
1481 3489 1696 3564 βασιλεῖ
1723 3486 1808 3545 διὰ
1849 3475 1965 3556 τὴν

309 3576 501 3655 ἀρετὴν
532 3579 560 3633 ὁ
611 3587 772 3642 Τῖτος
825 3577 1076 3658 ἐράσμος·
1122 3576 1216 3633 καί
1263 3577 1429 3634 ὁπότε
1481 3578 1623 3655 παρά
1673 3577 1763 3634 τόν
1820 3577 1964 3635 ὅσιον

305 3668 339 3722 ὁ
394 3665 638 3742 βασιλεὺς
695 3668 873 3747 ἀνῄει,
933 3670 1020 3723 καὶ
1077 3668 1209 3744 μρὸς
1256 3667 1411 3725 αὐτὸν
1469 3665 1662 3742 ἀπῄει,
1717 3667 1806 3722 καὶ
1862 3668 1968 3722 ὓπ-

305 3760 525 3836 ἑστρεφε
583 3755 790 3823 πολλὴν
823 3753 1186 3833 καρπούμενος
1233 3754 1334 3823 τὴν
1379 3753 1665 3834 ὠφέλειαν.
1719 3753 1962 3819 Ἐκεῖνος

303 3847 407 3924 μὲν
478 3845 567 3903 οὖν
621 3845 760 3904 οὕτω
830 3844 1284 3919 πολιτευσάμενος
1343 3843 1397 3900 έν
1441 3845 1624 3919 εἰρήνῃ
1680 3843 1960 3901 ἑπιτοαυτδ

302 3936 596 4012 ὶιιοιμήθη,
654 3933 727 3993 Οὗ
757 3936 916 4010 μόνος
959 3931 1014 3988 δὲ
1046 3933 1254 3994 ἐκεῖνος
1311 3935 1444 4011 πρὸς
1486 3933 1680 4012 ἀρετὴν
1739 3931 1959 4008 ἔϐλεψεν

305 4025 499 4100 οὕτως,
545 4022 682 4079 ἀλλὰ
735 4025 823 4080 καὶ
877 4027 982 4079 τῶν
1040 4023 1260 4080 οἰκετῶν
1315 4022 1458 4096 αὐτῷ
1513 4024 1610 4094 εἰς,
1653 4020 1961 4087 Ἀνατόλιος

305 4115 478 4191 ὄνομα
538 4113 609 4187 τῷ
639 4112 802 4187 ἀνδρί’
860 4113 947 4169 καὶ
975 4118 1172 4184 ζῶντος
1228 4111 1428 4169 ἐκείνου
1473 4113 1564 4169 σὺν
1621 4112 1806 4186 ἓκέίνῳ
1863 4113 1962 4179 τὴν

300 4207 405 4271 τῆς
452 4204 589 4260 κατὰ
638 4205 768 4259 Θεὸν
828 4201 1098 4265 πολιτείας
1141 4202 1296 4279 ζυγὸν
1352 4201 1522 4282 ἔφερε,
1555 4200 1649 4257 καί
1707 4201 1958 4266 ἀπιόντος

301 4292 466 4351 πλέον
538 4292 614 4349 ἔτι
671 4293 769 4360 τὴν
824 4291 1022 4370 ἀρετὴν
1078 4289 1256 4364 ἤσκει,
1319 4293 1406 4348 καὶ
1476 4289 1703 4353 πολλοῖς
1771 4289 1956 4354 ἄλλοις

297 4381 572 4440 ὶκοινώνει
619 4387 718 4449 τῆς
775 4380 1059 4461 ὠσρελείας,
1122 4379 1302 4446 Οθτως
1359 4379 1394 4448 ἥ
1450 4387 1544 4437 103
1601 4387 1959 4456 πνευματικοῦ

299 4474 501 4550 πατρὸς
547 4473 686 4529 κατά
728 4472 992 4549 τριγονίαν
1061 4468 1290 4540 ἐσώζετο
1344 4468 1532 4548 χάριν,
1593 4471 1682 4525 καὶ
1743 4469 1958 4548 γέγονεν

301 4560 444 4622 οὕτω
470 4565 532 4619 τὸ
560 4561 710 4640 γένος
749 4560 815 4616 τὰ
860 4580 921 4638 γε
951 4560 1080 4638 πρὸς
1138 4558 1332 4638 ἀρετὴν
1363 4557 1580 4640 εὔφορον
1640 4556 1954 4633 Ἀνατολίῳ,

2047 3315 2247 3389 posset
2295 3308 2519 3388 legere,
2553 3319 2612 3373 et
2641 3312 2690 3374 si
2735 3332 2769 3375 a
2797 3313 3002 3376 labore
3026 3313 3340 3396 aliquando
3389 3320 3691 3394 oporteret

2046 3402 2116 3459 ad
2147 3414 2414 3460 somnum
2447 3408 2720 3468 converti.
2757 3408 2944 3466 tabula
2975 3418 3146 3478 caput
3173 3404 3691 3478 exciperet,pzirum

2046 3486 2364 3548 consolans
2411 3488 2528 3551 vim
2560 3500 2804 3554 natura).
2861 3494 3058 3573 Atque
3109 3501 3233 3554 erat
3282 3494 3408 3572 ipse
3456 3511 3692 3573 quoque

2047 3573 2214 3636 Titus
2270 3576 2612 3656 imperatori
2668 3581 2888 3642 chorus
2937 3589 3180 3660 prapter
3249 3579 3574 3656 virtutem;
3633 3587 3692 3642 et

2049 3662 2285 3742 quando
2339 3665 2412 3726 ad
2473 3675 2742 3728 sanctum
2799 3669 3164 3730 ascendebat
3214 3668 3565 3747 imperator,
3614 3671 3691 3732 ad

2045 3751 2242 3832 ipsum
2301 3772 2542 3836 quoque
2570 3756 2693 3818 ibat
2748 3767 2809 3818 et
2862 3757 3224 3838 redibal,ex
3287 3776 3358 3818 eo
3417 3775 3688 3837 magnam

2044 3841 2289 3920 capiens
2354 3843 2692 3908 utilitatem.
2743 3846 2932 3926 Atque
2977 3847 3079 3908 ille
3135 3846 3376 3928 quidem
3409 3864 3544 3908 cum
3604 3847 3691 3908 sic

2045 3929 2222 3991 vitam
2255 3931 2633 4009 instituisset,
2662 3933 2722 3995 in
2758 3952 2904 4014 pace
2929 3936 3152 3998 ibidem
3185 3933 3526 3998 obdormiit.
3559 3934 3692 3998 Non

2045 4018 2239 4080 colum
2298 4032 2497 4082 autem
2561 4022 2688 4104 ipse
2749 4023 2836 4084 sic
2881 4027 3104 4105 aspexit
3133 4023 3204 4086 ad
3251 4023 3552 4098 virtutem,
3585 4025 3690 4086 sed

2045 4128 2195 4171 unus
2227 4129 2464 4191 quoque
2514 4130 2588 4173 ex
2622 4113 2751 4192 ejus
2779 4113 3036 4190 famulis,
3073 4114 3315 4176 nomine
3356 4112 3686 4188 Anatolius,

2043 4199 2140 4280 qui
2189 4198 2293 4262 illo
2325 4202 2580 4284 vivente,
2613 4222 2728 4264 una
2755 4222 2888 4264 cum
2949 4221 3018 4265 eo
3049 4203 3276 4265 ferebat
3320 4206 3527 4283 jugum
3559 4202 3690 4264 vita)

2042 4307 2111 4350 ex
2143 4286 2380 4351 Christo
2413 4291 2660 4369 agendae
2691 4313 2708 4373 ;
2743 4301 2804 4353 et
2851 4292 2922 4353 ab
2955 4310 3026 4354 eo
3073 4291 3459 4366 abscedente,
3495 4290 3690 4352 adhuc

2043 4378 2226 4458 magis
2277 4377 2554 4441 virtutem
2591 4381 2880 4454 exercuit,
2915 4391 2972 4442 et
3022 4381 3240 4443 multos
3269 4381 3416 4442 alios
3448 4381 3690 4460 partici-

2042 4485 2147 4547 pes
2190 4469 2330 4531 fecit
2365 4468 2662 4532 utilitatis.
2717 4470 2815 4534 Sic
2871 4470 3197 4552 spiritualis
3246 4469 3430 4532 Patris
3457 4470 3518 4530 in
3575 4469 3685 4530 tri-

2043 4555 2181 4636 plici
2215 4559 2381 4638 prole
2431 4559 2895 4623 conservabatur
2915 4560 3124 4640 gloria,
3160 4568 3216 4621 et
3247 4559 3333 4623 sic
3362 4559 3470 4620 fuit
3501 4577 3688 4638 genus

305 4651 508 4709 Δόδεκα
570 4637 668 4729 γὰρ
722 4637 1130 4725 αὖτῷίμαθηταὶ
1176 4637 1281 4705 τὸν
1333 4637 1498 4728 χορον
1550 4645 1812 4726 ἐπλήρουν
1869 4650 1958 4704 τὸν

2045 4637 2265 4720 fertile,
2300 4648 2458 4728 quod
2493 4648 2564 4709 ad
2598 4650 2870 4713 virtutem
2920 4637 3162 4719 attinet,
3201 4637 3684 4712 AnatoliosDuo-

299 4741 425 4798 ἴσον
455 4740 640 4814 ἐκείνῳ
695 4738 858 4811 ζῆλον
921 4741 1049 4814 πρὸς
1080 4739 1145 4794 τὰ
1196 4737 1335 4794 καλά
1363 4737 1638 4802 πνέοντες’
1691 4739 1780 4793 καὶ
1809 4742 1961 4801 οἶκος

296 4829 517 4908 ὕστερον
589 4831 734 4903 αὒτῴ
804 4828 1078 4886 συνίστατο
1153 4828 1293 4904 ἱερὸς
1365 4829 1455 4884 καί
1529 4839 1806 4906 σεμνετον,
1864 4827 1956 4883 καί

299 4917 621 4998 περιϐόητος
650 4918 715 4986 ἧν
769 4920 798 4975 ὃ
826 4918 984 4996 ἀνήρ,
1032 4914 1202 4974 Ἀλλὰ
1231 4925 1396 4976 ταῦτα
1427 4917 1534 4992 μὴν
1579 4918 1650 4979 είς
1681 4922 1951 4975 τοσοῦτον.

386 5185 485 5244 Μ’.
549 5175 713 5261 Ἠμτν
751 5183 807 5241 δὲ
835 5183 994 5242 πάλιν
1039 5182 1318 5241 ἐπανιτέον
1346 5181 1462 5240 ὅθεν
1521 5181 1796 5259 ἒξέόημεν.
1833 5183 1956 5242 Τίνα

300 5273 361 5331 δὲ
404 5276 470 5331 τὰ
512 5274 604 5332 ἐπί
637 5276 836 5338 τούτοις
893 5278 970 5348 τῷ
1022 5278 1308 5348 θαυμαστῷ
1373 5271 1598 5346 Δανιὴλ,
1629 5272 1724 5328 καὶ
1784 5272 1954 5336 ποίοις

300 5365 562 5439 θαύμασιν
638 5364 902 5442 ἀναλόγος
981 5361 1230 5428 ἐδοξάσθη
1308 5368 1399 5418 τοῦ
1473 5362 1634 5438 βίου;
1707 5362 1953 5440 Ζεύγνυσι

303 5453 402 5528 μὲν
484 5455 511 5509 ὁ
566 5452 814 5530 βασιλεὺς
904 5451 1052 5509 Λέων
1134 5451 1336 5522 Ζήνωνί
1415 5455 1489 5525 τῷ
1571 5449 1622 5516 ἐξ
1694 5449 1954 5530 Ἰσαυρίας

300 5542 582 5622 Ἀριάδνην
635 5545 734 5612 τὴν
788 5541 1045 5622 θυγατέρα
1109 5541 1273 5620 ὡραία
1332 5539 1436 5610 ἤδη
1498 5542 1671 5619 γάμου
1731 5563 1952 5620 γεγενη-

304 5631 496 5714 μένην,
529 5631 611 5690 ὲπ¹
667 5635 824 5690 αὑτοῦ
853 5653 910 5698 τε
971 5631 1126 5700 arth
1179 5628 1498 5707 ἐπιθαλαμίᾳ
1545 5629 1742 5702 δοξάζει
1786 5636 1952 5711 τιμῇ-

2043 4734 2234 4795 decim
2269 4735 2545 4817 discipuli
2597 4738 2652 4798 ei
2684 4739 2930 4800 chorum
2990 4739 3338 4818 implebant,
3371 4757 3570 4816 parem
3603 4735 3690 4799 illi

2041 4823 2232 4884 zelum
2292 4825 2589 4906 spirantes
2619 4827 2689 4888 ad
2726 4845 2795 4888 ea
2825 4847 2958 4907 quae
3013 4836 3155 4889 sunt
3187 4828 3432 4908 pulchra
3461 4835 3518 4889 et
3572 4828 3681 4888 ho-

2040 4921 2261 4994 naste;
2333 4925 2391 4976 et
2441 4916 2496 4978 ei
2546 4925 2752 4997 postea
2804 4934 2972 4978 sacra
3019 4917 3178 4978 mdes
3226 4916 3603 4979 constituitur
3631 4925 3690 4978 et

2040 5004 2488 5078 monasterium,
2524 5014 2580 5067 et
2637 5005 2724 5066 vir
2757 5013 2886 5068 erat
2942 5007 3140 5068 clarus
3171 5014 3230 5068 et
3258 5005 3532 5085 insignis.
3566 5003 3684 5069 Sed

2037 5091 2163 5153 haec
2192 5092 2435 5169 quidem
2467 5095 2777 5157 hactenus.

2120 5182 2236 5247 XL.
2273 5183 2459 5248 Nobis
2493 5192 2687 5246 autem
2743 5183 3162 5247 revertendum
3226 5193 3338 5265 est,
3369 5182 3532 5245 unde
3588 5183 3680 5245 di-

2036 5279 2226 5352 gressi
2266 5292 2492 5337 sumus.
2529 5273 2808 5347 Quanam
2859 5281 2997 5334 sunt
3027 5291 3098 5335 ea
3127 5292 3260 5354 quae
3302 5281 3502 5353 postea
3535 5273 3685 5334 facta

2037 5371 2177 5424 sunt
2225 5362 2297 5425 ab
2325 5362 2659 5425 admirabili
2704 5361 2972 5438 Dadiele,
3008 5371 3064 5424 et
3092 5362 3442 5444 quibusnam
3495 5362 3680 5424 mira-

2037 5452 2189 5514 culis
2237 5453 2372 5514 vitze
2419 5453 2844 5515 convenienter
2897 5454 3144 5515 ellectus
3194 5461 3285 5515 est
3333 5451 3683 5532 gloriosus?

2037 5543 2366 5622 Imperator
2395 5543 2633 5624 quidem
2657 5542 2774 5605 Leo
2798 5560 2965 5605 suam
2993 5541 3172 5604 tiliam
3205 5539 3526 5604 Ariadnam
3552 5540 3678 5620 jam

2038 5631 2305 5696 nubilem
2333 5631 2637 5718 conjunxit
2667 5631 3042 5696 matrimonio
3069 5630 3296 5695 Zenoni
3325 5629 3585 5703 Isaurico
3619 5638 3679 5702 et
