4066 6146
430 379 582 453 1019

1585 375 1970 447 ADDENDA.
2043 409 2122 426 -—
2191 374 2620 444 DECEMBER.

3629 366 3770 436 10‘20

427 519 671 603 nuptiali
701 521 780 602 (4)
817 539 952 582 eum
983 521 1211 582 honore
1241 517 1583 581 consulatus
1603 514 1804 577 afficit.
1839 511 2064 603 Deinde

2169 519 2270 573 ιῖτα
2338 519 2425 575 καὶ
2487 518 2624 574 κατὰ
2673 523 2780 574 τῶν
2831 513 3112 603 βαρϐάρων
3170 507 3433 586 meum
3509 507 3655 603 λείαν
3716 508 3778 564 τὰ

428 602 604 674 etiam
658 630 793 674 eum
828 611 1005 673 mittit
1035 611 1314 671 adversus
1345 605 1637 671 Barbaros
1665 603 1766 682 qui
1815 602 2065 684 popula-

2150 606 2366 680 Θρᾳκῶν
2413 605 2766 681 ποιουμένων.
2831 596 2888 662 ι0
2940 601 2992 658 δὲ
3051 602 3255 676 σύναιμα
3309 612 3427 665 τοῖς
3480 597 3574 655 ὑπ’
3634 599 3778 658 αὑτὸν

429 699 646 767 bantur
699 701 1037 764 Thraciam.
1072 699 1178 762 Ille
1220 708 1416 760 autem
1449 697 1628 758 simul
1676 711 1811 756 cum
1845 693 1917 753 iis
1965 693 2065 774 qui

2169 700 2401 775 ιρχουσιν
2459 697 2544 754 ἐπὶ
2574 698 2670 764 τὴν
2721 693 2895 761 ἑξεϊαν
2937 695 3206 770 βοήθειαν,
3242 689 3333 746 ἐπὶ
3384 689 3473 745 τὸν
3528 708 3782 762 μακάριον

429 794 559 872 ejus
587 791 840 872 imperio
869 789 1174 870 parebant,
1208 785 1573 869 principibus
1593 783 1664 846 ad
1698 782 1864 872 velox
1893 782 2060 844 auxi-

2169 785 2314 847 ἱνεισι
2377 784 2601 853 Δανιὴλ.
2679 784 2937 847 Κᾶκετνος
2997 779 3336 862 προφητικῶς
3400 777 3784 856 ἀποφθέγγεται

433 871 602 954 lium,
638 871 853 960 nempe
883 880 1116 941 beatum
1149 877 1413 940 ascendit
1438 874 1764 938 Danielem.
1795 871 1898 932 llle
1930 888 2066 932 vero

437 969 786 1050 prophetice
817 971 1024 1030 effatur
1042 977 1100 1030 et
1123 967 1385 1048 praedicit
1413 965 1660 1026 illaesum
1694 977 2070 1022 reversurum

435 1058 763 1139 Zenonem,
793 1067 850 1120 et
879 1059 1111 1136 aliquos
1143 1057 1384 1138 quidem
1421 1073 1552 1117 esse
1590 1063 1648 1114 et
1680 1059 1880 1132 postea
1908 1057 2067 1110 stru-

431 1156 630 1210 cturos
663 1148 931 1223 insidias,
969 1167 1105 1210 eum
1138 1154 1332 1209 autem
1368 1143 1601 1207 insidiis
1632 1143 1754 1202 fore
1795 1139 2070 1219 superio-

430 1255 580 1302 rem.
634 1238 1019 1302 Sufficiebant
1049 1240 1173 1300 haec
1222 1235 1488 1318 quidem,
1522 1244 1584 1297 et
1641 1231 1784 1292 nihil
1818 1227 2071 1307 amplius

431 1327 633 1391 dicere
688 1335 1022 1410 oportebat,
1057 1329 1159 1390 sed
1216 1326 1391 1389 exiis
1449 1345 1580 1406 quae
1611 1329 2068 1404 praecesserunt,

433 1417 587 1498 quod
638 1419 762 1481 hmo
793 1437 1031 1500 quoque
1088 1418 1168 1477 ita
1200 1424 1262 1479 ut
1311 1416 1481 1496 dixit,
1517 1416 1666 1476 facta
1713 1416 1868 1482 sunt,
1907 1421 2069 1472 certo

431 1507 901 1572 scire.Dicentur
924 1521 1122 1571 tamen
1145 1505 1271 1569 haec
1289 1525 1524 1587 quoque
1555 1507 1849 1586 sigillatim
1879 1521 1893 1577 ;
1917 1503 2072 1587 apud

435 1598 558 1678 pias
614 1603 772 1659 enim
805 1616 979 1660 aures
1028 1597 1278 1660 habetur
1329 1596 1539 1670 oratio,
1576 1606 1633 1656 et
1687 1615 1817 1677 quae
1873 1597 2074 1659 omnia

432 1689 588 1750 scire
619 1688 841 1749 sitiunt.
875 1691 1002 1750 Jam
1053 1687 1294 1768 quidem
1324 1705 1392 1748 ex
1424 1685 1766 1747 hominibus
1821 1686 1936 1747 Leo
1965 1703 2072 1747 ex-

434 1785 694 1841 cesserat
723 1777 1066 1860 imperator,
1096 1787 1154 1839 et
1181 1778 1337 1838 filius
1368 1795 1435 1837 ex
1467 1775 1706 1838 Zenone
1735 1784 2069 1858 susceptos,

2152 877 2237 932 καὶ
2284 876 2461 942 ἀπαθῆ
2489 879 2670 932 κακῶν
2728 872 3076 951 ὑποστρέψειν
3133 868 3471 946 προαγορεύει
3531 868 3624 922 τὸν
3682 867 3786 935 Ζή-

2153 987 2318 1037 νωνα,
2376 967 2463 1020 καὶ
2544 962 2624 1020 ὅτι
2696 964 2824 1040 πρὸς
2887 982 3044 1018 τινων
3117 958 3210 1034 μὲν
3295 954 3790 1025 ἐπιϐουλευθήσεται

2153 1053 2367 1131 ὕστερον
2425 1053 2700 1130 περιέσται
2747 1050 2801 1107 δὲ
2850 1050 2948 1118 τῆς
2995 1046 3300 1114 ὶπιϐουλῆς.
3358 1045 3551 1123 ’Ήρκει
3609 1045 3792 1117 ταὺτα⁹

2154 1145 2242 1201 καὶ
2271 1130 2416 1200 οὐδὲν
2471 1141 2571 1199 ἔδει
2603 1140 2766 1199 πλέον
2798 1140 2995 1217 εἰπεῖν,
3029 1135 3148 1194 ἀλλ’
3177 1139 3260 1193 ἐκ
3287 1142 3390 1192 τῶν
3423 1130 3793 1213 προλαϐόντων

2153 1232 2231 1290 ὅτι
2292 1239 2386 1289 καί
2441 1240 2606 1291 ταῦτα
2662 1230 2830 1294 οὕτως
2888 1229 3060 1290 καθὼς
3117 1226 3218 1306 ἔφη
3279 1224 3499 1302 γέγονεν
3576 1219 3796 1298 ἀκριϐῶς

2153 1323 2360 1382 εἰδέναι.
2426 1322 2612 1397 ’Ὅμως
2670 1319 2994 1400 λεχθήσεται
3048 1324 3214 1373 ταῦτα
3283 1316 3370 1370 καὶ
3430 1314 3574 1370 κατὰ
3619 1310 3793 1388 μέρος·

2153 1416 2283 1492 πρὸς
2341 1413 2440 1491 γὰρ
2470 1411 2740 1490 φιλοθέους
2766 1399 2771 1400 ί
2799 1410 2963 1473 ἀκοὰς
2995 1409 3022 1463 ὃ
3081 1406 3237 1483 λόγος
3279 1405 3367 1462 καὶ
3409 1403 3590 1492 πάντα
3625 1399 3796 1492 Ῠδτψω-

2154 1489 2250 1568 σας
2307 1489 2520 1578 μαθεῖν,
2573 1499 2714 1567 ’Ἤδη
2767 1499 2864 1571 μὲν
2923 1501 2951 1555 ὁ
3006 1496 3253 1574 βασιλεὺς
3317 1493 3463 1550 Λέων
3501 1491 3557 1557 ἐξ
3613 1489 3799 1568 ἀνθρώο

2155 1615 2269 1649 πων
2329 1592 2562 1670 ἐγένετο,
2595 1592 2683 1646 καὶ
2739 1592 2766 1645 ὃ
2798 1588 2849 1653 ἐξ
2904 1586 3184 1663 Ἀριάδνης
3233 1587 3310 1658 τῷ
3342 1585 3550 1654 Ζήνωνι
3594 1594 3745 1658 παῖς,
3776 1580 3802 1634 ὁ

2156 1683 2368 1757 μικρὸς,
2426 1682 2584 1760 (φημὶ⁷
2639 1677 2809 1751 Λέων,
2841 1678 2898 1740 ὃς
2953 1677 3041 1732 καὶ
3082 1675 3224 1749 παρὰ
3276 1680 3368 1730 τοῦ
3424 1671 3653 1728 πάππου
3707 1671 3803 1744 βα·

2159 1771 2332 1836 σιλεὺς
2391 1757 2738 1849 ἀνηγόρευτο,
2773 1767 2888 1824 ἐπεί
2934 1765 3017 1822 δια
3072 1767 3134 1821 τὸ
3189 1764 3286 1831 τῆς
3352 1760 3563 1828 ἡλικίας
3619 1757 3804 1834 κομιδῆ

436 1887 672 1948 parvus,
727 1849 994 1949 inquam,
1029 1868 1167 1946 Leo,
1201 1866 1302 1944 qui
1367 1865 1542 1928 etiam
1595 1866 1666 1926 ab
1723 1885 1829 1926 avo
1886 1849 2075 1926 fuerat

2169 1865 2350 1931 νήπιον
2408 1861 2503 1918 οὒκ
2533 1860 2690 1939 εἶχεν
2745 1856 2882 1920 ὅλως
2937 1853 3249 1921 ἐπιτηδείως
3301 1853 3432 1925 πρὸς
3477 1849 3804 1917 τηλικαύτην

433 1958 811 2020 renuntiatus
835 1959 1180 2039 imperator,
1211 1957 1488 2037 quoniam
1516 1965 1759 2036 propter
1774 1954 1953 2016 nimis
1981 1964 2076 2016 te-

435 2064 639 2108 neram
663 2055 890 2111 aetatem
917 2065 1034 2108 non
1057 2055 1184 2109 erat
1201 2045 1444 2107 omnino
1468 2044 1719 2106 idoneus
1745 2045 1816 2106 ad
1851 2052 2072 2106 tantum

436 2135 970 2199 administrandum
999 2135 1505 2218 imperium,Zeno
1529 2141 1696 2215 pater
1711 2134 1878 2214 pueri
1894 2187 1904 2206 ,
1921 2153 1952 2195 a
1974 2153 2074 2195 se-

437 2234 578 2288 natu
600 2226 672 2288 ad
700 2236 998 2307 sceptrum
1026 2235 1118 2289 est
1149 2225 1488 2306 perductus.
1515 2221 1664 2286 Huic
1683 2242 1826 2304 ergo
1856 2224 2079 2287 Zenoni

439 2317 568 2396 ejus
615 2315 856 2394 quidem
889 2315 950 2377 in
980 2316 1233 2395 imperio
1291 2314 1518 2394 collega
1549 2313 1705 2376 filius
1737 2315 1933 2376 statim
1964 2314 2077 2375 de-

437 2405 614 2467 cessit
648 2428 662 2465 :
715 2405 1030 2486 imperium
1063 2414 1256 2468 autem
1288 2405 1358 2466 ad
1418 2405 1606 2465 solum
1646 2411 1869 2484 patrem
1899 2403 2076 2466 redit.

429 2493 728 2559 Omnibus
759 2515 898 2558 vero
927 2496 1105 2558 rebus
1127 2495 1407 2557 Romanis
1441 2493 1660 2574 quietis
1688 2513 1755 2554 ac
1784 2493 2075 2574 tranquil-

439 2588 536 2668 lis,
569 2589 768 2668 gravis
814 2587 873 2648 in
906 2606 1042 2649 eum
1077 2587 1296 2649 exarsit
1348 2584 1569 2646 invidia
1599 2603 1633 2645 a
1663 2585 1926 2662 cognatis
1961 2605 1974 2646 :
2023 2593 2082 2645 et

437 2687 502 2741 ut
554 2679 747 2738 dicam
782 2696 915 2738 cum
975 2675 1290 2755 Propheta,
1331 2700 1356 2730 α
1393 2676 1603 2750 lniquo
1654 2673 1790 2735 odio
1835 2674 2083 2735 oderant

440 2769 633 2848 ipsum
665 2766 720 2829 9.
755 2787 783 2826 )
840 2765 1224 2827 lnsidiatores
1253 2773 1448 2826 autem
1499 2771 1669 2825 erant
1697 2765 1977 2826 Armatus
2025 2772 2083 2826 et

441 2855 936 2919 Basiliscus.Cum
962 2874 1100 2934 ergo
1126 2873 1284 2934 saepe
1313 2854 1470 2916 Zeno
1492 2854 1780 2914 sensisset
1809 2852 2078 2933 insidias,

443 2964 623 3009 omne
669 2946 908 3026 quidem
941 2945 1101 3007 aliud
1163 2943 1418 3023 despicit
1475 2942 1782 3015 auxilium,
1817 2941 2086 3005 ascendit

441 3044 636 3098 autem
684 3034 756 3096 ad
803 3043 1094 3110 sanctum,
1132 3042 1190 3096 et
1254 3033 1308 3095 ei
1360 3033 1660 3094 renuntiat
1716 3031 2079 3093 universum.

442 3125 549 3188 Ille
578 3143 716 3186 vero
763 3123 902 3204 quid
941 3143 1056 3185 non
1091 3123 1145 3185 ei
1193 3122 1463 3204 praedixit
1492 3141 1724 3195 eorum,
1759 3139 1892 3200 quae
1921 3130 2089 3183 erant

2159 1951 2359 2032 ἀρχὴν,
2396 1951 2574 2020 Ζήνων
2598 1937 2754 2004 Ἲὸτοῦ
2785 1943 2970 2009 παιδὸς
3030 1944 3208 2020 πατὴρ
3239 1942 3381 2020 παρά
3417 1945 3514 2007 τῆς
3545 1937 3807 2032 Δσυγκλή-

2157 2029 2266 2100 του
2305 2039 2504 2117 βουλῆς
2561 2038 2646 2095 ἐπὶ
2689 2039 2749 2094 τὸ
2806 2035 3078 2112 σκῆπτρον
3131 2033 3384 2109 ἀνήγετο.
3451 2029 3640 2086 Τούτω
3690 2033 3805 2104 γοῦν

2158 2135 2235 2206 τῷ
2278 2116 2480 2200 Ζήνωνι
2535 2131 2666 2203 ὁμοῦ
2696 2126 2793 2202 μὲν
2852 2124 3130 2203 συνάρχων
3175 2133 3306 2183 παῖς
3338 2121 3483 2184 εὐθὺς
3541 2116 3801 2174 ἐτελεύτα·

2159 2220 2197 2287 ἦ
2269 2219 2323 2276 δὲ
2383 2216 2625 2296 βασιλεία
2681 2217 2829 2290 μόνῳ
2889 2213 3172 2288 συνάγεται
3231 2215 3309 2283 τῷ
3363 2207 3546 2278 πατρί.
3598 2206 3807 2296 Πάντων

2161 2307 2206 2367 δ’
2267 2309 2322 2367 ἐν
2387 2294 2582 2382 ἦρεμία
2643 2310 2748 2361 τῶν
2805 2296 3125 2376 Ῥωμαϊκῶν
3198 2297 3572 2374 καθεστώτων,
3631 2294 3808 2382 φθόνος

2162 2404 2304 2472 αὒτῷ
2351 2398 2492 2475 παρὰ
2549 2400 2654 2451 τῶν
2714 2391 2982 2470 συγγενῶν
3029 2390 3239 2455 ἀνῆπτο
3287 2385 3480 2458 δεινος,
3539 2389 3652 2457 καί,
3683 2381 3810 2438 κατα

2160 2488 2251 2546 τόν
2280 2471 2588 2566 ίπροιρήτην
2647 2495 2806 2558 μῖσος
2861 2478 3039 2536 ἄδικον
3090 2478 3303 2552 ἐμίσουν
3378 2475 3562 2537 αὐτόν,
3627 2472 3721 2530 Καί
3765 2471 3808 2526 οἱ

2164 2563 2591 2637 ἒπιϐουλεόοντες
2635 2573 2910 2649 ’Ἀρματος
2971 2569 3060 2626 καί
3114 2564 3451 2628 Βασιλίσκος,
3515 2563 3668 2619 Ἐπεὶ
3693 2565 3808 2649 γοῦν

2165 2669 2342 2736 Ζήνων
2400 2661 2660 2726 πολλάκις
2716 2648 2908 2736 ᾔσθετο
2963 2663 3062 2724 τῆς
3111 2652 3423 2724 ἐπιϐουλῆς,
3483 2652 3668 2717 πάσης
3721 2648 3810 2724 μὲν

2165 2754 2332 2821 ἄλλης
2389 2752 2632 2829 βοηθείας
2662 2753 2911 2828 ὑπερορᾷ,
2942 2750 2969 2804 ὁ
3020 2745 3076 2802 δὲ
3106 2747 3239 2824 πρὸς
3284 2745 3376 2802 τὸν
3416 2740 3566 2799 ὅσιον
3628 2739 3806 2816 ἄνεισι³

2165 2847 2253 2902 καί
2303 2840 2616 2920 ἀναγγέλλει
2665 2841 2726 2896 τὸ
2777 2845 2901 2895 πᾶν.
2967 2835 3230 2899 Κάκεῖνος
3261 2835 3312 2890 τί
3371 2833 3468 2907 μὲν
3484 2830 3642 2920 obii
3683 2849 3806 2906 προ·

2167 2933 2421 3012 apri-cauos
2477 2936 2584 2986 τῶν
2641 2925 3063 3002 συμϐησομένων
3121 2927 3313 2996 «seq»;
3372 2921 3422 2976 τί
3478 2917 3535 2975 δὲ
3596 2918 3656 2974 οὒ
3713 2921 3810 2972 τῶν

2168 3005 2630 3103 προφητευθέντων
2700 3017 2950 3094 ἒγένετος
3003 3005 3060 3072 ΥΟ
3133 3012 3230 3087 μὲν
3289 3011 3443 3067 αὑτὸν
3666 3007 3814 3081 βασι-

2168 3096 2312 3176 λείας
2371 3107 2693 3175 ἐκϐληθῆναι
2761 3117 3012 3180 προεῖπε,
3042 3103 3132 3158 καί
3179 3101 3235 3157 ἰν
3280 3106 3344 3176 τῇ
3383 3096 3637 3176 ὑπερορίᾳ
3690 3115 3812 3172 τρα-

445 3223 726 3278 eventura
756 3181 964 3284 {Quid
997 3231 1132 3274 vero
1165 3181 1286 3273 nron
1317 3213 1534 3273 factum
1571 3221 1659 3272 est
1689 3181 1896 3272 eorum
1954 3228 2083 3286 qua!

2169 3202 2352 3281 φῆναι,
2383 3200 2473 3256 καί
2529 3202 2727 3274 τροφῆς
2776 3193 2968 3286 ἀπορία
3021 3190 3198 3286 χλόην
3250 3200 3467 3286 φαγεῖν,
3519 3185 3608 3242 καί
3667 3181 3811 3286 πάλιν

445 3303 724 3384 praedicta
755 3302 1035 3364 fuerant?
1067 3300 1612 3377 Prwdixitquidem
1646 3299 1772 3361 fore
1794 3309 1854 3360 ut
1878 3299 2084 3360 exim-

446 3393 612 3475 perio
647 3391 1068 3472 expelleretur,
1104 3400 1164 3452 et
1225 3391 1283 3452 in
1317 3389 1524 3452 exsilio
1572 3390 1834 3450 aleretur
1862 3397 1920 3450 et
1970 3407 2088 3468 prae

445 3482 561 3547 cibi
593 3482 796 3563 inopia
851 3481 1034 3542 herba
1065 3488 1432 3554 vesceretur,
1470 3490 1526 3540 et
1556 3478 1629 3540 ab
1660 3479 1729 3539 iis
1759 3477 1860 3558 qui
1892 3477 2085 3558 ipsum

445 3573 896 3652 oderant,potea
914 3579 1314 3641 revocaretur,
1342 3577 1399 3631 et
1428 3568 1500 3630 ad
1525 3567 1842 3647 imperium
1875 3583 2085 3629 rever-

445 3670 691 3742 teretur,
727 3668 790 3724 et
814 3661 872 3722 in
899 3678 970 3721 eo
1002 3659 1133 3721 vitae
1165 3659 1344 3721 finem
1379 3658 1698 3738 acciperet.
1725 3656 1828 3718 Ille
1857 3664 2082 3730 autem,

445 3770 579 3815 cum
626 3751 881 3832 primum
933 3751 1172 3832 quidem
1235 3747 1525 3828 praedicti,
1579 3745 1653 3808 ab
1705 3746 2084 3825 imperatrice

447 3841 664 3906 Verina
692 3840 943 3913 incitati,
970 3839 1024 3900 ei
1051 3839 1359 3901 struebant
1388 3836 1660 3914 insidias,
1691 3835 1884 3897 libens
1910 3836 2090 3897 cessit

448 3931 726 4011 imperio,
753 3931 950 3992 sciens
973 3929 1101 3990 fieri
1133 3947 1252 3990 non
1285 3946 1458 4008 posse
1489 3926 1682 4000 aliter,
1717 3925 1771 3987 ei
1794 3925 1864 3986 ad
1897 3926 2092 4004 fugam

451 4039 625 4100 opem
681 4020 906 4082 ferente
963 4027 1137 4080 nocte
1189 4030 1248 4079 et
1307 4017 1491 4078 multo
1548 4014 1786 4086 imbre;
1847 4022 1904 4075 et
1958 4031 2094 4076 cum

450 4109 622 4173 Ponti
655 4109 868 4171 fretum
901 4109 1053 4170 clam
1089 4108 1517 4187 transjecisset,
1550 4124 1684 4167 cum
1720 4120 1904 4166 uxore
1935 4104 2098 4166 venit

449 4199 511 4261 in
541 4197 844 4261 Isauriam.

530 4288 676 4352 XLI.
711 4287 827 4351 Sed
861 4306 994 4350 cum
1041 4287 1112 4349 ad
1145 4287 1304 4349 hunc
1335 4285 1528 4347 locum
1582 4281 1852 4364 pervenit
1880 4282 2089 4354 oratio,

452 4381 656 4443 nescio
714 4399 828 4460 quo
889 4397 984 4439 me
1041 4386 1266 4439 vertam
1325 4392 1462 4437 cum
1520 4391 1615 4435 me
1676 4371 1857 4433 multa
1916 4370 2090 4432 simul

452 4478 664 4532 vocent
715 4478 772 4529 et
829 4467 1090 4528 vicissim
1151 4465 1409 4538 trahant,
1464 4480 1597 4541 qua;
1649 4471 1791 4522 sunt
1852 4469 1912 4521 et
1971 4460 2094 4521 uti-

2168 3271 2382 3366 t'inepov
2444 3271 2585 3364 παρά
2639 3271 2745 3341 τῶν
2804 3282 3100 3357 μισούντων
3151 3277 3546 3354 ἀνακληθῆναι,
3602 3272 3687 3330 καί
3751 3271 3814 3334 εἰς

2168 3381 2262 3436 τὰν
2317 3360 2591 3454 βασιλείαν
2645 3372 2982 3444 ἐπανελθεῖν,
3017 3370 3106 3426 καί
3163 3368 3217 3424 ὲν
3263 3370 3394 3442 αὐτῇ
3448 3367 3513 3423 τὸ
3566 3369 3660 3421 τοῦ
3711 3360 3811 3437 βίου

2169 3449 2408 3534 δέξασθαι
2465 3465 2657 3542 πέρας.
2698 3454 2756 3521 Ὀ
2807 3460 2864 3517 δὲ
2894 3466 3105 3528 πρῶτον
3137 3457 3258 3533 μὲν,
3291 3457 3364 3520 ὡς
3397 3457 3444 3510 οἱ
3502 3449 3815 3542 προλεχθέν-

2169 3580 2258 3621 τςε
2316 3555 2399 3612 διὰ
2455 3538 2553 3622 τῆς
2609 3550 2879 3630 βασιλίδος
2912 3548 3055 3622 αὒτῷ
3106 3550 3333 3620 Βηρῐνης
3379 3545 3479 3611 τὴν
3535 3538 3814 3630 ἐπιϐουλὴν

2169 3644 2448 3726 ἔῤῥαπτον,
2509 3627 2644 3700 ἑκὼν
2704 3638 2963 3704 ὑπεξέστη
3019 3641 3117 3702 τῆς
3188 3632 3484 3712 βασιλείας,
3545 3629 3695 3726 εἰδὼς

2169 3717 2266 3797 obit
2316 3736 2379 3790 ἃν
2415 3717 2577 3796 άλλος
2602 3776 2609 3782 .
2635 3730 2869 3809 γένοιτο,
2903 3726 3088 3790 νυκτδς
3144 3726 3287 3798 αὗτῷ
3343 3723 3473 3800 πρὸ(
3503 3721 3605 3788 τὴν
3659 3717 3815 3798 Ῡυγὴν

2171 3806 2774 3889 συνεπιλαϐούσηςνγαὶ
2829 3819 2984 3873 ὑετοῦ
3055 3811 3259 3870 πολλοῦ
3309 3811 3398 3869 καί
3445 3811 3539 3866 τὸν
3596 3806 3813 3887 πορθμὸν

2178 3913 2341 3992 λάθρα
2399 3920 2488 3971 τοῦ
2543 3911 2737 3968 πόντου
2797 3904 3116 3983 διαπεράσας
3145 3904 3220 3966 εἷς
3270 3901 3368 3968 τὴν
3428 3899 3683 3976 ’[σαυρίαν
3735 3895 3815 3952 svi—

2177 4005 2266 4068 οὺς
2293 4005 2427 4079 μετὰ
2458 4002 2705 4082 γυναικὸς
2737 3999 2828 4067 ἧν.

2259 4273 2395 4334 ΜΛ’.
2450 4269 2600 4331 Ἀλλ’
2633 4272 2852 4328 ἐνταῦθα
2893 4275 2986 4326 τοῦ
3043 4265 3205 4344 λόγου
3261 4260 3548 4340 γενόμενος
3579 4259 3672 4315 οὒκ
3721 4249 3813 4344 οἶδ’

2177 4367 2286 4434 ὅπη
2344 4365 2632 4440 τράπωμαι
2686 4357 2894 4416 πολλῶν
2953 4357 3064 4432 ἅμα
3114 4349 3562 4431 παρακαλούντων
3593 4346 3677 4403 καὶ
3727 4342 3814 4397 ἂν·

2175 4428 2471 4515 θελκόντων
2514 4428 2601 4506 καὶ
2641 4449 2739 4516 τὴν
2782 4428 3039 4526 ὠφέλειάν
3085 4428 3356 4518 ὁμοτίμων
3412 4439 3501 4495 καὶ
3551 4437 3643 4503 τὴν
3683 4428 3807 4495 τάξιν

455 4561 619 4623 litate
663 4559 842 4639 paria,
907 4565 964 4619 et
1013 4557 1223 4617 ordine
1279 4529 1548 4632 mqualia.
1602 4552 1784 4617 Multa
1840 4557 2000 4614 enim
2062 4569 2083 4612 ε

2177 4543 2514 4622 συγχρόνων.
2554 4537 2736 4595 Πολλὰ
2783 4538 2884 4614 γὰρ
2912 4542 2988 4592 τῶ
3037 4531 3258 4611 μεγάλῳ
3299 4529 3354 4585 ὲν
3412 4530 3809 4639 ταυτῷτκατωριζ

456 4668 668 4728 magno
692 4647 936 4709 Daniele
952 4645 1126 4706 simul
1157 4644 1435 4726 przeclare
1462 4641 2100 4722 gerebantur,etsimul

457 4740 666 4802 eﬂ’ecta
696 4735 1100 4798 reddebantur
1131 4753 1199 4796 ea
1226 4752 1358 4810 qua;
1391 4733 1766 4814 praedixerat;
1801 4741 1858 4793 et
1880 4732 2009 4810 ipse
2040 4730 2102 4791 in

458 4829 585 4891 acie
644 4826 835 4889 stabat
887 4844 992 4906 pro
1025 4825 1258 4905 pietate.
1320 4823 1524 4886 Utrum
1581 4841 1719 4901 ergo
1785 4830 1921 4883 sunt
1978 4820 2098 4894 illa,

459 4937 532 4982 an
589 4919 714 4980 haac
765 4913 1111 4978 narranda?
1167 4912 1449 4976 Existimo
1497 4911 1940 4992 praedictionem
2001 4926 2104 4970 vos

459 5009 700 5092 quidem
746 5008 868 5088 jam
900 5004 1204 5086 accepisse
1259 5002 1615 5076 satietatem,
1651 5019 1846 5080 neque
1907 4999 2106 5078 plures

459 5088 679 5179 cupere
714 5121 729 5175 ;
764 5099 891 5176 eius
921 5105 1112 5156 autem
1144 5093 1334 5155 zelum
1369 5109 1473 5173 pro
1520 5090 1738 5170 pietate
1770 5088 2102 5168 requirere.

459 5177 703 5268 Sceptra
727 5187 991 5267 quidem,
1024 5193 1086 5245 ut
1107 5184 1327 5245 dictum
1353 5189 1466 5255 est,
1500 5179 1711 5260 arripit
1735 5177 2058 5268 Basiliscus
2089 5195 2102 5238 :

462 5265 829 5340 horribiliter
857 5293 996 5336 vero
1014 5273 1207 5335 statim
1233 5271 1428 5332 sibilat
1457 5270 1741 5331 adversus
1757 5267 1862 5330 Dei
1894 5265 2105 5327 Eccle-

463 5368 702 5443 siam,et
721 5365 796 5428 de
815 5366 1007 5426 carnis
1023 5383 1054 5424 a
1076 5362 1309 5426 Christo
1342 5367 1634 5440 suscepta)
1657 5357 2108 5438 dispensatione

540 5556 573 5605 9
600 5556 756 5618 Psal.
790 5569 950 5628 xxiv,
991 5552 1066 5613 19

550 5714 633 5800 (4)
669 5709 917 5772 Videtur
948 5710 1181 5787 deesse,
1213 5709 1325 5786 die,
1363 5716 1466 5768 aut
1494 5705 1654 5768 aliud
1687 5702 1994 5785 quippiam
2021 5745 2038 5764 .

2184 4606 2358 4707 θοόζό,
2419 4631 2532 4705 ἅμα
2587 4649 2643 4683 τε
2716 4606 2933 4691 τὰΙτῆς
2993 4606 3315 4702 προερητείας
3383 4615 3699 4685 ἐξετελεῖτο,

2185 4723 2343 4784 αὐτὸς
2393 4719 2520 4794 ὑπὲρ
2578 4713 2841 4779 εὐσεϐείας
2888 4713 3101 4770 ἵστατο.
3161 4708 3386 4785 Πότερον
3437 4707 3527 4760 οὗν
3575 4695 3812 4760 ἐκεῖναῆ

2185 4820 2349 4869 ταῦτα
2420 4791 2756 4885 διηγητὰινς
2831 4803 3003 4878 Οἶμαι
3048 4799 3116 4866 δὴ
3173 4798 3280 4854 τῶν
3322 4795 3440 4885 μὲν
3501 4791 3812 4885 semp-priersz

2187 4902 2344 4978 κόρον
2395 4873 2542 4978 ἔχειν
2573 4897 2708 4970 ὑμᾶς
2741 4873 2840 4950 καὶ
3006 4888 3266 4978 πλειόνων
3316 4883 3462 4978 ἒρᾷν,
3493 4883 3584 4978 τον
3613 4879 3674 4978 δὲ.
3701 4873 3812 4978 ὑπξρ

2189 4961 2464 5050 εὐσεϐείαὲ
2495 4961 2654 5057 ζῆλον
2717 4961 3018 5053 ἐπιζητεῖν,
3079 4961 3354 5053 Ἀρπάζει-
3381 4973 3502 5051 μὲν,
3535 4973 3604 5032 ὡς
3657 4969 3683 5022 ὁ
3730 4961 3812 5057 λόῖ-

2189 5103 2309 5159 γος,
2343 5081 2403 5134 το
2462 5079 2729 5150 σκῆπτρον
2759 5074 2786 5127 ὁ
2849 5067 3181 5128 Βασιλίσκοςο
3242 5063 3409 5120 δεινὸν
3467 5060 3522 5116 δὲ
3577 5059 3660 5114 καὶ
3697 5048 3812 5154 κατα

2187 5171 2284 5237 τῆς
2356 5164 2678 5230 Ἐκκλησίας
2737 5160 2882 5222 εὐθὺς
2925 5167 3020 5218 τοῦ
3079 5153 3208 5212 Θεοῦ
3266 5153 3514 5230 συρίττει,
3577 5148 3662 5203 καὶ
3713 5148 3814 5213 περὶ

2190 5236 2289 5327 την
2361 5256 2613 5334 ἕνσαρκον
2680 5249 2981 5324 οἰκονομίαν
3056 5254 3282 5324 Χριστου
3351 5236 3639 5318 βλάσφημά
3711 5247 3810 5334 τινα

2194 5321 2283 5407 καὶ
2324 5345 2447 5404 νόθα
2489 5321 2674 5422 ληρεί,
2731 5321 2984 5402 Ἀκάκιον
3040 5321 3116 5393 δὲ-
3151 5337 3242 5391 τὸν
3283 5333 3382 5400 τῆς
3439 5321 3810 5410 ἀρχιερωσύνης
