4048 6136
331 395 492 470 1091

1470 393 1658 466 VITA
1701 400 1764 463 S.
1806 396 2171 464 DANIELIS
2211 393 2585 461 STYLITE.

3554 389 3706 459 1022

318 541 507 620 θρόνον
562 546 864 616 κοσμοῦντα
915 545 1008 596 τοῦ
1063 538 1160 616 μὲν
1212 538 1375 618 όφθοῦ
1428 537 1824 615 προϊστάμενον
1873 534 1972 592 λό-

2061 538 2315 612 nugatur
2348 529 2614 611 quadam
2660 529 3010 620 blaspheme
3055 537 3113 590 et
3142 528 3516 620 adulterima.
3549 531 3707 620 Aca-

321 653 443 710 γου,
503 632 572 706 τῇ
627 628 682 686 δὲ
739 636 848 686 τῶν
903 627 1103 685 ἐκείνω
1157 625 1438 706 δογμάτων
1495 624 1629 702 ζάλῃ
1683 626 1968 702 θερμότητι

319 722 618 796 πνεύματος
702 720 790 774 καὶ
887 716 1149 794 παῤῥησίᾳ
1245 714 1483 796 σφοδρῶς
1571 713 1920 771 ἆντιπνέοντα
1952 757 1966 786 ,

319 815 502 889 σφαγῇ
555 809 844 886 παρανόμῳ
889 805 1066 862 δοῦναι
1126 805 1454 882 βουλεύεται.
1519 813 1682 862 Τουτο
1743 802 1971 866 πολλοὺς

320 899 420 973 μὲν
448 900 557 954 τῶν
587 902 888 972 μοναστῶν,
929 893 1166 956 πολλοὺς
1225 893 1279 950 δὲ
1337 893 1523 962 συνῆξε
1577 895 1664 949 καὶ
1719 899 1823 950 τῶν
1875 914 1972 966 μι-

319 985 519 1066 γάδωι,
577 987 663 1042 καὶ
719 982 1026 1060 συνδραμὼν
1073 982 1214 1039 ἅπαν
1271 985 1332 1040 τὸ
1381 989 1622 1056 ποίμνιον
1673 981 1835 1053 ἔσωζε
1882 982 1974 1036 τὸν

320 1078 548 1152 ποιμένα
606 1072 951 1152 διαφθαρῆναι
1008 1071 1396 1131 κινδυνεύοντα.
1455 1069 1725 1149 Ἐκέκριτο
1771 1068 1836 1138 δὴ
1886 1069 1973 1126 οὗν

319 1167 410 1221 καὶ
439 1166 527 1220 τὸν
582 1164 750 1240 μέγαν
799 1163 873 1227 εἰς
927 1161 1232 1239 ἐπικουρίαν
1288 1159 1502 1238 καλεῖν,
1550 1161 1644 1216 καί
1695 1157 1857 1226 δηλοῖ
1899 1165 1975 1233 τῷ

321 1273 474 1331 πραῳ
518 1254 584 1309 τὰ
629 1256 729 1318 τῆς
781 1249 979 1316 λύττης
1024 1252 1050 1306 ὃ
1099 1248 1292 1328 ἱερεύς,
1351 1251 1413 1306 ⁸0
1444 1247 1499 1304 δέ
1528 1248 1628 1316 τὴν
1659 1250 1975 1326 κακουργίαν

321 1343 484 1422 σοφὸς
543 1344 570 1398 ὁ
626 1338 872 1417 βασιλεὺς
926 1346 1080 1396 τοῦτο
1133 1339 1290 1416 γνοὺς
1344 1339 1580 1416 γνωρίζει
1637 1344 1716 1411 τῷ
1777 1335 1976 1404 Δανιὴλ

320 1433 412 1488 καὶ
471 1432 624 1494 αὐτὸς
675 1437 860 1488 τοῦτον
913 1427 1068 1484 αὒτὸν
1133 1427 1276 1484 εἶναι
1325 1425 1528 1502 μᾶλλον
1575 1427 1668 1482 τὸν
1708 1425 1848 1504 ἱερέα
1880 1425 1976 1493 τῆς

319 1519 574 1585 τοιαύτης
604 1516 848 1596 ταραχῆς
880 1515 1077 1574 αἴτιον.
1124 1517 1236 1584 Τήν
1291 1535 1349 1570 τε
1407 1514 1507 1592 γάρ
1556 1512 1740 1592 πόλιν,
1791 1513 1973 1591 φησὶν,

321 1608 696 1665 ἐπινίστασθαί
726 1629 818 1680 μοι
849 1617 1020 1684 ποιεῖ,
1081 1606 1171 1660 καὶ
1204 1606 1266 1661 τὸ
1320 1603 1682 1682 στρατιοτικὸν
1731 1601 1974 1679 διαστρέ-

322 1719 433 1778 φει,
466 1699 560 1753 καί
602 1695 904 1768 σκώμματα
957 1706 1251 1773 συμφορεῖ,
1312 1695 1396 1749 καὶ
1450 1694 1648 1770 ψόγους
1699 1689 1972 1778 ἐπιτρίϐει,

322 1773 418 1844 καί
451 1787 651 1864 μυρίοις
683 1785 880 1864 χρῆται
937 1797 1056 1849 τοῖς
1113 1782 1230 1839 καθ’
1285 1785 1463 1856 ἡμῶν·
1519 1787 1596 1855 τῷ
1643 1803 1723 1838 τοι
1771 1782 1856 1837 καὶ
1908 1773 1978 1836 δι’

324 1877 498 1955 εὐχῆς
529 1874 731 1949 μᾶλλον
787 1875 925 1930 κατὰ
978 1881 1071 1931 τοῦ
1123 1873 1417 1930 ἐπισκόπου
1469 1871 1586 1928 δέον
1633 1877 1710 1945 τῷ
1761 1869 1976 1948 βασιλεῖ

326 1977 667 2043 συμμαχεῖν.

2056 623 2211 685 cium
2238 630 2463 696 autem,
2493 620 2594 700 qui
2624 629 2763 681 tunc
2787 619 2990 681 sedem
3014 618 3259 682 tenebat
3283 619 3706 700 pontiﬁcalem,

2058 719 2155 793 qui
2189 719 2412 773 rectam
2465 709 2705 789 quidem
2767 707 3130 772 defendebat
3187 709 3501 781 rationem,
3554 708 3708 770 illius

2057 809 2251 863 autem
2285 800 2624 878 dogmatum
2662 799 3020 879 tempestati,
3075 799 3314 878 spiritus
3366 800 3620 874 fervore,
3653 807 3711 860 et

2057 889 2298 951 dicendi
2323 889 2594 951 libertate
2621 889 3006 950 vehementer
3025 889 3484 970 resistebat,vult
3506 887 3712 970 iniqua

2062 986 2254 1040 morte
2287 978 2562 1040 multare.
2596 977 2723 1040 Hoc
2754 997 2887 1040 cum
2922 979 3136 1040 multos
3180 978 3420 1060 quidem
3454 997 3709 1057 congre-

2055 1077 2248 1148 gasset
2281 1087 2347 1129 ex
2379 1067 2452 1129 iis
2483 1068 2580 1149 qui
2614 1067 2802 1128 vitam
2838 1077 3017 1147 agunt
3064 1068 3412 1144 solitariam,
3449 1078 3507 1130 et
3536 1086 3604 1129 ex
3637 1067 3711 1128 iis

2057 1158 2160 1237 qui
2193 1157 2535 1237 promiscue
2568 1157 2768 1220 vivunt
2790 1165 2848 1218 et
2867 1158 3283 1229 communiter,
3312 1167 3372 1220 et
3401 1175 3540 1238 grex
3573 1176 3710 1219 con-

2066 1247 2355 1308 currisset
2409 1246 2742 1322 universus,
2802 1247 3052 1308 servavit
3105 1257 3424 1328 pastorem,
3484 1247 3583 1327 qui
3635 1264 3709 1308 ne

2066 1335 2314 1417 periret,
2351 1335 2626 1398 veniebat
2656 1337 2714 1396 in
2749 1337 3100 1416 periculum.
3158 1340 3469 1400 Decretum
3519 1337 3710 1398 fuerat

2071 1443 2348 1503 magnum
2381 1444 2616 1506 quoque
2648 1426 2952 1488 Danielem
2984 1445 3198 1489 vocare
3226 1427 3286 1487 in
3317 1425 3624 1499 auxilium,
3651 1433 3711 1486 et

2061 1515 2183 1576 viro
2216 1515 2339 1576 miti
2368 1516 2646 1576 sacerdos
2694 1516 3075 1594 imperatoris
3129 1517 3356 1578 rabiem
3391 1515 3704 1595 significat.

2061 1602 2203 1665 Cum
2236 1611 2458 1673 autem,
2515 1605 2615 1684 qui
2650 1614 2776 1666 erat
2806 1607 3046 1686 sapiens
3099 1606 3170 1666 ad
3223 1605 3704 1676 malefciendum,

2060 1692 2171 1754 hoc
2198 1693 2576 1772 cognovisset
2625 1695 2968 1776 imperator,
3010 1696 3138 1776 ipse
3185 1714 3420 1776 quoque
3479 1693 3708 1756 Danieli

2059 1782 2374 1862 significat,
2431 1783 2592 1845 hunc
2645 1786 2834 1864 ipsum
2870 1786 3064 1866 potius
3120 1785 3486 1846 sacerdotem
3523 1782 3708 1844 fuisse

2059 1889 2299 1933 causam
2354 1873 2535 1952 hujus
2575 1873 2882 1935 tumultus.
2938 1876 3084 1938 Nam
3136 1883 3194 1934 et
3225 1874 3360 1936 facit
3405 1875 3703 1935 civitatem

1999 1969 2034 2016 Β
2058 1961 2349 2022 adversus
2381 1980 2476 2023 me
2511 1961 2848 2043 insurgere,
2900 1973 2960 2026 et
2991 1964 3211 2025 milites
3265 1963 3594 2042 corrumpit
3638 1979 3707 2023 ac

325 2052 634 2135 pervertit,
670 2060 728 2113 et
783 2069 875 2112 me
908 2049 1223 2112 maledicta
1281 2048 1574 2129 congerit,
1610 2055 1668 2110 et
1730 2047 1947 2128 probra
1999 2048 2204 2124 inurit,
2239 2059 2297 2110 et
2351 2051 2632 2113 adversus
2680 2071 2774 2113 ma
2832 2053 2972 2114 facit
3003 2051 3482 2115 innumerabilia.
3542 2050 3706 2124 Quo-

325 2143 488 2204 circa
512 2150 746 2221 oportet
779 2149 857 2219 te,
892 2139 1108 2214 aiebat,
1147 2139 1424 2220 precibus
1456 2137 1573 2199 tuis
1606 2137 1955 2218 imperatori
1986 2138 2180 2218 potius
2209 2159 2380 2222 opem
2410 2140 2569 2202 ferre
2595 2143 3200 2224 contragepiscopum.

405 2231 544 2292 MB'.
608 2229 760 2288 Ἀλλ’
817 2229 1035 2286 ἐνταῦθά
1092 2231 1184 2305 μοί
1237 2251 1317 2294 τις
1373 2227 1638 2285 σκοπείτω
1691 2236 1787 2285 τοῦ
1843 2231 1972 2284 θαυ-

327 2328 534 2396 μαστοῦ
595 2319 797 2387 Δανιὴλ
851 2323 938 2376 καὶ
994 2322 1056 2376 τὸ
1113 2319 1168 2375 ἐν
1229 2317 1481 2396 διακρίσει
1529 2316 1837 2394 σοφώτατον
1889 2319 1978 2372 καὶ

320 2413 384 2467 τὸ
417 2413 546 2486 πρὸς
608 2416 840 2488 Χριστοῦ
889 2407 1178 2484 παραταξιν
1229 2408 1626 2486 γενναιότατον⁹
1679 2407 1753 2462 ὧν
1789 2408 1850 2462 τὸ
1879 2406 1978 2480 μὲν

323 2501 384 2556 ἐν
411 2503 489 2573 τῷ
515 2505 755 2578 φωρᾶσαι
813 2498 912 2565 τὴν
972 2499 1287 2576 κακουργίαν
1347 2493 1532 2569 έδειξε,
1589 2497 1651 2551 τὸ
1701 2494 1756 2550 δὲ
1812 2497 1868 2551 τὸ
1899 2496 1975 2567 μὴ

323 2589 492 2664 μόνον
519 2587 721 2665 ὑϐρίσαι
773 2589 864 2643 τὸν
918 2588 992 2651 είς
1052 2588 1152 2653 τὴν
1208 2585 1603 2664 ἐνανθρώπησιν
1651 2594 1745 2644 τοῦ
1795 2583 1976 2640 ἆλεθι-

323 2681 420 2733 νοῦ
449 2684 581 2734 Θεοῦ
610 2673 962 2753 ἐνυϐρίζοντα,
1023 2674 1160 2731 ἀλλὰ
1210 2676 1298 2732 καὶ
1353 2675 1419 2730 τὰ
1461 2673 1690 2750 μέγιστα
1745 2672 1976 2740 ἀπειλῆ-

323 2790 439 2846 σαι,
495 2770 582 2822 καὶ
639 2771 984 2846 προφητικῶς
1044 2765 1189 2835 αὐτῷ
1247 2763 1580 2843 φθέγξασθαι,
1643 2762 1975 2841 Διαρῤἧσων,

322 2858 474 2936 φησὶ,
509 2855 768 2934 διαῤῥήξει
824 2855 923 2922 τὴν
979 2854 1250 2931 βασιλείαν
1308 2875 1401 2909 σου
1433 2854 1461 2909 ὃ
1493 2855 1648 2932 Θεὸς,
1701 2855 1790 2911 καὶ
1841 2851 1976 2909 ἄλλα

327 2944 384 3001 δὲ
445 2946 648 3009 τούτοις
708 2944 1022 3021 προσθεῖναι
1083 2944 1115 2999 ἃ
1171 2945 1422 3000 τοσοῦτον
1471 2946 1598 3022 εἶχε
1647 2945 1700 2999 τὸ
1729 2941 1972 3021 δάκρυον,

327 3037 417 3092 καὶ
470 3033 770 3091 καθικέσθαι
832 3033 925 3100 τῆς
981 3031 1196 3110 καρδίας
1251 3030 1473 3101 ἠδύνατο
1545 3032 1619 3093 ὠς
1678 3029 1814 3106 μηδὲ
1881 3032 1973 3087 τὸν

327 3139 452 3188 τους
507 3122 695 3201 λόγους
757 3120 1152 3196 διακινούμενον
1225 3119 1314 3177 διὰ
1382 3120 1646 3193 στόματος
1719 3119 1971 3198 θαῤῥῆσαι

324 3221 494 3270 ταῦτα
546 3219 623 3287 τῷ
679 3211 918 3288 βασιλεῖ.
981 3209 1130 3269 Οὕτω
1177 3209 1272 3286 μὲν
1329 3212 1418 3267 οὖν
1467 3210 1674 3272 ἐκεῖνος
1706 3209 1895 3284 ἀπῄει·
1947 3212 1974 3266 ὁ

321 3300 380 3358 δὲ
413 3301 690 3381 ἀρχιερεὺς
720 3306 913 3377 μικροῦ
949 3300 1148 3364 πάντας
1210 3305 1309 3356 τῶν
1369 3297 1675 3356 ἐπισκόπων
1735 3320 1973 3377 συναγα-

321 3391 437 3468 γὼν
466 3388 673 3446 στέλλει
729 3391 860 3466 πρὸς
919 3390 1010 3444 τὸν
1069 3388 1240 3466 μέγαν
1290 3389 1377 3444 ἐπὶ
1433 3388 1533 3455 τὴν
1581 3387 1710 3463 ὑπὲρ
1749 3394 1974 3465 Χριστοῦ

323 3481 640 3558 συμμαχίαν
700 3476 1044 3557 παρακαλῶν,

328 3567 396 3622 ἂν
448 3568 538 3635 εἴη
593 3571 678 3625 καὶ
736 3567 980 3644 γλώττης
1043 3568 1131 3624 καὶ
1186 3567 1381 3644 ἀρετῆς
1423 3567 1553 3642 πρὸς
1584 3565 1809 3621 ἔκτοπον
1841 3564 1976 3622 οὕτω

327 3655 672 3736 βλασφημίαν
713 3654 1067 3735 διαμάχεσθαι
1121 3657 1209 3712 καὶ
1258 3657 1348 3712 τὸν
1405 3654 1534 3732 ὑπὲρ
1583 3655 1682 3720 τῆς
1733 3651 1974 3721 Ἐκκλη-

327 3747 447 3810 σίας
517 3745 753 3819 πόλεμον
817 3743 1179 3810 ἀναδέξασθαι,
1235 3743 1391 3800 Οὗτοι
1449 3745 1546 3816 μὲν
1579 3743 1668 3798 οὖν
1710 3741 1974 3798 ἀπελθόν-

327 3855 418 3898 τες
450 3832 794 3912 ἀπήγγελλον
821 3841 1008 3891 ταῦτα’
1041 3831 1226 3900 ἐπειδὴ
1283 3830 1337 3887 δέ
1393 3837 1488 3887 τοῦ
1539 3830 1731 3888 στόλου
1775 3829 1973 3888 κατελ-

328 3927 445 3980 θεῖν
473 3924 564 3980 τὸν
593 3923 852 4000 μακάριον
912 3919 1044 3999 ἄγαν
1089 3925 1232 3996 αὐτῷ
1274 3918 1551 3998 δυσχερές,
1609 3920 1694 3974 καὶ
1744 3917 1972 3990 ἀνένευε,

328 4013 383 4068 τί
441 4018 756 4091 μηχανᾶται
814 4009 975 4067 πάλιν
1035 4013 1062 4066 ὁ
1114 4009 1506 4088 πατριάρχηςς
1568 4007 1790 4083 Κάμψαι
1846 4009 1974 4086 πρὸς

329 4103 486 4158 τοῦτο
540 4099 860 4177 βουλόμενος
919 4100 1120 4174 πέμπει
1165 4098 1263 4156 καί
1310 4100 1450 4163 αὖθις
1494 4097 1615 4158 τοὺς
1647 4096 1975 4161 ἐπισκόπους

328 4191 606 4268 πενθήρεις
691 4194 833 4263 αὐτῷ
915 4189 1143 4268 φανῆναι
1228 4186 1503 4265 κελεύσας,
1592 4184 1844 4248 ἐλεεινοῖς
1920 4206 1975 4241 τε

329 4280 632 4361 χρήσασθαι
677 4280 765 4336 καὶ
797 4277 983 4356 λόγοις
1029 4277 1117 4334 καὶ
1168 4278 1443 4356 σχήμασι,
1497 4273 1693 4354 δάκρυά
1732 4295 1789 4330 τε
1838 4295 1976 4352 προ-

326 4368 506 4448 χέειν,
569 4368 920 4446 ἰσχυρότατον
980 4367 1054 4430 εἰς
1113 4367 1279 4422 πειθὼ
1331 4365 1634 4444 φάρμακον,
1696 4365 1782 4420 καὶ
1836 4364 1974 4423 πάν-

325 4462 481 4516 τοθεν
535 4459 767 4533 κάμψειν
826 4456 1152 4534 ἐπιχειρεῖν,
1213 4454 1457 4525 Μίμησαί
1512 4475 1627 4526 σου,
1693 4451 1970 4530 λέγοντας,

325 4549 421 4604 τὸν
451 4551 661 4618 πρῶτον
689 4546 1004 4622 καθηγητὴν
1059 4544 1147 4599 καὶ
1196 4540 1530 4599 διδάσκαλον.
1592 4541 1684 4597 Ἐν
1713 4543 1812 4618 γὰρ
1855 4553 1974 4604 τοῖς

322 4636 457 4707 ὑπὲρ
506 4642 732 4713 Χριστοῦ
782 4635 850 4690 τὰ
901 4634 1128 4714 Χριστοῦ
1183 4635 1461 4706 μιμεῖσθαι
1519 4628 1708 4692 καλόν,
1758 4628 1973 4688 ’Έκλινε

324 4725 596 4790 κάκεῖνοις
628 4725 894 4800 οῦρανοὺς,
951 4724 1050 4780 καὶ
1107 4719 1316 4790 κατήϐη
1373 4720 1471 4787 τὴν
1527 4726 1634 4775 τῶν
1688 4719 1972 4795 ἀνθρώπων

327 4815 830 4892 πραγματευόμεδος
888 4811 1180 4890 σωτηρίαν.
1254 4811 1314 4868 Τί
1368 4808 1458 4866 οῦν
1522 4810 1720 4864 ἄτοπον
1769 4809 1857 4864 καὶ
1914 4806 1972 4863 σὲ
2000 4824 2040 4876 ο

327 4911 422 4960 τοῦ
475 4902 663 4960 στύλοι»
717 4904 847 4981 πρὸς
905 4902 1082 4981 βραχὺ
1142 4897 1440 4967 κατελθεῖν,
1504 4899 1591 4954 καὶ
1648 4895 1977 4953 κινδυνεύου-

329 5014 428 5050 σαν
483 4990 772 5049 ἀπολέσθαι
829 4997 999 5048 σῶσαι
1059 4990 1160 5055 τὴν
1212 4986 1564 5058 Ἐκκλησίαν,
1615 4985 1745 5064 ὑπὲρ
1798 4987 1863 5051 ἦς
1919 4986 1978 5041 ὃν

327 5079 487 5144 αὐτὸς
543 5079 721 5161 φιλεῖς
773 5081 861 5137 καὶ
911 5085 1005 5138 τοῦ
1059 5076 1187 5134 ἰδίου
1246 5074 1474 5151 αἵματος
1531 5077 1625 5133 οῦκ
1681 5073 1971 5152 ἐφείσατος

327 5169 504 5236 Αὐτὴν
559 5191 644 5225 σοι
703 5167 846 5225 δόκει
904 5166 1230 5244 παρεστάναι
1288 5165 1389 5232 τὴν
1459 5161 1808 5240 Ἐκκλησίαν,
1881 5164 1974 5218 καὶ

326 5258 511 5335 φωνὴν
542 5259 775 5336 ἀφιέναι,
813 5259 900 5313 καὶ
925 5256 1147 5335 χεῖρας,
1183 5256 1256 5318 εἰς
1285 5253 1588 5326 ἐπικουρίαν
1621 5251 1894 5312 ἐκτείνειν,

2144 2255 2330 2319 XLII.
2367 2255 2479 2318 Sed
2513 2257 2606 2318 hic
2639 2257 2784 2318 mihi
2810 2259 3145 2320 consideret
3174 2258 3410 2339 aliquis,
3443 2257 3706 2320 admira-

2061 2343 2204 2406 bilis
2237 2343 2497 2406 Danielis
2531 2355 2590 2407 et
2623 2347 2681 2406 in
2714 2347 3112 2408 discernendo
3144 2365 3434 2407 summam
3464 2349 3704 2427 sapien-

2064 2433 2226 2504 tiam,
2265 2441 2322 2495 et
2350 2434 2410 2494 in
2441 2434 2782 2496 dimicando
2817 2454 2919 2514 pro
2952 2435 3183 2498 Christo
3211 2434 3615 2496 fortitudinem
3647 2444 3707 2496 et

2061 2522 2547 2600 generositatem.
2585 2523 2848 2596 Quorum
2895 2524 3038 2586 illud
3085 2523 3324 2604 quidem
3356 2523 3614 2586 ostendit
3643 2525 3703 2585 in

2062 2612 2572 2692 deprehendendo
2590 2613 2901 2676 maleficio:
2920 2615 3032 2676 hoc
3045 2614 3365 2694 vero,quod
3382 2633 3498 2674 non
3513 2613 3704 2674 solum

2063 2700 2282 2782 probro
2312 2701 2579 2764 effecerit
2625 2721 2760 2764 eum
2814 2703 2919 2780 qui
2949 2712 3286 2783 Susceptam
3338 2721 3371 2765 a
3401 2721 3538 2764 vero
3584 2704 3704 2764 Deo

2062 2791 2491 2853 humanitatem
2521 2791 2738 2872 probro
2759 2791 3074 2867 afﬁciebat,
3101 2791 3204 2854 sed
3227 2793 3400 2854 etiam
3421 2791 3707 2853 maximas

2061 2882 2251 2942 minas
2281 2879 2341 2942 in
2373 2900 2505 2942 eum
2539 2881 2881 2958 intenderit,
2935 2890 2993 2944 et
3035 2882 3380 2962 prophetica
3411 2880 3466 2942 ei
3499 2881 3706 2943 effatus

2059 2968 2172 3030 sit:
2209 2968 2626 3050 Disrumpens,
2659 2970 2872 3051 inquit,
2907 2972 3240 3052 disrumpet
3271 2969 3426 3032 Deus
3455 2989 3700 3048 regnum

2060 3065 2247 3132 tuum,
2283 3068 2341 3121 et
2372 3059 2487 3121 alia
2515 3061 2826 3140 adjecerit,
2877 3080 3006 3142 quae
3035 3079 3140 3123 cor
3168 3062 3295 3140 ejus
3337 3079 3524 3140 usque
3555 3059 3704 3122 adeo

2061 3157 2333 3227 poterant
2367 3149 2642 3211 mordere
2675 3158 2732 3211 et
2767 3159 3029 3229 tangere,
3065 3159 3125 3211 ut
3157 3169 3267 3212 nec
3296 3149 3395 3212 ille
3432 3149 3700 3226 quidem,

2058 3237 2157 3318 qui
2191 3237 2463 3299 minister
2493 3249 2620 3302 erat
2652 3239 2883 3302 futurus
2913 3241 3254 3320 verborum,
3306 3258 3484 3300 ausus
3531 3239 3708 3300 fuerit

2057 3326 2183 3388 haec
2212 3345 2315 3388 ore
2345 3329 2688 3392 renuntiare
2711 3329 3080 3408 imperatori,
3108 3329 3213 3391 sed
3237 3349 3271 3391 a
3293 3347 3503 3408 magno
3525 3329 3706 3408 petie-

2056 3416 2157 3489 rit,
2193 3426 2254 3478 ut
2284 3417 2516 3493 litteris,
2549 3417 2744 3499 iisque
2770 3419 3121 3498 obsignatis,
3147 3421 3270 3481 haec
3293 3419 3704 3498 signiﬁcaren-

1103 3477 1194 3534 καὶ
1251 3478 1330 3534 ὃτι
1392 3482 1492 3544 τῆς
1549 3476 1747 3533 ἐκείνου
1803 3477 1972 3550 μόνης

1112 3567 1343 3588 \‘,-
1474 3565 1769 3588 ,t,u,,,,,
1852 3564 1923 3588 ,w,

2061 3476 2157 3566 tur
2177 3476 2549 3588 imperatori.
2572 3476 2750 3570 Etjsic
2775 3508 2875 3570 ille
2892 3476 3138 3587 quidem
3163 3476 3703 3570 recessitPontifex

2059 3604 2252 3656 autem
2314 3615 2449 3656 cum
2509 3616 2720 3658 omnes
2776 3599 2900 3658 fere
2971 3597 3220 3658 eximios
3287 3603 3707 3675 congregasset

2056 3688 2379 3758 episcopos,
2415 3689 2582 3746 mittit
2604 3689 2674 3746 ad
2700 3704 2968 3761 magnum
2997 3688 3313 3753 Danielem,
3340 3703 3470 3744 eum
3494 3688 3703 3745 adhor-

2059 3780 2190 3832 tans
2225 3779 2284 3832 ut
2311 3789 2484 3833 suum
2519 3791 2623 3853 pro
2655 3773 2890 3836 Christo
2923 3773 3088 3835 daret
3134 3773 3442 3852 auxilium,
3498 3771 3706 3834 dicens

2055 3859 2214 3921 illius
2249 3878 2376 3923 rsse
2406 3861 2590 3922 solius
2622 3863 2837 3939 linguas
2872 3870 2931 3925 et
2960 3863 3190 3925 virtutis
3229 3863 3515 3924 adversus
3559 3861 3705 3923 adeo

2059 3947 2377 4010 absurdam
2412 3951 2752 4032 depugnare
2786 3951 3240 4033 blasphemiam,
3291 3959 3348 4013 et
3397 3949 3708 4030 suscipere

2057 4037 2278 4099 bellum
2313 4057 2419 4118 pro
2453 4040 2738 4102 Ecclesia.
2779 4041 2971 4122 Atque
3006 4041 3103 4102 isti
3135 4042 3380 4118 quidem
3429 4041 3702 4120 profecti,

2059 4127 2184 4189 haec
2215 4127 2645 4205 signiﬁcarunt.
2680 4130 2970 4204 Quoniam
2997 4150 3134 4194 vero
3165 4141 3370 4194 sancto
3391 4143 3516 4193 erat
3537 4130 3706 4192 valde

2059 4215 2299 4278 difﬁcile
2329 4235 2361 4278 e
2393 4219 2669 4281 columna
2699 4220 3090 4295 descendere,
3127 4230 3183 4282 et
3218 4219 3528 4300 renuebat,
3563 4218 3704 4299 quid

2058 4323 2264 4368 rursus
2297 4307 2637 4369 mahinatur
2685 4310 3043 4390 patriarcha,
3104 4309 3306 4371 volens
3352 4326 3486 4370 eum
3541 4308 3612 4370 ad
3645 4307 3704 4367 id

2057 4399 2350 4459 ﬂectere?
2382 4395 2610 4459 Rursus
2643 4399 2820 4461 mittit
2868 4401 3203 4480 episcopos,
3247 4397 3469 4478 jubens
3517 4415 3620 4459 eos
3651 4397 3706 4457 ei

2056 4503 2346 4567 apparere
2376 4496 2638 4562 maestos,
2673 4490 2881 4570 utique
2933 4487 3376 4550 miserabilibus
3425 4497 3483 4548 et
3513 4484 3708 4548 verbis

2058 4585 2116 4637 et
2146 4575 2408 4651 gestibus
2429 4625 2444 4651 ,
2470 4584 2530 4638 et
2564 4578 2925 4656 profundere
2959 4577 3704 4658 Iacrymas,validissimum

2058 4663 2557 4725 medicamentum
2588 4665 2660 4726 ad
2693 4674 3164 4746 persuasionem,
3201 4675 3260 4727 et
3287 4666 3448 4727 omni
3477 4665 3705 4726 ratione

2056 4757 2257 4815 conari
2292 4770 2426 4814 eum
2480 4754 2744 4829 flectere,
2796 4755 3056 4828 Imitare,
3114 4756 3405 4827 dicentes,
3445 4756 3698 4832 primum

2063 4856 2405 4934 magistrum
2439 4865 2496 4916 et
2529 4867 2979 4937 przeceptorem.
3014 4857 3077 4918 In
3129 4859 3198 4918 iis
3228 4859 3384 4918 enim
3411 4876 3541 4937 quae
3567 4863 3704 4917 sunt

2061 4950 2330 5013 facienda
2360 4970 2465 5031 pro
2491 4951 2744 5028 Christo,
2772 4953 3082 5034 pulchrum
3111 4969 3201 5016 est
3231 4955 3526 5015 Christum
3558 4953 3701 5014 imi—

2060 5050 2195 5114 tari.
2233 5051 2558 5112 Declinavit
2589 5051 2690 5113 ille
2719 5071 2956 5133 quoque
2989 5072 3022 5113 e
3053 5053 3222 5114 caelis
3255 5062 3312 5113 et
3370 5050 3702 5120 descendit,

2063 5166 2394 5229 procurans
2422 5150 2669 5211 salutem
2719 5151 3049 5213 hominum.
3100 5150 3252 5223 Quid
3295 5168 3436 5226 ergo
3465 5148 3707 5210 absurdi

2061 5251 2261 5331 fuerit,
2298 5249 2376 5311 sit
2405 5259 2462 5311 tu
2495 5271 2730 5332 quoque
2763 5252 3187 5334 aliquantisper
3218 5269 3252 5313 e
3291 5252 3566 5313 columna
3595 5249 3706 5311 de-

323 5345 658 5426 attenderis,
689 5353 748 5408 et
777 5363 910 5426 quas
957 5342 1124 5406 venit
1151 5342 1211 5404 in
1265 5340 1621 5423 periculum,
1658 5359 1734 5400 ne
1769 5349 1994 5421 pereat,
2031 5340 2286 5403 servaris
2313 5339 2663 5421 Ecclesiam,
2703 5359 2807 5422 pro
2857 5361 2972 5421 qua
3002 5343 3127 5421 ips‘e
3155 5359 3284 5402 eam
3315 5358 3521 5401 amans
3562 5358 3704 5418 pro-

327 5435 458 5518 prio
490 5453 608 5496 non
643 5433 908 5515 pepercit
937 5431 1214 5512 sanguini
1244 5437 1272 5494 ?
1308 5430 1588 5493 Existima
1641 5427 1747 5490 tibi
1778 5428 1971 5509 ipsam
2003 5438 2196 5492 astare
2225 5428 2580 5504 Ecclesiam,
2621 5441 2677 5494 et
2707 5449 2910 5494 vocem
2942 5431 3236 5510 emittere,
3270 5440 3330 5492 et
3381 5429 3704 5492 extendere

335 5542 552 5588 manus
581 5523 893 5587 auxilium.
3733 5569 3736 5572 .

411 5612 556 5675 Ml".
593 5614 804 5678 Τούτοις
833 5611 927 5668 καῖ
980 5609 1162 5676 ἄλλοις
1214 5608 1421 5667 πλείοσι
1481 5609 1600 5672 τοὺς
1657 5607 1972 5672 ἐπισκόπους

2140 5605 2342 5670 XLIII.
2376 5609 2521 5671 Cum
2556 5610 2649 5673 his
2670 5621 2728 5672 et
2755 5610 2886 5672 aliis
2909 5608 3177 5690 pluribus
3207 5607 3521 5690 episcopos
3541 5607 3704 5688 prius

327 5703 490 5764 οἱενεί
521 5701 907 5785 προπαιδεύσας
938 5703 968 5760 ὁ
1003 5701 1358 5782 πατριάρχης,
1405 5699 1492 5756 καὶ
1544 5697 1684 5763 ὁλως
1752 5718 1972 5779 περιπα-

2061 5695 2444 5768 instruxisset
2473 5700 2828 5782 patriarcha,
2862 5707 2921 5764 et
2950 5699 3194 5770 omnino
3224 5697 3613 5772 exercuisset,
3642 5703 3707 5762 ut
