4066 6146
453 342 606 411 1023

1611 354 1996 418 ADDENDA.
2073 385 2147 404 -
2215 358 2654 424 DECEMBER.

3671 369 3809 437 1024

448 483 754 580 aptissime
774 484 847 546 ad
873 485 1229 549 monendam
1255 487 1821 563 misericordiam,et
1838 488 2087 552 maxime

2177 491 2406 550 θὲστατα
2464 494 2560 562 τὴν
2621 493 2837 562 αἴτησιν
2889 494 3144 555 ὑπελθεῖν
3184 500 3588 579 προγυμνάσας.
3622 503 3818 580 ἐκπέμ-

450 572 874 637 miserabiliter
899 577 974 637 ad
1027 579 1475 658 proponendam
1527 578 1885 642 accederent
1942 579 2098 661 peti-

448 668 670 726 tionem
710 684 726 740 ;
757 665 879 728 illis
908 675 1106 728 autem
1140 667 1430 748 imperata
1477 669 1858 748 facientibus,
1907 678 1965 731 et
2001 671 2096 731 in-

448 753 618 816 ferne
643 755 978 836 supplicum
1010 757 1130 818 ritu
1159 777 1292 818 cum
1348 759 1622 840 lacrymis
1675 759 2093 837 clamantibus,

450 843 704 924 primum
750 845 990 926 quidem
1050 866 1120 910 ea
1179 868 1310 930 quae
1365 849 1606 921 ﬁebant,
1661 868 1816 927 aegre
1872 849 2102 912 ferebat

446 943 710 1014 sanctus,
743 942 802 996 et
831 937 1158 1016 angebatur
1185 939 1410 1001 animo.
1440 939 1670 1002 Deinde
1701 959 1834 1002 cum
1869 940 2100 1004 videret

448 1023 634 1102 magis
663 1036 1133 1109 perseverantes,
1186 1037 1246 1092 et
1293 1030 1711 1092 vehementius
1758 1038 2094 1110 precantes,

448 1121 508 1175 et
537 1131 670 1174 cum
704 1113 1032 1178 miserabili
1062 1119 1322 1180 clamore
1341 1119 1564 1182 calidas
1602 1121 1890 1200 lacrymas
1915 1119 2096 1180 emit-

449 1210 664 1282 tentes,
698 1205 998 1269 nesciebat
1032 1209 1173 1289 quid
1205 1218 1404 1289 ageret
1451 1209 1552 1271 illa
1587 1209 1929 1272 misericors
1958 1209 2093 1270 ani-

448 1310 565 1368 ma,
597 1293 672 1354 ad
704 1302 982 1378 utrasque
1039 1298 1316 1362 distracta
1370 1301 1785 1378 cogitationes.
1847 1299 2092 1372 Quando

447 1381 607 1444 enim
641 1383 712 1445 ad
745 1386 1105 1468 sacerdotes,
1137 1398 1194 1450 et
1222 1390 1292 1451 ad
1327 1390 1704 1452 sacerdotum
1753 1388 2092 1450 intuebatur

446 1472 1143 1560 lacrymas,movebatur;
1169 1480 1413 1556 quando
1436 1489 1632 1542 autem
1664 1480 1735 1540 ad
1755 1480 2092 1540 columnam

447 1571 506 1624 et
534 1581 638 1625 eos
669 1563 774 1642 qui
805 1567 1030 1629 suntin
1069 1587 1140 1630 ea
1180 1569 1436 1642 labores,
1493 1579 1551 1630 et
1601 1568 2092 1648 optabilissimam

447 1652 733 1736 quietem,
765 1664 892 1718 erat
921 1657 1287 1722 inﬂexibilis.
1321 1659 1421 1722 Sic
1451 1678 1592 1738 ergo
1625 1658 1785 1720 inter
1833 1676 1898 1719 se
1944 1676 2092 1719 con-

446 1743 830 1807 tendentibus
861 1749 1343 1826 cogitationibus,
1377 1758 1436 1811 et
1473 1749 1534 1808 in
1569 1747 1902 1828 aequilibrio
1935 1767 2091 1830 quo-
2117 1778 2153 1828 Β

446 1832 766 1897 dammodo
797 1838 1025 1919 positis,
1061 1840 1272 1921 quaerit
1305 1848 1674 1902 momentum
1715 1838 1958 1919 superni
1986 1839 2092 1918 ju-

447 1922 592 1984 dicii
626 1945 642 1984 :
681 1934 834 1987 eteo
867 1936 1059 1991 stante
1115 1930 1188 1992 ad
1242 1929 1596 2009 orationem,
1658 1947 1762 1989 vox
1809 1929 2005 1989 statim
2062 1945 2096 1990 e

447 2013 598 2074 ctelo
629 2013 880 2092 exsistit,
914 2037 1043 2099 quas
1085 2019 1258 2100 jubet
1312 2021 1364 2081 ei
1425 2029 1487 2080 ut
1532 2027 1592 2080 et
1638 2017 1987 2092 descendat,
2040 2026 2097 2080 et

446 2121 656 2166 rursus
685 2115 1020 2170 revertatur
1073 2111 1146 2171 ad
1204 2109 1570 2172 columnam.
1627 2108 1725 2172 Sic
1778 2127 1914 2170 eum
1960 2127 2096 2170 cum

445 2195 661 2273 gaudio
690 2197 1056 2278 excipientes
1085 2199 1378 2280 episcOpi,
1415 2198 1791 2261 deduxerunt
1835 2198 1906 2259 ad
1941 2217 2095 2278 pon-

449 2283 667 2348 tificem
689 2305 702 2348 :
725 2287 850 2368 qui,
881 2288 996 2350 dici
1030 2309 1148 2352 non
1175 2297 1392 2371 potest,
1425 2297 1643 2370 quanta
1668 2307 1875 2350 rursus
1914 2287 2097 2352 fuerit

445 2374 658 2455 plenus
687 2376 909 2455 laztitia,
945 2387 1004 2441 et
1032 2388 1250 2461 quanto
1303 2397 1439 2441 eum
1489 2380 1721 2440 honore
1764 2379 2089 2459 exceperit.

442 2465 634 2547 Atque
664 2467 858 2529 statim
891 2469 1132 2550 quidem
1167 2468 1386 2532 Christi
1426 2469 1601 2530 miles
1653 2469 1830 2531 vertit
1877 2467 2090 2528 adver-

442 2555 690 2636 sarium,
725 2558 832 2620 eisi
865 2558 919 2620 ei
949 2559 1010 2620 in
1045 2567 1433 2640 conspectum
1467 2577 1586 2619 non
1621 2557 1869 2636 venerit,
1897 2556 2095 2617 verbis

442 2653 638 2708 autem
671 2649 889 2728 solum,
945 2657 1223 2729 tanquam
1282 2649 1518 2710 eminus
1567 2646 1799 2709 emissis
1849 2645 2089 2726 jaculis,

443 2754 587 2798 usus
619 2736 718 2818 sit,
747 2737 900 2799 sicut
929 2737 1105 2800 etiam
1145 2758 1252 2820 per
1283 2757 1410 2801 eam
1447 2754 1621 2819 quam
1657 2737 1819 2816 prius
1851 2734 2093 2798 miserat

444 2825 778 2907 epistolam,
805 2847 1020 2890 novum
1045 2829 1350 2910 appellans
1375 2826 1834 2900 Diocletianum,
1870 2835 1930 2888 et
1953 2845 2090 2887 cum

443 2935 552 3000 per
580 2924 831 2998 utraque
865 2937 998 2981 eum
1034 2920 1364 2993 terruisset,
1401 2936 1616 2998 nempe
1675 2925 1733 2978 et
1782 2915 2091 2996 praesentis

447 3006 672 3080 saeculi,
708 3017 767 3070 et
820 3007 998 3072 futuri
1045 3009 1361 3091 supplicia,
1417 3017 1691 3090 tanquam
1751 3005 2086 3088 improbum

2182 603 2290 640 πει.
2327 589 2444 641 Τῶν
2473 581 2528 640 δὲ
2562 585 2624 640 τὰ
2680 584 3070 666 ἐπιτεταγμένα
3127 590 3416 648 ποιούντων
3467 595 3553 650 καὶ
3599 595 3820 652 κάτωθεν

2181 671 2236 728 ὲν
2266 675 2454 730 ἱκετῶν
2499 675 2745 754 σχήματι
2803 676 2894 732 σὺν
2954 675 3199 756 δάκρυσιν
3246 678 3582 758 ἒκϐοώντων,
3629 686 3692 740 τὸ
3733 685 3821 759 μὲν

2181 762 2389 833 πρῶτον
2417 765 2444 819 6
2476 762 2618 830 ὅσιος
2649 764 2938 843 ἠγανάκτει
2968 781 3086 832 τοῖς
3119 769 3428 851 δρωμένοις,
3477 775 3567 830 καὶ
3617 775 3820 843 ἦνιᾶτο.

2183 851 2432 931 Ἔπειτα,
2467 854 2540 917 ὡς
2585 853 2661 910 ἔτι
2705 853 2908 930 μᾶλλον
2950 868 3466 937 προσκαρτεροῦντας
3517 863 3685 941 ἐώρα,
3729 868 3821 920 καὶ

2181 940 2542 1032 πληθύνοντας
2575 942 2778 1018 δέησιν,
2839 944 3034 1019 δάκρυά
3091 969 3147 1004 τε
3190 951 3358 1024 θυρμὰ
3410 953 3547 1026 μετὰ
3591 940 3823 1032 κραυγῆς

2181 1031 2391 1107 οἰκτρᾶς
2421 1031 2695 1111 ἀφιέντας,
2729 1036 2824 1092 οὒκ
2853 1036 3013 1116 εἶχεν
3073 1039 3100 1092 ὃ
3154 1060 3203 1094 τι
3234 1042 3320 1096 καὶ
3351 1038 3592 1118 δράσειεν
3623 1044 3660 1111 ἡ
3691 1064 3825 1117 συμ-

2184 1122 2352 1209 παθὴς
2407 1121 2584 1190 ἐκείνη
2639 1127 2794 1204 ψυχὴ
2854 1129 2981 1204 πρὸς
3037 1127 3289 1206 ἑκατέρας
3347 1132 3678 1209 μεριζομίνη
3739 1133 3826 1196 τὰς

2181 1202 2430 1277 διανοίας,
2464 1211 2632 1270 ’Ὅταν
2687 1202 2785 1288 μέν
2840 1202 2940 1292 γάρ
2996 1217 3070 1279 εἰς
3113 1202 3236 1281 τους
3279 1202 3450 1296 ἱερέας
3485 1202 3584 1277 καὶ
3632 1223 3701 1277 τὰ
3728 1227 3826 1278 τῶν

2177 1299 2358 1377 ἱερέων
2414 1299 2601 1358 ἀπεϊδε
2654 1301 2850 1382 δάκρυα
2915 1306 3044 1383 πρὸς
3116 1307 3216 1375 τὴν
3285 1306 3466 1376 δέησιν
3536 1309 3822 1368 ἐπεκλᾶτο⁶

2174 1389 2300 1446 ὅταν
2336 1389 2386 1446 δὲ
2412 1392 2540 1468 πρός
2573 1393 2664 1449 τὸν
2719 1393 2907 1454 στῦλον
2949 1399 3038 1452 καὶ
3078 1397 3203 1457 τοὺς
3237 1397 3294 1453 ἐν
3323 1405 3400 1473 τῷ
3429 1399 3612 1474 στόλῳ
3641 1402 3822 1466 πόνους

2175 1478 2270 1535 καί
2326 1481 2421 1548 τὴν
2468 1483 2818 1562 περιπόθητον
2860 1484 3116 1564 ἡσυχίαν,
3178 1485 3433 1564 ἄτεγκτος
3491 1490 3587 1558 ἦν.
3653 1491 3822 1555 Οὕτως

2175 1568 2264 1625 οὖν
2294 1574 2398 1626 τῶν
2427 1569 2702 1649 λογισμῶν
2733 1573 2875 1648 αὒτῴ
2931 1575 3262 1654 μαχομένων
3321 1579 3408 1635 καὶ
3463 1579 3655 1659 ὥσπερ
3709 1582 3822 1638 ἰσο-

2175 1659 2509 1717 στατούντων
2565 1661 2662 1728 τήν
2714 1663 2776 1718 ἐκ
2827 1669 2926 1730 τῆς
2983 1663 3178 1722 ἄνωθεν
3229 1667 3450 1746 κρίσεως
3489 1670 3678 1741 ἱζήτει
3723 1669 3826 1749 ρώ-

2177 1768 2308 1824 μην·
2371 1751 2456 1808 καὶ
2516 1753 2588 1814 εἷς
2647 1753 2954 1833 προσευχὴν
3018 1754 3177 1812 αὐτοῦ
3234 1758 3480 1840 στάντος,
3555 1760 3708 1824 εὐθὺς
3777 1757 3826 1824 ἐξ

2175 1839 2396 1918 ούρανοῦ
2449 1842 2600 1921 φωνὴ
2659 1842 2753 1909 τὴν
2785 1864 2842 1898 τε
2873 1842 3091 1901 κάθοδον
3151 1848 3292 1920 αὒτῷ
3347 1846 3822 1923 παρακελευομένη

2176 1933 2264 1986 καὶ
2322 1930 2420 1997 τὴν
2478 1931 2610 2008 πρὸς
2666 1932 2756 1988 τὸν
2792 1930 2982 1991 στῦλοι
3018 1932 3178 1990 πάλιν
3232 1935 3604 2016 ὑποσαροφήν.
3653 1939 3823 2001 Οὕτως

2181 2020 2269 2077 οὖν
2327 2021 2481 2079 αὐτὸν
2535 2021 2581 2077 οἱ
2640 2019 2916 2078 ἐπίσκοποι
2978 2025 3071 2079 σὸν
3128 2023 3295 2101 ἠδολῇ
3349 2023 3608 2092 λαϐόντες
3640 2029 3714 2092 εἷς
3742 2029 3825 2084 τὸν

2179 2110 2438 2189 ἱεράρχην
2467 2110 2704 2188 ἀπῆγον,
2736 2110 2835 2169 αὖᾶ
2867 2110 3010 2169 ἔστιν
3068 2114 3240 2172 εἰπεῖν
3298 2114 3420 2176 οἵας
3477 2119 3686 2174 ὶκείνου
3725 2117 3826 2174 πά-

2179 2197 2262 2255 λιν
2318 2199 2683 2278 πληρωθέντος
2725 2201 2819 2267 τῆς
2865 2203 3184 2281 εὖφροσύνης
3231 2205 3317 2261 καὶ
3359 2205 3478 2280 μεθ’
3523 2207 3661 2273 δσης
3703 2213 3824 2264 τοῦ-

2177 2311 2268 2345 τον
2313 2295 2410 2356 τῆς
2453 2295 2614 2364 τιμῆς
2671 2289 3078 2364 ὑποδεξαμένου.
3127 2293 3288 2359 Εύθὺς
3347 2295 3445 2369 μὲν
3504 2295 3600 2353 οὖν
3657 2299 3684 2353 6
3738 2302 3825 2353 τοῦ

2179 2386 2405 2455 Χριστοῦ
2460 2379 2787 2456 στρατιώτης
2844 2380 3030 2456 τρέπει
3070 2383 3161 2438 τὸν
3206 2381 3681 2466 ἀντιτεταγμένον,
3742 2387 3820 2442 καὶ

2178 2467 2255 2541 μὴ
2287 2468 2488 2546 φανείς·
2523 2481 2638 2529 τοῖς
2671 2467 2851 2546 λόγοις
2885 2467 2940 2525 δὲ
2972 2471 3134 2544 μόνον
3183 2470 3363 2550 ὥσπερ
3409 2471 3822 2550 ἀκροϐολισμοῖς

2175 2557 2544 2636 χρησάμενος,
2607 2557 2703 2614 οἷα
2761 2560 2848 2615 καὶ
2899 2555 2967 2615 δι⁹
3019 2559 3305 2628 ἐπιστολῆς
3381 2561 3643 2642 πρότερον
3713 2563 3819 2620 νέον

2176 2647 2602 2726 προσαγορεύσας
2637 2647 3023 2715 Διοκλητιανὸν
3053 2651 3139 2706 καὶ
3185 2647 3261 2706 δι’
3311 2651 3515 2732 ἀμφοῖν
3561 2651 3818 2733 φοϐήσας,

2173 2749 2297 2800 ταῖς
2329 2758 2384 2792 τε
2415 2740 2506 2793 τοῦ
2541 2738 2802 2814 παρόντος
2833 2740 3021 2801 αέὠνος
3053 2741 3357 2821 σιμωρίαις,
3412 2741 3532 2800 οἶόν
3568 2765 3618 2800 τι
3651 2764 3818 2810 πονη-

2173 2827 2264 2902 ρὸν
2323 2823 2644 2906 ἀνδράποδον
2704 2828 2914 2906 φεύγειν
2973 2827 3172 2893 ἔπεισε.
3245 2831 3353 2898 Τὴν
3422 2832 3524 2910 γὰρ
3600 2831 3818 2898 ἀπειλὴν

2171 2914 2367 2988 δείσας,
2431 2917 2522 2973 καὶ
2572 2917 2858 2994 ἀπόκρισιν
2915 2917 3032 2982 δοὺς
3093 2921 3166 2983 ὡς
3225 2917 3360 2977 Ἰδού
3426 2943 3508 2977 σοι
3573 2920 3672 2978 καί
3723 2923 3814 2988 τὴν

2170 3003 2326 3062 πόλιν
2355 3007 2666 3086 χαρίζομαι,
2711 3007 2800 3063 καὶ
2832 3007 2954 3070 τοὺς
2995 3008 3048 3064 ἐν
3091 3014 3158 3084 τῇ
3199 3007 3354 3066 πόλει
3397 3009 3632 3084 πάντας,
3667 3010 3815 3073 αύτὸς

444 3097 830 3178 mancipium,
862 3100 1153 3178 persuasit
1184 3109 1246 3161 ut
1275 3101 1522 3177 fugeret.
1576 3097 1870 3161 Minarum
1931 3097 2087 3157 enim

2173 3097 2461 3170 γυμνασίας
2533 3098 2796 3176 πρόφασιν
2859 3095 2958 3162 ἔξω
3026 3103 3133 3156 τῶν
3207 3105 3304 3174 τῇς
3371 3100 3587 3164 πόλεως
3671 3099 3813 3167 ὁρίων

444 3191 659 3249 timore
689 3189 934 3250 affectus
961 3207 1096 3253 cum
1128 3190 1536 3269 respondisset
1565 3209 1579 3250 :
1618 3188 1772 3250 Ecce
1797 3183 1902 3246 tibi
1938 3203 2088 3245 con-

2173 3185 2370 3263 ἑχώρει
2382 3227 2394 3241 .

446 3277 595 3340 cedo
646 3278 968 3354 civitatem,
1007 3288 1067 3342 et
1114 3296 1320 3342 omnes
1352 3279 1455 3357 qui
1514 3284 1652 3340 sunt
1697 3275 1759 3337 in
1819 3293 1912 3349 ea,
1949 3273 2078 3354 ipse
2135 3280 2422 3354 praetextu
2475 3274 2917 3336 exercitationis
2965 3275 3259 3355 processit
3317 3284 3486 3339 extra
3528 3276 3812 3340 terminos

447 3366 725 3430 civitatis.

523 3459 719 3521 XLIV.
756 3460 872 3523 Sed
907 3478 1016 3521 nec
1047 3459 1098 3521 si
1132 3457 1374 3540 quidem
1411 3476 1550 3520 eum
1581 3456 1806 3520 dimisit
1842 3455 1937 3517 vir
1968 3456 2091 3517 for-

442 3548 730 3624 tissimus,
763 3549 867 3611 sed
926 3550 1274 3628 fugientem,
1336 3557 1612 3629 tanquam
1662 3545 1764 3627 qui
1818 3545 2086 3626 clypeum

440 3638 781 3719 abjecisset,
810 3639 1278 3719 persequebatur
1303 3638 1578 3710 militem,
1607 3647 1666 3699 et
1688 3635 2091 3699 contendebat

441 3747 575 3790 eum
606 3728 1090 3810 apprehendere,
1123 3738 1187 3792 ut
1215 3738 1516 3808 argueret,
1547 3735 1759 3790 etcum
1781 3746 1850 3790 eo
1875 3727 2085 3806 singu-

441 3818 552 3881 lari
582 3827 836 3880 certaret
865 3819 1212 3880 certamine.
1250 3819 1363 3882 lnit
1391 3837 1532 3898 ergo
1563 3817 1737 3892 viam,
1783 3835 1915 3897 quae
1944 3815 2086 3878 illuc

442 3907 692 3970 ferebat.
716 3907 867 3969 Vide
891 3917 1085 3970 autem
1107 3908 1250 3970 mihi
1275 3909 1470 3971 zelum
1494 3907 1750 3970 athletas.
1777 3905 1922 3968 Nam
1949 3924 2084 3967 cum

442 3997 498 4057 ei
530 3997 714 4077 pedes
743 3997 1108 4059 laborassem
1143 3998 1594 4070 exercitatione,
1623 4006 1680 4058 et
1706 4015 1824 4058 non
1846 4001 2088 4076 possent

441 4086 698 4166 ingredi,
728 4087 1100 4148 commodata
1129 4089 1348 4170 accipit
1379 4089 1526 4149 alios
1557 4087 1760 4168 pedes,
1807 4094 1865 4148 et
1895 4086 2082 4146 duce-

439 4177 613 4238 batur
668 4186 928 4256 portatus
955 4177 1027 4238 ab
1087 4177 1244 4240 aliis.
1307 4178 1518 4240 Fuitne
1578 4193 1716 4237 vero
1775 4175 1906 4254 ejus
1963 4174 2085 4236 iter

439 4265 619 4328 inane
650 4273 709 4329 et
737 4265 961 4350 absque
984 4267 1283 4330 miraculis
1303 4271 1330 4327 ?
1358 4265 1780 4346 Nequaquam;
1815 4277 1870 4324 et
1895 4261 2084 4324 liben-

443 4355 671 4418 tissime
687 4356 928 4437 quidem
949 4357 1213 4418 omninm
1238 4355 1648 4417 meminissem
1672 4353 1807 4430 ;sed
1829 4371 1960 4415 cum
1979 4353 2086 4414 tria

444 4445 818 4524 prohibeant,
853 4465 1068 4526 nempe
1099 4453 1156 4506 et
1198 4445 1502 4524 prolixitas
1553 4442 1932 4517 narrationis,
1985 4442 2082 4502 di-

2255 3456 2393 3518 MA’.
2458 3453 2606 3511 Ἀλλ’
2663 3453 2780 3513 οὐδὲ
2841 3456 3007 3518 οὕτως
3038 3455 3236 3523 ἀνῆκεν
3294 3457 3322 3513 ό
3363 3457 3638 3535 ἀριστεὺς,
3683 3455 3809 3517 ἀλλᾶ

2171 3547 2263 3604 τὸν
2315 3545 2576 3624 δραπέτην
2633 3547 2707 3608 ὡς
2768 3545 3024 3620 ῥίψασπιν
3077 3545 3262 3603 ἐκίωκε
3323 3547 3683 3627 στρατιώτην,
3733 3547 3810 3602 καὶ

2170 3633 2357 3694 λαϐεῖν
2389 3639 2460 3702 εἷς
2490 3635 2720 3716 ἔλεγχον
2753 3636 3027 3710 ἐπεζήτει,
3079 3637 3163 3691 καὶ
3194 3637 3322 3708 πρὸς
3377 3637 3535 3695 αὐτὸν
3596 3635 3808 3711 διαμιλ-

2169 3725 2396 3794 ληθηναι
2457 3731 2523 3785 τὰ
2579 3725 2917 3804 μονομάχια.
2976 3724 3240 3782 “Απτεται
3297 3736 3424 3805 γοῦν
3483 3727 3582 3795 τῆς
3643 3727 3804 3782 ἐκεῖσε

2169 3816 2452 3896 φερούσης.
2519 3817 2616 3876 Καὶ
2673 3813 2768 3894 ὅρα
2828 3836 2920 3889 μοι
2974 3812 3132 3886 ζῆλον
3167 3815 3490 3893 ἀγωνιστοῢ.
3551 3819 3669 3874 Τῶν
3717 3814 3804 3892 γὰρ

2170 3904 2344 3962 ποδῶν
2405 3905 2545 3978 αύτῷ
2604 3911 2671 3980 τῇ
2735 3903 2959 3971 ἀσκήσει
3019 3907 3406 3971 πεπονηκότων
3463 3911 3551 3962 καί
3624 3903 3800 3962 ὁδεύειν

2168 3998 2229 4053 οὗ
2283 3992 2610 4074 δυναμένων,
2668 3991 2976 4070 ἀλλοτρίους
3031 3989 3319 4065 δανείζεται
3363 3992 3554 4067 πόδας,
3603 3996 3687 4052 καὶ
3724 3990 3798 4072 ὑφ’

2169 4084 2359 4164 ἑτέρων
2402 4084 2565 4162 ἤγετο
2606 4083 3022 4158 βασταζόμενος,
3074 4083 3198 4161 Ἀρ⁹
3246 4090 3335 4142 οὖν
3365 4087 3400 4154 ἡ
3431 4086 3620 4163 πορεία
3648 4083 3798 4153 τούτῳ

2167 4175 2294 4242 κενὴ
2352 4175 2440 4231 καὶ
2500 4173 2782 4248 θαυμάτων
2854 4171 3058 4248 ἐκτός;
3121 4173 3410 4250 Οῧμενουν.
3478 4176 3568 4232 καὶ
3632 4171 3797 4242 ἥδιστα

2169 4265 2264 4338 μὲν
2323 4262 2384 4319 ἂν
2441 4263 2528 4318 καὶ
2583 4261 2796 4318 πάντων
2851 4260 3144 4336 ἐμνήσθην
3219 4262 3357 4319 ἀλλὰ
3425 4263 3587 4342 τριῶν
3655 4259 3795 4337 ἰξειρ·

2167 4353 2392 4432 γόντων,
2455 4359 2546 4408 τοῦ
2601 4356 2699 4417 τῆς
2761 4349 3062 4428 διηγήσεως
3117 4353 3347 4428 μήκους,
3402 4358 3500 4420 τῆς
3545 4351 3792 4412 ἀσθενείας

2169 4443 2260 4498 τοῦ
2291 4441 2474 4520 λόγου,
2508 4443 2596 4498 καὶ
2623 4440 2716 4496 ’ίνα
2748 4439 2855 4515 μὴς
2900 4444 2977 4513 τῷ
3022 4441 3191 4497 πάντα
3234 4441 3431 4498 ἐθέλειν
3474 4445 3650 4500 εἰπεῖν
3690 4441 3791 4497 δια·-

443 4533 621 4596 οθηάί
653 4533 946 4596 facultatis
976 4534 1383 4606 imbecillitas,
1409 4541 1468 4594 et
1489 4552 1586 4612 ne,
1613 4533 1660 4593 si
1685 4532 1858 4593 velim
1885 4533 2086 4593 omnia

2173 4545 2348 4610 κορεῖς
2405 4533 2541 4604 ὑμᾶς
2599 4529 2814 4605 θέμενος
2869 4529 3128 4607 ῥᾳθύμους
3179 4530 3297 4610 ἔχω
3348 4531 3404 4588 ἐν
3432 4532 3556 4596 τοῖς
3584 4549 3790 4610 καιριω-

440 4623 664 4704 dicere,
697 4641 832 4684 cum
862 4641 964 4684 vos
995 4624 1377 4695 exsatiavero,
1437 4623 1568 4684 sitis
1611 4621 1990 4684 socordiores
2021 4623 2080 4681 in

441 4712 517 4774 iis
547 4731 681 4790 qua;
710 4719 846 4773 sunt
879 4713 1192 4793 praecipua,
1231 4712 1430 4775 multis
1463 4712 1896 4793 praetermissis,
1941 4729 2081 4787 pau-

440 4821 647 4866 corum
681 4801 1032 4864 meminero.
1095 4802 1346 4875 Quidam
1405 4803 1680 4883 leprosos
1725 4802 1794 4863 ad
1848 4821 1983 4863 eum
2017 4800 2078 4862 in

439 4893 531 4955 via
559 4892 875 4967 accedens,
908 4892 1109 4954 emisit
1139 4911 1366 4967 vocem,
1415 4909 1588 4972 quam
1624 4892 1763 4952 olim
1797 4891 1970 4952 etiam
2003 4891 2077 4952 ad

439 4983 762 5058 Christum,
800 4983 913 5044 nisi
937 4983 1091 5064 quod
1111 4981 1211 5045 ille
1230 4982 1472 5064 quidem
1498 4982 1737 5060 Filium,
1765 4981 1860 5042 hic
1881 4989 2079 5042 autem

436 5091 669 5135 servum
701 5072 809 5135 Dei
838 5073 1108 5153 vocabat,
1145 5082 1202 5134 et
1232 5071 1476 5151 rogabat
1503 5080 1564 5132 ut
1593 5070 1664 5132 ab
1692 5088 1761 5131 eo
1793 5087 2079 5149 asseque—

435 5172 602 5226 retur
632 5163 1030 5225 curationem.
1068 5163 1172 5224 llle
1209 5180 1378 5224 vero:
1404 5160 1556 5234 Quid
1592 5159 1697 5222 tibi
1725 5160 1835 5235 vis,
1863 5158 2076 5240 inquit,

436 5254 590 5335 quod
615 5272 686 5315 eo
718 5254 926 5315 relicto
950 5254 1046 5333 qui
1072 5254 1195 5313 haec
1219 5260 1412 5332 potest
1435 5249 1983 5324 curare,accessisti
2004 5248 2077 5310 ad

435 5343 871 5424 hominem,qui
895 5353 985 5404 est
1001 5340 1302 5402 similibus
1331 5340 1620 5402 obnoxius
1641 5338 2077 5412 affectionibus,

436 5453 499 5495 ea
525 5438 979 5509 postulans,qute
1009 5436 1133 5507 ejus
1157 5433 1304 5491 vires
1326 5445 1596 5505 superant
1617 5435 1646 5490 ?
1664 5434 1870 5490 Verum
1895 5435 2078 5488 enim-

433 5538 573 5582 vero
605 5521 652 5581 si
681 5521 924 5601 quidem
958 5519 1304 5592 credis,non
1337 5517 1499 5577 illum
1521 5519 1736 5591 solum,
1765 5517 1869 5578 sed
1899 5517 2076 5578 etiam

435 5610 565 5689 ejus
597 5609 907 5669 ministros
941 5626 1114 5684 posse
1145 5607 1271 5667 haec
1302 5623 1530 5681 curare,
1566 5606 1680 5666 erit
1705 5604 1808 5664 tibi
1842 5623 1944 5684 per
1971 5622 2078 5666 nos

435 5713 697 5780 quoque,
731 5705 794 5758 ut
817 5694 1150 5770 credidisti,
1174 5692 1579 5758 sanatio.Cum
1599 5701 1797 5756 autem
1823 5693 1924 5756 ille
1948 5694 2075 5757 haec

2163 4623 2356 4699 τέροις,
2390 4621 2456 4677 τὰ
2501 4618 2670 4676 πολλὰ
2728 4621 2930 4698 παρεὶς,
2987 4617 3180 4697 ὀλίγων
3225 4622 3447 4696 μνήμην
3487 4621 3786 4696 ποιήσομαι.

2165 4713 2370 4791 Λεπρός
2399 4731 2478 4772 τις
2518 4709 2654 4782 αύτῷ
2683 4707 2798 4764 καθ’
2829 4707 2948 4765 ὁδὸν
3007 4707 3310 4786 προσελθὼν
3365 4709 3540 4789 ἀφὴκε
3594 4709 3784 4790 φωνὴν,

2161 4802 2229 4870 ἢν
2258 4803 2344 4857 καὶ
2389 4803 2416 4856 6
2460 4798 2627 4856 πάλαι
2671 4797 2865 4874 λεπρὸς
2907 4801 2984 4872 τῷ
3029 4801 3257 4872 Χριστῷ·
3297 4800 3439 4865 πλὴν
3483 4799 3607 4857 ὅσοι
3642 4803 3668 4855 6
3707 4797 3788 4872 μὲν

2169 4893 2304 4964 ι’ἱὸν,
2357 4889 2390 4946 ὅ
2433 4887 2486 4944 δὲ
2525 4886 2708 4944 δοῦλον
2757 4886 2934 4943 ἐκάλει
2986 4894 3144 4967 Θεοῦ,
3193 4889 3280 4944 καὶ
3330 4889 3608 4967 θεραπείας
3637 4886 3786 4944 ἑδεῖτο

2161 4994 2373 5059 τυχεῖν·
2427 4979 2516 5036 καὶ
2567 4979 2656 5033 τὸν
2714 4983 2876 5032 ταῦτα
2926 4974 3211 5052 δυνάμενον
3262 4977 3567 5053 θεραπεύειν
3613 4974 3786 5034 ἀπολιο

2163 5071 2278 5126 πὼν
2335 5068 2658 5143 ὀμὸιοπαθεῖ
2712 5064 3009 5140 προσῆλθες
3068 5065 3327 5143 ἀνθρώπῳ
3381 5072 3486 5122 τῶν
3540 5067 3665 5145 ὑπὲρ
3705 5062 3782 5118 δύ·

2164 5181 2321 5235 ναμιν
2352 5157 2593 5214 ἀπαιτῶν
2627 5171 2643 5228 ;
2678 5153 2825 5223 Πλὴν
2871 5153 2992 5210 ἀλλ’
3049 5153 3104 5210 εἴ
3133 5177 3183 5211 τι
3236 5158 3504 5220 πιστεύεις
3537 5158 3630 5213 οὐκ
3657 5155 3787 5210 ἐκεῖ·

2164 5271 2253 5305 νον
2284 5247 2470 5322 μόνον,
2504 5243 2640 5301 ἀλλὰ
2690 5246 2778 5301 καὶ
2836 5246 2959 5307 τοὺς
2996 5245 3154 5303 αὖτυῦ
3194 5247 3519 5316 θεράποντας
3563 5241 3790 5301 δυνατοὺς

2162 5338 2304 5394 εἶναι
2338 5337 2495 5393 ταυτὸ
2522 5339 2854 5411 θεραπευειν,
2888 5332 3033 5389 ἔσται
3067 5355 3148 5390 σοι
3209 5337 3295 5391 καὶ
3341 5332 3407 5390 δι’
3440 5336 3598 5410 ἡμῶν
3637 5333 3783 5398 ἴασις,

2161 5429 2235 5491 ὡς
2291 5427 2670 5484 πεπίστευκας,
2733 5415 2825 5487 Ὠς
2885 5419 2940 5478 δὲ
2999 5420 3205 5487 ἐκεῖνος
3257 5424 3420 5480 ταῦτά
3470 5445 3527 5480 τε
3591 5416 3781 5498 ὠμολό·

2161 5537 2241 5594 γε,
2276 5517 2364 5571 καί
2393 5513 2468 5570 ἔτι
2501 5511 2705 5588 μᾶλλον
2761 5511 2904 5579 ἠξίου
2933 5511 3031 5578 τὴν
3087 5510 3257 5591 ἴασιν,
3315 5513 3500 5578 οἶκτος
3557 5510 3662 5588 ἅμα
3711 5503 3785 5562 καὶ

2157 5608 2331 5680 θαῦμα
2360 5606 2452 5660 τὸν
2482 5604 2652 5683 μέγαν
2711 5601 2900 5680 είσῂει,
2956 5602 3017 5657 τὸ
3075 5600 3172 5676 μὲν
3225 5603 3354 5679 πρὸς
3414 5603 3510 5670 τὴν
3539 5601 3704 5677 νόσον,
3734 5595 3784 5649 τὸ

2159 5691 2214 5750 δὲ
2246 5695 2376 5776 πρὸς
2409 5695 2468 5750 τὸ
2498 5692 2616 5768 ζέον
2673 5696 2773 5765 τῆς
2837 5692 3086 5761 πίστεως
3151 5691 3238 5748 καὶ
3299 5692 3542 5774 στραφεὶς
3599 5683 3780 5765 σημαί-
