4066 6146
351 231 505 298 1025

1479 227 1667 301 VITA
1711 237 1774 298 S.
1819 227 2180 298 DANIELIS
2223 224 2598 297 STYLIT/E.

3569 229 3723 296 1026

347 391 422 426 νει
468 382 584 431 τοῖς
636 368 936 448 ἑπομένοις,
969 371 1166 448 χεῖράς
1211 393 1267 427 τε
1298 371 1468 448 αἴρειν
1499 374 1571 437 εἷς
1622 370 1859 447 οὖρανὸν,
1893 369 1979 424 καὶ

2090 367 2478 438 :onfitebatur,
2511 376 2566 426 et
2599 364 2790 426 adhuc
2818 361 3000 440 magis
3035 359 3278 440 rogabat
3300 369 3362 423 ut
3383 375 3713 437 sanaretur,

1402 463 1538 519 Εἶτα
1618 460 1735 519 κατ’
1795 459 1992 515 ἐκείνου

349 551 670 626 πρόσταγμα
751 556 819 624 τῇ
878 547 1117 624 θαλάσσῃ
1173 551 1234 605 τὸ
1306 557 1464 625 σῶμα
1519 550 1843 624 λοδσάμενος
1908 549 1995 604 καὶ

348 641 676 716 καθαρισθείς
711 637 800 717 (οὒ
843 639 1046 715 μακρὰν
1081 639 1180 716 γὰρ
1229 638 1346 718 ἦν),
1377 640 1529 717 ὑγιὴς
1560 639 1681 702 ὅλος
1726 651 1840 701 τοῖς
1884 659 1994 692 πα-

350 735 496 806 ροῦσι
552 724 832 786 ἐδείκνυτο.
881 729 947 785 Οἳ
993 729 1079 784 καὶ
1138 730 1201 784 τὸ
1273 730 1510 809 πραχθὲν
1551 729 1866 802 θεασάμενοι
1911 726 1998 782 καὶ

349 815 602 878 λαϐόντες
673 819 744 882 ὡς
802 817 929 897 εἶχε
987 818 1078 873 τὸν
1130 817 1336 875 ἱαθέντα
1394 820 1616 896 γυμνὸν,
1661 819 1712 874 τί
1755 818 1850 893 μὲν
1906 817 2002 872 οὒκ

347 906 581 980 ἐποίουν,
614 904 740 963 τίδὲ
783 909 877 966 οὐκ
919 905 1124 986 ἔλεγον,
1161 909 1213 964 τί
1255 907 1309 964 δὲ
1339 909 1436 965 οὒκ
1478 908 1722 987 ἔπασχον
1757 926 1773 982 ;
1808 903 1999 962 Ἐθαύ-

349 1005 535 1075 μαζον,
600 996 791 1076 ἐϐόων,
851 997 1116 1078 ἐδόξαζον,
1177 999 1582 1067 ἐξεπλήττοντο.
1632 1001 1836 1056 Ἐκίνει
1901 996 2000 1073 μὲν

351 1089 533 1153 αὒτοῖς
607 1089 641 1156 ἠ
716 1090 890 1153 πίστις
947 1093 1078 1164 πρὸς
1153 1091 1492 1169 εὐχαριστίαν
1563 1090 1662 1156 τὴν
1728 1087 1994 1165 γλῶτταν,

348 1177 544 1258 ἐπεῖχε
575 1175 629 1232 δὲ
658 1177 780 1240 τοὺς
811 1177 1000 1256 λόγους
1030 1179 1090 1234 τὸ
1131 1180 1328 1252 θαῦμα,
1364 1181 1454 1235 καί
1487 1181 1616 1257 πρὸς
1645 1179 1743 1236 τὴν
1787 1175 1997 1243 ἔκπλη-

350 1266 427 1332 ξιν
496 1268 735 1346 ἀφώνους
795 1265 1044 1330 ἐδείκνυε,
1113 1269 1211 1324 Καὶ
1268 1269 1376 1342 μὴν
1433 1271 1517 1324 καὶ
1589 1267 1834 1346 λέγοντες
1905 1267 1999 1321 οὒκ

349 1358 511 1436 εἶχον
559 1355 587 1412 ὅ
617 1379 670 1412 τι
704 1356 800 1413 καί
835 1355 1060 1431 λέξουσι,
1098 1356 1196 1424 τήν
1227 1357 1412 1414 τούτου
1440 1358 1615 1414 πίστιν
1650 1357 1680 1424 ἢ
1724 1357 1822 1422 τὴν
1855 1356 1996 1411 ἐκεί-

350 1468 442 1502 νου
493 1448 650 1526 χάριν
695 1446 730 1513 ἢ
799 1451 900 1512 τὴν
957 1453 1050 1502 τοῦ
1108 1453 1240 1504 Θεοῦ
1303 1444 1544 1522 δύναμιν.
1593 1444 1883 1523 Ὀφθαλμοὶ
1944 1443 1994 1500 δὲ

350 1535 564 1590 πὰντων
605 1537 736 1613 πρὸς
782 1536 948 1610 μόνον
976 1535 1208 1610 ἐκεῖνον,
1240 1536 1325 1592 καὶ
1371 1536 1464 1610 μία
1497 1536 1645 1602 φωνὴ
1689 1537 1776 1590 καὶ
1803 1531 1997 1610 διήγη-

350 1643 454 1697 σις,
513 1625 541 1678 ὃ
587 1622 781 1700 λεπρός
846 1644 902 1678 τε
961 1625 1124 1691 καὶὴ
1185 1624 1383 1680 ἐκείνου
1425 1626 1696 1704 κάθαρσις.
1741 1622 1859 1678 Ἵνα
1914 1623 2001 1678 καὶ

349 1711 588 1777 πλείονες
645 1712 744 1768 ὦσι
787 1719 876 1769 τοῦ
933 1711 1228 1792 παραδὸξου
1284 1716 1565 1793 μαρτυρες,
1619 1714 1708 1770 καὶ
1777 1713 1850 1775 εἷς
1912 1712 2000 1766 τὸν

349 1801 599 1880 μέγιστον
641 1807 733 1858 τοῦ
763 1808 892 1858 Θεοῦ
923 1803 1046 1857 ναὸν
1093 1801 1431 1882 ἀφικνοῦνται
1475 1803 1568 1860 καί
1598 1800 1694 1858 ἒπῖ
1751 1798 2000 1879 ὀκρίϐαν-

347 1910 439 1952 τος
488 1890 671 1946 ἰστῶσι
703 1891 797 1946 τὸν
841 1887 1002 1967 ἄνδρα
1044 1890 1312 1968 παρόμοια
1362 1896 1439 1964 τῷ
1470 1891 1725 1969 Ζακχαίῳ
1779 1895 2001 1945 ποιοῦν-

349 2000 462 2042 τες.
500 1979 596 2036 Καὶ
644 1980 748 2058 γὰρ
776 1978 1024 2036 κάκεῖνον
1054 1981 1089 2046 ἡ
1133 1981 1308 2041 πίστις
1340 1979 1425 2035 ἐπὶ
1470 1979 1798 2057 συκομορέαν
1842 1976 2000 2033 ἀνελ-

349 2071 464 2125 θεῖν
530 2070 738 2124 ἓπεισε⁶
792 2070 878 2124 καὶ
947 2071 1152 2129 τούτοις
1215 2069 1357 2131 αὖθις
1414 2067 1494 2149 ἐφ’
1554 2068 1764 2144 ὕψηλου
1807 2072 2000 2134 στῆναι

349 2170 442 2214 τον
497 2157 704 2214 ἰαθέντα
759 2159 793 2226 ἡ
840 2160 998 2234 ὁμοία
1066 2157 1206 2229 ζέσις
1250 2166 1340 2214 τοῦ
1412 2159 1742 2224 ΙΙνεύματος.
1791 2158 1880 2219 Τίς
1936 2157 2002 2211 τὰ

351 2246 437 2302 ἐπὶ
467 2247 542 2320 τῷ
573 2247 815 2325 μακαρίῳ
839 2248 958 2303 τότε
993 2249 1250 2324 γενόμενα
1281 2246 1598 2324 διηγήσαιτο
1631 2267 1647 2326 ;

347 459 561 536 δάκρυσι
639 462 700 515 τὸ
755 464 898 517 θεῖον
975 460 1312 525 ἔειλεοῦσοαι.

2078 455 2486 518 misericordia
2512 455 2689 514 simul
2747 463 2806 513 et
2860 452 3172 513 admiratio
3207 469 3480 529 magnum
3536 451 3718 514 subiit

2077 545 2406 608 Danielem:
2435 544 2844 609 misericordia
2868 543 3388 624 quidem,propter
3418 542 3714 623 morbum,

2078 637 2388 698 admiratio
2420 645 2639 713 autem,
2676 641 2914 714 propter
2942 631 3234 693 fervorem
3266 631 3404 692 fidei
3431 649 3446 708 ;
3481 640 3541 692 et
3571 650 3720 693 con-

2082 743 2306 800 versus,
2338 725 2631 804 significat
2658 723 2732 782 iis
2759 721 2862 802 qui
2891 720 3319 800 sequebantur,
3342 729 3404 780 ut
3429 729 3487 781 et
3513 738 3725 782 manus

2083 815 2289 876 tollant
2308 820 2366 874 in
2399 813 2699 892 coelum,et
2725 815 2912 872 Deum
2935 811 3170 891 placent
3191 808 3726 890 lacrymis.Deinde

2083 921 2215 964 cum
2249 903 2409 964 illius
2429 904 2604 980 jussu
2635 900 2686 961 is
2718 899 2866 960 mari
2895 915 3112 978 corpus
3144 897 3405 972 lavisset,
3439 906 3496 958 et
3517 899 3726 960 fuisset

2084 991 2400 1053 mundatus
2436 1003 2572 1062 (non
2612 988 2820 1070 procul
2848 989 3012 1049 enim
3044 985 3301 1067 aberat),
3335 993 3609 1048 ostensus
3639 994 3728 1048 est

2085 1089 2240 1142 totus
2265 1099 2441 1142 sanus
2470 1080 2542 1140 iis
2565 1080 2666 1160 qui
2688 1075 3080 1148 aderant.Qui
3100 1093 3235 1138 cum
3257 1077 3627 1155 aspexissent
3663 1076 3724 1138 id

2080 1171 2236 1251 quod
2267 1171 2482 1231 factum
2528 1169 2742 1241 fuerat,
2783 1175 2839 1228 et
2869 1166 3093 1228 nudum
3133 1167 3504 1246 accepissent
3560 1184 3720 1242 cum,

2080 1259 2183 1339 qui
2210 1259 2405 1320 fuerat
2436 1266 2698 1332 curatus,
2732 1255 2873 1336 quid
2907 1274 3025 1315 non
3057 1253 3402 1317 faciebant?
3433 1253 3574 1335 quid
3606 1272 3726 1316 non

2079 1346 2404 1411 dicebant?
2434 1366 2552 1424 quo
2582 1364 2699 1406 non
2720 1343 2906 1405 animi
2929 1350 3091 1403 motu
3115 1341 3574 1406 afficiebantur?
3604 1343 3727 1406 Ad-

2085 1436 2473 1509 mirabantur,
2505 1433 2859 1507 clamabant,
2882 1431 3314 1511 gloriﬁcabant,
3337 1433 3726 1513 obstupesce-

2083 1526 2244 1588 banl.
2279 1525 2543 1587 Movebat
2561 1524 2800 1604 quidem
2834 1523 2984 1584 fides
3010 1523 3096 1584 eis
3126 1521 3385 1601 linguam
3403 1522 3478 1585 ad
3506 1525 3728 1602 gratia-

2081 1634 2212 1677 rum
2237 1615 2534 1676 actionem
2559 1634 2574 1694 ;
2610 1610 2786 1674 verba
2811 1621 3007 1673 autem
3031 1611 3360 1672 sustinebat
3388 1613 3722 1674 admiratio.

2027 1698 2061 1750 Β
2086 1713 2144 1767 et
2172 1703 2493 1778 efficiebat,
2522 1712 2586 1764 ut
2618 1720 2740 1782 pra)
2767 1711 3014 1780 stupore
3044 1702 3544 1764 obmutescerent.
3575 1701 3728 1774 Quin

2083 1793 2264 1856 etiam
2288 1793 2578 1869 dicentes,
2600 1791 2946 1852 nesciebant
2965 1789 3247 1870 quidnam
3272 1791 3485 1852 dicturi
3504 1799 3727 1872 essent,

2085 1884 2340 1962 hujusne
2363 1882 2644 1957 tidem,an
2667 1881 2828 1942 illius
2849 1883 3124 1958 gratiam,
3151 1898 3226 1940 an
3249 1881 3357 1942 Dei
3381 1880 3726 1960 potentiam.

2087 1973 2258 2034 Oculi
2289 1980 2486 2032 autem
2517 1970 2784 2031 omnium
2811 1970 2874 2029 in
2902 1969 3069 2029 illum
3103 1967 3294 2030 solum
3317 1979 3488 2030 erant
3517 1969 3730 2048 conje-

2085 2062 2188 2136 cti,
2224 2078 2449 2139 voxque
2473 2078 2590 2122 una
2622 2068 2750 2121 erat
2782 2069 2838 2119 et
2868 2057 3153 2133 narratio,
3179 2057 3453 2136 leprosus
3483 2065 3544 2119 et
3573 2059 3732 2119 illius

2085 2149 2413 2212 inundatio.
2464 2147 2540 2210 Ut
2569 2167 2709 2228 ergo
2741 2157 2942 2209 essent
2988 2149 3189 2228 plures
3219 2155 3397 2209 testes
3439 2146 3616 2226 hujus
3643 2147 3735 2208 rei

2085 2237 2728 2310 admirabilis,veniunt
2748 2236 2820 2296 ad
2848 2240 3166 2297 maximum
3197 2235 3300 2298 Dei
3323 2238 3635 2318 templum,
3667 2254 3733 2315 et

348 2334 538 2395 virum
564 2333 734 2395 illum
766 2335 828 2396 in
857 2343 1136 2414 suggesto
1160 2344 1446 2410 statuunt,
1483 2335 1768 2397 facientes
1811 2336 1967 2398 sicut
2005 2332 2307 2397 Zachaeus.
2340 2326 2486 2388 Nam
2520 2327 2604 2388 illi
2633 2343 2874 2406 quoque
2905 2326 3196 2404 persuasit
3224 2326 3398 2400 fides,
3429 2335 3495 2388 ut
3521 2343 3729 2388 ascen-

351 2424 524 2486 deret
553 2441 954 2503 sycomorum,
989 2435 1049 2485 et
1080 2424 1172 2486 his
1199 2441 1430 2499 rursus,
1464 2432 1527 2485 ut
1564 2446 1617 2484 ,ιι
1673 2424 1792 2488 alto
1827 2431 2159 2488 statuerent
2189 2437 2322 2480 eum
2357 2418 2456 2497 qui
2491 2426 2730 2477 curatus
2784 2416 2998 2490 fuerat,
3031 2415 3328 2494 persuasit
3353 2416 3571 2476 similis
3601 2416 3728 2477 fer-

348 2536 456 2581 vor
488 2517 749 2598 spiritus.
784 2518 951 2593 Quis,
991 2537 1128 2599 quae
1161 2527 1302 2581 tunc
1331 2528 1576 2599 propter
1609 2536 1885 2598 magnum
1919 2517 2225 2581 Danielem
2259 2510 2501 2585 fiebant,
2537 2512 2866 2572 narraverit
2895 2515 2922 2571 ?

433 2606 578 2670 ME'.
653 2607 959 2686 Συρῤέουσιν
1016 2607 1101 2664 ἐπ’
1161 2611 1310 2666 οὗτὸν
1371 2608 1552 2686 ὀλίγου
1609 2613 1722 2664 δεῖν
1777 2617 1922 2666 πᾶσα
1966 2611 2002 2677 ἡ

349 2695 534 2776 πόλις,
579 2697 626 2754 οἱ
675 2697 772 2773 μὲν
820 2704 1094 2761 νοσοῦντες
1127 2697 1300 2776 ἐφέσει
1353 2703 1452 2764 τῆς
1501 2699 1803 2778 θεραπείας,
1838 2698 2002 2777 ἐγγύ-

343 2790 434 2844 θεν
497 2786 718 2865 ἒχοντες
748 2787 808 2842 τὸ
838 2785 1202 2866 παράδειγμα,
1234 2788 1325 2842 τὸν
1375 2787 1589 2845 ἰαθάιτα
1622 2790 1837 2866 λεπρὸν,
1874 2790 1919 2844 οἱ
1949 2785 2004 2843 δὲ

347 2875 674 2953 ὑγιαίνοντες
743 2873 874 2932 ἰδεῖν
933 2897 990 2931 τε
1047 2878 1170 2938 τοὺς
1246 2876 1694 2953 θεραπευομένους
1752 2879 1834 2932 κοί
1904 2882 2005 2943 τῆς

346 2950 451 3020 τῶν
506 2966 790 3039 θαυμάτων
846 2964 967 3031 θέας
1009 2966 1086 3040 μὴ
1139 2950 1454 3041 ἀμοιρῆσαι.
1527 2950 1578 3022 Ἄ
1623 2964 1678 3021 δὲ
1721 2964 2002 3033 ἠκολούθει

349 3059 418 3130 τῇ
457 3055 628 3110 πίστει
660 3059 766 3110 τῶν
796 3054 1126 3130 προσιόντων
1170 3055 1412 3129 θαύματα
1443 3057 1531 3110 καὶ
1559 3053 1732 3133 λόγου
1786 3057 2006 3134 κρείττω

353 3144 440 3198 καὶ
491 3143 679 3224 ἀκοῆς,
715 3143 867 3200 Ἐπεὶ
930 3141 984 3199 δὲ
1045 3142 1138 3198 καί
1198 3142 1456 3222 λαμπρῶς
1489 3143 1626 3200 οὕτω
1685 3145 2008 3224 προπεμπό-

354 3253 511 3309 μενος
570 3236 598 3289 ὁ
637 3234 802 3311 μέγας
859 3232 978 3289 ἔνθα
1039 3231 1237 3298 δήκαὶ
1281 3237 1309 3289 ὁ
1369 3233 1617 3307 βασιλεὺς
1665 3233 1730 3301 ἧν
1790 3233 2008 3312 ἔγγιστα

349 3323 458 3378 τῶν
534 3329 626 3378 τοῦ
701 3314 962 3398 Ἐϐδόμου
1033 3322 1340 3401 ἀνακτόρων
1415 3323 1646 3402 ἐγένετο,
1711 3322 1843 3401 ἀνήρ
1928 3345 2009 3388 τις

353 3412 546 3475 Γότθος
603 3413 664 3467 τὸ
718 3413 869 3490 γένος
923 3409 1009 3466 διὰ
1051 3409 1252 3490 θυρίδος
1309 3413 1586 3490 προκύψας
1646 3412 1868 3492 ἄνωθεν,
1924 3415 2009 3470 καὶ

357 3501 495 3557 οὕτω
549 3502 638 3557 τὸν
695 3500 839 3556 ὅσιον
897 3498 1018 3556 ἰδὼν
1070 3503 1520 3579 προπεμπόμενόν
1563 3523 1619 3556 τε
1674 3504 1758 3558 καὶ
1800 3503 2008 3576 βαστα-

357 3588 580 3665 λόμενον
639 3591 710 3653 εἰς
759 3589 1026 3664 μαλακίαν
1088 3591 1246 3646 αὐτόν
1307 3589 1648 3647 ἀποσκώπτει
1699 3594 1789 3647 καὶ
1847 3593 2006 3669 εἰρω-

357 3685 514 3740 νικῶς
563 3677 974 3759 ἀποφθέγγεται⁶
1029 3677 1184 3755 Ἰδοὺ,
1220 3681 1374 3757 φησὶ,
1407 3681 1495 3735 καὶ
1538 3682 1566 3736 ὀ
1611 3678 1724 3745 νέος
1780 3680 2002 3743 ὕπατος.

357 3775 532 3826 Ταῦτα
608 3768 733 3848 ἔφη,
797 3770 881 3824 καὶ
952 3771 1098 3833 εὐθὺς
1179 3769 1430 3826 ἀπώνατο
1504 3779 1596 3828 τοῦ
1664 3768 2000 3848 ληρήματος.

359 3859 707 3938 βατενεχθεὶς
791 3861 890 3936 γαρ
943 3857 1155 3914 ἆκεῐθεν
1209 3860 1390 3937 νεκρὸς
1467 3860 1552 3915 ἐπὶ
1622 3864 1723 3938 γῆς
1805 3861 1998 3922 ἔκειτο.

356 3935 549 4020 Ὀρῶσι
625 3948 684 4001 τὸ
741 3947 960 4024 γεγονὸς
1012 3950 1059 4004 οἱ
1135 3946 1612 4028 σωματοφύλακες,
1676 3949 1760 4004 καὶ
1831 3949 2004 4017 λύπης

354 4034 466 4109 ἅμα
515 4036 604 4090 καὶ
664 4034 832 4113 ὀργῆς
890 4035 1284 4112 πληρωθέντες,
1332 4035 1508 4100 ἄλλως
1566 4059 1624 4093 τε
1668 4037 1722 4093 δὲ
1769 4041 1858 4095 καὶ
1899 4037 2002 4095 δέει

354 4122 764 4203 περιληφθέντες
835 4126 965 4199 μήτι
1024 4128 1110 4181 καὶ
1168 4126 1346 4202 ἓτερος
1403 4131 1508 4181 τῶν
1565 4129 1684 4207 περὶ
1728 4131 1912 4194 αὐτοὺς
1969 4129 2004 4197 ἢ

355 4214 512 4275 αὗτὸς
569 4213 814 4289 βασιλεὺς
847 4213 1030 4289 ὅμοιόν
1077 4236 1129 4270 τι
1162 4218 1292 4293 πρὸς
1344 4217 1433 4271 τὸν
1464 4216 1635 4295 μέγαν
1694 4222 2004 4298 παραφθεγ-

356 4301 578 4378 ξάμενος
632 4303 752 4367 τοῖς
824 4305 978 4359 αὐτοῦ
1038 4307 1337 4384 περιπέσοι,
1386 4309 1479 4364 οὐκ
1534 4308 1663 4363 εἴων
1726 4308 1860 4364 εἴσω
1916 4312 2006 4365 τὸν

357 4391 502 4449 ὅσιον
565 4402 814 4472 χωρησαι
874 4396 979 4448 τῶν
1048 4393 1353 4469 βασιλείων,
1417 4387 1508 4460 Ὡς
1563 4396 1618 4452 δὲ
1689 4400 1776 4454 καὶ
1832 4397 2007 4454 πολλὰ

2164 2603 2340 2666 XLV.
2395 2600 2652 2663 tlontluit
2709 2601 2782 2660 ad
2815 2617 2949 2659 eum
3012 2596 3290 2659 universa
3317 2598 3444 2659 fere
3501 2597 3728 2672 civitas,

2087 2700 2440 2772 regrotantes
2497 2689 2737 2770 quidem
2798 2687 3098 2750 desiderio
3150 2687 3492 2762 sanationis,
3549 2705 3735 2768 prope

2088 2782 2380 2844 habentes
2411 2779 2735 2858 exemplar,
2762 2778 3064 2858 leprosum
3106 2777 3208 2856 qui
3235 2777 3427 2839 fuerat
3458 2787 3732 2858 curatus;

2089 2872 2216 2933 sani
2264 2881 2490 2948 autem,
2523 2878 2587 2930 ut
2637 2869 2914 2928 viderent
2964 2885 3066 2928 eos
3117 2866 3219 2946 qui
3261 2865 3644 2942 curabantur,
3679 2878 3738 2929 et

2088 2962 2427 3042 Spectacula
2451 2957 2872 3021 nniraCulorum
2905 2959 3155 3017 minime
3186 2955 3732 3036 privarenturﬂute

2091 3068 2229 3112 vero
2281 3066 2486 3110 eorum
2521 3048 2623 3128 qui
2679 3048 3067 3121 accedebant,
3102 3046 3279 3107 fidem
3332 3045 3736 3126 sequebantur

2092 3138 2400 3214 miracula,
2436 3148 2574 3199 sunt
2627 3137 2876 3215 majora,
2911 3154 3088 3216 quam
3140 3145 3204 3197 ut
3233 3133 3429 3196 verbis
3481 3135 3738 3216 exprimi

2092 3229 2341 3310 possint,
2377 3237 2436 3289 et
2463 3227 2711 3288 auribus
2744 3227 2994 3306 percipi.
3019 3230 3163 3290 Cum
3187 3237 3389 3287 autem
3411 3225 3500 3286 sic
3529 3225 3739 3306 splen-

2093 3321 2231 3381 dide
2283 3318 2600 3381 comitatus
2629 3334 2878 3395 magnus
2907 3317 3007 3377 ille
3061 3315 3270 3378 Daniel
3299 3317 3368 3376 ad
3417 3316 3640 3395 locum,
3674 3315 3738 3377 in

2093 3428 2208 3488 quo
2232 3417 2360 3470 erat
2378 3409 2724 3488 imperator,
2755 3406 2863 3466 fuit
2889 3423 3074 3486 prope
3106 3406 3324 3484 palatia
3353 3403 3627 3482 Septimi,
3652 3410 3739 3465 vir

2091 3497 2328 3578 quidam
2367 3498 2621 3561 Gottbus
2663 3513 2908 3575 genere,
2940 3495 3198 3574 desuper
3227 3495 3599 3574 prospiciens
3629 3511 3738 3574 per

2090 3591 2435 3664 fenestram,
2456 3605 2590 3648 cum
2617 3595 2887 3646 sanctum
2911 3584 3254 3645 vidissetsic
3275 3583 3492 3644 deduci
3514 3590 3572 3644 et
3594 3600 3736 3662 por-

2092 3678 2223 3750 tari,
2258 3676 2391 3754 ejus
2423 3677 2634 3736 irridet
2665 3675 3002 3753 mollitiem,
3035 3681 3093 3733 et
3121 3673 3352 3734 irouice
3383 3673 3682 3752 eloquitur
3715 3693 3730 3732 :

2088 3764 2265 3839 Ecce,
2296 3765 2510 3846 inquit,
2543 3783 2727 3826 novus
2776 3764 3009 3825 consul.
3042 3761 3181 3823 "th
3215 3762 3386 3836 dixit,
3421 3771 3480 3822 et
3535 3761 3732 3823 statim

2087 3856 2317 3935 accepit
2339 3855 2593 3916 fructum
2617 3871 2858 3916 suarum
2885 3871 3198 3932 nugarum;
3231 3850 3400 3911 illinc
3430 3848 3590 3912 enim
3622 3852 3732 3912 de-

2091 3946 2380 4025 turbatus,
2406 3944 2573 4005 humi
2597 3943 2837 4022 jacebat
2889 3953 3177 4003 mortuus.
3215 3941 3431 4002 Vident
3457 3939 3614 4020 quod
3646 3940 3736 4002 fa-

2089 4045 2250 4097 ctum
2305 4037 2500 4096 fuerat
2527 4035 2835 4108 satellites,
2871 4044 2932 4094 et
2993 4032 3198 4092 dolore
3227 4031 3406 4092 simul
3429 4047 3488 4092 et
3518 4041 3604 4092 ira
3632 4048 3735 4092 re-

2087 4125 2251 4205 pleti,
2287 4134 2346 4186 et
2393 4125 2610 4205 alioqui
2647 4125 2857 4184 timore
2908 4121 3190 4201 correpti,
3227 4139 3302 4182 ne
3345 4121 3434 4181 vel
3465 4121 3616 4183 alius
3665 4139 3737 4183 ex

2088 4216 2233 4290 suis,
2261 4216 2350 4275 vel
2381 4216 2508 4294 ipse
2539 4219 2862 4294 imperator
2893 4211 3090 4272 simile
3121 4212 3261 4290 quid
3287 4211 3574 4272 adversus
3604 4229 3734 4271 ma-

2088 4324 2266 4384 gnum
2293 4305 2462 4366 illum
2487 4305 2744 4385 locutus,
2768 4304 2829 4363 in
2853 4302 3062 4363 eadem
3087 4300 3401 4380 incideret,
3431 4319 3550 4361 non
3573 4300 3736 4362 sine-

2091 4402 2230 4456 bant
2281 4405 2550 4456 sanctum
2583 4395 2814 4473 ingredi
2861 4394 3109 4469 regiam.
3165 4392 3311 4451 Cum
3349 4407 3484 4451 vero
3535 4391 3608 4451 iis
3637 4390 3738 4470 qui

356 4483 702 4562 πειρωμένων
773 4488 880 4538 τῶν
951 4484 1045 4539 σὺν
1103 4490 1245 4558 αυτῷ
1327 4484 1688 4562 παρεισδῦναι,
1736 4485 1913 4551 ἄλλως
1971 4489 2002 4556 ἥ

2092 4504 2225 4546 cum
2260 4504 2330 4547 eo
2363 4495 2554 4561 erant,
2590 4483 2943 4545 conantibus
2987 4483 3244 4562 ingredi,
3277 4481 3499 4560 alioqui
3530 4498 3742 4559 magna

355 4571 586 4650 ὄχλησις
655 4571 746 4652 ἧν,
809 4576 929 4628 τότε
1001 4575 1088 4630 καὶ
1143 4575 1236 4629 τὸν
1317 4576 1588 4651 κονιορτὸν
1647 4575 2006 4654 εὖαγγελικώς

355 4658 767 4726 ἀποτινάξασθαι
819 4667 926 4718 τῶν
987 4661 1163 4719 ποδῶν
1212 4663 1333 4728 τοὺς
1389 4667 1507 4734 περὶ
1566 4667 1723 4721 αὐτὸν
1778 4669 1806 4720 ὁ
1863 4666 2006 4730 ὅσιος

355 4750 697 4830 παραινέσας,
759 4751 847 4810 καὶ
917 4750 1074 4814 αὐτὸς
1117 4757 1326 4829 πρῶτος
1391 4753 1546 4810 τοῦτο
1587 4757 1817 4826 ποιήσας
1878 4756 2007 4811 ἀνέ-

356 4861 599 4920 στρεφεν.
675 4842 748 4898 Οὐ
798 4841 907 4917 μὴν
972 4839 1090 4900 οὐδὲ
1135 4841 1258 4896 τότε
1313 4844 1484 4907 κενός
1523 4846 1710 4924 συχνοί
1752 4847 1851 4924 γὰρ
1903 4853 2009 4902 τῶν

358 4936 697 5008 στρατιωτῶν
753 4932 839 4986 καὶ
870 4931 1032 5005 μόνον
1077 4929 1168 4987 ἐπὶ
1231 4932 1406 5009 βραχὺ
1450 4941 1676 5010 φανέντα
1724 4939 1816 4992 τοῦ
1845 4937 2008 5015 ἀγγε-

357 5016 510 5075 λικοῦ
566 5021 764 5096 τρόπου
794 5021 883 5076 καὶ
941 5021 1226 5100 σχήματος
1271 5021 1624 5101 ἐκπλαγέντες
1659 5025 1817 5082 αὐτὸν
1866 5028 2010 5091 εὐθὺς

357 5110 431 5171 ὡς
491 5109 656 5188 εἶχον
730 5113 1059 5172 συνείποντο.
1136 5109 1330 5187 Ἀμῄει
1399 5114 1496 5189 μὲν
1569 5114 1706 5171 οῧτω
1760 5117 1860 5184 τὴν
1928 5117 2012 5174 ἐπὶ

358 5198 616 5268 Βύζαντος
649 5202 676 5255 ὁ
698 5208 792 5258 τοῦ
823 5207 954 5257 Θεοῦ
983 5199 1278 5280 ἅνθρωπος.

441 5287 603 5360 MC’.
651 5280 708 5346 Ὀ
762 5287 817 5345 δὲ
875 5297 1083 5368 κρατῶν
1143 5288 1470 5358 δυσωπηθεὶς
1529 5293 1706 5374 ὥσπερ
1762 5296 1862 5364 τὴν
1917 5299 2015 5353 τοῦ

2095 4584 2220 4636 erat
2243 4576 2632 4654 perturbatio,
2661 4585 2799 4635 tunc
2832 4592 2967 4635 cum
2995 4571 3334 4651 evangelise
3354 4572 3571 4651 pedum
3596 4588 3738 4630 suo-

2090 4682 2222 4725 rum
2257 4673 2538 4725 excutere
2583 4666 2905 4744 pulverem,
2943 4680 3047 4724 eos
3087 4678 3352 4742 quicum
3404 4661 3533 4740 ipso
3570 4668 3740 4721 erant

2094 4753 2362 4814 hortatus
2389 4764 2549 4815 esset
2577 4762 2839 4833 sanctus,
2865 4763 2921 4814 et
2951 4753 3080 4831 ipse
3111 4756 3225 4813 hoc
3256 4750 3518 4824 fecisset,
3542 4767 3741 4811 rever-

2093 4862 2194 4905 sus
2228 4856 2356 4924 est;
2390 4847 2495 4905 sed
2527 4862 2720 4924 neque
2750 4850 2892 4904 tunc
2919 4860 3157 4904 vacuus.
3185 4842 3350 4902 Multi
3382 4842 3542 4901 enim
3575 4840 3741 4901 mili-

2097 4942 2208 5015 tes,
2245 4937 2347 5013 qui
2376 4952 2512 4995 cum
2557 4953 2695 4995 eum
2729 4951 2934 5014 parum
2979 4933 3168 4992 solum
3203 4933 3510 5005 vidissent,
3545 4948 3742 4992 mores

2098 5033 2155 5084 et
2186 5024 2446 5084 habitum
2480 5025 2850 5104 stupuissent
2892 5022 3320 5101 evangelicum,
3353 5039 3490 5082 eum
3539 5021 3739 5081 statim

2096 5124 2238 5175 sunt
2285 5117 2612 5177 consecuti.
2663 5114 2733 5174 Et
2773 5115 2860 5174 sic
2903 5115 3142 5194 quidem
3192 5113 3349 5175 vadit
3398 5111 3739 5192 Byzantium

2093 5206 2271 5265 homo
2301 5203 2430 5268 Dei.

2176 5291 2371 5354 XLVI.
2407 5293 2741 5375 Imperator
2756 5305 2951 5359 autem
2983 5295 3092 5358 viri
3121 5295 3412 5356 reveritus
3441 5293 3739 5370 virtutem,

358 5373 545 5469 ᾇνδρὸς
605 5377 824 5469 ἀρετὴν,
859 5381 946 5436 καὶ
990 5377 1164 5444 δείσας
1221 5382 1298 5457 μή
1359 5403 1410 5437 τι
1469 5388 1556 5440 καὶ
1588 5373 1729 5460 αὐτῷ
1771 5384 2002 5466 χαλεπὸι

2097 5394 2156 5446 et
2186 5386 2416 5446 veritus
2441 5373 2518 5448 ne
2550 5390 2691 5469 quid
2712 5391 2767 5450 ei
2801 5408 2970 5469 grave
2992 5388 3293 5451 accideret
3310 5395 3558 5466 propter
3583 5385 3745 5444 illius

362 5465 576 5562 ἐπέλθοι
646 5466 737 5562 διὰ.
788 5471 887 5538 τὴν
939 5472 1092 5562 -πρὸς
1171 5471 1380 5529 ἐκεῖνον
1447 5474 2002 5562 ὑπεροψίαν,πὲμψος

2101 5465 2637 5562 contemptionem,
2677 5465 2855 5542 mittit
2901 5487 2973 5545 ad
3005 5496 3138 5541 cum
3199 5465 3665 5558 quamprimum,
3689 5483 3748 5536 et

358 5554 442 5613 ὅτι
491 5557 661 5640 τάχος
720 5559 1052 5641 ὑποστρέψαι
1111 5559 1440 5642 παρακαλεῖ.
1505 5556 1561 5622 Ὀ
1619 5565 1673 5622 δὲ
1724 5566 1828 5649 οὐχ
1875 5565 2002 5626 ὅπωι

2098 5579 2268 5648 regat
2291 5554 2735 5638 ut'revertatur.
2764 5573 2871 5638 Ille
2888 5590 3028 5641 vero
3060 5587 3181 5636 non
3205 5554 3618 5649 modo—ﬂexus,
3639 5563 3746 5628 sed
