4066 6146
419 215 440 278 1
454 211 570 277 027

1578 213 1966 278 ADDENDA.
2043 245 2121 258 —
2197 213 2624 279 DEGEMBEB.

3646 201 3785 277 1028

417 343 591 406 etiam
626 339 812 420 magis
833 338 1122 415 irritatus,
1145 357 1280 401 cum
1307 337 1575 429 dixisset,
1605 341 1762 420 quod
1795 343 1894 424 qui
1929 363 2051 411 coe-

2142 350 2420 429 κσμφθεὶς,
2484 349 2622 406 ἀλλὰ
2662 351 2748 406 καὶ
2805 348 3011 424 μαλλον
3068 347 3398 427 παροξυνθεὶς
3469 349 3565 404 καὶ
3625 349 3788 426 φήσας

414 435 626 496 lestem
655 433 878 510 Regem
901 438 1151 490 conatur
1172 427 1696 508 exacerbare,ipse
1722 434 1912 497 multo
1937 455 2067 498 ma-

415 527 506 608 gis
548 523 838 584 malorum
875 521 1218 581 thesaurum
1251 517 1667 608 sibirecoﬁndit
1702 538 1718 596 ;
1760 531 1816 582 et
1846 524 2068 588 deinde

417 605 733 692 adiecisset
764 610 939 670 etiam
974 609 1121 677 fore,
1156 615 1221 669 ut
1251 607 1345 667 hic
1376 605 1541 669 brevi
1575 608 1809 672 excidat
1841 614 1916 676 ab
1947 615 2064 675 im-

417 705 617 786 perio,
650 711 705 762 et
755 717 856 761 eas
887 715 1022 774 qua;
1070 696 1192 756 illic
1224 704 1362 786 sunt
1411 696 1602 759 minas
1635 718 1753 762 non
1804 703 2062 781 elTugiat.

419 785 560 856 Haec
591 810 724 854 cum
774 788 1044 862 dixisset,
1080 794 1139 848 et
1167 786 1217 847 si
1247 785 1382 866 quis
1411 785 1471 846 in
1530 789 1727 849 tunica
1754 793 2067 855 remiserat

417 885 633 966 pulvis,
669 897 804 941 eum
838 876 1218 948 excussisset,
1256 877 1544 966 processit
1599 877 1806 942 ﬁdenti
1837 881 2059 947 animo.

415 965 558 1036 Cum
585 971 710 1030 haec
730 966 1234 1029 annuntiaientur
1264 965 1637 1046 imperatori,
1672 969 1846 1031 simul
1885 973 2060 1034 etiam

413 1081 517 1126 sua
547 1065 757 1141 sponte
784 1053 998 1116 cecidit
1030 1059 1212 1114 turris
1243 1054 1467 1134 palatii,
1497 1057 1744 1136 perinde
1774 1077 1842 1122 ac
1873 1061 1921 1121 si
1953 1079 2058 1141 per

415 1169 511 1214 res
541 1150 768 1210 animas
809 1151 1184 1221 arrogantem
1235 1157 1295 1205 et
1348 1144 1704 1207 insolentem
1752 1149 2053 1212 hominem

408 1242 568 1306 Deus
595 1237 772 1299 vellet
817 1235 1079 1296 erudire.
1111 1232 1390 1306 Quaenam
1414 1242 1614 1297 autem
1648 1240 1720 1298 ab
1752 1239 2058 1302 accidente

411 1339 613 1393 sancto
643 1327 794 1389 facta
813 1333 948 1386 sunt
972 1323 1257 1384 miracula
1283 1324 1605 1403 (quomodo
1631 1327 1790 1388 enim
1810 1347 1878 1390 ex
1910 1329 2058 1392 urbe

412 1439 544 1484 cum
569 1420 655 1480 eis
676 1424 766 1478 est
787 1413 1174 1494 egressus,ita
1205 1418 1380 1472 etiam
1408 1413 1840 1492 ingredientem
1873 1421 2058 1498 ipsam

411 1527 618 1573 rursus
643 1507 1067 1586 sequebantur,
1105 1501 1548 1581 quodammodo
1572 1503 1729 1585 ipsa,
1765 1515 1827 1566 ut
1853 1507 1934 1568 ita
1963 1507 2060 1568 di-

411 1618 564 1673 cam,
601 1596 706 1659 Dei
741 1594 956 1654 virtute
996 1589 1277 1652 famulum
1312 1590 1675 1672 deducente)
1705 1613 1838 1655 cum
1867 1613 1939 1657 ex
1970 1597 2062 1658 his

2147 441 2220 502 ὡς
2278 441 2367 495 τὸν
2426 441 2664 518 οὒράνιον
2721 437 2945 516 βασιλέα
2995 460 3432 516 παραπικραινειν
3474 437 3790 516 ἐπιχειρῶν,

2147 529 2302 592 αὐτὸς
2349 527 2486 586 πολὺ
2516 528 2724 605 μᾶλλον
2773 529 2946 603 ἐαυτῷ
2986 531 3286 606 θησαυρίζει
3346 531 3505 603 κακὰ,
3540 527 3670 583 εἶτα
3707 527 3792 581 καί

2148 619 2396 698 προσθείς
2429 621 2502 682 ὡς
2547 640 2636 695 καί
2665 620 2764 685 τῆς
2809 617 3042 676 ἐντεῦθεν
3099 618 3404 674 ἐκπεσεῖται
3447 614 3571 690 μετ’
3623 613 3796 691 ὀλίγον

2148 709 2350 788 ἀρχῆς,
2405 709 2493 764 καὶ
2572 708 2671 774 τὴν
2729 707 2931 764 ἐκεῖθεν
3002 707 3100 762 οὒκ
3168 705 3466 785 ἐκφεύξεται
3541 703 3792 770 ἀπειλῂνο

2147 805 2312 856 ταῦτα
2355 797 2526 853 εἷ’πὼν
2570 795 2666 853 κᾶν
2724 795 2778 852 εἴ
2835 819 2914 859 τις
2962 797 3087 862 ἐνήν
3136 795 3465 874 ἀπολειφθεὶς
3523 815 3799 871 κονιοριος

2147 894 2224 962 τῷ
2263 889 2453 966 χιτῶνι
2497 888 2586 943 καὶ
2639 887 2793 942 αὐτὸν
2851 883 3336 964 ἀποτιναλάμενος,
3386 884 3587 963 ἐχώρει
3670 887 3797 958 θαρ-

2145 977 2269 1054 ῥῶν.
2323 975 2474 1051 "Ap:
2507 975 2664 1032 ταῦτα
2703 982 2778 1035 τῶ
2821 973 3036 1051 βασιλεῖ
3081 973 3451 1052 διηγγέλλετο,
3481 977 3576 1030 καὶ
3638 975 3667 1029 ὁ
3696 977 3797 1027 τῶν

2139 1066 2443 1136 ἀνακτόρων
2510 1065 2822 1141 αὐτομάτως
2889 1065 3179 1122 κατέπιπτε
3237 1065 3455 1143 πύργος,
3506 1062 3798 1138 καθαπερεὶ

2138 1155 2222 1215 διὰ
2277 1156 2386 1213 τῶν
2456 1155 2684 1235 ἀψύχων
2738 1157 2829 1211 τὸν
2887 1153 3116 1224 ἀλαζόνα
3179 1161 3270 1210 τοῦ
3331 1160 3461 1211 Θεοῦ
3523 1149 3798 1208 παιδεύειν

2139 1246 2431 1308 ἐθέλοντος.
2479 1246 2605 1302 Τίνα
2663 1241 2718 1300 δὲ
2779 1245 2866 1299 καὶ
2914 1243 3184 1318 προσιόντι
3242 1247 3318 1315 τῷ
3370 1244 3498 1316 ὁσίῳ
3554 1242 3622 1298 τὰ
3671 1241 3800 1296 θαύη

2144 1359 2288 1410 ματα
2336 1335 2546 1414 (ὥσπερ
2601 1334 2702 1412 γὰρ
2769 1333 2864 1400 τῆς
2934 1332 3143 1396 πόλεως
3187 1333 3323 1408 μετὰ
3364 1333 3571 1389 τούτων
3634 1328 3796 1405 ἐξῄει,

2145 1425 2284 1483 οὕτω
2341 1427 2429 1482 καὶ
2461 1423 2674 1481 ε²σιόντι
2720 1422 2880 1480 πάλιν
2925 1423 3055 1479 αὐτὰ
3097 1429 3367 1480 συνείπετο
3425 1425 3517 1478 οἷα
3555 1421 3647 1476 καὶ
3704 1422 3800 1474 αὗ-

2141 1521 2241 1582 τῆς
2299 1515 2457 1594 φάναι
2500 1518 2599 1580 τῆς
2652 1518 2744 1568 τοῦ
2798 1511 2929 1568 Θεοῦ
2972 1509 3241 1586 δυνάμεως
3298 1513 3387 1567 τὸν
3443 1509 3804 1587 θεραπεύοντα

2145 1601 2614 1682 προπεμπούσης),
2665 1603 2725 1658 ἐκ
2780 1602 2977 1658 τούτων
3025 1599 3180 1678 ὀλίγα
3233 1599 3317 1656 διὰ
3359 1601 3450 1656 τὸν
3508 1600 3674 1677 κόρον
3732 1599 3802 1661 ὣς

412 1707 622 1770 pauca,
674 1701 859 1764 eaque
922 1688 1160 1774 propter
1230 1679 1584 1762 satietatem,
1617 1683 1796 1744 veluti
1837 1686 2051 1747 cursim

2145 1679 2198 1750 ἐν
2232 1691 2546 1774 παραδρομῇ
2572 1679 2678 1755 θεὶς
2711 1691 2797 1748 ἐπὶ
2826 1693 2891 1746 τὰ
2916 1689 3202 1765 λειπέμενα
3233 1688 3655 1764 μετελεύσομαι.

410 1768 741 1850 adduxere,
770 1771 1031 1832 transibo
1061 1768 1134 1829 ad
1167 1786 1237 1830 ea
1267 1787 1399 1849 quae
1425 1781 1766 1850 supersunt.

487 1864 713 1929 XLVII.
763 1861 892 1924 Duo
924 1858 1164 1939 quidem
1197 1857 1268 1918 ab
1299 1859 1449 1946 ipso
1478 1861 1893 1926 adolescentes
1925 1866 2051 1946 pri-

410 1974 573 2019 mum
625 1958 929 2024 sanantur,
969 1965 1104 2025 quae
1146 1945 1512 2010 vexabantur
1567 1968 1600 2010 a
1655 1945 2051 2019 demonibus.

405 2044 641 2108 Deinde
675 2039 886 2101 mulier
917 2038 1190 2114 quaedam
1249 2034 1364 2096 alia
1395 2036 1512 2096 ﬁde
1541 2037 1892 2115 Cbananaaa,
1927 2059 2058 2122 quae

405 2133 664 2196 habebat
683 2129 886 2203 ﬁliam,
913 2135 971 2187 et
995 2124 1178 2186 veluti
1211 2125 1514 2186 aestuantis
1535 2128 1717 2190 animi
1753 2137 1934 2192 testes
1965 2131 2057 2192 la-

406 2239 635 2306 crymas
668 2214 1065 2300 profundebat
1089 2232 1158 2274 ex
1183 2213 1396 2306 oculis,
1424 2222 1609 2306 etper
1629 2234 1730 2280 eas
1757 2220 2061 2298 quaerebat

406 2303 800 2383 curationem,
829 2322 1031 2366 sanam
1055 2303 1298 2384 quidem
1319 2305 1724 2384 accipitﬁliam
1750 2324 1766 2380 ;
1793 2308 2055 2371 laetitiam

406 2411 600 2464 autem
619 2399 890 2462 referens
912 2412 1019 2476 pro
1043 2393 1572 2468 maerore,domum
1601 2395 1796 2458 rediit.
1826 2399 2058 2461 Deinde

407 2511 539 2555 cum
598 2495 838 2551 sanctus
872 2502 978 2566 per
1028 2483 1287 2545 mediam
1346 2486 1699 2564 procederet
1730 2487 2052 2564 civitatem,

409 2581 690 2665 patricius
721 2574 959 2658 quidam
1021 2592 1088 2634 ex
1121 2581 1355 2654 senatu,
1389 2575 1489 2665 qui
1522 2576 1646 2654 ipse
1676 2594 1913 2656 quoque
1942 2578 2054 2639 za-

408 2663 638 2736 cbzeum
673 2677 764 2730 est
793 2666 1078 2743 imitatus,
1109 2680 1245 2724 cum
1281 2681 1419 2724 eum
1444 2663 1696 2726 ferventi
1728 2665 1846 2728 ﬁde
1876 2667 2052 2729 domo

405 2781 513 2824 ua
537 2752 1138 2837 accepisset,Zachaao
1159 2769 1397 2832 quoque
1418 2753 1673 2814 similem
1696 2765 2054 2819 consecutus

405 2851 516 2914 fuit
555 2842 1059 2910 benedictionem.
1097 2842 1414 2921 Postquam
1448 2853 1646 2906 autem
1678 2843 1787 2907 fuit
1817 2845 1876 2907 in
1922 2845 2052 2927 ipso

408 2937 662 3001 maximo
720 2933 828 2996 Dei
861 2930 1104 3011 templo,
1139 2938 1198 2991 et
1252 2931 1426 2993 simul
1461 2942 1730 2994 versatus
1762 2934 1868 2995 fuit
1913 2954 2050 2998 cum

2220 1871 2355 1932 MZ'.
2413 1871 2513 1928 Δύο
2572 1870 2670 1945 μὲν
2727 1873 2870 1944 αὖτῷ
2913 1868 3174 1926 νεανίσκοι
3230 1869 3291 1923 τὸ
3349 1872 3564 1945 πρῶτον
3617 1866 3799 1922 ἱῶνται

2138 1961 2378 2034 δαίμοσιν
2423 1959 2821 2040 ἐνοχλούμενοι·
2870 1957 3053 2015 ἔπειτα
3114 1958 3249 2035 γυνή
3309 1978 3386 2017 τις
3419 1955 3563 2022 ἄλλη
3613 1962 3797 2011 Χανα-

2140 2053 2260 2108 ναία
2299 2051 2398 2118 τὴν
2454 2049 2650 2128 πίστιν,
2681 2047 2956 2126 θυγάτριον
2993 2047 3193 2126 ἔχουσα
3243 2045 3337 2102 καί
3369 2048 3461 2102 οἷα
3519 2045 3804 2121 μάρτυρας

2141 2141 2235 2208 τῆς
2277 2139 2702 2220 φλεγμαινούσης
2759 2142 2943 2217 ψυχῆς
3012 2138 3080 2194 τὰ
3129 2140 3236 2192 τῶν
3304 2133 3599 2214 ὀφθαλμῶν
3656 2154 3793 2210 προ-

2139 2232 2342 2310 χέουσα
2393 2229 2607 2302 δάκρυα,
2641 2226 2728 2283 καί
2756 2225 2823 2282 δι’
2867 2226 3039 2282 αὐτῶν
3067 2231 3298 2297 ζητοῦσα
3353 2225 3451 2290 τὴν
3481 2222 3794 2301 θεραπείαν,

2139 2322 2261 2398 ὑγιᾶ
2315 2318 2412 2394 μὲν
2454 2317 2552 2384 τὴν
2607 2314 2776 2373 παῖδα
2808 2313 3091 2389 λαμϐάνει,
3129 2315 3303 2394 χαρὰν
3359 2311 3413 2368 δὲ
3444 2313 3564 2369 ἀντὶ
3623 2311 3796 2378 λύπης

2140 2407 2479 2483 κομισαμένη
2529 2404 2715 2462 οἴκαδε
2746 2405 2991 2481 ἐπανῄει,
3020 2408 3157 2462 Εἶτα
3198 2404 3288 2460 καὶ
3315 2401 3400 2460 διὰ
3447 2407 3552 2469 τῆς
3585 2400 3794 2462 πόλεως

2140 2498 2311 2572 μέσης
2355 2504 2432 2570 τῷ
2485 2496 2612 2569 ὁσίῷ
2642 2503 2904 2574 χωροῦντι
2961 2500 3068 2550 τῶν
3095 2499 3194 2560 τῆς
3239 2491 3435 2568 βουλῆς
3474 2513 3560 2554 τις
3593 2511 3794 2565 πατρι-

2138 2588 2264 2644 κίων
2323 2587 2390 2641 τὰ
2447 2586 2714 2664 Ζακχαίου
2769 2585 2858 2640 καὶ
2913 2583 3069 2648 αὐτὸς
3129 2583 3506 2658 μιμησάμενος
3567 2582 3661 2636 καὶ
3725 2582 3796 2650 τῷ

2135 2675 2246 2750 ἰδίῳ
2289 2673 2427 2748 οἴκῳ
2493 2675 2630 2730 κατὰ
2687 2675 2885 2752 θερμὴν
2944 2673 3042 2740 τὴν
3115 2673 3286 2728 πίστιν
3346 2671 3794 2744 εἷσοικισάμενος,

2134 2771 2232 2832 τῆς
2285 2765 2470 2840 ὁμοίας
2499 2762 2686 2842 ἔτυχεν
2742 2763 3008 2840 ευλογίας.
3041 2761 3190 2818 Ἐπεὶ
3235 2759 3409 2816 δὲκαὶ
3466 2761 3605 2837 πρὸς
3653 2759 3791 2830 αύτῷ

2133 2853 2236 2923 ἤδη
2265 2861 2342 2928 τῷ
2367 2853 2602 2930 μεγίστῳ
2648 2861 2741 2911 τοῦ
2771 2859 2904 2910 Θεοῦ
2947 2857 3058 2922 ναῷ
3085 2853 3176 2925 ἧν,
3209 2852 3296 2906 καὶ
3338 2856 3416 2924 τῷ
3469 2846 3783 2926 πατριάρχῃ

2135 2945 2295 3012 συνῆν
2345 2944 2479 3020 μετὰ
2509 2940 2716 3009 πολλῆς
2764 2943 2920 3000 αὒτὸν
2965 2938 3230 3014 δεξαμένῳ
3269 2944 3368 3006 τῆς
3426 2936 3627 3014 ἡδονῆς
3658 2939 3787 3011 ὁμοῦ

405 3029 764 3122 patriarcha,
788 3025 890 3106 qui
909 3025 1106 3122 ipsam
1129 3043 1263 3086 cum
1290 3043 1500 3104 magna
1521 3027 1698 3088 simul
1718 3027 1919 3091 laetitia
1945 3048 2051 3091 ac—

2137 3036 2222 3090 γαί
2270 3030 2456 3110 τιμῆς,
2491 3031 2752 3088 κάνταῦθα
2802 3043 2919 3092 τοῖς
2950 3029 3047 3105 μὲν
3078 3027 3259 3093 ἄλλοις
3302 3028 3478 3103 καινὰ,
3511 3027 3691 3099 ἑαυτῷ
3735 3022 3788 3079 δὲ

403 3114 566 3202 cepit
609 3127 668 3181 et
697 3117 947 3190 honore,
981 3114 1079 3176 hic
1134 3134 1368 3196 quoque
1417 3117 1550 3178 aliis
1579 3117 1819 3197 quidem
1877 3137 2047 3200 nova,

2137 3124 2336 3194 συνήθη
2393 3126 2804 3199 θαυματουργετ.
2853 3118 3011 3199 Ὄφις
3043 3118 3200 3176 ποθὲν
3256 3117 3485 3194 ἐρπύσας
3528 3118 3622 3173 καὶ
3670 3127 3784 3177 τοῖς

404 3211 522 3274 sibi
570 3225 708 3270 vero
739 3205 910 3266 solita
958 3203 1096 3264 facit
1127 3204 1430 3266 miracula.
1484 3203 1768 3286 Serpens,
1803 3207 1907 3288 qui
1935 3209 2047 3270 ali-

406 3298 602 3362 cunde
635 3300 1033 3378 prorepserat,
1068 3303 1129 3352 et
1159 3310 1225 3353 se
1258 3294 1454 3371 magni
1504 3293 1768 3357 Danielis
1800 3296 2051 3376 pedibus

405 3407 514 3472 per
559 3387 750 3468 spiras
778 3383 1130 3472 involverat,
1157 3390 1286 3444 erat
1319 3382 1582 3446 terribile
1613 3385 2047 3465 spectaculum;

406 3471 464 3542 et
486 3497 620 3542 cum
647 3475 717 3538 ad
751 3491 885 3536 eum
918 3471 1387 3544 defendendum,
1412 3474 1510 3554 qui
1541 3475 1812 3551 aderant,
1837 3494 2050 3538 accur-

402 3571 644 3644 rissent,
678 3566 810 3628 illos
857 3561 1096 3643 quidem
1149 3560 1457 3624 insimulat
1491 3563 1820 3626 timiditatis
1854 3586 1870 3646 ;
1922 3565 2052 3646 ipse

404 3668 600 3722 autem
627 3653 890 3735 serpenti
913 3651 1196 3713 audacter
1217 3669 1285 3713 ac
1316 3650 1570 3715 ﬁdenter
1601 3653 1880 3730 minatus,
1915 3673 2048 3716 cum

403 3750 460 3812 ei
520 3757 797 3827 tanquam
831 3740 1100 3802 ministro
1134 3758 1346 3819 magna
1377 3741 1737 3822 imperasset
1792 3743 2054 3805 auctori-

400 3846 525 3901 tate
560 3859 574 3900 :
602 3833 793 3910 Vade,
827 3830 1042 3912 inquit,
1070 3837 1127 3892 et
1162 3841 1292 3891 tuas
1322 3829 1578 3893 latebras
1608 3840 1899 3913 repete,et
1920 3851 2050 3914 spe-

404 3947 510 3990 cus
567 3923 1012 3994 subterraneos.
1049 3918 1154 3981 llle
1208 3937 1348 3982 vero
1395 3921 1642 4001 perinde
1673 3931 1734 3984 ut
1783 3921 1886 4003 qui
1931 3941 2051 3984 non

403 4023 606 4100 posset
655 4009 1088 4100 contradicere,
1123 4008 1318 4100 statim
1348 4011 1504 4091 repit
1544 4011 1616 4074 ad
1650 4011 1958 4093 parietem,
1995 4020 2054 4074 et

399 4098 464 4169 in
496 4110 818 4184 conspectu
838 4099 1101 4161 omnium
1133 4098 1548 4182 disrumpitur.

479 4191 735 4258 XLVlll.
768 4191 908 4253 Haec
935 4207 1070 4251 cum
1103 4187 1177 4250 de
1209 4207 1420 4269 magno
1451 4190 1695 4252 Daniele
1737 4189 2044 4254 didicisset

401 4285 618 4349 mulier
638 4280 804 4356 Bais,
829 4279 948 4342 ﬁde
973 4277 1215 4359 quidem
1237 4277 1672 4341 ferventissima
1699 4288 1758 4342 et
1790 4279 2042 4342 maxime

402 4377 521 4458 pia,
544 4372 731 4455 gloria
750 4379 950 4432 autem
973 4368 1143 4432 valde
1163 4368 1741 4458 insignis,prompto
1771 4379 1832 4458 et
1861 4368 2038 4430 alacri

399 4455 599 4530 animo
618 4463 688 4524 ad
714 4479 849 4524 eum
867 4465 1279 4532 occurrens,et
1295 4455 1568 4518 similiter
1583 4465 1759 4538 atque
1783 4457 1880 4520 illa
1909 4475 2043 4520 me-

401 4554 611 4629 retrix,
639 4551 798 4614 illius
815 4548 1001 4630 pedes
1023 4546 1223 4624 rigans
1245 4545 1550 4625 lacrymis,
1576 4547 1852 4628 precibus
1868 4547 1945 4610 ab
1969 4565 2040 4609 eo

402 4640 708 4707 contendit
754 4647 816 4700 ut
865 4635 978 4699 sibi
1022 4646 1370 4696 nasceretur
1423 4635 1606 4698 ﬁlius.
1666 4637 1811 4700 Cum
1840 4646 2040 4700 autem

403 4733 571 4798 humi
598 4729 830 4811 dejecta
857 4724 1105 4789 vidisset
1135 4724 1266 4804 ejus
1295 4724 1466 4806 pedis
1498 4726 2044 4808 soleam,exercita-

402 4823 566 4887 tione
615 4839 649 4883 a
681 4818 922 4881 tendine
948 4814 1280 4890 discissam,
1315 4822 1512 4896 stupet
1533 4815 1943 4895 tolerantiam,
1979 4823 2043 4879 et

401 4911 620 4979 emittit
642 4926 812 4972 voces
831 4907 1166 4971 Chananeaa
1183 4905 1596 4968 similes.Dans
1616 4907 1772 4968 enim
1804 4905 2038 4969 funicu-

398 5005 548 5075 lum,
577 5006 744 5081 rogat
762 5006 825 5060 ut
847 5015 980 5059 cum
1004 4998 1162 5058 circa
1182 4995 1341 5057 illius
1373 4995 1582 5076 pedem
1615 4995 1951 5073 involverit,
1982 4997 2038 5060 ei

397 5111 608 5157 rursus
654 5087 904 5151 reddat:
938 5085 1074 5149 Haec
1133 5093 1246 5162 est,
1278 5085 1576 5166 inquiens,
1606 5103 1838 5148 summa
1887 5104 2038 5150 mete

399 5177 838 5268 petitionis.llle
858 5193 993 5268 vero
1010 5176 1265 5268 primum
1283 5175 1525 5268 quidem
1544 5193 1672 5268 non
1689 5176 2040 5245 sustinebat.

400 5264 631 5339 Deinde
673 5277 868 5331 motus
897 5267 1073 5329 etiam
1124 5266 1286 5327 illius
1317 5264 1616 5345 lacrymis,
1649 5274 1709 5327 et
1756 5274 2043 5345 praeterea

401 5361 668 5445 episcopi
696 5367 756 5421 et
805 5366 1155 5420 casterorum
1207 5353 1404 5445 verbis
1446 5356 1656 5429 ﬂexus,
1691 5373 1810 5417 non
1851 5355 2043 5417 solum

399 5443 760 5516 cumluuem
786 5445 1304 5519 circumvolvisset,
1338 5443 1393 5504 ei
1416 5444 1697 5520 reddidit,
1733 5444 1832 5506 sed
1866 5444 2043 5507 etiam

402 5537 758 5621 signiﬁcavit
784 5537 937 5613 fore,
971 5541 1036 5596 ut
1056 5535 1184 5617 ipsa
1214 5541 1452 5614 pareret
1470 5533 1747 5616 ﬁlium,et
1775 5534 2048 5616 praedixit

2131 3213 2223 3270 τοῦ
2276 3211 2508 3290 μεγαλοσ
2563 3211 2686 3268 ποσὶ
2756 3208 3113 3286 συσπειραθεὶς
3172 3204 3392 3286 φοϐερὸν
3449 3207 3624 3280 θέαμα
3692 3204 3778 3270 ἦν·

2129 3306 2228 3360 καὶ
2287 3303 2416 3379 πρὸς
2459 3299 2662 3377 ἄμυναν
2700 3299 2804 3354 τῶν
2851 3297 3124 3376 παρόντῶν
3180 3295 3582 3374 ἐπιδραμόντων
3643 3294 3782 3350 ἐκει-

2131 3414 2242 3457 νοις
2293 3389 2388 3466 μέν
2427 3391 2527 3458 τὴν
2584 3387 2780 3445 δειλίαν
2837 3383 3204 3460 κατονειδίζει,
3232 3387 3386 3451 αὐτὸς
3437 3382 3491 3440 δὲ
3537 3390 3619 3457 τῷ
3669 3383 3782 3461 ὄφει

2132 3479 2454 3560 θαῤῥούντως
2534 3476 2966 3551 ἆπειλησάμενος
3019 3475 3108 3532 καὶ
3152 3476 3250 3540 .ὦς
3319 3474 3558 3550 δπηρέτη
3647 3473 3778 3529 κατὰ

2134 3571 2343 3639 πολλῆν
2412 3571 2679 3626 αὒθεντίαν
2744 3565 3221 3645 ἐγκελευσάμενος,
3301 3564 3553 3642 Πορεύου,
3631 3562 3776 3641 φησὶ,

2135 3662 2221 3717 καὶ
2277 3656 2486 3738 φωλεοῦ
2512 3663 2605 3713 τοὺ
2662 3654 2911 3722 συνήθους
2946 3653 3078 3734 ἔχου
3103 3656 3192 3710 καὶ
3222 3653 3328 3710 τῶν
3391 3653 3494 3708 ὑπὸ
3524 3655 3632 3729 γῆν
3679 3671 3777 3707 κα-

2133 3735 2422 3809 ταδύσεων.
2504 3735 2561 3804 Ὀ
2635 3742 2688 3801 δὲ
2749 3745 2929 3822 ὥσπερ
2999 3743 3078 3818 μὴ
3139 3740 3436 3820 ἀντιλέγειν
3495 3739 3778 3817 δυνάμενος

2134 3839 2282 3918 ἐρπει
2311 3859 2368 3895 τε
2398 3837 2528 3912 πρὸς
2559 3836 2649 3892 τὸν
2678 3848 2876 3914 τοτχου
2931 3833 3115 3892 αὒτίκα
3147 3832 3240 3890 παὶ
3269 3829 3369 3888 5πό
3398 3841 3515 3895 τοῖς
3570 3826 3777 3887 πάντων

2135 3927 2434 4009 ὀφθαλμοῖς
2465 3923 2855 4004 διαῤῥάγνυται.

2208 4189 2348 4256 ΜΗ’.
2383 4197 2557 4250 Ταῦτα
2614 4192 2701 4248 καὶ
2736 4189 2873 4254 Ῥαὶς
2928 4189 3046 4266 περὶ
3104 4196 3196 4248 τοῦ
3225 4185 3460 4266 μεγάλω
3511 4189 3764 4263 μαθοῦσα,

2125 4283 2258 4362 γυνὴ
2295 4282 2394 4349 τὴν
2438 4284 2537 4357 μὲν
2581 4283 2755 4338 πίστιν
2816 4282 2920 4336 τῶν
2975 4278 3111 4336 πάνυ
3160 4277 3499 4355 θερμοτάτων
3539 4278 3631 4332 καὶ
3683 4274 3764 4330 εύ-

2124 4370 2318 4447 σεϐῶν,
2346 4371 2445 4438 τὴν
2498 4367 2552 4426 δὲ
2605 4369 2758 4436 δόξαν
2810 4375 2916 4426 τῶν
2972 4367 3108 4446 ἄγαν
3149 4365 3438 4447 ἐπιφανῶν,
3493 4365 3773 4443 προθύμως

2123 4484 2181 4520 τε
2238 4457 2600 4540 συνδραμοῦσα
2654 4460 2742 4517 καὶ
2810 4455 3196 4537 παραπλησίως
3266 4461 3335 4533 τῇ
3405 4455 3575 4533 πόρνῃ
3652 4453 3763 4516 τοὺς

2122 4550 2323 4610 ἐκείνου
2377 4547 2536 4613 πόδος
2581 4547 2793 4628 δάκρυσι
2822 4549 3114 4628 βρέχουσα,
3147 4543 3436 4624 παρεκάλει
3490 4543 3557 4600 δι’
3605 4541 3766 4623 εὖχῆς

2125 4640 2258 4717 αύτῇ
2303 4637 2542 4718 γενέσθαι
2573 4637 2704 4701 υἱόν.
2764 4639 2859 4702 Ὠς
2903 4635 2958 4692 δὲ
2991 4635 3138 4694 κάτω
3193 4634 3414 4710 κειμένη
3461 4639 3556 4691 τοῦ
3607 4631 3760 4695 ποδὸς

2125 4732 2267 4804 αὐτῷ
2319 4729 2411 4786 τὸν
2463 4728 2654 4805 ταρσὸν
2705 4725 3097 4802 ἐκκεκομμένον
3127 4729 3196 4800 τῇ
3251 4722 3476 4790 ἀσκήσει
3527 4721 3625 4780 τοῦ
3677 4719 3762 4777 τέ-

2121 4839 2302 4881 νοντος
2361 4815 2637 4891 ἐθεάσατο,
2679 4813 3108 4883 καταπλήττεται
3162 4814 3264 4881 τὴν
3315 4813 3615 4892 ὑπομονὴν,
3681 4809 3764 4866 καὶ

2120 4908 2295 4988 φωνὰς
2364 4911 2433 4983 τῇ
2500 4905 2768 4979 Χαναναία
2821 4903 3193 4981 ποραπλησίας
3251 4901 3462 4982 ἀφίησι.
3541 4900 3759 4958 Διδοῠσα

2120 4999 2219 5078 γὰρ
2298 4997 2548 5075 σπαρτίον
2604 4994 2749 5064 ἠξίου
2821 5001 2900 5069 τῷ
2975 4992 3096 5051 ποδὶ
3153 4991 3338 5067 ἐκείνῳ
3409 4990 3764 5070 περιελίξαντα

2117 5085 2277 5144 πάλιν
2334 5089 2468 5162 αύτῇ
2497 5083 2670 5143 δοῦναι
2725 5090 2881 5141 τοῦτο
2910 5084 3091 5159 βοῶσα
3144 5079 3414 5161 πλήρωμα
3463 5079 3560 5148 τῆς
3619 5078 3757 5147 αἰτή·

2125 5198 2286 5240 σεως.
2347 5176 2406 5256 Ὃ
2467 5173 2521 5230 δέ
2555 5179 2764 5253 πρῶτον
2814 5174 2911 5249 μὲν
2977 5173 3074 5230 οὒκ
3129 5171 3401 5252 ἠνείχετο·
3449 5169 3632 5228 ἔπειτα
3685 5166 3762 5224 καὶ

2126 5270 2244 5330 τοῖς
2301 5264 2506 5332 ἐκείνης
2553 5261 2882 5330 δυσωπηθεὶς
2937 5259 3176 5342 δάκρυσι,
3222 5262 3355 5340 πρὸς
3413 5257 3468 5316 δὲ
3525 5261 3611 5317 οιαὶ
3653 5268 3757 5321 τοῖς

2123 5361 2216 5413 τοῦ
2271 5353 2563 5412 ἐπισκόπου
2622 5354 2709 5411 καί
2763 5357 2870 5409 τῶν
2924 5351 3125 5408 λοιπῶν
3193 5350 3451 5430 καμφθεὶς
3512 5349 3754 5428 ῥήμασιν,

2126 5449 2185 5504 οὗ
2244 5445 2406 5522 μόνον
2460 5447 2604 5518 αύτῷ
2670 5443 2922 5522 σπαρτίον
2979 5439 3272 5519 περιελίξας
3335 5438 3584 5512 δέδωκεν,
3631 5435 3754 5494 αλλὰ

2126 5532 2213 5594 καὶ
2265 5531 2469 5594 παιδίον
2517 5532 2680 5601 αὐτὴν
2737 5545 2917 5591 τεκεῖν
2967 5529 3327 5623 προεσήμανε,
3378 5531 3465 5588 καὶ
3521 5529 3620 5597 τὴν
3671 5529 3754 5583 τοῦ
