4048 6136
258 233 285 304 1
305 235 430 306 099

1387 235 1573 307 VITA
1619 228 1679 303 s.
1728 232 2088 302 DANIELIS
2129 235 2500 300 STYLlT/E.

3475 240 3492 300 l
3507 236 3626 302 O30

251 373 455 440 παιδὸς
509 373 704 442 κλῆσιν
763 377 1198 454 προανεφώντβε,
1260 378 1500 453 Ζήνωνα⁷
1561 376 1800 454 φάσκων,
1862 377 1905 430 ὦ

2020 372 2168 432 ηιὶειηι
2233 390 2450 431 nomen
2514 370 2642 449 lilii,
2696 369 3020 448 Zenonem,
3057 369 3282 440 dicens,
3320 391 3352 430 ο
3385 373 3624 453 mulier,

253 467 443 540 γύναι,
496 466 588 520 τὸν
631 464 799 520 παῖδα
839 465 1104 529 καλέσεις,
1170 467 1266 522 Καὶ
1316 465 1452 522 οὕτω
1495 466 1593 538 μὲν
1647 468 1673 520 ὁ
1729 466 1903 542 ἅγιος,

255 551 417 630 Ἐγὼ
444 550 499 608 δὲ
529 552 678 608 οὐδὲν
710 552 824 618 ἄρτι
857 553 1019 610 πλέον
1047 557 1151 631 ἒρῶ
1182 573 1193 585 ·
1231 552 1393 622 δῆλον
1424 555 1523 632 γὰρ
1554 552 1632 609 ὅτι
1669 553 1903 630 γέγονεν’

255 641 385 698 ἐπεὶ
433 641 598 718 μηδὲν
652 640 894 698 διέπιπτε
942 647 1047 699 τῶν
1090 642 1176 699 ὑπ’
1223 643 1424 699 ἐκείνου
1476 642 1904 720 προλεγομένων.

1992 461 2226 522 vocabis
2259 461 2467 521 filium.
2505 459 2570 521 Et
2601 461 2684 520 sic
2715 460 2959 539 quidem
2993 467 3250 519 sanctus.
3280 459 3396 537 Ego
3430 470 3626 523 autem

1991 549 2138 611 nihil
2173 550 2364 611 dicam
2412 548 2688 628 amplius.
2751 547 2986 609 Clarum
3037 556 3128 610 est
3187 550 3345 610 enim
3380 550 3457 610 ita
3487 568 3625 612 eve-

1998 641 2202 713 nisse;
2260 637 2409 699 nihil
2463 641 2620 698 enim
2682 634 2992 698 excidebat
3042 654 3111 698 ex
3143 636 3215 697 iis
3264 657 3400 718 quae
3424 637 3498 700 ab
3529 638 3629 701 illo

259 732 373 786 Διᾶ
399 738 562 786 ταῦτα
595 733 679 786 καὶ
721 732 811 788 τὸν
862 732 1008 788 ὅσιον
1038 735 1065 788 ὁ
1095 731 1338 809 βασιλεὺς
1372 730 1646 810 δεδοικὼς,
1705 735 1793 787 καὶ
1848 734 1909 788 τὸ

2020 726 2497 789 iraadicebantur.
2535 729 2785 804 Propter
2839 733 3113 788 sanctum
3144 745 3382 808 quoque
3414 727 3636 790 timens

254 822 402 896 πρὸς
460 820 616 878 αὐτὸν
652 819 948 876 ἀντιπνέειν
998 819 1137 882 ὅλως
1169 820 1420 877 ἐκκλίνων
1463 818 1632 899 τέχνῃ
1672 822 1758 876 κᾶὶ
1815 841 1910 874 κο-

1994 817 2340 896 imperator,
2401 825 2458 876 et
2509 821 2562 876 ei
2604 813 2848 876 omnino
2904 833 3241 895 repugnare
3299 816 3630 891 declinans,

257 907 457 980 λακείᾳ
502 910 688 965 τοῦτον
739 907 1016 984 μετελθεῖν
1067 910 1330 989 ἐπεχείρει
1368 925 1383 940 ⁸
1419 910 1502 966 καὶ
1533 909 1713 977 ἐπειδὴ
1773 909 1912 966 πολ-

2020 924 2131 967 tum
2164 904 2502 983 aggreditur
2531 911 2659 965 arte
2705 911 2762 964 et
2820 903 3150 976 blanditiis,
3203 914 3259 965 et
3312 924 3446 966 cum
3506 907 3636 986 ipse

262 997 428 1060 λάκις
482 998 638 1054 αὒτὸν
722 999 1101 1076 παραγενέσθαι
1152 1001 1238 1055 καὶ
1292 998 1376 1056 διὰ
1433 997 1647 1056 πολλῶν
1715 999 1914 1066 δεηθεὶς

2020 1012 2156 1074 ιωρο
2187 1012 2345 1066 cum,
2382 1001 2440 1054 et
2495 1011 2600 1073 per
2657 992 2894 1067 inultos,
2957 1001 3022 1055 ut
3078 992 3148 1054 ad
3181 992 3376 1072 ipsum
3413 996 3638 1058 veniret

268 1087 375 1142 οῦκ
417 1084 644 1165 ἔπειθεν,
709 1089 864 1151 αὐτὸς
926 1090 1056 1164 πρὸς
1101 1087 1257 1144 αὺτὸν
1312 1088 1467 1162 ἦλθε,
1501 1090 1589 1144 καὶ
1630 1091 1684 1143 ἓν
1717 1087 1918 1145 οἰκέτου

269 1176 524 1253 σχήματι
571 1189 885 1254 προσκυνεῖ,
935 1179 1023 1232 καὶ
1067 1175 1243 1233 ποδῶν
1272 1177 1496 1233 ἅπτεται
1551 1183 1658 1233 τῶν
1695 1177 1916 1251 ἐκείνου,

272 1265 604 1342 συγγνώμης
663 1263 816 1332 δῆθεν
898 1266 1181 1332 ἀξιωθῆναι
1248 1266 1516 1342 δεόμενος.
1579 1268 1640 1325 Ὃ
1698 1266 1749 1322 δὲ
1811 1268 1922 1345 (καὶ

272 1353 359 1414 τίς
391 1351 491 1430 γάρ
521 1353 722 1409 ἐκείνου
769 1352 940 1432 διορᾷ»
996 1365 1158 1414 ταῦτα
1213 1353 1601 1435 ὀξυωπέστερος
1637 1355 1680 1435 ;)
1715 1357 1923 1412 ἐκεῖνον

275 1442 384 1516 μὲν
440 1443 561 1497 τότε
619 1441 846 1505 πολλοῖς
899 1455 1016 1508 τοῖς
1068 1442 1287 1501 ὀνείδεσι
1331 1444 1559 1500 πλύνει·
1623 1445 1836 1523 ὕστερον
1869 1443 1922 1499 δὲ

271 1531 369 1586 καὶ
423 1532 484 1585 τὸ
535 1531 659 1595 τοὺς
719 1530 947 1597 πολλοὺς
1006 1532 1261 1590 λανθάνον
1304 1533 1686 1608 ἆνακαλύπτει,
1723 1536 1792 1593 Τὸ
1823 1556 1924 1590 τα-

274 1619 465 1676 πεινὸν
525 1620 702 1677 ἐκεῖνο
755 1623 844 1676 καὶ
893 1622 1362 1699 συντετριμμένον,
1411 1625 1596 1701 εἰπὼν,
1651 1622 1924 1702 ὅπόκρισις

2003 1090 2304 1165 precatus,
2339 1100 2456 1143 non
2509 1081 2927 1162 persuadebat,
2985 1081 3114 1162 ipse
3163 1082 3232 1143 ad
3287 1101 3419 1144 eum
3454 1092 3634 1161 venit,

2003 1180 2062 1234 et
2091 1172 2208 1233 ritu
2241 1171 2525 1252 supplicis
2557 1172 2783 1247 adorat,
2821 1177 2878 1232 et
2909 1170 3064 1233 illius
3091 1171 3271 1251 pedes
3295 1173 3636 1251 prehensat,

2003 1279 2221 1341 rogans
2254 1269 2317 1321 ut
2347 1260 2460 1321 sibi
2493 1261 2666 1320 detur
2701 1260 2889 1321 venia.
2923 1259 3031 1320 Ille
3061 1269 3257 1322 autem
3291 1262 3446 1343 (quis
3477 1265 3636 1325 enim

2005 1351 2076 1412 ad
2137 1367 2205 1411 ea
2250 1350 2509 1411 videnda
2569 1357 2694 1409 erat
2757 1351 2880 1430 ipso
2941 1350 3410 1432 perspicacior?)
3471 1352 3638 1415 illum

2008 1440 2243 1520 quidem
2300 1438 2502 1500 multis
2548 1446 2689 1498 tunc
2744 1437 2978 1518 probris
3023 1438 3376 1519 insequitur.
3412 1440 3644 1504 Deinde

2008 1531 2186 1593 etiam
2221 1527 2490 1609 aperitid
2552 1527 2708 1607 quod
2780 1527 2997 1588 multos
3028 1527 3249 1590 latebat
3283 1547 3296 1589 :
3333 1529 3646 1593 Humilitas

2009 1619 2131 1695 illa,
2167 1619 2401 1691 dicens,
2457 1625 2515 1680 et
2545 1616 2822 1678 contritio
2854 1624 2944 1677 est
2973 1617 3290 1680 artificiosa
3318 1617 3642 1695 simulatio,

275 1711 371 1764 καὶ
429 1709 737 1788 μηχάνημα
787 1710 876 1784 ἧν,
912 1713 1014 1767 ὑπὸ
1042 1708 1196 1768 δασεῖ
1228 1710 1397 1784 κωδίῳ
1425 1714 1484 1768 τὸ
1542 1711 1782 1793 χαλεπὸν
1827 1715 1925 1768 αῦ-

2020 1709 2194 1770 densa
2223 1707 2374 1789 pelle
2407 1716 2611 1785 tegens
2639 1705 3147 1785 importunitatem
3180 1707 3310 1787 ejus
3341 1717 3400 1770 et
3437 1708 3651 1771 imma-

274 1803 378 1854 τοῦ
416 1798 504 1853 καὶ
549 1796 732 1876 ἄγριον
778 1799 1188 1877 συγκαλύπτων.
1237 1799 1401 1857 Ἀλλὰ
1447 1799 1530 1856 διὰ
1557 1801 1757 1881 τάχους
1790 1799 1921 1877 ὄψε-

273 1907 368 1942 ται
428 1888 518 1942 τὸν
561 1888 732 1945 πάντα
775 1887 1033 1966 διορῶντα
1073 1893 1166 1947 τοῦ
1224 1898 1353 1946 Θεοῦ
1411 1889 1680 1970 ὀφθαλμὸν
1710 1892 1798 1946 καὶ
1827 1891 1927 1956 τὴν

277 1975 542 2057 κραταιὰν
618 1989 780 2057 χεῖρα
853 1980 938 2034 καὶ
999 1979 1118 2044 τοὺς
1180 1977 1422 2044 δυνατοὺς
1466 1978 1924 2040 καταϐάλλουσαν,

280 2056 344 2121 ”Ο
398 2065 657 2144 μακάριος
727 2074 958 2124 τοσαῦτα
1015 2070 1489 2145 θαυματουργήσας
1550 2069 1644 2124 καί
1701 2070 1793 2124 τὸν
1835 2076 1930 2124 τοῦ

283 2161 420 2212 Θεοῦ
447 2153 708 2230 πολέμιον
749 2156 970 2233 τρέψας,
1014 2159 1102 2213 καὶ
1158 2159 1224 2214 τὰ
1273 2160 1369 2224 τῆς
1416 2156 1734 2224 Ἐκιιλησίας
1766 2157 1925 2213 εὗκα-

284 2245 585 2323 ταστήσας,
645 2244 782 2301 ἀλλὰ
839 2244 904 2313 δὴ
957 2248 1041 2302 καὶ
1100 2248 1471 2325 προφητεύσας
1523 2249 1586 2302 τὰ
1641 2247 1926 2324 μέλλοντα,

289 2333 455 2388 πάλιν
512 2332 599 2390 ἐπὶ
651 2337 742 2390 τὸν
800 2336 992 2391 στῦλον
1035 2338 1257 2413 γίνεται,
1320 2338 1406 2392 καὶ
1457 2341 1564 2391 τῶν
1596 2336 1815 2414 ἀγώνων
1873 2357 1929 2391 τε

291 2421 393 2476 καὶ
436 2422 611 2478 πόνων
641 2425 889 2503 εὐψύχως
926 2423 1393 2496 ἀντιλαμϐάνεται.

383 2511 516 2573 ΜΘ’,
563 2513 635 2569 Οὐ
676 2511 838 2575 πολὺς
897 2513 950 2568 ἐν
1003 2515 1151 2587 μέσῳ
1205 2515 1422 2593 χρόνος,
1475 2516 1562 2570 καὶ
1621 2513 1932 2576 Βασιλίσκος

296 2599 422 2674 μὲν,
483 2601 556 2663 ὠς
610 2602 645 2669 ἡ
702 2608 794 2657 τοῦ
854 2603 1053 2670 Δανιὴλ
1099 2603 1382 2681 πρόῤῥησις
1417 2653 1432 2676 ,
1495 2607 1599 2659 τιῦν
1641 2603 1932 2678 βασιλείων

301 2684 643 2765 ἐκϐάλλεται,
677 2693 862 2761 Ζήνων
917 2689 972 2746 δὲ
1030 2691 1190 2748 πάλιν
1247 2696 1351 2748 τῶν
1407 2693 1693 2772 σκήπτρων
1744 2714 1801 2748 τε
1832 2714 1936 2749 πε-

301 2778 568 2858 ριέχεται,
613 2788 700 2836 καί
759 2783 899 2854 αὖτῷ
952 2781 1018 2836 τὰ
1065 2783 1171 2837 τῶν
1202 2781 1541 2860 προῤῥήσεων
1570 2782 1732 2858 πέρας
1763 2782 1935 2857 ἐλάμ-

300 2863 450 2940 ϐανε,
511 2869 644 2946 πρὸς
704 2871 794 2925 τὸν
854 2871 1024 2947 μέγαν
1079 2892 1135 2927 τε
1195 2873 1281 2927 καὶ
1351 2873 1484 2944 μετὰ
1533 2873 1631 2936 τῆς
1689 2873 1938 2950 γυναικὸς

301 2953 468 3011 ἄνεισι
504 2956 870 3026 καταλλήλους
929 2961 1027 3033 μὲν
1085 2962 1191 3014 τῶν
1242 2957 1579 3037 προρῥήσεων
1627 2960 1718 3023 τὰς
1777 2957 1934 3016 ἐκϐάι

304 3065 414 3106 σεις
442 3044 586 3123 ἰδὼν,
620 3045 766 3112 ἀξίας
797 3045 850 3102 δὲ
895 3050 999 3104 τῶν
1058 3046 1320 3104 ἐκϐάσεων
1371 3048 1660 3105 ἀποδώσων
1713 3053 1938 3128 εὔχαρι·
1957 3095 1998 3146 c

303 3134 474 3196 στίας.
528 3134 686 3202 ’Ἤδη
737 3134 789 3191 δέ
835 3145 926 3195 τοῦ
956 3135 1117 3214 λόγου
1145 3139 1206 3193 τὸ
1236 3137 1386 3202 τέλος
1432 3145 1714 3208 ζητοῦντος
1742 3146 1829 3195 καὶ
1861 3145 1936 3212 τῷ

295 3231 394 3281 τοῦ
475 3224 711 3302 μεγάλου
779 3226 878 3301 βίῳ
955 3229 1414 3293 συναναπαυθῆναι
1474 3227 1930 3305 προθυμουμένου,

297 3313 490 3388 μικρὸν
552 3312 626 3369 ἔτι
703 3329 818 3378 τοῖς
897 3315 1096 3373 ἐκείνου
1169 3317 1428 3390 θαύμασιν
1502 3316 1928 3394 ἐντρυφήσωμεν,

298 3399 468 3478 Ἀνήρ
508 3423 590 3467 τις
620 3405 924 3484 χρυσοχόος
979 3407 1076 3472 τὴν
1122 3405 1322 3485 τέχνην
1351 3404 1554 3462 παιδίον
1587 3405 1746 3486 ’έσχεν
1781 3405 1938 3463 ἑϐδό-

301 3510 410 3565 μου
458 3492 553 3566 μὲν
596 3492 699 3560 ἠδη
743 3501 836 3550 τοῦ
880 3493 1028 3556 ἔτους
1071 3495 1392 3574 ἁπτόμενον,
1443 3494 1589 3552 οὔπω
1635 3493 1688 3550 δὲ
1719 3498 1805 3552 καὶ
1834 3498 1940 3572 βα-

306 3577 461 3649 δίζειν
529 3578 813 3658 δυνάμενον
847 3631 862 3662 ,
951 3583 1087 3639 ἀλλὰ
1157 3585 1294 3639 κατὰ
1349 3585 1414 3639 τὰ
1473 3585 1757 3661 ἑρποστικὰ
1836 3590 1941 3640 τῶν

306 3667 457 3740 ζώων
501 3671 556 3725 ἓν
613 3679 690 3743 τῷ
734 3677 997 3730 κινεῦσθαι
1056 3675 1122 3748 τῇ
1177 3672 1351 3744 κοιλίᾳ
1407 3674 1710 3751 χρώμενον.
1749 3675 1943 3730 Τοῦτον

306 3758 355 3813 οἱ
411 3771 594 3821 τοκεϊς
655 3759 906 3824 λαϐόντες
962 3765 1263 3840 προτιθοῦσι
1301 3771 1392 3819 τοῦ
1421 3760 1632 3836 στόλου,
1665 3763 1753 3818 καὶ
1798 3763 1942 3818 αὐτοὶ

306 3849 541 3903 κατωθεν
611 3850 816 3926 οἰκτρόν
898 3873 948 3906 τι
1035 3852 1120 3906 καὶ
1204 3847 1496 3928 δακρυῶδες
1555 3850 1943 3914 ἐπικωκύοντες

304 3937 397 3992 καὶ
452 3938 635 4001 αὐτοὺς
688 3941 808 4004 τοὺς
868 3941 1100 4017 ὁρῶντας
1144 3938 1480 4004 ἐξεκαλοῦντο
1537 3941 1667 4018 πρὸς
1722 3937 1938 4018 δάκρυα,

305 4023 369 4082 Ὀ
399 4021 454 4081 δὲ
483 4025 630 4090 ὅσιος
663 4026 860 4086 ἄνωθεν
902 4028 1180 4104 διακόψας,
1216 4027 1311 4084 καΐ
1361 4035 1514 4084 τοῦτο
1557 4029 1652 4103 μέν
1683 4028 1942 4104 ἐπιτιμῆ-

303 4136 414 4189 σει,
467 4124 622 4190 τοῦτο
683 4115 736 4173 δέ
789 4121 874 4176 καὶ
929 4120 1236 4198 παραινέσει
1291 4118 1348 4174 τὸ
1379 4116 1570 4182 πόντος
1599 4119 1786 4181 αὐτοῖς
1817 4119 1944 4187 στή-

2009 1798 2281 1870 nitatem,
2317 1795 2420 1857 sed
2470 1795 2588 1858 cito
2643 1793 2944 1874 videbitis,
2996 1794 3098 1875 qui
3130 1797 3330 1858 omnia
3361 1799 3647 1878 perspicit

2009 1885 2115 1948 Dei
2144 1886 2406 1958 oculum,
2439 1892 2497 1944 et
2537 1883 2789 1944 validam
2851 1902 3118 1956 manum,
3153 1903 3285 1964 quae
3323 1885 3499 1947 etiam
3535 1906 3648 1968 po-

2010 1983 2202 2037 tentes
2233 1974 2456 2054 dejicit.
2494 1973 2686 2053 Atque
2716 1991 2849 2033 cum
2882 1973 2968 2034 sic
2999 1972 3241 2050 quidem
3267 1983 3506 2038 sanctus
3529 1986 3645 2038 tam

2013 2064 2196 2126 multa
2228 2064 2465 2125 fecisset
2500 2061 2802 2138 miracula,
2837 2061 3061 2142 Deique
3109 2063 3381 2126 vertisset
3411 2074 3470 2126 et
3503 2084 3646 2146 pro-

2013 2153 2270 2232 ﬂigasset
2300 2153 2551 2225 hostem,
2589 2159 2647 2211 et
2674 2169 2771 2211 res
2799 2149 3081 2213 Ecclesia;
3113 2152 3269 2213 bene
3299 2155 3647 2216 constituis-

2013 2251 2122 2305 set.
2161 2241 2302 2322 quin
2360 2243 2532 2302 etiam
2567 2241 2760 2300 futura
2802 2239 3194 2319 praedixisset,
3226 2245 3544 2305 revertitur
3571 2244 3648 2306 ad

2014 2332 2376 2405 columnam,
2429 2338 2486 2390 et
2541 2329 2869 2391 certamina
2916 2347 2984 2390 ac
3045 2332 3277 2393 labores
3327 2351 3542 2410 magno
3594 2342 3652 2396 et

2013 2421 2149 2481 forti
2183 2420 2381 2480 animo
2415 2420 2682 2498 suscipit.

2096 2508 2270 2571 XLIX
2299 2507 2426 2569 Non
2453 2506 2703 2569 multum
2726 2506 3057 2568 interﬂuxit
3087 2507 3462 2588 temporis,et
3481 2509 3650 2572 Bast-

2019 2600 2199 2661 liscus
2227 2597 2464 2680 quidem
2497 2605 2560 2656 ut
2588 2614 2621 2656 a
2654 2614 2864 2674 magno
2897 2595 3242 2676 praedictum
3294 2599 3490 2661 fuerat
3539 2598 3653 2661 Da-

2020 2688 2200 2762 niele,
2235 2706 2267 2748 a
2295 2687 2457 2765 regia
2487 2684 2827 2765 expellitur,
2863 2694 2920 2745 et
2969 2683 3126 2745 Zeno
3175 2703 3386 2748 rursus
3417 2697 3652 2769 sceptra

2020 2785 2271 2853 tenet,et
2294 2776 2471 2837 finem
2494 2782 2858 2854 acceperunt
2887 2774 3016 2854 ejus
3039 2773 3546 2853 praedictiones,et
3578 2778 3651 2838 ad

2025 2885 2296 2945 magnum
2332 2863 2634 2925 Danielem
2665 2864 2827 2924 venit
2857 2861 3016 2924 Zeno
3045 2881 3179 2924 cum
3216 2882 3419 2946 uxore,
3449 2866 3655 2930 videns

2021 2955 2260 3037 quidem
2294 2957 2717 3015 convenientes
2739 2953 2930 3014 exitus
2961 2951 3656 3031 praedictionum,eventn

2023 3054 2218 3108 autem
2251 3044 2457 3123 dignas
2489 3043 2835 3103 redditurus
2870 3043 3109 3121 gratias.
3139 3041 3268 3104 Jam
3301 3061 3440 3105 vero
3475 3045 3654 3107 finem

2024 3143 2326 3216 quaerente
2355 3137 2646 3206 oratione,
2673 3139 2880 3192 etcum
2906 3131 3103 3210 magni
3131 3131 3392 3194 Danielis
3412 3134 3528 3195 vita
3551 3155 3658 3196 νο⁴

2022 3225 2183 3286 lente
2215 3221 2392 3283 simul
2424 3220 2824 3301 requiescere,
2859 3221 2918 3280 in
2950 3221 3110 3282 illius
3137 3221 3438 3284 miraculis
3465 3224 3660 3286 adhuc

2023 3330 2228 3394 parum
2251 3309 2619 3391 periucunda
2641 3309 3231 3372 immorabimur.Vir
3255 3311 3496 3392 quidam
3522 3314 3663 3374 arti-

2022 3403 2158 3463 ﬁcio
2189 3401 2412 3464 aurifex
2445 3399 2694 3462 habebat
2727 3417 3000 3480 puerum,
3037 3401 3135 3480 qui
3170 3402 3487 3482 septimum
3523 3402 3660 3484 qui-

2025 3492 2156 3553 dem
2176 3494 2299 3571 jam
2321 3509 2538 3551 annum
2563 3489 3187 3568 attingebat,nondum
3211 3498 3405 3551 autem
3433 3500 3659 3571 poterat

2022 3580 2278 3659 ingredi,
2314 3579 2417 3640 sed
2451 3579 2819 3658 serpentium
2850 3579 2972 3639 ritu
3003 3586 3208 3639 ventre
3245 3587 3508 3654 utens,se
3527 3600 3662 3642 mo-

2025 3671 2216 3732 vendo
2249 3668 2947 3748 reptabat.Sumpserunt
2977 3685 3112 3728 eum
3148 3677 3447 3749 parentes,
3473 3677 3532 3730 et
3563 3687 3662 3750 po-

2027 3767 2272 3820 suerunt
2304 3765 2438 3818 ante
2470 3759 2804 3818 columnam
2836 3773 2851 3830 ;
2879 3756 2992 3836 ipsi
3014 3764 3210 3817 autem
3237 3757 3385 3818 infra
3407 3759 3657 3821 misera-

2026 3847 2315 3908 biliteret
2371 3845 2649 3906 ﬂebiliter
2703 3845 3018 3926 ejulantes,
3073 3845 3232 3924 ipsos
3290 3865 3525 3927 quoque
3561 3849 3663 3929 qui

2024 3936 2325 4016 videbant,
2358 3934 2755 4015 provecabant
2785 3932 2856 3995 ad
2891 3933 3209 4012 lacrymas.
3246 3933 3500 3997 Sanctus
3527 3955 3663 3999 vero

2027 4046 2096 4091 ex
2123 4025 2241 4087 alto
2259 4023 2762 4105 despiciens,cum
2784 4022 2995 4103 partim
3014 4022 3257 4104 quidem
3271 4024 3661 4105 increpando,

2031 4117 2237 4196 partim
2263 4123 2455 4175 autem
2481 4113 2856 4174 admonendo
2891 4131 3097 4174 eorum
3126 4113 3348 4176 luctum
3373 4115 3658 4191 sedasset,

305 4227 429 4279 σας,
489 4214 606 4281 τῷ·;
645 4209 768 4286 ἱερῷ
843 4220 1256 4287 προσκαρτερεῖν
1328 4204 1531 4262 κελεύει
1589 4213 1666 4279 τῷ
1729 4208 1929 4282 Συμεὼ·

2025 4204 2198 4286 jubet
2230 4213 2292 4265 ut
2322 4210 2707 4284 perseverent
2729 4202 2786 4262 in
2812 4220 2980 4264 sacra
3003 4201 3127 4263 aede
3145 4200 3540 4279 Simeonis,et
3559 4223 3665 4266 ve-

310 4293 474 4376 οῗκῳ,
518 4298 604 4354 καὶ
644 4309 762 4360 τοῖς
819 4309 1040 4362 σεπτοτς
1093 4298 1325 4376 χρῆσθαι
1375 4294 1671 4374 λειψάνοις,
1706 4297 1793 4352 καὶ
1827 4297 1929 4353 οἷόε

2032 4294 2312 4356 nerandis
2343 4301 2582 4354 utantur
2603 4291 2898 4373 reliquiis,
2932 4300 3081 4353 etea
3116 4300 3396 4368 tanquam
3428 4293 3666 4374 aliquod

307 4407 360 4441 τι
418 4385 664 4463 λυτήριον
722 4393 886 4443 ταῦτα
928 4398 1045 4448 τοῖς
1077 4387 1197 4441 ποσὶ
1226 4397 1344 4447 τοϊς
1386 4387 1524 4459 νόσῳ
1573 4383 1929 4459 πεδεδημένου

2034 4385 2267 4446 solvens
2302 4382 2824 4456 medicamentum,
2862 4381 3068 4443 morbo
3116 4381 3331 4442 vinctis
3362 4383 3671 4464 imponant

308 4451 620 4538 ἐπιτιθέναι.
655 4480 813 4550 Εἷπε,
859 4475 955 4532 καῖ
1013 4474 1220 4553 γέγονε.
1279 4475 1376 4531 Καὶ
1431 4451 1567 4530 κατὰ
1592 4474 1688 4541 τὴν
1720 4451 1929 4548 ἑϐδόμη·

2035 4472 2312 4554 pedibus.
2347 4471 2528 4545 Dixit,
2563 4479 2620 4532 et
2648 4451 2822 4533 facta
2843 4479 3002 4535 sunt.
3029 4469 3100 4532 Et
3129 4471 3382 4551 septimo
3405 4451 3503 4534 die
3533 4491 3668 4534 cum
3710 4549 3714 4554 _

310 4569 481 4644 εὖχῆς
512 4566 583 4630 ὡς
618 4563 733 4628 ἔθος
764 4565 865 4621 ὑπὸ
922 4573 1016 4623 τοῦ
1075 4563 1311 4641 μάκαρος
1370 4560 1693 4635 τελουμὲυης
1726 4561 1794 4642 (ὢ
1821 4566 1929 4620 θαυ·

2033 4563 2108 4624 de
2141 4580 2308 4624 more
2348 4563 2613 4642 precatio
2666 4563 2837 4622 fieret
2865 4579 2899 4622 a
2927 4560 3098 4621 beato
3130 4561 3192 4640 (ο
3224 4560 3667 4623 admirabilium

311 4655 519 4732 μασίων
549 4653 746 4733 ζ’έργων
776 4653 822 4734 Ξ)
875 4652 1163 4733 δημιουργέ
1223 4652 1397 4730 Κύριε,
1459 4650 1756 4726 ἀλλόμενον
1803 4653 1929 4709 εὐθὺς

2035 4669 2281 4732 operum
2308 4653 2502 4731 opifex
2529 4649 3063 4729 Domine!).vident
3083 4649 3280 4711 statim
3307 4667 3556 4732 puerum
3576 4669 3672 4714 sa-

311 4747 373 4803 τὸ
429 4743 638 4802 παιδίον
694 4747 854 4822 ὁρῶσι
901 4749 1009 4800 τῶν
1064 4745 1256 4800 κιόνων
1297 4763 1355 4798 τε
1397 4743 1519 4806 τοὺς
1550 4744 1782 4818 βαθμοὺς
1812 4742 1945 4800 ἀνα-

311 4833 496 4892 ϐαῖνον
530 4837 616 4891 καὶ
646 4841 723 4909 τῷ
751 4833 928 4907 στόλῳ
955 4831 1426 4912 περιπλεκόμενον.

394 4923 723 5004 Ν’.”Ετερός
757 4947 835 4989 τις
866 4924 928 4980 ἐκ
957 4925 1054 4990 τῆς
1098 4921 1363 4990 ἀνατολῆς
1391 4921 1490 4988 τὴν
1521 4920 1736 5000 πορείαν
1768 4921 1953 4977 ποιού-

2036 4740 2370 4814 lientem,et
2397 4739 2614 4818 gradus
2643 4740 3163 4814 ascendentem,et
3184 4739 3521 4802 columnam
3543 4759 3671 4803 am-

2039 4829 2395 4911 plectentem
2409 4878 2422 4892 .

2115 4921 2184 4981 L.
2218 4917 2466 4991 Quidam
2501 4918 2650 4980 alius
2681 4919 2796 4981 iter
2817 4916 3040 4979 faciens
3070 4918 3143 4978 ad
3174 4916 3437 4995 Oriente,
3465 4917 3676 4980 incidit

310 5036 476 5093 μενος
506 5017 812 5092 περιπίπτει
856 5012 1110 5090 λῃσταῖς.
1147 5014 1208 5069 Οἱ
1259 5009 1313 5066 δέ
1349 5009 1563 5088 πληγὰς
1619 5010 1782 5083 αὐτῷ,
1820 5011 1929 5066 κατι

2036 5008 2097 5069 in
2121 5009 2403 5081 latrones,
2439 5006 2537 5088 qui
2567 5025 2699 5068 cum
2727 5006 2782 5067 ei
2813 5007 3110 5088 plagas,ut
3131 5024 3266 5067 cum
3294 5025 3464 5068 sacra
3480 5008 3674 5069 dicam

307 5107 434 5168 τοὺς
497 5106 667 5185 ἱεροὺς
724 5103 913 5183 λόγους
945 5103 1141 5175 εἰπεῖν,
1175 5100 1436 5164 ἐπιθέντες
1463 5100 1552 5156 καὶ
1610 5095 1862 5164 λαϐόντες
1923 5124 1929 5152 ι

2041 5099 2372 5178 Scriptura,
2407 5096 2994 5185 imposuissent,qua3
3023 5112 3224 5156 secum
3261 5094 3537 5176 habebat,
3569 5113 3677 5157 ειυς

309 5183 620 5274 ἐπεφέρετο,
679 5195 739 5250 οὔ
799 5195 908 5267 μὴν
961 5191 1016 5248 δέ
1075 5189 1212 5247 ἀλλὰ
1285 5191 1373 5246 καὶ
1431 5189 1497 5244 τὰ
1551 5192 1656 5244 τῶν
1717 5188 1928 5265 γονάτω

2038 5187 2243 5248 ferunt
2273 5208 2288 5258 ;
2308 5185 2450 5268 quin
2475 5188 2648 5247 etiam
2671 5201 2806 5246 cum
2831 5183 2961 5263 eius
2982 5201 3243 5262 genuum
3267 5201 3481 5274 nervos
3503 5201 3676 5274 exse-

311 5289 505 5363 αῦτῴιξ
537 5291 691 5364 νεῦρα
775 5287 1162 5361 συγκόψαντες,

1250 5280 1484 5355 ἡμιθανῆ
1553 5275 1927 5334 καταλείπουσι
1939 5321 1954 5338 .

2041 5277 2328 5352 coissent,
2364 5276 2712 5356 relinquunt
2740 5277 3220 5337 semimortuum.
3263 5272 3410 5335 Eum
3436 5273 3676 5354 quidem

314 5362 820 5453 Toﬁrovﬁaomdpoc
853 5402 858 5408 ο
887 5371 1031 5437 τινές
1095 5370 1283 5428 οδτωσὶ
1338 5369 1580 5444 κείμενον
1643 5367 1929 5442 θεασάμενο

2040 5369 2297 5429 viatores
2327 5384 2464 5428 cum
2495 5364 2785 5426 vidissent
2814 5365 2897 5426 sic
2949 5363 3278 5444 jacentem,
3335 5371 3395 5424 et
3421 5362 3680 5453 benigne

319 5465 417 5524 καί
497 5452 880 5544 ιριλανθρώπως
962 5458 1405 5523 διαϐαστάσαντες
1489 5458 1561 5518 εἷς
1635 5456 1736 5523 τὴν
1801 5455 1926 5514 πόλι

2042 5455 2652 5531 sustulissent,ferunt
2673 5454 2733 5515 in
2759 5454 3147 5544 propinquam
3169 5453 3466 5515 civitatem
3482 5452 3680 5544 Anc!-

326 5542 613 5638 ’Ἄγκυραν
671 5542 1045 5635 ἀποφέρουσιν,
1094 5549 1156 5607 ἐκ
1204 5549 1460 5628 γειτόνων
1501 5545 1681 5622 οὖσαν,
1737 5545 1824 5602 καὶ
1880 5555 1929 5604 τε

2047 5555 2271 5626 ram,et
2289 5545 2350 5609 id
2385 5544 2637 5609 civitatis
2656 5546 2942 5626 episcopo
2964 5542 3319 5623 significant,
3340 5562 3374 5606 a
3394 5561 3509 5626 quo
3532 5543 3682 5607 mul-
