4048 6136
296 309 318 374 1
331 302 448 373 037

1421 306 1605 374 VITA
1660 308 1761 372 SS.
1811 303 2018 372 IND/E
2076 306 2174 370 ET
2217 304 2526 371 DOMN/E.

3501 310 3520 374 1
3534 308 3652 376 038

286 446 390 522 γὰρ
447 443 512 501 δι’
558 445 793 523 ἀστέρων
849 446 1098 524 σταυροὺς
1154 444 1355 522 ἡμέρας
1414 443 1574 512 οῧσης
1629 452 1721 500 τοῦ
1780 443 1930 512 ἡλίου

2020 441 2324 504 miracula.
2360 440 2510 502 Tres
2540 439 2701 502 enim
2727 457 2832 519 per
2859 439 3060 502 stellas
3091 456 3320 521 cruces,
3356 457 3490 503 cum
3522 443 3654 506 dies

285 533 665 611 λαμπρότατον
722 533 1129 609 ἀπολάμποντος
1189 535 1281 590 σὺν
1350 533 1534 608 πολλῷ
1618 541 1694 605 τῷ
1748 532 1932 590 κᾶλλει

280 630 385 683 καὶ
439 627 637 704 ἀνθηρᾷ
691 633 761 701 τῇ
818 626 954 703 αὖγῇ
1013 629 1240 706 φανῆναι
1298 625 1532 702 λέγεται,
1593 627 1680 682 καὶ
1727 627 1934 688 τούτοις

279 715 463 771 ἐπύνω
520 720 618 781 τῆς
678 716 854 790 τιμίας
899 715 1102 781 ἐκείνης
1169 720 1356 782 στῆναι
1423 721 1598 790 σορού·
1668 713 1803 771 ἀλλὰ
1867 711 1932 779 δὴ

277 806 372 860 καὶ
429 805 735 882 περιστερὰς
783 803 1037 860 ’ἵπτασθαι
1094 803 1433 870 λευκοτάτας,
1465 804 1565 870 τὴν
1614 803 1695 859 ἀεὶ
1744 809 1930 858 συνοῦ-

281 915 383 950 σαν
455 893 596 966 αὐτῷ
655 895 814 972 χάριν
884 891 1148 958 δηλούσπς
1224 901 1313 950 τοῦ
1387 895 1708 966 Πνεύματος,
1783 891 1933 949 Οὕτω

281 981 383 1055 μὲν
415 982 502 1038 οὖν
545 984 606 1038 τὸ
635 984 771 1058 ἱερὸν
815 991 906 1040 τοῦ
941 981 1148 1048 Δαδιὴλ
1201 989 1356 1054 σῶμα
1386 984 1538 1062 χερσὶ
1583 989 1672 1038 τοῦ
1722 981 1931 1058 πρώτου

284 1071 538 1136 κατετέθη
597 1071 914 1150 ἀρχιερέως,
949 1071 1176 1142 κάκείνῳ
1229 1069 1387 1126 πάλιν
1441 1072 1504 1125 τὰ
1547 1069 1769 1144 λείψανα
1826 1076 1929 1125 τῶν

282 1159 340 1214 ἐν
391 1156 654 1216 Βαϐυλῶνι
685 1166 844 1236 τριῶν
878 1158 1070 1215 παίδων
1117 1159 1311 1216 ἄνωθέν
1358 1159 1601 1234 ἐπετέθη,
1650 1168 1741 1217 τοῦ
1787 1159 1931 1214 ὁσίου

282 1250 372 1302 γαὶ
428 1257 578 1306 τοῦτο
622 1247 988 1322 ἐντειλαμένου
1021 1247 1165 1311 ὅπως
1212 1249 1288 1321 μὴ
1338 1255 1415 1321 τῷ
1446 1247 1645 1305 ἐκείνου
1695 1247 1934 1321 λειψλνῳ

284 1335 515 1409 μᾶλλον,
575 1335 712 1391 ἀλλὰ
771 1350 884 1399 τοῖς
945 1335 1301 1409 ἐπικειμένοις
1374 1339 1514 1408 αὖτῴ
1567 1342 1931 1412 προσκυνῶσιν

282 1429 333 1482 οἱ
396 1426 726 1503 προσιόντες.
787 1426 937 1482 Οὕτω
992 1425 1087 1492 τῆς
1156 1423 1482 1500 ἅτθρωπίνης
1539 1423 1690 1491 δόξης
1725 1424 1936 1480 ἔσπευδε

280 1516 376 1571 καὶ
447 1515 580 1588 μετὰ
647 1515 896 1580 τελευτὴν
977 1517 1004 1570 ὁ
1071 1515 1328 1592 μακάριος
1403 1513 1543 1578 ξένος
1617 1513 1934 1572 δείκνυσθαι.

285 1606 534 1666 Τοιοῦτος
593 1606 619 1660 ὃ
673 1605 731 1658 ἐκ
792 1609 1011 1680 γενετῆς
1069 1609 1144 1675 τῷ
1211 1603 1430 1680 μεγάλῲ
1471 1604 1580 1684 βίος
1638 1605 1802 1684 μέχρι
1847 1605 1937 1659 καὶ

2016 543 2168 589 esset
2190 542 2243 590 et
2266 532 2350 589 sol
2379 532 2592 589 luceret
2615 530 3124 597 clarissimus,cum
3145 545 3370 590 summa
3397 533 3654 604 pulchri-

2020 618 2224 679 tudine
2241 625 2300 679 et
2319 617 2639 698 splen-lore
2659 617 2941 678 dicuntur
2960 617 3397 697 apparuisse,et
3415 619 3653 682 stetisse

2017 707 2196 784 super
2219 707 2539 786 pretiosum
2566 705 2733 767 illum
2761 705 3040 767 foculum.
3069 704 3219 777 Quin
3245 706 3424 768 etiam
3458 707 3650 770 volas-

2017 815 2083 856 se
2115 795 2407 857 columbae
2435 795 2892 868 candidissimus,
2944 813 3076 876 quae
3122 813 3256 857 cum
3309 815 3381 859 eo
3411 815 3652 879 semper

2015 885 2378 965 est,gratiam
2404 884 2659 964 Spiritus
2679 885 3209 964 signiﬁcantes.Sic
3242 903 3382 964 ergo
3411 905 3650 950 sacrum

2015 975 2161 1036 illud
2197 993 2412 1054 corpus
2442 973 2704 1036 Danielis
2733 974 3072 1054 depositum
3103 973 3186 1034 fui
3220 974 3494 1038 manibus
3525 977 3652 1057 pri-

2016 1064 2096 1124 mi
2127 1063 2447 1144 pontiticis.
2483 1065 2714 1126 Rursus
2742 1063 2834 1125 illi
2865 1081 3100 1144 quoque
3150 1063 3387 1126 fuerunt
3413 1066 3656 1145 imposi-

2015 1161 2087 1214 tas
2119 1153 2389 1233 reliquiae
2419 1153 2600 1214 trium
2623 1169 2971 1233 puerorum,
2995 1152 3096 1233 qui
3127 1162 3296 1214 erant
3326 1153 3651 1235 Babylone,

2017 1260 2150 1303 cum
2183 1241 2564 1321 sicjussisset
2593 1249 2858 1321 sanctus,
2893 1261 2969 1303 ne
2998 1251 3115 1302 tam
3149 1242 3311 1304 illius
3339 1243 3650 1326 reliquias,

2021 1349 2195 1410 quam
2226 1349 2330 1393 eos
2378 1331 2479 1410 qui
2527 1341 2700 1392 erant
2745 1331 2800 1391 ei
2829 1331 3115 1411 impositi,
3144 1330 3657 1396 adorareutaccev

2022 1420 2253 1482 dentes.
2285 1418 2382 1481 Sic
2403 1428 2642 1494 sanctus
2685 1420 2756 1480 ab
2791 1419 3047 1480 humana
3077 1419 3266 1498 gloria
3294 1421 3516 1483 studuit
3557 1441 3656 1484 os-

2022 1510 2180 1570 tendi
2211 1509 2442 1570 alienus
2471 1509 2644 1569 etiam
2681 1515 2810 1589 post
2841 1507 3178 1572 decessum.
3214 1509 3376 1572 Talis
3405 1511 3514 1573 fuit
3541 1513 3660 1574 vita

2019 1598 2214 1676 magni
2242 1597 2508 1658 Danielis
2537 1597 2610 1658 ab
2642 1607 2778 1660 ortu
2809 1616 3000 1678 usque
3029 1597 3103 1659 ad
3128 1598 3439 1662 decessum
3467 1621 3484 1678 ;
3519 1602 3658 1664 talia

278 1693 562 1758 τελευτῆς
614 1702 830 1751 τοιαῦτα
889 1694 953 1748 τὰ
1013 1695 1418 1770 κατορθώματα,
1471 1682 1586 1765 "Oc,
1629 1692 1712 1749 διὰ
1755 1716 1932 1760 πασης

2020 1689 2145 1766 ejus
2168 1694 2304 1747 sunt
2323 1685 2769 1758 benefacta.Qui
2790 1705 2924 1748 cum
2949 1685 3196 1750 obiisset
3218 1706 3457 1752 omnem
3480 1707 3658 1753 exer-

279 1783 562 1850 ἁσκήσεως
621 1783 706 1837 καὶ
764 1779 1107 1849 παντοδαπῆς
1168 1781 1387 1858 ἀγώνων
1440 1781 1578 1844 ἰδέας
1629 1784 1792 1838 ὲλθὼν
1844 1784 1929 1838 καὶ

2020 1775 2378 1850 citatiouem,
2413 1785 2471 1837 et
2529 1794 2706 1837 omne
2761 1794 2952 1856 genus
3007 1777 3376 1853 certaminis,
3432 1789 3489 1842 et
3536 1789 3656 1841 tam

276 1871 558 1933 τοσούτοις
588 1868 890 1946 διαλάμψας
936 1871 1108 1948 ἔργοις
1154 1869 1369 1948 πλήρης
1406 1893 1460 1926 τε
1505 1874 1717 1949 ἡμερῶν
1765 1893 1929 1949 γεγο-

275 1961 381 2020 νὼς
441 1966 545 2015 τῶν
577 1980 633 2015 τε
686 1959 1024 2036 ἅνθρωπίνων
1081 1959 1305 2014 καὶτῶν
1362 1959 1455 2016 to;
1517 1962 1841 2034 Πνεύματος,
1876 1961 1930 2016 ἐν

274 2050 419 2126 γήρᾳ
470 2047 618 2119 καλῷ
671 2047 920 2119 καταλύει
977 2049 1066 2104 τὸν
1098 2048 1212 2124 βίον
1269 2049 1338 2112 εἰς
1375 2047 1703 2125 ὀγδοήκοντα
1761 2071 1932 2127 παρα-

276 2139 452 2198 τείνας
485 2137 579 2204 ἔτη
609 2139 696 2193 καὶ
728 2143 903 2213 μῆνας
933 2150 1102 2207 τρεῖς.

363 2226 512 2299 Νςκ
559 2228 698 2282 Φασὶ
741 2223 793 2281 δὲ
827 2225 984 2282 αὐτὸν
1028 2229 1113 2282 καὶ
1165 2227 1258 2291 τὰς
1317 2228 1506 2305 τρίχας
1535 2233 1633 2294 τῆς
1695 2228 1934 2308 κεφαλῆς

277 2323 538 2372 τοσοῦτον
583 2315 822 2392 γενέσθαι
854 2321 930 2388 τῷ
982 2317 1162 2394 χρόνῳ
1203 2316 1536 2393 κατάκομον,
1569 2319 1640 2381 ὡς
1689 2317 1934 2396 τέσσαρσι

282 2406 386 2480 μὲν
444 2403 756 2482 διαιρεῖσθαι
807 2405 1148 2483 βοστρύχοις,
1205 2407 1266 2460 τὸ
1344 2403 1397 2459 δὲ
1467 2407 1638 2479 μῆκος
1695 2408 1782 2462 καὶ
1864 2409 1936 2468 εἰς

284 2497 488 2571 πάχεις
545 2493 834 2572 τέσσσαρας
889 2495 1307 2572 παρατείνεσθαι⁶
1382 2495 1539 2569 βαθὺς
1589 2489 1646 2550 δὲ
1704 2499 1788 2550 κτὶ
1847 2497 1935 2552 τὸν

288 2584 520 2662 πώγωνα
558 2585 622 2650 ἦν
656 2585 728 2647 εἷς
762 2583 848 2638 δύο
877 2585 964 2639 καὶ
994 2590 1179 2639 τοῦτον
1209 2584 1534 2662 βςστρύχους
1566 2584 1711 2662 ἔχων
1739 2582 1935 2662 διῃρη-

277 2695 468 2748 μενον.
551 2671 793 2734 Ἐκεῖνος
864 2672 962 2747 μὲν
1034 2672 1172 2729 οὕτω
1252 2674 1418 2742 ζήσας
1499 2673 1930 2731 ὰπανεπαύσατο·

273 2766 418 2837 ἡμῖν
461 2761 516 2818 δὲ
571 2761 873 2840 ἀρχέτυπον
929 2763 1125 2839 ἀγαθὸν
1180 2767 1270 2817 τὸν
1331 2763 1516 2817 ἑαυτοῦ
1578 2762 1930 2819 καταλελοιπε

276 2853 416 2929 βίον⁷
450 2851 554 2930 οὔχ
612 2849 702 2905 ἵνα
756 2850 916 2924 μόνον
963 2850 1262 2923 ἐπαινῶμεν
1317 2849 1353 2916 ἢ
1414 2852 1500 2905 καὶ
1555 2852 1930 2931 θαυμάζωμεν,

2016 1865 2216 1926 multis
2243 1865 2441 1927 clarus
2475 1865 2685 1927 fuisset
2711 1864 3268 1945 operibus,etfectus
3303 1867 3514 1948 plenus
3534 1869 3659 1931 die-

2013 1972 2171 2034 rum,
2208 1962 2322 2015 tam
2382 1955 2806 2029 humanorum,
2869 1973 3042 2034 quam
3076 1955 3346 2036 spiritus,
3381 1955 3443 2018 iu
3474 1975 3657 2020 seue-

2014 2051 2171 2104 ctute
2204 2042 2358 2104 bona
2386 2044 2620 2106 excedit
2644 2062 2677 2104 e
2704 2049 2981 2119 vita,cum
3007 2043 3081 2105 ad
3103 2045 3534 2124 octogesimum
3557 2065 3659 2110 an-

2016 2150 2155 2192 num
2192 2131 2560 2212 pervenisset
2587 2141 2646 2194 et
2683 2150 2920 2194 menses
2946 2141 3086 2195 tres.

2098 2219 2242 2282 LVI.
2281 2221 2461 2282 Aiunt
2488 2229 2683 2282 autem
2735 2239 2868 2282 cum
2915 2240 3152 2302 quoque
3183 2223 3414 2304 capillis
3445 2224 3657 2306 capitis

2019 2326 2301 2388 processu
2337 2309 2622 2390 temporis
2642 2309 2792 2371 adeo
2823 2312 3080 2372 evasisse
3105 2321 3658 2396 comatum,utqua—

2020 2398 2272 2477 druplici
2293 2399 2532 2478 quidem
2559 2416 2732 2460 coma
2752 2397 3658 2482 discriminarentur,longitudo

2019 2496 2214 2549 autem
2249 2505 2455 2548 eorum
2498 2487 2571 2548 ad
2631 2496 2888 2568 quatuor
2930 2487 3162 2550 cubitos
3194 2490 3655 2570 produceretur.

2018 2575 2214 2638 Barba
2242 2594 2480 2656 quoque
2510 2585 2637 2637 erat
2666 2578 2718 2636 ei
2751 2575 2964 2656 densa,
2989 2594 3119 2656 quas
3149 2577 3274 2657 ipsa
3301 2597 3536 2659 quoque
3567 2579 3658 2642 bi-

2017 2664 2225 2726 fariam
2260 2663 2802 2726 discriminabatur.
2840 2666 3038 2745 Atque
3093 2664 3196 2726 illa
3241 2667 3484 2746 quidem
3513 2686 3654 2731 cum

2018 2755 2104 2815 sic
2132 2754 2406 2834 vixisset,
2449 2754 2782 2834 requievit;
2818 2753 2991 2816 nobis
3015 2761 3215 2816 autem
3249 2756 3562 2835 pulchrum
3598 2776 3658 2821 e-

2015 2843 2290 2922 xemplar
2322 2861 2488 2906 suam
2512 2842 2755 2924 reliquit
2772 2843 3101 2923 vitam,uon
3125 2843 3316 2905 solum
3349 2853 3414 2906 ut
3442 2844 3655 2909 laude-

279 2939 423 2996 ἀλλὰ
475 2941 561 2995 καὶ
593 2941 665 3002 ὡς
716 2937 934 2994 δυνατὸν
966 2939 1274 3014 μιμώμεθα.
1323 2937 1382 2995 Ὀ
1441 2940 1538 3013 μὲν
1568 2941 1666 3018 γὰρ
1718 2940 1930 3004 ἔπαινος

2020 2950 2172 3006 mus,
2199 2941 2300 2992 aut
2329 2933 2504 2992 etiam
2536 2939 2601 2993 ut
2628 2932 3020 3007 admiremur,
3055 2932 3162 2994 sed
3196 2939 3260 2994 ut
3291 2951 3398 3014 pro
3428 2933 3658 2998 viribus

280 3031 414 3106 πρὸξ
467 3030 618 3084 αὒτὸν
671 3028 881 3107 φέρεται
943 3028 1127 3102 μόνον·
1177 3029 1212 3094 ἡ
1254 3026 1309 3083 δὲ
1367 3029 1589 3103 μίμησις
1635 3031 1738 3084 τῶν
1794 3031 1932 3108 ὀφει-

2020 3040 2253 3102 quoque
2284 3021 2772 3084 imitemur.Laus
2797 3022 2956 3083 enim
2981 3021 3054 3083 ad
3072 3039 3209 3084 eum
3228 3021 3416 3085 fertur
3435 3023 3652 3106 solum,

277 3117 520 3183 λομένων
596 3119 736 3190 αὒτῴ
793 3117 1002 3194 ἀγαθῶν
1087 3119 1174 3173 καὶ
1226 3118 1372 3191 ἡμᾶς
1437 3117 1688 3197 μετέχειν
1761 3141 1930 3197 παρα⁹

2020 3111 2266 3172 imitatio
2286 3120 2482 3173 autem
2508 3130 2626 3172 non
2648 3110 2809 3185 facit,
2843 3119 2908 3171 ut
2927 3110 3115 3172 simus
3139 3111 3315 3173 etiam
3339 3112 3658 3195 participes

274 3208 518 3277 σκευάζει
575 3207 758 3285 χάριτι
801 3208 894 3262 καί
961 3205 1324 3285 φιλανθρωπίᾳ
1374 3214 1466 3262 τοῦ
1537 3209 1721 3284 Κυρίου
1775 3209 1930 3282 ἡμῶν

2020 3200 2334 3276 bonorum,
2371 3220 2502 3281 quae
2532 3201 2587 3261 ei
2617 3200 2950 3274 debentur;
3008 3201 3197 3278 gratia
3247 3209 3308 3262 et
3333 3201 3660 3264 clementia

272 3297 460 3364 ἰησοῦ
513 3298 760 3374 Χριστοῦ,
819 3298 865 3368 ᾧ
921 3297 955 3363 ἡ
1013 3293 1132 3380 ξὸξα
1189 3295 1278 3352 καὶ
1340 3297 1399 3352 τὸ
1455 3297 1646 3374 κράτος
1702 3304 1789 3354 νῦν
1843 3308 1929 3363 καὶ

2020 3288 2252 3354 Domini
2275 3289 2622 3354 nostriJesu
2639 3289 2878 3367 Christi,
2924 3290 3020 3352 cui
3051 3289 3241 3369 gloria
3272 3297 3333 3352 et
3394 3291 3659 3370 potentia

270 3388 384 3461 ἀεὶ,
417 3387 501 3441 καὶ
539 3387 611 3449 εἷς
641 3387 762 3450 τοὺς
789 3385 981 3448 αἰῶνας
1012 3390 1118 3439 τῶν
1148 3383 1373 3443 αἰώνων.
1412 3385 1608 3461 Ἀμήν.

2020 3399 2150 3442 cum
2192 3383 2361 3444 Patre
2387 3380 2645 3461 ejus,qui
2675 3389 2838 3442 caret
2871 3379 3260 3460 principio,et
3284 3381 3657 3444 sanctissimo

2007 3477 2067 3535 et
2095 3468 2250 3531 bono
2275 3479 2336 3532 et
2376 3470 2606 3532 viviﬁco
2634 3469 2765 3547 ejus
2804 3467 3054 3550 Spiritu,
3090 3485 3253 3530 nunc
3284 3477 3347 3530 et
3375 3485 3650 3548 semper,

2007 3572 2068 3624 et
2091 3561 2152 3622 in
2181 3559 2396 3623 sucula
2423 3557 2804 3624 saeculorum.
2836 3558 3052 3620 Amen.

943 3863 1592 3950 ΜΑΡΤΥΡΙΟΝ
1675 3865 1900 3950 ΤΩΝ
1972 3861 2308 3948 ΑΓΙΩΝ
2401 3860 3005 3946 ΜΑΡΤΥΡΩΝ

1102 4048 1637 4178 ΙΝΔΟΥ
1738 4047 2040 4177 ΚΑΙ
2144 4044 2859 4175 ΔΟΜΝΑΣ

833 4270 941 4338 ΙςΑΙ
975 4268 1108 4319 ΤΩΝ
1143 4265 1346 4318 ΑΓΙΩΝ
1381 4265 1747 4317 ΔΙΣΜΥΡΙΩΝ
1781 4267 1912 4318 ΤΩΝ
1948 4265 2032 4314 EN
2065 4263 2487 4328 ΝΙΚΟΜΗΔΕΙᾼ
2521 4259 3126 4314 ΜΑΡΤΥΡΟΣΛΝΤΩΝ.

926 4535 1562 4622 MARTYRUM
1646 4533 2328 4620 SANCTORUM
2416 4530 3042 4618 MARTYRUM

1103 4717 1635 4864 INDIE
1761 4715 2006 4860 ET
2115 4711 2860 4860 DOMNzE

580 4938 676 5004 ET
747 4937 1202 5006 SANCTORUM
1278 4937 1563 5003 VIGINTI
1635 4936 1948 5003 MILLIUM
2017 4933 2144 5008 QUI
2229 4932 2668 4999 NICOMEDUE
2735 4932 2952 4998 PASSI
3019 4930 3217 4998 SUNT
3285 4933 3391 5014 (l).

726 5074 924 5145 (Latine
953 5074 1082 5147 apud
1111 5073 1315 5131 Surium
1350 5072 1411 5129 ad
1440 5072 1574 5130 diem
1604 5073 1674 5131 26
1697 5067 2026 5135 Decembris;
2062 5068 2231 5125 Graece
2262 5083 2325 5123 ex
2351 5067 2462 5124 cod.
2497 5083 2594 5124 ms.
2628 5065 2756 5138 Reg.
2783 5065 2942 5132 1553,
2965 5081 3085 5124 saec.
3115 5065 3254 5134 xtv.)

383 5303 469 5366 A’.
533 5304 688 5388 ’Ἄρτι
720 5305 1050 5386 Μαξιμιανοῦ
1103 5306 1340 5382 δεύτερον
1370 5307 1488 5372 ἔτος
1521 5304 1744 5386 ἄγοντος
1805 5307 1859 5364 ἐν
1889 5312 1932 5381 τῆ

2020 5327 2023 5352 ι
2122 5303 2168 5366 Ι.
2208 5300 2555 5364 Maximiano
2595 5301 2719 5380 jam
2768 5298 3098 5388 secundum
3127 5315 3348 5360 annum
3380 5305 3592 5378 agente
3619 5297 3685 5362 in

327 5395 584 5472 Ρωμαίων
610 5386 618 5388 ἡ
643 5398 790 5479 ἀρχῇ
818 5401 907 5457 καὶ
955 5406 1048 5458 τοῦ
1089 5403 1189 5467 τῆς
1246 5395 1488 5463 ἀσεϐείας
1518 5403 1792 5478 χειμῶνος
1838 5418 1932 5477 χα-

2038 5391 2292 5474 imperio
2323 5390 2760 5467 Romanorum,
2792 5396 2853 5452 et
2896 5386 3210 5451 minitante
3259 5404 3494 5466 gravem
3524 5393 3682 5451 tem-

358 5554 733 5701 nSlgsllﬁrum
763 5558 977 5701 fgstum
1007 5559 1092 5622 ait
1127 5557 1558 5640 Metaphrastes
1608 5555 1900 5622 celebrari
1935 5573 2052 5618 uno
2086 5551 2184 5616 die
2217 5559 2346 5634 post
2377 5550 2633 5613 natalem
2685 5549 2924 5628 Christi,
2958 5548 3434 5630 Martyrologium
3465 5547 3688 5616 Roma-

606 5657 774 5701 ecem
821 5657 933 5701 ris.

307 5653 413 5703 um
445 5653 523 5699 25
551 5653 907 5702 Decembris
919 5687 933 5703 .
