4066 6146
336 292 491 361 1045

1463 295 1650 360 VITA
1711 294 1814 357 SS.
1861 294 2070 359 ΙΝΒιΕ
2122 297 2221 359 ΕΤ
2264 296 2574 361 ΠΟΜΝίΕ.

3550 300 3704 367 1046

321 433 435 493 διον
477 435 673 512 εὖαγὴς
716 436 971 513 εὒνὸῦχος
1027 431 1226 506 λαϐὼν,
1285 432 1467 510 ἠρώτα
1525 441 1627 491 ποῦ
1675 455 1734 489 τε
1786 435 1952 491 αὐτοῖς

2054 429 2273 493 ﬁebant
2307 430 2650 511 participes.
2698 429 2870 495 Hunc
2902 450 3041 513 ergo
3094 432 3312 496 librum
3348 442 3408 496 et
3435 435 3697 497 arculam

320 527 350 582 ὁ
399 526 622 605 χρυσὸς,
668 523 765 581 λαὶ
823 527 858 591 ἡ
905 521 1202 605 πολυτελὰς
1234 521 1390 590 ἐσθὴς
1422 523 1509 579 διαὶ
1544 523 1574 590 ἡ
1605 523 1793 597 κομψὴ
1826 519 1965 588 ἄλλη

324 602 491 681 σκεῦὴ
541 614 629 669 καὶ
685 609 1055 689 περιϐλεπτος.
1121 602 1213 672 Ὠς
1283 608 1339 666 δὲ
1417 612 1505 667 καὶ
1567 608 1714 674 αὖθις
1767 613 1965 665 εκεϊνοι

322 701 527 777 μηδέια
579 702 687 757 τῶν
743 701 1055 776 ἐρωτήσεων
1116 700 1424 775 ποιούμενοι
1481 700 1640 777 λόγον
1681 700 1966 755 σκώπτον-

318 813 405 857 τες
441 791 772 869 εἱστήκεσαν,
805 791 1052 867 βασάνοις
1103 794 1287 854 αὐτοῖς
1342 788 1585 857 εξεδίδου,
1649 785 1815 846 Ἀλλὰ
1869 786 1966 844 καῖ

320 880 488 944 οὕτως
543 878 812 961 ἠλέγχετο
868 880 1039 936 παίων
1095 882 1170 944 εἷς
1216 883 1369 937 κενὸν
1425 880 1548 942 τοὺς
1609 877 1913 953 ἀδάμαντας
1944 893 1958 907 ⁶

322 969 479 1038 ἤκουε
535 971 636 1048 γὰρ
678 969 806 1048 παρ’
861 968 1036 1026 αὒτῶν
1076 970 1138 1026 τὸ
1180 969 1429 1048 παράπαν
1460 967 1627 1031 οὐδέν,
1664 969 1734 1025 Τὸ
1779 967 1959 1042 μέντοι

324 1062 460 1133 ἱερὸν
516 1059 692 1116 ἒκεϊνο
734 1056 958 1138 βιϐλίον,
1005 1059 1135 1135 πρὸς
1168 1059 1222 1115 δέ
1264 1062 1352 1116 καὶ
1384 1060 1444 1114 τὸ
1492 1056 1839 1136 λαρνακίδιον,
1887 1059 1962 1121 ὡς

317 1147 466 1205 οὐδὲν
512 1151 652 1222 αὒτῴ
701 1151 973 1228 χρήσιμα,
1009 1148 1166 1205 αὗτοῦ
1209 1147 1518 1206 καταλείπει
1562 1148 1705 1222 παρὰ
1758 1152 1834 1220 τῷ
1862 1168 1965 1203 τα-

318 1239 498 1313 μιείῳ.
559 1238 784 1301 Τούτους
848 1235 903 1293 δὲ
961 1236 1205 1319 ἀλλαχοῦ
1262 1235 1701 1304 κατακλεισθῆναι
1761 1235 1964 1292 κελεύει

319 1328 424 1393 ἕως
486 1328 742 1405 ἁνενέγκῃ
786 1334 862 1402 τῷ
903 1318 1139 1403 βασιλεῖ,
1179 1318 1241 1384 Ἠ
1298 1327 1395 1401 μὲν
1448 1326 1537 1382 οὖν
1577 1324 1855 1403 παρθένος,
1891 1327 1963 1388 ὡς

320 1417 544 1496 ἐξήγετο
572 1417 674 1485 ἤδη
717 1425 811 1475 τοῦ
852 1418 1092 1491 ταμιείου
1153 1416 1466 1474 διαλαθοῦσα
1527 1416 1722 1479 πάντας
1766 1418 1854 1472 καὶ
1904 1416 1964 1471 τὸ

318 1505 522 1585 βιϐλίον
580 1508 778 1587 εὒιρυως
833 1505 1002 1583 ἄρασα
1057 1508 1265 1585 (μικρὸν
1313 1508 1412 1584 γὰρ
1454 1505 1519 1573 ἦν
1575 1507 1661 1562 καὶ
1692 1509 1809 1562 οἷον
1871 1507 1962 1561 εῦ-

321 1605 503 1678 χερῶς
560 1596 923 1674 κρύπτεσθαι),
981 1598 1057 1658 τῶ
1113 1596 1305 1671 ίματίῳ
1361 1600 1526 1662 αὐτῆς
1583 1594 1908 1674 περιέστειλε
1943 1610 1957 1625 ⁸

320 1688 442 1745 κατ’
498 1687 660 1753 αῦτην
718 1685 773 1742 δὲ
827 1688 915 1742 καὶ
969 1689 997 1742 ὁ
1053 1687 1353 1761 θαυμαστὸς
1398 1684 1587 1751 ’Ἱνδης
1642 1686 1705 1740 τὸ
1762 1683 1965 1749 ξύλινον

320 1784 507 1842 σκεῦος
562 1776 657 1854 ἧρε
692 1791 706 1806 ⁸

319 1865 748 1933 ἕνεκλείσθησαν,
805 1866 1021 1927 Τούτοις
1106 1864 1245 1921 οὕτω
1309 1863 1703 1941 Ααθειργμένοις
1759 1863 1957 1943 χρόνου

319 1957 521 2037 συχνὸν
580 1957 738 2031 μόνος
767 1958 795 2012 ὁ
825 1961 929 2027 ζῶν
959 1954 1111 2037 ἄρτος
1143 1954 1312 2032 τροφὴ
1345 1954 1432 2032 ἧν,
1464 1956 1556 2011 καὶ
1582 1954 1644 2009 τὸ
1674 1959 1771 2021 τῆς
1814 1953 1955 2015 θείας

319 2032 545 2126 γᾶριτος
598 2046 747 2121 πόμα
790 2044 976 2102 ποτόν.
1012 2032 1105 2099 Ὠν
1146 2042 1202 2099 δὲ
1244 2045 1333 2099 καὶ
1375 2045 1435 2099 τὸ
1477 2050 1634 2118 σῶμα
1675 2057 1957 2100 κοινωνεῖν

320 2116 638 2214 αναγκαῖον,
708 2136 959 2190 τοσοῦτον
1029 2133 1312 2212 ἐστέρηντο
1388 2131 1510 2188 ὅσον
1568 2130 1715 2189 οῦδὲν
1768 2131 1954 2196 ὕδατος

317 2225 616 2285 ἀπολαῦσαι
667 2225 841 2301 παρῆν
876 2242 890 2255 ’
938 2223 1092 2279 τοῦτο
1152 2224 1251 2300 γὰρ
1307 2224 1341 2290 ἢ
1373 2232 1466 2281 τοῦ
1495 2223 1730 2288 ἀπηνοῦς
1763 2220 1956 2301 ἄρχονο

315 2339 409 2381 τος
463 2314 678 2393 εντολὴ,
742 2315 889 2377 ὃπως
944 2313 1089 2370 αῦτοὶ
1146 2316 1404 2390 γαστέρας
1465 2310 1722 2385 δεομένων
1783 2310 1956 2379 ἐπλή-

316 2429 463 2484 ρουν,
498 2405 639 2480 λιμῷ
670 2406 892 2477 τοιούτῳ
949 2401 1390 2478 κατεργασθέντες
1449 2401 1803 2481 διαφθαρεῖεν,
1868 2404 1957 2458 καὶ

314 2496 468 2563 δίκην
499 2494 889 2575 φιλανθρωπίας
918 2493 1198 2571 ὑπόσχωσι
1230 2492 1327 2560 τὴν
1357 2493 1638 2568 ὠμότητα,

393 2673 472 2736 Ζ’.
511 2673 748 2740 Τοσαύτη
780 2680 905 2749 γοῦν
934 2674 968 2740 ἡ
1000 2678 1097 2740 τῆς
1149 2674 1403 2739 ἀπηνείας
1442 2673 1679 2733 ἐπίτασις
1734 2672 1819 2750 ἦν,
1865 2672 1953 2727 καὶ

309 2766 372 2821 τὸ
415 2769 514 2831 τῆς
570 2763 921 2825 κακοπαθείας
980 2763 1268 2843 ἀφόρητον,
1329 2764 1401 2824 ὡς
1475 2763 1564 2818 καὶ
1647 2761 1785 2834 νόσῳ
1854 2763 1953 2827 τὴν

312 2853 568 2931 παρθένον
639 2851 862 2924 ἁλῶναι,
921 2861 1105 2929 νεαροῦ
1178 2852 1427 2926 σώματος
1500 2852 1630 2924 πρὸς
1687 2851 1951 2917 τοσαύτην

316 2948 410 3001 οὒκ
459 2942 806 3021 ἀντισχόντος
847 2940 1232 3021 ταλαιπωρίαν.
1279 2940 1430 2998 Ἀλλ’
1481 2944 1573 2999 οὐκ
1627 2940 1692 3008 ἦν
1736 2941 1949 3003 πάντως

314 3033 403 3087 επὶ
449 3033 584 3087 πολᾶ
629 3028 873 3107 παριδεῖν
929 3031 1179 3106 ἐκείνους,
1216 3035 1260 3104 ᾧ
1290 3032 1373 3087 καὶ
1405 3037 1621 3096 πτηνῶν
1651 3028 1834 3105 μέλλει
1860 3032 1949 3086 καὶ

311 3122 419 3177 τῶν
476 3121 689 3198 θηρίων.
736 3119 904 3175 Ἀλλὰ
939 3120 1023 3185 νὺξ
1057 3122 1154 3194 μὲν
1194 3121 1255 3187 ἦν
1289 3140 1305 3154 ·

307 3212 436 3266 νίων
485 3208 728 3283 δυνάμεις
774 3207 1040 3288 ἀγγέλων,
1104 3210 1160 3267 οἳ
1212 3208 1397 3282 πολλῷ
1452 3216 1529 3284 τῷ
1578 3210 1710 3287 φωτὶ
1740 3209 1954 3274 τούτους

306 3299 801 3376 περιαστράψαντες
836 3347 851 3377 ,
927 3300 1013 3354 καὶ
1075 3299 1172 3366 τὴν
1232 3299 1488 3376 τράπεζαν
1545 3297 1953 3367 ὕποπλήσαντες

307 3388 636 3467 ἐδεσμάτων,
692 3390 836 3451 αὖθις
894 3390 1024 3466 πρὸς
1084 3388 1302 3466 οὖρανὸν
1382 3389 1688 3461 ἆνεφοίτων.
1754 3390 1812 3446 Οἱ
1898 3386 1952 3444 δὲ

310 3485 420 3534 τῶν
476 3479 838 3553 προκειμένων
890 3490 1148 3557 μετεῖχον
1208 3479 1375 3558 εὒθύς,
1416 3476 1530 3534 οὔδε
1574 3479 1699 3552 μίαν
1728 3480 1950 3552 μνήμην

310 3573 419 3624 τῶν
472 3564 850 3644 προλαϐόντων
910 3566 1170 3645 ἀλγεινῶν
1226 3571 1581 3641 ποιούμενοι*
1638 3567 1727 3623 καὶ
1796 3570 1951 3622 τοῦτο

311 3658 410 3732 μέν
465 3657 713 3726 ἡσθέντες
772 3659 838 3733 τῇ
891 3664 997 3713 τῶν
1042 3657 1312 3736 φανέντων
1355 3660 1516 3734 αὐγή,
1552 3664 1705 3713 τοῦτο
1753 3654 1806 3710 δὲ
1865 3656 1955 3711 καὶ

309 3753 376 3825 τῇ
432 3753 537 3803 τῶν
588 3745 1031 3826 προσφερομένων
1091 3744 1279 3823 ἡδονῇ,
1339 3748 1400 3801 τὸ
1448 3745 1727 3802 Δαυ¹ιὸικὸν
1776 3744 1953 3800 έκεῖνο

305 3835 617 3912 ὑπέψαλλον
674 3835 811 3912 ἄγαν
880 3836 1187 3913 ἐπικαίρως,
1246 3837 1320 3899 ὡς
1370 3858 1390 3890 ι
1445 3833 1535 3892 Ἐγ
1597 3835 1815 3896 στέατος
1861 3832 1949 3889 καί

306 3926 594 3995 ποιότητος
638 3923 880 3993 ἐπλήσθη
918 3926 945 3991 ἧ
978 3925 1130 4002 ψυχή
1178 3945 1301 3998 μου,
1351 3926 1437 3979 καὶ
1470 3922 1639 4002 χείλει
1684 3921 1944 4001 ἀγαλλιάο

306 4037 441 4078 σεως
500 4015 691 4070 αἰνέσει
736 4016 797 4068 τὸ
841 4013 1011 4085 στόμα
1057 4035 1180 4087 μου.
1223 4035 1242 4066 ι
1306 4013 1510 4088 Ἡμέρα
1565 4013 1663 4085 μὲν
1711 4015 1799 4068 οὖν
1842 4011 1944 4079 ἤδη

304 4109 480 4182 παρῆν
513 4120 527 4134 ⁸
564 4102 734 4179 παρῆν
765 4100 819 4158 δὲ
863 4105 951 4158 καὶ
989 4105 1014 4157 ὁ
1047 4100 1220 4177 ἄρχων
1265 4102 1349 4159 ἐπὶ
1405 4103 1589 4176 σκοπῷ
1632 4112 1725 4161 τοῦ
1756 4105 1944 4159 μαθεῖν

304 4194 348 4250 εἰ
405 4200 497 4249 τοῦ
539 4191 701 4265 λιμοῦ
750 4194 1034 4270 ἥττηνται,
1086 4189 1162 4249 ἵν’
1212 4192 1348 4248 οὕτω
1377 4193 1651 4272 χρήσηται
1685 4192 1940 4266 πειθομέ-

304 4305 440 4348 νοις,
500 4280 649 4338 Ἐπεὶ
723 4279 776 4337 δὲ
829 4283 1127 4340 τοῦναντίον
1206 4283 1344 4361 ἐώρα
1397 4280 1640 4361 φαιδροὺς
1702 4282 1800 4355 μὲν
1856 4283 1944 4337 καὶ

302 4372 586 4452 χαρίεντας
645 4372 743 4439 τὴν
777 4372 921 4444 ὄψιν,
960 4370 1145 4446 πολλῷ
1174 4370 1228 4426 δὲ
1260 4370 1634 4450 χαριεστέρους
1669 4369 1822 4435 ὄντας
1858 4372 1942 4426 καὶ

2050 537 2186 581 cum
2220 520 2443 600 impius
2472 522 2805 601 accepisset
2836 523 3165 596 eunuchus,
3201 523 3449 603 rogabat
3480 524 3581 585 ubi
3612 542 3703 586 es-

2051 620 2143 674 set
2164 614 2252 675 eis
2281 630 2499 674 aurum
2531 614 2835 691 vestisque
2862 616 3144 695 pretiosa,
3170 626 3223 677 et
3245 616 3362 677 alia
3388 617 3700 697 suppellex

2051 701 2299 780 elegans
2350 711 2409 763 et
2466 702 2799 781 magniﬁca.
2844 704 2987 767 Cum
3020 712 3216 767 autem
3250 705 3332 766 illi
3364 723 3570 768 rursus
3601 707 3697 768 iu-

2050 791 2520 870 terrogationum
2554 793 2775 854 nullam
2810 793 3100 856 ducentes
3128 795 3445 875 rationem,
3475 803 3702 859 starent

2050 887 2337 954 tacentes,
2372 899 2475 943 eos
2507 880 2749 943 tradidit
2776 884 3159 963 torquendos.
3197 885 3313 947 Sed
3345 886 3430 947 sic
3460 904 3699 966 quoque

2044 971 2242 1050 reipsa
2272 978 2362 1032 est
2394 979 2673 1051 expertus
2703 989 2768 1034 se
2799 972 3013 1035 frustra
3050 973 3284 1053 pulsare
3311 975 3695 1048 adamantes;

2044 1057 2118 1120 ab
2150 1060 2239 1121 eis
2270 1062 2434 1121 enim
2483 1060 2631 1123 nihil
2660 1063 2903 1124 omnino
2934 1063 3176 1126 audivit.
3212 1066 3395 1126 Sacer
3424 1081 3562 1125 vero
3594 1065 3695 1127 ille

2050 1147 2225 1223 liber,
2259 1160 2318 1211 et
2349 1157 2638 1229 praeterea
2670 1152 2896 1226 arcula,
2949 1162 3014 1213 ut
3064 1171 3196 1234 quae
3228 1153 3375 1214 nihil
3408 1154 3463 1215 ei
3495 1164 3696 1216 essent

2049 1239 2238 1314 utilia,
2276 1239 2400 1301 illic
2428 1240 2503 1301 ab
2536 1258 2605 1301 eo
2637 1241 2847 1302 relicta
2873 1250 3010 1303 sunt
3041 1242 3103 1303 in
3136 1243 3405 1322 penaria.
3436 1243 3554 1304 Eos
3583 1262 3694 1306 au-

2049 1336 2166 1389 tem
2200 1328 2367 1408 jubet
2399 1330 2539 1390 alibi
2570 1330 2817 1406 includi,
2846 1332 3037 1393 donec
3066 1333 3367 1395 retulisset
3389 1334 3459 1395 ad
3495 1332 3692 1414 impe-

2048 1424 2328 1480 ratorem.
2362 1419 2554 1499 Atque
2585 1418 2742 1499 virgo
2774 1420 3042 1502 quidem,
3079 1440 3212 1483 cum
3238 1423 3365 1503 jam
3400 1423 3693 1485 educere-

2049 1509 2502 1586 turepenario,
2559 1528 2692 1570 cum
2753 1510 3148 1572 inscientibus
3202 1512 3479 1573 omnibus
3534 1513 3692 1574 scire

2048 1595 2261 1656 librum
2295 1598 2629 1659 sustulisset
2659 1602 2808 1677 (erat
2837 1599 2997 1661 enim
3034 1618 3264 1680 parvus,
3298 1608 3359 1663 et
3385 1608 3483 1681 qui
3520 1609 3688 1681 pote-

2046 1692 2138 1745 rat
2162 1684 2335 1747 facile
2365 1687 2672 1769 abscondi)
2731 1688 2791 1751 in
2833 1708 2939 1751 sua
2985 1707 3122 1751 eum
3176 1699 3342 1752 veste
3392 1692 3682 1770 reposuit.

767 1775 853 1831 καὶ
907 1773 1075 1839 οὕτως
1120 1774 1340 1854 ἔχοντες
1392 1774 1719 1854 ἆπήχθησάν
1766 1795 1824 1829 τε
1866 1775 1952 1830 καί

2046 1772 2269 1835 Eodem
2310 1777 2485 1836 modo
2531 1778 2707 1839 lndes
2752 1796 2991 1859 quoque
3018 1778 3387 1841 admirabilis
3416 1798 3515 1842 vas
3549 1799 3687 1842 sus-

2047 1862 2177 1926 tulit
2206 1864 2494 1944 ligneum,
2531 1875 2592 1929 et
2621 1868 2700 1929 ita
2732 1867 2970 1930 abducti
3003 1877 3140 1929 sunt
3180 1877 3237 1930 et
3291 1869 3531 1933 inclusi.
3583 1869 3688 1931 His

2042 1960 2131 2014 sic
2160 1955 2410 2017 inclusis
2440 1957 2616 2033 longo
2653 1966 2942 2039 tempore,
2978 1959 3141 2021 solus
3172 1958 3342 2038 panis
3371 1960 3537 2020 vivus
3562 1967 3690 2020 erat

2042 2043 2492 2120 nutrimentum,
2529 2055 2586 2107 et
2615 2047 2831 2110 divinae
2861 2048 3065 2127 gratiae
3097 2049 3278 2130 potio,
3326 2058 3454 2112 erat
3487 2059 3683 2129 potus.

2042 2131 2188 2204 Quae
2218 2140 2413 2195 autem
2446 2153 2663 2215 corpus
2695 2155 2940 2199 necesse
2970 2147 3060 2199 est
3098 2155 3360 2212 sumere,
3412 2137 3487 2198 iis
3537 2136 3687 2199 adeo

2042 2221 2251 2300 privati
2281 2223 2468 2295 luere,
2504 2234 2568 2285 ut
2597 2243 2672 2286 ne
2702 2243 2919 2307 aquam
2960 2227 3205 2304 quidem
3248 2235 3493 2309 possent
3521 2244 3686 2289 asse-

2039 2310 2163 2389 qui.
2198 2310 2335 2373 Erat
2365 2317 2522 2374 enim
2578 2313 2673 2375 hic
2734 2315 2984 2377 immitis
3046 2317 3309 2396 praefecti
3356 2318 3587 2397 jussus,
3620 2327 3687 2378 ut

2041 2409 2378 2478 propterea,
2403 2404 2557 2482 quod
2583 2403 2696 2484 ipsi
2721 2406 3018 2483 egentium
3039 2414 3278 2468 ventres
3298 2405 3682 2481 satiaverant,

2039 2492 2137 2550 tali
2167 2488 2324 2551 fame
2352 2491 2606 2553 coniecti
2655 2494 2991 2575 interirent,
3042 2503 3100 2555 et
3153 2512 3257 2575 pro
3314 2494 3686 2573 benignitate

2039 2596 2241 2659 poenas
2274 2580 2510 2642 luerent
2539 2582 2781 2644 saevitia.

2120 2668 2240 2730 VII.
2270 2672 2455 2732 Tanta
2487 2689 2625 2751 ergo
2657 2672 2770 2735 fuit
2801 2672 3155 2752 indigentia,
3190 2681 3247 2735 et
3296 2673 3531 2735 afﬂictio
3563 2682 3682 2735 tam

2038 2756 2453 2831 intolerabilis,
2493 2768 2559 2821 ut
2588 2762 2748 2838 virgo
2794 2768 2854 2823 in
2888 2772 3161 2824 morbum
3199 2762 3511 2841 incideret,
3543 2783 3679 2826 cum

2029 2848 2294 2926 juvenile
2315 2867 2533 2928 corpus
2557 2869 2672 2913 non
2691 2852 2873 2913 ferret
2901 2860 3118 2913 tantam
3147 2853 3535 2916 vexationem.
3562 2852 3681 2915 Sed

2035 2936 2164 2997 ﬁeri
2188 2955 2304 2998 non
2333 2947 2561 3016 poterat
2587 2948 2648 3000 ut
2674 2958 2777 3003 eos
2802 2941 3048 3004 haberet
3071 2942 3407 3021 despicatui
3435 2943 3560 3013 ille,
3584 2944 3679 3004 cui

2032 3035 2170 3087 sunt
2190 3044 2351 3088 cura)
2377 3028 2648 3091 volucres
2665 3040 2723 3092 et
2743 3030 2971 3106 bestia),
2989 3038 3049 3093 et
3073 3032 3173 3112 qui
3192 3034 3387 3112 aperit
3411 3050 3675 3108 manum,

1358 3120 1662 3175 ἐπίστανται
1706 3117 1762 3175 δὲ
1793 3121 1952 3197 οὖρα-

2040 3123 2096 3175 et
2124 3115 2335 3195 implet
2380 3135 2558 3180 omne
2605 3120 2824 3182 animal
2879 3119 3296 3184 benedictione
3321 3123 3376 3185 δ.
3415 3122 3531 3184 Sed
3564 3141 3676 3184 nox

2037 3204 2279 3285 quidem
2314 3215 2458 3281 erat,
2494 3209 2790 3270 accedunt
2829 3218 3024 3271 autem
3074 3211 3320 3274 virtutes
3348 3212 3679 3274 caelestium

2035 3294 2427 3371 angelorum;
2464 3297 2565 3378 qui
2595 3316 2730 3359 cum
2767 3300 2949 3361 multa
2997 3301 3131 3363 luce
3182 3321 3285 3364 eos
3331 3302 3680 3363 circumtul-

2036 3386 2274 3463 sissent,
2299 3397 2360 3449 et
2377 3407 2643 3450 mensam
2668 3390 2819 3452 cibis
2840 3392 3437 3471 implessent,rursus
3457 3394 3678 3456 reversi

2035 3484 2175 3536 sunt
2203 3477 2261 3537 in
2290 3480 2526 3540 coelum.
2553 3480 2642 3539 llli
2665 3489 2864 3542 autem
2893 3499 2961 3541 ea
2992 3501 3124 3561 quae
3153 3491 3321 3543 erant
3352 3485 3674 3562 proposita,

2036 3568 2225 3624 statim
2249 3582 2642 3640 sumpserunt,
2667 3575 2948 3632 malorum
2971 3590 3100 3647 quae
3123 3584 3675 3645 praecesserantmon

2037 3652 2294 3732 amplius
2325 3660 2711 3720 recordantes
2757 3681 2768 3721 :
2807 3669 2865 3720 et
2916 3660 3124 3738 partim
3177 3658 3418 3739 quidem
3469 3678 3673 3721 eorum

2036 3760 2168 3821 quae
2198 3756 2621 3826 apparuerant,
2655 3748 2999 3828 splendore,
3047 3756 3259 3827 partim
3288 3766 3432 3810 vere
3463 3768 3673 3811 eorum

2031 3849 2165 3909 quae
2194 3834 2335 3909 ipsis
2367 3834 2563 3896 oblata
2614 3844 2773 3916 sunt,
2830 3838 3127 3917 voluptate
3157 3839 3487 3912 exhilarati,
3525 3839 3674 3900 illud

2032 3918 2375 3981 Davidicum
2403 3924 2722 3985 admodum
2751 3935 3084 4005 opportune
3107 3930 3677 3990 cecineruntzc'l‘an-

2030 4026 2204 4087 quam
2238 4028 2307 4070 ex
2338 4012 2513 4091 adipe
2566 4023 2623 4074 et
2676 4015 3035 4093 pinguedine
3066 4016 3297 4095 repleta
3345 4025 3433 4077 est
3477 4017 3675 4079 anima

2030 4115 2185 4173 mea,
2241 4109 2298 4159 et
2347 4101 2519 4162 labiis
2552 4104 2965 4165 exsultationis
2993 4105 3254 4166 laudabit
3281 4125 3347 4166 os
3379 4125 3602 4168 meum.
3643 4132 3667 4167 ii

2027 4189 2222 4267 Atque
2251 4188 2377 4249 dies
2396 4192 2770 4271 quidemjam
2794 4194 3033 4275 aderat;
3068 4196 3272 4257 aderat
3294 4204 3486 4256 autem
3516 4215 3672 4275 pra:-

2029 4277 2219 4338 l'ectus
2243 4297 2498 4359 quoque,
2529 4289 2588 4341 ut
2609 4283 2789 4343 sciret
2814 4301 2887 4344 an
2915 4284 3071 4345 fame
3094 4285 3229 4345 victi
3249 4292 3473 4360 essent,
3502 4293 3567 4345 ut
3584 4286 3672 4346 sic

2028 4384 2130 4427 eos
2148 4367 2394 4429 haberet
2419 4368 2923 4450 obtemperantes.
2953 4376 3265 4453 Postquam
3292 4392 3435 4434 vero
3460 4383 3668 4435 contra

303 4462 402 4529 τὴν
460 4462 667 4541 ψυχὴν,
730 4460 1010 4517 ἀπολιπὼν
1061 4462 1121 4515 τὸ
1175 4460 1442 4536 βιάζεσθαι
1499 4460 1593 4515 εἴτε
1648 4458 1815 4533 μηδὲν
1857 4460 1942 4516 ἐπ’

2038 4473 2135 4517 eos
2189 4457 2333 4519 vidit
2387 4459 2549 4520 laetos
2603 4470 2659 4521 et
2714 4462 2879 4523 vultu
2931 4465 3180 4535 alacres,
3234 4463 3434 4523 anima
3471 4472 3667 4524 autem

303 4552 520 4612 ἐκείνοις
574 4551 825 4624 ἆνᾶσιμον
870 4549 950 4623 ὃν,
998 4548 1082 4604 ἐπὶ
1130 4551 1184 4603 τὸ
1229 4549 1422 4604 πείθειν
1472 4548 1690 4628 ἐχώρει,
1728 4550 1823 4606 Καὶ
1853 4551 1944 4606 τὸν

306 4645 472 4717 πρᾶον
528 4639 966 4717 ὑποκρινάμενος,
1031 4635 1237 4693 ἐκέλευε
1327 4640 1386 4693 τὸ
1474 4639 1661 4694 λοιπὸν
1721 4639 1942 4702 ἀπαθεῖς

303 4734 481 4786 κακῶν
514 4727 714 4805 διάγειν
771 4729 956 4788 αὖτοὺς
1018 4727 1110 4781 καί
1161 4732 1265 4782 τῶν
1298 4729 1372 4789 είς
1406 4729 1601 4806 χρείαν
1630 4729 1943 4802 κατακόρως

302 4817 579 4897 μετέχειν,
612 4816 908 4896 βρωμάτων
939 4817 997 4872 τέ
1027 4838 1166 4895 φημι
1222 4818 1310 4872 καὶ
1354 4817 1679 4895 χρημάτων,
1715 4819 1844 4893 πρὸς
1887 4815 1941 4871 δὲ

303 4910 390 4962 καὶ
434 4905 652 4971 ἐσθῆτος
710 4902 856 4963 οὐδέν
899 4910 1005 4961 τῶν
1059 4902 1429 4984 προλαϐόντων
1481 4904 1722 4967 ἔλαττον.
1787 4903 1942 4961 Ἀλλ’

302 4996 397 5051 οῦκ
451 4992 632 5051 ἒδεῖτο
662 4994 960 5073 χρημάτων
994 4995 1026 5061 ἡ
1058 4994 1313 5070 παρθένος
1344 4996 1430 5050 καὶ
1459 4994 1682 5068 ἱματίων
1721 5008 1734 5024 ’
1769 4992 1943 5050 ἐδεῖτο

345 5083 361 5099 ι
490 5083 502 5101 9
587 5086 600 5104 Ι
681 5082 770 5115 ν.»
823 5083 843 5117 3
921 5088 977 5116 ,υ
1118 5088 1137 5097 ~
1486 5082 1533 5114 "‘.
1596 5081 1622 5105 ν
1761 5104 1776 5120 ο
1924 5083 1940 5104 ‘

299 5105 423 5157 μεν,
482 5082 583 5139 αλλ
645 5105 750 5162 ουχ-
823 5104 1038 5159 ςαυυης,
1073 5104 1177 5138 των
1207 5085 1451 5150 πενήτων
1482 5102 1534 5138 οι
1568 5105 1752 5139 εινεκα
1814 5106 1919 5161 παρ

300 5177 328 5229 ὃ
370 5170 435 5239 δὴ
467 5175 553 5228 καὶ
610 5178 820 5252 συχνῶν
879 5172 1093 5250 ἡμερῶν
1151 5171 1331 5235 ἄσιτος
1386 5174 1520 5239 αὕτη
1571 5170 1817 5248 διετέλει,
1850 5176 1941 5230 ’ἱνα

306 5260 576 5326 πλουσίως
637 5274 755 5323 τοῖς
808 5260 990 5324 ἄλλοις
1036 5258 1368 5334 μεταδιδόναι
1414 5265 1638 5340 τροφῆς,
1693 5263 1790 5320 Καὶ
1834 5261 1938 5332 δή·

298 5372 431 5408 ποτε
475 5349 674 5417 πλῆθος
737 5347 820 5407 ἐπ’
878 5350 1044 5416 αὒτὴν
1095 5347 1302 5427 σῦρῤἐρν
1334 5352 1579 5419 πενήτων
1636 5352 1937 5427 θεασαμένη

381 5610 413 5659 ὃ
437 5607 592 5673 Psal.
628 5623 828 5686 σχειν,
863 5609 960 5671 16.
1048 5610 1080 5661 4
1104 5607 1265 5675 Psal.
1296 5625 1461 5687 LXIII,
1497 5609 1554 5674 6.

2033 4545 2217 4607 multo
2248 4547 2591 4623 alacriores,
2630 4550 2868 4612 mittens
2907 4552 3022 4612 vim
3054 4554 3289 4627 all'erre,
3325 4562 3389 4613 ut
3418 4554 3575 4628 quod
3609 4551 3672 4611 in

2029 4634 2115 4695 eis
2148 4636 2296 4697 nihil
2332 4638 2662 4719 prodesset,
2716 4659 2993 4719 agressus
3045 4649 3133 4702 est
3182 4642 3576 4721 persuadere,
3613 4650 3671 4701 et

2027 4723 2315 4785 simulans
2342 4728 2880 4801 mansuetudinem,
2909 4734 3081 4804 jussit
3126 4748 3225 4791 eos
3248 4731 3533 4809 deinceps
3558 4730 3666 4791 de-

2027 4830 2170 4890 gere
2190 4812 2371 4874 nullis
2405 4815 2574 4876 malis
2596 4814 2861 4891 affectos,
2892 4828 2950 4877 et
2976 4817 3214 4878 abunde
3246 4818 3331 4879 eis
3353 4818 3504 4893 dari,
3542 4837 3673 4898 quae

2027 4902 2297 4962 erantad
2331 4921 2502 4963 usum
2557 4904 2916 4979 necessaria,
2968 4906 3190 4981 cibum,
3247 4907 3513 4985 inquam,
3559 4926 3666 4986 pe-

2025 4990 2261 5052 cuniam
2283 4999 2341 5051 et
2363 5003 2580 5073 vestes,
2602 5012 2720 5053 non
2748 4995 2940 5054 minus
2968 5013 3144 5071 quam
3176 5005 3371 5057 antea.
3403 4996 3519 5057 Sed
3550 4998 3668 5057 vir-

2024 5098 2097 5158 go
2128 5080 2274 5140 nihil
2305 5081 2515 5158 egebat
2566 5084 2836 5163 pecuniis
2885 5093 2941 5143 et
2997 5085 3304 5157 vestibus;
3359 5086 3477 5145 imo
3530 5103 3669 5146 vero

2024 5167 2232 5246 egebat
2254 5169 2518 5249 quidem,
2547 5171 2654 5232 sed
2680 5190 2795 5231 non
2820 5190 2922 5232 sua
2948 5190 3145 5245 causa,
3177 5171 3280 5232 sed
3308 5190 3667 5251 pauperum;

2022 5256 2238 5336 quibus
2259 5259 2434 5318 etiam
2464 5261 2817 5321 vestimenta
2849 5259 3217 5334 discindens,
3246 5259 3661 5333 distribuebat;

2023 5352 2084 5410 et
2114 5347 2413 5426 quomodo
2437 5349 2810 5411 existimabat
2834 5369 2965 5412 esse
2994 5350 3402 5412 necessarium
3430 5352 3669 5437 corpori
