4066 6146
464 289 615 358 1047
1664 293 2047 357 ADDENDA.
2106 330 2116 338 -

2216 297 2464 361 DECEM
2474 300 2642 364 BER.
3685 297 3834 364 1048

458 426 839 503 alimentum,
877 425 958 489 ita
989 426 1166 490 etiam
1216 444 1338 488 sum
1388 426 1603 488 animae
1649 426 2057 490 necessarium
2083 475 2099 501 ,

2202 433 2273 489 ιαὶ
2331 432 2513 513 ὥσπερ
2554 439 2750 515 τροφοῦ
2793 432 2950 514 φίλης
3003 433 3153 492 λῦσαι
3186 434 3274 491 τὸν
3305 432 3466 511 λιμὸν
3492 434 3680 495 αὺτοῖς
3707 433 3831 492 δεο-

456 516 590 579 aliis
608 515 876 597 praebere
889 516 1347 579 nutrimentum.
1369 515 1659 589 Quocirca
1677 516 1879 578 multis
1898 516 2111 580 diebus

2202 520 2391 596 μένων,
2455 524 2647 601 ἀπορίᾳ
2700 522 2990 599 ληφθεῖσα,
3048 524 3136 580 καὶ
3192 521 3339 581 οὒδέν
3395 524 3670 582 ἀναλῶσαι
3700 527 3834 604 πρὸς

460 605 851 685 permanebat
873 606 1106 686 jejuna,
1146 615 1209 668 ut
1242 614 1488 685 possent
1513 604 1749 668 abunde
1774 606 1907 669 aliis
1953 624 2108 687 prae—

2202 617 2445 669 ιοσοῦτον
2490 612 2694 680 πλῆθος
2752 613 2998 689 ἐξαρκοῦν
3055 612 3279 693 ἔχουσα,
3340 616 3473 691 πρὸς
3509 616 3600 670 τὸν
3635 617 3838 688 κόσμον

460 695 1024 759 berimutrimenta.
1083 695 1157 758 Et
1215 702 1354 757 tunc
1412 714 1648 777 quoque
1698 714 1832 757 cum
1876 696 2115 759 vidisset

463 785 906 848 multitudinem
960 803 1288 865 pauperum
1339 784 1411 846 ad
1441 804 1508 847 se
1560 785 2014 860 conﬂuentium,
2056 795 2116 846 et

466 885 743 955 tanquam
777 875 1015 935 charam
1048 874 1360 949 nutricem,
1396 883 1461 935 ut
1489 874 1704 935 famem
1733 874 1807 935 ab
1853 879 1942 935 eis
1971 892 2114 953 pro-

463 964 731 1045 pulsaret
757 962 1123 1042 rogantium,
1170 963 1353 1025 dubia
1392 963 1598 1039 animi,
1663 973 1727 1025 ut
1783 982 1915 1044 quae
1972 963 2115 1025 nihil

463 1061 663 1134 posset
694 1052 1066 1134 impendere,
1105 1053 1261 1133 quod
1295 1054 1601 1117 sufﬁceret
1629 1061 1806 1115 tantae
1840 1053 2115 1115 multitu—

460 1141 607 1216 dini,
640 1142 712 1203 ad
745 1159 918 1203 suum
972 1142 1258 1204 mundum
1310 1142 1563 1223 aspexit,
1600 1150 1661 1205 et
1710 1160 1844 1204 cum
1896 1160 2107 1204 zonam

460 1230 648 1305 illam,
678 1249 809 1312 qua:
834 1231 1008 1310 plena
1034 1240 1163 1294 erat
1183 1232 1437 1311 gemmis
1461 1242 1522 1295 et
1548 1232 1977 1312 margaritis,et
1998 1232 2113 1292 alia

461 1339 595 1402 qua;
623 1327 795 1382 erant
828 1339 972 1383 auro
1006 1329 1220 1383 ornata
1250 1330 1308 1384 et
1337 1328 1610 1401 argento,
1644 1323 1842 1383 omnia
1872 1320 2110 1382 vinculo

461 1429 581 1474 uno
612 1409 1194 1492 comprehendisset,
1224 1410 1485 1474 demittit
1527 1429 1635 1491 per
1673 1410 2015 1484 fenestram,
2051 1421 2111 1471 et

459 1499 804 1563 transmittit
829 1499 900 1562 ad
944 1506 1104 1581 pium
1137 1498 1455 1580 quemdam
1490 1501 1831 1579 diaconum,
1867 1499 1962 1560 cui
1995 1519 2105 1562 n0-

463 1608 601 1653 men
631 1599 757 1652 erat
779 1589 1078 1670 Agapius;
1114 1598 1401 1670 rogatque
1434 1598 1501 1652 ut
1526 1589 1763 1670 vendat,
1789 1598 1847 1650 et
1870 1606 2106 1663 aurum,

463 1678 623 1761 quod
654 1697 725 1741 ex
760 1697 830 1741 eo
871 1677 1113 1754 redibit,
1147 1677 1371 1741 dividat
1416 1679 1799 1759 pauperibus.
1833 1678 1959 1740 Dici
1990 1696 2110 1739 non

2196 699 2382 757 ἀπεῖδε
2439 702 2529 758 τὸν
2588 703 2804 782 ἑαυτῆς,
2859 703 2942 760 καὶ
2993 702 3168 774 ζώνην
3226 703 3439 771 ἐκείνην
3471 703 3699 772 suam
3731 706 3843 781 βρί-

2195 792 2356 846 θουσα
2413 794 2500 848 καὶ
2559 793 2849 871 μαργαίροις
2898 792 2988 865 ἦν,
3047 790 3187 849 ἄλλα
3217 814 3274 848 τε
3303 793 3402 849 ὃσα
3431 795 3632 872 χρυσὸς
3662 792 3843 850 διεκό-

2198 900 2321 953 σμει
2377 883 2463 935 καὶ
2495 876 2738 959 ἄργυρος,
2802 881 2976 938 πάντα
3030 879 3085 936 ἐν
3143 879 3431 955 ἀποδέσμῳ
3461 880 3842 961 περιλαϐοῦσα,

2198 969 2410 1034 καθίησι
2454 967 2539 1026 διὰ
2587 972 2686 1037 τῆς
2716 968 2939 1049 θυρίδος,
2979 969 3068 1027 καί
3124 993 3226 1028 τινι
3285 977 3393 1027 τῶν
3435 970 3671 1028 εὒλαϐὡν
3726 970 3848 1028 δια-

2199 1056 2394 1133 κόνων,
2449 1058 2708 1137 Ἀγαπιος
2767 1059 2909 1134 αὒτῳ
2963 1058 3218 1133 τοὸοομα,
3280 1060 3648 1137 παραπέμπει,
3705 1061 3847 1126 ἄξιοῖ

2193 1168 2252 1202 τε
2309 1152 2537 1221 πωλεῖν,
2598 1151 2687 1206 καὶ
2736 1151 2799 1205 τὸ
2849 1149 3086 1205 ἐντεῦθεν
3128 1151 3350 1229 χρυσίον
3394 1148 3591 1206 διελεῖν
3621 1150 3841 1217 πένησι.

2194 1242 2369 1293 Ταῦτα
2425 1241 2519 1296 οὐκ
2561 1238 2703 1294 ἔστιν
2758 1240 2929 1295 εἰπεῖν
2984 1236 3095 1311 ὅσῳ
3145 1238 3337 1308 πλήθει
3408 1243 3514 1296 τῶν
3568 1239 3843 1314 δεομένων

2195 1324 2471 1403 ἐξήρκεσεν
2501 1328 2573 1389 εἷς
2606 1328 2828 1406 τροφὴν,
2877 1325 3015 1383 ἀλλὰ
3063 1329 3150 1384 καὶ
3208 1326 3363 1389 ὅσους
3416 1330 3553 1386 κατὰ
3607 1330 3836 1404 μίμησιν

2193 1419 2299 1469 τῶν
2358 1415 2623 1473 πλουσίων
2679 1418 2809 1494 πρὸς
2863 1419 2955 1473 τὸν
3012 1422 3117 1472 τῶν
3172 1416 3434 1491 δεομένων
3482 1415 3626 1473 ἔλεον
3681 1441 3841 1496 παρε-

2193 1499 2439 1566 κάλεσεν.
2476 1502 2622 1562 Ἐπεὶ
2656 1506 2711 1561 δὲ
2744 1508 2839 1563 οὒκ
2868 1504 2970 1562 ἔδει
3000 1505 3099 1573 τὴν
3149 1504 3291 1564 οὕτω
3337 1507 3434 1582 μὲν
3479 1508 3670 1583 ἁγνὴν,
3703 1508 3841 1564 οὕτω

2195 1592 2249 1646 δὲ
2316 1595 2401 1648 καὶ
2456 1595 2554 1661 τὴν
2609 1593 2778 1661 ἅλλῆν
2834 1595 3044 1652 ἅπασαν
3103 1594 3296 1673 ἀρετὴν
3356 1603 3663 1669 μετιοῦσιν,
3714 1599 3840 1653 εἶτα

2194 1682 2281 1738 καὶ
2340 1685 2468 1760 πρὸς
2524 1684 2760 1742 εὐποιίαν
2818 1682 3004 1758 πολλῷ
3074 1684 3292 1761 ῥέουσαν
3364 1685 3418 1740 ἐν
3494 1685 3837 1760 σκηνώμασιν

466 1776 678 1851 potest,
710 1777 946 1849 quantae
991 1786 1320 1849 pauperum
1373 1768 1734 1831 multitudini
1767 1769 1892 1830 haec
1924 1768 2109 1830 suffe-

2202 1772 2530 1847 ἁμαρτωλῶν
2584 1776 2674 1829 καὶ
2731 1773 3021 1849 βασιλείοις
3065 1773 3264 1838 αὒλαίς
3302 1788 3600 1848 κατοικεῖν,
3646 1776 3839 1832 ἄνωθεν

461 1859 651 1920 cerint
678 1858 751 1919 ad
809 1857 1183 1932 alimentum,
1240 1857 1348 1919 sed
1406 1876 1603 1938 neque
1653 1876 1829 1938 quam
1892 1858 2111 1918 multos

2202 1862 2280 1916 mi
2309 1868 2466 1917 τοῦτο
2497 1864 2883 1937 οἰκονομεῖται,
2916 1867 3011 1922 Καὶ
3039 1877 3295 1921 σκοπεῖτε
3326 1863 3391 1931 δὴ
3413 1866 3511 1930 τὴν
3537 1866 3841 1940 οίκονομίαν

462 1948 674 2010 divites
693 1953 784 2009 sui
818 1946 1144 2009 imitatione
1177 1948 1581 2028 provocaverit
1606 1947 1679 2008 ad
1700 1965 1874 2027 opem
1909 1947 2106 2009 feren-

2192 1948 2338 2011 ὅπως
2369 1953 2508 2028 σοφή
2521 1999 2534 2014 ,

462 2036 600 2099 dam
659 2036 990 2116 egentibus.
1046 2035 1190 2100 Cum
1241 2046 1440 2098 autem
1492 2055 1611 2098 non
1639 2045 1939 2117 oporteret
1996 2054 2150 2111 eam,
2186 2055 2319 2117 quia
2374 2049 2502 2101 erat
2549 2040 2700 2103 adeo
2733 2049 2912 2121 easta,
2952 2050 3010 2105 et
3059 2059 3190 2122 quas
3220 2040 3310 2103 sic
3337 2041 3482 2104 alias
3525 2041 3842 2106 exercebat

463 2129 732 2200 virtutes,
766 2133 825 2188 et
871 2144 1003 2203 qum
1036 2143 1246 2205 magno
1300 2124 1601 2188 ferebatur
1650 2126 1871 2187 ﬂuento
1920 2125 1992 2186 ad
2049 2124 2528 2208 beneﬁcentiam,
2560 2130 2830 2192 habitare
2860 2132 2919 2192 in
2977 2131 3380 2194 tabernaculis
3436 2140 3838 2212 peccatorum,

465 2221 524 2278 et
556 2215 617 2277 in
644 2214 780 2277 aula
804 2214 991 2294 regia,
1022 2214 1162 2276 huic
1189 2214 1369 2277 etiam
1403 2216 1488 2277 rei
1521 2214 1868 2295 providetur
1897 2234 1928 2274 a
1962 2214 2218 2294 superis.
2253 2217 2467 2301 Videte
2496 2226 2694 2281 autem
2728 2238 2901 2300 quam
2930 2223 3251 2301 sapienter.

546 2302 701 2367 VIII.
729 2303 836 2366 Dei
854 2312 1161 2386 parentem
1186 2302 1472 2366 Davidem
1489 2304 1549 2365 in
1566 2304 1767 2366 animo
1782 2310 2114 2383 versans,et

462 2394 522 2457 id
557 2394 715 2475 quod
748 2392 852 2456 ille
881 2392 1183 2457 simulavit
1234 2411 1307 2456 eo
1347 2400 1645 2474 tempore,
1675 2412 1794 2474 quo
1820 2393 2048 2471 fugerat
2077 2413 2112 2453 a

459 2483 613 2547 facie
642 2482 801 2560 Saul,
851 2492 910 2545 et
956 2483 1461 2564 quemadmodum
1507 2483 1666 2544 vultu
1714 2501 1821 2544 suo
1861 2490 2108 2554 mutato,

460 2593 527 2637 se
558 2574 729 2637 ﬁnxit
759 2591 894 2636 esse
925 2582 1137 2636 emotae
1170 2572 1412 2649 mentis,
1446 2581 1504 2633 et
1532 2574 1617 2634 sic
1649 2572 1857 2649 etfugit
1904 2590 2112 2633 manus

467 2681 676 2726 eorum
703 2662 807 2742 qui
838 2671 1010 2726 erant
1038 2680 1178 2724 vere
1210 2662 1583 2743 insipientes,
1614 2672 1672 2724 et
1704 2662 1779 2724 de
1811 2662 1900 2724 eis
1924 2660 2115 2722 erexit

459 2761 778 2833 tropaeum,
823 2753 940 2815 tale
961 2751 1103 2833 quid
1126 2752 1254 2833 ipsa
1272 2769 1512 2832 quoque
1537 2757 1901 2831 excogitatet
1922 2752 2109 2831 ﬁngit,

461 2842 768 2903 invertens
802 2841 1035 2916 oculos,
1069 2851 1128 2903 et
1157 2841 1401 2904 salivam
1437 2859 1764 2922 exspuens.
1812 2849 1872 2903 et
1902 2860 2116 2903 manus

470 2931 835 3012 percutiens,
870 2940 932 2994 et
961 2947 1135 2992 voces
1162 2930 1441 2994 emittens
1484 2930 1876 3000 inordinatus,
1910 2939 1971 2993 et
1999 2931 2114 2992 ali-

470 3021 712 3097 quando
767 3020 1012 3101 quidem
1075 3021 1444 3102 lacrymans,
1526 3019 1844 3100 aliquando
1919 3030 2115 3081 autem

471 3109 679 3173 ridens
711 3110 1128 3190 intempestive
1159 3120 1217 3172 et
1244 3111 1549 3174 indecore.
1584 3111 1724 3173 Ilaec
1761 3128 1897 3171 cum
1948 3111 2117 3173 vide-

472 3212 606 3261 rent
635 3199 680 3261 ii
711 3203 809 3280 qui
842 3208 1014 3261 erant
1068 3199 1129 3261 in
1189 3200 1374 3279 regia,
1424 3201 1525 3262 alii
1573 3199 1846 3276 quidem,
1878 3200 2118 3261 misere-

2277 2298 2363 2368 H'.
2416 2310 2499 2371 Είς
2530 2316 2650 2365 νοῦν
2680 2298 2811 2378 αὕτη
2843 2298 3117 2386 βαλομένη
3152 2312 3241 2366 τὸν
3272 2313 3593 2389 θεοπέτορα,
3645 2312 3738 2367 καὶ
3779 2313 3839 2380 ἢν

2196 2396 2401 2463 ἐκεῖνος
2454 2400 2704 2477 ὑπεκρίθη
2750 2401 2954 2467 σιιηνὴν
3012 2400 3065 2456 ἐν
3128 2407 3299 2478 καιρῷ
3354 2408 3445 2457 τοῦ
3477 2401 3691 2478 φεῦγειν
3735 2401 3840 2457 ἆπό

2196 2486 2481 2565 προσώπου
2511 2487 2710 2569 Σαοὺλ,
2769 2491 2858 2545 καὶ
2914 2490 3062 2553 ὃπως
3114 2490 3287 2564 ἑαυτῷ
3328 2492 3389 2546 τὸ
3420 2490 3708 2565 πρόσωπον
3738 2490 3839 2547 ἆλ-

2194 2574 2424 2641 λοιώσας
2479 2579 2570 2633 τὸν
2636 2577 2861 2656 ἔκφρονα
2903 2580 3177 2658 ὑπεκρίθη,
3245 2581 3338 2636 καὶ
3389 2578 3527 2636 οὕτω
3583 2581 3680 2637 τὰς
3736 2587 3842 2637 τῶν

2194 2665 2406 2731 ἀληθῶς
2450 2666 2690 2747 ἀφρόνων
2745 2667 2960 2747 ἐξέφυγε
3023 2681 3244 2748 χεῖρας,
3302 2670 3390 2725 καὶ
3449 2668 3543 2745 ἦρε
3599 2671 3657 2724 τὸ
3716 2672 3841 2747 τρό-

2194 2776 2374 2829 παιον,
2438 2764 2639 2814 τοιοῦτο
2680 2756 2744 2828 δή
2803 2780 2852 2813 τι
2908 2762 2994 2815 καί
3048 2758 3182 2826 αὗτὴ
3240 2765 3554 2838 μηχανᾶται
3585 2761 3675 2815 καὶ
3706 2762 3844 2817 ὑπο-

2195 2847 2425 2923 κρίνεται
2484 2848 2605 2910 τοὺς
2664 2845 2963 2926 ὀφθαλμοὺς
3002 2845 3411 2927 διαστρέφουσα,
3467 2849 3651 2904 καὶτὰ
3696 2848 3845 2905 σίελα

2198 2936 2577 3013 παραπτόουσα
2662 2936 2857 3014 χεῖρας
2922 2956 2983 2992 τε
3065 2936 3327 3012 κροτοῦσα
3405 2938 3493 2993 καὶ
3587 2937 3847 3000 ἀτάκτους

2201 3025 2419 3105 ἄριεῖσα
2476 3026 2678 3105 φωνὰς,
2712 3027 2798 3081 καὶ
2832 3026 2958 3081 ποτὲ
3009 3025 3107 3099 μὲν
3149 3025 3433 3106 κλαίουσα,
3481 3028 3613 3082 ποτὲ
3662 3025 3718 3082 δὲ
3762 3029 3849 3083 καὶ

2198 3114 2411 3191 γελῶσα
2456 3115 2548 3170 σὺν
2579 3112 2746 3173 οὒδενὶ
2773 3117 2942 3191 καιρῷ
2984 3136 3043 3169 τε
3095 3115 3180 3169 καὶ
3237 3115 3445 3188 κόσμῳ,
3510 3122 3689 3173 Ταῦτα
3745 3123 3848 3171 τῶν

2201 3207 2255 3259 ἒν
2308 3217 2429 3267 τοῖς
2484 3202 2771 3279 βασιλείοις
2833 3204 3077 3281 ὁρώντων
3110 3204 3232 3265 τοὺς
3264 3204 3363 3277 μὲν
3393 3204 3605 3277 οἶκτος,
3640 3204 3763 3268 τοὺς
3793 3204 3847 3260 δὲ

480 3290 736 3370 bantur,
796 3288 874 3351 aii
932 3306 1074 3350 vero
1136 3290 1312 3350 etiam
1376 3286 1782 3361 mirabantur,
1845 3288 2114 3350 nonnulli

2202 3294 2286 3349 καὶ
2338 3295 2512 3366 θαῦμα
2571 3293 2759 3368 εἰσῄει,
2818 3291 2930 3349 ’ἐστι
2987 3289 3042 3348 δὲ
3103 3292 3191 3354 οὖς
3241 3294 3331 3348 γαὶ
3378 3293 3651 3370 ἀμφότερα
3697 3292 3843 3353 ἔλεος

476 3387 673 3441 autem
708 3378 884 3441 simul
919 3387 976 3439 et
1008 3376 1424 3440 misericordia
1452 3376 1863 3457 movebantur,
1897 3386 1956 3439 et
1985 3387 2115 3439 stu-

478 3469 718 3550 pebant.
781 3467 951 3541 Quod
1010 3467 1253 3545 quidem
1310 3486 1444 3529 cum
1481 3467 1774 3529 audiisset
1825 3468 2117 3528 crudelis-

473 3560 660 3622 simus
706 3559 1023 3640 praefectus
1068 3556 1142 3619 ab
1179 3558 1383 3638 aliquo
1425 3574 1498 3618 ex
1544 3556 1619 3617 iis
1653 3558 1753 3636 qui
1786 3556 1841 3618 ei
1883 3557 2117 3619 asside-

474 3647 640 3730 bant,
673 3656 732 3711 et
760 3648 1005 3710 vidisset
1054 3648 1229 3709 etiam
1287 3648 1345 3708 id
1400 3645 1559 3727 quod
1607 3644 1807 3718 fiebat,
1843 3646 2002 3706 visus
2030 3654 2120 3708 est

475 3738 684 3801 dolere
701 3746 761 3799 et
781 3738 978 3800 animo
1012 3755 1167 3815 aegre
1199 3736 1380 3799 ferre.
1412 3733 1560 3799 Nam
1590 3747 1728 3795 tunc
1758 3735 1922 3814 virgo
1950 3735 2125 3796 maxi-

478 3847 574 3891 me
601 3826 878 3889 morbum
910 3826 1249 3899 simulabat,
1285 3826 1523 3906 quando
1557 3823 1874 3905 praefectus
1904 3824 1964 3885 in
1991 3843 2121 3885 eam

478 3918 837 3997 conjecisset
866 3919 1097 3980 oculos.
1130 3915 1300 3980 Unde
1330 3921 1505 3978 etiam
1538 3914 1757 3975 timore
1787 3914 2126 3987 aﬂicitur,et

478 4006 535 4068 ei
555 4006 755 4086 plures
780 4006 1020 4069 adhibet
1043 4006 1345 4079 custodes,
1374 4023 1451 4066 ne
1471 4002 1716 4066 absente
1735 4004 2120 4083 imperatore,

480 4095 704 4178 aliquid
739 4096 795 4158 ei
828 4115 1003 4173 grave
1027 4095 1361 4175 accederet,
1388 4102 1445 4156 et
1466 4112 1530 4156 se
1550 4094 1829 4155 deorsum
1855 4092 2125 4173 praecipi-

480 4196 631 4263 tans,
662 4185 890 4248 veniret
912 4188 972 4248 in
1006 4185 1359 4267 periculum.
1396 4186 1712 4262 Postquam
1744 4190 1940 4243 autem
1976 4181 2126 4243 mul-

484 4287 604 4340 tum
626 4277 912 4358 temporis
933 4276 1255 4340 contritum
1277 4285 1368 4337 est
1391 4293 1425 4336 a
1447 4272 1831 4343 custodibus;
1868 4273 1966 4335 illa
1987 4290 2124 4334 vero

481 4387 656 4449 quam
688 4374 1059 4447 susceperat,
1094 4382 1411 4447 personam
1465 4380 1582 4424 non
1626 4360 1979 4437 dimittebat,
2015 4362 2121 4422 sed

483 4457 764 4536 prudenti
795 4455 1116 4518 admodum
1151 4453 1511 4531 cogitatione
1556 4449 1875 4513 simulabat
1899 4468 1964 4512 se
1992 4468 2126 4512 esse

481 4545 863 4625 insipientem
894 4566 908 4606 :
935 4554 996 4607 et
1024 4544 1274 4605 molesta
1293 4540 1512 4602 eratiis
1527 4544 1626 4620 qui
1658 4556 1787 4600 eam
1820 4540 2123 4603 custodie-

2200 3385 2334 3456 ὁμοῦ
2391 3403 2445 3437 τε
2502 3383 2592 3438 καὶ
2650 3379 2926 3448 ἔκπληξις.
2973 3379 3151 3459 ’Ὅπερ
3212 3383 3300 3436 οὖν
3354 3384 3439 3437 καὶ
3491 3384 3515 3437 ὃ
3564 3383 3844 3457 ὠμότατος

2198 3473 2299 3538 τὴν
2355 3473 2541 3551 ψυχὴν
2572 3469 2744 3540 ἅρκων
2777 3471 2985 3534 ἐκεῖνος
3029 3472 3174 3547 παρὰ
3203 3477 3294 3527 τοῦ
3327 3472 3431 3526 τῶν
3464 3471 3844 3549 προσεδρευόν-

2200 3583 2306 3617 των
2364 3564 2498 3635 αὖτῇ
2529 3560 2847 3639 πυθόμενος,
2880 3559 3015 3616 ἀλλὰ
3057 3557 3122 3625 δὴ
3181 3560 3267 3615 καὶ
3296 3559 3413 3634 ὄψει
3447 3558 3564 3625 δοὺς
3595 3563 3657 3617 τὸ
3688 3563 3844 3638 γινό-

2205 3662 2362 3716 μενον
2421 3640 2610 3718 ἀλγεῖν
2680 3639 2834 3715 ἐῷκει
2893 3641 2979 3697 καὶ
3040 3639 3378 3696 παθαίνεσθαι
3438 3643 3537 3707 τὴν
3610 3644 3795 3720 ψυχήν
3829 3661 3844 3674 ο

2205 3730 2318 3788 ἐπεὶ
2367 3732 2459 3787 καί
2519 3729 2634 3786 τότε
2695 3729 2927 3804 μάλιστα
2977 3727 3215 3807 σφοδρῶς
3253 3728 3289 3797 ἢ
3343 3724 3545 3804 μάρτυς
3596 3731 3845 3808 ὑπεκρίθη

2207 3822 2265 3877 τὸ
2295 3821 2485 3893 πάθος,
2518 3820 2639 3875 τότε
2668 3816 2734 3886 δὴ
2765 3820 2853 3875 καὶ
2883 3822 2910 3874 ὁ
2954 3816 3128 3896 ἅρκων
3182 3819 3305 3881 τοὺς
3362 3816 3669 3897 ὀφθαλμοὺς
3717 3819 3847 3893 αότῇ

2205 3907 2573 3976 ἐπιϐεϐληκὼς
2604 3908 2691 3976 ἦν.
2725 3906 2897 3966 ’Ὅθεν
2941 3909 3029 3964 καὶ
3061 3906 3308 3981 περιδεὴς
3344 3908 3543 3984 γίνεται
3580 3910 3671 3964 καὶ
3706 3920 3842 3965 πολ-

2206 3998 2331 4062 λοός
2387 3998 2661 4075 ἐφίστησιν
2695 4001 2828 4072 αὐτῇ
2875 3995 3107 4077 φύλακας
3160 3998 3237 4071 μή
3269 4019 3319 4053 τι
3364 3998 3450 4052 καὶ
3481 3996 3640 4053 πάθοι
3694 3998 3847 4073 βασι-

2207 4088 2342 4149 λέως
2400 4088 2628 4152 ἀπόντος
2684 4084 2852 4143 δεινὸν
2902 4086 2990 4142 καὶ
3039 4086 3177 4142 κατὰ
3212 4095 3451 4164 κρημνοῦ
3484 4085 3681 4153 ἑαυτὴν
3732 4086 3844 4141 ὠθι·

2207 4177 2415 4253 σαμὲνη
2461 4174 2695 4232 κινδύνου
2743 4174 2992 4253 πρόξενος
3055 4175 3199 4247 αὒτῷ
3258 4180 3521 4250 καταστῇ,
3571 4173 3723 4231 Ἐπεὶ
3764 4174 3843 4230 οὖν

2207 4267 2402 4347 χρόνος
2446 4267 2543 4326 μὲν
2588 4279 2703 4328 τοῖς
2761 4264 2978 4345 φύλαξιν
3034 4261 3213 4341 ἐτρῖϐη
3269 4265 3489 4343 συχνὸς,
3558 4264 3591 4332 ἡ
3659 4262 3714 4319 δὲ
3753 4265 3841 4328 τὴν

2206 4372 2415 4424 σκηνὴν
2473 4359 2568 4415 οὒκ
2630 4353 2832 4427 ἔλυσεν,
2888 4352 3026 4410 ἀλλὰ
3097 4354 3231 4409 πάνυ
3304 4353 3544 4432 σώαρρονι
3602 4351 3838 4430 λογισμῷ

2205 4457 2585 4523 προσεποιεῖτο
2615 4445 2705 4500 τὸν
2738 4442 2958 4523 ἄφρονα,
3007 4443 3072 4510 ἦν
3118 4440 3172 4497 δὲ
3229 4443 3317 4497 καὶ
3345 4455 3462 4501 τοῖς
3497 4439 3836 4520 φυλάττουσιν

2206 4533 2422 4615 ὀχληρὰ
2479 4534 2578 4601 τὴν
2608 4532 2705 4609 μὲν
2736 4533 2903 4601 ἀκοὴν
2937 4534 3108 4591 αὐτῶν
3139 4531 3369 4603 ἀσήμους
3412 4530 3654 4588 λυποῦσα
3682 4553 3834 4608 κραυ-

480 4618 645 4708 bant,
678 4651 884 4695 eorum
920 4631 1163 4712 quidem
1203 4647 1426 4693 vexans
1456 4618 1633 4691 aures
1657 4629 1982 4691 inconditis
2018 4649 2116 4691 vo-

2207 4637 2356 4702 γαῖς,
2391 4625 2639 4702 σχήμασι
2684 4620 2739 4680 δὲ
2798 4622 3121 4698 παραφόροις
3182 4618 3371 4687 ἀηδίαν
3403 4633 3515 4680 τοῖς
3551 4620 3832 4695 ὀφθαλμοῖς

479 4707 668 4797 cibus,
703 4721 899 4783 stultis
927 4707 1123 4783 autem
1160 4720 1364 4800 ﬁguris
1404 4737 1612 4783 eorum
1646 4720 1836 4781 oculis
1867 4720 2116 4781 atterens

2209 4711 2569 4789 ἐμϐάλλουσα,
2606 4709 2785 4768 ἔστιδ’
2817 4711 2904 4767 ὅτε
2935 4709 3032 4766 καί
3082 4712 3173 4768 τὸν
3222 4707 3387 4764 ὕπνον
3431 4712 3557 4770 ταῖς
3595 4720 3830 4788 κραυγαῖς

479 4811 842 4892 molestiam,
877 4822 939 4873 et
969 4828 1395 4892 nonnunquam
1431 4811 1517 4872 eis
1546 4828 1824 4871 somnum
1855 4809 2126 4871 adimens

478 4901 863 4975 clamoribus,
900 4910 958 4963 et
1017 4902 1105 4963 eis
1162 4903 1403 4963 omnino
1462 4899 1795 4961 molestiam
1845 4900 2120 4973 atferens,

477 5009 601 5053 non
630 4991 826 5057 solum
857 4990 948 5055 vel
979 4991 1146 5053 inviti
1180 5009 1308 5053 eam
1350 4992 1591 5051 mittunt
1625 4988 1696 5050 ad
1733 4987 2120 5060 Christianos,

478 5081 636 5162 quod
680 5080 918 5162 quidem
982 5100 1050 5142 ra
1090 5080 1323 5161 jamdiu
1390 5077 1711 5160 cupiebat,
1781 5077 1887 5138 sed
1946 5077 2120 5138 etiam

474 5169 755 5245 fatentur,
803 5169 944 5232 licet
1004 5171 1297 5246 nolentes,
1360 5168 1843 5230 Christianorum
1908 5175 2121 5245 poten'

478 5259 645 5322 tiam.
680 5259 1056 5322 Accedentes
1088 5262 1244 5323 enim
1276 5258 1348 5321 ad
1394 5257 1756 5331 eunuchum,
1797 5256 2120 5318 vehemen-

483 5356 574 5410 ter
601 5347 911 5427 rogabant,
966 5358 1030 5409 ut
1088 5366 1158 5410 ea
1208 5348 1545 5408 mitteretur
1595 5344 1669 5408 ad
1728 5345 2121 5408 Christianos.

2205 4804 2524 4883 ἀφαιροῦσα,
2555 4802 2642 4858 καὶ
2672 4799 2812 4863 ὅλως
2862 4803 2930 4867 ἦν
2992 4801 3177 4861 αὐτοῖς
3210 4797 3442 4875 λυπηρὰ,
3479 4798 3541 4853 0'3
3573 4800 3736 4874 μόνον
3761 4798 3836 4854 καὶ

2206 4892 2426 4956 ἄκοντες
2473 4892 2637 4957 αὒτὴν
2678 4892 2811 4966 πρὸς
2870 4889 3214 4961 Χριστιανοὺς
3274 4888 3596 4964 πέμπουσιν,
3673 4889 3732 4945 οὗ
3778 4885 3833 4951 δὴ

2206 4984 2290 5040 καὶ
2346 4981 2408 5038 ἐκ
2463 4979 2664 5038 πολλοῦ
2700 4979 2826 5057 ἦρα,
2880 4977 3018 5034 ἀλλὰ
3075 4980 3161 5034 καὶ
3205 4977 3302 5044 τὴν
3356 4984 3464 5034 τῶν
3522 4981 3836 5054 Χριστιανῶν

2205 5071 2423 5144 δύναμιν
2482 5072 2803 5146 ὁμολογοῦσι
2861 5069 2952 5125 καί
2996 5068 3073 5141 μὴ
3128 5065 3467 5144 βουλόμενοι.
3518 5066 3835 5135 Προσελθόν-

2205 5184 2291 5226 τες
2355 5162 2451 5238 γὰρ
2493 5165 2569 5231 τῷ
2629 5157 2869 5236 εὖνοόχῷ
2911 5156 3084 5225 ἠξίουν
3140 5157 3285 5231 μάλα
3339 5156 3551 5232 θερμῶς
3597 5159 3669 5221 εἷς
3721 5164 3840 5233 Χρι-

2206 5251 2450 5311 στιανοὺς
2508 5248 2875 5325 ἐκπεμφθῆναι
2919 5247 3115 5311 ταύτην
3147 5264 3161 5279 ο
3234 5246 3416 5306 αότοὺς
3476 5266 3534 5300 τε
3587 5247 3690 5324 γὰρ
3721 5245 3846 5322 ἔφη·

2210 5363 2306 5397 σαν
2349 5337 2589 5413 καμάτου
2617 5333 3104 5413 ὴπαλλαγήσασθαι
3135 5334 3309 5393 οὖιὲτι
3359 5341 3613 5412 φορητοῦ,
3668 5333 3844 5390 κᾶκεὶυ

477 5437 656 5499 Forte
676 5424 848 5497 enim
902 5436 1201 5512 dicebant,
1261 5448 1322 5497 ut
1372 5445 1429 5497 et
1489 5436 1605 5515 ipsi
1658 5435 2053 5496 liberarentur
2091 5454 2116 5494 a

2211 5454 2307 5498 νην
2365 5431 2437 5492 ὡς
2481 5426 2716 5504 τάχιστα
2772 5425 3078 5494 ίαθήσεσθαι
3138 5425 3267 5498 πρὸς
3313 5426 3507 5482 αὐτῶν.
3569 5424 3681 5480 Εἰσὶ
3730 5424 3842 5501 γὰρ,

480 5525 636 5586 malo
672 5544 790 5586 non
819 5524 1140 5600 tolerabili,
1167 5510 1227 5586 et
1248 5524 1352 5587 illa
1380 5522 1455 5585 ab
1488 5510 1633 5605 ipsis
1663 5541 1837 5605 quam
1866 5522 2116 5603 primum

2211 5521 2393 5593 εἷπον,
2448 5512 2574 5593 παρ’
2634 5514 2821 5576 αὒτοῖς
2875 5514 2962 5570 καὶ
2995 5510 3147 5571 ἄλλοι
3189 5513 3290 5580 τὴν
3322 5512 3511 5587 μανίαν
3556 5515 3693 5589 αὐτῇ
3721 5534 3849 5590 παρα

480 5621 816 5675 cnraretur.
853 5612 1003 5677 Sunt
1060 5614 1242 5689 enim,
1304 5600 1603 5690 dicebant,
1663 5600 1816 5693 apud
1868 5600 1977 5675 nos
2028 5612 2116 5674 alii

2211 5612 2407 5687 ὅμοιοι,
2469 5604 2555 5667 οὒς
2614 5604 2711 5663 οὒκ
2771 5600 2894 5679 οἶδα
2949 5603 3051 5679 μὲν
3101 5600 3271 5678 ὅπως,
3334 5601 3610 5682 σώφρονας
3672 5614 3845 5672 ποιεῖν
