4066 6146
494 261 639 334 1051
1650 261 1909 326 ADDEN
1914 261 2038 324 DA.

2268 259 2702 329 DECEMBER.
3703 262 3829 331 1052

474 397 695 481 religio
725 396 1062 465 Christiana
1113 415 1231 460 non
1281 396 1473 459 solum
1523 413 1713 476 usque
1741 394 1814 456 ad
1859 393 2126 469 nomina,

2219 392 2356 470 μηδὲ
2390 394 2552 455 αὐτὴν
2582 394 2681 463 τὴν
2736 392 2916 474 ὅρασιν
2969 392 3276 474 ἐνεγκόντες
3334 393 3547 479 ᾤχοντο
3602 405 3695 457 τοῦ
3726 401 3830 458 θεάς

485 491 589 553 sed
623 489 802 554 etiam
835 492 907 553 ad
934 508 1042 553 ,θοι-
1085 507 1273 569 usque
1318 494 1755 566 penetraverat;
1801 485 1864 562 ii,
1900 503 2033 546 cum
2069 483 2126 545 id

2215 490 2359 563 τρου,
2417 486 2479 544 τὸ
2523 485 2726 542 ἕαυτῶν
2756 485 2896 560 αἷμα
2926 482 3102 542 δοῦναι
3137 485 3343 562 μᾶλλον
3375 486 3410 555 ἢ
3442 487 3635 564 α’ίμασι
3668 488 3833 547 πολυν-

483 581 644 663 quod
677 582 879 655 ﬁebat,
911 578 1478 661 deprehendissent,
1504 587 1561 639 et
1593 597 1706 641 nec
1727 578 1857 658 ejus
1887 577 2126 657 quidem

2213 578 2368 643 θῆναι
2411 575 2669 637 τοιούτοις
2728 574 2955 653 εὖγενῶς
3004 575 3377 654 προελόμενοι.
3440 576 3639 642 ’Ὀσοις
3671 579 3724 637 δὲ
3772 582 3834 649 η-

485 680 870 754 conspectum
885 670 1041 733 ferre
1058 670 1408 751 potuissent,
1427 687 1460 730 a
1484 669 1714 732 theatro
1728 675 2126 745 recesserunt,

2213 663 2340 733 δονὴ
2382 666 2472 723 καὶ
2522 664 2699 728 ἄνεσις
2748 667 2864 745 περὶ
2920 663 3164 731 πλείονος
3208 670 3296 737 ἦν,
3346 667 3489 725 οὗτοι
3541 670 3629 726 καὶ
3681 671 3835 750 ψυχας

483 753 655 823 suum
706 761 900 843 potius
946 759 1295 838 sanguinem
1358 758 1745 837 profundere,
1802 775 1977 835 quam
2033 756 2126 818 tali

2213 753 2525 834 ἐχραίνοντο
2583 756 2666 811 καὶ
2723 755 2789 811 τὰ
2837 754 3059 828 σώματα
3110 756 3485 834 μετριοτσίτης,
3523 757 3718 834 οἴμοιί
3749 763 3838 834 ψυ-

483 851 773 929 sanguine
798 849 1005 929 pollui,
1033 849 1316 929 praeclare
1345 847 1657 927 eligentes.
1682 846 1912 919 Quibus
1932 855 2126 908 autem

2212 843 2493 925 χαγωγίας
2550 843 2848 920 βαρυτάτας
2913 843 3119 901 ἐκεῖθεν
3181 844 3275 907 τάς
3326 847 3587 926 τιμωρίας
3645 849 3840 910 ἑαυτοῖς

488 940 676 1018 pluris
706 940 884 1001 ﬁebat
918 939 1185 1018 voluptas
1213 949 1271 1000 et
1313 943 1631 1008 recreatio,
1667 937 1746 999 iis
1775 935 2126 1017 pollueban-

2212 933 2603 1009 ταμιεύσαντες
2616 978 2628 993 .

487 1036 582 1089 tur
638 1028 851 1091 animae
906 1037 966 1090 et
1022 1046 1298 1110 corpora,
1363 1046 1432 1089 ex
1493 1026 1753 1101 modica,
1789 1027 1937 1107 proh
1995 1025 2187 1099 dolor,
2247 1020 2645 1085 delectatione
2699 1020 2816 1084 sibi
2874 1021 3221 1102 gravissima
3260 1023 3661 1088 recondentes
3713 1044 3843 1107 sup-

485 1118 683 1197 plicia.

667 1205 787 1270 Sed
810 1206 971 1269 enim
992 1206 1406 1281 Maximianus,
1428 1207 1532 1285 qui
1551 1215 1670 1269 toto
1696 1205 1880 1267 animi
1907 1206 2126 1285 impetu

2295 1202 2365 1266 1'.
2400 1201 2568 1260 Ἀλλᾶ
2599 1202 2697 1280 γαρ
2731 1205 2758 1259 ὁ
2790 1201 2954 1266 πολὺς
2985 1206 3135 1268 οὗτος
3167 1205 3252 1261 καὶ
3299 1206 3568 1280 πρόθυμος
3599 1206 3696 1273 τὴν
3727 1206 3842 1262 ἆσέ-

482 1297 785 1359 ferebatur
828 1297 902 1359 ad
957 1296 1354 1378 impietatem,
1391 1317 1507 1358 non
1559 1296 1817 1376 amplius
1848 1297 2124 1371 latenter,

2212 1292 2359 1350 ϐειαν
2418 1291 2743 1367 Μαξιμιανὸς
2790 1294 2965 1352 οὐκέτι
3016 1292 3299 1372 λαθραίως,
3354 1294 3492 1351 ἀλλᾶ
3550 1298 3640 1351 καὶ
3696 1318 3842 1376 φανε-

484 1388 589 1448 sed
619 1395 826 1468 aperte
856 1388 1062 1449 volens
1086 1406 1150 1448 se
1173 1385 1355 1464 impie
1376 1404 1609 1465 gerere,
1640 1387 1751 1447 hos
1776 1384 1982 1447 habuit
2002 1402 2126 1446 ser-

2212 1390 2314 1460 ρῶς
2370 1381 2582 1439 ἀσεϐεῖν
2635 1381 2983 1462 βουλόμενος,
3035 1382 3225 1462 λόγους
3285 1388 3485 1451 καθῆκε
3550 1386 3686 1461 πρὸς
3736 1386 3842 1447 τοὺς

483 1494 695 1537 mones
716 1476 869 1556 apud
898 1476 1144 1557 θος,ᾳυὶ
1167 1484 1335 1537 erant
1356 1475 1714 1554 congregati,
1749 1475 1852 1555 qui
1882 1473 2124 1553 quidem

2212 1471 2663 1551 συνειλεγμένους,
2728 1472 2980 1552 χαλεπῆς
3067 1472 3196 1540 ὅσης
3279 1474 3576 1544 ἆπόζοντας
3653 1474 3841 1552 aestu,

481 1567 886 1644 gravissimam
922 1565 1271 1628 redolebant
1302 1565 1672 1645 impietatem
1711 1586 1725 1627 :
1760 1563 1889 1636 Quo
1921 1562 2121 1635 abitis,

2212 1570 2336 1638 Ποῖ,
2398 1561 2593 1642 λέγων,
2641 1561 2878 1641 φέρεσθε,
2927 1563 3211 1638 ἅνθρωποι,
3258 1565 3319 1619 τὸ
3364 1564 3556 1629 σκότος
3610 1570 3703 1620 τοῦ
3740 1587 3841 1643 φω-

482 1655 714 1731 dicens,
743 1677 776 1717 ο
807 1656 1106 1730 homines,
1138 1655 1258 1716 luci
1289 1654 1569 1718 tenebras
1620 1654 2031 1734 praeferentes,
2066 1660 2126 1713 et

2212 1655 2296 1716 τὸς
2334 1657 2695 1729 προτιμῶντες
2750 1652 2836 1707 καὶ
2882 1652 2958 1726 μὴ
2999 1652 3148 1712 θεοὺς
3197 1653 3337 1709 εἶναι
3398 1655 3731 1727 νομίζονται
3780 1653 3843 1707 ὧν

484 1763 602 1805 non
630 1745 775 1808 deos
806 1764 939 1807 esse
994 1754 1286 1824 putantes,
1329 1764 1362 1806 a
1404 1743 1620 1824 quibus
1669 1742 1969 1822 dependet
2013 1742 2126 1802 hoc

2212 1740 2324 1799 τόδε
2369 1743 2429 1798 τὸ
2472 1748 2576 1799 πᾶν
2622 1740 2957 1819 ἐξήρτηται,
3008 1743 3125 1821 Οὖχ
3167 1744 3321 1809 ὁρᾶτε
3383 1743 3528 1805 νίκας
3584 1743 3677 1799 καὶ
3732 1740 3843 1819 τρό-

482 1834 828 1896 universum
851 1840 878 1896 ?
927 1833 1054 1896 Non
1103 1834 1315 1895 videtis
1343 1834 1623 1895 victorias
1649 1843 1707 1895 et
1738 1842 1956 1909 tropaea
1992 1831 2073 1912 (4)
2100 1828 2125 1893 ?

482 1922 612 1984 Non
640 1922 853 1985 videtis
892 1922 1047 1985 bona
1078 1924 1333 2004 plurima
1361 1942 1493 2005 quze
1523 1922 1697 1985 bonis
1734 1919 2121 2001 adjiciuntur,

482 2022 541 2074 et
572 2012 1080 2093 quemadmodum
1115 2033 1246 2093 quae
1274 2027 1435 2087 sunt,
1470 2020 1631 2073 recte
1656 2011 1897 2093 quidem
1923 2029 1988 2072 se
2017 2011 2124 2071 ha—

482 2101 648 2183 bent,
676 2111 736 2164 et
765 2112 905 2165 sunt
934 2102 992 2164 in
1028 2112 1179 2178 tuto,
1211 2104 1327 2165 alia
1356 2122 1495 2164 vero
1525 2102 1814 2164 accedunt
1835 2099 2122 2181 quotidie,

482 2200 540 2253 et
572 2210 820 2273 quorum
861 2212 977 2254 non
1014 2212 1250 2255 eramus
1280 2194 1446 2274 prius
1488 2192 1740 2265 domini,
1776 2192 1832 2252 in
1867 2208 1937 2252 ea
1966 2208 2127 2250 nunc

483 2280 856 2342 dominatum
890 2280 1278 2345 obtinemus?
1310 2282 1440 2344 Non
1469 2280 1744 2361 gloriam,
1778 2298 1910 2360 quia
1938 2297 2122 2357 auge-

483 2377 608 2433 tur“?
642 2390 758 2433 non
792 2371 1134 2452 imperium,
1165 2373 1324 2449 quod
1347 2372 1657 2434 dilatatur?
1681 2369 1808 2432 Non
1834 2371 2118 2443 civitates,

480 2480 612 2540 quae
671 2462 883 2542 partim
946 2462 1193 2539 quidem
1261 2460 1393 2524 sunt
1470 2461 1828 2535 tributariae,
1911 2459 2122 2539 partim

475 2562 677 2613 autem
707 2559 844 2613 sunt
875 2551 1089 2613 futurae
1118 2573 1134 2627 ;
1183 2560 1240 2612 et
1272 2553 1484 2632 partim
1524 2551 1762 2630 quidem
1788 2550 1907 2627 jam
1940 2555 2126 2627 captaa

477 2648 638 2715 sunt,
673 2641 889 2721 partim
941 2658 1080 2702 vero
1127 2650 1263 2702 sunt
1312 2640 1559 2720 jamjam
1609 2637 1966 2719 capiendae?
1997 2638 2122 2697 Non

479 2729 745 2805 gentium
776 2748 969 2809 reges,
1006 2729 1111 2810 qui
1139 2737 1277 2791 sunt
1306 2730 1561 2809 reputati
1607 2747 1713 2807 pro
1764 2726 2124 2806 mancipiis?

2209 1834 2329 1888 πεία
2360 1851 2376 1911 ;
2412 1835 2516 1911 οὐχ
2553 1832 2707 1908 ὁρᾶτε
2741 1827 2943 1896 πλῆθος
3002 1830 3211 1906 ἀγαθῶν
3252 1832 3340 1887 ἐπ’
3374 1831 3603 1908 ἀγαθοῖς
3638 1854 3845 1908 προστι-

2208 1920 2448 1996 θέμενον,
2484 1918 2574 1976 καί
2611 1917 2755 1984 ὅπως
2790 1920 2853 1974 τα
2884 1918 2981 1993 μὲν
3013 1919 3141 1976 ὄντα
3198 1920 3379 1982 καλῶς
3412 1921 3531 2001 ἔχει
3567 1923 3660 1978 καὶ
3687 1921 3845 2000 ἄσφα-

2208 2010 2340 2083 λῶς,
2401 2010 2466 2065 τὰ
2519 2007 2573 2064 δὲ
2637 2008 2972 2087 προσγίνεται
3029 2010 3146 2065 καθ’
3210 2010 3465 2082 ἑκάστην,
3527 2012 3619 2067 καὶ
3674 2010 3746 2066 ὧν
3796 2014 3848 2068 0-3

2209 2103 2463 2179 πρότερον
2493 2100 2630 2174 ἦμεν
2660 2099 2851 2173 κύριοι,
2911 2097 3239 2175 δεσπόζομεν
3292 2107 3381 2157 νῦν
3422 2118 3438 2174 ;
3484 2102 3546 2158 οὗ
3582 2100 3684 2168 τήν
3715 2097 3849 2166 δόξαν

2208 2189 2617 2265 αὐξανομένην;
2680 2192 2740 2246 οὖ
2802 2189 2900 2255 τὴν
2987 2187 3258 2265 βασιλείαν
3324 2189 3729 2269 εὖρυνομένην;
3796 2191 3847 2244 οὒ

2207 2278 2414 2359 πόλεις,
2447 2278 2541 2342 τὰς
2587 2278 2684 2353 μὲν
2714 2278 3012 2355 ὑποφόρους
3043 2276 3226 2353 οὔσας,
3261 2280 3355 2343 τὰς
3397 2276 3451 2333 δὲ
3496 2278 3797 2353 μελλούσας
3827 2298 3840 2358 ;

2208 2370 2296 2425 καὶ
2349 2370 2444 2431 τὰς
2504 2369 2602 2443 μὲν
2648 2367 2937 2431 ἑαλωκυίας
2987 2365 3116 2438 ἢδη,
3175 2369 3270 2432 τὰς
3328 2366 3382 2423 δὲ
3426 2370 3512 2424 καὶ
3549 2367 3675 2423 ὅσον
3717 2367 3844 2424 οῧπω

2207 2457 2670 2537 ληφθησομένας;
2738 2458 2831 2513 οὐκ
2888 2456 3050 2513 ἐθνῶν
3105 2457 3350 2533 βασιλεῖς
3403 2455 3456 2513 ἒν
3515 2455 3843 2535 ἀνδραπόδων

2208 2548 2363 2624 μοίρᾳ
2416 2545 2845 2624 λογιζομένους;
2902 2545 2959 2601 o3
3021 2550 3191 2602 irim:
3248 2548 3385 2604 κατὰ
3428 2547 3661 2625 γνώμην
3720 2549 3839 2619 ἡμῖν

2206 2636 2523 2710 ἆνυόμενας
2592 2637 2754 2695 Τίνων
2829 2632 2928 2712 ἄρα
2994 2635 3211 2711 προνοίᾳ
3269 2650 3598 2716 παραχωρεῖ
3672 2636 3839 2713 ταυτα,

2206 2726 2545 2783 πεισάτωσαν
2601 2727 2737 2798 ὑμᾶς
2797 2727 2932 2802 ὁρῶν
2990 2725 3260 2802 εὐκρασίαι
3287 2773 3303 2805 ,
3364 2723 3582 2802 ὄμϐρων
3654 2747 3841 2801 συμμε-

477 2817 606 2878 Non
658 2819 880 2894 omnia,
929 2838 1064 2895 quae
1113 2820 1397 2880 eveniunt
1456 2819 1626 2879 nobis
1679 2836 1750 2879 ex
1782 2813 2126 2878 sententia?

2212 2816 2371 2895 τρίαι,
2402 2818 2618 2893 καρπῶν
2666 2814 2922 2894 εὔφορίαι,
2970 2813 3173 2888 μᾶλλον
3206 2812 3261 2870 δὲ
3318 2817 3344 2871 ὁ
3389 2815 3606 2890 σύμπας
3667 2815 3840 2896 χρόνος

477 2910 560 2967 Cu
561 2909 584 2986 j
594 2927 799 2970 usnam
833 2926 973 2988 ergo
997 2911 1123 2973 haec
1145 2909 1494 2988 contingunt
1515 2907 1884 2989 providentia
1905 2907 1931 2964 ?
1949 2904 2126 2967 Vobis

2214 2912 2563 2982 καρποφορῶν
2593 2905 2682 2959 καὶ
2711 2904 2882 2959 πάντα
2914 2905 3043 2977 πρὸς
3074 2904 3312 2970 εὒθηνέαν
3342 2903 3639 2981 βλέποντα,

479 2997 844 3075 persuadent
888 3006 1219 3077 temporum
1255 2998 1745 3077 temperationes,
1783 2995 2101 3057 moderata;
2134 2993 2367 3073 pluviae,
2400 2994 2702 3054 fructuum
2764 2991 3094 3054 fertilitates
3129 3012 3146 3069 ;
3181 2991 3300 3054 imo
3331 3009 3474 3055 vero
3506 2993 3839 3056 universum

482 3091 715 3164 tempus
745 3085 973 3148 fructus
1004 3088 1357 3166 producens,
1394 3096 1451 3148 et
1480 3086 1806 3167 spectantia
1836 3083 2036 3145 omnia
2066 3083 2138 3145 ad
2170 3082 2623 3145 abundantiam.

558 3174 659 3238 XI.
705 3177 853 3236 Cum
896 3176 997 3237 ille
1045 3177 1288 3256 copiosa
1332 3176 1534 3255 lingua
1556 3176 1642 3236 sic
1678 3180 2043 3254 loqueretur,
2069 3182 2186 3256 etc

477 3265 572 3338 iis,
597 3264 700 3346 qui
723 3283 839 3324 non
871 3275 1032 3345 sunt,
1057 3282 1285 3344 eaquae
1338 3274 1476 3325 sunt
1503 3265 1648 3327 falso
1681 3263 2033 3334 ascriberet,
2066 3269 2124 3324 et

481 3353 595 3414 alia
624 3353 819 3415 adhuc
852 3354 1028 3415 vellet
1060 3362 1398 3424 contexere,
1446 3373 1565 3415 non
1611 3353 1887 3433 permisit
1909 3370 1976 3412 ex
2006 3350 2121 3412 alto

475 3445 526 3505 is
556 3445 733 3525 cujus
765 3454 902 3506 sunt
941 3444 1171 3523 judicia
1199 3463 1334 3505 vera
1358 3444 1709 3524 justilicata,
1748 3442 2120 3504 mendacium

471 3533 732 3615 amplius
753 3534 995 3612 gloriari
1020 3534 1303 3596 adversus
1334 3535 1668 3608 veritatem,
1697 3552 1771 3597 ne
1802 3532 1937 3594 aliis
1967 3551 2123 3613 quo-

473 3643 609 3704 que,
644 3630 743 3705 qui
780 3624 1049 3686 erantad
1083 3625 1541 3704 pervertendum
1567 3624 1793 3695 faciles,
1820 3641 2000 3684 causa
2020 3641 2119 3683 es-

2293 3171 2410 3232 IA'.
2447 3172 2626 3236 υῦτως
2670 3171 2869 3228 ἐκείνου
2924 3169 3143 3248 γλώσσῃ
3196 3178 3419 3249 περιττῇ
3470 3172 3839 3252 φθεγγομένου,

2208 3263 2297 3318 καὶ
2348 3274 2467 3321 τοϊς
2513 3262 2591 3336 μὴ
2634 3260 2747 3317 οὖσι
2795 3262 2857 3316 τὰ
2908 3257 3032 3316 ὄντα
3088 3259 3291 3335 ψευδῶς
3338 3261 3750 3340 ἐπιγράφοντος,
3778 3260 3842 3317 ἔτι

2206 3374 2263 3407 τε
2312 3353 2401 3407 καὶ
2456 3349 2591 3406 ἄλλα
2649 3349 2901 3426 συνείρειν
2953 3348 3250 3424 ἐθέλοντος,
3306 3354 3403 3410 οὒκ
3430 3350 3635 3418 ἀνῆκεν
3667 3349 3841 3407 ἄνωθεν

2207 3440 2266 3496 οὗ
2306 3441 2374 3496 τὰ
2401 3441 2631 3517 κρίματα
2688 3437 2912 3505 ἀληθινὰ
2964 3437 3350 3512 δεδικαιωμένα
3407 3441 3469 3496 τὸ
3514 3440 3709 3516 ψεῦδος
3736 3441 3841 3496 ἑπι-

2205 3530 2367 3586 πλέον
2429 3529 2527 3597 τῆς
2580 3528 2829 3594 ἀληθείας
2891 3530 3421 3608 κατακαυχήσασθαι,
3482 3529 3579 3587 ἵνα
3654 3531 3730 3605 μὴ
3765 3532 3840 3585 καὶ

2206 3618 2389 3683 ἄλλοις
2422 3621 2555 3696 πρὸς
2615 3615 2933 3697 διαστροφὴν
2992 3618 3238 3680 εὐκόλοις
3284 3618 3551 3686 ἀπωλείας
3604 3618 3837 3698 πρόξενον

473 3722 563 3775 set
589 3713 884 3776 interitus.
942 3712 1059 3775 Sed
1106 3713 1344 3774 interim
1378 3713 1518 3775 dum
1576 3711 1942 3793 loqueretur,
1979 3728 2114 3772 cum

2212 3714 2488 3784 καταστῇ·
2553 3705 2689 3763 ἀλλὰ
2735 3705 2929 3780 μεταξὺ
2973 3705 3251 3785 λέγοντος,
3314 3709 3512 3785 αἰθρίας
3565 3709 3730 3776 οὔσης
3761 3708 3836 3765 καὶ

471 3815 633 3864 esset
655 3802 786 3864 dies
806 3813 1152 3883 serenus,et
1170 3803 1257 3864 sol
1288 3803 1595 3882 regionem
1620 3810 1819 3863 ureret
1847 3800 2119 3863 meridia-

2212 3797 2348 3866 ἡλίου
2401 3799 2461 3854 τὸ
2506 3794 2867 3874 μεσημϐρινὸν
2921 3796 3210 3876 φλέγοντος
3245 3795 3394 3877 ἄφνω
3428 3798 3626 3864 κτύπος
3660 3821 3716 3855 τε
3743 3819 3832 3853 πο·-

469 3911 631 3960 nam.
662 3901 913 3969 repente
942 3900 1141 3970 erupit
1188 3911 1371 3954 sonus
1404 3892 1725 3953 multorum
1761 3891 2114 3968 tonitruum,

2212 3888 2293 3950 λὺς
2323 3885 2620 3965 κατεῤῥέγη
2653 3887 2908 3964 βροντῶν,
2967 3889 3056 3942 καὶ
3114 3892 3213 3963 πῦρ
3259 3886 3321 3942 ἐκ
3364 3892 3603 3964 νεφελῶν
3654 3886 3832 3962 ἐξετρῖ-

470 3992 529 4041 et
557 3980 742 4041 elisos
770 3980 875 4042 fuit
911 3981 1063 4060 ignis
1106 4000 1177 4043 ex
1200 3981 1483 4062 nubibus,
1518 3990 1578 4041 et
1609 3980 1907 4060 profunde
1937 3979 2114 4040 simul

2212 3976 2295 4058 3η,
2344 3978 2430 4033 καὶ
2487 3977 2674 4040 σκότος
2728 3974 2843 4049 ἅμα
2890 3975 3043 4055 βαθὺ,
3076 3975 3164 4030 ἆαὶ
3196 3973 3407 4052 χᾶλαζα
3441 3978 3582 4052 μετὰ
3613 3976 3831 4050 πνευμά-

469 4068 757 4146 tenebrae,
792 4079 848 4131 et
877 4070 1063 4132 densa
1092 4073 1315 4149 grando
1345 4090 1479 4132 cum
1515 4069 1706 4132 ventis
1742 4071 2116 4131 vehementi-

2212 4089 2307 4124 των
2361 4067 2560 4145 συχνὴ,
2618 4066 2703 4121 καὶ
2760 4067 2822 4120 τὸ
2866 4062 3034 4122 δεινὸν
3084 4067 3276 4143 μικροῦ
3332 4067 3419 4122 καὶ
3475 4068 3661 4145 φωνὴν
3705 4066 3827 4145 ἠφίει

474 4158 676 4231 bus,et
689 4160 909 4220 malum
928 4158 1041 4221 hoc
1058 4160 1452 4235 horrendum,
1466 4178 1669 4221 vocem
1690 4159 2117 4238 propemodum

2212 4156 2454 4234 χαλεπὴν
2510 4155 2653 4210 εἶναι
2699 4161 2830 4211 Θεοῦ
2874 4153 3177 4222 κινηθέντος
3236 4153 3432 4231 ὀργήν,
3488 4158 3548 4214 Oi
3605 4159 3702 4232 μὲν
3750 4155 3831 4231 γὰρ

465 4247 798 4325 emittebat,
834 4267 968 4311 esse
999 4268 1235 4327 gravem
1291 4251 1392 4311 Dei
1442 4248 1731 4310 commoti
1766 4254 1938 4308 iram.
1971 4245 2116 4307 Nam

2212 4245 2294 4301 καὶ
2324 4242 2463 4319 μόνῃ
2506 4248 2573 4318 τῇ
2603 4242 2797 4317 βροντῆ
2852 4242 2939 4297 καὶ
2999 4240 3169 4307 ἀκοὴν
3223 4242 3312 4298 καὶ
3361 4242 3547 4322 ψυχὴν
3612 4239 3834 4319 πληγέν-

471 4338 568 4400 alii
602 4338 847 4419 quidem
878 4338 1006 4401 solo
1039 4338 1259 4400 tonitru
1293 4337 1539 4399 auribus
1569 4345 1626 4397 et
1650 4340 1847 4396 animo
1881 4335 2123 4414 percul-

2212 4354 2295 4396 τες
2326 4337 2487 4391 αἰ)τού
2516 4353 2616 4387 που
2646 4332 2789 4404 παρὰ
2832 4332 2929 4397 τὴν
2963 4335 3066 4408 γῆν
3124 4331 3416 4404 ἡμιθνῆτες
3477 4332 3790 4388 κατέπιπτον.
3820 4341 3832 4354 ⁶

471 4427 545 4499 si,
578 4415 664 4489 ibi
694 4428 756 4488 in
800 4435 1020 4489 terram
1054 4426 1349 4489 cadebant
1391 4425 1771 4488 semimortui
1801 4442 1818 4499 ;
1851 4424 1951 4485 alli
1982 4443 2122 4486 vero

2212 4425 2256 4479 οἱ
2313 4420 2366 4478 δὲ
2426 4421 2684 4498 ὥρμησαν
2716 4421 2812 4494 μὲν
2844 4422 2915 4483 εἷς
2945 4421 3145 4499 φυγὴν,
3199 4419 3387 4494 πολλῴ
3432 4418 3485 4475 δὲ
3529 4419 3832 4502 χαλεπώτε·

471 4516 530 4578 in
563 4515 761 4594 fugam
794 4516 1036 4596 quidem
1061 4534 1127 4578 se
1158 4515 1568 4595 conjecerunt,
1606 4532 1672 4576 se
1703 4523 1897 4577 autem
1933 4515 2124 4575 multo

2212 4533 2297 4590 ρον
2353 4511 2572 4572 ἑαυτοὺς
2635 4508 2882 4575 διέθηκαν
2940 4510 3029 4565 ὑπ’
3088 4508 3344 4579 ἀλλήλων
3401 4510 3830 4584 συμπατηθέντες,

471 4604 706 4684 gravius
750 4605 1102 4679 affecerunt,
1159 4611 1223 4664 ut
1268 4604 1371 4684 qui
1417 4604 1636 4666 fuerint
1666 4622 1701 4665 a
1751 4622 1814 4664 se
1861 4603 2117 4666 invicem

2212 4603 2293 4657 καὶ
2367 4601 2543 4677 βιαίαν
2614 4596 2780 4664 οὕτως
2830 4598 3069 4674 εὑρόντες
3140 4605 3231 4655 τοῦ
3289 4600 3402 4674 βίου
3457 4597 3825 4679 καταστροφήν.

471 4693 828 4769 conculcati,
867 4703 927 4754 et
956 4693 1043 4755 sic
1084 4694 1219 4755 vita:
1262 4694 1581 4756 violentum
1615 4694 1952 4755 invenerint
1992 4694 2116 4755 exi-

2212 4692 2306 4749 Καὶ
2353 4691 2508 4751 αὐτὸς
2553 4686 2593 4744 δ’
2644 4689 2706 4744 ἃν
2751 4691 2778 4744 ὁ
2816 4686 3072 4755 δυσσεϐὴς
3111 4686 3358 4765 βασιλεὺς
3423 4698 3616 4765 μικροῦ
3676 4707 3823 4762 παρα·

470 4792 618 4843 tum.
652 4780 788 4865 Ipse
819 4801 1057 4863 quoque
1081 4783 1301 4863 impius
1330 4783 1662 4864 imperator
1683 4782 2114 4863 propemodum

2212 4778 2438 4857 πώλετο,
2469 4779 2513 4834 εἰ
2538 4780 2615 4852 μὴ
2647 4776 2881 4833 ἐλάττων
2911 4776 3048 4840 ἴσως
3086 4779 3120 4846 ἡ
3152 4778 3379 4854 τιμωρία
3409 4778 3549 4856 παρὰ
3600 4784 3714 4853 Us.pr
3750 4774 3822 4830 δε-

471 4861 698 4953 ρονίἰιξ
720 4861 1026 4953 periturus
1064 4861 1336 4949 fortasse,
1375 4861 1488 4934 nisi
1518 4861 2026 4952 Deus'judicasset
2057 4871 2116 4933 id

2212 4866 2509 4944 Βοκίμαστο,
2555 4872 2621 4933 ἧς
2674 4864 2813 4931 ἄξιος
2873 4870 2941 4932 ἦν
2984 4865 3195 4929 ἐκεῖνος
3226 4869 3440 4928 παθεῖν.
3474 4871 3546 4926 0-3
3603 4867 3756 4946 μέχρι
3781 4861 3822 4916 δὲ

470 4951 667 5025 minus
716 4951 849 5024 esse
901 4963 1290 5044 supplicium,
1326 4981 1503 5043 quam
1542 4951 1712 5042 quod
1752 4961 1857 5023 ille
1904 4961 2118 5039 dignus

2212 4954 2535 5032 rdivsipr"
2618 4980 2629 4994 ε
2730 4957 2741 4970 “
2862 4960 2887 4970 ⁸
3026 4954 3073 4980 ’⁸³
3184 4956 3208 4975 ”
3361 4951 3823 5013 ’ὅθ’-ἀλλὰ

2454 4980 2642 5031 ,μινωδ
2691 4977 2756 5012 τα
2812 4977 2926 5011 των
2971 4979 3147 5035 φοοων
3190 4978 3408 5024 ιστησ.ν
3545 4978 3654 5029 εο,,

469 5059 596 5112 erat
627 5051 768 5131 pati.
805 5052 934 5114 Non
965 5041 1154 5133 usque
1183 5041 1381 5113 autem
1414 5052 1485 5112 ad
1518 5041 1590 5113 ea
1619 5069 1753 5128 qua;
1779 5050 1934 5111 dicta
1956 5058 2114 5126 sunt,

2212 5047 2287 5103 ιαὶ
2351 5045 2580 5120 ποταμοί
2627 5051 2694 5122 τῇ
2725 5045 2830 5100 τῶν
2877 5043 3079 5100 ὑδάτων
3132 5067 3267 5124 φορα
3317 5044 3722 5125 πλημμύραντες
3751 5041 3821 5098 καὶ

469 5140 623 5200 stitit
650 5138 809 5201 Deus
859 5149 1140 5215 terrores,
1195 5142 1297 5201 sed
1349 5140 1507 5200 ﬂuvii
1558 5158 1797 5219 quoque
1826 5156 2115 5214 aquarum

2212 5134 2364 5212 ἕρδην
2418 5135 2485 5190 τὰ
2553 5132 2690 5204 λη’ία
2747 5135 3143 5211 παρασόραντες
3174 5183 3191 5208 ,
3255 5137 3379 5197 τσὺς
3440 5140 3544 5191 τῶν
3598 5135 3821 5213 γεωργῶν

467 5228 698 5306 impetu
719 5228 1103 5303 inundantes,
1129 5237 1187 5289 et
1206 5236 1440 5305 segetes
1469 5226 1738 5289 funditus
1769 5224 2115 5298 evellentes,

2212 5225 2392 5288 πόνους
2438 5220 2679 5296 θαλάσσῃ
2734 5219 3048 5301 παρέδοσαν,
3109 5225 3195 5279 καὶ
3255 5234 3417 5283 ταῦτα
3466 5225 3640 5302 θέρους
3694 5222 3824 5278 ὄντος

464 5305 863 5395 agricolarum
899 5317 1136 5378 labores
1180 5317 1239 5376 in
1271 5335 1433 5378 mare
1465 5318 1901 5396 deportarunt:
1937 5315 2120 5395 idque

2212 5313 2290 5369 ιιαὶ
2321 5309 2529 5378 πολλῆς
2575 5307 2780 5383 μᾶλλον
2824 5309 3178 5385 ἐλπιζομένης
3239 5316 3339 5379 τῆς
3372 5311 3677 5393 ἇνομθρίας.
3707 5305 3824 5364 Ἀλο·

467 5424 602 5468 cum
627 5416 787 5468 esset
810 5415 1001 5482 aestas,
1033 5414 1092 5467 et
1112 5412 1458 5485 speraretur
1480 5406 1630 5481 fore,
1665 5418 1729 5470 ut
1753 5406 1931 5485 longo
1962 5414 2120 5466 tem-

2212 5402 2269 5457 λὰ
2326 5404 2421 5469 τῆς
2482 5398 2808 5474 Μαξιμιανοῦ
2877 5402 3187 5459 καθικέσθαι
3267 5405 3452 5481 ψυχῆς
3511 5403 3598 5458 καὶ
3651 5410 3822 5456 πεῖσαι

550 5564 914 5706 (4)v.tAlludit
944 5565 1013 5628 ad
1044 5566 1346 5627 victoriam
1399 5564 1474 5627 de
1506 5566 1706 5629 Persis
1751 5573 1809 5628 et
1857 5564 2091 5627 Parthis
2139 5561 2465 5636 obtentam,
2500 5576 2618 5643 qua
2668 5559 2825 5622 ultra
2858 5558 3304 5647 Ctesiphontem
3336 5560 3648 5645 imperium
3698 5572 3822 5639 pro-

550 5663 617 5706 na
656 5663 673 5706 ι
705 5688 723 5704 .

467 5663 723 5724 pagavu.
