4020 6132
248 297 420 364 1053
1387 294 1577 360 VITA
1621 293 1724 357 SS.
1787 292 1898 357 ῙΝΙ

1986 293 1996 355 l
2039 291 2136 357 ET
2201 291 2508 356 DOMNE.
3481 281 3629 353 1054

236 440 357 502 τῆς
415 431 661 497 ἀσεϐαίας
707 432 953 510 ἆνεγκεϊν
1010 436 1206 511 κοῦφον
1234 427 1430 503 κομιδῆ
1461 429 1522 486 τὸ
1552 429 1768 507 γεγονός
1813 430 1898 485 καὶ

1986 445 2132 508 pore
2161 446 2280 489 non
2312 428 2562 508 plueret.
2620 425 2755 488 Fuit
2807 430 3028 506 tamen,
3062 421 3220 505 quod
3262 422 3478 486 factum
3513 433 3627 500 est,

241 524 474 602 μικρόν,
527 534 620 582 Οτι
653 524 753 602 γὰρ
797 524 952 584 αὐτὸς
1009 520 1214 581 ἐκεῖνος
1272 518 1596 593 Μαξιμιανὸς
1639 519 1707 586 ἦν
1736 516 1898 592 μηδὲν

1987 517 2310 579 admodum
2369 517 2494 577 leve
2544 525 2604 578 et
2652 534 2897 594 parvom
2928 515 2999 576 ad
3039 514 3468 594 penetrandum
3502 516 3630 575 Ma-

238 613 542 687 διατεθεὶς,
596 610 812 686 ἄμεινον
873 609 1020 676 δείξει
1081 611 1147 666 τὰ
1205 609 1347 684 παρὰ
1409 606 1594 669 πόδας.
1656 609 1898 674 Ζητήσας

1986 606 2228 668 ximiani
2261 606 2550 678 animum,
2588 615 2646 666 et
2701 605 3180 686 persuadendum
3214 613 3277 664 ut
3307 603 3630 680 resipisce-

233 705 356 782 γὰρ
401 703 534 778 μετὰ
577 701 742 758 ταῦτα
786 702 844 756 τὸ
877 712 1247 777 γραμματεῖον
1297 701 1342 771 ᾤ
1395 695 1461 753 τοὶ
1518 696 1752 770 ὀνόματα
1793 703 1900 751 τῶν

240 806 372 855 τοῖς
433 791 666 868 πρώτοις
721 796 828 846 τῶν
885 787 1239 865 ψευδωνύμων
1297 785 1496 842 δώδεκα
1561 790 1694 842 θεῶν
1751 787 1893 850 ὑπη-

237 881 584 959 ρετουμένων
647 879 925 956 ἐγκείμενα
994 882 1102 949 ἧν,
1162 877 1276 933 ἐπεὶ
1328 874 1381 930 δὲ
1443 877 1526 931 καὶ
1585 876 1662 947 μὴ
1723 876 1900 948 Δόμνα

244 972 352 1028 καί
410 960 581 1034 Ἳνδης
638 969 730 1024 σὺν
793 982 908 1032 τοῖς
975 967 1156 1028 ἄλλοις
1214 965 1502 1039 εὑρίσκετο,
1559 965 1648 1020 καὶ
1705 961 1902 1043 σφόδρα

249 1057 553 1123 σπουδαίως
586 1056 734 1121 δπῶς
769 1057 898 1135 εἶχε
933 1058 1000 1113 τὰ
1029 1054 1149 1113 κατ’
1181 1055 1369 1116 αὐτοὺς
1401 1053 1738 1112 ἐπυνθάνετο.

1983 707 2072 756 ret
2121 695 2196 756 ab
2249 696 2578 775 impietate.
2638 693 2782 756 Nam
2841 713 2973 754 cum
3039 702 3242 774 postea
3298 693 3633 773 qumsiisset

1983 784 2354 861 schedulam,
2385 785 2447 844 in
2487 802 2604 863 qua
2636 790 2806 845 erant
2840 783 3077 844 nomina
3110 801 3315 844 eorum
3351 782 3450 862 qui
3484 782 3632 841 falso

1985 871 2266 933 dicuntur
2290 871 3143 950 dii,ministrabant,quoniam
3178 871 3406 932 Domna
3441 879 3500 930 et
3531 873 3625 930 ln-

1983 962 2090 1022 des
2123 979 2240 1022 non
2275 961 2730 1023 inveniebantur
2761 979 2897 1023 cum
2937 961 3093 1040 aliis,
3128 961 3333 1021 dolore
3365 961 3538 1022 simul
3574 967 3635 1021 et

1985 1051 2073 1112 ira
2102 1051 2487 1132 implebatur,
2521 1060 2579 1112 et
2609 1050 2931 1130 diligenter
2955 1052 3439 1132 percontabatur,
3472 1069 3630 1132 quo-

1898 1174 1901 1178 -
1988 1141 2166 1201 modo
2195 1157 2292 1202 res
2324 1159 2532 1202 eorum
2565 1158 2629 1202 se
2660 1140 2972 1203 haberent.

343 1236 448 1296 ω’.
483 1236 580 1300 Ὠς
611 1235 665 1292 δὲ
705 1233 867 1303 ἤκουε
896 1234 1038 1310 παρὰ
1068 1235 1161 1290 τοῦ
1189 1232 1578 1312 ἆρχιευνούχου
1609 1229 1690 1288 ὅτι
1725 1230 1904 1306 Δόμνα

248 1330 358 1403 μὲν
424 1331 532 1384 τῶν
593 1332 795 1404 φρενῶν
863 1323 1103 1398 ἐκπέσοι,
1161 1321 1274 1378 ἔστι
1321 1320 1375 1378 δὲ
1439 1329 1528 1379 νῦν
1584 1321 1724 1399 παρὰ
1784 1334 1902 1385 τοῖς

246 1425 426 1474 ταῦτα
478 1415 784 1495 θεραπεύειν
837 1413 1243 1488 ἐπισταμένοις,
1305 1411 1511 1468 σύνεστι
1567 1409 1622 1466 δὲ
1665 1415 1753 1467 καὶ
1787 1409 1905 1466 Ἵν-

246 1506 358 1574 δης
389 1509 520 1582 αὐτῇ
576 1508 814 1584 φυλακῆς
874 1503 1035 1583 χάριν
1083 1504 1171 1559 καὶ
1223 1501 1531 1580 ὑπουργίας,
1563 1499 1770 1564 ἐκεῖνος
1800 1498 1904 1567 ἤδη

244 1605 332 1670 τῷ
363 1599 511 1672 θυμῷ
561 1594 901 1676 φλεγμαίνων
945 1594 1032 1649 καὶ
1091 1592 1228 1670 μέγα
1285 1591 1620 1668 ἀνακραγὼν,
1677 1585 1740 1646 Ὠ
1798 1587 1902 1646 κεί-

245 1707 405 1742 κιστε
448 1682 759 1762 ἀνθρώπων,
818 1682 945 1762 ἔφη,
1001 1683 1211 1756 Δόμναν
1263 1679 1358 1756 μὲν
1387 1677 1723 1755 δαιμονῶσαν
1766 1677 1902 1743 ἴσως

243 1777 353 1832 οὒκ
406 1774 512 1831 ἀπὸ
567 1771 765 1849 τρόπου
806 1777 904 1838 τῆς
963 1776 1070 1826 τῶν
1123 1773 1256 1827 θεῶν
1312 1768 1620 1836 ἀπέστησας
1661 1767 1902 1846 λειτουρ-
1926 1820 1963 1870 Β

245 1866 374 1942 γίας
411 1879 424 1894 ’
478 1864 528 1919 τί
583 1861 639 1918 δὲ
698 1862 880 1918 παθὼν
919 1861 1008 1917 καὶ
1042 1857 1219 1926 Ἵνδης
1249 1859 1573 1937 θεραπευτὴν
1632 1857 1758 1915 ὅντα
1795 1864 1902 1915 τῶν

248 1952 509 2032 μεγάλων
553 1954 686 2010 θεῶν
742 1953 879 2026 αὐτῇ
941 1949 1348 2016 συναπέστησας
1404 1950 1493 2005 καὶ
1543 1948 1602 2005 τό
1635 1970 1696 2025 γε
1727 1949 1800 2010 εἰς
1844 1948 1902 2003 σὲ

249 2051 394 2110 ἧκον
451 2043 681 2118 ἐρήμους
740 2041 1030 2119 ὑπηρεσίας
1087 2039 1291 2105 ἀνῆκας
1349 2038 1590 2117 αὐτούς,
1651 2035 1795 2114 Ἐγὼ
1848 2035 1903 2092 δὲ

253 2133 382 2189 ἀλλ’
432 2133 616 2194 αὐτοὺς
665 2130 860 2206 ὄμνυμι
896 2131 1018 2195 τοὺς
1070 2130 1219 2192 θεοὺς
1261 2131 1334 2191 ὡς
1385 2126 1638 2201 οὐμενοῦν
1669 2129 1730 2183 οὒ
1758 2149 1901 2203 παρ-

253 2223 530 2279 ελεύσεται
588 2223 621 2289 ἡ
678 2220 794 2286 ἀξία
846 2225 940 2276 τοῦ
979 2216 1327 2294 τολμήματος
1360 2215 1504 2288 δίκη,
1539 2217 1664 2272 εἶπε
1695 2217 1783 2272 καὶ
1813 2217 1906 2272 οὐκ

252 2310 478 2390 ἠμέλει,
523 2309 660 2368 ἀλλὰ
688 2311 748 2367 τὸ
779 2308 1142 2386 λειτούργημα
1187 2313 1293 2363 τῶν
1351 2305 1610 2381 καμήλων
1640 2305 1699 2361 αἳ
1729 2305 1783 2361 ἐν
1837 2312 1905 2382 τῇ

256 2402 420 2481 χώρᾳ
459 2398 718 2458 Κλαυδιου
741 2397 980 2455 πολιτῶν
1028 2397 1321 2475 ἐτύγχανον
1353 2397 1525 2468 οὖσαι,
1557 2397 1904 2474 ἐγχειρισθῆ-

246 2494 336 2547 ναί
393 2493 441 2547 οἱ
497 2488 782 2546 ἐπέταττεν
865 2488 1028 2565 ὄγκου
1111 2487 1270 2544 αὐτὸν
1348 2486 1671 2564 ὰρχοντικοῦ
1729 2506 1898 2542 κατα-

243 2581 433 2657 γαγὼν
463 2581 549 2636 καὶ
580 2579 712 2656 πρὸς
744 2577 988 2655 ἐσχάτην
1032 2573 1241 2640 ἀδοξίαν
1287 2574 1554 2651 περιιστάς
1593 2591 1607 2605 ⁶
1665 2577 1786 2630 εἶτα
1814 2574 1902 2631 καὶ

243 2667 430 2736 ’Ἱνδην
482 2666 726 2725 ἐκέλευσε
773 2669 1109 2744 παραστῇναι
1152 2665 1241 2720 καὶ
1282 2664 1349 2722 τὰ
1402 2662 1530 2738 πρὸς
1570 2664 1718 2726 θεοὺς
1771 2663 1899 2718 εἰω-

245 2759 376 2816 θότα
431 2758 518 2814 καὶ
566 2757 712 2817 αὖθις
760 2765 965 2815 ποιεῖν.
1030 2745 1088 2810 (Ο
1135 2751 1192 2807 δὲ
1241 2750 1516 2829 παρελθὼν
1575 2753 1641 2809 τὰ
1698 2752 1898 2820 συνήθη

253 2850 381 2925 πρὸς
424 2845 676 2914 ἀλήθειαν
734 2849 908 2900 ποιῶν
960 2847 1028 2908 ἦν
1057 2889 1073 2920 ,
1120 2842 1209 2898 καὶ
1263 2844 1406 2899 θεοῖς
1455 2841 1552 2914 μὲν
1611 2841 1708 2897 καῖ
1748 2845 1898 2904 θεαῖς

251 2938 338 2992 καὶ
393 2947 510 3000 τοῖς
565 2933 766 2989 τούτων
798 2933 1094 3009 ἱερουργοϊς
1145 2929 1321 2986 πολλὰ
1350 2930 1556 3009 χαίρειν
1588 2928 1623 2997 ἢ
1651 2928 1898 3004 οἰμώζειν

255 3023 457 3101 μᾶλλον
497 3024 660 3080 εἰπὼν
715 3023 870 3083 αὐτὸς
931 3023 1266 3098 προσανεῖχε
1325 3019 1472 3093 μόνῳ
1504 3025 1620 3092 Θεῷ
1667 3040 1898 3097 προσευ-

254 3139 294 3194 χ
303 3128 390 3178 ατς
448 3135 504 3169 τε
560 3112 658 3169 καὶ
689 3111 956 3178 νηστείαις
987 3108 1466 3188 ἐνασχολούμενος,
1500 3107 1596 3164 καὶ
1627 3108 1704 3182 μὴ
1737 3107 1898 3178 μόνον

2067 1228 2194 1293 XII.
2230 1232 2549 1310 Postquam
2575 1239 2773 1292 autem
2805 1231 3030 1292 audivit
3059 1230 3132 1292 ab
3164 1231 3626 1311 archieunucho,

1989 1318 2236 1380 Domnaa
2266 1319 2504 1399 quidem
2540 1328 2795 1381 emotam
2827 1337 2961 1382 esse
3007 1329 3291 1395 mentem,
3327 1339 3460 1381 eam
3496 1338 3628 1382 vero

1990 1426 2149 1470 nunc
2179 1426 2311 1471 esse
2341 1408 2497 1488 apud
2545 1409 2781 1489 eos,qui
2810 1429 2878 1472 ea
2901 1410 3098 1472 sciunt
3123 1428 3333 1472 curare
3360 1432 3375 1479 ;
3401 1428 3534 1472 cum
3560 1427 3630 1469 ea

1986 1505 2182 1558 autem
2213 1516 2344 1559 esse
2378 1498 2608 1572 tndem,
2643 1512 2710 1559 ut
2743 1517 2874 1561 eam
2917 1499 3234 1574 custodiat,
3266 1507 3324 1560 et
3355 1501 3407 1561 ei
3439 1500 3625 1561 inser-

1984 1587 2127 1659 viat,
2162 1587 2267 1648 ille
2308 1588 2436 1667 jam
2494 1589 2583 1650 ira
2629 1594 2910 1668 aestuans,
2943 1597 3014 1652 et
3030 1589 3205 1652 valde
3235 1589 3573 1651 vociferans
3607 1609 3620 1650 :

1984 1675 2032 1739 0
2062 1677 2321 1756 pessime
2343 1678 3190 1758 bominum,inquit,Domnam
3225 1679 3630 1759 quidem,quaa

1984 1765 2305 1827 vexabatur
2333 1785 2367 1828 a
2398 1767 2694 1839 daemone.
2720 1767 2968 1829 fortasse
2992 1787 3107 1830 non
3131 1767 3424 1831 immerito
3454 1786 3626 1829 amo-

1987 1855 2122 1916 vieti
2151 1874 2186 1916 a
2213 1855 2463 1918 deorum
2490 1856 3143 1930 ministerio.Quidnam
3175 1869 3375 1918 autem
3407 1866 3463 1919 te
3496 1875 3627 1917 mo—

1984 1943 2084 2019 vit,
2121 1951 2187 2006 ut
2235 1943 2440 2006 lndem
2473 1964 2734 2026 quoque,
2773 1964 3123 2024 magnorum
3151 1946 3397 2007 deorum
3430 1946 3626 2007 culto-

1983 2052 2134 2108 rem,
2194 2053 2328 2096 cum
2377 2053 2446 2096 ea
2476 2034 2858 2114 amandares,
2892 2045 2952 2098 et
2983 2044 3267 2116 quantum
3296 2037 3356 2096 in
3388 2045 3446 2098 te
3493 2035 3624 2109 fuit,

1986 2142 2090 2184 eos
2120 2141 2154 2184 a
2183 2123 2517 2185 ministerio
2548 2124 2829 2187 desertos
2880 2125 3266 2188 dimitteres‘.’
3318 2123 3434 2188 Sed
3465 2126 3630 2204 ipsos

1983 2213 2123 2290 juro
2183 2213 2353 2293 deos,
2413 2220 2472 2273 te
2525 2215 2712 2289 justas
2767 2214 3016 2275 sceleris
3071 2232 3277 2294 pmnas
3324 2233 3444 2276 non
3495 2233 3628 2276 esse

1989 2319 2327 2364 evasurum.
2355 2301 2737 2382 Dixit.neque
2767 2303 2923 2381 quod
2950 2301 3182 2365 dixerat
3211 2305 3496 2382 neglexit,
3522 2305 3630 2366 sed

1990 2389 2385 2450 ministerium
2442 2391 2832 2470 camelorum,
2887 2391 2987 2471 qui
3047 2401 3216 2453 erant
3271 2392 3334 2452 in
3386 2395 3631 2470 regione

1987 2478 2521 2555 Glaudiopolitana,
2556 2480 2609 2542 ei
2661 2481 2811 2541 tradi
2860 2481 3192 2559 imperavit,
3252 2480 3308 2542 ei
3363 2480 3626 2542 auctori-

1985 2574 2164 2629 tatem
2196 2568 2518 2629 detrahens
2553 2567 3015 2648 prafecturse,et
3038 2588 3172 2630 eum
3200 2569 3272 2632 ad
3297 2577 3625 2631 extremam

1982 2656 2208 2718 ducens
2241 2657 2654 2736 ignominiam.
2689 2657 2920 2721 Deinde
2948 2657 3154 2719 Indem
3189 2678 3425 2739 quoque
3449 2659 3629 2736 jussit

1981 2745 2283 2820 adduci,et
2317 2765 2388 2808 ea
2440 2765 2644 2808 rursus
2688 2747 2890 2810 facere
2916 2767 3046 2828 quae
3076 2748 3188 2809 diis
3217 2757 3627 2810 consueverat.

1981 2835 2088 2898 Ille
2122 2854 2256 2897 vero
2289 2855 2422 2897 cum
2447 2836 3465 2918 accessisset,t’aciebatrevera,qnm
3483 2857 3625 2899 con-

1982 2935 2278 2998 sueverat,
2311 2926 2579 3005 deosque
2609 2935 2668 2987 et
2692 2926 2835 2988 deas
2860 2935 2918 2987 et
2941 2945 3146 2987 eorum
3172 2927 3512 2988 sacerdotes
3529 2945 3628 2987 va-

1983 3015 2232 3086 lere,vel
2255 3015 2452 3093 potius
2484 3017 2629 3076 flare
2655 3015 3040 3096 jubens,ipse
3068 3015 3176 3076 soli
3210 3015 3330 3076 Deo
3360 3015 3625 3091 vacabat,

1982 3109 2043 3164 in
2078 3103 2446 3166 orationibus
2475 3122 2719 3166 versans
2751 3115 2806 3166 et
2819 3105 3158 3185 jejuniis.et
3188 3124 3304 3165 non
3329 3105 3520 3166 solum
3554 3107 3627 3167 ad

250 3182 404 3262 ούδὶν
458 3205 589 3277 πρὸς
647 3202 747 3268 τὴν
801 3200 1018 3256 ἐκείνωθ
1073 3196 1318 3254 ἀσεϐειαν
1346 3199 1612 3276 καθυφεὶς,
1649 3195 1784 3253 ἀλλὰ
1813 3198 1898 3254 καὶ

1986 3212 2193 3256 eorum
2217 3193 2587 3272 impietatem
2615 3182 2860 3256 minime
2878 3182 3398 3264 sedimittens,sed
3415 3197 3630 3257 multos

250 3293 486 3358 πολλοὺς
533 3297 638 3348 τῶν
690 3288 1050 3365 ἠπατημένων
1093 3290 1166 3350 εἷς
1211 3290 1310 3353 τὴν
1342 3287 1438 3354 τῆς
1489 3285 1738 3354 ἀληθείας
1782 3285 1898 3342 ἐπί-

253 3403 454 3459 γνωσιν
531 3377 942 3453 ἐκκαλούμενος.
1031 3375 1352 3454 Ἐπαγωγὸν
1428 3377 1528 3454 γαρ
1586 3376 1660 3437 εἷς
1736 3375 1902 3430 πειθὼ

254 3471 444 3548 λόγος,
494 3470 694 3526 ὁπόταν
743 3467 850 3546 ἔχῃ
895 3467 983 3523 καὶ
1034 3466 1146 3542 βίον
1190 3466 1331 3539 αὐτῷ
1383 3465 1848 3542 συμφθεγγόμενον
1880 3479 1896 3496 °

258 3559 434 3636 ὥσπερ
464 3561 552 3615 οὖν
585 3558 714 3636 εἶχε
743 3559 832 3612 καὶ
860 3554 1066 3628 Ἵνδης,
1097 3557 1186 3611 καὶ
1214 3551 1299 3613 διὰ
1337 3560 1492 3610 τοῦτο
1550 3552 1780 3616 πολλοὺς
1825 3553 1901 3626 τῷ

259 3654 374 3722 Θεῷ
427 3653 692 3727 προσῆγε,
736 3647 826 3703 καὶ
869 3643 999 3706 ἅλας
1027 3645 1272 3722 ἀτεχνῶς
1309 3646 1455 3699 θεῖον
1483 3643 1549 3710 ἦν
1608 3643 1792 3698 ἑαυτόν
1843 3665 1899 3700 τε

253 3744 562 3816 συγκρατῶν
621 3737 710 3792 καὶ
774 3735 894 3800 to);
975 3732 1166 3797 ἄλλους
1222 3731 1529 3808 διακρατετν
1585 3729 1895 3807 δυνάμενος,

251 3827 421 3885 Ἀλλὰ
479 3827 546 3883 τὰ
589 3826 688 3901 μὲν
751 3823 949 3880 ἐκείνου
995 3821 1213 3879 τοιαῦτα
1247 3839 1262 3856 ⁶
1326 3818 1638 3894 Μαξιμιανῷ
1693 3818 1748 3875 δὲ
1805 3824 1900 3879 οὒκ

248 3920 317 3984 ἠν
360 3917 583 3973 ἀνεκτὸν
625 3911 902 3993 βαρϐάρων
959 3913 1058 3985 μὲν
1117 3911 1332 3968 πάντων
1388 3908 1756 3987 περιγενέσθαι
1802 3909 1895 3966 Ξο-

252 4020 373 4064 κεϊν
422 4009 508 4062 καὶ
565 4003 832 4082 βλέμματι
863 4002 1010 4076 μόνῳ
1039 3998 1297 4077 μυριάδας
1330 3997 1513 4078 ὄχλων
1543 3996 1756 4079 φοϐεῖν,
1786 4000 1895 4066 ἡτ-

254 4099 440 4152 τᾶσθαι
483 4093 539 4150 δὲ
592 4100 698 4149 τῶν
754 4092 984 4165 οἰκείων,
1036 4092 1124 4147 καὶ
1183 4095 1347 4147 ταῦτα
1400 4087 1530 4145 νέων
1604 4087 1743 4146 οὕτω
1809 4089 1899 4146 καὶ

257 4184 460 4242 ἀτελῶν
489 4184 567 4240 ἔτι
597 4183 698 4250 τὴν
724 4181 962 4250 ἠλικίαν,

343 4273 452 4335 ll".
511 4272 733 4348 Ἀμέλει
789 4277 916 4349 γοῦν
974 4270 1062 4326 καὶ
1129 4268 1288 4332 λύσας
1347 4269 1484 4324 κατὰ
1527 4270 1716 4345 μικρὸν
1767 4269 1897 4348 ὅπερ

258 4368 383 4444 εἶχε
442 4365 740 4442 πρόσχημα
776 4369 902 4438 γοῦν
931 4381 984 4415 τι
1034 4357 1447 4437 φιλανθρωπίας,
1505 4364 1743 4437 φανερῶς
1801 4358 1898 4432 μὲν

254 4454 319 4521 ἦν
350 4459 426 4526 τῷ
457 4459 666 4530 Χριστῷ
697 4449 1032 4530 μαχόμενος,
1097 4449 1253 4510 ναούς
1297 4468 1354 4502 τε
1414 4448 1581 4526 ἱεροὺς
1635 4451 1896 4519 καθαιρῶν

1988 3285 2161 3344 etiam
2193 3303 2271 3344 ex
2298 3283 2368 3344 iis
2403 3283 2506 3363 qui
2537 3283 2774 3362 decepti
2798 3283 3134 3364 fuerant,ad
3168 3283 3434 3346 veritatis
3453 3285 3625 3362 agni-

1985 3373 2205 3434 tionem
2269 3390 2580 3436 revocans.
2645 3374 2764 3434 Res
2802 3382 2891 3434 est
2930 3374 3114 3448 enim,
3143 3393 3280 3452 quae
3310 3373 3382 3434 ad
3416 3375 3629 3436 verita-

1986 3469 2102 3522 tem
2134 3461 2366 3522 inducit
2395 3462 2608 3534 oratio,
2642 3462 2880 3542 quando
2941 3462 3120 3522 habet
3149 3463 3324 3524 etiam
3361 3463 3539 3523 vitam
3575 3465 3629 3525 ei

1984 3550 2486 3612 consentientem.
2519 3549 2645 3614 Hac
2677 3551 2880 3630 itaque
2926 3551 3157 3612 ratione
3186 3549 3362 3611 Indes
3413 3552 3628 3612 multos

1983 3639 2057 3700 ad
2088 3638 2275 3700 Deum
2301 3639 2587 3716 adduxit;
2623 3649 2682 3701 et
2713 3649 2840 3701 erat
2880 3657 3087 3700 revera
3115 3639 3200 3700 sal
3233 3639 3486 3708 divinus,
3522 3642 3626 3721 qui

1983 3735 2043 3788 et
2074 3729 2337 3807 seipsum
2372 3728 2740 3808 continebat,
2775 3737 2832 3789 et
2857 3729 3004 3789 alios
3031 3737 3263 3809 poterat
3293 3731 3625 3793 continere.

1984 3817 2100 3879 Sed
2127 3818 2273 3878 tales
2291 3817 2533 3897 quidem
2579 3825 2749 3878 erant
2787 3836 2886 3879 res
2911 3818 3108 3879 illius:
3143 3819 3494 3880 Maximiano
3526 3839 3630 3880 au-

1984 3917 2103 3970 tem
2133 3915 2260 3968 erat
2293 3906 2687 3980 intolerabile,
2723 3907 2910 3968 videri
2938 3907 3180 3987 quidem
3215 3927 3423 3968 omnes
3453 3927 3630 3988 supe-

1981 4014 2145 4058 rasse
2203 3995 2512 4069 barbaros,
2573 4005 2631 4057 et
2683 3995 2809 4056 solo
2862 4004 3105 4075 aspectu
3156 4006 3385 4059 terrere
3424 3998 3630 4077 populi

1980 4085 2168 4147 multa
2200 4085 2420 4147 millia:
2454 4085 2608 4145 vinci
2641 4103 2783 4147 vero
2807 4103 2840 4147 a
2864 4086 3010 4158 suis,
3043 4085 3222 4166 idque
3252 4105 3385 4148 cum
3421 4096 3622 4149 essent

1979 4175 2130 4238 adeo
2154 4177 2432 4256 juvenes,
2467 4184 2528 4238 et
2549 4183 2720 4237 atate
2749 4175 3116 4255 imperfecta.

2061 4264 2222 4329 Xlll.
2253 4266 2398 4327 Cum
2435 4265 2634 4346 itaque
2667 4265 2951 4344 paulatim
2983 4265 3620 4346 solvisset,quamcun-

1981 4374 2098 4436 que
2125 4354 2384 4416 habebat
2413 4354 2676 4435 speciem
2710 4354 3112 4429 humanitatis,
3145 4365 3351 4435 aperte
3382 4356 3622 4433 quidem

1982 4443 2284 4524 pugnabal
2317 4462 2450 4505 cum
2479 4443 2736 4515 Christo,
2794 4462 2962 4506 sacra
3005 4446 3226 4524 templa
3268 4444 3535 4519 diruens,
3571 4454 3631 4507 et

255 4544 341 4600 καὶ
393 4542 577 4606 οἴκους
639 4539 880 4615 δαίμοσιν
926 4535 1312 4615 ἂνοικοδομῶν,
1371 4535 1637 4616 ἄρχοντας
1676 4535 1730 4592 δὲ
1783 4536 1896 4592 δει-

1986 4534 2141 4594 Fedes
2185 4532 2558 4595 daemonibus
2589 4533 2892 4595 aedificans
2925 4558 2941 4609 ;
2979 4536 3286 4613 praefectos
3315 4543 3533 4604 autem,
3571 4544 3629 4596 et

254 4635 373 4694 νιιὺς
429 4631 530 4707 μὲν
574 4632 772 4708 εἰπεῖν,
803 4628 983 4703 ὠμοὺς
1014 4625 1071 4682 δὲ
1124 4623 1350 4682 κολάσαι
1404 4625 1541 4681 κατᾶ
1597 4631 1770 4682 πᾶσαν
1801 4629 1897 4681 ὲκ-

253 4721 478 4794 πέμπων
523 4719 622 4786 τὴν
682 4716 1024 4792 οἰκουμένην,
1069 4715 1158 4777 οἷς
1233 4715 1327 4770 οὔ(
1374 4712 1524 4791 ἤρκει
1581 4715 1718 4770 κατὰ
1770 4721 1896 4792 Χρι-

253 4816 481 4867 στιανῶν
510 4811 546 4877 ἡ
576 4806 702 4887 παρ’
736 4809 936 4864 ἑαυτῶν
967 4805 1210 4882 ὠμότης,
1243 4801 1379 4859 ἂλλὰ
1427 4803 1516 4858 καὶ
1562 4806 1596 4870 ἡ
1643 4813 1736 4861 τοῦ
1791 4804 1894 4878 βα-

252 4899 440 4962 σιλέως
489 4897 726 4968 ἀπήνεια
767 4895 1128 4965 προσετίθετο.
1179 4890 1525 4971 Παρήγγελλε
1581 4894 1681 4970 γὰρ
1735 4896 1896 4948 ἀπει-

251 4994 394 5046 θοῦσι
430 4995 769 5064 Χριστιανοϊς
827 4982 994 5059 μηδὲν
1052 4983 1281 5064 ὗφιέναι,
1342 4980 1461 5038 ἀλλ’
1523 4981 1660 5039 οὕτω
1723 4980 1895 5038 κολά-

255 5086 386 5157 ζειν,
461 5079 534 5142 ὡς
620 5077 726 5132 τῶν
815 5072 1100 5153 ὀφθαλμῶν
1181 5071 1379 5127 ἐκείνου
1455 5069 1896 5142 συνεξεταζόντων

260 5169 399 5242 αύτῷ
452 5168 541 5224 καὶ
626 5165 906 5239 θεωμένων
982 5163 1080 5230 τὴν
1134 5171 1226 5219 τοῦ
1281 5161 1524 5237 βήματος
1583 5160 1890 5239 αὐστηρίαν,

256 5259 354 5323 τὴν
394 5258 515 5333 περὶ
547 5256 606 5312 τὸ
649 5253 913 5324 ἐξετάζειν
957 5251 1314 5330 περιέργειαν,
1361 5251 1422 5306 τὸ
1481 5251 1600 5328 περὶ
1656 5250 1746 5312 τὰς
1806 5273 1896 5307 κο-

254 5348 430 5411 λάσεις
483 5346 799 5420 καινουργὸν
851 5343 940 5398 καὶ
996 5341 1342 5423 φιλόνεικον,
1415 5341 1501 5396 καὶ
1559 5342 1631 5406 ὡς
1684 5342 1898 5404 ἐκεῖνος

255 5439 317 5494 ἃν
341 5434 432 5502 εἴη
462 5437 491 5491 ὁ
521 5433 716 5490 πλεῖον
748 5433 889 5505 αὒτῷ
917 5432 1297 5511 χαριζόμενος,
1347 5431 1374 5485 ὃ
1416 5431 1506 5486 καὶ
1542 5427 1760 5485 πλείονα
1795 5427 1898 5499 δή·

255 5547 352 5585 που
381 5523 624 5595 κολάζων
682 5522 1047 5600 Χριστιανούς.
1082 5518 1233 5578 Οὕτω
1289 5519 1412 5583 τοὺς
1464 5517 1728 5598 ἄρχοντας
1788 5516 1899 5574 διε-

254 5616 452 5700 ρεθίσας
510 5612 826 5687 ἐξέπεμπεν,
895 5612 968 5668 Οὐ
1027 5610 1136 5687 μὴν
1214 5607 1352 5665 ἀλλὰ
1421 5608 1511 5663 καί
1559 5605 1896 5700 ,παράδειγμα

1978 4621 2042 4682 in
2074 4621 2332 4683 dicendo
2366 4621 2792 4696 formidabiles,
2829 4632 2886 4684 et
2926 4625 2984 4684 in
3020 4623 3319 4704 puniendo
3351 4624 3628 4686 crudeles

1981 4710 2226 4772 mittens
2254 4729 2361 4789 per
2392 4711 2737 4771 universum
2769 4712 2974 4774 orbem
3004 4722 3178 4774 terra;
3211 4731 3225 4772 :
3259 4712 3474 4792 quibus
3504 4733 3625 4775 non

1981 4799 2316 4861 sufﬁciebat
2335 4818 2442 4860 sua
2459 4801 2744 4860 adversus
2767 4801 3137 4862 Christianos
3153 4801 3500 4881 crudelitas,
3519 4803 3625 4863 sed

1981 4889 2304 4952 accedebat
2335 4891 2510 4950 etiam
2567 4890 2892 4950 immasitas
2941 4890 3338 4968 imperatoris.
3370 4891 3628 4954 Jubebat

1981 4979 2168 5055 enim,
2197 4987 2260 5040 ut
2287 4978 2642 5040 Christianis
2665 4997 2781 5038 non
2808 4977 3227 5039 obedientibus
3261 4981 3406 5040 nihil
3438 4980 3625 5041 cede~

1981 5077 2140 5139 rent,
2176 5067 2281 5129 sed
2316 5068 2401 5128 sic
2436 5067 2740 5146 punirent,
2779 5076 3060 5146 tanquam
3121 5068 3277 5128 oculi
3312 5068 3476 5130 illius
3507 5089 3625 5131 una

1979 5158 2388 5219 examinarent
2406 5166 2466 5218 et
2495 5166 2836 5237 Spectat-ent
2858 5157 3169 5217 tribunalis
3192 5161 3620 5237 austeritatem,

1981 5254 2039 5308 et
2061 5246 2120 5307 in
2154 5247 2547 5308 examinando
2567 5247 3068 5320 curiositatem,et
3091 5246 3150 5306 in
3187 5245 3488 5326 puniendo
3523 5267 3626 5309 no-

1982 5355 2110 5398 vam
2171 5336 2572 5396 inventionem
2632 5345 2808 5415 atque
2865 5336 3302 5397 vehementiam
3350 5357 3364 5399 :
3417 5337 3626 5399 dicens

1981 5446 2111 5488 eum
2134 5428 2217 5486 illi
2245 5429 2557 5500 plurimum
2584 5430 3167 5502 gratiﬁcaturum.qui
3197 5432 3461 5502 pluribus
3481 5447 3626 5503 sup—

1983 5515 2180 5595 pliciis
2201 5514 2474 5576 afficeret
2490 5513 2994 5578 Christianos.Sic
3017 5517 3292 5579 incitatos
3314 5517 3624 5580 emittebat

1979 5605 2312 5688 praefectos,
2347 5622 2551 5666 verum
2590 5606 2751 5668 enim
2783 5622 2920 5668 vero
2952 5605 3213 5691 seipsum
3261 5626 3498 5690 quoque
3531 5608 3618 5670 eis
