4066 6146
484 291 634 360 1055

1675 298 1932 362 ADDEN
1937 299 2060 362 DA.
2105 331 2170 344 -
2216 297 2645 362 DECEMBER.

3687 296 3812 365 l056

479 425 829 491 ostendebat
861 429 1165 510 exemplar
1181 429 1561 510 archetypum
1586 429 1659 491 ad
1681 429 2122 496 inhumanitati-

2211 434 2392 493 ἑαυτὸν
2449 433 2612 491 ἐδίδου
2697 433 2784 491 καὶ
2871 432 3212 513 πρωτότυπον
3287 435 3362 500 εἰς
3418 434 3772 512 ἀπανθρωπίαν
3796 455 3809 471 ο

479 525 622 594 tem,
665 519 742 597 (5)
773 517 918 582 Nam
969 520 1096 600 ipse
1144 537 1378 600 quoque
1401 529 1528 580 erat
1554 519 1786 599 primus
1815 524 2116 598 occidens,

480 608 842 689 puniens,de
875 611 1070 671 medio
1105 609 1681 689 tollens,eXpellens,
1715 610 1854 689 quid
1890 631 2006 674 non
2031 615 2117 673 vi-

481 696 747 759 olentum
770 718 952 776 agens
974 709 1032 760 et
1053 699 1457 780 tyranuicum?
1484 701 1601 759 imo
1630 717 1768 760 vero
1793 717 1950 781 saepe
1969 721 2123 783 quo-

483 804 603 863 que
632 807 745 848 non
778 790 891 850 vim
931 807 1152 849 meram
1185 788 1464 862 atterens,
1491 790 1598 849 sed
1623 807 1750 850 eam
1776 791 1950 851 etiam
1979 791 2124 853 mis-

485 893 626 937 cens
658 878 1069 958 persuasione,
1125 887 1182 938 et
1244 878 1431 957 ipsam
1498 877 1810 957 porrigens
1844 888 2123 958 tanquam

485 983 704 1042 escam,
743 977 803 1028 ut
851 969 936 1030 sic
981 985 1220 1049 quoque
1277 968 1446 1029 ﬁeret
1497 968 1727 1042 suavior,
1774 980 1832 1031 et
1878 970 2125 1034 haberet

485 1055 915 1136 probabiliores
939 1058 1226 1139 puniendi
1243 1059 1783 1137 occasiones,quod
1803 1060 2026 1122 nollent
2043 1060 2125 1140 pii

485 1163 694 1223 parere
727 1148 922 1210 verbis
952 1149 1117 1209 solis.
1154 1150 1206 1210 ls
1237 1166 1373 1209 cum
1431 1148 1870 1209 sanctissimum
1904 1150 2122 1212 Anthi-

488 1253 648 1296 mum
677 1237 776 1299 diu
809 1239 1118 1318 quaesitum
1148 1257 1266 1300 non
1290 1237 1636 1310 invenisset,
1665 1238 1793 1316 ipse
1821 1238 2125 1317 ingressus

485 1325 824 1405 ecclesiam,
884 1336 1162 1409 tanquam
1216 1328 1342 1389 fera
1395 1329 1592 1407 aliqua
1620 1328 1774 1389 varia
1803 1337 1862 1390 et
1891 1329 2120 1410 dolosa,

483 1437 614 1479 cum
639 1427 994 1483 exercituum
1018 1434 1073 1482 et
1107 1426 1415 1484 satellitum
1457 1426 1824 1482 multitudine
1848 1442 1971 1483 eam
2003 1421 2125 1483 cir—'

486 1507 915 1584 cumdedisset,
951 1519 1008 1571 et
1037 1510 1254 1572 deinde
1287 1516 1464 1572 etiam
1500 1509 1760 1571 lenitatis
1811 1527 2123 1590 personam

486 1597 792 1676 subiisset,
830 1600 1009 1662 utalii
1039 1601 1276 1681 quidem
1309 1599 1698 1663 formidarent
1723 1600 1835 1660 vim
1876 1607 1936 1660 et
1966 1600 2122 1660 mul-

491 1687 827 1766 titudinem,
862 1691 958 1752 alii
995 1701 1191 1752 autem
1225 1691 1295 1752 ad
1329 1691 1444 1751 sibi
1470 1689 1675 1752 utilem
1700 1696 2000 1752 intuentes
2024 1690 2127 1752 be-

487 1778 860 1860 nignitatem,
896 1782 1343 1842 abducerentur
1377 1799 1410 1840 a
1464 1783 1871 1860 persuasione,
1900 1788 1958 1840 et
1987 1798 2122 1841 cum
2151 1817 2188 1866 Β

486 1868 572 1927 sic
605 1877 882 1948 tanquam
916 1869 1150 1933 duobus
1204 1869 1455 1932 fortibus
1514 1868 1788 1943 vinculis,
1829 1870 2041 1930 timore
2070 1878 2128 1930 et

490 1960 877 2034 persuasione
904 1960 1032 2040 pios
1060 1960 1414 2037 colligasset,
1449 1961 1713 2039 captivos
1749 1957 2006 2019 ducebat
2052 1958 2123 2020 ad

493 2045 950 2124 pietatem.Cum
983 2051 1107 2112 hac
1164 2050 1321 2130 apud
1351 2067 1414 2110 se
1446 2048 1782 2127 cogitasset,
1828 2047 1899 2108 ad
1933 2067 2124 2129 popu-

489 2133 611 2194 lum
647 2136 820 2199 talem
847 2137 1058 2200 babuit
1087 2139 1440 2200 orationem.

572 2224 724 2288 XIV.
757 2227 876 2306 Ego
909 2229 1085 2290 etiam
1110 2229 1392 2290 adversus
1422 2235 1627 2306 gentes
1655 2227 1960 2299 barbaras,
1994 2245 2125 2306 qua!

492 2331 689 2376 meum
727 2318 936 2396 jugum
989 2318 1146 2379 ferre
1175 2324 1476 2394 recusant,
1515 2327 1575 2379 et
1605 2335 1722 2378 non
1757 2324 1967 2397 parent
1995 2317 2125 2379 Ro-

488 2421 798 2468 manorum
835 2407 1085 2487 legibus,
1119 2427 1235 2469 non
1262 2408 1453 2469 statim
1488 2426 1695 2469 moveo
1728 2408 1978 2484 hastam,
2013 2424 2124 2467 ne-

491 2511 606 2570 que
635 2504 770 2557 utor
801 2498 1042 2576 jaculis,
1077 2516 1271 2578 neque
1300 2498 1495 2577 gladio
1528 2503 1612 2557 eis
1658 2497 1880 2558 caedem
1914 2495 2124 2571 affero,

487 2584 590 2646 sed
620 2585 811 2648 bonos
841 2588 1044 2649 imitor
1074 2586 1652 2667 medicos,mollibus
1681 2585 1938 2666 primum
1984 2602 2124 2646 ver-

487 2679 576 2734 bis
594 2689 648 2736 et
679 2681 1212 2750 benignis,perinde
1243 2695 1307 2736 ac
1333 2681 1769 2744 oleo,tumorem
1804 2678 2124 2736 emollicns.

486 2763 708 2821 Deinde
730 2776 1028 2838 postquam
1067 2766 1260 2822 videro
1285 2780 1383 2822 eos
1404 2780 1526 2821 esse
1551 2763 1712 2820 valde
1736 2763 2129 2819 immedicabi-

486 2847 576 2907 les
592 2850 882 2928 ulcusque
905 2868 1109 2911 eorum
1130 2849 1298 2910 valde
1321 2848 1642 2928 malignum
1667 2857 1726 2908 et
1743 2846 2126 2926 profundum,

491 2951 632 3002 tunc
666 2951 800 3003 utor
828 2946 1114 3013 cauterio,
1151 2951 1208 3003 et
1233 2943 1355 3021 jam
1388 2959 1598 3021 aspera
1627 2949 1684 3001 et
1708 2940 1924 3001 acerba
1956 2941 2128 3000 secti-

487 3049 626 3104 one,
659 3039 724 3091 ut
757 3050 949 3112 neque
979 3032 1050 3093 ab
1103 3033 1274 3093 initio
1326 3048 1420 3092 me
1467 3032 1736 3091 videatur
1760 3029 1977 3109 aliquis
2010 3029 2126 3088 hu-

487 3121 736 3190 manior,
767 3139 960 3201 neque
990 3130 1119 3200 post
1139 3119 1608 3182 misericordiam
1636 3129 1694 3180 et
1715 3117 2125 3180 mansuetudi-

487 3229 624 3270 nem
677 3211 1012 3272 violentior.
1050 3212 1215 3272 Absit
1242 3218 1464 3290 autem,
1502 3219 1563 3270 ut
1595 3229 1693 3270 vos
1726 3227 1824 3270 me
1865 3226 2124 3288 unquam

485 3299 754 3360 sentiatis
784 3300 1198 3360 conturbatum
1233 3309 1291 3360 et
1320 3299 1532 3359 iratum
1564 3321 1579 3374 ;
1611 3299 1713 3359 sed
1738 3297 2121 3378 accedentes,

2201 524 2326 581 ἒπεὲ
2380 524 2476 582 καῖ
2512 530 2717 604 πρῶτος
2769 525 2922 586 αὐτὸς
2964 524 3030 591 ἧν
3087 525 3326 600 κτείνων,
3381 523 3642 603 κολάζων,
3686 526 3816 581 ἀναι-

2206 621 2334 690 ρῶν,
2368 613 2622 684 ἐλαύνων,
2671 614 2720 670 τί
2775 614 2853 689 μὴ
2897 614 3068 690 βίαιον
3116 615 3204 670 καὶ
3257 615 3563 693 τυραννικὸν
3619 613 3819 692 ἐργαζό-

2207 721 2416 778 μενος;
2465 703 2667 776 μᾶλλον
2712 703 2767 760 δὲ
2830 704 2917 760 καὶ
2969 701 3229 769 πολλάκις
3288 707 3384 761 οὒκ
3439 702 3664 781 ἄκρατον
3705 703 3821 758 ἐπάο

2209 815 2319 871 γων
2372 794 2469 860 τὴν
2503 795 2643 869 βίαν,
2695 791 2833 849 ἀλλά
2890 794 2976 849 καὶ
3037 793 3214 849 πειθοῖ
3261 793 3512 870 κεραννὺς
3562 794 3649 849 καὶ
3692 793 3824 849 οἱονεὶ

2211 880 2391 960 δέλεαρ
2448 883 2612 938 nam
2670 886 3102 961 προτεινόμενος,
3162 882 3256 939 ’ίνα
3303 882 3399 938 καί
3453 881 3655 957 μᾶλλον
3683 881 3824 945 οὕτως

2208 971 2528 1049 ἀγριώτερος
2586 972 2821 1049 γίνηται,
2888 973 2978 1028 καὶ
3033 981 3126 1030 τοῦ
3182 972 3434 1042 κολάζειν
3493 970 3826 1050 εὐλογωτέρας

2211 1059 2316 1140 ἔχῃ
2345 1063 2441 1124 τὰς
2474 1062 2712 1140 ἀφορμὰς
2759 1069 2835 1135 τῷ
2882 1062 2957 1136 μὴ
3007 1060 3187 1139 λόγοις
3240 1060 3436 1118 ἐθέλειν
3490 1062 3674 1136 μόνοις
3723 1062 3826 1124 τοὺς

2209 1147 2445 1211 εὒσεϐεῖς
2504 1150 2791 1210 πείθεσθαι.
2855 1150 3040 1221 Οὗτος,
3102 1149 3287 1217 ἒπειδή
3317 1151 3404 1205 καὶ
3433 1152 3524 1208 τὸν
3557 1151 3826 1228 ἀγιώτατον

2210 1238 2479 1314 ’Ἂνθιμον
2531 1239 2700 1295 πολλὰ
2753 1241 2993 1310 ζητήσας
3045 1240 3122 1316 μὴ
3180 1238 3320 1319 εὕροι
3365 1242 3521 1302 αὐτὸς
3567 1240 3698 1296 εἴσω
3747 1244 3826 1306 τῆς

2209 1329 2523 1408 ἱκκλησίας,
2555 1329 2676 1386 οἶόν
2730 1352 2780 1386 τι
2839 1331 3016 1406 θηρίον
3073 1328 3313 1386 ποικίλον
3358 1332 3447 1386 καὶ
3490 1328 3703 1408 δολερὸν
3732 1329 3826 1384 εἰσ-

2211 1417 2374 1474 ελθών
2435 1417 2626 1488 πλήθει
2682 1440 2740 1474 τε
2785 1420 3192 1496 στρατευμάτων
3237 1421 3322 1476 καὶ
3366 1418 3668 1498 δορυφόρων
3712 1418 3826 1473 ταύ-

2207 1529 2308 1574 την
2364 1506 2690 1586 περιλαϐὼι,
2751 1509 2878 1564 εἶτα
2917 1509 3004 1564 καὶ
3064 1508 3351 1566 ἐπιείκειαν
3406 1507 3628 1586 ὑποδὺς,
3671 1507 3740 1562 ἶν’
3789 1509 3827 1562 οἱ

2209 1597 2306 1671 μὲν
2355 1601 2416 1652 τὸ
2476 1597 2679 1663 πλῆθος
2739 1598 2826 1653 καὶ
2882 1599 2980 1665 τὴν
3035 1599 3192 1677 ἰσχὺν
3255 1596 3656 1676 ὑποπτήξωσιν,
3707 1597 3749 1651 οἱ
3785 1593 3828 1650 δὲ

2209 1689 2339 1763 πρὸς
2391 1689 2488 1755 τὴν
2542 1687 2872 1766 ἐπίχρηστον
2931 1687 3157 1766 ὁρῶντες
3215 1687 3610 1766 φιλανθρωπίαν
3678 1689 3830 1742 πειθοῖ

2209 1775 2618 1849 συναρπᾶίζωντα
2631 1801 2646 1831 ι
2682 1823 2700 1854 ,

2208 1867 2478 1947 ἰσχυροῖς,
2539 1864 2685 1946 φόϐῳ
2742 1868 2828 1923 καὶ
2887 1871 3062 1924 πειθοῖ
3117 1868 3241 1930 τοὺς
3296 1865 3536 1930 εὐσεϐεῖς
3597 1864 3831 1935 συνδήσας

2210 1955 2590 2035 αἰχμαλώτους
2646 1957 2822 2034 ἀγάγῃ
2883 1958 3014 2033 πρὸς
3069 1957 3168 2023 τὴν
3251 1954 3495 2012 ἀσέϐειαν
3533 2005 3547 2030 ,
3639 1961 3830 2012 τοιαῦτα

2210 2044 2548 2121 σκεψάμενος
2607 2044 2766 2123 λόγου
2815 2048 2947 2119 πρὸς
2991 2047 3050 2101 τὸ
3094 2044 3294 2112 πλῆθος
3339 2042 3536 2122 ἤρξατο
3595 2044 3827 2102 τοιούτου.

2785 1779 2870 1833 οιαὶ
2943 1777 3108 1838 οὕτως
3164 1777 3343 1854 ὥσπερ
3425 1777 3639 1850 ἅμμασι
3705 1774 3829 1832 δυσίν

2290 2224 2407 2285 ΙΔ¹.
2455 2225 2598 2302 Ἐγὼ
2626 2226 2712 2282 καὶ
2756 2227 2885 2303 πρὸς
2940 2224 3060 2291 ἔθνη
3119 2221 3358 2302 βάρϐαρά
3387 2225 3478 2280 τὸν
3513 2224 3642 2298 ἐμὸν
3698 2222 3830 2299 ζυγὸν

2209 2311 2621 2394 δυσχεραίνοντα
2705 2316 2794 2369 καὶ
2861 2313 3138 2383 Ῥωμαίων
3219 2314 3404 2387 νόμοις
3486 2315 3568 2388 μὴ
3645 2315 3829 2388 πειθαρ-

2210 2410 2411 2481 χοῦντα
2471 2403 2568 2457 οὒκ
2627 2404 2772 2466 εὗθὺς
2831 2405 2892 2459 τὸ
2950 2401 3072 2480 δόρυ
3121 2409 3254 2459 κινῶ
3307 2403 3425 2458 οὔτε
3479 2403 3594 2477 μὴν
3637 2407 3827 2481 χρῶμαι

2209 2493 2332 2555 τοῖς
2391 2491 2623 2571 βέλεσιν,
2657 2491 2772 2550 οὔδε
2822 2494 2922 2560 τὴν
2977 2491 3064 2548 διὰ
3119 2491 3292 2571 ξίφους
3347 2491 3534 2567 ἐπάγω
3593 2492 3823 2570 σφαγήν·

2210 2580 2347 2637 ἀλλά
2406 2584 2526 2647 τοὺς
2583 2582 2809 2659 ἀγαθοὺς
2867 2584 3133 2658 μιμοῦμαι
3210 2587 3317 2637 τῶν
3373 2584 3593 2659 ἰατρῶν,
3654 2582 3829 2658 ῥημασι

2211 2669 2486 2746 μαλακοῖς
2543 2673 2603 2726 τὸ
2663 2678 2870 2747 πρῶτον
2927 2675 3021 2727 καὶ
3075 2669 3464 2750 φιλανθρώποις
3515 2671 3696 2748 ὥσπερ
3723 2667 3831 2739 ἐλέῳ

2211 2757 2590 2832 διαμαλάσσων
2648 2761 2708 2816 τὸ
2766 2760 2991 2836 οἴδημα.
3059 2758 3174 2816 Εἶθ’
3262 2759 3428 2822 οὕτως
3487 2758 3700 2816 ἐπειδὰν
3751 2756 3830 2813 ἴδω

2211 2847 2410 2926 σφόδρα
2467 2846 2723 2911 δυσιάτως
2781 2848 3009 2927 ἔχοντας
3053 2849 3144 2904 καὶ
3193 2850 3255 2903 τὸ
3310 2847 3465 2911 ἕλκος
3497 2845 3724 2904 ὕπουλον
3762 2845 3829 2901 καὶ

2210 2938 2346 2994 πάνυ
2396 2938 2547 3013 βαθύ,
2593 2937 2712 2993 τότε
2778 2935 2842 3005 δὴ
2899 2939 2988 2993 καὶ
3048 2937 3273 3015 καυτῆρι
3339 2938 3584 3016 χρῶμαι,
3646 2938 3727 2992 καὶ
3777 2940 3828 3009 τῇ

2209 3033 2350 3102 τομῇ
2416 3025 2554 3083 οὕτω
2612 3026 2727 3082 λίαν
2790 3031 3068 3103 αὐστηρῶς
3111 3029 3198 3082 καὶ
3256 3025 3594 3103 περιωδύνως
3622 3025 3828 3100 ὡςμήτε

2209 3117 2327 3171 τινὰ
2382 3117 2481 3172 τὶν
2540 3117 2717 3196 ἀρχὴν
2764 3115 2896 3190 ἐμοῦ
2951 3116 3178 3193 φανῆναι
3209 3116 3702 3194 φιλανθρωπότερον
3732 3115 3825 3188 μή·

2210 3227 2265 3262 τε
2312 3205 2446 3279 μετά
2502 3207 2594 3261 τὸν
2646 3205 2797 3263 ἕλεον
2855 3208 2940 3261 καὶ
2989 3207 3090 3272 τὴν
3153 3205 3447 3262 ἐπιείκειαν
3533 3206 3823 3282 βιαιότερον.

2209 3298 2378 3368 Ὑμᾶς
2409 3293 2464 3349 δὲ
2505 3295 2583 3369 μὴ
2613 3295 2820 3372 γένοιτό
2880 3316 3012 3352 ποτε
3067 3296 3380 3372 πειραθῆναί
3432 3315 3538 3370 μου
3593 3314 3825 3371 τεταραγ-

487 3388 667 3449 libate
699 3390 928 3468 magnis
959 3390 1163 3464 diis,et
1189 3398 1486 3468 rogate,ut
1512 3407 1615 3448 vos
1647 3387 1927 3466 benignis
1961 3388 2124 3448 intu-

2211 3384 2371 3458 μένου
2419 3385 2508 3440 καὶ
2550 3386 2682 3457 πρὸς
2742 3385 2906 3462 ὀργὴν
2963 3383 3188 3463 ἔχοντος
3222 3402 3237 3416 ⁸
3294 3382 3430 3438 ἀλλὰ
3471 3381 3825 3459 προσελθόντες

484 3486 694 3538 eantur
725 3480 1005 3552 oculis,ut
1037 3479 1120 3539 sic
1153 3498 1185 3540 a
1218 3478 1390 3539 nobis
1414 3496 1651 3558 quoque
1674 3477 2124 3556 consequamini

2211 3487 2326 3535 τοῖς
2357 3473 2612 3552 μεγάλοις
2655 3478 2804 3538 θεοῖς
2834 3471 3080 3530 σπένδετε
3111 3473 3200 3528 καὶ
3249 3472 3522 3546 εἰιμενέσιν
3553 3473 3685 3546 ὑμᾶς
3737 3471 3822 3548 ὀφ-

485 3568 1149 3646 honores,magistratus
1181 3583 1238 3628 et
1263 3567 1634 3646 pecunias,et
1656 3566 1785 3626 sitis
1817 3567 1974 3626 inter
2007 3585 2124 3628 me-

2211 3562 2437 3638 θαλμοῖς
2468 3561 2600 3618 ἰδεῖν
2645 3561 2981 3634 ἐκκαλεῖσθε,
3012 3559 3090 3618 ’ἶν’
3134 3561 3272 3617 οὕτω
3301 3562 3389 3618 καὶ
3432 3562 3498 3618 τὰ
3543 3561 3666 3638 παρ’
3695 3562 3824 3632 ἡμῶδ

487 3677 554 3719 os
587 3659 808 3738 primos
839 3659 1065 3720 amicos
1125 3668 1182 3719 et
1232 3656 1573 3718 familiares.
1611 3655 2123 3727 Quemadmodum

2211 3649 2570 3731 προσυπάρξῃ,
2626 3654 2774 3726 τιμαὶ
2815 3653 2905 3708 καὶ
2959 3652 3123 3731 ἀρχαὶ
3185 3652 3271 3707 καὶ
3326 3652 3590 3729 χρήματα
3645 3649 3730 3738 καί
3776 3648 3824 3702 τὸ

484 3737 645 3809 enim
672 3769 788 3812 non
813 3746 1568 3821 estabsurdum,Barbaros
1585 3745 1964 3825 quidem,qui
1989 3757 2124 3806 sunt

2211 3743 2265 3797 ἐν
2308 3743 2537 3822 πρώτοις
2568 3745 2704 3816 ὑμᾶς
2736 3743 2879 3798 εἶναι
2939 3749 3043 3798 τῶν
3097 3741 3240 3816 ἒμῶν
3295 3740 3516 3819 ἑταίρων
3545 3741 3634 3797 καὶ
3662 3737 3819 3818 φίλων.

485 3839 728 3902 alterius
753 3840 993 3919 linguae,
1030 3845 1232 3899 nostra
1257 3845 1374 3898 tam
1403 3855 1574 3916 aequo
1593 3835 1990 3908 animolerre,
2025 3853 2128 3896 vos

486 3945 622 3990 vero
654 3930 714 3990 in
746 3931 1156 3992 Romanorum
1191 3927 1422 4004 legibus
1453 3926 1828 4004 educatos,et
1857 3930 1916 3984 in
1951 3925 2130 3985 rebus

485 4019 825 4080 Graecorum
858 4018 1217 4084 eruditos,et
1252 4015 1394 4076 mihi
1419 4015 1868 4094 subjectos,non
1899 4014 1961 4075 in
1993 4033 2126 4074 om-

484 4107 659 4169 nibus
689 4125 927 4169 servare
951 4105 1493 4182 obedientiam,sed
1528 4105 1587 4164 in
1618 4103 1800 4164 rebus
1832 4103 2128 4183 praecipu-

487 4197 536 4256 is
569 4197 753 4258 videri
779 4197 1220 4264 inobedientes,
1249 4206 1306 4256 et
1335 4195 1557 4256 bellum
1584 4203 1792 4273 aperte
1823 4193 2128 4272 suscipere

485 4296 691 4349 contra
720 4295 978 4348 vestrum
1013 4287 1535 4365 imperatorem,ut
1571 4283 1706 4343 ideo
1738 4280 2025 4343 excidatis
2054 4281 2126 4342 ab

2209 3838 2337 3896 Πῶς
2394 3833 2494 3910 γὰρ
2554 3833 2648 3889 οὐκ
2702 3831 2899 3888 ἄτοπον
2942 3827 3230 3909 βαρϐάρους
3295 3830 3392 3905 μὲν
3447 3828 3822 3906 ἀλλογλώσσους

2210 3922 2471 3988 τοσαύτης
2550 3921 2678 3998 παρ’
2763 3923 2917 3996 ἡμῶν
2990 3919 3280 3976 ἀπολαύειν
3339 3923 3436 3985 τῆς
3496 3918 3819 3986 ἀνεξικακίας,

2209 4013 2355 4085 ἡμᾶς
2406 4009 2461 4065 δὲ
2523 4001 2798 4085 Ῥωμαίων
2857 4013 3042 4084 νόμοις
3098 4007 3581 4086 ἔντεθραμμένους,
3637 4006 3722 4063 καί
3769 4002 3820 4058 τὰ

2212 4099 2488 4170 Ἐλλήνων
2535 4097 3004 4174 πεπαιδευμένους,
3067 4098 3200 4173 πρὸς
3258 4094 3312 4152 δὲ
3355 4097 3444 4152 καὶ
3500 4096 3660 4171 ἐμοὺς
3712 4095 3820 4156 61m-

2209 4193 2365 4252 κόους
2421 4188 2577 4250 ὄντας
2606 4237 2621 4267 ,
2697 4190 2772 4262 μὴ
2835 4187 2918 4244 διὰ
2974 4187 3186 4244 πάντων
3246 4185 3434 4256 σώζειν
3488 4187 3556 4242 τὸ
3595 4182 3815 4251 εὐπειθὲς,

2210 4278 2350 4336 ἀλλά
2411 4280 2528 4356 περὶ
2582 4276 2648 4334 ταὶ
2703 4277 3025 4353 καιριώτατα
3078 4273 3283 4334 μᾶλλον
3339 4277 3582 4332 ἀπειθεῖν
3648 4272 3814 4329 δείκνυ·

485 4376 863 4455 imperatoris
894 4357 1335 4451 benevolentia,
1390 4357 1455 4434 e27
1485 4374 1643 4449 larga
1677 4369 2124 4432 muniﬁcentia?

2211 4373 2351 4446 σθαι,
2395 4367 2490 4423 καῖ
2536 4365 2773 4443 πόλεμον
2830 4365 3072 4444 ἄντικρυς
3116 4366 3248 4442 πρὸς
3299 4365 3390 4420 τὸν
3441 4365 3690 4441 ὑμέτερον
3738 4357 3815 4415 αἵ-

483 4452 766 4527 Becedite
795 4485 961 4545 ergo,
1023 4463 1288 4526 recedite
1345 4461 1418 4521 ab
1467 4462 1578 4521 hac
1637 4460 1781 4520 falsa
1810 4459 2123 4538 religione.

2211 4464 2386 4536 ρεσθαι
2443 4456 2664 4533 βασιλέα
2697 4504 2712 4530 ,
2771 4457 2846 4521 ὡς
2923 4454 3155 4513 ἐντεῦθεν
3238 4452 3518 4530 βασιλικῆς
3581 4452 3812 4509 ἐκπίπτειν

487 4555 590 4616 Sin
625 4556 842 4629 minus,
877 4541 1051 4634 paena
1079 4571 1198 4614 non
1235 4551 1439 4630 procul
1483 4549 1698 4610 aberit.
1734 4551 1945 4611 Videte
1975 4549 2124 4611 hanc

2212 4548 2482 4623 εὐμενείας
2513 4549 2606 4603 καί
2640 4544 3033 4623 πλουσιοδώρου
3077 4544 3454 4624 χρηστότητος
3488 4562 3505 4622 ς
3554 4542 3811 4604 Ἀπόστητι

488 4642 700 4723 eadem,
753 4645 813 4704 in
871 4632 986 4724 qua
1042 4641 1396 4704 conﬁdistis.
1457 4638 1598 4700 Eam
1659 4639 1780 4718 igni
1815 4639 2124 4713 mandans,

2211 4643 2488 4716 τοιγαροῦν
2541 4636 2640 4703 τῆς
2696 4635 2896 4692 ἀτόπου
2937 4634 3136 4699 ταύτης
3190 4632 3492 4711 θρησκείας,
3527 4633 3808 4724 ἀπόστητες

487 4749 590 4792 vos
641 4713 1093 4812 quoque'simul
1149 4730 1421 4813 perdam,
1486 4742 1544 4790 et
1597 4713 1801 4790 scietis
1857 4728 2124 4808 omnino,

2212 4731 2256 4785 εἰ
2311 4713 2378 4783 δ”
2417 4727 2530 4798 οὖν,
2596 4723 2718 4782 ἀλλ’
2775 4729 2835 4783 οὗ
2879 4724 3084 4802 μακρὰν
3114 4727 3149 4791 ἡ
3205 4721 3352 4789 δίκη,
3408 4721 3597 4799 Ὀρᾶςε
3646 4713 3810 4813 τουτονί

489 4802 896 4900 quantum-sit
928 4802 1176 4896 malum,
1211 4839 1245 4882 a
1274 4802 1510 4883 ratione
1541 4819 1736 4881 aliena
1767 4818 2038 4896 audacia,
2071 4802 2124 4880 et

2211 4819 2303 4875 τὸν
2347 4821 2498 4874 οἷκον
2530 4814 2613 4895 ἐφ’
2670 4816 2715 4888 ᾧ
2757 4816 2846 4871 καὶ
2902 4814 3208 4886 πεπυίθατε,
3247 4813 3368 4888 πυρὶ
3415 4807 3536 4876 δοὺς
3581 4810 3725 4869 αὐτὸν
3747 4802 3812 4861 καί

491 4894 706 4976 mentis
735 4912 1087 4993 pervicacia.
1163 4894 1170 4896 ﬁ
2022 4894 2028 4896 ⁷

2213 4909 2347 4981 δμᾶς
2405 4909 2540 4980 ὁμοῦ
2575 4894 2993 4983 γσυνδιαιρθερῶ,
3041 4903 3131 4959 καὶ
3186 4901 3396 4958 εἴσεσθε
3449 4901 3674 4962 πάντως
3714 4894 3811 4951 ὅσον

2213 4998 2378 5052 κακὸν
2434 4995 2625 5072 θράσος
2657 4992 2854 5071 ἄλογον
2878 4994 2966 5049 καὶ
2995 4993 3216 5070 γνώμης
3247 4991 3546 5070 πντιτυπία.

568 5089 690 5153 XV.
723 5093 870 5154 Cum
894 5093 1059 5154 dirus
1081 5089 1474 5152 Maximianus
1499 5088 1583 5150 sic
1602 5085 1962 5150 immanitati
1985 5105 2124 5148 con-

2295 5085 2402 5147 lE'.
2468 5082 2617 5141 Οὕτω
2671 5089 2766 5138 τοῦ
2834 5082 3006 5140 δεινοῦ
3051 5080 3380 5154 Μαξιμιανοῦ
3424 5077 3701 5136 ἐπιείκειαν
3736 5072 3812 5127 ἀπ-

479 5184 777 5263 junxisset
801 5183 1321 5259 humanitatem,et
1350 5179 1642 5239 malorum
1664 5177 1845 5238 minis
1869 5184 1927 5238 et
1953 5175 2124 5237 bono-

2214 5175 2367 5246 ηνείᾳ
2425 5173 2754 5247 συνάψαντος
2810 5171 2987 5229 κακῶν
3042 5192 3102 5227 τε
3171 5168 3422 5233 ἀπειλαῖς
3506 5171 3589 5224 καὶ
3639 5165 3811 5242 ἀγαθῶν

487 5257 617 5334 rum
647 5273 959 5352 promissis
981 5257 1268 5332 variasset
1286 5267 1750 5346 orationem,qui
1777 5267 1970 5327 instar
1988 5266 2124 5327 mel-

2213 5261 2538 5341 ὑποσχέσεσι
2570 5263 2660 5318 τὸν
2713 5260 2874 5338 λόγον
2905 5259 3267 5338 ποικίλαντος,
3301 5257 3578 5336 Γλυκέριος
3606 5257 3633 5310 ὃ
3657 5257 3807 5352 σοφὸς,

489 5363 562 5424 lis
584 5339 817 5425 dulcem
843 5361 1098 5423 habebat
1125 5359 1383 5437 linguam
1411 5339 1648 5438 sapiens
1670 5339 1999 5436 Glycerius,
2033 5357 2124 5436 qui

2217 5357 2243 5409 δ
2272 5339 2415 5416 θεῖος
2445 5350 2610 5415 ὅντως
2647 5351 2808 5417 θύτης
2862 5351 2949 5406 καί
2978 5351 3164 5428 ἱερεὺς,
3204 5351 3293 5404 καί
3339 5349 3460 5406 τοὺς
3519 5345 3694 5421 λόγους
3741 5339 3810 5393 αὖ·

489 5461 613 5513 erat
642 5469 847 5512 revera
890 5451 1125 5511 divinus
1156 5434 1553 5507 sacriﬁcus'et
1582 5434 1885 5517 sacerdos,
1943 5455 2000 5504 et
2029 5434 2124 5506 sua

2215 5443 2336 5507 τοὺς
2399 5443 2684 5497 καταθῦσαι
2763 5438 3000 5496 σπεύδων
3057 5444 3134 5512 τῷ
3189 5434 3278 5494 ὑπ’
3339 5436 3500 5493 αυτοῦ
3546 5437 3806 5510 ἱερουργου·

488 5540 667 5601 verba
691 5540 966 5601 studebat
997 5537 1334 5600 sacriﬁcare
1365 5535 1734 5609 Christo,cui
1763 5532 2124 5595 sacriﬁcabat

2217 5534 2362 5608 μένῳ
2418 5537 2628 5610 Χριστῷ
2686 5529 2938 5607 ἐπίτομον
2991 5530 3127 5586 πάνυ
3167 5530 3257 5585 καί
3313 5528 3514 5608 καιρίαν
3571 5522 3679 5586 δοὺς
3727 5519 3806 5582 τὴν

570 5662 665 5742 (5)
697 5659 782 5720 De
809 5660 921 5721 hac
952 5657 1360 5740 persecutione
1383 5657 1708 5720 instaurata
1737 5655 1983 5718 consule
2014 5655 2239 5720 Baron.
2280 5672 2378 5718 an.
2415 5648 2553 5716 30l.
