4020 6132
199 290 221 356 1
233 289 349 356 057

197 423 488 501 ἀπολογίαν
567 425 664 492 τήν
732 445 790 478 τε

195 518 288 571 καὶ
363 513 458 575 τὰς
517 511 706 589 φρένας
765 510 1008 581 διέσεισε,
1070 511 1158 566 καὶ
1235 511 1326 565 σῦν
1397 511 1530 586 ὀργῇ
1582 509 1846 584 θαύματος

193 601 478 680 ἐπλήρωσε
508 601 607 668 τὴν
651 600 858 678 ψυχήν.
889 599 1035 678 ’Ἔφη
1093 603 1215 677 γάρ·
1279 599 1407 655 Οὔτε
1446 603 1552 653 τῶν
1609 597 1843 674 ἐπαγγε-

196 692 330 750 λιῶν
381 713 473 747 σου
529 691 617 746 καὶ
673 687 880 766 δωρεῶν
940 687 1210 764 ἐφιέμεθα,
1271 687 1510 765 βασιλεῦ,
1564 686 1680 744 οὔτε
1741 690 1845 744 τῶν

197 779 437 838 ἀπειλῶν
494 778 631 842 ὅλως
699 779 1139 854 ἐπιστρεγόμεθα,
1199 780 1304 839 Τὰς
1363 777 1458 850 μὲν
1516 777 1616 855 γὰρ
1673 777 1843 841 πόσας

197 869 264 926 ἂν
295 873 380 926 καὶ
413 869 566 932 ποίας
617 866 810 944 ὀρέξεις
842 869 914 929 ὡς
959 865 1242 934 δυτηθῆναι
1271 866 1446 931 θέλξαι
1495 867 1679 945 ψυχὴν
1737 866 1843 922 τῶν

197 960 326 1022 ἴσας
370 960 458 1014 καὶ
488 958 704 1035 ὀνείροις
753 969 872 1020 τοῖς
907 967 999 1016 τοῦ
1052 959 1256 1032 κόσμου
1286 962 1414 1012 πᾶσι
1472 956 1846 1034 προσεχόντων

199 1060 478 1128 τερπνοῖς,
520 1049 682 1104 κακὸν
712 1044 767 1102 δὲ
823 1047 873 1102 τί
903 1046 964 1101 ἃν
996 1049 1082 1102 καὶ
1131 1044 1451 1114 ἂπειλήσαις
1480 1058 1596 1110 τοῖς
1653 1046 1846 1120 ζημίαν

201 1137 410 1214 μᾶλλον
468 1136 832 1214 λογιζομένοις
879 1137 939 1192 τὸ
971 1138 1048 1210 μὴ
1090 1137 1156 1191 τὰ
1187 1133 1551 1214 χαλεπώτατα
1601 1135 1847 1199 ὑποστῆ-

198 1245 286 1283 ναι
319 1225 403 1282 διὰ
459 1225 682 1303 Χριστόν
716 1245 733 1306 ς
765 1223 869 1281 "Av
899 1223 954 1280 δὲ
1004 1225 1179 1302 λέγεις
1231 1226 1320 1281 καὶ
1352 1222 1434 1303 ἐφ’
1495 1227 1580 1288 οἷς
1611 1220 1710 1302 ἄρα
1764 1217 1850 1278 καὶ

198 1317 468 1397 ἐγκαυχᾷ,
515 1329 632 1378 τοϊς
677 1316 812 1374 κατὰ
849 1320 952 1371 τῶν
998 1318 1158 1371 ἐθνῶν
1206 1313 1376 1382 δήπου
1424 1315 1687 1391 τροπαίοις
1717 1321 1850 1370 ταῦ-

199 1428 270 1462 τα
314 1405 518 1481 μᾶλλον
560 1406 692 1482 πρὸς
721 1405 876 1478 ἡμῶν
932 1402 1168 1483 ἔσονται,
1197 1404 1286 1460 καὶ
1333 1414 1452 1466 τοῖς
1503 1402 1658 1478 ἐμοῖς
1712 1424 1851 1476 συμ-

203 1493 514 1575 φθέγξοιται
545 1492 751 1570 λόγοις.
785 1491 952 1550 θὈταν
984 1492 1082 1571 γὰρ
1101 1496 1160 1550 οῦ
1191 1495 1218 1548 6
1251 1491 1527 1555 πλείστους
1560 1493 1853 1558 νενικηκὼς

1311 285 1506 352 VITA
1552 285 1654 349 SS.
1727 283 1937 348 INDE
1981 279 2081 346 ET
2137 278 2451 346 DOMN/E.

875 421 1122 498 γλῶσσαν
1183 419 1408 487 ἐπέδησε
1497 417 1866 493 Μαξιμιανῷ,.

1950 435 2161 480 ιτθνεπι
2185 426 2244 478 et
2264 421 2661 494 opportunam
2687 414 2834 474 dans
2855 419 3330 494 responsionem;
3359 427 3419 480 et
3448 423 3569 485 lin-

3421 281 3572 347 1058

1929 525 2103 584 guam
2154 505 2338 566 vinxit
2366 503 2741 583 Maximiano,
2777 511 2834 564 et
2887 520 2996 566 cor
3026 503 3154 583 ejus
3203 510 3572 575 conturbavit

1930 603 1986 655 et
2016 593 2316 671 labefecit,
2344 603 2399 652 et
2428 592 2606 680 simul
2639 610 2772 653 cum
2807 593 2894 652 ira
2923 591 3053 670 ejus
3082 593 3350 657 animum
3378 602 3575 680 reple-

1929 683 2006 743 vit
2035 683 2451 744 admiratione.
2484 679 2642 742 Dixit
2670 682 2867 743 enim:
2906 683 3118 758 Neque
3153 691 3254 745 tua
3283 679 3574 765 promissa

1929 779 1990 834 et
2040 771 2195 832 dona
2251 771 2684 845 desideramus,
2724 789 2756 830 ο
2807 770 3153 852 imperator,
3203 793 3397 856 neque
3447 789 3578 844 tuas

1929 861 2118 921 minas
2143 861 2389 922 omnino
2421 877 2722 950 curamus.
2758 860 2864 921 Illa
2889 861 3047 922 enim
3073 868 3369 942 quomodo
3390 888 3577 950 appe-

1930 957 2216 1029 teremus,
2240 956 2344 1010 aut
2372 948 2672 1028 quomodo
2691 967 2761 1010 ea
2794 961 3059 1012 nostrum
3091 952 3412 1020 delinirent
3433 948 3574 1022 ani-

1931 1039 2290 1130 mum,_qui_,_
2313 1056 2687 1130 quaecunque
2714 1049 2852 1130 sunt
2885 1041 3112 1130 mundi,
3152 1043 3438 1110 habemus
3470 1069 3575 1130 pro

1933 1128 2211 1218 somniis?
2241 1127 2453 1218 Malum
2467 1134 2680 1218 autem
2709 1127 2853 1206 quid
2879 1129 2954 1190 iis
2978 1131 3294 1216 miniteris,
3318 1139 3416 1218 qui
3447 1127 3580 1218 poe-

1935 1235 2068 1279 nam
2094 1217 2286 1297 potius
2309 1215 2671 1295 existimant,
2695 1236 2812 1278 non
2835 1218 2927 1278 vel
2949 1215 3292 1297 gravissima
3313 1215 3577 1290 sustine-

1933 1324 2000 1368 re
2031 1314 2271 1396 propter
2299 1306 2601 1396 Christum
2635 1311 2662 1367 ?
2692 1305 2832 1396 Qua}
2862 1324 3004 1370 vero
3037 1309 3208 1387 dicis,
3245 1323 3304 1375 et
3334 1316 3409 1378 de
3440 1320 3579 1396 qui-

1936 1395 2047 1485 bus
2085 1394 2357 1485 gloriaris
2387 1394 2462 1456 de
2522 1397 2780 1485 tropaeis,
2816 1395 3079 1479 inquam,
3110 1401 3394 1466 adversus
3435 1394 3584 1485 gen-

1936 1484 2024 1548 ies
2055 1484 2297 1557 erectis,
2325 1501 2393 1544 ea
2419 1486 2604 1559 magis
2634 1484 2874 1546 stabunt
2901 1504 2933 1548 a
2961 1487 3134 1550 nobis
3184 1499 3243 1553 et
3273 1495 3421 1556 meis
3442 1484 3584 1558 iver-

205 1573 334 1640 ἰῖσον
398 1587 544 1641 οὔπω
587 1585 847 1658 γυναικῶν
907 1584 992 1639 καὶ
1049 1580 1249 1638 παίδων
1295 1583 1456 1660 ὀφθῇς
1527 1580 1854 1659 ἡττημένος,

1950 1575 2032 1636 bis
2061 1573 2562 1653 suﬂ‘ragabuntur.
2599 1574 2849 1646 Quando
2873 1575 3033 1638 enim
3056 1580 3155 1658 qui
3187 1582 3378 1645 vicisti
3402 1586 3587 1666 pluri-

205 1678 317 1730 τῶν
373 1674 438 1728 τὰ
499 1672 845 1750 Χριστιανῶν,
909 1675 1082 1751 φημὶ,
1156 1669 1480 1750 σεϐομένων,
1555 1673 1669 1734 πῶς
1735 1669 1859 1750 οῦχὶ

1950 1683 2072 1756 mos
2107 1682 2244 1756 moi:
2291 1675 2650 1756 conspectus
2680 1683 2745 1756 es
2779 1666 2962 1756 victus
3009 1687 3043 1729 a
3073 1670 3312 1733 feminis
3341 1684 3399 1736 et
3432 1696 3582 1756 pue-

207 1761 397 1836 πολλῷ
467 1760 631 1818 πλέον
694 1763 728 1828 ἡ
787 1767 882 1817 τοῦ
957 1759 1088 1834 ἐμοῦ
1146 1768 1370 1837 Χριστοῦ
1421 1759 1637 1837 δύναμις
1706 1759 1856 1816 ἔσται

1950 1755 2048 1827 ris,
2083 1754 2158 1816 ob
2181 1753 2278 1828 iis,
2314 1754 2580 1851 inquam,
2617 1754 2716 1834 qui
2740 1755 2940 1816 colunt
2963 1757 3312 1837 religionem
3331 1753 3574 1827 Christi-

206 1851 568 1930 καταφανήςς
626 1851 721 1907 Καὶ
752 1852 882 1924 πρὸς
937 1849 1140 1912 τούτοις
1190 1850 1268 1911 τίς
1327 1848 1491 1913 οὕτως
1551 1847 1852 1925 ἐμϐρόντη-

1950 1862 2138 1919 unam,
2175 1843 2675 1924 quemadmodum
2706 1863 2825 1904 non
2863 1846 2976 1907 erit
3009 1848 3127 1908 mei
3159 1851 3377 1913 Christi
3407 1854 3591 1917 virtus

205 1963 297 2005 τος
345 1941 430 1997 καὶ
461 1938 686 2019 ἠλίθιος,
719 1941 790 2002 ὡς
849 1941 992 2002 εὐθὺς
1024 1938 1330 1996 ἐκλαθέσθαι
1361 1945 1466 1994 τῶν
1505 1942 1580 2011 τῷ
1609 1941 1712 2016 πρὸ
1755 1962 1851 2013 μι-

1950 1934 2126 1994 multo
2149 1931 2546 1995 manifestior?
2573 1932 2644 1994 Et
2669 1943 2964 2012 praeterea
2987 1937 3121 2015 quis
3151 1949 3239 2000 est
3260 1943 3407 2004 adeo
3435 1937 3590 2007 atto-

207 2037 336 2109 κροῦ
380 2030 610 2106 βροντῶν
680 2050 737 2084 τε
800 2029 882 2084 καὶ
955 2035 1240 2106 κεραυνῶν,
1300 2031 1389 2084 καὶ
1456 2034 1552 2094 τῆς
1628 2029 1850 2105 φρικτῆς

1950 2023 2095 2083 uitus
2142 2031 2201 2081 et
2232 2022 2467 2096 stultus,
2509 2030 2568 2083 ut
2600 2023 2676 2083 sit
2706 2024 2920 2085 oblitus
2946 2027 3268 2090 tonitruum
3303 2039 3360 2092 et
3386 2033 3591 2096 fulmi-

209 2120 418 2186 ἐκείνης
473 2120 786 2192 θεοσημείας
836 2117 1070 2173 θανάτων
1121 2139 1178 2174 τε
1223 2123 1329 2173 τῶν
1387 2117 1572 2193 βιαίων
1625 2121 1716 2173 καὶ
1758 2125 1850 2173 τοῦ

1950 2129 2100 2183 num,
2137 2130 2269 2190 quae
2303 2113 2476 2192 paulo
2526 2121 2664 2172 ante
2693 2111 2952 2185 fuerunt,
2987 2123 3046 2176 et
3091 2117 3249 2180 illius
3280 2120 3595 2186 horrendae

212 2209 406 2284 μικροῦ
473 2205 584 2263 δεῖν
659 2214 1086 2282 καταποντισμοῦ
1166 2206 1260 2263 καῖ
1313 2212 1408 2273 τῆς
1467 2214 1574 2263 τῶν
1646 2213 1860 2282 καρπῶν

213 2296 509 2376 ἀπωλείας,
586 2297 682 2353 καὶ
753 2300 897 2358 θεοῖς
967 2304 1130 2352 ταῦτα
1201 2309 1342 2376 σοῖς,
1413 2295 1550 2352 ἀλλὰ
1636 2297 1711 2372 μὴ
1786 2303 1862 2370 τῷ

211 2387 411 2453 ἀληθεῖ
468 2384 670 2461 μαλλον
724 2385 1015 2463 ἐπιγράψαι
1062 2391 1200 2464 Θεῷ,
1252 2387 1526 2464 εὐκαίρως,
1586 2391 1630 2441 ὦ
1700 2387 1858 2462 βασι-

213 2475 334 2549 λεῦ,
365 2475 462 2542 τὴν
517 2475 687 2553 ἀργὴν
725 2473 978 2552 ἐπάγοντι
1039 2476 1174 2531 κατὰ
1216 2475 1322 2531 τῶν
1369 2475 1594 2540 ἐκείνους
1647 2475 1732 2532 καὶ
1776 2497 1862 2530 τι-

215 2567 443 2641 μώντων
486 2565 574 2621 καὶ
630 2561 980 2639 σεϐομένων;
1059 2565 1145 2632 Μὴ
1214 2571 1338 2642 γοῦν
1405 2565 1544 2620 οὕτω
1599 2563 1863 2642 θαρῥήσῃς

211 2657 308 2712 τὸν
336 2653 459 2711 καθ’
516 2656 671 2730 ἡμῶν
702 2653 963 2727 πόλεμον·
997 2651 1107 2709 ἔστι
1151 2655 1237 2710 καὶ
1266 2655 1402 2728 ἡμῖν
1452 2654 1649 2710 ἀνωθεν
1697 2653 1859 2727 ὅπλα,

1942 2199 2049 2260 Dei
2091 2199 2565 2292 signiﬁcationis,
2606 2201 2933 2292 mortisque
2990 2205 3288 2286 violentae,
3325 2220 3384 2272 et
3437 2214 3587 2292 ejus,

1941 2307 2074 2365 quae
2099 2307 2284 2368 prope
2307 2289 2873 2369 fuit,submersionis
2887 2306 2944 2352 et
2963 2293 3263 2358 fructuum
3288 2289 3586 2364 interitus:

1942 2385 2000 2439 et
2027 2378 2188 2454 quod
2222 2378 2346 2438 haec
2379 2378 2496 2439 tuis
2528 2377 2666 2451 diis,
2700 2397 2819 2439 non
2849 2389 3046 2441 autem
3079 2402 3214 2445 vero
3247 2389 3442 2466 potius
3471 2389 3592 2452 Deo

1945 2467 2430 2547 ascripseris,qui
2457 2476 2854 2547 Opportune,o
2875 2467 2954 2528 im
2964 2475 3409 2548 perator,infert
3436 2482 3584 2540 iram

1947 2556 2231 2618 adversus
2263 2574 2388 2630 eos,
2424 2557 2524 2636 qui
2547 2555 2681 2617 illos
2712 2557 3006 2619 honorant
3036 2569 3093 2621 et
3123 2563 3354 2626 colunt?
3381 2568 3471 2630 Ne
3501 2569 3587 2630 sic

1947 2664 2088 2724 ergo
2120 2645 2342 2706 bellum
2375 2655 2582 2708 contra
2602 2663 2712 2707 nos
2728 2649 3080 2728 susceperis.
3118 2649 3265 2714 Sunt
3291 2655 3460 2718 nobis
3484 2676 3588 2718 ar-

211 2748 302 2810 οἴς
358 2743 538 2821 ὥσπερ
569 2745 614 2798 οἱ
657 2744 739 2799 σοὶ
781 2741 1054 2821 δορυφόροι
1098 2741 1242 2821 παρᾶ
1289 2749 1381 2798 σοῦ
1433 2743 1690 2822 σήμερον,
1727 2742 1865 2799 οὕτω

213 2832 285 2901 δὴ
342 2835 428 2890 καὶ
459 2833 601 2911 παρὰ
628 2838 722 2888 τοῦ
770 2829 1030 2896 ϐασιλέως
1062 2838 1166 2887 τῶν
1218 2830 1358 2887 ὅλων
1387 2834 1550 2906 ἡμεῖς
1597 2832 1863 2911 φυλαττό-

1950 2825 2259 2898 satellites,
2305 2825 2388 2886 ita
2441 2843 2548 2885 nos
2576 2843 2610 2884 a
2637 2843 2778 2904 rege
2803 2828 3102 2889 munimur
3154 2832 3587 2910 universorum,

218 2927 378 3000 μεθα,
411 2921 476 2978 δι’
539 2925 612 2979 ὧν
645 2924 734 2978 καὶ
792 2921 1172 2997 ἀντιταξόμεθοὶ
1219 2943 1302 2977 σοι
1334 2923 1419 2977 καὶ
1467 2923 1752 2996 νικήσομεν
1783 2923 1866 2978 νί-

1954 2931 2058 2993 per
2113 2932 2249 2990 quae
2278 2924 2338 2976 et
2397 2923 2604 2975 contra
2651 2923 2706 2974 te
2756 2914 2818 2974 in
2860 2916 3049 2978 aciem
3101 2920 3498 2998 prodibimus,
3535 2934 3594 2986 et

220 3034 327 3078 κην
367 3010 561 3088 κομιδῆ
610 3008 1059 3088 παραδοξοτάτην.
1122 3010 1448 3084 Βαλλόμενοι
1493 3013 1592 3088 γὰρ
1649 3011 1866 3068 ἀνελοῦ-

1951 3002 2348 3083 adipiscemur
2399 3001 2702 3063 victoriam
2735 3004 2901 3065 valde
2958 3007 3395 3072 admirabilem.
3441 3016 3589 3076 Per-

223 3122 348 3178 μεν,
410 3106 504 3158 καὶ
561 3099 845 3164 πίπτοντες
901 3102 962 3156 τὸ
1031 3101 1166 3156 κατὰ
1233 3108 1325 3157 σοῦ
1383 3101 1684 3176 στησόμεθα
1740 3104 1865 3180 τρό-

1952 3092 2106 3154 cussi
2140 3092 2324 3167 enim,
2360 3093 2774 3155 interimemus
2808 3113 2820 3157 :
2879 3103 2937 3156 et
2965 3098 3267 3178 cadentes,
3301 3111 3509 3166 contra
3540 3116 3596 3169 te

216 3213 404 3253 παιον.

1952 3189 2236 3261 tropaeum
2270 3182 2552 3260 erigmus.

306 3281 430 3356 ις’.
464 3280 696 3339 "Emme
755 3285 919 3336 ταῦτα
951 3281 978 3335 6
1029 3279 1299 3356 βασιλεὺς,
1334 3284 1430 3338 καί
1456 3288 1534 3354 τῷ
1581 3286 1734 3357 τομῷ
1761 3288 1866 3338 τῶν

2032 3269 2183 3334 XVI.
2219 3270 2357 3334 Haec
2385 3271 2570 3332 audiit
2618 3271 2966 3353 imperator,
3000 3285 3057 3338 et
3098 3280 3438 3343 secantibus
3469 3301 3596 3346 ver-

217 3372 404 3451 λόγων
447 3369 627 3448 ὥσπερ
672 3370 746 3432 εἷς
793 3368 962 3442 μέσην
1005 3367 1273 3433 διακοπεὶς
1326 3371 1426 3438 τὴν
1475 3369 1689 3446 καρδίαν
1740 3377 1866 3448 κρύ-

1953 3359 2044 3422 bis
2064 3359 2124 3422 in
2153 3361 2352 3451 medio
2383 3361 2566 3422 corde
2595 3362 3034 3441 quodammodo
3063 3369 3382 3441 sauciatus,
3412 3373 3598 3435 animi

219 3450 325 3538 ψαι
378 3467 464 3518 νῦν
493 3460 555 3515 τὸ
585 3459 748 3521 πάθος
792 3457 848 3514 ἐν
877 3456 1159 3536 ἀπορρήτῳ
1205 3464 1304 3526 τῆς
1339 3461 1523 3540 ψυχῆς
1580 3459 1866 3527 διανοηθεὶς

1957 3457 2182 3540 motum
2239 3450 2296 3540 in
2330 3451 2647 3540 praesentia
2693 3452 2890 3514 celare
2918 3453 3144 3517 habens
3196 3459 3254 3518 in
3285 3461 3509 3536 animo,
3542 3473 3602 3524 et

223 3549 376 3609 οῦδὲν
428 3547 588 3605 πλέον
642 3549 805 3604 εἰπὼν
876 3547 911 3615 ἢ
970 3545 1160 3624 δράσας
1217 3555 1309 3606 τοῦ
1367 3539 1493 3606 ναοῦ
1550 3549 1762 3620 ἕζε·σιν.
1815 3541 1866 3607 Ὀ

1954 3539 2104 3600 nihil
2117 3539 2380 3628 amplius
2397 3539 2606 3601 dicens
2634 3549 2731 3602 aut
2758 3542 3005 3618 faciens,
3041 3564 3075 3606 e
3109 3548 3330 3627 templo
3357 3551 3598 3628 egredi-

229 3639 416 3711 μέντοι
493 3635 712 3704 εὐσεϐὴς
774 3639 982 3701 ἐκεῖνος
1033 3636 1163 3701 λαὸς
1236 3644 1311 3711 τῷ
1367 3639 1466 3713 μὲν
1525 3645 1640 3711 Θεῷ
1697 3636 1866 3711 δόξαν,

1957 3639 2079 3718 tur,
2111 3626 2249 3689 Pius
2269 3638 2464 3718 autem
2483 3629 2584 3691 ille
2607 3632 2881 3710 populus,
2909 3633 3028 3694 Deo
3057 3626 3296 3713 quidem
3323 3626 3596 3718 gloriam,

227 3728 494 3808 Γλυκερίῳ
548 3724 603 3782 δὲ
658 3733 735 3799 τῷ
789 3732 936 3808 σοφῷ
1001 3726 1245 3791 τοιαύτας
1289 3724 1507 3791 ἕκαστος
1565 3727 1866 3806 προσιόντες

1957 3716 2208 3808 sapienti
2243 3735 2380 3808 vero
2412 3715 2712 3808 Glycerio,
2733 3736 2837 3798 pro
2867 3737 2931 3781 se
2963 3721 3216 3801 quisque
3250 3725 3397 3787 tales
3427 3715 3602 3791 voces

224 3805 464 3876 ἐδίδοσαν
523 3818 616 3879 τὰς
670 3816 846 3896 φωνὰς
901 3807 991 3880 Ὠς
1025 3814 1222 3893 γλυκέα
1277 3821 1356 3888 τῷ
1411 3805 1637 3894 λάγυγγί
1669 3837 1770 3891 μου
1811 3817 1866 3871 τὸ

1957 3805 2192 3867 edidit:
2243 3805 2426 3878 Quam
2479 3806 2676 3896 dulcia
2731 3809 2952 3886 gutturi
3006 3828 3137 3873 meo
3197 3813 3431 3895 eloquia
3480 3825 3596 3895 tua,

1950 2754 2044 2796 ma
2092 2753 2328 2815 quoque
2359 2735 2637 2814 desuper,
2668 2734 2887 2815 quibus
2934 2743 3088 2799 sicut
3119 2740 3293 2803 hodie
3346 2747 3427 2805 tui
3461 2765 3493 2807 a
3534 2756 3588 2809 te

225 3908 390 3987 λόγιά
446 3929 562 3981 σου,
595 3906 725 3982 ὑπὲρ
784 3903 905 3980 μέλι
935 3911 1012 3980 τῷ
1070 3904 1294 3980 στόματί
1352 3907 1503 3980 μουὲ
1568 3903 1878 3981 Μαξιμιανῷ

225 3997 288 4055 δὲ
335 3998 430 4054 οῦκ
486 3994 706 4071 ἔμελλεν
755 3996 782 4050 6
832 3995 991 4068 θυμὸς
1060 3992 1146 4052 ἐπὶ
1209 3993 1346 4052 πολὺ
1404 3996 1654 4057 καθεκτὸς
1712 3997 1875 4067 εἶναι,

229 4085 375 4144 ἀλλᾶ
422 4083 626 4165 σφάζων
669 4083 723 4140 ἐν
777 4085 918 4157 αῦτῷ
951 4084 1114 4140 πείθει
1174 4085 1328 4162 χερσὶ
1372 4097 1785 4161 στρατιωτικαῖς
1813 4090 1881 4160 τῇ

228 4174 493 4247 ἐκκλησίᾳ
547 4174 832 4252 προσιόντα
887 4170 1168 4250 Γλυκέριον
1234 4170 1653 4253 συλληγφθῇναι,
1715 4173 1881 4253 ἀνάρ-

227 4265 436 4324 παστόν
479 4284 538 4319 τε
591 4263 724 4342 πρὸς
756 4260 912 4317 αῦτόν
966 4261 1222 4341 ἀχθῆναι³
1285 4263 1343 4318 ὃν
1399 4260 1464 4329 δὴ
1494 4264 1582 4320 καὶ
1634 4270 1711 4336 τῷ
1740 4266 1880 4320 ἐκεί-

231 4376 328 4412 νου
383 4354 584 4430 βήματι
639 4350 1002 4428 παραστάντα,
1054 4348 1220 4426 μηδὲν
1270 4349 1542 4429 ἐρωτήσας
1602 4352 1884 4410 τύπτεσθαι

1960 3912 2144 3984 supra
2175 3896 2289 3958 mel
2323 3896 2411 3957 ori
2443 3913 2577 3957 meo
2605 3895 2673 3957 5!
2711 3921 2733 3954 ι)
2768 3899 2899 3959 Νοη
2932 3898 3190 3962 futurum
3221 3913 3416 3966 autem
3453 3918 3600 3984 erat,

1962 3993 2026 4047 ut
2044 3982 2436 4047 Maximianus
2458 3988 2602 4075 iram
2627 3986 2728 4047 diu
2758 3987 3087 4071 cohiberet,
3111 3991 3216 4053 sed
3241 3994 3398 4075 apud
3425 4014 3488 4058 se
3510 3982 3604 4060 fu;-

1963 4093 2100 4136 rore
2131 4075 2414 4156 percitus,
2443 4073 2617 4155 jubet
2653 4077 2987 4156 Glycerium
3021 4089 3259 4143 euntem
3281 4073 3377 4145 iad
3408 4087 3606 4150 eccle-

1964 4164 2112 4256 siam
2164 4165 2591 4256 comprehendi
2623 4183 2803 4227 manu
2857 4168 3116 4244 militari,
3152 4181 3209 4232 et
3236 4185 3600 4256 correptum,

1965 4253 2036 4315 ad
2061 4272 2126 4315 se
2156 4253 2661 4326 adduci.Quicum
2686 4256 2758 4316 ad
2791 4256 2862 4317 ad
2883 4256 3040 4318 illius
3063 4259 3320 4323 tribunal
3359 4253 3489 4326 esse
3503 4253 3604 4327 ad;

1967 4342 2199 4419 ductus,
2236 4343 2386 4405 nihil
2413 4344 2842 4425 interrogatum
2868 4347 3048 4425 jussit
3077 4349 3380 4413 verberari
3424 4353 3604 4418 boum

232 4443 532 4524 βουνεύροις
605 4439 843 4498 ἐκέλευεν
898 4438 1038 4496 οὕτω
1109 4437 1369 4520 σφοδρῶς,
1430 4439 1529 4505 ἕως
1600 4444 1722 4505 τοὺς
1785 4442 1866 4517 μέπ

1969 4438 2160 4493 nervis
2190 4444 2301 4492 tam
2330 4437 2712 4507 vehementer,
2735 4438 2916 4495 donec
2945 4440 3502 4515 verberantes,jussit
3521 4449 3605 4504 di-

232 4535 530 4596 τύπτοντας
600 4532 634 4598 ἡ
685 4530 866 4610 ἰσχὺς,
913 4529 1117 4586 ἐκεῖνον
1161 4527 1216 4584 δὲ
1274 4535 1654 4604 μαστιζόμενον
1713 4530 1884 4597 ἐξέλι-

233 4645 336 4682 πεν
395 4625 427 4690 ἦ
462 4621 655 4700 φωνή*
690 4623 776 4676 καὶ
826 4618 1008 4693 κύρυκι
1059 4616 1114 4673 δὲ
1161 4625 1378 4675 τοιαῦτα
1427 4618 1696 4698 ἐπιλέγειν
1745 4620 1888 4696 αῦτῴ

233 4711 576 4788 τυπτομένῳ,
609 4707 796 4766 Φείδου
846 4708 911 4764 τὰ
954 4705 1128 4764 πολλὰ
1175 4706 1444 4785 γλώττης,
1478 4707 1746 4785 Γλυκέριε.
1799 4711 1887 4779 Μὴ

235 4801 475 4879 ἀλαζὼν,
534 4799 613 4875 μὴ
669 4797 1018 4872 στασιαστὴς,
1080 4796 1158 4868 μὴ
1224 4795 1471 4864 αὐθάδης.
1537 4798 1675 4873 Τίμα
1750 4790 1885 4857 Ῥω-

237 4891 414 4969 μαίων
465 4889 586 4964 ἔθη,
615 4886 764 4944 αἰδοῦ
808 4885 1075 4963 βασιλεῖς.
1134 4883 1284 4943 Οὕτω
1325 4885 1423 4962 μὲν
1464 4886 1717 4943 ἐπέταττε
1767 4895 1888 4945 Μα-

239 4980 504 5056 ξιμιανός·
564 4976 686 5035 ἀλλ’
744 4976 864 5033 οὕτε
919 4975 1212 5052 βασανίζων
1270 4974 1501 5052 ἔπεισεν,
1546 4975 1663 5032 οὔτε
1726 4984 1890 5034 ταῦτα

236 5067 452 5143 ἐπᾴδων
510 5064 981 5139 κατεδυσώπησεν,
1053 5062 1192 5121 ἀλλὰ
1267 5067 1517 5144 κρείττων
1576 5067 1604 5121 6
1691 5066 1888 5143 μάρτυς

235 5160 333 5220 καὶ
391 5164 494 5218 τῶν
525 5156 730 5233 δημίων
786 5157 1013 5236 χειρῶν,
1044 5155 1132 5211 καὶ
1178 5161 1285 5212 τῶν
1311 5152 1654 5230 ἐπᾳδομένων
1703 5160 1889 5236 φωνῶν

235 5253 336 5308 τὸν
394 5249 582 5306 ἑαυτοῦ
639 5245 861 5323 βασιλέα
918 5244 1114 5318 ἐζήτει,
1161 5245 1250 5300 καὶ
1289 5244 1390 5311 τὴν
1447 5244 1648 5302 ἐκεῖθεν
1701 5243 1889 5310 ἐξεκα-

236 5341 395 5399 λεῖτο
436 5337 692 5415 βοώθειαν
747 5337 892 5400 ὅπως
949 5334 1078 5414 εἶχε
1122 5334 1208 5391 καὶ
1239 5337 1419 5412 φωνῆς
1464 5333 1550 5390 κόίὶ
1594 5331 1883 5416 δυνάμεως,

1967 4521 2152 4601 vires,
2177 4521 2343 4582 illum
2384 4531 2608 4602 autem,
2635 4522 2738 4600 qui
2769 4522 3127 4603 caedebatur,
3156 4545 3266 4589 vox
3297 4529 3603 4595 deficeret.

1969 4609 2230 4672 Praeconi
2275 4629 2510 4690 quoque
2542 4613 2619 4685 ei,
2654 4611 2796 4673 dum
2845 4613 3285 4694 verberabatur,
3312 4619 3494 4698 jussit
3521 4622 3612 4684 di-

1970 4720 2109 4764 cere
2138 4723 2151 4761 :
2186 4700 2409 4780 Lingua
2440 4703 2672 4781 parcius
2704 4710 2899 4785 utere,
2929 4727 2960 4766 ο
2993 4707 3246 4788 Glyceri.
3281 4712 3372 4774 Ne
3399 4718 3480 4772 sis
3509 4731 3609 4774 ar-

1969 4809 2208 4870 rogans,
2245 4808 2355 4852 nec
2405 4791 2746 4872 seditiosus,
2781 4811 2892 4854 nec
2941 4797 3228 4860 insolens.
3262 4797 3328 4858 In
3387 4801 3614 4863 honore

1972 4880 2124 4942 habe
2156 4898 2354 4941 mores
2381 4879 2782 4942 Romanorum
2813 4901 2831 4957 ;
2889 4901 3168 4946 reverere
3195 4886 3612 4967 imperatores.

1972 4969 2070 5032 Sic
2121 4968 2362 5049 quidem
2411 4969 2722 5049 imperavit
2773 4971 3212 5035 Maximianus:
3267 4976 3373 5037 sed
3417 4996 3613 5059 neque

1973 5066 2256 5139 torquens
2331 5060 2644 5138 persuasit,
2706 5076 2901 5139 neque
2969 5061 3097 5123 haec
3157 5070 3403 5126 cantans
3471 5084 3608 5128 eum

1971 5147 2166 5211 aﬂ‘ecit
2207 5147 2454 5227 pudore,
2487 5149 2597 5210 sed
2625 5167 2762 5210 cum
2795 5157 2953 5210 esset
3004 5161 3222 5232 martyr
3251 5153 3529 5234 superior
3559 5167 3616 5219 et

1971 5235 2248 5301 manibus
2278 5235 2579 5314 lictorum,
2604 5247 2660 5298 et
2692 5237 2935 5301 vocibus
2967 5260 3100 5321 quae
3133 5242 3188 5303 ei
3218 5241 3612 5308 incantaban-

1974 5346 2091 5406 tur,
2127 5325 2428 5411 quaerebat
2448 5346 2617 5388 suum
2640 5325 2886 5407 Regem,
2913 5338 2971 5391 et
2993 5339 3112 5393 tota
3142 5350 3288 5394 voce
3308 5340 3366 5395 et
3394 5333 3616 5398 viribus

241 5430 404 5510 Κύριε
461 5427 642 5495 Ἰησοῦ
699 5423 914 5504 Χριστὲ,
943 5422 1139 5503 λέγων,
1173 5422 1352 5503 ὥσπερ
1410 5421 1473 5494 δή
1533 5445 1600 5500 με
1629 5424 1757 5503 ὑπὲρ
1804 5447 1866 5482 σο

1981 5419 2140 5510 illius
2169 5417 2492 5510 invocabat
2520 5418 2801 5480 auxilium
2840 5440 2854 5497 ;
2891 5421 3142 5484 Domine
3168 5421 3312 5486 Jesu
3360 5421 3614 5504 Christe,

236 5506 420 5598 λέήειν
475 5514 728 5595 ἕρῤὠσας,
762 5511 900 5570 οὕτω
953 5511 1018 5582 δὴ
1075 5513 1162 5572 καὶ
1219 5512 1347 5592 ὅπερ
1407 5512 1501 5570 σοῦ
1529 5513 1762 5594 πάσχειν
1803 5513 1866 5573 ἐνί

1979 5508 2210 5596 dicens,
2236 5506 2536 5593 quomodo
2567 5525 2687 5591 me,
2712 5514 2776 5571 ut
2803 5526 2908 5593 pro
2940 5517 2997 5573 te
3025 5510 3312 5594 dicerem,
3329 5515 3617 5578 corrobo-

327 5664 361 5720 5
389 5659 613 5727 Psalm.
641 5672 835 5739 CXLIII,
869 5655 1011 5720 103.
