4066 6146
484 233 635 303 1059
1687 229 2072 295 ADDENDA.
2129 265 2183 277 —
2216 233 2648 296 DECEMBER.
3703 239 3829 306 1060

479 374 646 447 rasti,
683 375 763 434 ita
814 373 1017 446 etiam,
1053 391 1086 432 o
1117 368 1298 450 bone,
1333 369 1407 430 da
1451 367 1598 430 mihi
1630 367 1810 447 vires,
1845 374 1908 427 ut
1941 383 2047 446 pro
2079 373 2125 428 te

2220 367 2464 446 ίσχυσον,
2499 365 2686 442 ἀγαθὲ,
2720 365 2812 421 ἵνα
2849 371 2917 443 τῇ
2974 369 3252 446 προσθήκῃ
3302 368 3407 424 τῶν
3458 367 3701 447 ἀλγεινῶν
3727 376 3825 447 pai-

479 465 689 545 patiar,
725 473 788 523 ut
836 462 1180 524 accessione
1213 478 1419 520 eorum
1468 475 1599 538 quae
1629 465 1768 518 sunt
1817 456 2024 532 tristia,
2060 459 2125 517 sil

2217 463 2322 527 ζων
2371 475 2460 529 μοι
2493 457 2580 511 καὶ
2609 457 2644 523 ἡ
2676 461 2779 514 τῶν
2809 453 3072 534 βραϐείων
3119 453 3376 519 ἀντίδοσις
3411 458 3645 536 γένηται.
3692 471 3826 520 Τοῦτο

481 559 620 615 mihi
656 559 1019 629 praemiorum
1055 555 1236 625 major
1266 556 1671 611 remuneratio.
1715 552 1835 607 Hoc
1861 560 2131 621 tanquam

478 646 632 714 ignis
656 647 774 714 igni
800 641 1429 707 additum,Maximiano
1453 637 1725 708 majorem
1752 639 1893 694 iram
1927 649 2136 693 arcen-

480 727 590 807 dit;
630 727 760 807 ipse
788 733 982 785 autem
1019 741 1143 803 eos,
1177 722 1276 802 qui
1311 721 1745 802 percutiebant,
1777 737 2042 800 eousque
2071 726 2136 780 ut

483 819 866 880 verberarem
889 816 1172 888 incitavit,
1201 817 1395 876 donec
1418 832 1634 894 corpus
1660 813 1932 894 martyris
1968 810 2135 873 humi

474 907 724 988 jaceret,
761 907 906 967 nihil
935 906 1216 967 differens
1235 903 1308 965 ab
1333 904 1647 966 inanimis:
1681 903 1969 982 sanguine
1995 900 2096 980 qui
2115 936 2132 948 -

483 1001 618 1058 dem
647 998 770 1076 jam
805 996 1130 1068 exinanito,
1161 994 1316 1074 pelle
1339 1011 1480 1055 vero
1505 1001 1677 1056 vento
1703 993 2043 1071 tumefacta,
2079 998 2134 1051 et

475 1085 606 1166 ipsa
634 1103 815 1147 carne
845 1085 1008 1164 prius
1040 1093 1394 1162 consumpta
1428 1091 1485 1143 et
1527 1081 1700 1142 nudis
1725 1083 1869 1142 solis
1900 1080 2136 1142 ossibus

477 1174 920 1256 apparentibus.
975 1173 1138 1244 Quod
1201 1173 1440 1252 quidem
1495 1173 1676 1232 movit
1724 1170 2136 1231 misericordia

483 1283 601 1324 non
634 1264 823 1325 solum
859 1263 988 1341 pios
1021 1271 1078 1323 et
1111 1261 1401 1324 humanos
1431 1259 1763 1335 animo,sed
1793 1260 1970 1320 etiam
2003 1257 2135 1318 ani-

479 1373 608 1415 mos
655 1353 1012 1415 inﬁdelium.
1045 1353 1118 1413 At
1171 1371 1288 1412 non
1321 1351 1767 1428 Maximianum,
1799 1350 1971 1427 cujus
2012 1348 2134 1408 ani-

479 1463 613 1504 mus
640 1453 767 1504 erat
799 1442 994 1520 lapide
1024 1441 1254 1502 durior.

557 1532 742 1596 XVII.
778 1530 893 1593 Sed
927 1540 1235 1611 postquam
1269 1530 1356 1590 sic
1377 1529 1650 1590 aifectum
1685 1527 2048 1609 Glycerium,
2074 1530 2125 1586 et

2299 1523 2407 1586 IZ'.
2470 1523 2618 1581 Ἀλλ’
2651 1524 2763 1582 ἐπεὶ
2807 1525 3086 1603 Γλυκέριον
3116 1526 3254 1604 ἑώρα
3308 1530 3393 1585 καὶ
3438 1528 3604 1591 οὕτως
3636 1529 3825 1608 ἔχοντα,

475 1642 510 1684 a
541 1630 776 1682 mortuo
807 1621 1044 1700 quidem
1079 1619 1228 1680 nihil
1266 1637 1452 1698 prepe
1507 1617 1907 1693 diiferentem,
1943 1617 2125 1680 solam

2213 1614 2301 1671 καὶ
2355 1621 2536 1692 νεκροῦ
2593 1615 2691 1688 μὲν
2745 1613 2890 1670 οὐδὲν
2939 1615 3130 1692 μικροῦ
3173 1614 3506 1696 διαφέροντα,
3539 1624 3634 1694 τῇν
3675 1619 3829 1695 γλῶτ-

474 1720 670 1774 autem
727 1710 984 1789 linguam
1021 1719 1355 1770 moventem
1416 1708 1754 1769 vehementi
1801 1705 2036 1788 spiritu,
2071 1716 2125 1771 et

2211 1725 2306 1759 ταν
2381 1701 2436 1758 δὲ
2495 1711 2740 1760 κινοῦντα
2791 1705 2962 1778 μόνην
3015 1701 3069 1760 ἓν
3141 1707 3338 1783 θερμῷ·
3422 1707 3676 1782 πνεύματι
3737 1711 3826 1780 καὶ,

474 1801 774 1862 dicentem
808 1817 821 1862 :
885 1798 1027 1860 Sum
1061 1798 1457 1872 Christianus,
1494 1815 1700 1858 servus
1749 1795 1991 1876 Christi,
2029 1797 2125 1878 qui

2213 1795 2526 1871 Χριστιανός
2582 1794 2713 1868 εἰμι,
2747 1791 2995 1872 λέγοντα,
3029 1801 3258 1872 Χριστοῦ
3307 1793 3492 1857 δοῦλος
3552 1806 3638 1856 τοῦ
3695 1798 3830 1871 μόνον

473 1889 635 1950 solus
688 1898 779 1950 est
808 1905 985 1948 verus
1031 1886 1240 1966 Deus;
1300 1905 1451 1947 unus
1481 1895 1572 1947 est
1633 1885 1781 1946 mihi
1812 1883 2124 1966 Dominus,

2213 1881 2371 1940 Θεοῦ.
2422 1881 2520 1946 Εἷς
2569 1881 2688 1956 ἐμοὶ
2737 1883 2941 1961 κύριος,
2987 1886 3070 1946 εἷς
3135 1881 3424 1959 δεσπότης,
3461 1888 3542 1949 εἷς
3588 1884 3828 1962 βασιλεύςο

473 1997 628 2038 unus
674 1979 825 2040 Rex.
859 1975 987 2036 Non
1037 1976 1234 2037 ferens
1284 1974 1387 2034 ille
1431 1974 1713 2054 loquendi
1765 1973 2124 2047 libertatem,

464 2066 640 2147 jubet
696 2084 832 2127 eum
889 2064 1133 2143 quidem
1197 2064 1340 2125 solvi
1399 2082 1435 2126 a
1491 2063 1770 2142 vinculis,
1805 2062 2124 2124 abductum

474 2175 617 2217 veru
648 2165 810 2217 extra
849 2153 1172 2225 civitatem,
1206 2159 1342 2230 igne
1403 2161 1667 2214 creatum
1703 2160 1954 2213 mortem
2017 2170 2122 2212 su—

472 2245 653 2308 bires.
683 2248 907 2307 Ductus
930 2261 1071 2322 ergo
1095 2261 1428 2322 generosus
1456 2242 1558 2302 ille
1587 2244 1659 2303 ad
1685 2243 1876 2303 locum
1913 2241 2126 2303 consti-

472 2342 688 2409 tutum,
752 2342 810 2396 et
857 2343 1021 2394 stans
1094 2334 1166 2394 ad
1228 2333 1547 2404 orientem,
1614 2332 1822 2409 partim
1880 2331 2121 2410 quidem

467 2423 702 2485 Christo
734 2421 852 2501 egit
880 2422 1096 2500 gratias
1126 2420 1226 2502 qui
1251 2439 1386 2482 eum
1413 2440 1445 2481 a
1479 2419 1682 2481 multis
1715 2419 1996 2481 liberarat
2027 2439 2117 2499 pe-

468 2512 712 2586 riculis;
746 2513 959 2590 partim
998 2520 1192 2572 autem
1228 2529 1335 2589 pro
1387 2528 1450 2570 se
1479 2509 1868 2570 vehementer
1912 2509 2117 2582 oravit,

470 2612 528 2664 et
558 2622 663 2682 pro
693 2603 828 2682 piis,
860 2607 960 2681 qui
991 2609 1161 2661 erant
1191 2598 1437 2679 ubique.
1471 2597 1702 2660 Deinde
1735 2616 1868 2658 cum
1901 2595 2122 2659 Christi

469 2693 700 2770 signum
735 2709 839 2751 suo
862 2689 1234 2751 adhibuisset
1255 2686 1518 2769 corpori,
1557 2687 1662 2747 fuit
1692 2688 1899 2749 afﬁxus
1928 2686 2116 2767 ligno,

471 2802 636 2844 sacra
679 2784 932 2847 victima,
967 2785 1115 2840 aries
1143 2797 1350 2839 carens
1380 2784 1538 2838 omni
1571 2782 1783 2845 vitio,ei
1806 2785 1903 2852 qui
1939 2783 2118 2853 ligno,

469 2880 708 2941 propter
737 2883 844 2925 nos
876 2868 980 2924 fuit
1009 2867 1234 2924 afﬁxus.
1269 2867 1406 2938 Igne
1428 2875 1611 2924 autem
1633 2867 1835 2924 subtus
1857 2879 2118 2931 accenso,

466 2957 601 3012 Jcsu
627 2955 731 3012 iuit
758 2954 1010 3010 oblatum
1037 2953 1431 3010 holocaustum
1453 2962 1506 3009 et
1537 2952 1886 3009 sacriﬁcium
1917 2965 2123 3023 accep-

2210 2954 2293 3008 σία
2349 2952 2756 3035 εὐπρόσδεκτος,
2789 2955 3132 3034 καλλιέρημα
3190 2962 3334 3014 θετον
3363 2967 3447 3032 τῷ
3501 2959 3606 3016 ἅνω
3646 2963 3828 3038 προσῆ-

474 3039 680 3119 tabile,
703 3047 763 3101 et
793 3038 992 3099 divina
1023 3039 1218 3100 hostia
1246 3055 1520 3118 supernae
1552 3037 1938 3100 conveniens.
1971 3035 2121 3108 Quid

2210 3065 2299 3098 κον
2354 3050 2578 3122 Χριστοῦ
2630 3048 3006 3124 θυσιαστηρίῳ,
3068 3048 3129 3104 Τί
3184 3046 3248 3114 δὴ
3311 3050 3371 3104 τὸ
3431 3035 3702 3121 ἐντεῦθεν,
3746 3047 3829 3125 ἆρα

471 3136 648 3195 vero?
685 3132 903 3193 hincne
935 3130 1226 3192 intellexit
1254 3131 1644 3192 Maximianus
1675 3129 1803 3210 pios
1835 3147 1968 3190 esse
1999 3129 2118 3189 im-

2210 3135 2397 3198 συνῆκε
2456 3136 2791 3208 Μακιμιανὸς
2847 3135 2908 3191 ἐκ
2963 3138 3164 3192 τούτων
3221 3138 3280 3193 τό
3336 3139 3447 3197 τῶν
3507 3137 3716 3197 εὐσεϐῶν
3767 3138 3824 3191 ἆ-

2219 544 2452 621 καθάπερ
2521 545 2641 624 πυρὶ
2714 551 2814 622 πῦρ
2892 546 3174 610 προστεθὲν
3263 545 3578 622 Μαξιμιανῴ
3646 548 3829 608 πλείονι

2218 635 2310 690 τὸν
2356 635 2517 708 θυμὸν
2547 633 2776 708 ἀνῆψεν.
2836 633 3001 698 Αὐτὸς
3033 631 3088 690 δὲ
3119 634 3240 698 τοὺς
3271 635 3518 700 παίοντας
3559 639 3626 698 εἰς
3666 641 3828 695 τοσοῦ-

2217 738 2307 780 τον
2365 721 2568 801 ἠρέθισε
2616 724 2854 803 τύπτειν,
2890 721 2992 788 ἕως
3053 725 3112 779 τὸ
3160 730 3315 798 σῶμα
3359 725 3450 782 τοῦ
3479 726 3721 806 μάρτυρος
3760 730 3830 785 οὐ·

2219 811 2302 868 δὲν
2333 815 2438 867 τῶν
2481 811 2707 890 ἄψύχων
2743 814 2997 876 ἀπεοικὸς
3049 813 3133 869 ἐπὶ
3177 813 3274 891 γῆς
3319 813 3487 870 ἔκειτο
3516 818 3605 871 τοῦ
3632 815 3830 892 αἵματος

2219 903 2318 975 μὲν
2357 899 2452 966 ἤδη
2503 901 2842 979 κενωθέντος,
2879 901 3041 969 αὐτῆς
3090 900 3144 957 δὲ
3195 904 3385 979 σαρκὸς
3442 901 3828 980 προδαπανηθεί-

2219 1011 2343 1064 σης,
2410 992 2497 1045 καὶ
2541 996 2642 1044 τῶν
2714 990 2885 1046 ὀστῶν
2941 992 3120 1064 μόνων
3182 997 3353 1067 ψιλῶν
3407 994 3827 1072 ὑποφαινομένων.

2217 1077 2348 1155 ὅπερ
2377 1079 2563 1135 οἶκτον
2613 1076 2856 1136 ἐνέϐαλεν
2894 1081 2954 1136 06
3000 1095 3121 1143 ταῖς
3170 1079 3400 1139 εὐσεϐέσι
3450 1084 3609 1157 μόνον
3653 1089 3731 1141 καὶ
3759 1109 3830 1165 φι-

2217 1167 2546 1243 λανθρώποις
2608 1172 2840 1248 ψυχαῖς,
2873 1168 3014 1225 ἀλλὰ
3061 1169 3125 1238 δὴ
3156 1172 3242 1227 καὶ
3291 1185 3410 1238 ταῖς
3453 1178 3561 1227 τῶν
3603 1173 3829 1230 ἀπίστωνο

2218 1255 2337 1313 ἀλλ’
2397 1259 2518 1336 οὐχί
2584 1280 2618 1313 κ
2647 1260 2698 1313 αὶ
2757 1258 3070 1334 Μαξιμιανῷ
3120 1265 3197 1332 τῷ
3244 1262 3332 1316 καὶ
3392 1260 3545 1318 αὐτοῦ
3592 1261 3721 1319 λίθου
3752 1265 3832 1331 τὴν

2219 1346 2405 1426 ψυχὴν
2433 1345 2793 1425 σκληροτέρῳ,

2211 1972 2289 2044 μὴ
2317 1970 2548 2050 ἐνεγκὼν
2603 1971 2813 2036 ἐκεῖνας
2859 1977 2959 2035 τὴν
2991 1971 3281 2051 παῤῥησίαν
3336 1973 3555 2041 λυθῆναι
3604 1976 3695 2048 μὲν
3745 1976 3825 2032 αὐ-

2208 2067 2300 2116 τὸν
2345 2067 2450 2138 τῶν
2506 2059 2712 2135 δεσμῶν
2772 2060 2998 2137 κελεύει,
3033 2061 3132 2127 ἕξω
3189 2061 3243 2118 δὲ
3287 2069 3385 2140 τῇς
3447 2064 3648 2130 πόλεως
3703 2065 3825 2121 ἁπα-

2209 2149 2405 2228 χθέντα
2447 2152 2537 2206 τὸν
2566 2148 2650 2206 διὰ
2679 2152 2842 2228 πυρὸς
2894 2151 3186 2219 ὑποστῆναι
3217 2155 3466 2213 θάνατον.
3530 2151 3728 2232 Ἀχθεὶς
3754 2157 3828 2211 οὖν

2207 2241 2234 2294 ὁ
2296 2237 2541 2316 γεννάδας
2612 2239 2698 2296 ἐπὶ
2745 2242 2837 2297 τὸν
2907 2243 3174 2318 ὁρισθεντα
3223 2242 3409 2319 τόπον,
3462 2243 3556 2300 καῖ
3595 2245 3717 2320 πρὸς
3767 2243 3827 2299 ’ἑω

2207 2329 2356 2402 στὰς,
2389 2331 2544 2385 τοῦτο
2585 2329 2682 2404 μὲν
2713 2330 2875 2408 χάριν
2912 2329 3178 2408 ὡμολόγει
3207 2332 3282 2405 τῷ
3325 2330 3385 2387 ἐκ
3444 2331 3652 2389 πολλῶν
3693 2333 3826 2389 αὐτὸν

2208 2417 2443 2495 παγίδων
2493 2419 2768 2494 ῥυσαμένῳ
2824 2425 3054 2498 Χριστῷ,
3112 2428 3267 2478 τοῦτο
3316 2419 3363 2476 δὲ
3407 2423 3499 2478 καὶ
3541 2423 3716 2478 ἑαυτοῦ
3755 2427 3826 2477 καὶ

2203 2512 2311 2561 τῶν
2381 2507 2698 2586 ἁπανταχοῦ
2757 2511 2964 2587 θερμῶς
3031 2511 3357 2588 ὑπερηύξατο
3408 2510 3656 2574 εὐσεϐῶν,
3713 2513 3826 2569 Εἶτα

2204 2596 2300 2662 τὴν
2346 2596 2439 2652 τοῦ
2486 2603 2712 2675 Χριστοῦ
2767 2596 3033 2676 σφραγῖδα
3077 2600 3154 2674 τῷ
3183 2600 3368 2657 ἑαυτοῦ
3425 2598 3686 2657 ἐπιϐαλὼν
3737 2622 3826 2656 σω-

2204 2706 2331 2750 ματι
2387 2685 2712 2764 προσηλώθη
2746 2692 2822 2760 τῷ
2870 2686 3028 2764 ξύλω,
3079 2692 3218 2766 ἱερὸν
3273 2694 3446 2767 θῦμας
3503 2694 3644 2771 κριὸς
3693 2691 3826 2767 ἄμω-

2205 2797 2302 2836 πος
2341 2781 2417 2849 τῷ
2469 2775 2536 2830 δι’
2585 2774 2728 2852 ἤμᾶς
2759 2775 2897 2851 ξύλῳ
2944 2780 3369 2856 προσηλωθέντι·
3437 2786 3524 2838 καὶ
3580 2791 3667 2839 τοῦ
3691 2791 3827 2852 πυρὸς

2205 2861 2258 2918 δὲ
2321 2865 2558 2920 κάτωθεν
2613 2865 2928 2945 ἀναφθέντος·
2973 2869 3016 2923 ὼ
3073 2867 3386 2936 λοκαυτώθη
3448 2878 3525 2944 τῷ
3571 2869 3738 2937 Ἰησοῦ
3758 2871 3825 2925 θυ-

471 3224 832 3291 mutabiles?
881 3225 1124 3287 Multum
1153 3223 1367 3300 abest;
1427 3223 1531 3285 sed
1563 3242 1696 3285 cum
1742 3223 2123 3284 exsecranda:

470 3321 599 3398 ejus
616 3316 822 3378 hostia:
843 3315 1207 3376 ducerentur
1229 3313 1302 3375 ad
1325 3313 1607 3392 templum
1627 3312 1944 3374 duodecim
1969 3311 2120 3374 deo-

466 3425 626 3481 rum,
661 3405 817 3486 quod
871 3412 1002 3464 erat
1050 3403 1205 3464 intra
1259 3405 1511 3482 regiam,
1567 3402 1812 3463 aderant
1876 3401 2120 3478 quidem

464 3497 657 3576 impii,
691 3494 961 3557 candidis
991 3501 1048 3553 et
1071 3492 1416 3570 magniﬁcas
1447 3491 1713 3553 vestibus
1737 3489 2122 3552 celebrantes

466 3588 681 3648 festum
713 3585 804 3646 sui
853 3580 1330 3644 interitus.Solus
1378 3589 1579 3644 autem
1624 3580 1803 3643 Indes
1827 3580 1974 3642 atris
2021 3579 2122 3640 in-

468 3677 646 3738 dutus
670 3671 953 3749 vestibus,
978 3681 1191 3734 etcum
1217 3672 1341 3732 haec
1364 3670 1836 3746 celebrarentur,
1866 3671 2122 3732 maxime

478 3767 684 3828 dolore
712 3764 976 3838 affectus,
1013 3780 1146 3823 cum
1189 3780 1256 3823 se
1284 3761 1346 3822 in
1377 3760 1546 3822 valde
1576 3759 1895 3822 tenebrosa
1923 3759 2123 3821 inclu-

475 3858 649 3918 sisset
698 3853 1079 3927 domuncula,
1115 3851 1434 3930 impiorum
1494 3849 1756 3913 deﬂebat
1785 3849 2123 3910 interitum.

2203 3222 2490 3295 μετάθετον
2525 3241 2540 3301 ;
2580 3222 2789 3280 Πολλοῦ
2824 3246 2884 3302 γε
2936 3228 3023 3282 καὶ
3097 3225 3199 3283 δεῖ³
3263 3225 3386 3284 ἀλλ’
3433 3229 3694 3307 ἀγομένων
3729 3227 3820 3284 τῶν

2205 3313 2407 3388 μιαρῶν
2455 3311 2614 3370 αὐτοῦ
2686 3317 2902 3393 θυσιῶν,
2949 3316 3002 3370 ἐν
3071 3322 3143 3390 τῷ
3195 3315 3344 3380 ἐντὸς
3419 3325 3526 3375 τῶν
3578 3315 3822 3396 βασιλείων

2204 3397 2406 3457 δώδεκα
2434 3401 2567 3458 θεῶν
2613 3407 2858 3480 παρῆσαν
2915 3405 3014 3476 μὲν
3045 3406 3093 3462 οἱ
3151 3403 3466 3472 ἀσεϐοῦντες
3496 3407 3702 3469 λευκαῖς
3753 3401 3828 3460 καὶ

2204 3487 2504 3568 φιλοτίμοις
2564 3490 2784 3556 στολαῖς
2878 3493 2975 3560 τὴν
3054 3494 3256 3551 ἑαυτῶν
3315 3496 3589 3554 ἀπώλειαν
3663 3494 3828 3574 ἑορτά·

2205 3587 2404 3650 ζοντες,
2469 3581 2642 3645 Μόνος
2700 3578 2755 3636 δὲ
2813 3581 2990 3650 ’Ίνδης
3057 3584 3486 3662 μελανειμονῶν,
3547 3588 3629 3646 καὶ
3681 3585 3828 3642 αὐτῶν

2208 3670 2405 3748 σφόδρα
2461 3676 2567 3726 τῶν
2597 3671 2934 3745 τελουμένων
2990 3673 3306 3752 ὑπεραλγῶν
3366 3675 3424 3732 ἐν
3459 3676 3671 3748 οἰκίσκῳ
3711 3675 3826 3730 καθ-

2208 3757 2376 3838 είρξας
2435 3760 2622 3819 ἑαυτὸν
2665 3761 2814 3836 μάλα
2843 3769 3100 3837 σκοτεινῷ
3153 3763 3254 3831 τὴν
3310 3770 3420 3821 τῶν
3451 3762 3649 3822 ἀσεϐῶν
3691 3761 3826 3822 ἀπώ-

2207 3848 2358 3904 λειαν
2388 3847 2740 3929 κατωδύρετο’

554 3941 766 4008 XVIII.
801 3943 1237 4004 Benuntiantur
1267 3941 1392 4002 haec
1423 3959 1660 4020 quoque
1691 3936 2125 4019 imperatori,et

2293 3936 2406 3998 IH'.
2463 3937 2814 4018 Ἀγγέλλεται
2845 3942 2932 3998 καὶ
2987 3949 3147 4001 τοῦτα
3175 3950 3250 4017 τῷ
3295 3945 3538 4026 βασιλεῖ,
3571 3945 3654 4002 καὶ
3679 3942 3826 4018 ἀνάγ-

475 4035 528 4096 is
557 4035 754 4094 statim
782 4031 853 4093 ab
873 4032 998 4112 ipso
1030 4031 1335 4110 arripitur,
1360 4039 1422 4091 et
1446 4030 1672 4091 sistitur
1700 4027 1774 4089 ab
1802 4027 1900 4089 illo
1923 4027 2125 4108 judice

2210 4049 2408 4090 παστος
2443 4028 2585 4103 αὐτῷ
2638 4033 2722 4086 καὶ
2753 4033 2906 4096 οὗτος
2963 4035 3108 4097 εὐθὺς
3163 4034 3386 4112 γίνεται,
3420 4037 3508 4093 καὶ
3551 4035 3634 4092 ὑπ’
3671 4034 3828 4103 ἐκείνῳ

470 4122 858 4205 judicandus.
891 4120 1033 4183 Cum
1072 4129 1267 4181 autem
1301 4119 1476 4182 etiam
1505 4126 1822 4198 antequam
1856 4117 2125 4205 loquere-

2210 4115 2432 4193 δικασνῇ
2461 4140 2775 4198 παριςταται
2821 4125 3228 4199 κριθησόμενος,
3262 4127 3358 4188 Ὦς
3407 4123 3467 4181 δὲ
3496 4126 3580 4182 καὶ
3607 4125 3700 4203 πρὸ
3745 4125 3826 4186 τῆς

479 4204 597 4287 tur,
625 4213 680 4274 ei
708 4211 1079 4273 renuntiaret
1108 4208 1307 4282 vestis,
1341 4207 1496 4288 quod
1530 4225 1660 4286 quae
1703 4204 2024 4285 ﬁebant,ab
2055 4224 2125 4268 eo

2213 4209 2396 4285 φωνῆς
2451 4209 2781 4288 ἀπήγγειλεν
2839 4214 2873 4281 ἡ
2932 4212 3106 4286 ἐσθὴς,
3167 4212 3248 4269 ὅτι
3317 4214 3534 4280 πένθους
3601 4215 3730 4286 αῦτῷ
3772 4209 3826 4266 τὰ

477 4302 875 4365 censebantur
920 4300 1095 4376 digna
1155 4298 1322 4359 luctu
1367 4307 1426 4356 et
1485 4295 1742 4371 tristitia,
1770 4295 1949 4374 jussit
1996 4294 2125 4374 ejus

2211 4297 2486 4374 γινόμενα,
2547 4301 2836 4377 κατηφείας
2901 4300 3131 4380 ἐκρίνετο
3200 4302 3340 4384 ἄξια,
3404 4305 3606 4361 κελεύει
3668 4300 3825 4382 χερσὶν

479 4393 752 4456 manibus
776 4399 833 4450 et
857 4389 1110 4468 pedibus
1127 4387 1365 4465 injectis
1389 4384 1704 4456 catenis,et
1719 4384 1871 4445 collo
1893 4384 2122 4462 collari,

2210 4386 2367 4443 αὐτοῦ
2418 4389 2506 4445 καὶ
2565 4391 2718 4446 ποσὶν
2766 4389 2978 4456 ἁλύσεις
3033 4388 3419 4467 περιϐαλόντας
3471 4395 3558 4451 καὶ
3600 4393 3671 4468 τῷ
3716 4409 3822 4462 τρα-

479 4501 612 4545 eum
656 4481 881 4543 servari
925 4477 1221 4538 inclusum
1255 4475 1315 4536 in
1375 4493 1640 4537 carcere.
1674 4475 1869 4554 Atque
1916 4473 2124 4537 lndem

2214 4476 2379 4576 χόλῳ
2405 4479 2614 4576 ..κλοιὸν
2685 4480 3068 4539 κατάκλειστον
3127 4481 3180 4539 έν
3253 4481 3622 4564 δεσμωτηρίῳ,
3675 4476 3822 4542 Ἴνδην

481 4571 718 4654 quidem
753 4567 1010 4631 habebat
1043 4565 1330 4636 custodia;
1367 4564 1758 4626 Maximianus
1789 4582 1928 4627 vero
1959 4563 2125 4654 Dom.

2219 4566 2316 4640 μὲν
2372 4567 2461 4622 οὖν
2498 4568 2658 4646 εἶχεν
2685 4571 2720 4637 ἡ
2778 4571 3026 4651 φυλαχήο
3061 4570 3390 4646 Μαξιμιανὸς
3438 4563 3606 4630 δὲκαὶ
3647 4571 3819 4645 Δόμναν

478 4680 614 4724 nam
640 4675 884 4738 quoque
915 4654 1326 4744 quaerebat,et
1345 4655 1545 4716 furore
1565 4655 1814 4735 perinde
1838 4673 1906 4715 ac
1929 4653 2125 4716 ebrie-

2216 4654 2416 4736 ἐζήτει,
2446 4659 2536 4714 καὶ
2591 4657 2770 4738 ὥσπερ
2814 4659 2949 4737 μέθῃ
3006 4666 3074 4738 τῇ
3129 4662 3288 4737 μανίᾳ
3338 4664 3432 4728 τὰς
3478 4662 3659 4744 φρένας
3709 4676 3817 4737 σφα·

480 4760 600 4814 tate
646 4749 783 4810 laesa
813 4751 1066 4820 ratione,
1099 4753 1158 4806 et
1205 4743 1424 4806 oblitus
1459 4762 1668 4805 eorum
1719 4762 1853 4823 quae
1883 4744 1959 4806 de
2005 4744 2125 4824 ipsa

2215 4745 2328 4809 λεὶς
2379 4746 2467 4803 καὶ
2525 4747 2598 4802 ὦν
2657 4746 2851 4814 ἤκουσε
2905 4751 3024 4829 περί
3084 4751 3249 4819 αὐτῆς
3305 4743 3674 4831 ἑκλαθόμενος,
3716 4748 3821 4818 Ποῦ,

478 4841 804 4913 audiverat,
847 4835 1088 4897 dicebat
1129 4834 1408 4896 assidue:
1441 4832 1552 4895 Ubi
1583 4841 1672 4895 est
1701 4835 1930 4897 Domna
1959 4837 1984 4894 ?
2012 4832 2125 4895 Ubi

2216 4834 2368 4914 ἔλεγε
2419 4841 2658 4917 συχνῶς,
2690 4838 2872 4914 Δόμνα
2905 4859 2922 4915 ;
2981 4850 3081 4899 ποῦ
3125 4842 3160 4909 ἡ
3201 4842 3491 4920 θεράπαινα
3543 4848 3646 4898 τῶν
3671 4841 3822 4906 θεῶνὲ

481 4941 571 4993 εει
617 4927 897 4990 sacerdos
926 4926 1130 4988 Dianae
1162 4935 1223 4987 et
1263 4925 1542 4986 Minerva;
1564 4923 1593 4982 ‘?
1634 4925 1860 4986 Rursus
1887 4943 2030 5002 ergo
2077 4923 2125 4985 ei

2215 4931 2319 4982 ποῦ
2373 4923 2681 5002 Ἀρτέμιδός
2737 4949 2797 4983 τε
2856 4930 2943 4986 καί
2992 4928 3215 4997 Ἀθηνᾶς
3283 4931 3500 5010 ἱέρεια;
3558 4930 3702 4990 Αὖθις
3754 4924 3827 4980 οὖν

478 5021 684 5082 dicunt
716 5019 791 5080 de
823 5019 1074 5096 integro,
1108 5033 1240 5096 qua:
1298 5015 1648 5075 videbantur
1679 5014 1972 5076 accidisse
2003 5013 2125 5074 vir-

2214 5011 2267 5079 έξ
2325 5013 2572 5093 ὑπαρχῆς
2619 5017 2760 5091 αῦτῷ
2805 5038 2872 5073 τοι
2929 5013 3181 5076 δοκοῦντα
3235 5024 3303 5095 τῇ
3358 5020 3595 5095 παρθένῳ
3643 5010 3830 5091 συμϐῆ-

474 5110 621 5188 gini,
653 5117 712 5170 et
732 5125 863 5188 quae
891 5107 1114 5167 fecerat
1145 5104 1483 5181 eunuchus,
1509 5103 1594 5164 ita
1634 5111 1698 5164 ut
1725 5121 1822 5165 res
1850 5121 1916 5165 se
1948 5101 2125 5166 habe-

2210 5126 2294 5162 ναι
2324 5103 2542 5188 λέγουσι
2573 5105 2660 5161 καί
2709 5107 2776 5162 τὰ
2804 5107 2942 5164 κατὰ
2971 5109 3061 5164 τὸν
3113 5107 3368 5188 εὐνοῦχον
3395 5111 3469 5174 ὡς
3501 5108 3626 5188 εἶχε
3669 5100 3830 5184 γνωρῖ-

478 5185 578 5262 bat
611 5185 1092 5279 (6),signiticant.
1131 5193 1237 5257 Ille
1265 5202 1464 5255 autem
1498 5211 1632 5254 cum
1665 5194 1852 5256 multa
1881 5193 2125 5256 dixisset

2210 5199 2409 5264 ζουσιν.
2457 5185 2513 5251 Ὀ
2546 5190 2600 5249 δὲ
2655 5195 2832 5254 πολλὰ
2863 5202 2956 5254 τοῦ
3012 5185 3396 5278 ἂρχιεονούιινοο
3452 5185 3706 5256 κατειπὼν
3756 5188 3831 5248 καί

557 5378 591 5430 5
624 5375 780 5439 Psal.
816 5393 1018 5456 cxvm,
1059 5375 1192 5441 103.

562 5547 649 5628 (6)
687 5547 928 5613 Scilicet
956 5549 1115 5631 quod
1146 5547 1487 5615 Christiana
1515 5559 1695 5618 esset.
