4066 6146
345 272 495 351 1061

1466 280 1656 356 VITA
1722 284 1825 355 SS.
1873 282 2082 354 INDJE
2133 284 2233 353 ET
2276 280 2586 355 ΒΟΜΝιΕ.

3560 287 3579 352 l
3591 286 3712 353 O62

338 424 445 503 οὔχ
497 422 694 491 ἥκιστα
735 422 1088 505 δυσχεράνας,
1124 424 1203 483 ὅτι
1236 426 1323 484 καὶ
1353 428 1455 499 ζῶν
1496 426 1634 491 ὅλως
1687 430 1973 508 τετήρητο,

2071 426 2136 488 de
2166 424 2635 503 archieunucbo,
2674 430 2731 485 et
2760 423 2933 486 valda
2962 436 3120 503 agre
3159 421 3416 502 tulisset,
3450 424 3611 504 quod
3644 423 3702 486 ei

339 510 545 568 κελεύει
602 514 761 569 αὐτοῦ
818 515 915 586 μὲν
989 514 1367 591 ἀποτμηθῆναι
1420 517 1516 584 τὴν
1573 517 1833 597 κεφαλὴν,
1881 520 1981 585 τὴν

339 599 397 656 δὲ
439 600 699 679 παρθένον
758 602 812 658 ἐν
856 616 974 663 τοῖς
1037 605 1387 683 ἀσκητηρίοις
1446 606 1847 682 ἀναζητεῖσθαι,
1895 610 1984 664 καὶ

337 692 474 768 πρὸς
531 692 651 755 τοὺς
711 691 913 748 ἐκείνου
974 694 1127 761 θεοὺς
1182 694 1567 767 ἀνασώζεσθαι.
1635 703 1810 755 Ταῦτα
1868 719 1978 772 μα-

336 781 501 836 θοῦσα
543 781 577 848 ἡ
621 788 714 839 τοῦ
756 781 1083 861 ἀσκητηρίου
1126 784 1463 864 προεστῶσα,
1511 784 1638 864 παρ’
1678 790 1724 861 ᾧ
1762 790 1799 857 ἦ
1857 787 1980 864 ἁγία

337 866 703 947 ἀνδρικώτατα
759 868 1177 954 διανοησαμένη,
1250 873 1455 952 ἀνδρείᾳ
1530 877 1613 932 καί
1672 882 1832 951 κουρᾷ
1893 879 1981 933 καὶ

344 956 510 1034 στολῇ
558 960 881 1035 κοσμήσασα
939 963 1037 1030 τὴν
1081 961 1361 1043 παρθένον,
1397 965 1561 1045 εὐχάς
1596 988 1651 1021 τε
1710 970 1844 1042 αὒτῇ
1890 967 1981 1023 σὺν

339 1045 553 1126 δάκρυσι
597 1054 695 1116 τῆς
740 1048 862 1107 6605
903 1051 1142 1131 φύλακας
1200 1062 1576 1134 παρασχοῦσα,
1628 1055 1722 1111 καί
1774 1056 1978 1133 ἡγεμό-

339 1157 431 1198 νας
461 1143 554 1192 τοῦ
579 1139 719 1215 ἱεροῦ
745 1138 987 1215 θαλάμου
1014 1142 1215 1208 ταὸτην
1248 1140 1508 1217 ἐκπέμπει
1539 1142 1790 1208 λαθοῦσα,

422 1225 528 1290 [θ’.
574 1226 727 1284 Ἀλλ’
760 1230 787 1285 6
819 1231 1009 1310 μιαρὸς
1058 1237 1234 1301 ζητῶν
1287 1234 1381 1289 οὒκ
1421 1232 1670 1313 ἐπαύετο,
1705 1237 1792 1291 καὶ
1836 1234 1978 1293 ἀπο-

336 1320 444 1391 ρῶν
501 1317 635 1373 κατὰ
692 1317 905 1374 πάντων
959 1319 1151 1377 ἐλύττα
1225 1329 1381 1398 κοινῇ
1452 1328 1558 1379 τῶν
1614 1324 1974 1402 ἀσκητηρίων.

336 1411 577 1479 Σεμνεῖα
635 1404 731 1480 μὲν
785 1406 874 1464 οὖν
916 1410 1031 1487 ἱερὰ
1089 1409 1260 1468 πάντα
1304 1409 1487 1475 δεινῶς
1547 1412 1829 1470 κατελύετο
1866 1430 1879 1445 ⁸
1928 1417 1980 1471 αἱ

336 1494 587 1573 παρθένοι
644 1494 696 1551 δὲ
747 1498 878 1574 πρὸς
950 1495 1096 1577 ὕϐριν
1156 1500 1395 1579 αἰσχρῶς
1451 1499 1782 1575 ἒξεδίδοντο,
1839 1526 1978 1583 παρ-

340 1583 481 1640 θένοι
543 1586 681 1663 φεῦί
716 1584 778 1651 ἃς
827 1584 1018 1644 οὔποτε
1070 1586 1188 1647 οὐδὲ
1235 1589 1530 1668 ὀφθαλμοῖς
1586 1590 1816 1669 ἆρρένων
1846 1592 1980 1650 ἰδεῖν

335 1671 582 1735 ἀνεκτόν,
619 1676 717 1732 Καὶ
764 1677 833 1744 ἦν
888 1675 1027 1733 οὕτω
1086 1676 1170 1736 διὰ
1226 1679 1439 1735 πάντων
1466 1681 1501 1747 ἡ
1534 1683 1779 1760 συμφορὰ
1808 1683 1980 1739 καθά-

2064 518 2180 578 vita
2209 516 2417 577 fuisset
2449 512 2993 594 conservata,jubet
3024 512 3353 593 ei‘quidem
3386 521 3563 594 caput
3582 533 3703 574 am-

2066 607 2259 688 putari
2296 626 2309 666 :
2346 606 2632 686 virginem
2663 622 2800 664 vero
2830 602 3019 681 quaeri
3044 601 3103 664 in
3131 601 3572 675 ministeriis,et
3595 602 3709 666 diis

2064 694 2224 757 illius
2254 696 2503 756 servari.
2534 698 2675 758 Haec
2705 711 2839 754 cum
2873 692 3215 754 rescivisset
3237 709 3307 755 ea
3335 710 3467 774 quae
3494 710 3705 755 mona-

2065 785 2247 847 sterio
2274 794 2547 866 praeerat,
2582 788 2642 845 in
2672 803 2790 864 quo
2825 791 2951 843 erat
2981 781 3290 857 sancta,in
3323 781 3526 863 primis
3557 781 3710 843 virili

2066 885 2345 955 suscepta
2374 874 2752 953 cogitatione,
2789 871 2945 933 virili
2996 879 3173 933 tonsu
3223 878 3283 933 et
3312 882 3473 933 veste
3503 879 3711 934 ornata

2067 964 2323 1044 virgine,
2360 971 2416 1024 et
2471 980 2680 1044 preces
2736 979 2870 1021 cum
2904 960 3183 1041 lacrymis
3215 960 3269 1021 ei
3300 961 3573 1041 prabens
3603 960 3712 1022 viae

2067 1054 2345 1115 custodes
2376 1065 2436 1114 et
2466 1052 2675 1127 duces,
2726 1069 2856 1113 eam
2918 1050 3070 1111 clam
3134 1050 3353 1111 emittit
3410 1068 3481 1112 ex
3540 1069 3708 1112 sacro

2070 1143 2348 1204 thalamo.

2141 1231 2290 1295 XIX.
2327 1232 2442 1296 Sed
2470 1232 2796 1293 sceleratus
2828 1250 2947 1293 non
2980 1230 3251 1292 cessabat
3281 1247 3594 1310 quaerere;
3651 1245 3707 1297 et

2063 1340 2198 1384 cum
2233 1339 2362 1383 eam
2420 1340 2539 1382 non
2592 1320 2911 1394 inveniret,
2948 1318 3182 1381 furebat
3222 1317 3620 1380 communiter
3650 1318 3709 1378 in

2065 1411 2269 1473 omnia
2294 1411 2878 1490 monasteria.Atque
2899 1427 3068 1471 sacra
3092 1407 3331 1489 quidem
3360 1407 3559 1469 omnia
3577 1425 3709 1468 mo-

2066 1502 2325 1562 nasteria
2349 1500 2679 1562 crudeliter
2701 1499 3120 1574 diruebantur,
3147 1498 3408 1576 virgines
3424 1515 3562 1560 vero
3587 1504 3710 1559 tur-

2067 1593 2222 1675 piter
2254 1593 2488 1673 probris
2533 1592 2955 1655 aﬂiciebantur
2980 1638 2995 1667 ,
3028 1591 3289 1670 virgines
3320 1590 3471 1670 proh
3497 1590 3705 1653 dolor!

2065 1702 2210 1764 quas
2237 1703 2312 1744 ne
2339 1682 2738 1744 masculorum
2765 1681 3006 1762 quidem
3033 1679 3223 1743 oculis
3247 1679 3438 1743 videri
3463 1690 3587 1741 erat
3605 1699 3717 1740 un-

335 1783 438 1863 περ
489 1763 904 1863 ὓποῃπολεμίων
952 1765 1316 1842 ἂλισκομένης
1369 1767 1603 1835 πόλεως.
1634 1769 1825 1836 ’Ὁσαις
1855 1779 1980 1850 γοῦν

2071 1792 2241 1853 quam
2268 1772 2668 1863 tolerandum;
2696 1783 2873 1853 atque
2898 1771 2976 1831 ita
2998 1771 3326 1863 peremnia
3351 1768 3713 1863 pervadebat

337 1850 513 1939 αύτῶν
571 1849 879 1930 ἒῤῥωμένως
926 1854 1055 1935 εἶχε
1100 1856 1165 1912 τὰ
1214 1856 1460 1931 σώματα,
1514 1860 1601 1915 καὶ
1635 1857 1752 1916 οὔτε
1810 1849 1980 1939 γῆρας

337 1938 457 1996 οὔτε
500 1963 581 2005 τις
625 1943 780 2006 νόσος
837 1944 1066 2023 ἀπεῖργε
1111 1949 1232 2007 τοὺς
1279 1945 1470 2021 πόδας,
1516 1950 1669 2005 αὗται
1719 1951 1850 2025 πρὸς
1882 1938 1983 2031 φυ-

341 2031 441 2108 γὴν
501 2029 645 2095 εὐθὺς
690 2029 861 2107 εἶδον,
897 2035 983 2090 καὶ
1016 2036 1148 2112 πρὸς
1192 2035 1290 2111 ὃρη
1334 2037 1421 2092 καὶ
1471 2036 1712 2107 σπήλαια
1746 2042 1833 2094 καὶ
1890 2029 1984 2104 τὰς

339 2117 568 2186 ἀδήλους
625 2120 890 2201 ἐσχατιὰς
923 2124 1052 2202 πρὸς
1082 2124 1253 2204 τάχος
1286 2124 1547 2205 ἐχώρουν,
1595 2127 1696 2195 τὴν
1730 2129 1866 2202 μετὰ
1890 2132 1982 2195 θη-

336 2210 466 2287 ρίων
521 2206 793 2289 διαγωγὴν
850 2211 1099 2285 ἑλόμεναι
1158 2212 1361 2289 μᾶλλον
1416 2214 1451 2283 ἢ
1504 2216 1805 2295 ἀνθρώποις
1857 2240 1983 2275 συν-

339 2309 534 2373 οικεῖν,
598 2299 787 2374 πολλῷ
841 2303 1038 2379 θηρίων
1082 2301 1431 2383 ἆγριωτέροις
1485 2308 1573 2361 καὶ
1629 2303 1856 2383 ὑϐρίζειν
1913 2310 1984 2373 εἰς

339 2386 566 2462 σώματα
650 2392 930 2467 παρθενίαν
1019 2390 1390 2464 μελετήσαντα
1494 2391 1664 2469 μηδὲν
1754 2394 1984 2471 ἄσεμνον

337 2476 682 2554 ἡγουμένοις.
741 2477 894 2535 Ἀλλ’
952 2479 1212 2555 ἐψεύσθης
1276 2480 1442 2544 ὄντως
1507 2488 1604 2550 τῆς
1665 2482 1900 2550 ἐπινοίας
1958 2489 1984 2542 6

339 2567 554 2623 πάντων
617 2568 808 2648 ἐχθρός
846 2587 860 2605 ο
910 2571 997 2625 καὶ
1036 2567 1104 2625 δι’
1161 2573 1235 2625 ὧν
1266 2568 1498 2637 ἤλπισας
1528 2576 1873 2655 τυραννῆσαι,
1916 2574 1984 2631 δι’

341 2657 515 2713 αὐτῶν
575 2659 771 2714 τούτων
828 2658 989 2739 ἔσχες
1066 2658 1470 2735 καταλυομένην
1526 2663 1623 2730 τὴν
1685 2664 1981 2742 τυραννίδα.

342 2742 470 2803 Οὐδὲ
513 2747 613 2825 γὰρ
660 2746 933 2822 ἠμέλησεν
965 2751 991 2804 6
1022 2747 1081 2804 ἐκ
1120 2749 1378 2827 Παρθένου
1424 2753 1554 2816 Θεὸς
1614 2754 1691 2827 μὴ
1723 2757 1809 2810 καὶ
1852 2757 1980 2811 ταύ-

332 2855 431 2898 τας
460 2834 514 2891 ἔν
559 2836 708 2912 μέσῳ
750 2834 956 2913 δημίων
1006 2838 1101 2902 τὰς
1155 2839 1441 2915 παρθένους
1485 2838 1822 2921 διατηρῆσαι,
1898 2846 1983 2900 καὶ

339 2921 519 3003 ὥσπερ
562 2925 661 2993 τὴν
707 2926 909 3000 πίστιν,
942 2927 1078 2983 οὕτω
1109 2925 1164 2983 δὲ
1206 2930 1295 2985 καὶ
1350 2928 1450 2997 τὴν
1495 2932 1839 3011 σωφροσύνην
1884 2938 1982 2993 αὖ·

343 3015 434 3079 τὰς
491 3012 774 3093 προδοῦναι
833 3017 909 3092 μὴ
966 3021 1342 3097 συγχωρῆσαι,
1399 3017 1488 3077 Ἐν
1533 3022 1746 3089 ταύταις
1805 3022 1983 3102 ὥσπερ

347 3102 438 3159 οὖν
492 3102 544 3160 ἐν
602 3104 878 3185 διαφανέσι
949 3108 1036 3163 καὶ
1118 3105 1391 3183 λαμπροῖς
1466 3109 1690 3189 ἆστρᾶσι
1749 3112 1844 3187 μία
1903 3136 1982 3179 τις

340 3191 680 3271 ὑπερέλαμπε
712 3196 1015 3271 θαυμασίως
1059 3196 1150 3251 τὸν
1211 3197 1444 3268 σελήνης
1497 3200 1692 3279 τρόπον
1743 3201 1854 3280 ὥρᾳ
1897 3205 1984 3260 καὶ

340 3280 484 3371 γένει
527 3283 614 3338 καὶ
646 3282 809 3371 ἀρνετῇ
851 3287 982 3361 πρὸς
1012 3284 1108 3349 τὰς
1139 3283 1305 3351 ἄλλας
1352 3284 1707 3369 διαφερόντως
1753 3290 1977 3371 ἔχουσα.

342 3369 491 3437 Αὕτη
546 3370 775 3449 Θεοφίλα
817 3372 915 3449 μὲν
973 3372 1223 3432 ἐκαλεῖτο
1250 3391 1264 3406 ⁶
1326 3374 1465 3433 πολὺ
1523 3375 1577 3433 δὲ
1636 3369 1842 3454 μᾶλλον
1899 3381 1984 3438 ἐπὶ

343 3465 450 3517 τῶν
476 3458 645 3540 ἔργων
677 3471 831 3522 τοῦτο
863 3461 1147 3524 ἐδείκνυτο.

432 3636 522 3696 κ’.
577 3629 666 3702 Ὠς
718 3641 816 3720 γὰρ
870 3641 1035 3707 οὕτως
1093 3641 1158 3710 ἧν
1213 3644 1388 3712 ἐκεὶνη
1437 3646 1536 3714 τὴν
1565 3644 1689 3723 ὄψιν
1724 3653 1988 3727 περικαλ-

348 3724 475 3814 λῇς,
522 3726 736 3785 εἵλκετο
786 3727 840 3786 δέ
883 3744 1003 3796 τοῖς
1048 3729 1285 3810 δημίοις,
1342 3736 1430 3791 καὶ
1488 3732 1591 3802 ἤδη
1637 3738 1768 3814 πρὸς
1797 3724 1859 3793 τὸ
1887 3739 1986 3805 τῆς

343 3812 543 3907 ὕϐρεως
608 3817 958 3899 ἐργαστήριον
1047 3822 1233 3898 βιαίως
1290 3825 1559 3905 εἰσήγετο,
1623 3812 1815 3907 χεῖρας
1873 3827 1986 3903 ἅμα

343 3904 438 3996 καί
496 3908 796 3987 ὀφθαλμοὺς
880 3910 1048 3991 ἄρασα
1132 3914 1219 3969 καὶ
1278 3915 1352 3977 εἷς
1415 3904 1663 3993 ούρανὸνν
1696 3904 1983 3996 περιπαθὲς

339 3994 611 4078 βλέψασα,
670 3998 853 4067 Ἰησοῦ
908 4022 1034 4077 μου,
1094 4003 1275 4075 εἶπεν,
1334 4005 1361 4059 6
1404 4002 1532 4079 ἐμὸς
1594 3994 1983 4087 ἔρως,-ὁέμὸς

337 4088 595 4164 ἒραστὴς,
642 4088 703 4144 τὸ
757 4089 886 4163 ἐμὸν
941 4097 1076 4171 φῶς,
1133 4093 1164 4159 ἡ
1232 4092 1397 4166 πνοὴ,
1430 4095 1456 4149 6
1487 4091 1617 4169 ἐμὸς
1645 4100 1744 4162 τῆς
1775 4093 1983 4174 ἁγνείας

341 4173 507 4267 φύλαξ
535 4177 623 4233 καὶ
680 4183 781 4246 τῆς
830 4181 998 4261 ζωῆς,
1051 4180 1134 4237 ἴδε
1178 4182 1278 4249 τὴν
1320 4184 1370 4239 σὶ
1401 4173 1832 4263 νυμφευθεῖσαν,
1873 4184 1983 4267 ἴδε,

342 4263 536 4340 ἄμωμε
593 4269 802 4347 νυμφίε,
853 4271 941 4325 καὶ
996 4269 1243 4346 σπεύσον,
1295 4270 1375 4328 ὅτι
1420 4269 1557 4346 μηδὲ
1610 4271 1849 4338 εὔξασθαί
1901 4263 1983 4331 σοι

339 4353 549 4432 καιρός.
599 4356 686 4424 Μή
730 4362 942 4433 ψευσθῶ
989 4363 1090 4425 τῆς
1147 4358 1437 4440 ὁμολογίας
1472 4377 1487 4392 ⁸
1549 4364 1626 4439 μὴ
1678 4361 1886 4442 προδῷς
1916 4385 1984 4440 με

339 4443 540 4517 θηρίοις
574 4460 590 4476 ’
673 4448 750 4522 μὴ
811 4445 960 4505 λύκοι
1018 4450 1079 4506 τὸ
1150 4452 1243 4507 σὸν
1293 4450 1504 4528 θρέμμα
1562 4450 1980 4532 διασπαράξωσι,

2067 1862 2394 1935 calamitas,
2427 1861 2595 1942 quasi
2626 1868 2797 1942 capta
2847 1870 3006 1922 esset
3057 1858 3262 1921 civitas
3308 1859 3382 1919 ab
3415 1858 3705 1921 hostibus.

2066 1950 2536 2031 Quibuscunque
2561 1968 2700 2028 ergo
2722 1968 2923 2011 earnm
2949 1961 3121 2011 erant
3145 1966 3397 2029 corpora
3433 1946 3707 2028 valentia,

2068 2050 2125 2104 et
2160 2060 2352 2122 neque
2383 2048 2889 2120 senectus,neque
2923 2039 3166 2100 morbus
3194 2037 3409 2118 aliquis
3440 2036 3712 2099 tardabat

2068 2148 2268 2192 carum
2299 2128 2507 2209 pedes,
2543 2131 2685 2209 ipsas
2716 2128 2916 2189 statim
2948 2129 3143 2206 fugam
3172 2125 3606 2208 spectabant,et
3633 2125 3707 2188 ad

2070 2228 2300 2280 montes
2315 2227 2369 2280 et
2394 2219 2712 2298 Speluncas
2733 2227 2790 2278 et
2812 2218 3041 2296 ignotas
3062 2215 3417 2279 solitudines
3434 2216 3713 2278 celeriter

2069 2307 2334 2387 abibant,
2367 2306 2658 2368 malentes
2690 2306 2871 2368 vitam
2905 2304 3126 2382 degere
3161 2323 3295 2365 cum
3323 2304 3492 2378 feris,
3528 2323 3709 2381 quam

2068 2396 2341 2458 habitare
2354 2415 2487 2457 cum
2501 2394 3209 2473 hominibus,ferislonge
3230 2392 3707 2469 immanioribus,

2069 2493 2127 2548 et
2152 2485 2251 2567 qui
2277 2503 2529 2566 corpora
2559 2484 2954 2563 virginitatem
2977 2483 3316 2546 exercentis
3343 2482 3559 2562 probro
3584 2483 3714 2543 affi-

2066 2594 2203 2638 cere
2227 2574 2605 2637 inhonestum
2630 2593 2746 2635 non
2769 2591 2901 2635 esse
2922 2573 3286 2636 existimant.
3305 2570 3422 2634 Sed
3450 2572 3710 2652 eo,quod

2066 2665 2374 2744 cogitaras,
2410 2666 2720 2725 frustratus
2745 2661 3137 2737 es,oinimice
3170 2661 3437 2722 omnium
3467 2683 3480 2724 :
3517 2669 3575 2723 et
3607 2678 3715 2741 per

2067 2771 2200 2830 quae
2255 2754 2506 2834 sperasti
2566 2752 2941 2833 tyrannidem
3003 2768 3311 2821 exercere,
3346 2768 3452 2829 per
3480 2768 3549 2811 ea
3583 2750 3714 2831 ipsa

2068 2844 2218 2905 facta
2250 2842 2356 2903 fuit
2387 2843 2491 2903 tibi
2525 2842 2808 2922 tyrannis.
2846 2840 2975 2903 Non
3006 2840 3166 2902 enim
3218 2838 3478 2919 neglexit
3523 2839 3706 2913 Deus,

2066 2937 2163 3008 qui
2187 2945 2359 2993 natus
2388 2943 2475 2992 est
2496 2948 2565 2991 ex
2591 2934 2842 3004 Virgine.
2869 2934 3021 3005 ipsas
3043 2932 3298 3002 virgines
3321 2931 3411 2989 vel
3440 2930 3499 2987 in
3525 2931 3713 2991 medio

2067 3019 2340 3081 lictorum
2373 3034 2749 3097 conservare,
2773 3026 2829 3078 et
2860 3016 3157 3097 quomodo
3190 3014 3393 3089 ﬁdem,
3420 3015 3501 3078 ita
3533 3016 3713 3078 etiam

2067 3108 2494 3171 continentiam
2520 3106 2676 3187 ipsas
2704 3106 2962 3189 prodere
2998 3123 3116 3166 non
3149 3102 3519 3185 permittere.
3553 3106 3713 3168 Inter

2067 3214 2167 3259 eas
2192 3204 2388 3259 autem
2425 3209 2708 3275 tanquam
2733 3196 2890 3256 inter
2915 3194 3107 3256 claras
3137 3200 3196 3254 et
3230 3192 3461 3255 lucidas
3483 3193 3708 3268 stellas,

2065 3304 2187 3349 una
2200 3286 2537 3348 mirandum
2553 3286 2613 3347 in
2630 3284 2871 3347 modum
2892 3282 3313 3365 resplendebat
3334 3282 3711 3359 instarlunaa,

2070 3385 2128 3438 et
2146 3374 2592 3457 pulchritudine
2612 3383 2668 3437 et
2688 3392 2910 3455 genere
2931 3385 2987 3436 et
3005 3375 3225 3436 virtute
3244 3372 3378 3434 aliis
3403 3380 3709 3452 praestans.

2069 3465 2150 3528 Ea
2184 3483 2320 3528 vero
2358 3465 2683 3528 vocabatur
2732 3462 3087 3543 Theophila.
3147 3461 3272 3524 Hoc
3303 3470 3502 3523 autem
3536 3461 3715 3541 longe

2074 3555 2289 3617 melius
2313 3573 2409 3616 res
2432 3558 2558 3636 ipsa
2582 3553 2865 3616 ostendit.

2152 3642 2276 3707 XX.
2312 3646 2456 3706 Cum
2510 3643 2671 3706 enim
2718 3641 2819 3702 illa
2868 3646 3026 3701 esset
3055 3638 3218 3702 vultu
3249 3639 3398 3702 adeo
3430 3640 3710 3723 formosa,

2073 3734 2413 3796 traheretur
2438 3742 2635 3794 autem
2658 3748 2692 3791 a
2713 3727 3115 3802 lictoribus,et
3137 3728 3262 3807 jam
3290 3729 3365 3791 ad
3405 3728 3611 3810 probri
3644 3749 3714 3795 ac

2069 3824 2435 3881 contumeliae
2452 3824 2738 3881 ofﬁcinam
2761 3820 3041 3878 violenter
3080 3819 3564 3885 introduceretur,
3589 3836 3716 3879 ma-

2068 3927 2180 3971 nus
2198 3909 2451 3972 simulet
2472 3909 2677 3971 oculos
2698 3909 2760 3969 in
2792 3910 3010 3969 cretum
3037 3905 3276 3979 tollens,
3311 3915 3370 3969 et
3402 3907 3718 3971 miserabi-

2069 4000 2207 4061 liter
2221 3998 2519 4081 aspiciens
2545 4020 2558 4057 :
2587 4001 2659 4059 Mi
2682 3995 3210 4074 .lesu,dixit,meus
3233 4015 3565 4073 emor,mea
3587 3997 3711 4075 lux,

2071 4107 2243 4151 meus
2272 4088 2536 4169 spiritus,
2576 4106 2745 4149 meus
2771 4095 2977 4148 custos
3003 4086 3295 4150 castitatis
3328 4095 3386 4149 et
3412 4087 3715 4169 vitae,vide

2068 4198 2196 4241 eam
2224 4197 2354 4259 qum
2377 4188 2465 4239 est
2484 4177 2589 4239 tibi
2609 4175 3153 4258 desponsa.Vide,o
3179 4195 3423 4257 sponse,
3450 4177 3507 4238 in
3532 4196 3712 4259 quem

2070 4268 2233 4329 nulla
2263 4267 2421 4330 cadit
2454 4266 2869 4349 reprehensio,
2906 4274 2963 4326 et
2992 4266 3209 4327 festina
3243 4287 3256 4329 :
3291 4267 3573 4347 quoniam
3602 4285 3714 4329 nec

2070 4365 2162 4420 est
2192 4357 2432 4439 quidem
2468 4365 2701 4438 tempus
2731 4354 3041 4436 precandi,
3078 4373 3156 4417 ne
3189 4365 3427 4433 pactum
3460 4373 3717 4418 conven-

2072 4456 2194 4513 tum
2230 4448 2450 4525 fallam,
2485 4466 2563 4509 ne
2619 4446 2836 4527 prodas
2898 4462 2993 4506 me
3023 4444 3254 4526 bestiis,
3291 4463 3367 4506 ne
3394 4444 3524 4526 lupi
3555 4452 3713 4507 tuam

340 4532 588 4611 Τήρησον
646 4534 879 4613 ἁγνείαν,
928 4536 1141 4617 ἁγνείας
1201 4541 1378 4619 πηγὴ,
1437 4540 1531 4598 ἵνα
1580 4543 1667 4599 καὶ
1709 4546 1771 4599 τὸ
1820 4542 1983 4619 ὄνομα

2073 4536 2363 4619 pecudem
2388 4536 3452 4615 dilanient.Serva,sponse,sponsam
3484 4555 3498 4599 :
3521 4552 3717 4599 meam

341 4641 437 4680 σου
478 4628 565 4710 νύν
609 4624 844 4699 μάλιστα
885 4623 1131 4709 δοξασθῇ,
1177 4630 1239 4685 τὸ
1279 4630 1368 4687 καὶ
1422 4628 1514 4687 ὑπ’
1570 4629 1815 4710 ἀγγέλων
1863 4653 1986 4689 νοε-

342 4715 446 4801 pq»;
516 4709 882 4789 δοξαζόμενον,
943 4723 1120 4774 Ταῦτα
1172 4720 1350 4787 εκείνη
1420 4720 1519 4793 μὲν
1591 4709 1682 4777 σὺν
1741 4719 1988 4801 δάκρυσιν

338 4798 537 4889 ηὔξατο
567 4821 582 4839 ο
622 4802 792 4861 ἐτέλει
835 4803 890 4861 δὲ
934 4807 962 4862 6
1006 4806 1161 4872 Θεός,
1220 4806 1390 4866 Ἀλλὰ
1430 4809 1520 4866 καὶ
1551 4798 1870 4889 προσεκτέον
1911 4819 1988 4887 τῷ

341 4887 661 4981 διηγήματι.
728 4895 1006 4974 Εἰσάγεται
1063 4899 1197 4975 πρὸς
1238 4900 1316 4955 ’τὸ
1374 4887 1711 4979 καταγώγιον
1756 4903 1791 4970 ἡ
1845 4923 1987 4981 παρ-

338 4978 512 5061 θένος,
541 4983 612 5050 Ἦ⁹
638 4981 693 5039 δὲ
720 4984 810 5041 καὶ
837 4987 894 5042 ἒν
924 4990 1094 5066 καιρῷ
1142 4985 1329 5062 τοιῷδε
1378 4989 1465 5045 καὶ
1495 4978 1644 5064 τόπῳ
1682 4994 1783 5046 τῶν
1815 4978 1986 5066 προσ-

341 5074 588 5139 ηκόντων
634 5078 741 5160 οὐκ
794 5073 1067 5142 ἐξελάθετο
1101 5093 1117 5109 ⁶
1170 5076 1293 5136 ἀλλ’
1322 5076 1452 5157 ὅπερ
1492 5079 1653 5160 εἶχεν
1685 5081 1757 5145 εἰς
1786 5079 1989 5138 κόλπον

342 5161 494 5226 εὐθὺς
553 5159 851 5221 ἐκϐαλοῦσα
907 5166 969 5222 τὸ
1026 5167 1165 5245 ἰερὸν
1231 5166 1554 5247 Εὗαγγέλιον
1584 5159 1757 5236 ἧνοιξέ
1799 5190 1855 5225 τε
1900 5171 1991 5227 καὶ

342 5249 698 5329 ἀναγνώσεως
730 5250 955 5335 ᾔρχετο.
999 5259 1098 5320 Εἷς
1142 5255 1196 5312 δὲ
1255 5262 1363 5313 τῶν
1419 5256 1731 5318 ἀκολάστων
1790 5257 1992 5337 οἴστρῳ

221 5381 246 5397 ρ
342 5341 681 5421 κατάσχετος
741 5341 971 5419 ἰκμανεῖ
1027 5344 1155 5426 παρ’
1200 5345 1369 5428 αὐτὴν
1415 5347 1611 5423 εἰσῄει,
1646 5348 1704 5411 ὃς
1734 5345 1863 5428 ἄχρι
1895 5349 1987 5425 μὲ,

342 5450 487 5495 τινος
539 5428 731 5499 ἤκουεν
787 5432 1283 5516 ἀναγινωσκούσης.
1339 5427 1436 5502 Ὠς
1487 5434 1541 5493 δὲ
1575 5436 1731 5516 ἐγγὺς
1761 5427 1866 5506 ἤδη
1898 5438 1992 5507 ἧνν

341 5516 494 5601 φόϐῳ
546 5541 604 5578 τε
660 5519 877 5602 ἀμέτρῳ
932 5530 1269 5606 παραχρῆμα
1326 5525 1630 5607 συνείχετο,
1692 5527 1783 5584 καὶ
1812 5527 1996 5607 τρόμῳ

338 5608 581 5692 ἰσχυρῶς
642 5610 943 5698 ἑκλονεῖτο,
1000 5616 1087 5673 καὶ
1143 5617 1219 5682 εἰς
1252 5620 1355 5696 γῆν
1380 5618 1564 5698 νεκρὸς
1607 5613 1991 5701 κατεϐάλλετο,

2071 4643 2360 4687 conserva
2386 4627 2740 4700 castitatem,
2769 4624 2901 4686 fons
2930 4624 3314 4700 castitatis,ut
3339 4633 3529 4686 tutum
3562 4644 3717 4706 quo-

2071 4734 2186 4796 que
2212 4732 2431 4776 nomen
2476 4733 2638 4775 nunc
2669 4714 2925 4775 maxime
2956 4712 3325 4792 glorificatur
3351 4714 3425 4776 ab
3458 4714 3714 4794 angelis.

2068 4802 2209 4866 Haec
2236 4802 2338 4865 illa
2368 4802 2614 4881 quidem
2647 4803 2834 4863 oravit
2864 4821 2999 4864 cum
3026 4803 3301 4883 lacrymis
3327 4824 3341 4863 :
3368 4804 3578 4868 effecta
3608 4823 3717 4868 au-

2072 4902 2191 4957 tem
2217 4895 2373 4956 Deus
2403 4893 2685 4955 reddidit.
2734 4891 2849 4954 Sed
2909 4901 2999 4953 est
3047 4893 3422 4955 adhibendus
3478 4895 3718 4958 animus

2074 4982 2424 5045 narrationi.
2461 4980 2868 5044 Introducitur
2897 4981 3056 5059 virgo
3087 4980 3149 5041 in
3182 4982 3545 5061 postibulum
3574 5004 3590 5059 ;
3616 4984 3721 5046 illa

2070 5091 2209 5136 vero
2231 5073 2412 5136 etiam
2445 5072 2509 5133 in
2543 5070 2642 5133 tali
2672 5070 2805 5132 loco
2864 5077 2921 5131 et
2952 5078 3218 5150 tempore
3251 5089 3373 5133 non
3403 5083 3497 5133 est;
3526 5071 3713 5134 oblita

2073 5180 2277 5226 eorum
2302 5180 2436 5244 quea
2450 5159 2735 5242 oportuit,
2761 5159 2867 5222 sed
2892 5158 3168 5239 protinus
3192 5160 3444 5241 ejiciens
3470 5161 3531 5224 id
3562 5162 3722 5243 quod

2072 5249 2328 5312 habebat
2383 5251 2447 5311 in
2498 5250 2660 5323 sinu,
2711 5247 2770 5310 id
2828 5257 3026 5309 autem
3086 5257 3216 5310 erat
3269 5259 3720 5314 sacrosanctum

2072 5337 2480 5422 Evangelium,
2532 5339 2786 5420 aperuit,
2842 5345 2899 5399 et
2950 5336 3131 5399 dabat
3159 5355 3404 5419 operam
3451 5339 3718 5403 lectioni.

2073 5426 2237 5491 Unus
2266 5447 2405 5492 vero
2438 5447 2509 5492 ex
2530 5426 3096 5510 intemperantibus,
3130 5436 3312 5491 (nstro
3343 5429 3555 5492 insano
3579 5447 3721 5512 per-

2073 5518 2248 5597 citus,
2281 5518 2356 5581 ad
2375 5536 2505 5581 eam
2523 5518 2987 5598 ingreditur,qui
3007 5516 3441 5601 aliquantisper
3464 5519 3715 5598 quidem

2073 5625 2206 5674 eam
2225 5610 2411 5677 audiit
2430 5615 2753 5692 legentem.
2785 5609 2938 5675 Cum
2972 5615 3171 5677 autem
3189 5609 3310 5691 jam
3331 5626 3519 5695 prope
3540 5616 3724 5693 esset,
