4066 6146
404 231 554 299 1063
1597 229 1980 296 ADDENDA.

2097 270 2104 279 -
2153 229 2582 300 DECEMBEIL
3623 235 3773 300 1064

399 392 434 434 a
461 372 716 434 maxime
744 378 909 430 metu
935 368 1253 447 invaditur,
1278 378 1338 429 et
1367 378 1628 428 tremore
1658 368 1826 430 valde
1848 370 2004 446 agita

2097 373 2210 426 .xzi
2252 373 2320 436 ἠν
2378 370 2515 428 οὕτω
2568 374 2700 450 πρὸς
2761 386 2878 436 τοῖς
2925 375 3049 428 ποσὶ
3083 373 3343 453 Θεοφίλης
3375 373 3624 431 ἀπνευστὶ
3668 374 3774 428 κεί-

397 472 522 543 tur,
584 470 641 522 et
686 459 858 521 humi
916 456 1254 539 procumbit
1285 464 1575 524 mortuus.
1612 466 1668 517 et
1697 455 1780 518 sic
1803 458 2010 538 jaceba

2124 482 2308 535 μενος.
2355 449 2504 539 Ἰεὶραι
2561 449 2838 541 παρῆλθον
2892 463 3112 542 συχναὶ,
3159 449 3244 518 καὶ
3301 475 3420 527 τοῖς
3460 461 3643 525 ἄλλοις
3675 459 3770 518 δό-

397 551 473 614 ad
496 551 678 632 pedes
699 547 1194 627 Theophila,non
1217 544 1686 625 spirans.Multaa
1707 547 1872 607 horae
1892 565 2010 627 prae

2121 549 2235 624 ξαν,
2269 551 2383 607 ἐπεὶ
2413 552 2510 623 μὲν
2541 550 2705 628 ἐξῄει,
2744 551 3045 629 ἀκορέστως
3078 551 3228 631 ἔχειν
3271 555 3428 608 αὖτὸν
3486 551 3581 618 τῆς
3626 573 3769 628 παρ-

404 648 711 712 terierant,
745 649 803 698 et
836 655 969 696 cum
1004 635 1137 696 aliis
1169 633 1355 696 visum
1391 644 1573 707 esset,
1610 636 1888 715 quoniam
1919 655 2010 697 nm

2121 639 2291 696 θένου.
2324 642 2418 704 Ὠς
2477 638 2530 696 δὲ
2576 642 2742 717 εἰσῂει
2800 643 2888 696 καὶ
2929 640 3106 720 ἕτερος
3147 642 3234 697 καὶ
3293 643 3449 703 αὐτὸς
3501 638 3604 707 ἤδη
3663 663 3768 695 κα-

402 730 624 810 exibat,
667 745 804 788 eum
841 744 956 785 non
992 741 1164 802 posse
1207 723 1413 785 satiari
1466 723 1719 801 virgine,
1759 725 1862 786 ubi
1889 725 2005 787 aliu

2121 730 2315 794 ταστάς
2356 729 2609 804 πλησίον,
2667 733 2797 808 φωτὶ
2848 732 2946 805 μὲν
2996 729 3279 808 ἀποῤῥήτῳ
3338 731 3764 808 περιαστράπτε-

397 838 634 903 quoque
665 813 1018 892 ingreditur,
1039 812 1168 903 ipse
1198 832 1440 903 quoque
1465 815 1584 891 jam
1624 832 1808 892 prope
1845 823 2006 874 stans

2116 840 2227 893 ται,
2286 819 2411 875 εἶτα
2461 819 2650 884 σκότος
2685 820 2744 875 ἐκ
2787 827 2880 875 τοῦ
2910 822 3085 899 φωτὸς
3129 818 3347 898 δέχεται
3381 820 3468 874 καὶ
3499 821 3768 892 πηρωθεὶς

397 900 550 972 lucis
585 905 853 988 quidem,
890 921 1021 982 qum
1047 900 1244 962 verbis
1267 902 1514 981 exprimi
1547 920 1663 963 non
1690 903 2010 982 potest,ful-

2114 908 2206 970 τὰς
2245 906 2420 983 ὄψεις,
2455 909 2628 980 ἐζήτει
2682 911 2902 987 περιιὼν
2954 913 3014 967 οὗ
3066 910 3162 976 τὴν
3215 909 3472 988 παρθένον
3511 908 3608 981 ἔτι,
3642 906 3766 962 ἀλλ’

395 1017 540 1079 gore
565 998 893 1060 illustratur
918 1012 932 1068 ;
959 992 1180 1054 deinde
1201 1011 1336 1053 eum
1361 1011 1394 1052 a
1419 993 1548 1054 luce
1580 992 1838 1054 tenebrae
1875 994 2010 1055 excit

2112 996 2257 1061 ὅπως
2302 997 2366 1052 ἅν
2398 999 2659 1062 ἀπτώτως
2694 998 2889 1063 ἐξέλθοι
2919 999 3016 1066 τὴν
3046 1000 3228 1075 θύραν,

396 1091 586 1170 piunt,
621 1095 678 1148 et
725 1084 932 1145 obtutu
963 1081 1223 1161 orbatus,
1257 1082 1562 1162 quaerebat
1609 1082 1841 1157 obiens,
1877 1102 1996 1144 non
2039 1084 2291 1166 amplius
2339 1087 2649 1167 virginem,
2686 1086 2790 1148 sed
2837 1087 3341 1166 quemadmodum
3373 1086 3521 1148 citra
3565 1087 3764 1148 offen-

393 1182 624 1242 sionem
657 1175 845 1236 exiret
865 1181 1027 1234 extra
1049 1171 1224 1232 fores.

475 1266 632 1331 XXI.
668 1267 812 1328 Cum
847 1262 1014 1323 multi
1052 1261 1291 1342 quidem
1351 1262 1488 1324 talia
1521 1263 1677 1341 passi
1724 1273 1944 1331 essent,
1979 1271 2035 1326 et

389 1356 660 1422 nonnulli
689 1354 866 1416 etiam
905 1351 1091 1429 magis
1122 1350 1616 1426 horribilia,nulli
1637 1352 1747 1414 fuit
1779 1353 2034 1435 amplius

391 1448 555 1511 cordi
587 1442 850 1523 ingredi,
884 1441 988 1503 sed
1021 1451 1080 1502 et
1108 1441 1157 1500 si
1197 1447 1328 1520 quis
1385 1442 1856 1522 ingrediehatur,
1914 1463 2033 1504 non

389 1535 838 1618 ingrediebatur
855 1545 1066 1608 captus
1084 1531 1426 1601 amore,sed
1451 1532 1639 1592 solum
1663 1533 1862 1593 volens
1880 1533 2032 1594 scire

392 1647 461 1690 ea
498 1644 632 1708 qua;
660 1624 810 1685 facta
839 1621 1092 1683 fuerant.
1146 1622 1464 1700 Postquam
1517 1630 1711 1682 autem
1778 1622 2031 1697 ingressi

389 1725 528 1779 sunt
557 1714 916 1792 complures,
974 1709 1174 1770 vident
1231 1727 1300 1770 ea
1358 1729 1485 1790 qua:
1517 1719 1572 1772 et
1601 1711 1673 1772 ad
1706 1711 2026 1772 videndum

2198 1267 2327 1326 ΚΜ.
2377 1275 2550 1326 Ταῦτα
2606 1267 2822 1335 πολλῶν
2867 1267 2963 1342 μὲν
3007 1266 3306 1346 παθόντων,
3358 1267 3510 1324 ἐνίων
3569 1267 3623 1324 δὲ
3673 1271 3765 1324 καὶ

2115 1356 2180 1411 τά
2221 1355 2607 1434 φρικωδέστερα
2641 1405 2657 1436 ,
2714 1357 2890 1413 οὐκέτι
2961 1356 3168 1429 λοιπὸν,
3214 1356 3378 1413 οὔδενί
3437 1359 3764 1431 καταθύμιον

2114 1445 2370 1502 εἰσελθεῖν
2405 1463 2418 1477 ·
2472 1445 2590 1502 ἀλλ’
2635 1447 2790 1525 εἴπερ
2835 1470 2913 1510 τις
2959 1448 3046 1503 καὶ
3090 1447 3280 1524 εἰσῄει,
3333 1451 3426 1505 οὒκ
3457 1447 3611 1525 ἔρωτι
3648 1447 3756 1514 λη-

2115 1537 2257 1615 φθεὶς
2315 1539 2548 1610 ἐκεῖνος,
2608 1535 2727 1591 ἀλλ’
2773 1538 3045 1613 ἱστορῆσαι
3106 1539 3268 1612 μόνον
3327 1540 3459 1610 ἐρῶν
3499 1539 3564 1591 τα
3595 1559 3759 1612 γεγε-

3731 1626 3758 1644 ἢ

2115 1625 2341 1700 νημένα,
2390 1624 2540 1682 Ἐπεὶ
2599 1625 2653 1681 δὲ
2702 1627 2790 1682 καὶ
2845 1625 3060 1689 πλείους
3119 1625 3362 1692 εἰσῆλθον
3396 1673 3410 1698 ,
3473 1627 3668 1703 ὁρῶσιν
3724 1626 3759 1680 ἃ

2111 1717 2199 1771 καὶ
2255 1713 2386 1773 ἰδεῖν
2440 1714 2662 1794 φοϐερὸν
2719 1721 2804 1772 καὶ
2839 1718 3009 1772 εἰπεῖν
3034 1729 3150 1779 τοῖς
3184 1715 3364 1776 ἄλλοις
3397 1714 3760 1792 παραδοξότα-

392 1815 562 1870 erant
593 1801 909 1871 terribilia,
943 1810 1002 1859 et
1028 1798 1100 1860 ad
1132 1799 1454 1861 dicendum
1485 1800 1618 1860 aliis
1651 1801 1904 1862 maxime
1927 1801 2010 1860 ad

2108 1825 2222 1876 τον,
2284 1806 2383 1872 τὴν
2426 1803 2594 1860 παῖδα
2633 1804 2730 1880 μὲν
2789 1804 3064 1879 εὒκόσμως
3121 1803 3483 1878 καθεζομένην
3540 1805 3625 1858 καὶ
3682 1811 3755 1879 τῇ

388 1894 708 1962 mirabilia,
757 1890 1015 1970 puellam
1050 1888 1289 1966 quidem
1324 1889 1574 1950 honeste
1597 1889 1933 1969 sedentem,
1969 1901 2026 1950 et

379 1985 534 2046 libro
566 1981 1040 2053 incumbentem,
1075 1977 1518 2040 adolescentem
1555 1991 1751 2041 autem
1808 1999 2022 2058 quem-

379 2075 514 2135 dam
550 2089 735 2155 prope
765 2088 893 2132 eam
944 2074 1224 2144 stantem,
1263 2067 1397 2130 luce
1428 2069 1670 2148 quidem
1708 2069 2018 2145 ineffabili,

381 2160 828 2246 pulchritudine
861 2176 994 2220 vero
1029 2158 1582 2238 incredibili,veluti
1608 2159 1878 2238 quaedam
1904 2159 2020 2221 tela

378 2253 626 2333 fulguris
657 2248 1027 2312 emittentem
1055 2265 1123 2309 ex
1148 2247 1506 2312 oculileaec
1529 2257 1840 2328 postquam
1864 2249 2019 2311 vide-

375 2353 542 2423 runt,
579 2350 636 2403 et
667 2348 825 2400 metu
855 2338 1249 2416 diriguerunt,
1314 2347 1371 2399 et
1399 2339 1491 2398 vix
1551 2339 1786 2399 tandem
1825 2361 1836 2396 :
1875 2339 2018 2410 Quis

375 2442 464 2497 est
489 2434 646 2494 sicut
675 2428 1152 2492 Christianorum
1189 2429 1346 2490 Deus
1367 2435 1394 2491 ?
1418 2428 1923 2500 exclamaverunt,
1958 2437 2018 2490 et

373 2522 550 2585 simul
585 2539 704 2582 non
735 2520 994 2580 ferentes
1023 2517 1456 2597 spectaculum,
1487 2527 1650 2578 recte
1681 2536 1881 2579 secum
1921 2518 2016 2595 agi

374 2615 678 2694 putabant,
713 2608 764 2669 si
793 2607 1085 2685 fugerent,
1115 2616 1173 2666 et
1205 2607 1515 2668 celeritate
1550 2608 1807 2668 maxima
1838 2611 2016 2668 domo

375 2702 634 2776 exibant,
668 2715 878 2761 omnes
907 2695 1149 2776 quidem
1205 2696 1370 2756 obliti
1414 2697 1709 2770 libidinis,
1744 2697 2017 2759 nonnulli

372 2801 569 2854 autem
605 2790 778 2850 etiam
813 2787 939 2866 ipsa
969 2787 1272 2865 impietate
1327 2786 1618 2866 ahjurata.
1671 2785 1789 2849 Sed
1822 2806 2016 2867 neque

373 2883 500 2942 Ιιωο
525 2875 816 2958 ignoravit
868 2873 1281 2954 Maximianus,
1335 2877 1438 2937 sed
1493 2895 1626 2938 eum
1682 2878 2016 2939 rescivisset

376 2970 660 3048 virginem
696 2964 936 3047 quidem
972 2983 1090 3024 non
1123 2983 1298 3044 posse
1330 2965 1463 3045 capi
1487 2965 1561 3026 ab
1594 2967 1664 3026 iis
1695 2967 1796 3045 qui
1821 2967 2011 3046 ipsam

372 3058 712 3130 servabant,
769 3053 1079 3127 militibus,
1141 3055 1288 3133 quin
1319 3054 1498 3116 etiam
1532 3055 1752 3116 multos
1782 3074 1852 3117 ex
1884 3055 2012 3117 suis

373 3167 507 3210 esse
534 3147 807 3218 victos,et
836 3142 1121 3204 didicisse
1150 3143 1338 3204 Deum
1372 3144 1468 3223 pie
1499 3145 1723 3218 colere,
1742 3143 1845 3205 Dei
1872 3162 2012 3222 gra-

2109 1891 2274 1968 βίϐλῳ
2325 1895 2708 1972 ἐγκύπτουσαν,
2770 1894 3040 1950 νεανίσκον
3111 1891 3165 1949 δέ
3238 1915 3356 1948 τινα
3410 1893 3579 1969 ταύτῃ
3639 1915 3755 1948 πα·-

2108 1987 2346 2059 ρεστιῦτα
2401 1986 2533 2048 φωτὶ
2577 1984 2674 2058 μὲν
2739 1982 2973 2061 ἀῤῥήτῳ,
3007 1981 3192 2038 κάλλει
3226 1981 3282 2037 δὲ
3323 1981 3606 2060 ἀποῤῥῆτῳ
3647 1984 3754 2058 βο-

2105 2071 2250 2134 λίδας
2324 2073 2503 2147 ὥσπερ
2571 2073 2847 2150 ἀστραπῆς
2932 2078 3039 2128 τῶν
3099 2070 3274 2147 ὄψεων
3331 2072 3750 2146 ἀποπέμποντα,

2105 2162 2280 2220 Ταῦτα
2333 2165 2405 2226 ὡς
2451 2160 2597 2218 εἶδον
2631 2162 2990 2240 ἀπεπάγησάν
3020 2183 3078 2219 τε
3108 2169 3184 2236 τῷ
3213 2159 3318 2217 δέει
3361 2162 3446 2217 καὶ
3503 2161 3602 2237 ὀψὲ
3661 2164 3752 2218 καὶ

2103 2251 2284 2331 μόλις,
2340 2254 2427 2316 Τίς
2486 2254 2615 2315 Θεὸς
2674 2253 2746 2315 ὡς
2804 2258 3133 2329 Χριστιανῶν
3192 2253 3364 2324 Θεὸς,
3429 2248 3743 2324 ἐξεϐόησαν,

2100 2342 2186 2395 καὶ
2217 2342 2330 2415 ἅμα
2377 2343 2476 2408 τὴν
2517 2340 2640 2397 θέαν
2684 2341 2747 2396 αὖ
2792 2340 3036 2420 φέροντες
3090 2342 3298 2420 φεύγειν
3342 2341 3595 2413 ἠπάπων,
3649 2343 3743 2396 καὶ

2102 2431 2192 2485 σὺν
2252 2429 2438 2505 πολλῷ
2491 2431 2566 2504 τῷ
2608 2431 2768 2510 τάχει
2800 2434 2896 2499 τῆς
2943 2433 3109 2493 οἰκίας
3138 2429 3383 2506 ἒξῂεσαν,
3419 2431 3611 2492 πάντες
3644 2431 3745 2504 μὲν

2100 2518 2376 2597 ἁσελφείας
2435 2519 2837 2593 ἐπιλαθόμενοι,
2883 2519 3009 2575 ἔνιοι
3067 2517 3121 2574 δὲ
3181 2520 3278 2576 καί
3327 2519 3492 2586 αὐτὴν
3542 2519 3739 2595 ἐξομο-

2098 2611 2320 2684 σάμενοι
2400 2611 2495 2676 τὴν
2573 2608 2842 2670 ἀσέϐειαν.
2902 2611 2974 2668 0-3
3055 2613 3160 2683 μὴν
3219 2610 3337 2667 οὔδε
3401 2607 3732 2684 ΜαΞιμιανὸς

2097 2699 2331 2776 ἠγνόησε
2383 2705 2545 2756 ταῦτα
2580 2717 2592 2730 ·
2643 2699 2779 2754 ἀλλά
2826 2701 3008 2774 μαθὼν
3061 2699 3208 2764 ὅπως
3253 2702 3286 2766 ἡ
3338 2699 3435 2774 μὲν
3484 2699 3740 2778 παρθένος

2099 2787 2394 2866 ἀχείρωτος
2452 2790 2539 2844 καὶ
2598 2793 2780 2852 αὐτοῖς
2842 2789 2940 2866 ἄρα
3011 2803 3129 2850 τοῖς
3192 2787 3509 2869 φυλάττουσι
3568 2810 3738 2867 στρα-

2095 2876 2333 2955 τιώταις,
2367 2875 2563 2934 πολλοὶ
2619 2874 2671 2932 δὲ
2732 2882 2839 2932 τῶν
2897 2878 3102 2934 ἐκείνου
3134 2876 3340 2952 μᾶλλον
3384 2877 3740 2956 κεχείρωνται

2095 2968 2182 3021 καὶ
2239 2965 2506 3022 θεοσεϐεϊν
2563 2964 2940 3046 ἐδιδάχθησαν,
3009 2967 3230 3043 γοητείᾳ
3299 2967 3397 3033 τὴν
3453 2977 3545 3024 τοῦ
3605 2975 3740 3024 Θεοῦ

2098 3055 2258 3134 χάριν
2290 3054 2580 3136 ἐπέγραψε,
2614 3056 2701 3112 καὶ
2753 3054 2833 3111 ὅτι
2877 3055 3096 3134 τέχναις
3126 3058 3172 3111 οἰ
3201 3059 3529 3134 Χριλτιανοὶ,
3563 3055 3738 3132 λέγυῑν

2095 3145 2226 3222 πρὸς
2278 3145 2489 3212 ἀπάτην
2535 3152 2700 3201 ταῦτα
2743 3151 2847 3201 τῶν
2912 3143 3126 3202 πολλῶν
3184 3146 3526 3222 πράττουσιν,
3586 3142 3737 3202 Ἀλλ’

371 3239 515 3300 tiam
547 3232 882 3298 ascribebat
911 3231 1300 3293 incantationi
1333 3251 1347 3294 :
1384 3233 1594 3294 dicens
1642 3232 2010 3296 Christianos

2097 3233 2298 3299 ἐκεῖνος
2329 3235 2426 3309 μὲν
2458 3244 2622 3293 ταῦτα
2673 3233 2842 3312 λέγων
2889 3235 3074 3290 ἑαδτόν
3129 3233 3334 3310 μᾶλλον
3378 3235 3592 3308 ὠπάτα,
3647 3236 3737 3290 καὶ

369 3329 458 3390 uti
488 3325 752 3388 artiﬁciis
780 3323 854 3384 ad
879 3320 1087 3398 vulgus
1119 3320 1568 3399 decipiendum.
1595 3323 1708 3385 Sed
1743 3323 1843 3384 ille
1873 3327 2010 3404 qui-

369 3418 505 3478 dem
541 3416 668 3476 hzec
699 3412 930 3485 dicens,
980 3409 1244 3490 seipsum
1309 3410 1504 3491 potius
1560 3411 1924 3492 decipiebat,
1955 3422 2011 3476 et

365 3505 709 3586 quicunque
734 3501 827 3562 his
858 3499 1033 3577 nugis
1063 3500 1328 3561 animum
1360 3499 1747 3564 adhibebant.

446 3592 629 3656 XXII.
664 3591 772 3654 Ille
803 3598 1002 3652 autem
1046 3588 1255 3668 plenus
1288 3590 1535 3665 lumine,
1569 3591 1670 3670 qui
1702 3590 2011 3654 videbatur

365 3684 580 3765 virgini
609 3683 908 3760 assistere,
943 3697 1079 3739 cum
1137 3697 1268 3740 eam
1323 3679 1502 3741 domo
1539 3681 1864 3758 eduxisset,
1899 3700 2006 3743 suo

366 3775 594 3836 lumine
627 3769 978 3853 praecedens
1009 3767 1368 3830 deducebat.
1406 3770 1637 3832 Deinde
1660 3789 1794 3832 cum
1827 3771 2004 3832 etiam

365 3865 712 3926 adduxisset
743 3875 930 3940 usque
958 3857 1031 3919 ad
1066 3875 1294 3919 sacram
1345 3859 1687 3934 ecclesiam,
1721 3879 1850 3922 eam
1882 3869 2006 3922 sta-

365 3954 481 4015 tuit
500 3954 563 4013 in
585 3950 874 4013 vestibulo
901 3969 916 4022 ;
951 3955 1010 4008 et
1030 3946 1312 4024 cum,Pax
1348 3948 1477 4024 tibi,
1504 3950 1772 4026 dixisset,
1797 3969 2000 4012 reces-

367 4044 469 4106 sit.
495 4042 640 4104 Eam
700 4049 899 4101 autem
960 4037 1174 4099 invasit
1229 4047 1288 4098 et
1343 4047 1558 4115 metus,
1611 4049 1670 4101 et
1699 4041 2000 4119 gaudium.

362 4134 556 4196 Metus
585 4127 1016 4212 quidem,quod
1036 4126 1138 4188 ille
1161 4145 1290 4188 eam
1314 4128 1694 4209 reliquisset;
1725 4131 2004 4208 gaudium

368 4240 532 4298 vero,
564 4220 726 4298 quod
773 4217 1227 4280 libidinosorum
1289 4235 1499 4278 manus
1558 4218 1642 4278 sic
1676 4220 1998 4298 effugisset,

363 4313 516 4374 nihil
575 4329 746 4392 passa
801 4307 1177 4370 indecorum.
1229 4307 1545 4368 Accedens
1596 4326 1760 4385 ergo,
1812 4309 2004 4388 pulsat

362 4403 582 4465 ostium
645 4399 843 4481 populi
897 4399 1021 4476 jam
1076 4396 1440 4474 congregati,
1495 4406 1552 4457 et
1602 4406 1896 4460 nocturna
1927 4400 2001 4461 de

363 4511 530 4554 more
579 4492 702 4554 Deo
730 4488 1020 4550 canentis.
1047 4485 1193 4547 Cum
1237 4494 1436 4546 autem
1461 4487 1662 4565 januae
1689 4488 1998 4570 strepitum

2097 4490 2177 4544 τοῦ
2233 4494 2338 4544 τῶν
2398 4487 2577 4546 πυλῶν
2609 4490 2781 4569 ψόφου
2823 4488 3012 4556 ἤσθετό
3039 4512 3119 4552 τις
3175 4491 3279 4545 τῶν
3321 4486 3607 4572 διακόνων,

360 4581 652 4644 sensisset
680 4578 924 4659 quidam
946 4576 1325 4649 diaconus,et
1344 4593 1614 4655 quaenam
1642 4588 1798 4640 esset
1817 4580 1999 4642 resci-

355 4671 561 4744 visset,
612 4665 971 4730 renuntiavit
1000 4664 1074 4725 iis
1117 4665 1218 4744 qui
1272 4673 1443 4726 erant
1472 4667 1625 4728 intra
1653 4667 1993 4734 ecclesiam.

357 4760 584 4824 Omnes
608 4759 806 4838 itaque
823 4756 897 4818 ad
919 4773 1050 4818 eam
1081 4755 1411 4818 conﬂuunt.
1437 4758 1590 4819 Nam
1622 4757 1840 4839 alioqui
1874 4775 1999 4822 erat

359 4854 538 4916 etiam
573 4847 789 4912 illustri
821 4845 1227 4926 genere,sicut
1255 4844 1611 4922 audivimus;
1646 4853 1864 4910 virtute
1895 4867 1998 4911 au-

359 4951 481 5005 tem
507 4940 690 5002 multo
722 4935 1031 4999 illustrior.
1066 4938 1209 4999 Cum
1254 4954 1384 4997 eam
1422 4953 1562 5014 ergo
1594 4936 1906 5014 vidissent,
1942 4948 2000 5002 et

361 5050 510 5114 quos
533 5038 591 5092 et
606 5027 888 5110 quidnam
913 5025 1177 5088 volentes
1196 5024 1520 5105 effugisset,
1546 5025 1994 5105 intellexissent,

359 5131 424 5185 et
444 5137 714 5203 quasnam
746 5117 846 5179 illa
877 5117 937 5178 in
970 5134 1075 5178 eos
1106 5115 1353 5178 fecisset
1385 5115 1996 5198 miracula,quosnam

357 5213 597 5295 quidem
629 5212 818 5271 fontes
841 5207 1229 5295 lacrymarum
1264 5223 1387 5266 non
1423 5216 1734 5267 moverunt
1761 5205 1784 5268 ἲ
1813 5225 1995 5286 quas-

354 5293 491 5365 nam
522 5308 716 5362 autem
777 5312 952 5358 voces
1009 5293 1084 5354 ad
1132 5295 1320 5358 Deum
1374 5311 1494 5356 non
1527 5295 1904 5360 emiserunt?
1935 5296 1997 5358 in

357 5389 652 5472 principio
683 5387 924 5466 quidem
953 5391 1192 5463 raptum
1247 5383 1496 5472 virginis
1528 5385 1905 5468 miserantes,
1935 5386 1998 5449 in

357 5471 478 5541 line
510 5495 646 5538 vero
676 5475 890 5554 impios
919 5472 1164 5555 quidem
1191 5471 1448 5534 miseros
1471 5473 1757 5536 ducentes
1787 5493 1800 5538 :
1834 5476 1996 5539 illam

362 5586 500 5632 vero
519 5566 874 5648 quibusnam
895 5583 1013 5624 non
1031 5571 1484 5644 persequuntur
1498 5561 2000 5631 beatitudinibus‘!

2093 3321 2207 3380 ὅσοι
2234 3324 2492 3387 τοιούτοις
2522 3325 2658 3392 ἦσαν
2687 3323 2872 3394 λήροις
2903 3325 3283 3404 προσέχοντες.

2174 3589 2300 3650 ΚΒ’.
2364 3589 2422 3650 Ὀ
2454 3591 2508 3648 δὲ
2545 3590 2752 3671 πλήρης
2784 3593 2959 3671 φωτὸς
3018 3592 3253 3672 ἐκεῖνος,
3289 3595 3316 3648 ὁ
3349 3597 3414 3668 τῇ
3451 3591 3584 3668 γόρῃ
3618 3615 3730 3648 πα-

2091 3682 2336 3760 ρεστάναι
2395 3682 2738 3761 φαινόμενος,
2786 3686 2884 3751 τῆς
2943 3682 3108 3745 οἰκίας
3167 3681 3331 3750 αὐτὴν
3385 3679 3732 3759 ὑπεξαγαγὼν

2088 3776 2166 3844 τῷ
2210 3772 2387 3845 οἰκείῷ
2437 3772 2571 3849 φωτὶ
2627 3771 2878 3850 προάγων
2933 3769 3132 3849 ὼδήγει
3169 3789 3182 3802 ·
3247 3772 3372 3828 εἶτα
3427 3774 3515 3827 καὶ
3564 3771 3735 3851 μέχρι

2087 3863 2186 3927 τῆς
2243 3864 2382 3937 ἱερᾶς
2440 3859 2728 3928 ἐκκλησίας
2781 3860 3074 3938 ἀπαγαγὼν
3127 3862 3198 3936 τῷ
3227 3861 3430 3921 πυλῶνι
3461 3861 3730 3940 ἐφίστησι,

2089 3951 2200 4025 καὶ,
2253 3952 2451 4030 Εἰρήνη
2508 3973 2617 4029 σοι,
2681 3952 3004 4030 προσειπὼν,
3082 3951 3258 4008 ἀπιων
3307 3949 3510 4030 ᾤχετο.
3563 3954 3626 4006 Ἠ
3677 3949 3734 4006 δὲ

2089 4037 2236 4119 φόϐῳ
2280 4040 2556 4119 συνείχετο
2584 4042 2671 4097 καὶ
2703 4047 2846 4120 χαρᾷ
2883 4063 2894 4072 ·
2930 4040 3077 4120 φόϐῳ
3108 4041 3206 4112 μὲν
3253 4039 3336 4096 διὰ
3386 4041 3485 4106 τὴν
3529 4038 3731 4103 ἐκείνου

2091 4128 2430 4209 κατάλειψιν,
2511 4130 2656 4210 χαρᾷ
2725 4131 2803 4207 δὲ,
2865 4130 2946 4187 ὅτι
3033 4130 3274 4209 ἀσελγῶν
3333 4128 3470 4186 οὕτω
3528 4147 3727 4209 χετρας

2086 4217 2301 4298 ἐκφύγοι
2387 4218 2554 4294 μηδὲν
2638 4217 2867 4295 ἄσεμνον
2936 4223 3286 4294 ὑπομείνασα,
3361 4219 3732 4298 Προσελιθοῦσα

2084 4309 2256 4365 τοίνυν
2314 4308 2501 4366 κόπτει
2564 4310 2661 4376 τὴν
2717 4310 2872 4384 θύραν
2915 4308 3016 4376 ἤδη
3075 4317 3169 4366 τοῦ
3217 4309 3346 4366 λαοῦ
3375 4309 3728 4389 ἠθροισμένον

2083 4399 2171 4454 καὶ
2213 4400 2278 4454 τὰ
2327 4400 2598 4477 νυκτερινὰ
2661 4402 2897 4470 συνήθως
2956 4405 3033 4472 τῷ
3083 4407 3200 4459 Θεῶ
3242 4396 3480 4472 ᾅδοντος.
3528 4403 3624 4466 Ὦς
3672 4400 3728 4456 δὲ

3639 4495 3730 4548 καὶ

2081 4576 2198 4643 ἥτις
2269 4577 2335 4644 ἦν
2387 4577 2563 4645 ἐκείνη
2626 4580 2806 4654 μαθὼν
2863 4580 2984 4644 τοῖς
3075 4577 3219 4635 ἔνδον
3274 4584 3374 4649 τῆς
3431 4578 3726 4648 ἐκκλησίας

2081 4667 2402 4748 ἀπήγγειλε,
2465 4668 2730 4747 συρρἐουσι
2767 4671 2862 4746 μὲν
2918 4671 2990 4734 ὡς
3050 4670 3209 4736 αὗτὴν
3243 4669 3438 4733 πάντες
3473 4669 3489 4698 ‘
3522 4670 3591 4738 ἦν
3629 4673 3730 4749 γὰρ

2082 4761 2169 4814 καὶ
2225 4756 2387 4824 ἄλλος
2443 4759 2504 4814 ἐκ
2560 4759 2742 4835 γένους
2819 4760 3192 4835 μεμαθηκότες
3251 4759 3360 4814 τῶν
3413 4759 3727 4840 ἐπισήμων,

2080 4847 2259 4926 ὥσπερ
2318 4849 2645 4923 ἠκούσαμεν,
2704 4848 2892 4923 πολλῷ
2947 4847 3002 4906 δὲ
3067 4849 3164 4917 τὴν
3222 4849 3417 4922 ἀρετὴν
3449 4846 3731 4925 ἐπισημο-

2081 4939 2230 5016 τέρα.
2290 4939 2498 5006 Ταύτην
2541 4941 2627 4996 οὖν
2676 4937 2902 5014 ἰδόντες,
2960 4941 3047 4996 καὶ
3081 4941 3224 5003 τίνος
3277 4937 3375 5013 μὲν
3425 4936 3626 5018 διέδρα,
3677 4943 3731 4996 τί

2081 5026 2135 5084 δὲ
2179 5029 2266 5084 καὶ
2323 5027 2676 5104 βουλομένους
2735 5031 3135 5107 μεμαθηκότες,
3182 5030 3270 5084 καὶ
3299 5027 3396 5084 οἶα
3441 5028 3565 5085 κατ’
3621 5033 3726 5088 αὑ-

2078 5120 2183 5175 τῶν
2232 5119 2409 5185 ἐκείνη
2464 5124 2570 5174 τῶν
2626 5117 2936 5177 ἀκολάστων
2993 5118 3504 5197 θαυματουργήσειε,
3566 5120 3725 5181 ποίας

2079 5208 2178 5283 μὲν
2208 5209 2302 5265 οὐκ
2332 5207 2534 5264 ἐκίνουν
2565 5205 2801 5287 δακρύων
2835 5210 3037 5287 πηγὰς,
3093 5208 3246 5273 ποίας
3289 5204 3344 5262 δὲ
3389 5206 3484 5262 οὒκ
3527 5208 3726 5276 ἠπίου-ι

2079 5299 2211 5375 πρὸς
2267 5299 2397 5353 Θεὸν
2456 5299 2657 5377 φωνὰς,
2713 5297 2767 5354 ἐν
2826 5297 2973 5377 ἀρχῇ
3031 5296 3127 5372 μὲν
3170 5297 3266 5364 τὴν
3313 5295 3568 5375 παρθένον
3619 5304 3724 5365 τῆς

2080 5385 2328 5465 ἁρπαγῆς
2373 5388 2746 5467 οἰκτείροντες,
2807 5387 2892 5444 ἐπὶ
2942 5385 3087 5443 τέλει
3139 5385 3194 5442 δὲ
3223 5385 3344 5452 τοὺς
3375 5386 3472 5462 μὲν
3502 5384 3722 5452 ἀσεϐεῖς

2079 5475 2467 5551 ταλανίζοντες,
2502 5476 2710 5545 ἐκείνην
2739 5477 2796 5534 δὲ
2849 5477 3006 5534 τίνων
3059 5479 3152 5536 οὒκ
3209 5475 3471 5543 ἀξιοῦντες
3531 5499 3723 5551 μακα-

2080 5571 2335 5646 ρισμῶν;
2391 5565 2455 5624 Ἦ
2495 5565 2548 5624 δὲ
2603 5567 2772 5647 ῥίπτει
2832 5568 2929 5644 μὲν
2987 5567 3182 5636 ἑαυτὴν
3229 5567 3300 5632 εἰς
3353 5567 3455 5647 γῆν
3486 5566 3581 5624 καί
3611 5573 3723 5626 τῶν
