4020 6132
193 275 355 340 1065

1339 271 1527 338 VITA
1569 263 1674 336 ss.
1721 273 1906 337 INDE
1948 255 2393 372 ΕΤ1ΠΟΜΝᾸδ.

3411 277 3566 345 1066

188 413 352 488 ἱερῶν
410 411 776 489 θυσιαστηρίου
841 405 1062 466 ἅπτεται
1133 406 1438 487 κιγκλίδων,
1503 406 1710 486 δακρύει
1781 407 1834 464 δὲ

1929 405 2026 468 [lla
2054 414 2248 468 autem
2302 405 2562 485 seipsam
2624 403 2865 484 quidem
2911 403 3054 482 jacit
3095 404 3287 483 humi,
3341 417 3401 471 et
3448 429 3566 474 arm

187 499 388 577 οὕτως⁹
420 503 493 564 ὡς
541 501 628 557 καὶ
658 500 779 563 τοὺς
828 502 1062 576 ὁρῶντας
1119 498 1193 562 εἷς
1242 496 1428 572 ὅμοιον
1459 501 1672 564 κινῆσαι
1723 496 1834 555 παί-

186 593 284 652 θος
345 592 433 647 καὶ
483 589 718 665 δακρύων
774 589 922 666 ῥοὰς,
955 588 1107 658 κοινή
1156 609 1214 644 τε
1261 588 1392 665 πρὸς
1425 587 1556 642 Θεὸν
1611 586 1834 666 εὔχαρι-

188 679 317 735 στία
373 681 434 735 εκ
463 677 674 758 καρδίας
731 682 928 756 θερμῆς
983 680 1204 755 γίνεται.
1265 674 1430 734 Ἀλλὰ
1485 676 1550 733 τὰ
1598 675 1696 751 μὲν
1737 681 1834 742 τῆς

187 767 457 847 παρθένου
497 767 714 824 τοιαῦτα
744 769 831 824 ναὶ
862 766 1025 832 οὕτως
1066 765 1287 846 ἔχοντα.

279 943 406 1003 Kl".
482 943 796 1020 Μαξιμιανῷ
851 941 906 1000 δὲ
976 944 1076 1022 ἄρα
1129 950 1207 1018 τῷ
1277 950 1494 1023 πονηρῷ
1550 943 1645 999 καί
1713 941 1834 1005 τοὺς

190 1034 584 1110 δπηρετοῦντας
648 1031 748 1089 ἔδει
807 1035 1071 1113 πονηροὺς
1134 1039 1273 1092 εἴναι
1334 1035 1420 1091 καὶ
1479 1037 1580 1100 τῆς
1645 1029 1830 1105 αὒτῆς,

1918 513 2120 557 sacros
2150 494 2332 573 tangit
2361 492 2682 568 cancellos,
2711 495 2812 554 ﬂet
2831 510 2972 554 vero
3004 500 3120 554 tam
3153 495 3560 576 vehementer,

1917 592 1980 645 ut
2010 603 2115 646 eos
2146 583 2323 645 etiam
2375 583 2478 664 qui
2526 582 2831 658 videbant,
2879 581 2951 644 ad
3003 584 3259 646 similem
3295 595 3566 653 moveret

1917 672 2290 735 aﬂ‘ectionem
2339 679 2397 732 et
2445 671 2665 732 ﬂuenta
2712 673 3128 752 lacrymarum,
3177 673 3360 754 ﬁtque
3391 694 3560 738 com-

1919 761 2116 823 munis
2136 761 2206 822 ad
2239 759 2426 822 Deum
2454 759 2774 839 gratiarum
2805 760 2960 822 actio
2991 768 3111 823 toto
3143 770 3407 843 pectore.
3441 765 3562 830 Sed

1917 847 1996 908 ita
2026 847 2270 923 quidem
2302 864 2369 908 se
2399 845 2699 908 habebant
2727 865 2826 909 res
2854 847 3118 928 virginis.

1994 934 2198 998 XXIII.
2222 934 2501 1015 Improbo
2514 944 2712 998 autem
2730 935 3087 1000 Maximiano
3110 939 3423 1021 oportebat
3453 943 3563 1005 im-

1917 1025 2137 1104 probos
2158 1025 2332 1088 etiam
2351 1041 2484 1087 esse
2506 1024 2840 1100 ministros,
2864 1035 2923 1088 et
2943 1046 3012 1088 ex
3036 1028 3270 1107 eadem,
3287 1038 3351 1092 ut
3373 1033 3558 1111 aiunt,

187 1120 219 1176 ὅ
280 1107 431 1201 φασι,
477 1123 787 1201 κεραμείας.
849 1107 999 1179 ”Οσοι
1062 1123 1233 1182 τοίνυν
1293 1121 1619 1198 Μαξιμιανὸν
1676 1124 1826 1179 εὗσε-

1929 1113 2137 1178 lidelia.
2167 1114 2514 1195 Quicunque
2529 1131 2669 1193 ergo
2694 1114 2790 1194 pie
2811 1113 2998 1177 Deum
3020 1117 3283 1181 colentes
3301 1107 3564 1184 latebant

184 1200 408 1272 ϐοῦντες
464 1200 766 1286 ἐλάνθανον,
814 1211 955 1267 οὗτοι
1003 1212 1238 1290 καθάπερ
1295 1213 1341 1268 οἱ
1395 1209 1664 1288 θηρατικοὶ
1724 1213 1829 1264 τῶν

1929 1200 2354 1284 llaximianum,
2390 1201 2433 1263 ii
2468 1202 2604 1265 illos
2634 1223 2754 1264 non
2795 1222 2971 1266 secus
3001 1223 3070 1268 ac
3096 1207 3352 1270 venatici
3381 1228 3562 1274 canes

78 1361 81 1366 _
183 1298 365 1354 κυνῶν
407 1298 771 1378 ἀνιχνεύοντες
822 1301 1174 1374 κατεμήνυον.
1211 1289 1276 1358 Οἵ
1312 1321 1373 1378 γε
1405 1299 1492 1355 καὶ
1535 1297 1669 1354 κατὰ
1703 1306 1827 1352 Am-

1933 1293 2348 1371 nvestigantes,
2372 1291 2811 1371 signiﬁcabant.
2847 1292 2959 1365 Qui
2990 1294 3233 1374 quidem
3259 1297 3434 1360 etiam
3463 1299 3568 1362 ad.

171 1387 364 1464 ροθέου
434 1389 524 1443 τὸν
581 1389 738 1444 αὑτοῦ
790 1389 952 1463 θυμὸν
1020 1388 1346 1463 ἀνακαίουσι,
1409 1387 1676 1465 Δωροθέου
1733 1391 1825 1444 τοῦ

1929 1399 2120 1443 tersus
2168 1380 2554 1462 Dorotbeum,
2609 1381 2710 1462 qui
2761 1383 2950 1461 gloria
2999 1384 3242 1464 quidem
3294 1394 3352 1448 et
3402 1388 3562 1463 civili

170 1476 282 1543 τὴν
339 1477 439 1550 μὲν
496 1473 645 1542 δόξαν
702 1478 788 1533 καὶ
846 1477 948 1544 τῆν
1019 1476 1300 1544 πολιτικὴν
1346 1475 1490 1542 ἀξίαν
1547 1476 1829 1557 ἐπιφανοῦς

1929 1469 2204 1546 iignitate
2252 1469 2528 1547 insignis,
2585 1479 2648 1531 ut
2691 1470 2793 1551 qui
2836 1473 3186 1552 praepositus
3253 1485 3565 1539 vocaretur

173 1563 564 1643 (πραιπόσιτον
617 1562 835 1622 Ἰταλῶν
893 1565 1104 1645 γλῶττα
1166 1567 1362 1633 ταύτην
1421 1564 1532 1623 οἶδε
1593 1565 1830 1644 καλεῖν),

1929 1558 1989 1619 ab
2021 1557 2208 1640 Italis,
2240 1558 2457 1639 pietate
2488 1567 2686 1621 autem
2732 1567 2860 1622 erat
2903 1560 3216 1640 insignior.
3261 1564 3565 1629 Adversus

175 1653 594 1732 ἐπιφανεστέρου
654 1651 709 1708 δὲ
763 1653 861 1722 τὴν
920 1652 1208 1713 εὐσέϐειαν.
1272 1655 1418 1712 Κατὰ
1470 1654 1655 1710 τούτου
1710 1659 1833 1732 γοῦν

1929 1665 2053 1709 eum
2087 1665 2252 1726 ergo,
2285 1655 2341 1710 et
2373 1647 2768 1724 Mardonium,
2818 1656 2876 1712 et
2903 1649 3307 1730 Mygdonium,
3343 1662 3422 1731 et,
3459 1654 3564 1736 qui

177 1743 273 1797 καὶ
333 1739 621 1820 Μαρδονίου
681 1743 767 1798 καὶ
825 1740 1118 1821 Μυγδονίω
1169 1743 1255 1800 καὶ
1309 1749 1400 1798 τοῦ
1456 1741 1836 1821 προῤῥηθέντος

1929 1736 2084 1827 prius
2111 1737 2450 1827 dictus‘est,
2484 1737 2717 1814 Indem,
2766 1744 2827 1800 et
2879 1739 3166 1818 quosdam
3217 1741 3386 1817 alios,
3444 1745 3564 1807 ﬁde

177 1828 360 1888 Ἴνδου
401 1833 488 1887 καὶ
546 1829 724 1886 ἄλλων
777 1828 840 1899 δή
895 1853 1052 1888 τινων
1093 1834 1427 1912 θερμοτάτων
1472 1831 1570 1906 μὲν
1613 1831 1710 1898 τὴν
1759 1831 1832 1894 είς

1929 1825 2160 1904 quidem
2194 1827 2252 1886 in
2273 1825 2571 1888 Christum
2594 1827 2941 1902 acerrimos,
2969 1829 3345 1908 imperatoris
3366 1839 3563 1896 autem

179 1921 412 1998 Χριστὸν
489 1923 689 2000 πίστιν,
751 1919 1116 1999 περιϐλέπτων
1173 1918 1227 1977 δὲ
1309 1921 1407 1988 τὴν
1467 1921 1538 1985 εἷς
1611 1918 1833 1996 βασιλέα

1929 1915 2143 1976 honore
2176 1914 2392 1992 claros,
2425 1915 2750 1978 immittunt
2794 1915 2914 1978 tela
2964 1917 3301 1984 calumnias.
3333 1919 3408 1982 Hi
3439 1922 3563 1984 sci-

179 2008 373 2085 τιμὴν,
433 2007 566 2085 βέλη
611 2006 865 2076 διαϐολῆς
923 2010 1248 2085 πέμπουσιν
1315 2009 1455 2067 οὗτοι
1510 2007 1714 2076 δηλαδὴ
1755 2010 1831 2064 ὧν

1929 2003 2078 2079 ηἰοοι,
2110 2023 2362 2084 quorum
2397 2003 2609 2066 dentes
2652 2023 2818 2066 arma
2846 2013 2905 2068 et
2946 2007 3192 2086 sagitta,
3227 2015 3286 2070 et
3328 2008 3560 2090 lingua,

183 2102 231 2154 οἱ
293 2095 498 2162 ὀδόντες
556 2096 696 2154 ὅπλα
754 2100 841 2157 καὶ
871 2097 1029 2173 βέλη,
1066 2101 1150 2155 καὶ
1207 2101 1242 2168 ἡ
1300 2097 1541 2177 γλῶσσα,
1573 2099 1708 2155 κατὰ
1765 2097 1830 2152 τὰ

181 2187 303 2265 ἱερὰ
345 2187 501 2266 φάναι
559 2185 740 2267 λόγια,
771 2188 1018 2267 μάχαιρα
1068 2187 1239 2254 ὀξεῖα,
1275 2190 1332 2245 Εἰ
1379 2185 1600 2262 παῖδας,
1635 2186 1828 2266 λέγον-

184 2297 302 2355 τες,
349 2278 394 2330 ὦ
435 2274 675 2352 βασιλεῦ,
706 2280 793 2332 καὶ
836 2277 1050 2343 τούτους
1090 2282 1359 2341 οἰκοῦντας
1417 2277 1470 2332 ἐν
1501 2288 1616 2338 τοῖς
1672 2277 1828 2353 βασι-

186 2364 353 2428 λείοις
402 2378 518 2430 τοϊς
550 2379 667 2431 σοῖς
718 2367 936 2423 καὶτῶν
987 2367 1094 2423 σῶν
1124 2364 1277 2431 ὄντας
1308 2365 1559 2434 ὑπηκόων
1606 2365 1834 2422 ὑποτάτ-

185 2475 304 2509 τειν
359 2449 655 2528 ἀδυνατεϊς,
688 2457 738 2510 τί
767 2451 831 2522 δὴ
877 2455 964 2510 καὶ
993 2455 1113 2518 τοὺς
1160 2453 1352 2518 ἀλλους
1383 2457 1581 2511 πειθειν
1612 2453 1836 2532 ἀπιχει-

187 2554 330 2621 ρεϊς,
412 2541 640 2612 ἀνήνυτα
711 2544 926 2618 κάμνων
983 2545 1070 2600 καὶ
1141 2543 1378 2619 ματαίως
1435 2542 1835 2620 ταλαιπωρῶν;

186 2629 385 2710 Σχολῇ
453 2631 553 2710 γὰρ
615 2630 676 2687 ἂν
740 2635 880 2688 οὗτοι
939 2635 1345 2708 μεταπεισθεϊεν
1399 2639 1493 2688 τοῦ
1550 2629 1834 2710 δόγματος,

189 2720 419 2785 ἐκείνους
491 2722 715 2798 ὁρῶντες
760 2720 930 2788 ἡδέως
997 2723 1152 2796 ἡμῶν
1223 2721 1704 2796 καταμοκωμὲνους
1754 2722 1839 2776 καὶ

189 2808 317 2888 παρ’
375 2807 520 2866 οὐδὲν
549 2811 608 2865 τὸ
657 2811 918 2888 αὐστηρὸν
945 2813 1036 2867 τοῦ
1084 2817 1176 2867 σοῦ
1208 2810 1444 2887 βήματος
1503 2808 1832 2885 τιθεμένους.

1911 2101 1975 2154 ut
2005 2092 2196 2154 dicam
2230 2112 2364 2155 cum
2398 2111 2571 2156 sacra
2613 2092 2920 2174 Scriptura
2959 2095 3012 2173 6,
3057 2097 3289 2176 gladius
3327 2107 3563 2178 acutus,

1913 2181 2236 2244 dicentes:
2272 2181 2334 2242 Si
2363 2199 2588 2258 servos,
2643 2201 2678 2244 ο
2721 2181 3068 2265 imperator,
3114 2192 3174 2248 et
3223 2204 3326 2248 eos
3371 2189 3472 2269 qui
3501 2187 3566 2252 in

1917 2279 2015 2332 tua
2040 2270 2204 2350 regia
2231 2269 2520 2346 habitant,
2556 2280 2612 2333 et
2639 2279 2776 2333 sunt
2807 2271 2916 2333 tibi
2941 2272 3222 2352 subjecti,
3253 2294 3374 2338 non
3398 2285 3565 2358 potes
3623 2291 3632 2298 ’

1917 2359 2260 2438 subjogare,
2294 2378 2401 2423 cur
2430 2359 2564 2420 aliis
2592 2362 2826 2422 conaris
2852 2361 3242 2442 persuadere,
3269 2363 3566 2429 inutiliter

1920 2447 2220 2525 laborans,
2253 2457 2310 2510 et
2355 2449 2572 2510 frustra
2619 2456 2677 2509 te
2724 2449 3047 2511 crucians?
3097 2449 3142 2512 Ii
3196 2453 3352 2513 enim
3406 2471 3564 2533 aegre

1921 2537 2225 2616 potuerint
2253 2536 2473 2612 abduci
2520 2555 2555 2598 a
2603 2535 2897 2614 dogmate,
2953 2537 3090 2600 illos
3141 2539 3412 2604 videntes
3452 2561 3562 2605 nos

1922 2625 2180 2688 suaviter
2209 2626 2550 2702 irridentes,
2584 2634 2644 2688 et
2675 2628 2759 2687 tui
2790 2626 3102 2690 tribunalis
3149 2628 3562 2694 austeritatem

1921 2715 2094 2776 nihili
2140 2715 2450 2777 facientes.
2498 2715 2648 2776 Vide
2702 2715 2892 2790 enim,
2943 2734 3253 2797 quousque
3290 2720 3563 2798 procedit

1921 2821 2126 2865 eorum
2176 2811 2577 2885 contemptus.
2623 2802 2754 2865 Non
2785 2806 2982 2866 solum
3013 2803 3128 2885 ipsi
3171 2815 3565 2869 contemnunt

189 2902 327 2976 ⁵Ορα
379 2899 478 2976 γὰρ
521 2899 596 2963 εἷς
665 2897 787 2956 ὅσον
845 2899 879 2967 ἡ
951 2898 1349 2978 περιφρόνησις⁰
1414 2898 1495 2954 ὅτι
1549 2901 1626 2972 μὴ
1677 2898 1834 2974 μόνον

1929 2891 2212 2954 contraria
2241 2894 2588 2968 sentientes,
2623 2891 2729 2954 sed
2761 2893 2893 2954 aliis
2920 2911 3186 2975 quoque,
3219 2895 3322 2976 qni
3351 2894 3558 2972 latent,

194 2985 578 3053 ἆντιδοξουντες
685 2988 830 3044 αὐτοὶ
935 2986 1380 3068 κατολιγωροῦσιν
1409 3033 1427 3064 ,
1513 2985 1649 3044 ἀλλὰ
1749 2987 1835 3043 καὶ

1929 2982 2016 3062 qui
2047 2981 2254 3044 eadem
2287 3001 2416 3063 quae
2445 2981 2558 3062 ipsi
2591 2982 2878 3056 sentiunt,
2919 2991 2979 3045 et
3009 2983 3292 3046 alimenta
3335 3003 3562 3065 suppe-

194 3075 380 3140 ἄλλοις
441 3075 933 3156 ἀποκρυπτομένοις
995 3083 1100 3134 τῶν
1174 3075 1440 3151 ὁμοδόξων
1511 3075 1706 3156 τροφάς
1777 3097 1832 3132 τε

1929 3071 2126 3147 ditant,
2162 3078 2221 3132 et
2248 3072 2319 3133 ad
2355 3071 2686 3134 certamina
2717 3079 2925 3152 parant
2958 3081 3016 3135 et
3046 3073 3376 3136 instruunt.
3404 3074 3561 3147 Quin

195 3165 517 3246 παρέχουσι,
582 3137 686 3222 Ικαὶ
750 3137 892 3243 ,πρὸς
976 3167 1098 3229 τοὺς
1167 3164 1430 3228 κινδύνους
1505 3137 1829 3243 ἀλείφουσιν·

1929 3137 2370 3222 etiam'mittunt
2397 3160 2626 3223 litteras
2657 3137 2734 3222 ad
2777 3179 2878 3222 eos
2925 3162 3026 3240 qui
3080 3163 3283 3242 procul
3316 3137 3560 3238 distant,

192 3254 254 3313 οῦ
286 3254 385 3330 μὲν
429 3254 564 3312 ἀλλὰ
595 3257 680 3312 καὶ
722 3268 843 3320 τοῖς
875 3254 1060 3330 πσλλῷ
1107 3254 1349 3313 διεστῶσι
1378 3256 1665 3335 γράμματα
1713 3251 1834 3310 δια-

1929 3246 2095 3309 simul
2122 3257 2179 3310 et
2212 3267 2312 3310 eos
2343 3251 2773 3311 conﬁrmantes
2806 3250 2866 3310 in
2899 3251 3216 3322 sententia,
3252 3259 3312 3314 et
3339 3251 3562 3314 exhor-

190 3345 522 3420 πέμπουσιν,
574 3343 683 3420 ἅμα
735 3366 793 3402 τε
850 3345 950 3412 τὴν
1006 3343 1155 3410 δόξαν
1218 3345 1402 3408 αὐτοῖς
1464 3343 1834 3423 ἐπιρρωνύντες

1929 3346 2111 3400 tantes
2141 3338 2215 3400 ad
2247 3340 2669 3403 constantiam.
2723 3337 2794 3401 Et
2841 3339 3063 3421 alioqui
3119 3340 3404 3422 quidquid
3449 3341 3562 3404 ad-

189 3435 281 3490 καὶ
338 3431 767 3510 παρακαλοῦντες
823 3435 954 3512 πρὸς
1012 3433 1272 3496 ἔνστασιν.
1311 3432 1527 3496 ’Ἄλλως
1558 3454 1615 3489 τε
1665 3431 1836 3489 δὲκαὶ

1929 3446 2125 3489 versus
2171 3429 2356 3506 ipsos,
2419 3435 2477 3490 et
2532 3447 2708 3510 quam
2760 3429 2984 3491 habent
3038 3430 3414 3508 religionem,
3465 3441 3566 3493 tua

194 3523 224 3578 ὃ
256 3522 321 3577 ἂν
349 3521 463 3578 κατ’
517 3523 688 3582 αὖτῶν
746 3543 803 3580 τε
835 3526 920 3580 καὶ
969 3525 1038 3590 ἧς
1085 3522 1302 3603 ἔχονται
1331 3523 1610 3603 θρησκείας
1651 3523 1714 3578 τὸ
1743 3523 1834 3578 σὸν

1929 3517 2337 3596 excogitaverit
2368 3519 2656 3598 potentia,
2689 3516 2745 3580 id
2779 3519 2984 3582 statim
3016 3536 3126 3598 per
3154 3519 3290 3580 illos
3315 3517 3389 3580 ab
3417 3519 3564 3599 ipsis

197 3611 392 3688 κράτος
447 3610 773 3689 ἐπινοήσειε,
812 3619 966 3671 τοῦτο
1023 3613 1243 3679 ἐκείνοις
1286 3614 1596 3693 κατάφωρον
1627 3609 1694 3668 δι’
1737 3611 1837 3668 αὒ-

1929 3606 2412 3687 deprehenditur.

199 3707 306 3757 τῶν
337 3701 480 3764 εὐθὺς
509 3701 734 3781 γίνεται.

284 3788 440 3852 ΚΔ¹’.
505 3789 744 3873 Ἀνήφθη
776 3795 903 3872 πρὸς
953 3793 1114 3872 ὀργῆν
1146 3791 1376 3852 ἐντεῦθεν
1426 3793 1454 3849 ὁ
1486 3790 1838 3868 Μαξιμιάνὸς,

195 3881 286 3937 καὶ
356 3883 543 3937 θᾶττον
589 3880 626 3950 ἢ
683 3880 843 3962 λόγος
901 3882 1236 3961 παραστῆναι
1294 3885 1434 3956 αὐτῷ
1490 3883 1608 3946 τοὺς
1665 3881 1841 3960 ἀγίους

193 3967 432 4028 ἐκέλευε.
512 3969 611 4028 Καὶ
665 3971 714 4026 οἱ
769 3970 864 4047 μὲν
935 3970 1298 4051 παρέστησαν,
1359 3969 1502 4028 οὐδὲν
1579 3969 1842 4034 δείσαντες

195 4055 318 4140 οὐδὲ
369 4057 532 4138 ’ίχνος
575 4080 623 4115 τι
667 4058 829 4140 φόϐου
857 4073 975 4126 τοῖς
1029 4059 1334 4139 προσώποις
1387 4060 1840 4136 ἐπισημήναντες,

199 4139 262 4205 “Ο
293 4143 349 4202 δὲ
393 4144 703 4226 δριμύτατον
747 4147 1016 4226 ἐμϐλέψας
1066 4153 1272 4222 αὐτοῖς,
1327 4158 1369 4204 Ω
1419 4149 1646 4206 κάκιστα
1701 4149 1842 4205 ἀπο-

199 4236 474 4312 λούμενοι,
516 4235 639 4316 ἔφη,
692 4237 736 4293 ὦ
797 4239 1010 4296 πάντων
1059 4237 1345 4317 ἀνθρώπων
1405 4236 1838 4318 ἀχαριστότατοι,

197 4325 250 4382 τί
309 4323 507 4395 δήποτε
535 4327 796 4395 τοσαύτης
828 4327 954 4407 παρ’
993 4329 1128 4403 ἡμῖν
1171 4327 1528 4392 ἀπολαύοντες
1560 4327 1657 4395 τῆς
1717 4327 1842 4383 ἑπι-

198 4415 418 4495 φανείας
488 4419 574 4473 καὶ
649 4425 838 4494 μικροῦ
913 4419 1069 4492 μόνοι
1144 4416 1208 4476 τὰ
1284 4415 1528 4494 βασίλεια
1597 4417 1844 4495 σκῆπτρα

2002 3782 2208 3848 XXIV.
2240 3784 2363 3846 Illis
2391 3784 2498 3846 fuit
2525 3784 2599 3846 ad
2627 3784 2777 3846 iram
2807 3803 3102 3848 accensus
3149 3783 3562 3862 Maximianus,

1924 3882 1982 3936 et
2005 3874 2164 3936 dicto
2188 3873 2360 3935 citius
2374 3873 2558 3952 jussit
2587 3882 2824 3936 sanctos
2853 3877 2928 3936 ad
2961 3893 3026 3937 se
3053 3874 3290 3936 adduci.
3315 3873 3392 3935 Et
3414 3874 3564 3935 ade-

1923 3972 2057 4026 rant
2087 3962 2326 4043 quidem
2355 3964 2436 4023 illi
2471 3963 2616 4024 nihil
2650 3963 2952 4039 timentes,
2992 3981 3188 4044 neque
3219 3963 3404 4024 ullum
3437 3962 3565 4024 for-

1924 4053 2167 4114 midinis
2183 4051 2494 4131 vestigium
2514 4052 2673 4115 vultu
2701 4070 2822 4133 prae
2843 4071 2908 4114 se
2926 4052 3214 4115 ferentes.
3237 4051 3344 4114 Ille
3368 4060 3565 4113 autem

1927 4145 2106 4203 torvis
2136 4141 2296 4221 ipsos
2324 4139 2510 4202 oculis
2539 4139 2798 4218 intuens,
2854 4139 2900 4203 Ο
2952 4141 3210 4221 pessime
3248 4140 3565 4222 perdendi,

1924 4230 2136 4310 inquit,
2170 4229 2440 4291 omnium
2487 4228 2796 4292 hominum
2843 4231 3255 4309 ingratissimi,
3292 4249 3401 4293 cur
3428 4238 3567 4291 tan-

1928 4328 2041 4381 tam
2066 4337 2100 4380 a
2125 4317 2296 4380 nobis
2318 4319 2518 4398 adepti
2537 4318 2888 4396 claritatem,
2916 4327 2975 4380 et
2998 4319 3110 4380 soli
3134 4319 3570 4400 propemodum

1927 4409 2178 4489 sceptris
2201 4407 2462 4488 praelecti
2486 4407 3035 4488 imperatoriis,tam
3060 4409 3197 4469 mali
3212 4405 3574 4488 deprehensi

198 4504 610 4582 πεπιστευμένοι
664 4505 802 4564 οὕτω
842 4507 1002 4564 κακοί
1055 4507 1172 4585 περὶ
1226 4507 1317 4562 τὸν
1361 4505 1639 4585 εὖεργέτην
1669 4503 1840 4582 ῆλέγ-

1929 4484 2071 4560 estis
2100 4499 2160 4558 in
2187 4484 2679 4560 benefactorem:
2728 4500 2824 4578 qui
2859 4515 2964 4578 pro
3011 4497 3216 4560 multis
3257 4484 3479 4560 nostris
3509 4495 3574 4557 in

203 4597 427 4674 χθητε;
488 4595 543 4651 οἳ
603 4617 664 4676 γε
721 4595 835 4651 ἀντὶ
908 4593 1120 4652 πολλῶν
1176 4595 1320 4670 ἡμᾶς
1360 4601 1467 4652 τῶν
1534 4594 1842 4672 εύεργεσιὼν

203 4683 349 4748 οἵαις
420 4682 697 4761 ἀμείϐεσθε
783 4683 991 4752 Ἰησοῦν
1045 4705 1162 4740 τινα
1219 4683 1442 4762 βασιλέα
1506 4683 1716 4748 ἑαυτοῖς
1788 4704 1847 4740 τε

204 4772 585 4853 ἐπιγράφοντες
665 4775 754 4832 καὶ
837 4787 956 4838 τοῖς
1027 4771 1206 4839 ἄλλοις
1287 4773 1692 4852 ἐπιφημίζοντες
1761 4771 1850 4829 καὶ

203 4862 327 4928 τοὺς
367 4864 637 4941 ἡγεμόνας
696 4863 794 4933 τῆς
832 4867 1023 4930 καινῆς
1079 4863 1277 4930 ταύτης
1334 4864 1614 4939 θρησκείας
1657 4861 1848 4938 ἐπιμε-

204 4951 317 5013 λῶς
371 4954 715 5031 κρύπτοντες,
775 4954 1024 5032 προνοίας
1097 4972 1152 5008 τε
1217 4953 1394 5020 πάσης
1452 4951 1714 5017 ἀξιοῦντες
1767 4952 1855 5008 καὶ

203 5041 645 5121 περιθάλποντες,
702 5043 789 5106 οὓς
833 5040 1044 5107 ἐξώλεις
1101 5041 1209 5120 εγὼ
1262 5041 1437 5116 θέσθαι
1494 5042 1581 5098 καὶ
1651 5040 1855 5098 ἀνωνύ-

203 5151 343 5206 μους
398 5132 460 5187 τὸ
515 5129 801 5188 κάλλιστόν
857 5150 916 5187 τε
950 5131 1062 5209 -καὶ
1095 5137 1304 5209 πρῶτον
1348 5130 1453 5186 τῶν
1512 5129 1654 5206 ἐμῶν
1712 5141 1853 5185 εῖναι

200 5204 474 5299 τροπαίων
526 5219 880 5299 ἐλογισάμην.
949 5204 1018 5276 Ἥ
1072 5204 1148 5276 οὗ·
1189 5226 1355 5277 ταῦτα
1435 5204 1636 5296 ἀληθῆ,
1687 5219 1724 5288 ἢ
1794 5219 1856 5275 οῦ

204 5309 427 5372 πάντως
477 5309 642 5375 οὕτως
675 5308 793 5391 ἔχει
845 5310 932 5367 καὶ
962 5315 1054 5366 τοῦ
1088 5307 1250 5387 λόγου
1280 5308 1483 5386 μᾶλλον
1533 5322 1652 5368 τοῖς
1681 5308 1849 5388 πράγ-

205 5419 374 5475 μασιν
411 5417 430 5474 ;
475 5399 533 5458 Ol
564 5397 620 5456 δὲ
667 5401 820 5464 κυνὸς
851 5398 1030 5478 ὥσπερ
1071 5397 1418 5464 ὑλακτοῦντος
1449 5397 1586 5470 μηδὲ
1629 5399 1854 5475 μετρίως

298 5559 332 5612 ϐ
359 5559 518 5626 Psal.
549 5575 668 5639 LVI,
704 5559 764 5636 5,

665 5687 924 5751 PATROL.
971 5688 1085 5753 Gn.
1129 5685 1342 5753 CXVI.

1925 4604 2031 4648 vos
2046 4586 2357 4648 beneﬁciis
2375 4587 2609 4666 qualem
2626 4586 2864 4648 refertis
2875 4587 3182 4666 gratiam,J
3190 4604 3355 4648 esum
3369 4602 3576 4663 quem-

1929 4676 2062 4737 dam
2098 4675 2262 4736 vobis
2302 4683 2360 4736 et
2385 4675 2516 4735 aliis
2546 4693 2748 4754 regem
2779 4676 3083 4738 ascribere
3112 4677 3484 4751 dictitantes,
3520 4680 3580 4736 et

1932 4783 2102 4827 novae
2124 4764 2303 4843 hujus
2333 4763 2644 4842 religionis
2672 4765 2855 4826 duces
2882 4765 3088 4827 sedulo
3106 4765 3395 4840 celantes,
3413 4762 3577 4825 eteis

1935 4854 2098 4916 omni
2141 4851 2340 4914 studio
2372 4851 2778 4932 providentes,
2835 4870 3057 4932 eosque
3099 4853 3389 4929 foventes,
3423 4869 3576 4933 quos

1935 4943 2203 5006 funditus
2225 4941 2497 5018 interire,
2526 4949 2587 5003 et
2613 4959 2688 5002 ne
2719 4959 2940 5002 nomen
2965 4941 3208 5018 quidem
3237 4959 3444 5004 eorum
3474 4958 3577 5002 re-

1937 5049 2199 5107 manere,
2236 5031 2504 5112 reputavi
2533 5047 2668 5091 esse
2699 5030 3176 5110 pulcherrimum
3207 5039 3266 5092 et
3317 5029 3580 5112 primum

1939 5139 2207 5184 meorum
2242 5128 2598 5201 tropaeorum
2623 5118 2654 5178 ‘I
2698 5120 2790 5181 An
2838 5137 2958 5180 non
2990 5119 3122 5181 haec
3166 5127 3304 5181 sunt
3328 5135 3486 5195 vera,
3523 5125 3585 5179 et

1937 5230 2067 5293 quae
2096 5209 2266 5272 Iactis
2296 5209 2482 5288 magis
2509 5216 3046 5290 arguuntur,quam
3080 5208 3277 5271 verbis
3297 5213 3326 5272 ?
3352 5207 3441 5269 Illi
3470 5225 3583 5270 au-

1935 5311 2060 5365 tem
2085 5311 2362 5381 tanquam
2379 5298 2688 5360 latrantem
2703 5317 2913 5361 canem
2929 5316 3006 5361 ne
3033 5298 3324 5360 tantillum
3339 5295 3585 5378 quidem

1935 5399 2234 5466 curantes,
2261 5405 2456 5468 neque
2479 5388 2892 5451 existimantes
2918 5407 3048 5451 esse
3073 5399 3315 5470 tempus
3334 5405 3582 5468 respon-

3116 5675 3189 5740 34
