4056 6152
507 289 656 360 1067
1661 285 1918 348 ADDEN
1930 287 2051 350 DA.

2120 319 2199 330 —
2269 287 2696 350 DECEMBER.

3708 287 3838 351 1068

505 429 716 504 sionis,
752 434 1045 490 steterunt
1084 423 1351 486 silentes.
1387 419 1779 482 Maximianus
1811 438 1972 494 vero,
2008 439 2128 480 cun

2227 423 2661 502 ἒπιστρεφόμενοι
2747 423 2885 500 μηδὲ
2970 424 3078 500 μήν
3153 423 3476 501 ἀποκρίσεως
3553 427 3690 479 εἶναι
3770 429 3841 481 riu

507 519 747 583 silentio
781 517 965 595 magis
1009 521 1168 576 esset
1217 512 1347 591 ejus
1399 509 1670 571 irritatus
1699 508 1958 570 animus.
1992 508 2143 585 Non,

508 627 616 690 per
644 607 789 669 deos
828 601 1216 674 immortales,
1255 598 1470 690 inquit,
1504 617 1621 690 non
1649 597 1834 690 vobis
1883 617 2143 690 parcam,

504 687 610 761 sed
643 715 775 760 cum
809 711 985 756 omne
1032 709 1219 769 genus
1265 688 1538 768 supplicii
1567 687 1740 748 vobis
1771 687 2053 763 intulero,
2088 695 2148 749 et

506 805 720 848 carnes
748 797 1198 861 consumpsero,
1253 786 1313 839 et
1359 795 1491 837 ossa
1527 780 1882 851 contrivero,
1922 787 1978 838 ct
2008 778 2144 856 igne

505 875 910 944 combussero,
946 867 1280 948 relinquam
1313 866 1666 945 insepultos,
1718 885 1750 926 a
1801 865 2050 926 canibus
2087 873 2144 925 et

502 962 705 1024 avibus
759 957 1189 1029 comedendos,
1251 962 1308 1016 et
1355 973 1457 1015 vos
1509 955 1669 1035 ipsos
1720 955 1978 1034 puniens
2035 971 2140 1032 pro

503 1051 750 1120 meritis,
787 1055 846 1109 et
875 1045 1006 1108 aliis
1037 1055 1262 1107 metum
1294 1044 1614 1118 incutiens,
1649 1062 1724 1106 ne
1755 1044 1894 1104 talia
1926 1061 2136 1122 aggre-

499 1139 760 1202 diantur.

581 1315 756 1379 XXV.
791 1313 915 1376 Nec
945 1313 1071 1374 haec
1102 1310 1343 1391 quidem
1375 1309 1596 1372 sanctis
1629 1313 1902 1371 timorem
1935 1310 2142 1371 attule-

497 1415 658 1480 runt,
694 1405 800 1468 sed
831 1401 1026 1464 statim
1057 1409 1116 1462 et
1146 1401 1358 1462 solutis
1387 1400 1575 1474 zonis,
1623 1409 1681 1461 et
1730 1398 2140 1478 chlamydibus

499 1497 716 1569 exutis,
741 1492 974 1554 stabant
1005 1489 1191 1570 parati
1215 1487 1288 1549 ad
1311 1507 1549 1550 cursum
1576 1488 1861 1568 martyrii,
1895 1508 2011 1548 uno
2038 1508 2142 1549 ore

499 1596 559 1648 et
587 1585 788 1646 animo
819 1601 884 1643 se
913 1598 1047 1642 esse
1076 1578 1446 1640 Christianos
1471 1587 1524 1639 et
1559 1576 1778 1639 Christi
1805 1595 2008 1638 servos
2029 1596 2137 1638 au-

499 1675 703 1736 dacter
735 1669 1134 1732 nominantes.
1165 1666 1391 1726 Deinde
1413 1666 1590 1727 etiam
1609 1666 1960 1728 Maximiano
1987 1687 1999 1728 :
2027 1669 2142 1729 No-

500 1761 615 1837 bis,
642 1781 676 1822 o
700 1770 972 1840 tyranne,
1007 1756 1306 1830 dixerunt,
1336 1755 1596 1816 honores
1625 1756 1734 1829 tui,
1775 1763 1832 1816 et
1863 1774 2027 1816 vanae
2052 1756 2128 1817 ha

2227 1761 2315 1814 τὸν
2402 1759 2750 1839 Μαξιμιανύν,

500 1851 822 1931 dignitates
841 1866 916 1909 ne
937 1845 1233 1908 tantillum
1258 1845 1498 1926 quidem
1529 1863 1786 1921 unquam
1821 1865 1982 1906 cura}
2005 1846 2142 1906 fue-

499 1948 661 2002 runt.
691 1937 844 2010 Quid
867 1937 1023 1997 enim
1052 1951 1202 2012 opus
1225 1931 1406 1994 fuerit
1432 1933 1528 1994 tali
1556 1933 1804 2009 honore,
1832 1934 1939 2012 qui
1966 1953 1998 1994 a
2021 1936 2142 1996 Deo

499 2028 873 2108 disjungens,
909 2032 999 2086 est
1027 2023 1381 2084 redacturus
1426 2021 1488 2083 in
1533 2023 1880 2084 servitutem
1914 2023 2141 2085 daemo-

501 2135 647 2178 num
671 2123 698 2179 ?
728 2115 878 2178 Sunt
902 2112 1064 2174 enim
1090 2112 1227 2174 talia
1243 2119 1436 2172 vestra
1456 2112 1780 2188 impiorum
1808 2113 1984 2183 dona,
2011 2131 2144 2188 quae

496 2206 815 2286 fugientes,
850 2209 1072 2265 tantum
1106 2200 1276 2262 abest
1308 2209 1368 2261 ut
1401 2212 1851 2281 persequentes,
1888 2220 2005 2262 non
2038 2221 2137 2262 so-

500 2297 627 2357 lum
649 2295 719 2356 iis
742 2291 1152 2365 tibicedimus,
1169 2291 1272 2351 sed
1301 2290 1476 2350 etiam
1500 2289 1630 2370 ipso
1655 2309 1905 2371 corpore
1928 2301 1986 2353 et
2003 2294 2135 2353 vita.

498 2384 642 2447 Cum
671 2382 711 2443 ii
729 2382 810 2444 ita
833 2386 1033 2442 essent
1055 2378 1262 2458 parati,
1289 2387 1346 2440 et
1375 2378 1520 2440 tales
1550 2389 1750 2441 essent
1777 2398 1980 2441 eorum
2009 2382 2137 2460 spi-

497 2476 669 2547 ritus,
691 2469 872 2552 jussit
898 2467 1310 2544 Maximianus,
1355 2477 1418 2528 ut
1447 2469 1707 2529 extensis
1735 2470 1912 2530 simul
1945 2471 2138 2531 mani—

498 2563 609 2627 bus
639 2573 694 2623 et
728 2558 1002 2640 pedibus,
1038 2556 1391 2620 crudelibus
1422 2555 1644 2618 bonum
1678 2558 1873 2618 nervis
1905 2561 2139 2620 fortiter

495 2652 974 2715 verberarentur.
1007 2644 1079 2706 Et
1119 2646 1316 2706 statim
1348 2663 1456 2706 sex
1489 2664 1983 2726 unumquemque
2014 2648 2134 2707 cir-

497 2739 919 2804 cumsistentes
948 2734 1212 2807 lictores,
1242 2751 1452 2812 magna
1475 2743 1638 2814 parte
1654 2734 1772 2796 diei
1791 2753 1892 2795 eos
1918 2753 2135 2816 perpe-

502 2843 600 2893 tuo
633 2823 1048 2902 verberabant,
1082 2822 1244 2882 nulla
1285 2822 1561 2884 scelerati
1611 2823 1754 2884 moti
1803 2827 2137 2886 communis

502 2929 732 2982 natura:
762 2911 1200 2984 misericordia,
1235 2910 1416 2992 idque
1446 2931 1578 2974 cum
1613 2913 1884 2975 viderent
1916 2927 2133 2976 terram

503 3023 709 3072 eorum
742 3002 1033 3080 sanguine
1082 3001 1352 3062 effectam
1403 3019 1787 3081 purpuream.
1855 3001 2134 3083 Martyres

2231 514 2411 588 καιρὸν
2489 514 2798 590 ἡγούμενοι,
2892 519 3188 574 σιωτῶντες
3271 514 3608 582 εἷστή<εσαν,
3689 504 3741 570 Ὀ
3802 513 3843 568 δὲ

2229 600 2553 676 Μαξιμιανὸς
2642 601 2735 658 καί
2821 602 2898 658 ἔτι
2983 604 3080 670 τὴν
3153 603 3362 668 σιωπὴν
3435 600 3721 680 παράθηξιν
3773 611 3848 658 τοῦ

2227 694 2393 765 θυμοῦ
2441 691 2683 762 θέμενος,
2733 696 2804 751 Οὐ
2863 693 2939 750 μὰ
2999 692 3118 756 τοὺς
3171 692 3478 769 ἀθανάτους,
3530 692 3654 770 ἔφη,
3697 693 3846 763 θεοὺς,

2229 779 2285 833 οὐ
2335 778 2508 859 φειδοῖ
2565 783 2844 859 χρήσομαι
2877 783 2996 838 καθ’
3054 783 3226 859 ὑμῶν,
3259 779 3396 835 ἀλλὰ
3445 787 3548 836 πᾶν
3601 778 3740 844 εἶδος
3768 803 3849 836 κο-

2227 868 2526 947 λαστηρίων
2589 871 2874 948 ἐπαγαγὼν
2920 872 3117 948 σάρκας
3161 891 3217 925 τε
3263 868 3571 938 δαπανήσας
3621 871 3706 926 καὶ
3743 871 3852 925 ὀστᾶ

2227 961 2506 1036 συντρίψας
2553 961 2642 1016 καὶ
2693 961 2814 1036 πυρὶ
2875 959 3063 1040 φλέξας
3096 961 3323 1038 ἀτάφους
3380 963 3495 1014 κυσὶ
3546 960 3636 1014 καὶ
3680 960 3851 1037 ὀρνέοις

2226 1046 2440 1102 ἐκδώσω
2498 1049 2679 1127 βορὰν,
2721 1050 2907 1111 αὐτούς
2969 1071 3026 1105 τε
3081 1051 3219 1125 ὑμᾶς
3281 1047 3433 1114 ἀξίως
3493 1047 3730 1118 κολάζων
3781 1050 3852 1103 καὶ

2222 1151 2343 1200 τοῖς
2387 1134 2567 1202 ἄλλοις
2615 1135 2776 1216 φόϐον
2831 1137 3079 1213 ἐμάλλων
3140 1145 3228 1194 τοῦ
3280 1139 3358 1214 μὴ
3410 1150 3527 1201 τοῖς
3559 1135 3696 1199 ἴσοις
3748 1136 3849 1193 ἔπι·

2231 1228 2467 1305 χείρεῐν.

2305 1314 2436 1372 ΚΕ¹.
2469 1312 2594 1371 Οὐδὲ
2628 1322 2791 1372 ταῦτα
2845 1328 2964 1379 τοῖς
2997 1314 3166 1391 ἁγίοις
3199 1314 3270 1378 εἰς
3316 1311 3497 1393 φόϐον·
3548 1313 3670 1370 ἀλλ’
3729 1315 3849 1378 εὐθὺς

2222 1402 2318 1458 καΐ
2372 1404 2541 1474 ζώνας
2576 1403 2827 1469 λύσαντες
2871 1406 2956 1461 καὶ
3005 1403 3259 1484 χλανίδας
3313 1401 3705 1480 ἀποδυσάμενοι
3742 1408 3850 1484 πρὸς

2224 1492 2314 1546 τὸν
2371 1501 2465 1550 τοῦ
2526 1494 2807 1572 μαρτυρίου
2864 1492 3053 1572 δρόμον
3117 1495 3343 1558 ἔστησαν
3420 1494 3718 1571 εὐτρεπεῖς,
3773 1500 3850 1568 μιᾷ

2225 1582 2311 1637 καὶ
2359 1586 2513 1659 ψυχῇ
2559 1584 2646 1638 καὶ
2688 1582 2905 1660 γλώττῃ
2966 1585 3315 1661 Χριστιανοῖις
3359 1585 3580 1648 ἑαυτοὺς
3625 1587 3708 1640 καὶ
3738 1592 3846 1662 Χρι-

2224 1670 2350 1726 στοῦ
2399 1668 2609 1734 δούλους
2672 1672 2935 1750 εὐθαρσῶς
2995 1672 3343 1745 ὀνομάζοντες
3433 1673 3574 1729 Εἶτα
3606 1674 3689 1729 καὶ
3746 1675 3850 1749 πρὸς

2837 1751 3017 1836 Ἡμῖν,
3077 1763 3122 1815 ὦ
3207 1763 3444 1841 τύραννε,
3522 1762 3705 1832 εἶπον,
3770 1766 3848 1826 τῆς

2225 1849 2366 1927 παρὰ
2425 1857 2518 1906 σοῦ
2548 1855 2707 1922 τιμῆς
2752 1852 2836 1906 καὶ
2894 1851 2998 1906 τῶν
3073 1850 3310 1924 ματαίων
3371 1852 3576 1907 τούτων
3634 1850 3850 1925 ἀξιωμᾶ-

2225 1960 2330 1992 των
2399 1937 2544 1994 οὐδὲν
2615 1938 2878 2014 ἐμέλησεν
2937 1938 3184 1996 οὐδέποτε
3245 1943 3336 1996 καὶ
3405 1941 3609 2020 βραχύ.
3663 1941 3720 1997 Τί
3768 1940 3848 2015 γὰρ

2224 2025 2406 2092 δεήσαι
2465 2030 2711 2094 τοιαύτης
2773 2028 3028 2115 τιμῆς,⁸ἷί
3087 2050 3147 2106 γε
3201 2027 3387 2104 μέλλοι
3457 2032 3596 2085 eeo-3
3626 2027 3849 2084 διιστῶσα

2225 2117 2440 2175 δουλοῦν
2499 2118 2703 2195 δαίμοσι
2743 2141 2758 2195 ;
2823 2129 3050 2179 Τοιαῦτα
3093 2123 3193 2198 γὰρ
3247 2122 3352 2177 τῶν
3386 2119 3598 2178 ἀσεϐῶν
3628 2123 3760 2196 ὑμῶν
3799 2122 3849 2174 τὰ

2224 2211 2553 2287 χαρίσματα,
2612 2211 2643 2265 ἃ
2703 2207 2768 2277 δὴ
2815 2212 2910 2266 καί
2969 2212 3252 2290 φεύγοντες
3310 2208 3544 2285 μᾶλλον,
3580 2211 3700 2289 οὐχὶ
3738 2208 3848 2264 διώ·

2223 2320 2426 2376 κοντες,
2465 2302 2521 2356 οὐ
2567 2301 2728 2372 μόνον
2790 2323 2870 2356 σοι
2929 2301 3148 2372 τούτων,
3184 2298 3322 2355 ἀλλὰ
3373 2301 3466 2356 καί
3517 2299 3675 2356 αὐτου
3714 2320 3766 2376 γε
3793 2296 3844 2363 δὴ

2223 2388 2471 2461 σώματος
2533 2389 2620 2443 καὶ
2658 2390 2746 2454 τῆς
2806 2393 2946 2459 ζωῆς
3005 2388 3340 2463 ἐξιστάμεθα,
3386 2385 3540 2446 Ἐπεὶ
3572 2395 3727 2445 ταῦτα
3775 2388 3846 2442 καὶ

2223 2476 2388 2538 οὕτως
2459 2480 2616 2555 εἶχον
2692 2477 3027 2555 παρασκευῆς
3095 2479 3186 2534 καὶ
3241 2479 3610 2557 φρονήματος,
3671 2475 3844 2532 ἐκέλευε

2225 2564 2549 2639 Μαξιμιανὸς
2628 2581 2820 2646 χεῖρας
2914 2569 3047 2642 ἐμοῦ
3122 2567 3210 2622 καὶ
3281 2564 3445 2630 πόδας
3539 2565 3841 2624 annos:qu

2219 2654 2515 2731 βουνεύροις
2575 2655 2752 2729 ὠμοῖς
2823 2657 3060 2734 ἰσχυρῶς
3146 2656 3453 2714 τύπτεσθαι.
3525 2657 3622 2713 Καὶ
3689 2653 3842 2710 αὐτίκα

2220 2741 2272 2807 ἓξ
2316 2743 2398 2823 ἐφ’
2455 2745 2528 2800 ἑνὶ
2589 2745 2794 2818 ἑκάστῳ
2846 2743 3028 2819 δήμιοι
3088 2746 3429 2821 περιστάντες
3500 2744 3628 2824 ἄχρι
3696 2741 3838 2821 πὸῥρδ

2219 2837 2316 2899 τῆς
2348 2833 2550 2910 ἡμέρας
2598 2836 2782 2899 αὐτοὺς
2845 2834 3088 2910 ἔτυπτον,
3122 2833 3305 2890 οὐδένα
3365 2835 3560 2891 οἶκτον
3590 2835 3636 2890 οἱ
3692 2833 3838 2907 μιαροὶ

2222 2927 2317 2987 τῆς
2362 2927 2543 2989 κοινῆς
2597 2922 2958 2998 λαμϐάνοντες
3018 2927 3243 3001 φύσεως,
3278 2925 3364 2980 καὶ
3415 2926 3582 2980 ταῦτα
3611 2923 3705 2988 τὴν
3759 2943 3835 2999 γην

2219 3013 2443 3088 ὁρῶντες
2484 3019 2560 3085 τῷ
2614 3011 2826 3068 ἐκείνων
2884 3012 3076 3089 α’ἷματι
3121 3016 3250 3090 πρὸς
3308 3013 3466 3089 βάθος
3527 3010 3835 3093 φοινισσομέ·

2414 2348 2426 2376 Ἄ

502 3105 698 3160 autem
732 3091 858 3154 haec
901 3089 1146 3170 quidem
1197 3089 1467 3190 ferebant
1507 3091 1757 3190 fortiter,
1805 3110 1880 3190 ne
1927 3111 2128 3153 vocem

2216 3123 2336 3166 νην.
2395 3104 2454 3159 Οἱ
2535 3099 2590 3157 δὲ
2648 3103 2909 3179 μάρτυρες
2963 3110 3128 3158 ταῦτα
3167 3089 3297 3177 γμὲν
3355 3089 3552 3180 ἔφερον
3621 3099 3834 3179 γενναίως

495 3184 736 3268 quidem
788 3182 1125 3242 emittentes
1159 3199 1173 3238 :
1209 3179 1458 3240 internis
1489 3197 1632 3241 vero
1661 3179 1845 3240 animi
1877 3180 2128 3243 motibus

2216 3188 2350 3265 μηδὲ
2409 3191 2645 3270 φθογγὴν
2676 3191 2944 3268 ἀφιέντεςο
3005 3204 3123 3253 τοῖς
3155 3189 3298 3247 ἔνδον
3360 3179 3414 3246 δὲ
3449 3192 3704 3265 κινήμασι
3755 3192 3832 3252 τῆς

494 3270 909 3358 gloriﬁcabant
931 3286 1092 3358 eum,
1120 3277 1366 3347 propter
1384 3287 1561 3348 quem
1584 3270 1710 3329 hazc
1733 3269 2128 3335 sustinebant.

2216 3269 2544 3358 apo-£13516»
2597 3277 2664 3335 δι’
2723 3279 2784 3335 ὃν
2826 3287 2989 3336 ταῦτα
3029 3280 3287 3356 δπέμενον
3357 3277 3660 3351 δοξάζοντες
3699 3277 3828 3344 ἦσαν.

489 3361 747 3442 Flagella
773 3356 1108 3437 excipiebat
1127 3374 1354 3431 carcer,
1372 3376 1508 3419 cum
1537 3367 1736 3420 essent
1757 3377 1962 3420 eorum
1981 3361 2132 3422 colla

489 3453 688 3514 vincta
717 3446 1062 3520 collaribus,
1099 3464 1307 3506 manus
1338 3455 1534 3507 autem
1577 3448 1820 3521 catenis,
1857 3456 1915 3509 et
1948 3449 2129 3528 pedes

489 3537 903 3620 compedibus.
957 3535 1355 3597 Maximianus
1390 3554 1523 3596 vero
1558 3543 1831 3616 tanquam
1868 3546 2121 3614 torrens,

487 3632 589 3712 qui
633 3630 820 3690 fertur
852 3643 958 3706 per
987 3635 1244 3703 segetes,
1288 3643 1394 3705 per
1433 3643 1640 3688 omnes
1677 3625 1964 3707 deinceps
1997 3627 2126 3707 pios

486 3717 866 3801 pervadebat.
893 3714 963 3776 Et
1003 3715 1077 3775 ad
1110 3715 1234 3775 haec
1269 3714 1507 3794 quidem
1536 3714 1902 3795 jubebantur
1926 3718 2123 3778 inser-

483 3810 612 3870 vire
643 3805 922 3888 praesides
980 3822 1049 3864 ac
1108 3804 1400 3884 prtefecti,
1469 3804 1572 3884 qui
1622 3814 1791 3865 erant
1819 3804 2125 3886 impietate

486 3898 711 3961 eximii.
745 3895 1114 3974 Quicumque
1143 3900 1340 3955 autem
1371 3894 1500 3972 ejus
1531 3893 1817 3974 parebant
1845 3893 2121 3974 imperio,

483 3988 587 4067 qui
620 3985 918 4048 Christum
953 4001 1084 4044 csse
1105 3983 1292 4045 Deum
1318 3985 1777 4059 conﬁtebantur,
1804 3984 2124 4046 tortoribus

482 4077 664 4140 simul
693 4075 1078 4138 tradebantur
1108 4086 1167 4136 et
1196 4075 1372 4137 variis
1407 4079 1719 4138 tormentis
1750 4077 2125 4138 laniabantur

481 4166 920 4229 miserabiliter.
949 4166 1020 4227 Et
1039 4166 1124 4226 sic
1146 4167 1388 4246 quidem
1417 4165 1685 4245 quotidie
1719 4166 1795 4237 ei,
1834 4169 1934 4244 qui
1969 4173 2122 4246 seip-

2211 3369 2420 3445 Φρουρὰ
2489 3369 2579 3432 τὰς
2645 3369 2912 3448 μάστιγας
2972 3367 3252 3450 διεδέχετο
3311 3367 3524 3434 γλοιοτς
3584 3369 3676 3444 μὲν
3727 3367 3826 3428 τοὺς

2209 3459 2539 3536 τραχήλους,
2585 3456 2801 3514 ἀλύσεεη
2866 3457 2921 3513 δὲ
2984 3459 3077 3522 τὰς
3140 3474 3336 3539 χεῖρας
3386 3460 3472 3514 γαὶ
3521 3462 3638 3522 τοὺς
3696 3454 3828 3514 πόδας

2209 3544 2344 3618 ξύλῳ
2401 3544 2752 3611 διαδεῦέντας.
2806 3545 3129 3622 Μαξιμιανὸς
3188 3546 3242 3603 δὲ
3299 3547 3540 3627 καθάπερ
3607 3541 3821 3626 χειμάῤ·

2206 3635 2326 3712 ῥους
2383 3637 2516 3693 κατὰ
2573 3636 2734 3703 ληΐον
2789 3637 3075 3717 φερόμενος
3132 3635 3236 3704 ἤδη
3267 3637 3403 3695 κατὰ
3464 3639 3678 3693 πάντων
3726 3633 3824 3690 λοι-

2208 3727 2306 3780 πὸν
2347 3728 2452 3781 τὼν
2499 3724 2853 3783 εὐσεϐούντων
2885 3727 3102 3806 ἐχώρει.
3165 3727 3262 3784 Καὶ
3293 3725 3553 3807 ἄρχοντες
3601 3726 3691 3801 μὲν
3717 3722 3824 3798 πρὸς

2212 3821 2371 3870 ταῦτα
2426 3815 2711 3894 ὑπηρετεῖν
2757 3815 3061 3872 ἐκελεύοντο
3106 3815 3161 3872 οἷ
3210 3836 3271 3894 γε
3326 3813 3698 3895 διαφορώτατοι
3746 3811 3822 3875 τὴν

2206 3901 2472 3980 ἀσέϐειαν,
2507 3912 2611 3961 πᾶν
2667 3903 2721 3961 δὲ
2748 3907 2810 3962 τὸ
2841 3906 3142 3986 ἆρχομενον
3171 3906 3201 3962 ’ὁ
3257 3907 3387 3963 Θεὸν
3419 3907 3571 3963 εἶναι
3603 3907 3684 3961 τὸν
3714 3909 3820 3980 Χρι-

2206 3994 2328 4048 στὸν
2385 3993 2676 4073 ὡμολόγει,
2711 4007 2826 4057 τοῖς
2889 3995 3178 4059 κολασταῖς
3234 4016 3290 4052 τε
3340 3997 3472 4071 ὅμοῦ
3527 3989 3815 4073 παρεδίδοτο,

2204 4083 2292 4137 καὶ
2368 4081 2596 4146 πολλαῖς
2655 4085 2908 4160 βασάνοις
2993 4083 3233 4150 ἐλεεινῶς
3303 4085 3680 4144 κατεκόπτετο.
3733 4076 3815 4137 lini

2204 4170 2342 4227 οὕτω
2424 4174 2520 4247 μὲν
2580 4173 2914 4241 καθεκᾶστην
2972 4189 3050 4230 τὼ
3120 4175 3252 4254 ὑπὲρ
3305 4175 3460 4251 ἡμῶν
3517 4174 3690 4234 ἑαυτὸν
3737 4167 3812 4224 Μ·

477 4277 607 4320 sum
639 4275 744 4338 pro
767 4255 940 4318 nobis
966 4257 1339 4326 sacriﬁcavit,
1372 4255 1685 4317 rationalia
1716 4254 2120 4318 offerebantur

2216 4282 2351 4317 ταντι
2437 4263 2646 4337 θύματα
2704 4262 2895 4342 λογικὰ
2982 4265 3153 4342 προσή
3173 4286 3319 4342 τοντο
3400 4271 3475 4340 τῷ
3552 4255 3809 4342 μαρτυρικῷ

473 4347 785 4422 sacriﬁcia,
819 4347 914 4426 pio
949 4347 1230 4426 martyrio
1262 4346 1472 4407 effecta
1517 4342 1950 4404 holocaustum.

554 4433 764 4499 XXVI.
816 4433 1143 4515 Oportebat
1191 4442 1390 4496 autem
1443 4433 1731 4493 festorum
1791 4433 2110 4496 maximum

2199 4349 2458 4430 φιλοθέως
2487 4350 2937 4427 ὀλοκαυτούμενα.

2283 4439 2430 4514 Eg".
2496 4438 2652 4498 ’Ἔδει
2697 4440 2751 4496 δὲ
2783 4441 2880 4519 ἄρα
2939 4445 3025 4498 καὶ
3055 4443 3153 4508 τὴν
3204 4443 3463 4522 μεγίστην
3515 4447 3617 4499 τῶν
3644 4439 3800 4515 ἐορτῶδ

471 4524 688 4586 Christi
719 4503 1009 4598 Nataiem,
1070 4523 1127 4583 ei
1184 4523 1284 4601 qui
1340 4520 1717 4597 nascebatur,
1777 4522 2111 4601 c0piosiora

2339 4503 2364 4514 -
2817 4503 2827 4519 .
3111 4503 3121 4508 τ
3204 4503 3215 4517 .
3287 4503 3298 4522 .
3419 4503 3431 4509 -
3697 4503 3706 4515 .

2216 4531 2290 4596 τὴν
2321 4537 2548 4608 Χριστοῦ
2591 4531 2776 4609 γένναν
2828 4531 3163 4612 ἀφθονώτερα
3192 4538 3270 4605 τῷ
3313 4532 3605 4608 τικτομένῳ
3656 4547 3798 4604 προσ·

470 4615 688 4676 oﬁ'erre
718 4613 1033 4676 sacriﬁcia.
1069 4611 1214 4673 Nam
1248 4621 1412 4673 ortus
1460 4610 1695 4692 quidem
1730 4613 1947 4675 Christi
1981 4613 2109 4676 dies

468 4703 652 4765 festus
672 4701 979 4783 agebatur:
1007 4701 1298 4782 quidquid
1319 4709 1518 4762 autem
1543 4709 1633 4762 est
1651 4701 1836 4781 pium,
1862 4719 2107 4780 congre-

467 4792 797 4873 gabaturad
812 4792 1326 4872 gloriﬁcationem.
1353 4791 1590 4854 Profani
1609 4809 1745 4854 vero
1771 4791 2108 4853 Maximiani

464 4884 696 4965 profani
725 4882 981 4945 ministri
1011 4882 1370 4944 accedentes
1403 4902 1418 4943 :
1455 4881 1768 4958 Quoniam,
1801 4881 2109 4962 inquiunt,

465 4993 499 5035 ο
529 4975 873 5054 imperator,
910 4971 1089 5034 hodie
1120 4975 1404 5035 festorum
1453 4990 1584 5052 quae
1635 4979 1874 5050 norunt,
1914 4971 2107 5033 maxi-

460 5082 625 5126 mum
657 5062 963 5126 celebrant
992 5061 1347 5132 Christiani,
1403 5069 1469 5122 ut
1522 5059 1624 5140 qui
1681 5061 1859 5121 hodie
1912 5060 2103 5122 Deum

457 5171 632 5214 suum
653 5161 851 5214 natum
876 5171 1008 5215 esse
1034 5152 1404 5228 fabulentur,
1429 5161 1487 5212 et
1507 5150 1900 5212 celeberrimo
1927 5151 2103 5212 totius

2193 4633 2434 4696 ενεγκεῖν
2491 4620 2720 4695 Θύματα.
2781 4619 2995 4698 ’Ἢγετο
3041 4621 3138 4697 μὲν
3195 4623 3295 4700 γὰρ
3337 4624 3372 4690 ἡ
3402 4629 3510 4679 τῶι
3565 4615 3794 4700 γενεθλίων

2192 4711 2325 4775 αὕτη
2382 4716 2474 4765 τοῦ
2531 4715 2756 4786 Χριστοῦ
2810 4709 2992 4787 ἑορτὴ,
3051 4716 3153 4766 πᾶν
3203 4709 3258 4766 δὲ
3317 4710 3442 4768 ὅσον
3501 4705 3696 4770 εὐσεϐὲς
3742 4702 3790 4761 εἷς

2191 4795 2496 4875 δοξολογίαν
2547 4799 2840 4876 ἠθροέζετο,
2873 4801 2932 4857 Oi
2989 4798 3044 4856 δὲ
3104 4797 3229 4857 ὅσον
3259 4810 3353 4860 τοῦ
3380 4797 3612 4878 βεϐήλου
3662 4790 3793 4855 M15-

2193 4894 2383 4962 μιανοῦ
2465 4889 2779 4966 θεραπευταὶ
2860 4885 3083 4964 βέϐηλοι
3147 4887 3550 4969 προσελθόντες,
3596 4878 3793 4955 Ἐπειδὴ,

2189 4979 2368 5057 φασὶν,
2426 4979 2472 5032 ὦ
2538 4976 2780 5057 βασιλεῦ,
2842 4978 2977 5034 κατᾶ
3019 4975 3178 5047 τήνδε
3233 4978 3330 5046 τὴν
3384 4979 3584 5058 ἡμέραν
3636 4969 3795 5058 ἐορτῶγ

2187 5067 2262 5124 ὧν
2311 5065 2487 5123 οἴδασι
2529 5088 2628 5134 την
2675 5087 2940 5143 μεγιστην
2987 5065 3196 5126 τελοῦσι
3231 5069 3559 5145 Χριστιανοὶ,
3589 5064 3670 5121 ἅνε
3719 5053 3792 5115 καῖ

2189 5159 2276 5213 τὸν
2323 5159 2455 5213 Θεὸν
2511 5157 2683 5212 αὐτῶν
2732 5159 2993 5235 τεχθῆναι
3055 5157 3288 5235 σήμερον
3332 5158 3684 5232 πυθευόμενοι,
3725 5146 3795 5202 καί

458 5243 660 5323 populi
687 5260 982 5304 concursu
1013 5242 1085 5304 ad
1118 5242 1328 5304 festum
1363 5241 1752 5314 conveniunt,
1786 5259 1892 5318 age
1924 5258 1999 5301 ne
2025 5257 2096 5301 ex

2216 5243 2452 5319 εανδημεὶ
2508 5247 2702 5309 πάντες
2777 5247 2851 5308 εἰς
2929 5247 3029 5312 τὴν
3100 5246 3290 5323 ἑορτὴν
3362 5242 3790 5324 συναρθροίζονται⁶

457 5332 656 5394 media
683 5348 900 5410 sagena
932 5349 1041 5392 nos
1074 5332 1272 5410 praeda
1323 5329 1589 5409 effugiat.
1641 5331 1756 5390 Sed
1811 5328 2100 5391 militibus

2217 5358 2276 5415 γε
2334 5335 2398 5405 δὴ
2433 5336 2510 5411 μὴ
2563 5336 2622 5391 ἐκ
2651 5335 2822 5410 μέσης
2882 5336 3027 5410 ἡμᾶς
3056 5335 3152 5403 τῆς
3213 5335 3474 5414 σαγὴνης·
3507 5337 3566 5391 τὸ
3613 5332 3790 5415 θήραμα

453 5421 696 5497 quidem
729 5428 1223 5500 praaoccupentur
1259 5421 1464 5498 templi
1489 5421 1723 5499 aditus;
1760 5427 1874 5480 stet
1897 5428 2092 5480 autem

2216 5413 2468 5506 ιαδράσειο
2531 5424 2668 5482 ἀλλὰ
2726 5425 3077 5502 στρατιώταις
3131 5423 3230 5500 μὲν
3283 5413 3334 5480 αἱ
3390 5431 3480 5483 τοῦ
3531 5427 3645 5480 ναοῦ
3683 5413 3785 5471 εἴσ-

447 5527 552 5570 ara
591 5518 726 5570 ante
757 5520 998 5589 portas;
1054 5509 1410 5572 accedentes
1457 5527 1596 5571 vero
1655 5526 1963 5588 praecones
1985 5512 2091 5590 ju-

2216 5513 2286 5572 δοι
2344 5515 2972 5596 προκαταληφθήτωσαν,
3005 5515 3187 5590 βωμὸς
3219 5512 3273 5569 δὲ
3332 5516 3510 5587 στήτω
3560 5510 3651 5590 πρὸ
3699 5507 3782 5559 τῶν

444 5603 625 5664 beant
653 5601 892 5679 quidem
929 5619 1137 5663 omnes
1189 5620 1221 5663 e
1276 5601 1498 5680 templo
1551 5600 1779 5681 egredi,
1838 5609 1896 5663 et
1940 5601 2090 5664 nihil

2216 5605 2377 5666 υλῶν.
2453 5607 2541 5664 καὶ
2620 5606 2846 5683 κήρυκες
2901 5605 3268 5682 παραστάντες
3338 5603 3521 5685 bneque
3585 5600 3779 5658 εῐπωσσν
