4020 6132
177 331 338 396 1069
1332 335 1518 398 VlTA
1563 335 1662 396 SS.
1713 335 1813 399 IN]

1942 333 2038 395 ET
2083 333 2296 398 DOMN
2302 333 2393 397 1E.
3406 333 3560 402 1070

161 467 357 533 ἐξιέναι
403 468 501 541 μὲν
549 475 637 523 τοῦ
681 475 805 525 ναοῦ
862 468 1060 528 πάντας
1120 467 1215 524 καί
1295 467 1462 543 μηδὲν
1517 467 1811 544 ἀναδυομέ-

1899 475 2246 530 cunctantes
2266 487 2384 530 arae
2412 467 2888 530 sacriﬁcare.Sin
2909 475 3105 530 autem
3128 485 3247 530 non
3270 477 3545 550 pareant,

164 579 288 619 νους
349 559 425 630 τῷ
478 557 646 632 βωμῷ
703 557 863 618 θύειν,
928 558 984 612 Εἰ
1042 555 1094 611 δὲ
1155 558 1231 630 μὴ
1275 557 1562 630 πείθοιντο,
1610 559 1702 614 σὸν
1748 561 1808 614 τὸ

1899 556 2036 632 quid
2069 556 2144 617 sit
2176 556 2464 637 deinceps
2480 556 2800 637 agendum,
2834 564 3096 619 statuere
3118 559 3202 620 tui
3234 565 3326 620 est
3345 557 3544 638 impe-

165 647 305 721 μετὰ
363 653 526 702 ταῦτα
584 646 669 700 καὶ
725 647 822 711 τῆς
869 650 966 711 σῆς
1029 646 1204 725 ἀρχῆς
1237 668 1292 701 τε
1343 645 1438 702 καί
1489 652 1660 726 σοφῆς
1693 649 1807 722 κρί-

1899 644 1964 706 rii
2000 653 2058 706 et
2077 645 2318 724 judicii.
2352 645 2522 718 Quod
2554 646 2604 707 si
2636 647 2749 707 hoc
2785 663 3023 726 quoque
3053 645 3228 708 nobis
3247 647 3549 728 permittis

163 756 324 800 σεως.
362 736 418 791 Εἰ
473 733 529 788 δὲ
579 735 668 789 καὶ
726 743 878 792 τοῦτο
915 733 1088 810 λέγειν
1139 734 1438 808 ἐπιτρέπεις
1470 737 1631 816 ἡμῖν,
1667 758 1804 814 περι-

1899 735 2116 809 dicere,
2135 736 2273 814 igne
2292 737 2581 817 templum
2597 735 2993 798 circumcirca
3010 737 3543 816 comprehenden-

159 825 343 896 κύκλῳ
397 824 489 879 τὸν
547 825 671 878 ναὸν
758 825 804 878 οἷ
871 831 1189 900 στρατιῶται
1275 822 1611 888 διαλαϐόντες
1684 827 1804 888 τοὺς

1899 832 1979 886 tes
2000 823 2238 897 milites,
2265 826 2538 904 protinus
2565 823 2819 905 perdant
2838 843 2942 887 eos
2964 825 3070 907 qui
3096 844 3217 887 nou
3239 825 3550 908 obtempe-

160 914 404 974 ἀπειθεῖς
462 910 653 974 εὐθέως
711 909 1204 992 διαφθειράτωσαν,
1271 913 1364 969 καί
1436 911 1602 977 οὕτως
1662 914 1805 970 ἐκεί-

1899 920 2044 974 rant.
2080 911 2146 973 Et
2173 913 2260 974 sic
2289 913 2427 975 illos
2459 913 2702 993 quidem
2755 914 2830 974 de
2862 914 3058 976 medio
3093 914 3292 987 tolles,
3325 916 3428 996 qui
3480 916 3547 979 in

163 1023 285 1074 νρυς
326 1002 422 1074 μὲν
466 999 526 1056 ἐκ
595 1000 760 1075 μέσου
819 1001 1063 1070 ποιήσεις
1121 1001 1292 1068 λύπην
1366 1002 1519 1066 ὄντας
1568 1005 1686 1082 περὶ
1743 1004 1808 1058 τὰ

1899 1001 2070 1065 rebus
2089 1001 2404 1082 praecipuis
2424 1003 2748 1082 perniciem
2772 1003 3027 1065 atl‘erunt
3045 1003 3160 1065 tuis
3185 1005 3422 1086 pepulis
3446 1026 3463 1082 ;
3488 1013 3548 1070 te

167 1089 496 1169 καιριώτατα
545 1096 651 1145 τῶν
696 1095 804 1146 σῶν
854 1091 1130 1165 ὑπηκόων,
1182 1093 1374 1147 σαυτὸν
1431 1090 1486 1146 δὲ
1539 1089 1810 1172 φροντίδος

1899 1099 2092 1152 autem
2126 1090 2406 1152 liberabis
2428 1109 2462 1152 a
2491 1107 2654 1167 cura,
2681 1110 2813 1172 quae
2839 1100 3001 1153 tuum
3036 1091 3302 1154 animum
3331 1095 3549 1173 premit

163 1178 487 1244 ἀπαλλάξεις
543 1179 640 1245 τὴν
699 1179 796 1244 σήν
849 1179 1134 1249 πιεζούσης
1194 1181 1381 1260 ψυχὴν
1450 1183 1508 1237 οὗ
1552 1182 1805 1260 μετρίως,

164 1268 348 1344 ὥσπερ
405 1267 501 1346 ἄρα
526 1267 618 1324 καί
647 1268 782 1342 ἡμῖν
812 1272 1100 1345 γνώριμον.
1151 1269 1312 1326 Οὔπω
1353 1268 1515 1348 πέρας
1562 1273 1588 1326 ὁ
1648 1270 1808 1347 λόγος

167 1353 436 1431 ἐλάμϐανε
474 1404 488 1427 ,
541 1356 628 1412 καὶ
707 1353 990 1412 ὑπολαϐὼν
1062 1358 1388 1431 Μαξιμιανὸς
1422 1406 1438 1438 ,
1519 1359 1754 1434 ’Ὄμνυμι
1793 1407 1807 1436 ,

168 1445 296 1524 ἔφη,
360 1445 480 1510 τοὺς
539 1445 820 1522 μεγίστους
862 1446 1009 1508 θεοὺς
1069 1445 1130 1501 ἐκ
1183 1445 1382 1502 πολλοῦ
1436 1447 1534 1522 μὲν
1563 1447 1626 1504 τὰ
1658 1449 1808 1525 εἰρη-

167 1534 304 1608 μένα
359 1535 446 1589 καὶ
491 1535 644 1594 αὒτὸς
702 1533 942 1612 στρέφειν
1000 1536 1074 1599 εἰς
1135 1545 1275 1608 νοῦν,
1328 1539 1422 1594 οῦκ
1474 1533 1598 1592 οἶδα
1627 1535 1671 1592 δ’
1705 1535 1808 1592 ὅτι

172 1625 349 1680 παθὼν
409 1624 482 1683 εἷς
542 1621 696 1700 ἔργον
754 1625 848 1679 οὒκ
903 1621 1103 1702 ἤνεγκα
1161 1626 1259 1691 τὴν
1314 1625 1572 1683 ἐπινοίαν.
1643 1624 1810 1682 Ἀλλὰ

166 1713 329 1792 χάρις
371 1714 524 1791 ὑμῖν,
583 1713 628 1768 ὦ
689 1713 828 1783 θεοὶ,
881 1711 991 1768 ἀνθ’
1048 1715 1122 1767 ὧν
1183 1713 1430 1781 ἐννοῆσαι
1475 1717 1561 1772 καὶ
1620 1715 1807 1778 αὗαοὺς

164 1801 423 1878 εὐκαίρως
486 1804 544 1857 τὸ
588 1799 893 1857 λυσιτελοῦν
943 1802 1214 1880 πρέθεσθε.
1280 1805 1376 1861 Καὶ
1427 1803 1536 1879 ἅμα
1601 1803 1808 1860 κελεύει

163 1893 274 1946 τῶν
319 1891 684 1968 προτεκτόρων
729 1892 852 1953 τοὺς
910 1893 1151 1969 πρώτους
1194 1891 1342 1972 χειρί
1400 1893 1612 1970 μεγάλῃ
1645 1916 1810 1972 στρα-

163 1982 372 2036 τιωτῶν
431 1983 530 2043 τὴν
600 1978 889 2046 ἐκκλησίαν
969 1980 1350 2058 περιλαϐόντας
1422 1984 1660 2062 φρύγανα
1723 1985 1810 2040 καὶ

158 2076 269 2126 πᾶν
300 2068 327 2123 ὅ
357 2091 407 2124 τι
442 2067 574 2126 ἄλλο
606 2067 900 2146 εὔπρηστον
948 2068 1079 2136 ὕλης
1128 2070 1304 2145 κύκλῳ
1363 2074 1810 2152 συμφορήσαντας

156 2163 251 2216 καὶ
301 2157 717 2236 παραθεμένους,
770 2159 954 2235 βωμὸν
998 2165 1190 2226 στῆσαι
1235 2163 1368 2239 πρὸς
1427 2165 1493 2239 τῇ
1547 2164 1640 2220 τοῦ
1683 2169 1810 2219 ναοῦ

159 2247 308 2324 πύλῃ
346 2267 361 2284 ⁸
422 2248 546 2305 εἶτα
602 2249 721 2310 τοὺς
781 2249 1016 2326 κήρυκας
1073 2251 1173 2306 ὑπὸ
1251 2248 1468 2329 λαμπρᾷ
1519 2257 1587 2319 τῆ
1659 2258 1810 2331 φωνῇ

153 2339 442 2416 κηρύττειν
495 2335 684 2402 ἐξιέναι
737 2359 792 2392 τε
851 2360 1052 2402 παντας
1133 2338 1227 2395 καί
1283 2339 1671 2420 προσέρχεσθαι
1733 2348 1809 2416 τῷ

159 2427 336 2504 βωμῷ
376 2427 651 2490 θύσοντας.
704 2431 758 2483 Et
814 2424 867 2482 δὲ
928 2427 1019 2483 καὶ
1069 2427 1297 2489 ἀπειθῶς
1359 2429 1567 2509 ἔχοιεν,
1625 2429 1810 2486 αῦτίκα

161 2518 264 2578 τὰς
306 2517 460 2594 θύρας
521 2515 704 2578 αὖτοτς
759 2513 1008 2594 ἀσφαλῶς
1067 2516 1470 2581 ἐπικλείσαντας
1517 2522 1605 2575 καὶ
1634 2519 1806 2576 ἀλλα·-

163 2607 328 2685 χόθεν
387 2605 502 2661 ὅθεν
547 2603 610 2660 ἂν
664 2605 750 2661 καὶ
810 2604 901 2671 εἴη
947 2602 1117 2671 ἔξοδος
1161 2606 1610 2686 ἐπιφραξαμένους
1667 2609 1804 2688 ’δερα-

165 2701 267 2768 ψαι
298 2697 357 2751 τὸ
388 2702 511 2774 πῦρ,
558 2697 630 2757 ὡς
674 2694 736 2750 ἂν
780 2693 918 2750 οὕτω
961 2695 1154 2759 πάντες
1206 2697 1377 2753 αὒτῶν
1424 2697 1534 2772 ἅμα
1592 2698 1806 2755 συνδια-

165 2787 435 2862 φθαρεϊεν,
474 2785 560 2840 καὶ
605 2793 698 2842 τοῦ
744 2784 906 2862 πυρὸς
959 2783 1075 2850 ἀξία
1132 2783 1341 2852 δαπάνη
1372 2785 1652 2864 γένωνται,
1718 2790 1815 2849 Καὶ

171 2881 339 2930 ταῦτα
368 2874 464 2948 μὲν
513 2876 537 2930 ὖ
566 2872 837 2950 βασιλεύς,

261 2961 390 3022 AZ'.
420 2960 701 3040 ’Ἄγγελος
731 2959 783 3018 δὲ
827 2967 1162 3042 παραχρῆμα
1208 2965 1337 3042 πρὸς
1381 2964 1476 3032 τὴν
1528 2963 1816 3033 ἐκκλησίαν

1896 1198 2013 1240 ιιοιι
2036 1179 2600 1254 mediocriter,sicut
2621 1198 2729 1242 nos
2748 1199 2866 1242 non
2889 1180 3544 1259 ignoram‘us.Nondum

1893 1267 2070 1330 linem
2105 1278 2418 1350 acceperat
2443 1269 2656 1343 oratio,
2682 1269 2986 1349 excipiens
3008 1282 3206 1333 autem
3233 1272 3541 1334 Maximia-

1895 1376 2006 1418 nus
2036 1378 2050 1417 :
2085 1357 2254 1431 Juro,
2281 1357 2793 1439 inquit,maximos
2817 1359 2986 1434 deos,
3017 1377 3112 1420 me
3140 1359 3266 1422 haec
3284 1360 3411 1440 jam
3439 1361 3543 1424 diu

1893 1463 2167 1508 versasse
2194 1445 2251 1507 in
2282 1447 2506 1509 animo.
2529 1447 2744 1509 Nescio
2782 1447 3091 1528 vero,quid
3123 1447 3337 1510 factum
3368 1449 3541 1528 sit,ut

1897 1551 1965 1595 ea
1995 1552 2125 1615 qua:
2157 1534 2500 1612 cogitaram,
2565 1534 2831 1596 nondum
2890 1535 3000 1596 sim
3052 1545 3389 1598 exsecutus.
3420 1534 3544 1602 Sed

1893 1625 2061 1684 vobis
2094 1643 2355 1703 magnas,
2390 1644 2424 1686 ο
2457 1624 2560 1697 dii,
2595 1643 2702 1703 ago
2732 1625 2976 1707 gratias,
3007 1625 3166 1706 quod
3199 1626 3540 1705 effeceritis,

1894 1722 1957 1774 ut
1989 1713 2080 1774 bis
2112 1732 2352 1794 quoque
2375 1723 2707 1794 opportune
2729 1713 2956 1776 veniret
2983 1712 3044 1774 in
3068 1724 3354 1790 mentem,
3378 1717 3539 1798 quod

1895 1811 2054 1863 esset
2084 1801 2483 1876 conducibile,
2512 1813 2570 1863 et
2591 1803 2768 1864 simul
2791 1800 2986 1883 jubet,
3011 1811 3073 1864 ut
3102 1803 3279 1882 primi
3304 1823 3374 1867 ex
3397 1824 3539 1885 pro-

1895 1893 2240 1966 tectoribus,
2295 1911 2428 1953 cum
2465 1909 2677 1970 magna
2721 1911 2901 1953 manu
2934 1891 3187 1954 militum
3221 1895 3542 1958 ecclesiam

1894 1979 2455 2053 circumdedissent,
2481 1980 2798 2040 sarmentis
2822 1987 2880 2042 et
2902 1999 3259 2063 quacunque
3281 1983 3398 2045 alia
3422 2001 3544 2046 ma-

1896 2072 2067 2144 teria,
2098 2087 2228 2148 quze
2259 2068 2435 2130 facile
2467 2069 2843 2145 accenditur,
2869 2069 2930 2131 in
2948 2069 3156 2132 orbem
3177 2081 3459 2154 congesta
3481 2084 3544 2137 et

1891 2157 2180 2237 apposita,
2249 2157 2323 2219 ad
2385 2158 2592 2238 templi
2654 2165 2879 2238 portam
2941 2177 3106 2221 aram
3167 2168 3532 2227 statuerent:

1891 2246 2136 2327 deinde,
2185 2256 2246 2307 ut
2278 2265 2585 2326 praecones
2609 2247 2768 2308 clara
2805 2266 2948 2310 voce
2979 2250 3439 2334 proclamarem,
3471 2269 3544 2324 ιιι

1893 2353 2101 2396 omnes
2133 2336 2380 2411 exirent,
2412 2343 2470 2397 et
2518 2335 2592 2395 ad
2624 2354 2786 2397 aram
2829 2335 3187 2398 accederent
3233 2342 3536 2404 sacriﬁca-

1894 2424 2031 2485 turi.
2066 2423 2233 2496 Quod
2263 2424 2311 2485 si
2345 2443 2463 2485 non
2505 2425 3028 2506 parerent,.portis
3071 2427 3267 2490 statim
3311 2435 3536 2510 optime

1886 2512 2128 2593 clausis,
2162 2522 2221 2574 et
2251 2517 2412 2574 omni
2452 2512 2568 2574 alio
2613 2514 2698 2574 eis
2742 2513 3049 2577 obstructo
3101 2514 3284 2598 exitu,
3340 2519 3538 2598 ignem

1887 2605 2306 2678 accenderent,
2339 2611 2403 2664 ut
2433 2602 2518 2663 sic
2550 2621 2761 2664 omnes
2792 2621 2909 2665 una
2964 2621 3098 2666 cum
3145 2605 3276 2686 ipso
3313 2608 3535 2690 templo

1895 2691 2178 2771 perirent,
2209 2700 2268 2752 et
2300 2690 2546 2770 utdigni
2579 2699 2736 2772 sunt,
2758 2691 2832 2753 ab
2854 2694 2987 2772 igne
3009 2707 3535 2764 consumerentur.

1897 2776 1969 2841 Et
1999 2780 2124 2843 base
2155 2779 2394 2862 quidem
2423 2781 2774 2863 imperator.

1977 2955 2218 3021 XXVII.
2250 2958 2508 3021 Nuntius
2527 2965 2727 3021 autem
2752 2959 2950 3022 statim
2974 2958 3226 3024 mittitur
3243 2961 3318 3024 ad
3335 2963 3534 3028 eccle-

173 3051 502 3125 ἐκπέμπεται
558 3052 624 3106 τὰ
669 3048 1057 3125 κεκελευσμέναι
1102 3054 1243 3130 παρὰ
1299 3051 1559 3128 βασιλέως
1611 3056 1806 3118 εἰπεῖν,

1899 3046 2068 3147 siam,
2106 3055 2167 3147 ut
2189 3046 2438 3147 diceret,
2464 3066 2595 3130 quae
2609 3048 2817 3147 jussus
2837 3048 3028 3114 fuerat
3054 3049 3127 3112 ab
3154 3053 3535 3132 imperatore.

168 3139 452 3218 Παρελθὼν
496 3140 584 3196 οὖν
627 3141 700 3204 εἷς
745 3139 937 3216 μέσους
996 3142 1082 3197 καὶ
1125 3142 1264 3220 μέγα
1306 3142 1531 3218 βοήσας,
1579 3143 1810 3218 ’Ἀνθρω-

1899 3136 1958 3197 [ιι
1993 3135 2248 3198 medium
2283 3138 2483 3218 itaque
2529 3137 2849 3218 accedens,
2899 3147 2959 3202 et
2990 3157 3204 3219 magna
3231 3159 3374 3204 voce
3403 3143 3536 3206 cla-

164 3253 289 3300 ποι,
341 3228 690 3305 Μαξιμιανὸς,
737 3233 915 3310 εἶπεν,
947 3232 974 3286 ὃ
1022 3230 1114 3298 τῆς
1165 3230 1480 3308 οἰκουμένης
1531 3231 1812 3310 δεσπότης,

160 3321 260 3394 ἐμὲ
293 3321 424 3398 πρὸς
453 3321 588 3394 ὑμᾶς
621 3319 906 3395 ἐκπέμψας
964 3317 1112 3376 δυοῖν
1161 3321 1291 3395 ὑμῖν
1351 3318 1526 3378 δίδωσι
1581 3321 1812 3403 αἵρεσιν,

158 3410 200 3478 ἢ
232 3412 378 3472 θεοῖς
422 3413 572 3467 θῦσαι
636 3409 880 3488 (πάρεστι
931 3410 1030 3487 γὰρ
1079 3411 1175 3465 καὶ
1205 3410 1390 3487 βωμὸς
1421 3410 1726 3489 εὐτρεπὴς),
1775 3413 1810 3482 ἢ

161 3500 512 3564 ἀπειθοῦντας
567 3500 703 3580 ὀμ·οῦ
758 3499 1067 3573 σύμπαντας
1146 3496 1536 3578 διαφθαρῆναι·
1591 3503 1654 3558 τὸ
1712 3503 1812 3580 γὰρ

165 3594 274 3668 σιῦρ
317 3586 545 3663 ἕτοιμον.
719 3570 890 3643 τοίνυν
949 3587 1221 3663 βούλεσθε,
1243 3570 1315 3644 ’τὸ
1335 3570 1515 3668 ’τάχος
1554 3570 1807 3664 αἱρεῖσθε..

170 3667 189 3685 ⁸
340 3679 352 3693 ι
730 3692 733 3694 .
820 3677 833 3696 η
1303 3673 1344 3696 λι
1431 3667 1456 3688 ι

195 3687 236 3733 ι)
294 3697 390 3751 μεν
447 3686 675 3736 τοσαῦτα
721 3677 881 3732 εἷπων
911 3674 1161 3735 ἐπαύετο.
1209 3677 1268 3734 Ὀ
1299 3693 1354 3732 οε
1397 3698 1492 3745 της
1523 3677 1810 3747 ἐκκλησίας

166 3763 546 3845 ἂρχιδιάκονος
603 3767 724 3835 πυρὶ
773 3765 915 3829 θείας
969 3767 1192 3846 χάριτος
1248 3767 1348 3832 τὴν
1417 3765 1631 3845 καρδίαν
1692 3766 1811 3826 δια-

163 3854 460 3934 φλεχθεῖς,
527 3855 656 3917 στὰς
725 3855 867 3933 παρὰ
929 3857 992 3911 τὸ
1051 3864 1140 3913 τοῦ
1193 3857 1567 3930 θυσιαστηρίου
1625 3857 1810 3941 κέρας,

164 3936 236 3998 ’δὲ
281 3944 505 4019 πάντες,
531 3944 713 4023 εἶπεν,
743 3945 866 4020 ἐμοὶ
907 3946 991 4001 καὶ
1028 3943 1284 4014 ἀλλήλοις
1324 3945 1596 4025 ὅμόψυχοι
1652 3936 1811 4004 ἂδελέ

167 4036 284 4114 φοὶ,
345 4037 442 4092 οὒκ
497 4031 615 4090 ἴστε
669 4032 816 4096 ὅπως
865 4032 978 4112 ἄρτι
1039 4037 1125 4090 καὶ
1196 4035 1339 4092 αὐτοὶ
1383 4035 1450 4090 τὰ
1506 4036 1612 4092 τῶν
1654 4045 1814 4116 τριῶν

167 4121 375 4182 παίδων
432 4122 674 4187 ἐπιόντες
734 4122 830 4180 οὐκ
883 4122 1022 4180 ’ἐστιν
1084 4126 1256 4180 εἰπεῖν
1285 4121 1406 4180 ὅσον
1437 4125 1624 4191 αὖτοὺς
1657 4125 1814 4186 ἐθαυ-

165 4211 412 4287 μάζομέν
469 4234 527 4270 τε
567 4217 664 4280 τῆς
727 4209 934 4292 ἀνδρίας
978 4213 1065 4269 καὶ
1111 4219 1206 4278 τῆς
1241 4215 1370 4292 πρὸς
1402 4215 1501 4282 τὴν
1541 4214 1815 4274 εὐσέϐειαν

165 4297 440 4376 ἀκριϐείας
500 4298 957 4374 ἐξεπληττόμεθα,
1019 4300 1103 4355 καὶ
1161 4300 1309 4365 ὅπως
1367 4305 1472 4382 οὔχ
1528 4302 1602 4365 ὡς
1654 4306 1814 4382 πυρὸς

1893 3241 2061 3285 mans
2091 3245 2104 3282 :
2140 3229 2190 3286 Ο
2223 3225 3340 3308 homines,Maximlanus,inquit,orbis
3359 3237 3534 3296 terrae

1891 3312 2190 3390 dominus,
2228 3332 2322 3376 me
2344 3317 2416 3377 ad
2448 3333 2552 3377 vos
2577 3315 2779 3390 misso,
2802 3315 3050 3378 alterius
3072 3335 3144 3379 ex
3176 3317 3415 3381 duobus
3434 3320 3538 3384 dat

1893 3402 2060 3464 vobis
2082 3404 2410 3486 optionem,
2436 3412 2501 3466 ut
2531 3412 2630 3466 aut
2655 3404 2770 3466 diis
2792 3405 3140 3469 sacriﬁcetis
3159 3406 3349 3483 (adest
3374 3408 3535 3471 enim

1893 3509 1994 3554 ara
2040 3499 2289 3573 parata),
2341 3502 2462 3568 aut,
2518 3493 2566 3556 si
2615 3511 2731 3554 non
2781 3495 3059 3574 parcatis,
3093 3513 3302 3557 omnes
3354 3497 3536 3558 simul

1895 3581 2168 3660 pereatis,
2180 3589 2389 3658 praesto
2423 3582 2580 3644 enim
2616 3589 2705 3642 est
2730 3582 2905 3660 ignis.
2940 3581 3108 3654 Quod
3161 3600 3300 3661 ergo
3331 3583 3534 3666 vultis,

1895 3668 2334 3750 quamprimum
2371 3669 2589 3749 eligite.
2630 3669 2895 3732 Cessavit
2942 3669 3065 3745 ille,
3111 3688 3245 3732 cum
3279 3671 3408 3734 haec
3437 3672 3536 3735 di-

1894 3758 2098 3820 xisset.
2116 3755 2392 3819 Ecclesiae
2414 3766 2610 3819 autem
2634 3757 3115 3839 archidiaconus,
3140 3777 3277 3821 cum
3301 3759 3357 3821 ei
3380 3768 3540 3823 esset

1896 3865 1999 3909 cor
2027 3865 2346 3910 accensum
2378 3849 2514 3926 igne
2544 3847 2756 3910 divinae
2784 3849 3010 3926 gratiae,
3045 3857 3210 3909 stans
3241 3848 3315 3910 ad
3346 3867 3538 3913 cornu

1896 3936 2118 4016 altaris,
2151 3933 2199 3997 Ο
2230 3937 2578 4018 vos,inquit,
2604 3936 2721 3998 mei
2749 3937 3052 4014 fratres,et
3078 3937 3239 3999 inter
3257 3956 3359 4000 vos
3380 3940 3537 4002 invi-

1897 4045 2026 4088 cem
2039 4024 2615 4098 unanimes,nescitis
2628 4026 3134 4104 quemadmodum
3148 4027 3538 4109 quaeatribus

1899 4116 2098 4196 pueris
2115 4115 2263 4176 facta
2284 4116 2628 4196 sunt,paulo
2653 4123 2792 4178 ante
2811 4117 3396 4198 persequentes,dici
3422 4137 3544 4182 non

1901 4213 2112 4286 potest,
2141 4213 2425 4285 quantum
2452 4222 2660 4267 eorum
2683 4205 3129 4267 admirabamur
3151 4205 3453 4284 virtutem,
3487 4215 3547 4270 et

1900 4313 2103 4357 eorum
2125 4295 2184 4356 in
2200 4293 2419 4374 pietate
2432 4293 2814 4376 stupebamus
2831 4294 3550 4378 fortitudinem,etquem-

167 4388 338 4466 μέσον
387 4391 636 4463 ἑστῶτες,
683 4387 805 4444 ἀλλ’
835 4388 890 4443 ἐν
923 4386 1142 4464 μαλακῆ
1172 4411 1273 4445 τινι
1328 4389 1434 4462 πόᾳ
1475 4391 1813 4473 χορεύοντες,

1899 4385 2224 4446 admodum
2259 4402 2377 4446 non
2412 4392 2692 4462 tanquam
2739 4392 2966 4448 stantes
3010 4385 3072 4473 in
3118 4384 3316 4447 medio
3362 4385 3540 4466 ignis,

168 4479 322 4536 αὗτοί
361 4499 420 4533 τε
449 4477 670 4553 ὕμνουν,
702 4478 790 4534 καὶ
816 4478 917 4544 τὴν
946 4477 1117 4533 κτίσιν
1175 4476 1307 4543 ὅλην
1360 4479 1433 4542 εἷς
1476 4478 1640 4555 ὕμνον
1684 4472 1813 4538 ἑκάὲ

1899 4474 2004 4535 sed
2032 4473 2092 4534 in
2125 4473 2290 4535 molli
2322 4473 2520 4554 aliqua
2551 4474 2736 4536 herba
2765 4474 2982 4536 choros
3003 4472 3312 4551 ducentes,
3345 4474 3462 4556 ipsi
3487 4483 3548 4539 et

168 4568 297 4624 λουν
353 4577 448 4626 τοῦ
489 4569 595 4624 τῶν
656 4566 795 4622 ὅλων
854 4573 988 4622 Θεοῦ
1023 4583 1040 4642 ;
1074 4566 1297 4631 Τούτους
1349 4569 1514 4643 ἡμεῖς
1545 4570 1604 4626 οὗ
1633 4593 1815 4645 μακαο

171 4659 313 4734 ρίους
359 4656 522 4730 μόνον
580 4655 876 4735 ἐκρίνομεν,
940 4655 1076 4711 ἀλλὰ
1137 4657 1224 4712 καὶ
1283 4658 1524 4714 κοινωνοὶ
1581 4661 1818 4736 γενέσθαι

168 4752 280 4803 τῶν
336 4745 608 4826 στεφάνων
667 4745 854 4808 αὐτοῖς
914 4744 1312 4821 ἐπιθυμητικῶς
1371 4745 1624 4826 εἴχομεθ,
1671 4747 1822 4806 Ἐπεὶ

171 4836 304 4913 γοῦν
334 4835 422 4891 καὶ
476 4836 565 4890 νῦν
608 4835 790 4907 καιρός
835 4833 976 4890 ἐστιν
1021 4836 1048 4890 ὁ
1105 4833 1284 4890 καλῶν
1344 4838 1428 4891 καὶ
1478 4837 1675 4914 τρόπος
1718 4843 1822 4894 τῶν

169 4924 509 5003 κρατούντων
552 4922 734 4999 ὅμοιος
779 4923 844 4995 (εὶ
899 4924 999 5002 γὰρ
1058 4923 1146 4979 καὶ
1197 4936 1316 4987 τοϊς
1367 4923 1588 5000 ὀνόμασι
1636 4923 1822 5006 διαφέ-

171 5036 384 5094 ρουσιν,
440 5012 578 5070 ἀλλὰ
627 5018 698 5089 τῇ
751 5034 812 5090 γε
869 5013 1112 5089 ὠμότητι
1173 5013 1260 5070 καὶ
1314 5018 1383 5090 τῇ
1454 5013 1667 5088 ἀσεϐείᾳ
1729 5015 1824 5072 καί

169 5101 377 5182 σφόδρα
461 5099 856 5182 συμϐαίνουσι),
922 5100 1197 5180 γενώμεθα
1279 5104 1366 5159 καὶ
1421 5103 1585 5180 ἡμεῖς
1645 5104 1823 5181 ὅμοιοι

164 5194 270 5261 τὴν
333 5189 603 5251 εὐσέϐειαν
648 5204 765 5256 τοῖς
809 5191 930 5250 τότε
994 5189 1490 5270 διαγωνισαμένοις.
1541 5199 1660 5260 Πῶς
1724 5195 1824 5273 γὰρ

166 5286 267 5342 οὐκ
323 5279 523 5338 ἄτοπον
575 5279 812 5344 ἐκείνως
864 5282 962 5356 μὲν
1018 5283 1106 5337 καὶ
1149 5280 1346 5344 παῖδας
1396 5281 1552 5348 ὄντας
1582 5282 1826 5343 καὶοῦδὲ

165 5377 278 5428 τῶν
345 5373 504 5450 τριῶν
562 5369 832 5451 πλείονας,
889 5367 1066 5433 ἄλλως
1125 5391 1182 5426 τε
1229 5368 1280 5425 δὲ
1327 5373 1416 5427 καὶ
1462 5372 1628 5448 μήπω
1657 5371 1827 5450 μηδὲν

167 5459 472 5540 ὑπόδειγμα
540 5457 944 5538 παραλαϐόντας
1018 5460 1090 5524 εἷς
1148 5457 1411 5524 εὗσεϐείας
1466 5464 1819 5542 παράστασιν,

173 5549 316 5608 οὕτω
365 5545 732 5630 περιϐλέπτως
791 5547 1258 5628 διαγωνίσασθαι,
1300 5552 1446 5626 ἡμᾶς
1505 5551 1560 5608 δὲ
1617 5554 1704 5614 καὶ
1762 5554 1825 5610 τὸ

175 5639 381 5710 πλῆθος
468 5643 562 5698 οὒκ
644 5640 1026 5717 εὐαριθμήτους
1083 5639 1426 5719 ὑπάρχοντας
1464 5691 1479 5722 ,
1542 5641 1678 5699 ἀλλὰ
1738 5645 1824 5700 καὶ

1900 4562 2182 4643 hymnum
2216 4561 2533 4643 canebant,
2565 4570 2624 4626 et
2653 4581 2892 4625 omnem
2955 4573 3214 4626 creatam
3273 4573 3550 4628 naturam

1902 4657 1974 4713 ad
2005 4652 2414 4714 universorum
2449 4652 2636 4714 Deum
2669 4651 3030 4716 laudandum
3059 4652 3398 4717 vocabant?
3427 4653 3550 4718 Hos

1906 4759 2014 4802 nos
2045 4759 2163 4802 non
2194 4741 2384 4802 solum
2409 4740 2829 4821 judicabamus
2883 4741 3119 4820 beatos,
3176 4744 3284 4806 sed
3335 4761 3548 4806 eorum

1906 4849 2132 4907 quoque
2165 4849 2509 4895 coronarum
2532 4835 2904 4906 cupiebamus
2934 4851 3059 4893 esse
3079 4837 3239 4894 socii.
3266 4836 3553 4905 Quoniam

1906 4936 2050 5001 ergo
2081 4927 2140 4979 et
2169 4937 2328 4981 nunc
2359 4937 2468 4981 nos
2495 4929 2664 4984 vocat
2694 4926 3180 5000 tempus,etsuut
3201 4938 3400 4982 mores
3429 4923 3552 4984 im-

1908 5019 2249 5091 peratorum
2281 5009 2543 5084 similes;
2569 5026 2703 5070 nam
2737 5007 2847 5070 etsi
2877 5009 3222 5070 nominibus
3244 5008 3550 5087 dill'erunt,

1908 5107 1968 5160 at
1996 5095 2346 5160 crudelitate
2391 5105 2450 5160 et
2492 5097 2796 5177 impietate
2849 5097 3106 5159 maxime
3135 5097 3553 5174 conveniunt;

1910 5185 2236 5252 eﬂiciamur
2267 5205 2374 5248 nos
2403 5204 2639 5268 quoque
2670 5185 2888 5267 pietate
2920 5185 3149 5248 similes
3171 5186 3245 5248 iis
3273 5186 3377 5268 qui
3407 5195 3552 5250 tunc

1909 5277 2308 5340 decertarunt.
2344 5275 2652 5348 Quomodo
2684 5275 2844 5338 enim
2872 5294 2992 5337 non
3016 5284 3174 5338 esset
3203 5273 3554 5354 absurdum,

1908 5367 2044 5432 illos
2068 5364 2337 5444 quidem,
2359 5383 2493 5428 cum
2527 5373 2729 5429 essent
2761 5365 2954 5444 pueri,
2988 5372 3047 5428 et
3077 5384 3190 5429 nec
3212 5366 3414 5447 plures
3445 5365 3558 5428 tri-

1907 5457 2043 5543 bus,
2079 5462 2135 5526 et
2179 5456 2397 5536 alioqui
2446 5474 2579 5516 cum
2639 5455 2871 5517 nullum
2927 5455 3129 5518 adhuc
3176 5455 3560 5537 accepissent

1907 5551 2247 5634 exemplum
2281 5543 2466 5608 animi
2507 5543 2934 5634 magnitudinis
2966 5545 3029 5606 in
3063 5545 3280 5608 tuenda
3311 5544 3556 5628 pietate,

1908 5648 2021 5705 tam
2057 5633 2340 5724 praeclare
2372 5637 2715 5700 decertasse
2738 5633 2769 5694 ?
2799 5633 2916 5696 Nos
2939 5650 3109 5710 vero,
3143 5634 3245 5716 qui
3274 5643 3333 5698 et
3365 5636 3563 5699 multi-
