4056 6152
498 291 647 359 1071
1664 291 2048 355 ADDENDA.
2137 323 2198 334 ---
2274 289 2698 353 DECEMBER.
3704 281 3821 345 107?

491 429 700 492 tudine
731 445 936 490 sumus
961 445 1142 509 prope
1169 425 1655 506 innumerabiles,
1683 432 1743 488 et
1763 424 1959 505 multi,
1993 421 2093 501 qui

2225 423 2664 503 παραδειγμάτων
2722 423 3072 500 εὐποροῦντας
3129 420 3393 475 τοσούτων
3419 464 3436 495 ,
3494 418 3712 498 ὁφθηναι
3760 440 3827 495 σι-

495 520 606 582 bus
638 518 786 580 nihil
820 504 989 580 deest
1011 504 1088 578 ad
1109 520 1429 598 perfectam
1451 504 1706 589 aetatem,
1733 522 1788 576 et
1812 504 2028 594 quibus
2055 532 2097 574 ea

2226 517 2591 593 λοψυχοῦντας
2649 515 2734 568 καὶ
2792 511 3024 588 ἀγεννῶς
3071 509 3320 588 ἔχοντας,
3375 509 3456 563 καὶ
3510 506 3589 579 μῆ
3644 504 3828 581 ἕρμαιόν

497 609 672 670 etiam
692 615 851 669 tanta
877 594 1282 686 exemplorum
1316 605 1704 686 copia,videri
1731 604 1862 664 vita;
1892 601 2099 682 cupidc

2227 626 2274 659 τι
2305 605 2396 659 τὸν
2440 603 2621 678 καιρὸν
2650 601 2904 679 ἁρπάσαι,
2950 601 3036 654 καὶ
3080 599 3478 676 καταφρονῆσαι
3537 594 3635 668 μὲν
3688 616 3829 671 προσ-

499 707 560 760 et
590 699 802 777 ignavo
837 695 1195 776 abjectoquo
1229 713 1362 757 esse
1391 697 1610 771 animo,
1648 701 1709 756 et
1741 711 1858 754 non
1890 691 2101 753 oblata:

2232 694 2408 771 καίρου
2449 695 2592 762 ζωῆς
2650 690 2780 766 ὑπὲρ
2838 696 2930 745 τοῦ
2982 687 3345 753 πεποιηκότος
3385 686 3530 758 ἡμᾶς
3592 690 3718 738 Θεοῦ
3765 686 3834 738 καὶ

495 771 870 849 occasionem
906 771 1180 866 tanquam
1238 785 1470 847 lucrum
1523 783 1814 864 arripere,
1867 790 1927 844 et
1967 781 2097 843 hanc

2233 782 2326 848 τὴν
2369 782 2554 837 ἑαυτοῦ
2600 780 2786 858 ψυχὴν
2814 779 2944 855 ὑπὲρ
2973 779 3124 850 ἡμῶν
3170 777 3241 838 εἰς
3287 774 3510 830 θάνατον
3557 771 3835 848 δεδωκότος,

497 895 630 956 quae
662 881 751 936 est
783 873 854 935 ad
888 862 1333 954 tempus,vitam
1382 862 1692 951 despicere
1726 891 1830 952 pro
1861 873 2007 944 Deo,
2045 888 2099 948 qi

2235 872 2516 949 μαρτύριον
2572 868 2625 925 δὲ
2679 871 2778 934 τῆς
2829 866 3081 945 ἀῤῥαγοῦς
3114 867 3268 936 ἡμῶν
3328 864 3556 927 πίστεως
3607 864 3696 918 τὸ»
3737 862 3837 916 ἑαδ-

499 950 609 1025 nos
641 963 801 1038 fecit,
830 970 888 1024 et
909 950 1073 1024 suam
1099 963 1357 1025 animam
1382 950 1547 1024 dedit
1578 981 1681 1042 pro
1706 950 1877 1022 nobis
1895 959 1966 1022 ad
1995 978 2101 1020 mm

2239 962 2335 1018 τῶν
2378 961 2598 1016 θάνατον
2629 969 2964 1037 παρισχετνν
3000 975 3016 1031 ;
3049 962 3220 1013 Ταῦτα
3265 951 3318 1009 δέ
3348 976 3486 1033 φημι
3519 950 3621 1007 κᾶν
3663 954 3705 1007 εἰ
3732 950 3841 1026 μηδὲ

495 1061 646 1127 tem,
679 1051 1089 1114 testimonium
1116 1061 1313 1114 autem
1348 1052 1532 1112 ﬁrmae
1557 1039 1616 1111 et
1638 1050 1904 1111 infracta
1934 1057 2096 1109 nostr

2249 1052 2326 1106 ιία
2381 1073 2463 1114 τις
2519 1048 2649 1126 ὑπὲρ
2706 1048 2906 1104 τούτων
2951 1042 3210 1107 ἀντίδοσις
3255 1043 3321 1110 ἧν
3363 1047 3378 1072 ‘
3422 1043 3541 1098 ἐπεὶ
3602 1039 3656 1096 δὲ
3713 1043 3845 1116 μικρᾶ

499 1141 642 1204 ﬁdei
674 1148 934 1203 nostram
970 1140 1240 1222 praebere
1264 1148 1514 1202 mortem
1536 1140 1566 1200 ‘?
1596 1139 1731 1202 Haec
1758 1148 1954 1200 autem
1988 1137 2101 1198 diCt

2245 1140 2346 1196 liatv
2399 1142 2462 1197 τὰ
2517 1139 2807 1213 παθήματα
2867 1144 2958 1194 τοῦ
3014 1141 3100 1190 νῦν
3157 1139 3344 1212 καιροῦ
3417 1134 3552 1209 πρὸς
3610 1130 3705 1196 τὰς
3755 1128 3847 1184 ἐκεῖ

496 1231 726 1293 etiamsi
753 1229 915 1306 nulla
945 1217 1103 1292 esset
1125 1248 1233 1312 pro
1258 1230 1352 1290 his
1381 1228 1809 1292 remuneratio.
1840 1225 1985 1290 Cum
2008 1245 2098 1287 vei

2243 1225 2642 1302 αισθαποδοσίας
2704 1222 3175 1303 παραϐαλλόμενα,
3235 1223 3325 1277 καὶ
3405 1223 3522 1291 ζωὴ
3587 1219 3682 1296 μὲν
3738 1217 3845 1274 ἀλυ-

497 1320 618 1381 sint
646 1320 826 1382 valde
851 1338 1041 1399 parvae
1063 1308 1246 1399 hujus
1263 1319 1549 1398 temporis
1567 1317 1898 1399 passiones,
1927 1317 1976 1377 si
2000 1335 2099 1377 con

2242 1340 2329 1380 πος
2372 1319 2460 1375 καὶ
2489 1317 2701 1379 αἰώνιος
2733 1316 2847 1370 ἀντὶ
2888 1319 2986 1379 τῆς
3040 1310 3292 1368 ἐπιπόνου
3342 1308 3542 1376 ταύτης
3598 1309 3686 1364 καὶ
3738 1309 3844 1384 βρα-

499 1408 768 1470 ferantur
790 1398 922 1470 cum
958 1408 1030 1468 iis
1055 1398 1187 1488 quae
1205 1415 1349 1470 sunt
1368 1407 1492 1468 illic
1523 1398 2101 1468 remunerationibus

2245 1407 2414 1486 χέίας,
2474 1404 2595 1469 δόξα
2649 1403 2705 1460 δὲ
2750 1401 2991 1477 οὐδαμῶς
3055 1399 3295 1479 λήγουσα
3353 1399 3467 1456 ἀντὶ
3509 1399 3612 1464 τῆς
3657 1398 3847 1454 ἀπίστου

499 1506 560 1560 et
580 1498 698 1560 vita
729 1497 972 1579 quidem
1006 1486 1218 1578 expers
1251 1496 1542 1558 molestia:
1572 1504 1628 1557 et
1659 1503 2016 1574 aeterna,pro
2043 1495 2101 1555 ha

2247 1498 2322 1552 uti
2376 1492 2563 1570 ῥᾳδίως
2625 1495 3109 1570 μεταπιπτούσης,
3174 1487 3403 1552 πλοῦτός
3445 1510 3506 1544 τε
3555 1486 3742 1551 ἄσυλος
3781 1491 3849 1543 καὶ

499 1587 673 1650 brevi
695 1595 752 1648 et
774 1585 1106 1663 laboriosa;
1133 1586 1322 1665 gloria
1350 1593 1552 1647 autem
1579 1603 1879 1664 nunquam
1913 1601 2101 1644 cessa:

2243 1584 2401 1653 ἡδονὴ
2458 1583 2728 1658 μηδέποτέ
2783 1584 2911 1660 πρὸς
2978 1579 3150 1645 λύπην
3211 1587 3603 1657 μεταχωροῦσα
3639 1595 3653 1610 ⁸
3713 1580 3845 1653 ἡμεῖς

499 1695 605 1757 pro
664 1675 848 1737 inﬁda
888 1684 945 1737 et
993 1693 1127 1754 qua)
1155 1675 1328 1736 facile
1360 1673 1622 1750 excidit;
1673 1680 1732 1735 et
1761 1672 1978 1733 divitim
2021 1690 2100 1753 qu

2247 1676 2312 1730 ἔτι
2370 1672 2798 1751 συμπαραμένειν
2880 1671 3230 1748 ἀγαπήσομεν
3303 1681 3422 1731 τοῖς
3480 1675 3729 1746 παροῦσι,
3782 1668 3849 1721 καὶ

500 1755 726 1848 surripi
747 1773 1144 1846 nequeunt,et
1167 1763 1599 1844 voluptas,qu:e
1624 1779 1926 1842 nunquam
1944 1768 2102 1822 trans

2246 1765 2359 1842 υῦχὶ
2389 1764 2651 1843 πρόφασιν
2682 1759 2886 1838 μᾶλλον
2917 1761 3048 1835 πρὸς
3093 1759 3190 1824 τὴν
3233 1756 3350 1813 ἐκεῖ
3391 1755 3547 1822 δόξαν
3606 1758 3694 1813 τὸν
3745 1756 3848 1832 ὑπὲρ

501 1855 576 1917 ad
608 1843 964 1934 molestiam,
999 1871 1108 1915 nos
1139 1843 1333 1914 adhuc
1390 1852 1451 1912 in
1485 1850 1881 1932 praesentibus
1914 1869 2103 1911 manet

2247 1858 2464 1931 Χριστοῦ
2519 1850 2743 1907 θσίνατον
2803 1850 3039 1928 εὑρόντες
3095 1849 3167 1909 ὡς
3212 1847 3380 1925 τάχος
3413 1843 3849 1920 μεταϐησόμεθα;

507 1943 1029 2023 concupiscemus,
1057 1948 1114 2003 et
1140 1959 1261 2002 non
1286 1940 1481 2021 potius
1508 1958 1640 2001 cum
1662 1941 1734 2002 ad
1764 1957 1891 2000 eam
1916 1957 2046 2020 qum
2069 1959 2109 2000 et

2248 1945 2338 2000 Καὶ
2366 1943 2417 1997 τί
2448 1940 2506 1998 ἂν
2555 1939 2680 1996 ἄλλο
2715 1946 3013 2010 ποιοῦντες,
3047 1937 3180 2002 ἄξιοι
3225 1939 3535 2012 θρηνεῖσθαι
3589 1937 3726 2012 παρὰ
3769 1942 3850 1990 τῶν

506 2031 630 2093 illic
662 2032 1052 2111 gloriam,pro
1086 2031 1324 2092 Christo
1349 2029 1664 2091 subeundo
1689 2037 1964 2108 mortem,
1997 2027 2108 2088 inm

2251 2031 2565 2112 ρρονούντων
2627 2033 2681 2084 εὖ
2736 2026 3144 2108 κριθησόμεθας
3206 2025 3510 2112 Μνήσθητε,
3577 2024 3769 2100 μᾶλλον

503 2119 771 2182 nerimus
831 2119 1216 2201 perveniendi
1265 2118 1665 2192 occasionem,
1714 2117 2105 2198 quamprimui

2255 2111 2324 2176 ιαὶ
2366 2121 2497 2198 πρὸς
2541 2120 2602 2174 τὸ
2673 2118 3044 2194 θυσιαστήριον
3107 2111 3470 2188 ἀποϐλέψατε.
3529 2115 3743 2172 Τὲθυται
3791 2114 3857 2167 καὶ

505 2209 883 2272 subibimus?
909 2208 983 2272 Et
1006 2209 1289 2286 quidnam
1321 2208 1482 2269 aliud
1503 2207 1817 2287 facientes,
1853 2206 1926 2268 ab
1949 2207 2023 2267 iis
2051 2225 2107 2286 qi

2253 2211 2365 2288 ›πέρ
2419 2211 2573 2283 ἡμῶν
2635 2212 2662 2265 ὁ
2717 2207 2974 2282 ἡμέτερος
3008 2203 3212 2270 ἀληθὴς
3277 2202 3583 2271 Δεσπὸτης.
3625 2204 3752 2282 Οῦχὶ
3791 2201 3855 2255 καὶ

503 2298 767 2384 sapiunt,
813 2297 1241 2378 judicabimur,
1296 2297 1410 2358 nisi
1442 2295 1632 2374 digni,
1665 2295 1770 2373 qui
1803 2295 2105 2373 lugeamur

2254 2303 2401 2374 λιμετς
2447 2299 2576 2377 ὑπὲρ
2618 2299 2801 2355 τούτου
2845 2297 2900 2352 ὲν
2959 2296 3109 2366 τόπῳ
3166 2291 3300 2366 τῷδε
3362 2293 3499 2370 ἁγίῳ
3559 2294 3652 2356 τὰς
3708 2297 3856 2368 ψυχας

501 2381 885 2474 Mementote,
937 2392 1056 2454 imo
1111 2409 1251 2454 vero
1302 2390 1555 2470 aspicite
1609 2389 1682 2450 ad
1721 2407 1910 2451 aram.
1967 2387 2103 2451 Veri

2255 2392 2609 2468 προησόμεθα,
2669 2389 2756 2444 καὶ
2815 2385 2887 2449 ὥς
2960 2405 3075 2440 τινα
3145 2383 3323 2438 θυσίαν
3401 2383 3594 2456 ἐκείνῳ
3646 2385 3718 2454 τῴ
3762 2381 3857 2455 πυρὶ

507 2481 668 2544 enim
701 2490 902 2544 noster
932 2481 1220 2545 Dominus
1251 2480 1362 2542 fuit
1416 2498 1522 2561 pro
1555 2478 1728 2541 nobis
1762 2478 2109 2542 sacriﬁcatu:

2242 2481 2432 2542 ταύτας
2463 2477 2904 2550 ὀλοκαυτώσομεν
2941 2494 2957 2545 ς
3836 2547 3844 2556 1

511 2570 642 2633 Non
676 2589 785 2632 nos
819 2587 1060 2652 quoque
1111 2588 1217 2650 pro
1246 2588 1320 2632 eo
1352 2556 1575 2631 in'loco
1610 2576 1816 2630 sancto
1860 2568 2088 2630 animas
2120 2565 2547 2647 prot'undemus
2601 2571 2656 2626 et
2687 2563 2868 2625 veluti
2926 2564 3221 2645 quoddam
3253 2562 3617 2624 sacriﬁcium
3651 2576 3741 2621 eas
3785 2556 3847 2616 illi

505 2661 632 2740 igni
663 2661 989 2721 oﬁ‘eremus
1024 2660 1083 2719 in
1113 2659 1530 2721 holocaustum
1551 2658 1581 2717 ‘?

586 2747 850 2811 XXVIII.
884 2749 1029 2812 Cum
1062 2747 1147 2808 sic
1176 2746 1448 2824 dixisset,
1501 2766 1710 2810 omnes
1766 2747 2046 2827 incitavit,
2101 2755 2160 2808 et

2326 2746 2454 2804 KO'.
2517 2745 2696 2806 Οὕτως
2756 2745 2940 2823 εἰπὼν,
2983 2743 3240 2822 παρέθηξε
3299 2745 3502 2807 πάντας
3572 2744 3732 2813 εὐθὺς,
3786 2738 3847 2794 καὶ

511 2839 707 2902 eﬂ'ecit
726 2846 790 2901 ut
806 2837 1456 2900 moriendivehementi
1473 2845 1820 2900 tenerentur
1836 2836 2113 2899 desideric

2243 2834 2472 2913 ἠρέθισε,
2535 2836 2621 2890 καὶ
2692 2834 2822 2911 πρὸς
2879 2835 2970 2889 τὸν
3027 2832 3249 2892 θάνατον
3297 2834 3528 2908 ἑτοίμως
3590 2832 3731 2912 ἔχειν
3786 2827 3845 2883 καὶ

511 2928 698 2992 Simul
731 2928 929 3009 itaque
960 2946 1095 2990 cum
1129 2926 1230 2988 illo
1262 2925 1494 2989 beatam
1529 2927 1687 2989 illam
1715 2945 1925 2989 vocem
1956 2925 2113 2988 excla

2244 2922 2537 2998 διψητικὼς
2594 2922 3005 3000 παρεσκεύασεν,
3093 2923 3288 2978 Αὐτίκα
3352 2923 3527 2979 τοίνυν
3610 2926 3734 2996 ὁμοῦ
3783 2917 3844 2970 σὺν

512 3025 844 3094 maveruut,
898 3016 1217 3080 Christiani
1259 3035 1490 3098 sumus,
1547 3016 1890 3090 Christiani,
1925 3024 1982 3077 et
2015 3015 2114 3075 dec

2248 3012 2432 3085 ἐκείνῳ
2516 3014 2615 3078 τὴν
2702 3012 2959 3088 μα-ιορίαν
3035 3012 3251 3089 φωνὴν,
3334 3012 3639 3087 Χριστιανοί
3703 3009 3847 3081 ἔσμεν,

514 3117 671 3182 tuos,
700 3126 735 3169 ο
766 3109 1107 3187 imperator,
1147 3125 1266 3168 non
1319 3075 1609 3168 colemus.
1643 3105 1780 3170 Hac
1811 3105 2116 3166 Maximian

2250 3100 2440 3173 ἐϐόων,
2501 3102 2827 3179 Χριστιανοὶ,
2890 3101 3136 3162 καὶτοῖς
3182 3104 3330 3164 θεοῖς
3390 3123 3510 3176 σου,
3565 3096 3784 3177 βασιλεῦ,
3809 3091 3848 3149 οὗ

515 3194 760 3274 quidem
793 3183 1274 3255 amuntiahantur
1306 3217 1323 3270 ;
1358 3195 1462 3257 ille
1491 3201 1689 3255 autem
1722 3211 1856 3254 cum
1883 3211 1957 3254 ne
1988 3193 2117 3254 ﬁne:

2250 3188 2625 3268 λατρεύσομεν.
2685 3198 2857 3246 Ταυτπι
2916 3188 3214 3268 ἠγγέλλετο
3275 3189 3372 3264 μὲν
3430 3189 3777 3264 Μάξιμιανῷ’
3821 3183 3851 3274 ,ὁ

516 3269 764 3360 quidem
791 3290 1196 3362 exspectasset
1220 3269 1526 3358 orationis,
1554 3283 1733 3361 jussit
1758 3282 1820 3344 in
1840 3299 1946 3342 eos
1969 3280 2118 3357 igne:

2251 3277 2304 3335 δὲ
2365 3277 2501 3354 μηδὲ
2543 3281 2604 3335 τὸ
2647 3285 2740 3335 τοῦ
2783 3277 2945 3356 λόγου
2975 3277 3138 3352 πέρας
3187 3279 3472 3352 ἀναμείνας
3522 3281 3584 3335 τὸ
3614 3284 3708 3354 πῦρ
3759 3269 3853 3328 ἐκέ-

518 3370 788 3447 accendi,
823 3377 881 3432 et
913 3388 1018 3432 eos
1049 3390 1166 3432 una
1196 3391 1329 3433 cum
1387 3372 1609 3451 templo
1649 3372 1837 3450 exuri,
1877 3378 1939 3431 ut
1971 3369 2120 3431 nulli

2253 3367 2368 3423 λευε
2399 3366 2516 3423 κατ’
2562 3367 2734 3426 αὒτῶν
2778 3366 3000 3443 ἀνάψαι,
3071 3369 3160 3424 καὶ
3203 3369 3294 3425 σὺν
3351 3372 3427 3442 τῷ
3457 3375 3571 3442 ναῷ
3625 3366 3855 3422 κατακαῦ-

519 3479 729 3522 eorum
762 3478 872 3522 nec
907 3459 1376 3522 misericordiam
1429 3470 1818 3534 consecutus,
1852 3477 2047 3536 neque
2078 3459 2121 3519 la

2254 3477 2340 3512 σαι
2400 3457 2626 3529 πάντας,
2684 3459 2758 3520 ὡς
2802 3454 3003 3531 μηδένα
3049 3457 3250 3514 τούτων
3295 3457 3423 3532 μήτ’
3455 3456 3634 3520 ἐλέους
3664 3451 3855 3531 τυχόντι

520 3559 651 3612 tens
685 3558 884 3630 posset
908 3549 1196 3628 eﬁ‘ugere.
1231 3551 1321 3612 Pii
1354 3569 1489 3612 vero
1515 3568 1651 3612 cum
1681 3567 1889 3610 omnes
1915 3566 2122 3626 congre

2255 3547 2394 3622 μήτε
2452 3546 2557 3619 μὴν
2597 3545 2773 3610 ἄλλως
2831 3545 3082 3624 λαθόντα,
3139 3545 3356 3603 δυνατὸν
3401 3547 3644 3625 γενέσθαι
3702 3541 3854 3616 διασυ-

519 3647 755 3719 gassent
784 3639 960 3701 simul
992 3641 1474 3715 catechumenos,
1503 3639 1662 3702 viros
1689 3647 1748 3700 et
1776 3637 2080 3714 mulieres,
2117 3667 2121 3691 ι

2255 3649 2400 3713 γεῐν.
2467 3638 2526 3694 Οἱ
2583 3646 2706 3713 γοῦν
2751 3633 2988 3698 εὐσεϐεῖς
3032 3636 3156 3699 τοὺς
3200 3637 3646 3716 κατηχουμένους
3692 3630 3853 3688 πάντας

524 3715 762 3809 pueros,
785 3748 1009 3810 eosque
1029 3729 1089 3790 in
1117 3739 1370 3810 quatuor
1393 3730 1761 3803 divisissent,
1781 3737 1986 3808 utpote
2014 3746 2126 3809 quo

2257 3726 2645 3802 συναγαγόντες
2699 3724 2886 3804 ἄνδρας
2939 3747 2998 3780 τε
3054 3727 3149 3782 καί
3207 3715 3464 3804 γυναῖκας
3531 3727 3617 3783 καὶ
3673 3720 3778 3777 ὅσον
3812 3715 3849 3769 ἐν

525 3807 756 3898 tempus
779 3807 1102 3898 postularet
1127 3807 1634 3893 celeritatem,eos
1664 3807 1863 3880 divino
1881 3807 2127 3898 baptism

2254 3815 2432 3870 παισὶν
2467 3814 2554 3888 ἦν,
2607 3815 2693 3871 καὶ
2742 3815 2956 3874 τούτους
2989 3815 3060 3880 εἰς
3115 3815 3344 3894 τέσσαρα
3373 3815 3758 3884 διαστήσαντες,
3796 3807 3849 3864 ὡς

526 3897 859 3986 perﬁciunt,
930 3917 988 3969 et
1049 3908 1364 3971 chrismate
1416 3919 1665 3990 ungunt,
1725 3916 1784 3970 et
1843 3897 1972 3970 eos,
2015 3906 2128 3969 inte

2255 3901 2316 3958 ἂν
2357 3908 2667 3982 ταχυτῆτος
2725 3908 2817 3964 τόῦ
2869 3911 3051 3981 καιροῦ
3093 3901 3364 3980 δεομένου,
3413 3908 3490 3979 τῷ
3540 3903 3655 3978 θείῳ
3691 3897 3843 3976 βαπτί-

529 3985 769 4056 rneratis
813 3997 1165 4076 impertiunt
1208 3985 1617 4060 sacramentis.
1651 3985 1940 4059 'Protinus
1970 4007 2131 4058 auter

2257 4013 2420 4066 σματι
2477 3992 2756 4068 τελειοῦσι,
2821 3995 2966 4070 μύρῳ
3014 4015 3071 4049 τε
3124 3995 3358 4074 χρίουσι,
3401 3994 3497 4050 καΐ
3551 3999 3650 4051 τῶν
3679 3985 3843 4067 ἆχράν·

529 4084 775 4146 aderant
805 4070 1062 4147 ministri
1085 4106 1320 4168 quoque
1347 4086 1748 4167 Imperatoris,
1777 4096 1834 4148 et
1854 4085 2053 4164 ignem
2076 4104 2131 4146 ac

2257 4103 2364 4137 των
2421 4085 2723 4160 μυστηρίων
2775 4081 3130 4159 μεταδιδοῦσι,
3181 4084 3427 4163 Παρῆσαν
3456 4083 3513 4140 δὲ
3559 4084 3642 4141 καὶ
3691 4080 3729 4140 οἱ
3777 4070 3843 4126 τυ]

531 4174 904 4252 cendebant;
935 4165 1155 4255 illeque
1181 4165 1342 4238 omni
1367 4165 1451 4238 εἰ
1469 4187 1634 4258 parte
1659 4175 1978 4238 tollebatur
1999 4175 2059 4235 in
2083 4175 2133 4236 al

2259 4170 2516 4246 βασιλέως
2577 4171 2783 4252 αῦτίκα,
2844 4174 2931 4228 καὶ
2998 4173 3060 4228 τὸ
3139 4179 3241 4250 πῦρ
3322 4173 3566 4241 ἀνῆπτον
3596 4192 3610 4208 ·
3671 4165 3843 4224 κάκεῖνο

532 4272 654 4325 tum
693 4285 708 4337 ;
765 4271 824 4325 et
854 4250 987 4326 cum
1039 4250 1216 4326 totam
1247 4250 1804 4345 comprehendisset
1833 4263 2134 4325 ecclesiam

2260 4261 2594 4339 πανταχόθεν
2647 4261 2722 4324 εἰς
2752 4260 2885 4334 ὕψος
2930 4258 3112 4340 ᾔρετο,
3174 4263 3264 4317 καὶ
3308 4264 3408 4328 τὴν
3451 4259 3721 4328 ἒκκλησίαν
3745 4250 3841 4312 ὅλην

527 4353 588 4412 in
623 4371 804 4414 unum
857 4352 1219 4415 ascendebat
1265 4337 1577 4428 verticem,
1633 4352 1834 4413 omnia
1870 4364 1990 4413 tam
2042 4373 2129 4433 qu:

2261 4337 2546 4428 περιλαϐὸν
2606 4350 2679 4414 εἷς
2738 4351 2862 4425 μίαν
2917 4337 3152 4431 κορυφην
3218 4350 3395 4431 ἀνῄει,
3459 4353 3631 4408 πάντα
3679 4345 3735 4402 τὰ
3772 4337 3841 4401 ἔξω

529 4449 698 4503 erant
727 4448 892 4502 extra
922 4460 1050 4503 eam
1087 4459 1262 4521 quam
1297 4459 1429 4518 quae
1456 4441 1630 4522 intra,
1661 4441 2010 4522 depascens.
2042 4430 2131 4503 Frc

2237 4441 2318 4494 ’τε
2383 4439 2471 4495 καὶ
2527 4439 2592 4494 τὰ
2653 4437 2798 4496 ἔνδον
2856 4438 3262 4516 ἐπινεμόμενον.
3317 4430 3389 4498 Τδ
3444 4441 3543 4517 μὲν
3596 4438 3677 4496 οὖν
3716 4430 3839 4488 δεινὸν

530 4547 700 4591 mens
731 4533 928 4609 itaque
959 4529 1178 4591 malum
1213 4529 1530 4608 ingruebat
1574 4530 1984 4608 gravissimum
2021 4552 2036 4612 ;
2096 4532 2132 4593 il

2263 4528 2457 4605 βρέμον
2516 4527 2669 4604 ὲπῇει
2704 4545 2718 4558 -
2781 4531 2830 4587 οἱ
2888 4527 2942 4585 δὲ
2991 4527 3134 4586 ἔνδον
3177 4529 3316 4608 μέγα
3348 4532 3479 4605 πρὸς
3512 4532 3639 4588 Θεὸν
3665 4522 3837 4612 ἀνέχῃ.

531 4627 732 4680 autem
767 4607 924 4679 intus
955 4635 1165 4696 magna
1198 4607 1341 4681 voce
1393 4618 1463 4680 ad
1495 4607 1683 4682 Deum
1732 4607 2087 4697 clamabant,
2123 4643 2133 4680 ι

2265 4618 2374 4692 ξον,
2439 4619 2524 4674 καὶ
2577 4619 2677 4685 τὴν
2733 4628 2839 4676 τών
2891 4616 3092 4675 παίδων
3141 4618 3268 4697 ᾖδον
3313 4622 3496 4700 φωνὴν
3555 4627 3711 4678 πᾶσαν
3747 4607 3833 4686 πρὸς

535 4705 833 4769 canebant
887 4707 1179 4768 canticum
1217 4727 1562 4792 puerorum,
1619 4729 1857 4771 omnem
1919 4719 2137 4773 creata!

2264 4709 2480 4788 χορείαν
2532 4707 2816 4772 καλοῦντες
2872 4708 2972 4775 τὴν
3017 4710 3187 4766 κτίσιν
3222 4728 3237 4745 ⁸
3299 4713 3385 4768 καὶ
3435 4713 3496 4768 οῦ
3539 4709 3658 4790 πρὶν
3684 4701 3833 4765 δοξολῡ·

533 4805 810 4858 naturam
848 4801 1126 4857 vocantes
1157 4783 1233 4859 ad
1265 4783 1589 4874 choream';
1621 4817 1816 4880 neque
1849 4799 2012 4879 prius
2044 4817 2135 4860 ces

2264 4804 2476 4874 γοῦντες
2530 4798 2829 4854 επαύσαντο
2881 4798 2916 4866 ἢ
2971 4797 3155 4856 τέλεον
3244 4783 3675 4878 ὁλοκαρπωθῆναι
3725 4783 3835 4844 Sexti

534 4893 740 4947 sarunt
770 4885 1134 4965 gloriﬁcare,
1167 4907 1339 4969 quam
1364 4887 1562 4951 oblata
1592 4897 1792 4950 essent
1817 4896 2061 4969 accepta
2081 4907 2136 4950 sa

2262 4887 2489 4961 θύματα,
2533 4888 2703 4964 ἱερεῖα
2733 4885 2893 4967 ἁγνὰ,
2937 4893 3016 4961 τῷ
3070 4887 3201 4968 ὑπὲρ
3253 4897 3346 4947 τοῦ
3405 4889 3608 4965 κόσμου
3658 4893 3834 4962 σφαγια-

533 4974 783 5056 criﬁcia,
814 4987 994 5038 castra
1023 4976 1238 5040 hostiae
1280 4996 1453 5058 agno,
1488 4977 1588 5059 qui
1643 4977 1752 5039 fuit
1803 4995 1909 5058 pro
1958 4977 2135 5040 mund

1050 4978 1238 5040 tostiae
1280 4996 1453 5058 agno,
1488 4977 1588 5059 qui
1643 4977 1752 5039 fuit
1803 4995 1909 5058 pro
1958 4977 2179 5040 mundo
2265 4975 2434 5032 σθέντι
2479 4974 2652 5051 ἀμνῷ.

533 5071 855 5127 mactatus.

613 5151 830 5217 XXIX.
870 5152 1142 5236 Quinque
1167 5155 1297 5218 dies
1330 5154 1713 5232 transierant,
1740 5163 1800 5216 et
1819 5155 1974 5234 ignis
1995 5153 2182 5236 depa-

2350 5142 2478 5212 ΚΘ’.
2519 5153 2682 5210 Πέντε
2731 5151 2941 5221 διῆλθον
2995 5154 3213 5234 ἡμέραι,
3274 5159 3363 5213 καὶ
3407 5159 3467 5214 τὸ
3518 5165 3614 5237 πῦρ
3641 5153 3718 5220 τὴν
3739 5143 3835 5237 ὕλην

538 5244 750 5304 scebat
771 5231 1268 5307 materiam.Cum
1293 5262 1432 5307 vero
1457 5231 1704 5306 ﬂamma
1707 5231 2140 5324 jamicessasse

2267 5245 2501 5319 ἐνέμετο.
2562 5243 2707 5312 σΗδη
2765 5244 2819 5301 δὲ
2874 5246 2970 5315 τῆς
3055 5231 3258 5326 φλογὸς
3325 5231 3661 5326 πανταμέᾴης
3718 5231 3833 5300 ἀηδία

533 5335 731 5393 nullus
754 5335 984 5406 quidem
1018 5347 1160 5395 teter
1189 5339 1328 5395 odor
1361 5337 1731 5405 sentiebatur,
1759 5352 1866 5396 nec
1885 5353 1956 5396 ex
1977 5353 2135 5410 corp:

2267 5334 2364 5409 μὲν
2395 5333 2510 5390 οὐδὲ
2560 5334 2654 5409 μία
2703 5335 2767 5402 ἧν
2800 5333 2907 5391 ἀπό
2934 5356 2992 5391 τε
3048 5341 3146 5403 τῆς
3203 5337 3442 5402 καύσεως
3486 5339 3592 5397 τῶν
3631 5326 3834 5410 mpii")?

529 5420 722 5497 ribus,
749 5439 858 5484 nec
882 5439 950 5483 ex
987 5421 1149 5483 fumo
1175 5441 1190 5499 ;
1223 5421 1695 5502 spirabatautem
1723 5429 1917 5503 potius
1939 5407 2131 5504 quidni

2264 5424 2350 5479 καὶ
2421 5430 2514 5482 τοῦ
2590 5431 2791 5481 καπνοῦ
2827 5441 2841 5454 ⁶
2925 5421 3112 5484 εὐωδία
3169 5424 3224 5481 δὲ
3283 5427 3488 5503 μᾶλλον
3545 5427 3731 5484 ang-Ima
3772 5407 3831 5465 καὶ

529 5509 727 5599 suavis
759 5518 818 5572 et
839 5510 990 5573 mire
1021 5513 1287 5590 fragrans
1318 5511 1488 5573 odor.
1509 5513 1853 5592 Apparebat
1873 5530 2011 5575 vero
2043 5515 2131 5595 qui

2264 5511 2461 5593 σφόδρα
2517 5510 2676 5581 ἣδεται
2710 5561 2726 5589 ,
2785 5513 2934 5579 ἀκτίς
3017 5537 3074 5572 τε
3131 5513 3425 5597 διεφαίνετο
3480 5509 3835 5599 χρυσαυγίςουσι

531 5595 667 5663 dam
701 5599 925 5677 radius,
953 5601 1075 5663 auri
1111 5601 1405 5662 rutilantis
1427 5601 1691 5690 speciem
1718 5620 1843 5682 prae
1867 5619 1932 5664 se
1957 5591 2133 5665 feren:

2263 5591 2504 5660 ποικίλον
2558 5625 2609 5660 τι
2668 5604 2757 5661 καὶ
2820 5604 3058 5684 χαρίτων
3143 5591 3339 5683 μεστὸν
3399 5591 3589 5690 ἱλαρῶς
3637 5591 3830 5667 ἀπολάμ-
