4056 6152
272 335 428 403 1073

1419 332 1606 394 VITA
1651 329 1755 393 SS.
1803 329 1988 392 INDE
2030 329 2128 391 ET
2174 329 2490 394 DOMNE.

3499 336 3654 402 1074

268 496 468 554 πουσα,
516 477 634 530 οἷον
694 467 842 538 ἥλιος
885 467 1172 546 διαυγάζει,
1228 465 1552 541 Μαξιμιανὸς
1597 464 1651 522 δὲ
1697 466 1908 523 πάντων

2020 464 2222 526 'arium
2249 463 2570 554 quemdam
2605 464 2792 554 edens
2822 473 2882 527 et
2902 465 3066 527 valde
3099 474 3328 547 gratum
3361 469 3654 549 Splendo-

269 564 377 634 ἤδη
457 567 677 635 νομίσας
740 556 1122 633 κεκρατηκέναι
1200 557 1288 613 καὶ
1369 562 1474 612 τῶν
1544 561 1636 613 τοῦ
1716 557 1918 634 ἀγῶνος

270 655 521 720 ἀνεθῆναι
610 646 916 727 φροντίδων,
985 647 1220 722 θεάτροις
1303 642 1466 700 εἱστία
1539 645 1660 707 τοὺς
1719 644 1918 724 ὀφθκλ-

272 745 406 819 μοὺς
454 738 548 798 καῖ
581 738 793 818 δρόμοις
849 735 1034 792 ἵππων
1084 731 1286 801 δηλαδὴ
1342 735 1429 789 καὶ
1485 731 1794 811 ἀνθρώπων,
1849 735 1920 791 Τὸ

268 831 328 889 δὲ
387 831 484 909 ἄρα
530 828 588 886 οὗ
638 829 922 902 κρατῆσαι,
950 821 1087 881 ἀλλά
1144 825 1473 901 κρατηθῆναι
1519 821 1704 896 πολλῷ
1757 820 1919 878 πλέον

269 923 365 994 ἦν,
402 921 488 977 καὶ
534 916 740 993 μᾶλλον
792 915 867 970 ἔτι
897 917 1016 976 τοῦς
1073 909 1311 974 εὗσεϐετς
1356 917 1558 989 προῆγε
1615 911 1918 990 παρβησιά·

273 1014 477 1082 ζεσθαι.
535 1005 782 1073 Δηλώσει
815 1003 875 1060 κὲ
924 1003 990 1060 τὰ
1020 1001 1162 1071 ἑξῆς.
1223 1000 1677 1079 Προσφκοδόμητο
1708 1001 1803 1076 μὲν
1861 1001 1920 1056 τὸ

270 1099 490 1178 θέατρον
550 1096 797 1173 μέγιστον
834 1093 996 1171 ,ἱερὸν
1058 1092 1347 1166 Δήμητρος
1401 1095 1497 1156 τῆς
1547 1090 1672 1167 παρ’
1738 1093 1920 1154 αὐτοῖς

271 1188 531 1266 μεγίστης
589 1191 736 1262 γεᾶς.
793 1179 1074 1258 Παρελθὼν
1117 1179 1171 1235 δὲ
1229 1180 1445 1242 ἐκεῖνος·
1497 1180 1588 1234 σὺν
1646 1181 1799 1235 παντὶ
1845 1184 1922 1252 τῷ

273 1277 430 1352 δήμῳ
458 1276 549 1331 καὶ
587 1280 663 1347 τῷ
707 1277 916 1349 στρατῷ
945 1270 1010 1327 τὰ
1054 1275 1158 1324 τῶν
1189 1271 1385 1324 θυσιῶν
1435 1269 1578 1342 μύση
1609 1267 1777 1323 τελῶν
1829 1267 1918 1335 ἧν.

278 1371 378 1430 Εἷς
413 1363 464 1420 δε
494 1387 574 1427 τις
603 1369 695 1419 τοῦ
725 1364 1101 1437 στρατιωτικοῦ
1129 1355 1452 1434 καταλόγου,
1488 1358 1669 1426 Ζήνων
1731 1357 1920 1432 ὄνομα,

2002 571 2153 625 rem,
2190 553 2491 629 quomodo
2542 553 2628 615 sol
2683 554 2865 629 lucet,
2902 557 2999 634 qui
3068 556 3242 618 modo
3291 566 3537 638 apparet
3593 558 3654 620 in

2006 641 2675 706 Oriente.Maximianus
2695 651 2889 705 autem
2921 644 3268 706 existimans
3291 665 3355 708 se
3369 647 3493 728 jam
3523 667 3657 709 om-

2003 751 2110 793 nes
2139 730 2353 793 vicisse
2381 734 2489 810 (7'),
2525 739 2584 792 et
2614 732 2936 794 relaxatum
2972 751 3103 795 esse
3133 753 3165 796 a
3195 737 3352 797 curis
3385 738 3661 799 certami-

2003 820 2116 893 nis,
2151 819 2397 881 theatris
2447 819 2726 900 pascebat
2751 821 2978 899 oculos,
3013 834 3075 887 et
3110 843 3400 904 equorum
3434 827 3663 889 scilicet

2006 909 2385 971 ethomiuum
2413 909 2907 972 curriculis.Illud
2932 930 3078 974 vero
3103 932 3221 975 non
3243 922 3371 976 erat
3394 915 3656 991 vincere,

2004 999 2110 1060 sed
2144 997 2336 1086 potius
2367 998 2585 1059 victum
2621 1018 2776 1072 esse,
2803 1001 2987 1080 idque
3021 1003 3207 1081 magis
3237 1003 3471 1065 induxit
3503 1006 3658 1086 pios,

2007 1094 2070 1146 ut
2097 1085 2284 1146 libere
2317 1085 2727 1167 loquerentur.
2785 1087 3123 1152 Ostendunt
3153 1099 3374 1168 autem,
3411 1113 3540 1173 quae
3569 1085 3665 1158 se-

2007 1184 2291 1257 quuntur.
2328 1179 2486 1237 Ante
2517 1177 2815 1238 theatrum
2868 1179 3107 1258 quidem
3147 1187 3272 1242 erat
3303 1182 3660 1246 aediﬁcatum

2007 1264 2324 1325 maximum
2359 1265 2556 1325 fanum
2604 1265 2838 1328 Cereris
2869 1286 3000 1347 quae
3057 1277 3182 1329 erat
3212 1271 3368 1350 apud
3421 1291 3520 1334 eos
3553 1274 3665 1336 dea

2009 1353 2606 1415 maxima.Accedens
2629 1363 2823 1416 autem
2853 1355 2953 1416 ille
2979 1376 3110 1417 cum
3146 1361 3417 1421 universo
3443 1362 3662 1442 populo

277 1455 442 1527 ζήλου
499 1452 671 1510 πνέων
700 1450 838 1506 κατὰ
892 1453 995 1502 τῶν
1053 1444 1407 1518 ἀσεϐούντων,
1445 1449 1505 1503 ού
1561 1444 1731 1524 φέρων
1789 1445 1925 1501 οὕτω

2020 1450 2069 1503 et
2099 1442 2391 1516 exercitu,
2425 1444 2791 1504 exsecranda
2825 1447 3145 1525 peragebat
3176 1450 3490 1511 sacrificia.
3518 1452 3664 1525 Qui-

279 1547 382 1611 τὴν
454 1540 718 1600 εὐσέϐειαν
773 1535 1119 1616 ὖϐριζομένην
1165 1537 1312 1612 ὁρᾷν,
1373 1533 1452 1612 ἐφ’
1512 1533 1720 1608 ὑψηλοῦ
1774 1535 1925 1608 στὰς,

2020 1531 2146 1592 dam
2180 1550 2317 1591 vero
2371 1549 2439 1592 ex
2475 1551 2722 1594 numero
2758 1534 3025 1616 militari,
3052 1537 3206 1598 Zeno
3239 1539 3505 1612 nomine,
3538 1541 3664 1603 zelo

285 1633 489 1710 Πλανᾷ,
547 1627 786 1706 βασιλεύ,
833 1625 960 1705 ἔφη,
1019 1623 1182 1687 λίθοις
1241 1623 1577 1692 ἀναισθήτοις
1635 1626 1767 1679 θύων
1843 1625 1929 1678 καὶ

2020 1621 2225 1699 plenus
2275 1620 2560 1682 adversus
2591 1621 2829 1703 impios,
2868 1642 2984 1685 non
3035 1625 3232 1687 ferens
3261 1627 3348 1688 sic
3379 1628 3665 1707 pietatem

284 1709 720 1798 ξύλοιςκοφοῖς·
781 1721 937 1772 τοῦτο
994 1714 1092 1792 γὰρ
1153 1713 1213 1768 τὸ
1266 1711 1605 1790 φαινόμενον*
1655 1713 1712 1767 τὸ
1771 1710 1826 1767 δέ
1870 1734 1930 1788 γε

2020 1709 2162 1770 allici
2218 1710 2605 1791 contumelia,
2646 1721 2806 1773 stans
2840 1713 2900 1773 in
2934 1713 3050 1774 alto
3085 1732 3097 1776 :
3149 1713 3344 1791 Erras,
3384 1717 3596 1799 inquit,
3632 1738 3666 1779 ο

284 1814 343 1870 ὅν
415 1797 624 1878 ἀληθῶς
695 1807 783 1863 καὶ
854 1804 1136 1878 νοούμενον
1203 1802 1387 1867 ἀπάτη
1459 1799 1722 1875 δαιμόνων
1809 1803 1930 1866 τοὺς

2020 1797 2340 1877 imperator
2389 1799 2845 1861 insensibilibus
2888 1804 3229 1866 sacriﬁcans
3258 1797 3556 1884 lapidibus
3583 1797 3668 1867 et

285 1901 570 1978 λατρευτάς
658 1897 934 1973 ἀπάγουσα
1023 1893 1152 1970 πρὸς
1239 1889 1531 1952 ἀπώλειαν,
1620 1892 1800 1964 Σύνεξ,
1887 1889 1930 1946 ὦ

2020 1887 2202 1948 mutis
2238 1887 2415 1978 lignis
2447 1909 2462 1964 ;
2495 1889 2606 1950 hoc
2640 1890 2798 1950 enim
2831 1898 2940 1971 est,
2964 1892 3122 1972 quod
3154 1903 3443 1974 apparet;
3474 1894 3532 1956 id
3565 1913 3669 1956 au-

286 1977 602 2064 Μαξεμιανέ,
637 1987 723 2040 καὶ
781 1984 902 2044 τοὺς
949 1980 1248 2060 ὀφθαλμοὺς
1293 1980 1504 2043 τούτους
1553 1977 1618 2046 δὴ
1674 1981 1760 2035 καὶ
1810 1980 1930 2042 τοὺς

2020 1983 2162 2056 tem,
2184 1977 2338 2057 quod
2373 1987 2462 2038 est
2491 1996 2698 2039 revera
2732 1987 2790 2041 et
2823 1978 3202 2058 intelligitur,
3240 1990 3328 2042 est
3359 1983 3517 2044 fraus
3546 1984 3666 2045 dai—

287 2080 431 2138 ἔνδον
475 2078 653 2154 διάρας
698 2075 768 2136 εἷς
824 2071 1040 2148 οὐρανὸν
1084 2070 1322 2140 ζήτησον
1377 2067 1434 2123 ἐκ
1483 2071 1589 2123 τῶν
1649 2068 1932 2144 ὁρωμένων

285 2173 378 2228 τὸν
426 2168 669 2240 κτίστην,
702 2166 792 2218 τὸν
846 2160 1171 2238 δημιουργὸν
1233 2157 1428 2220 ὁποῖός
1458 2156 1620 2212 ἐστιν*
1668 2157 1774 2212 ἀπὸ
1825 2163 1930 2214 τῶν

283 2258 589 2333 κτισμάτων
646 2252 943 2326 κατάμαθε,
998 2249 1087 2304 καὶ
1146 2244 1314 2304 σέϐειν
1375 2247 1502 2302 Θεὸν
1563 2243 1789 2308 εὒσεϐὦς
1849 2244 1931 2300 δι-

288 2349 542 2428 δάγθητι,
576 2345 678 2422 οὐχ
723 2342 917 2416 αἵμασι
963 2340 1050 2393 καὶ
1093 2337 1330 2400 κνίσσαις
1367 2335 1597 2412 ἀλόγων,
1631 2335 1766 2390 ἀλλά
1825 2340 1929 2410 ψυ-

287 2419 425 2518 χαΐς
483 2419 768 2504 ἀνθρώπων
829 2431 1083 2506 καθαραῖς
1138 2424 1192 2481 δὲ
1251 2423 1484 2503 καρδίαις
1534 2427 1749 2504 ἁγναῖς,
1810 2423 1934 2492 ἧδό-

289 2548 474 2605 μενον,

372 2706 458 2764 Λ’,
537 2703 708 2760 Ταῦτα
780 2695 1134 2770 Μαξιμιανὸς,
1196 2692 1421 2753 ἀκούσας
1491 2694 1645 2748 λίθων
1723 2690 1930 2748 ἶεκέλευε

287 2795 435 2874 βάρει
492 2791 586 2853 τᾶς
633 2786 883 2865 σιαγόνας
929 2782 1084 2842 αὒτοῦ
1146 2780 1478 2860 θλάττεσθαι,
1511 2782 1598 2837 καὶ
1652 2780 1764 2856 ἅμα
1807 2777 1932 2836 ἐϐόα

289 2870 406 2950 ,θὲς
436 2883 533 2958 μὲν
581 2878 790 2954 δημίοις
849 2870 1202 2948 εὐτονωτέρας
1261 2871 1355 2932 τὰς
1412 2871 1709 2949 καταφορᾶς
1761 2881 1932 2926 ποιεῖ-

293 2979 431 3045 σθαι,
463 2975 540 3044 τῷ
592 2967 646 3024 δὲ
678 2965 836 3044 ἀγίῳ,
871 2963 946 3038 μὴ
990 2959 1343 3039 λοιδορεῖσθαι
1404 2959 1574 3022 θεοῖς.
1609 2959 1759 3015 Οὕτω
1809 2964 1932 3036 γοῦν

294 3065 557 3142 πάσγοντι
614 3063 692 3131 τῷ
763 3051 898 3130 ἅγίω
957 3051 1150 3113 πάντες
1202 3049 1301 3124 μὲν
1356 3050 1403 3104 οἱ
1462 3045 1666 3110 ὀδόντες
1716 3046 1933 3112 ἀπηνῶς

292 3129 726 3228 ἐξεκρούσθησαν,
789 3146 838 3198 αἱ
903 3140 1142 3218 σιογόνες

291 3227 457 3320 μικρὰ
499 3237 725 3295 πνέοντα
753 3234 840 3288 καὶ
898 3230 1019 3285 ὅσον
1080 3227 1229 3282 οὔπω
1282 3227 1408 3304 πρὸς
1463 3227 1524 3281 τὸ
1579 3227 1761 3280 θανεῖν
1817 3245 1939 3279 συν-

2017 2083 2286 2137 monum,
2320 2085 2451 2146 quae
2479 2085 2619 2129 suos
2663 2070 2922 2130 cultores
2953 2069 3198 2132 abducit
3229 2071 3299 2132 ad
3332 2071 3666 2137 interitum.

2015 2152 2312 2234 Intellige,
2348 2175 2380 2216 ο
2411 2156 2791 2233 Maximiane,
2831 2167 2890 2218 et
2936 2159 3046 2219 hos
3078 2161 3282 2222 oculos
3314 2169 3370 2221 et
3401 2161 3670 2224 internos

2019 2242 2079 2302 in
2122 2243 2335 2304 coelum
2398 2244 2636 2318 tollens,
2672 2265 2872 2326 quaere
2931 2265 3000 2308 ex
3052 2248 3123 2309 iis
3185 2269 3316 2330 quae
3369 2249 3666 2330 videntur,

2018 2341 2344 2393 creatorem
2381 2353 2396 2407 ;
2423 2333 2614 2414 qualis
2641 2335 2715 2394 sit
2741 2335 2961 2416 opifex,
2997 2336 3160 2398 disce
3195 2355 3262 2398 ex
3286 2337 3587 2416 operibus,
3614 2349 3673 2401 et

2017 2420 2182 2482 disce
2206 2423 2392 2482 Deum
2417 2421 2512 2501 pie
2535 2423 2755 2498 colere,
2782 2425 2885 2500 qui
2917 2443 3035 2486 non
3055 2426 3341 2503 sanguine
3373 2435 3430 2487 et
3460 2427 3672 2490 nidore

2017 2510 2264 2572 rationis
2296 2510 2628 2590 expertium
2690 2511 3105 2594 animantium,
3140 2515 3244 2576 sed
3278 2514 3517 2576 mundis
3561 2517 3671 2578 ho-

2015 2601 2239 2660 minum
2274 2599 2610 2661 delectatur
2641 2602 2880 2676 animis,
2914 2611 2972 2664 et
3005 2603 3225 2664 mundo
3262 2604 3468 2666 corde.

2093 2685 2272 2750 XXX.
2325 2692 2469 2751 Haec
2519 2708 2650 2750 cum
2708 2691 2997 2753 audiisset
3051 2691 3667 2771 Maximianus,jubet

2015 2776 2278 2858 pondere
2309 2777 2571 2858 lapidum
2606 2780 2735 2858 ejus
2768 2780 3035 2840 maxillas
3068 2780 3363 2859 confringi
3395 2789 3454 2843 et
3483 2782 3665 2844 simul

2015 2865 2305 2927 clamabat
2358 2866 2666 2928 lictoribus
2698 2868 2965 2949 quidem,
3000 2876 3064 2928 ut
3125 2869 3356 2931 fortiter
3388 2877 3670 2950 percute-

2013 2963 2168 3030 rent,
2196 2962 2398 3017 sancto
2430 2966 2654 3030 autem,
2692 2976 2767 3018 ne
2807 2957 2950 3018 deos
2984 2959 3320 3020 maledictis
3340 2967 3669 3038 appeteret.

2014 3045 2111 3105 Sic
2137 3062 2276 3121 ergo
2305 3045 2554 3124 patienti
2579 3055 2782 3108 sancto
2805 3065 3014 3108 omnes
3040 3047 3282 3128 quidem
3303 3047 3514 3110 dentes
3534 3051 3676 3110 sunt

1215 3134 1613 3214 συνετρίϐησαν,
1675 3139 1761 3191 καὶ
1831 3132 1930 3200 ἤδη

2020 3133 2364 3195 immaniter
2413 3135 2672 3216 excussi,
2709 3135 2961 3197 maxilla:
3007 3155 3146 3198 vero
3178 3145 3315 3198 sunt
3361 3136 3668 3199 contritae:

2019 3229 2078 3284 et
2098 3222 2221 3301 jam
2255 3239 2462 3302 parum
2489 3223 2813 3303 spirantem
2855 3234 2914 3286 et
2961 3244 3095 3286 mox
3127 3227 3478 3287 moriturum
3503 3225 3676 3306 jubet

289 3311 590 3405 ξοθοζςμενον
645 3323 744 3389 ’ἐξω
800 3326 896 3387 τῆς
950 3317 1158 3379 πόλεως
1219 3314 1519 3394 ἀπαχθῆνοι
1564 3311 1789 3385 κελεύει,
1853 3314 1930 3368 ml

2020 3311 2234 3405 abduci
2285 3319 2446 3405 extra
2477 3312 2794 3405 civitatein,
2832 3322 2891 3405 et
2934 3315 3228 3405 amputari
3283 3315 3673 3405 caput,_quod

290 3400 443 3489 ξίφει⁷
509 3417 608 3482 τὴν
689 3405 1197 3488 παρῤησιασαμένην
1273 3401 1511 3482 κεφαλὴν
1578 3401 1930 3489 ἐκτμηθῆναι.

2020 3400 2210 3462 libere
2246 3409 2374 3461 erat
2405 3400 2693 3464 locutum.
2741 3401 2809 3464 Et
2847 3403 2932 3464 sic
2960 3403 3117 3465 Zeno
3149 3403 3670 3482 generosissimus,

297 3487 394 3568 Καὶ
475 3505 640 3564 οὕτως
729 3487 779 3556 δέ
838 3514 1205 3575 γενναιοτατος
1276 3500 1457 3563 Ζηνων
1524 3492 1682 3568 τάχει
1752 3487 1930 3563 πολλῷ

2022 3508 2155 3551 cum
2199 3507 2408 3567 magna
2443 3489 2750 3552 celeritate
2804 3491 3120 3572 perigisset
3151 3493 3389 3552 beatum
3423 3489 3676 3554 stadium

294 3601 355 3656 τὸ
425 3594 684 3670 μακάριον
745 3587 989 3648 διανύσας
1062 3588 1156 3640 τοῦ
1224 3583 1506 3658 μαρτυρίου
1568 3577 1776 3636 στάδιον
1835 3579 1930 3644 τὴν

2021 3579 2307 3670 martyrii,
2361 3585 2667 3640 truncatur
2713 3580 2937 3670 capite,
2966 3587 3026 3638 et
3076 3597 3313 3640 sursum
3354 3579 3544 3670 fertur
3596 3580 3673 3642 ad

295 3665 530 3767 κεφαλὴν
574 3665 971 3752 ἀποτέμνεται,
1017 3673 1102 3728 καὶ
1159 3671 1289 3745 πρὸς
1355 3671 1585 3767 Χριστὸν
1633 3669 1732 3733 τὴν
1788 3667 1930 3767 ’πάν-

2020 3665 2314 3728 Ghristum
2366 3676 2540 3747 caput
2573 3667 2861 3728 omnium.
2901 3667 3084 3729 Sacer
3134 3686 3374 3748 quoque
3428 3667 3669 3742 chorus,

293 3754 398 3834 των
429 3771 668 3852 κεφαλὴν
725 3763 1062 3844 ἀναφέρεται.
1112 3757 1356 3833 ’Ἔμελλε
1406 3756 1461 3812 δὲ
1491 3755 1588 3812 καὶ
1633 3757 1660 3811 ὁ
1688 3757 1807 3832 περὶ
1848 3756 1930 3810 τὸν

2021 3754 2120 3852 qui
2147 3758 2447 3852 eratcirca
2469 3756 2862 3852 Dorotheum,
2887 3757 2984 3836 qui
3016 3775 3050 3818 a
3077 3765 3193 3819 tam
3219 3757 3375 3818 bono
3399 3758 3674 3852 institue-

297 3827 564 3944 Δωρόθεον
618 3827 756 3934 έερὸς
814 3827 1003 3933 γορὸς,
1063 3848 1150 3927 ὑφ’
1195 3846 1333 3902 οὕτω
1391 3843 1542 3918 καλῷ
1613 3842 1930 3944 ταττόμενος

2025 3827 2198 3903 batur
2226 3842 2531 3918 magistro,
2555 3843 2785 3924 divino,
2814 3827 3079 3924 inquam,
3103 3846 3408 3926 Anthimo,
3439 3864 3559 3906 non
3589 3845 3677 3907 sic

293 3928 616 4024 διδασκάλῳ,
671 3928 759 4018 ’τῷ
818 3928 988 4020 θεέῳ,
1059 3938 1245 4024 φημὶν
1281 3933 1562 4024 ἈνθίμωΔ,
1624 3934 1702 4024 μὴ
1773 3931 1930 3993 οὕτως

2029 3938 2153 3992 erat
2183 3928 2494 4024 habiturus
2525 3931 2717 4024 capita
2747 3932 3118 4024 incoronata,
3152 3934 3254 4024 sed
3287 3934 3415 3995 haec
3441 3951 3677 4024 quoque

296 4019 688 4100 ἀστευανώτους
747 4032 896 4111 ἔχειν
947 4031 1042 4093 τὰς
1104 4023 1356 4105 κεφαλάς·
1418 4020 1538 4077 ἀλλ’
1608 4022 1930 4095 ᾠκονομεϊτι

2027 4036 2285 4100 superne
2313 4019 2812 4098 dispensabantur
2834 4039 2898 4083 ac
2927 4022 3394 4102 providebantur
3422 4042 3456 4084 a
3476 4023 3680 4086 divina

295 4134 392 4189 καὶ
470 4134 633 4184 ταῦτα
689 4107 831 4198 ποιρά
898 4124 996 4186 τῆς
1083 4116 1220 4178 θείας
1281 4112 1472 4168 ἄνωθεν
1550 4111 1790 4189 χάριτος·
1852 4119 1930 4164 κατ

2026 4109 2234 4198 gratia.
2273 4107 2346 4168 Et
2377 4127 2412 4169 a
2444 4117 2820 4198 sacrosancto
2851 4111 3094 4191 quidem
3127 4111 3412 4174 Anthimo
3442 4112 3515 4173 ad
3573 4130 3678 4174 eos

297 4222 586 4301 γράμματα
643 4214 741 4289 μὲν
771 4195 892 4266 ’τοῦ
928 4210 1078 4301 ’ἱεροῦ
1143 4203 1388 4301 Ἀνθίμου
1471 4200 1740 4301 ἐπέμπετο
1808 4199 1930 4301 προς

2029 4195 2413 4301 mittebantur
2446 4197 2679 4301 litterae,
2715 4198 2844 4278 ipso
2875 4200 3116 4281 quidem
3166 4201 3225 4261 in
3261 4201 3514 4281 quodam
3545 4201 3675 4301 vico

298 4285 511 4376 αύτούς,
546 4305 597 4360 ὲν
645 4285 815 4376 -κώμῃ
874 4297 970 4373 μέν
1020 4317 1121 4350 τινι
1181 4293 1338 4349 αὐτοῦ
1389 4289 1774 4369 κρυπτομένου,
1808 4287 1930 4346 ἒκεί·

2026 4285 2442 4360 delitescente,
2490 4286 2621 4348 illos
2671 4297 2866 4349 autem
2919 4299 3124 4368 aperte
3173 4290 3551 4351 decertantes
3601 4289 3676 4350 ad

298 4355 484 4368 “'"""
548 4355 592 4360 "
658 4355 749 4376 ""5
792 4355 815 4375 ι·
874 4355 884 4373 ι
1427 4355 1435 4369 ι
1595 4355 1606 4365 .
1761 4355 1773 4362 .

297 4421 407 4461 νοις
472 4355 525 4450 δὲ
584 4395 817 4471 φανερῶς
889 4381 1295 4462 ἀγωνιζομένοις
1366 4383 1504 4458 εὐχῇ
1572 4383 1676 4435 τῶν
1722 4378 1930 4456 ἀγώνωι

2025 4375 2408 4456 suscipienda
2428 4355 2673 4438 strenue
2699 4355 3024 4438 certamina
3043 4378 3318 4458 precibus
3333 4377 3673 4457 adjuvante.

297 4489 485 4559 ἄριστα
530 4463 1008 4559 συνεφαπτομένου,
1069 4476 1232 4528 Τοῦτο
1257 4469 1370 4526 ἐπεὶ
1399 4482 1517 4530 τοῖς
1556 4474 1650 4523 τοῦ
1703 4468 1930 4545 παρανό-

2024 4463 2149 4525 Hoc
2193 4473 2499 4545 postquam
2535 4465 2718 4528 evasit
2752 4467 3127 4528 manifestum
3165 4465 3441 4528 scelerati
3479 4468 3672 4559 impe-z

298 4525 338 4543 w
369 4525 485 4541 ιν.-
530 4525 645 4539 υ-..
692 4525 1008 4551 αππιαν--.
1294 4525 1297 4526 ,
1503 4525 1514 4530 _
1782 4525 1792 4545 ι

298 4525 401 4651 μὶυ
459 4525 718 4649 βασιλέως
780 4567 1138 4621 ὑπασπισταῖς
1199 4557 1357 4625 δῆλον
1399 4557 1639 4634 γέγονεν,
1694 4556 1824 4612 αὖτά
1877 4577 1930 4611 τε

2023 4525 2237 4614 ratoris
2287 4525 2613 4629 sa'tellibus,
2650 4564 2708 4616 et
2751 4555 2908 4635 ipsas
2969 4555 3218 4637 litteras,
3256 4563 3312 4616 et
3363 4573 3523 4629 eum,
3562 4525 3678 4617 ‘cui

297 4640 364 4720 τὰ
407 4640 694 4738 γράμματα
748 4655 835 4709 καὶ
876 4653 969 4706 τὸν
1021 4649 1200 4704 ἐκεῖνα
1258 4643 1676 4719 πεπιστευμένον
1719 4651 1794 4718 τῷ
1849 4646 1930 4721 βα-

2025 4647 2196 4702 erant
2225 4640 2394 4714 datae,
2424 4643 2734 4738 adducunt
2763 4646 2834 4705 ad
2868 4647 3313 4738 imperatorem,
3338 4643 3444 4705 Ille
3476 4655 3676 4705 autem

299 4731 453 4808 σιλει
486 4731 831 4822 παριστῶσιν.
895 4732 952 4796 Ὀ
990 4737 1044 4793 δὲ
1120 4741 1302 4791 τοῦτον
1377 4731 1526 4805 ἰδὼν,
1586 4732 1818 4789 ἐπελθὼν
1888 4731 1944 4788 δὲ

300 4843 388 4897 καὶ
436 4839 501 4893 τὰ
557 4818 900 4913 γεγραμμένα
952 4824 1307 4904 (ἐγγέγραπτο
1351 4820 1404 4877 δὲ
1455 4821 1550 4877 οἶα
1593 4823 1732 4883 εἰκὸς
1790 4818 1942 4913 ἀϐούτ

301 4930 442 4996 λητα
489 4909 587 5000 μὲν
637 4909 825 4990 έκείνῳ
877 4916 1129 4996 χαρίεντα
1187 4911 1240 4967 δὲ
1299 4915 1393 4966 καὶ
1458 4909 1736 4988 σωτήρια),
1796 4909 1944 4983 θυμῷ

303 4999 499 5089 πολλῷ
545 5013 677 5091 ῥέων
741 5009 994 5065 ἐπέταττε
1035 5004 1134 5070 τὴν
1187 4999 1257 5064 εἷς
1314 5000 1485 5079 τάχος
1538 5001 1707 5055 αὐτῶν
1765 4999 1942 5076 παρά-

303 5127 506 5162 στασιν.
543 5102 698 5163 Εὒθὺς
730 5098 816 5155 οὗν
848 5096 1047 5151 ἐκεῖναι
1078 5091 1421 5169 παρίσταντο.

387 5193 517 5252 ΛΑ’.
577 5191 671 5247 Καὶ
715 5191 740 5243 ὁ
770 5183 1040 5263 βασιλεύς.
1121 5189 1229 5257 Αρα
1262 5179 1338 5254 μὴ
1385 5175 1606 5253 μάταιος
1661 5176 1760 5243 τὴν
1805 5178 1947 5231 εἶκα-

303 5286 418 5339 σίαν
476 5281 581 5358 ἐγὼ
616 5276 885 5355 προλέγων
941 5275 1010 5336 ὡς
1037 5269 1169 5345 ἒμοῦ
1229 5268 1323 5343 μέν
1366 5267 1685 5340 ἀπέστητετ,
1736 5263 1938 5339 μᾶλλον

305 5373 360 5427 δέ
417 5353 545 5448 ἤδη,
604 5353 910 5440 κατάρατοι,
963 5361 1050 5415 καὶ
1104 5355 1542 5426 κατεξανέστητε,
1576 5355 1706 5433 πρὸς
1764 5353 1942 5427 ἕτερον

306 5459 361 5517 δέ
446 5441 560 5513 Αἶαν
626 5447 1138 5525 ἐκπεπολεμωμένον
1220 5447 1356 5520 ἡμῖν
1423 5441 1758 5500 ἀπεκλίνατε.
1845 5443 1942 5497 Καὶ

392 5615 710 5696 (ἨΒειιόη.
744 5609 814 5670 ad
847 5627 940 5669 an.
979 5605 1127 5668 302.

2026 4749 2158 4790 cum
2193 4748 2327 4790 eum
2385 4729 2622 4790 vidisset
2654 4740 2711 4792 et
2761 4733 3001 4810 legisset
3031 4753 3161 4813 quae
3192 4732 3412 4813 scripta
3457 4739 3624 4794 erant
3655 4754 3668 4794 :

2027 4818 2248 4897 scripta
2278 4835 2414 4877 vero
2447 4825 2636 4898 erant,
2673 4827 2736 4878 ut
2769 4835 2858 4880 est
2891 4821 3234 4895 verisimile,
3261 4839 3390 4901 quae
3420 4820 3522 4881 ille
3543 4820 3678 4900 qui-

2027 4906 2163 4966 dem
2215 4905 2473 4984 nolebat,
2511 4907 2756 4984 pulchra
2786 4917 2983 4968 autem
3037 4918 3206 4971 erant
3239 4918 3296 4970 et
3346 4907 3672 4970 salutaria:

2024 4995 2114 5057 ira
2147 5001 2425 5070 azstuens,
2454 4995 2630 5072 jussit
2687 5015 2788 5057 eos
2821 4999 3264 5078 quamprimum
3297 4996 3532 5058 adduci.
3581 4995 3676 5058 Illi

2026 5102 2166 5162 ergo
2205 5085 2401 5144 statim
2436 5091 2573 5144 sunt
2605 5084 2870 5146 adducti.

2105 5172 2308 5233 XXXI.
2347 5174 2671 5252 Imperator
2700 5181 2896 5234 autem
2935 5193 2947 5236 :
3015 5173 3278 5244 Vanane,
3316 5173 3533 5252 inquit,
3563 5171 3677 5232 fuit

2025 5281 2154 5323 mea
2201 5262 2568 5341 conjectura,
2603 5280 2736 5323 cum
2772 5262 3185 5342 praedicerem,
3220 5281 3323 5321 vos
3367 5279 3400 5322 a
3429 5278 3524 5321 me
3576 5261 3677 5322 de-

2023 5351 2268 5414 fecisse?
2303 5353 2426 5411 lmo
2450 5369 2615 5432 vero,
2646 5351 3018 5421 exsecrandi,
3041 5351 3160 5429 jam
3197 5353 3369 5412 etiam
3395 5348 3680 5410 adversus

2028 5457 2122 5500 me
2154 5436 2584 5515 insurrexistis,
2626 5440 2698 5500 ad
2751 5440 2934 5502 alium
2979 5449 3199 5520 autem,
3236 5457 3368 5502 cum
3403 5457 3519 5521 quo
3569 5455 3678 5500 nos
