  <div class='ocr_page' id='page_1' title='image "/cluster/home/n/w/nwhite01/storage/ocr_20150623/116/mdp.39015008903554/545.png"; bbox 0 0 4056 6152; ppageno 0'>
   <div class='ocr_carea' id='block_1_1' title="bbox 476 275 2128 350">
    <p class='ocr_par' dir='ltr' id='par_1_1' title="bbox 476 278 2128 350">
     <span class='ocr_line' id='line_1_1' title="bbox 476 278 2128 350; baseline -0.004 -4"><span class='ocrx_word' id='word_1_1' title='bbox 476 282 632 350; x_wconf 85' lang='grc'><strong>1075</strong></span> <span class='ocrx_word' id='word_1_2' title='bbox 1641 278 2042 341; x_wconf 79' lang='grc' dir='ltr'><strong>ΑΒΠΕΝΒΑο</strong></span> <span class='ocrx_word' id='word_1_3' title='bbox 2103 309 2128 320; x_wconf 79' lang='lat'><em>-</em></span> 
     </span>
    </p>
   </div>
   <div class='ocr_carea' id='block_1_2' title="bbox 2212 275 3828 350">
    <p class='ocr_par' dir='ltr' id='par_1_2' title="bbox 2237 275 3828 341">
     <span class='ocr_line' id='line_1_2' title="bbox 2237 275 3828 341; baseline 0 -1"><span class='ocrx_word' id='word_1_4' title='bbox 2237 275 2662 340; x_wconf 81' lang='lat' dir='ltr'><strong>DEGEMBER.</strong></span> <span class='ocrx_word' id='word_1_5' title='bbox 3699 276 3828 341; x_wconf 75' lang='grc'><strong>1076</strong></span> 
     </span>
    </p>
   </div>
   <div class='ocr_carea' id='block_1_3' title="bbox 473 407 2128 493">
    <p class='ocr_par' dir='ltr' id='par_1_3' title="bbox 473 407 2128 493">
     <span class='ocr_line' id='line_1_3' title="bbox 473 407 2128 493; baseline -0.004 -17"><span class='ocrx_word' id='word_1_6' title='bbox 473 421 615 478; x_wconf 74' lang='lat' dir='ltr'><strong>acre</strong></span> <span class='ocrx_word' id='word_1_7' title='bbox 661 411 889 478; x_wconf 90' lang='lat' dir='ltr'><strong>bellum</strong></span> <span class='ocrx_word' id='word_1_8' title='bbox 922 413 1215 493; x_wconf 83' lang='lat' dir='ltr'><strong>gerimus,</strong></span> <span class='ocrx_word' id='word_1_9' title='bbox 1251 408 1674 490; x_wconf 80' lang='lat' dir='ltr'><strong>transfugistis.</strong></span> <span class='ocrx_word' id='word_1_10' title='bbox 1730 407 1802 470; x_wconf 91' lang='lat' dir='ltr'><strong>Et</strong></span> <span class='ocrx_word' id='word_1_11' title='bbox 1830 409 2009 472; x_wconf 84' lang='lat' dir='ltr'><strong>simul</strong></span> <span class='ocrx_word' id='word_1_12' title='bbox 2039 408 2128 472; x_wconf 88' lang='lat' dir='ltr'><strong>dal</strong></span> 
     </span>
    </p>
   </div>
   <div class='ocr_carea' id='block_1_4' title="bbox 2212 407 3830 493">
    <p class='ocr_par' dir='ltr' id='par_1_4' title="bbox 2220 407 3830 492">
     <span class='ocr_line' id='line_1_4' title="bbox 2220 407 3830 492; baseline 0.004 -27"><span class='ocrx_word' id='word_1_13' title='bbox 2220 409 2332 475; x_wconf 73' lang='grc' dir='ltr'>ἅμα</span> <span class='ocrx_word' id='word_1_14' title='bbox 2388 410 2487 478; x_wconf 76' lang='grc' dir='ltr'>τὴν</span> <span class='ocrx_word' id='word_1_15' title='bbox 2529 407 2820 477; x_wconf 67' lang='grc' dir='ltr'>επιστολὴν</span> <span class='ocrx_word' id='word_1_16' title='bbox 2863 409 3246 488; x_wconf 79' lang='grc' dir='ltr'>ἀναγινώσκειν</span> <span class='ocrx_word' id='word_1_17' title='bbox 3301 407 3489 472; x_wconf 63' lang='grc' dir='ltr'>ἐδίδου.</span> <span class='ocrx_word' id='word_1_18' title='bbox 3561 408 3830 492; x_wconf 83' lang='grc' dir='ltr'>Ἐπέτρεπε</span> 
     </span>
    </p>
   </div>
   <div class='ocr_carea' id='block_1_5' title="bbox 474 496 2128 580">
    <p class='ocr_par' dir='ltr' id='par_1_5' title="bbox 474 503 2128 580">
     <span class='ocr_line' id='line_1_5' title="bbox 474 503 2128 580; baseline -0.004 -14"><span class='ocrx_word' id='word_1_19' title='bbox 474 509 562 566; x_wconf 91' lang='lat' dir='ltr'><strong>eis</strong></span> <span class='ocrx_word' id='word_1_20' title='bbox 582 507 882 580; x_wconf 77' lang='lat' dir='ltr'><strong>legendam</strong></span> <span class='ocrx_word' id='word_1_21' title='bbox 909 505 1231 577; x_wconf 71' lang='lat' dir='ltr'><strong>epistolam.</strong></span> <span class='ocrx_word' id='word_1_22' title='bbox 1271 503 1444 561; x_wconf 88' lang='lat' dir='ltr'><strong>Jussit</strong></span> <span class='ocrx_word' id='word_1_23' title='bbox 1469 515 1606 560; x_wconf 91' lang='lat' dir='ltr'><strong>vero</strong></span> <span class='ocrx_word' id='word_1_24' title='bbox 1627 517 1756 560; x_wconf 86' lang='lat' dir='ltr'><strong>eum</strong></span> <span class='ocrx_word' id='word_1_25' title='bbox 1779 503 2128 574; x_wconf 90' lang='lat' dir='ltr'><strong>quoque,qul</strong></span> 
     </span>
    </p>
   </div>
   <div class='ocr_carea' id='block_1_6' title="bbox 2212 496 3834 580">
    <p class='ocr_par' dir='ltr' id='par_1_6' title="bbox 2215 496 3834 580">
     <span class='ocr_line' id='line_1_6' title="bbox 2215 496 3834 580; baseline 0.003 -26"><span class='ocrx_word' id='word_1_26' title='bbox 2215 496 2270 555; x_wconf 78' lang='grc' dir='ltr'><strong>δὲ</strong></span> <span class='ocrx_word' id='word_1_27' title='bbox 2327 501 2414 555; x_wconf 86' lang='grc' dir='ltr'><strong>καὶ</strong></span> <span class='ocrx_word' id='word_1_28' title='bbox 2457 501 2545 556; x_wconf 77' lang='grc' dir='ltr'><strong>τὸν</strong></span> <span class='ocrx_word' id='word_1_29' title='bbox 2601 498 2981 578; x_wconf 74' lang='grc' dir='ltr'><strong>ἐπιφερόμενον</strong></span> <span class='ocrx_word' id='word_1_30' title='bbox 3026 501 3366 580; x_wconf 62' lang='grc' dir='ltr'>εἰσαχθῆναν</span> <span class='ocrx_word' id='word_1_31' title='bbox 3424 501 3478 557; x_wconf 84' lang='grc' dir='ltr'><strong>ὃν</strong></span> <span class='ocrx_word' id='word_1_32' title='bbox 3537 498 3638 578; x_wconf 71' lang='grc' dir='ltr'><strong>ἄρα</strong></span> <span class='ocrx_word' id='word_1_33' title='bbox 3661 503 3744 558; x_wconf 85' lang='grc' dir='ltr'>καὶ</span> <span class='ocrx_word' id='word_1_34' title='bbox 3795 507 3834 559; x_wconf 71' lang='grc' dir='ltr'>οἱ</span> 
     </span>
    </p>
   </div>
   <div class='ocr_carea' id='block_1_7' title="bbox 474 587 2128 678">
    <p class='ocr_par' dir='ltr' id='par_1_7' title="bbox 474 587 2128 678">
     <span class='ocr_line' id='line_1_7' title="bbox 474 587 2128 678; baseline -0.005 -22"><span class='ocrx_word' id='word_1_35' title='bbox 474 599 888 676; x_wconf 85' lang='lat' dir='ltr'><strong>apportaverat</strong></span> <span class='ocrx_word' id='word_1_36' title='bbox 910 590 1072 653; x_wconf 85' lang='lat' dir='ltr'><strong>illam</strong></span> <span class='ocrx_word' id='word_1_37' title='bbox 1109 588 1431 651; x_wconf 86' lang='lat' dir='ltr'><strong>introduci.</strong></span> <span class='ocrx_word' id='word_1_38' title='bbox 1466 587 1651 678; x_wconf 86' lang='lat' dir='ltr'><strong>Quem</strong></span> <span class='ocrx_word' id='word_1_39' title='bbox 1680 607 1814 650; x_wconf 92' lang='lat' dir='ltr'><strong>cum</strong></span> <span class='ocrx_word' id='word_1_40' title='bbox 1848 588 2128 678; x_wconf 74' lang='lat' dir='ltr'><strong>vidissent</strong></span> 
     </span>
    </p>
   </div>
   <div class='ocr_carea' id='block_1_8' title="bbox 2212 587 3836 678">
    <p class='ocr_par' dir='ltr' id='par_1_8' title="bbox 2216 588 3836 670">
     <span class='ocr_line' id='line_1_8' title="bbox 2216 588 3836 670; baseline 0.002 -27"><span class='ocrx_word' id='word_1_41' title='bbox 2216 588 2474 667; x_wconf 87' lang='grc' dir='ltr'>μάρτυρες</span> <span class='ocrx_word' id='word_1_42' title='bbox 2530 589 2847 657; x_wconf 86' lang='grc' dir='ltr'>θεασάμενοι</span> <span class='ocrx_word' id='word_1_43' title='bbox 2905 589 3041 645; x_wconf 82' lang='grc' dir='ltr'>πάνυ</span> <span class='ocrx_word' id='word_1_44' title='bbox 3093 590 3192 656; x_wconf 63' lang='grc' dir='ltr'>τὴν</span> <span class='ocrx_word' id='word_1_45' title='bbox 3239 589 3422 668; x_wconf 70' lang='grc' dir='ltr'>ψυχὴν</span> <span class='ocrx_word' id='word_1_46' title='bbox 3473 588 3733 670; x_wconf 67' lang='grc' dir='ltr'>ἥσθησαν,</span> <span class='ocrx_word' id='word_1_47' title='bbox 3762 593 3836 648; x_wconf 77' lang='grc' dir='ltr'><strong>καὶ</strong></span> 
     </span>
    </p>
   </div>
   <div class='ocr_carea' id='block_1_9' title="bbox 475 677 2129 764">
    <p class='ocr_par' dir='ltr' id='par_1_9' title="bbox 475 677 2129 764">
     <span class='ocr_line' id='line_1_9' title="bbox 475 677 2129 764; baseline -0.004 -19"><span class='ocrx_word' id='word_1_48' title='bbox 475 690 788 764; x_wconf 76' lang='lat' dir='ltr'><strong>martyres,</strong></span> <span class='ocrx_word' id='word_1_49' title='bbox 825 680 994 743; x_wconf 83' lang='lat' dir='ltr'><strong>valde</strong></span> <span class='ocrx_word' id='word_1_50' title='bbox 1037 678 1216 741; x_wconf 62' lang='lat' dir='ltr'><strong>laetati</strong></span> <span class='ocrx_word' id='word_1_51' title='bbox 1248 685 1388 741; x_wconf 92' lang='lat' dir='ltr'><strong>sunt</strong></span> <span class='ocrx_word' id='word_1_52' title='bbox 1441 677 1665 751; x_wconf 89' lang='lat' dir='ltr'><strong>animo,</strong></span> <span class='ocrx_word' id='word_1_53' title='bbox 1703 696 1984 759; x_wconf 86' lang='lat' dir='ltr'><strong>eumque,</strong></span> <span class='ocrx_word' id='word_1_54' title='bbox 2020 677 2129 739; x_wconf 83' lang='lat' dir='ltr'><strong>etsi</strong></span> 
     </span>
    </p>
   </div>
   <div class='ocr_carea' id='block_1_10' title="bbox 477 765 2129 852">
    <p class='ocr_par' dir='ltr' id='par_1_10' title="bbox 477 765 2129 852">
     <span class='ocr_line' id='line_1_10' title="bbox 477 765 2129 852; baseline -0.003 -19"><span class='ocrx_word' id='word_1_55' title='bbox 477 771 683 852; x_wconf 80' lang='lat' dir='ltr'><strong>procul</strong></span> <span class='ocrx_word' id='word_1_56' title='bbox 708 767 1129 844; x_wconf 84' lang='lat' dir='ltr'><strong>starent,vultu</strong></span> <span class='ocrx_word' id='word_1_57' title='bbox 1146 775 1203 829; x_wconf 91' lang='lat' dir='ltr'><strong>et</strong></span> <span class='ocrx_word' id='word_1_58' title='bbox 1222 775 1366 830; x_wconf 90' lang='lat' dir='ltr'><strong>nutu</strong></span> <span class='ocrx_word' id='word_1_59' title='bbox 1381 765 2129 828; x_wconf 77' lang='lat' dir='ltr'><strong>salutaruntMaximianus</strong></span> 
     </span>
    </p>
   </div>
   <div class='ocr_carea' id='block_1_11' title="bbox 474 855 2131 938">
    <p class='ocr_par' dir='ltr' id='par_1_11' title="bbox 474 855 2131 938">
     <span class='ocr_line' id='line_1_11' title="bbox 474 855 2131 938; baseline -0.005 -15"><span class='ocrx_word' id='word_1_60' title='bbox 474 868 677 923; x_wconf 85' lang='lat' dir='ltr'><strong>autem</strong></span> <span class='ocrx_word' id='word_1_61' title='bbox 731 859 946 921; x_wconf 91' lang='lat' dir='ltr'><strong>fastum</strong></span> <span class='ocrx_word' id='word_1_62' title='bbox 1003 855 1319 938; x_wconf 88' lang='lat' dir='ltr'><strong>quemdam</strong></span> <span class='ocrx_word' id='word_1_63' title='bbox 1352 862 1409 916; x_wconf 81' lang='lat' dir='ltr'><strong>et</strong></span> <span class='ocrx_word' id='word_1_64' title='bbox 1467 856 1738 934; x_wconf 80' lang='lat' dir='ltr'><strong>spiritum</strong></span> <span class='ocrx_word' id='word_1_65' title='bbox 1797 855 2131 936; x_wconf 88' lang='lat' dir='ltr'><strong>suscipiens</strong></span> 
     </span>
    </p>
   </div>
   <div class='ocr_carea' id='block_1_12' title="bbox 482 943 2126 1030">
    <p class='ocr_par' dir='ltr' id='par_1_12' title="bbox 482 943 2126 1030">
     <span class='ocr_line' id='line_1_12' title="bbox 482 943 2126 1030; baseline -0.002 -20"><span class='ocrx_word' id='word_1_66' title='bbox 482 948 796 1030; x_wconf 84' lang='lat' dir='ltr'><strong>principis,</strong></span> <span class='ocrx_word' id='word_1_67' title='bbox 831 959 889 1008; x_wconf 89' lang='lat' dir='ltr'><strong>et</strong></span> <span class='ocrx_word' id='word_1_68' title='bbox 916 943 1264 1008; x_wconf 79' lang='lat' dir='ltr'><strong>immaniter</strong></span> <span class='ocrx_word' id='word_1_69' title='bbox 1307 962 1443 1005; x_wconf 91' lang='lat' dir='ltr'><strong>eum</strong></span> <span class='ocrx_word' id='word_1_70' title='bbox 1477 948 1722 1006; x_wconf 84' lang='lat' dir='ltr'><strong>intuens</strong></span> <span class='ocrx_word' id='word_1_71' title='bbox 1754 966 1767 1008; x_wconf 94' lang='lat'><strong>:</strong></span> <span class='ocrx_word' id='word_1_72' title='bbox 1800 943 1906 1006; x_wconf 90' lang='lat' dir='ltr'><strong>Dic</strong></span> <span class='ocrx_word' id='word_1_73' title='bbox 1957 944 2126 1018; x_wconf 90' lang='lat' dir='ltr'><strong>mihi,</strong></span> 
     </span>
    </p>
   </div>
   <div class='ocr_carea' id='block_1_13' title="bbox 475 1032 2131 1117">
    <p class='ocr_par' dir='ltr' id='par_1_13' title="bbox 475 1032 2131 1117">
     <span class='ocr_line' id='line_1_13' title="bbox 475 1032 2131 1117; baseline -0.003 -19"><span class='ocrx_word' id='word_1_74' title='bbox 475 1037 697 1117; x_wconf 87' lang='lat' dir='ltr'><strong>inquit,</strong></span> <span class='ocrx_word' id='word_1_75' title='bbox 732 1035 968 1107; x_wconf 82' lang='lat' dir='ltr'><strong>infelix,</strong></span> <span class='ocrx_word' id='word_1_76' title='bbox 1005 1034 1138 1116; x_wconf 91' lang='lat' dir='ltr'><strong>quis</strong></span> <span class='ocrx_word' id='word_1_77' title='bbox 1178 1041 1287 1107; x_wconf 86' lang='lat' dir='ltr'><strong>est,</strong></span> <span class='ocrx_word' id='word_1_78' title='bbox 1325 1032 1424 1114; x_wconf 93' lang='lat' dir='ltr'><strong>qui</strong></span> <span class='ocrx_word' id='word_1_79' title='bbox 1456 1033 1583 1096; x_wconf 66' lang='lat' dir='ltr'><strong>haec</strong></span> <span class='ocrx_word' id='word_1_80' title='bbox 1631 1032 1738 1096; x_wconf 86' lang='lat' dir='ltr'><strong>tibi</strong></span> <span class='ocrx_word' id='word_1_81' title='bbox 1773 1034 2038 1114; x_wconf 81' lang='lat' dir='ltr'><strong>tradidit,</strong></span> <span class='ocrx_word' id='word_1_82' title='bbox 2075 1042 2131 1096; x_wconf 91' lang='lat' dir='ltr'><strong>et</strong></span> 
     </span>
    </p>
   </div>
   <div class='ocr_carea' id='block_1_14' title="bbox 476 1121 2128 1198">
    <p class='ocr_par' dir='ltr' id='par_1_14' title="bbox 476 1121 2128 1198">
     <span class='ocr_line' id='line_1_14' title="bbox 476 1121 2128 1198; baseline -0.004 -8"><span class='ocrx_word' id='word_1_83' title='bbox 476 1125 724 1190; x_wconf 83' lang='lat' dir='ltr'><strong>ubinam</strong></span> <span class='ocrx_word' id='word_1_84' title='bbox 756 1125 900 1188; x_wconf 80' lang='lat' dir='ltr'><strong>latet</strong></span> <span class='ocrx_word' id='word_1_85' title='bbox 933 1133 1227 1186; x_wconf 89' lang='lat' dir='ltr'><strong>terrarum</strong></span> <span class='ocrx_word' id='word_1_86' title='bbox 1253 1121 1278 1186; x_wconf 83' lang='lat'><strong>?</strong></span> <span class='ocrx_word' id='word_1_87' title='bbox 1310 1123 1610 1185; x_wconf 85' lang='lat' dir='ltr'><strong>Diaconus</strong></span> <span class='ocrx_word' id='word_1_88' title='bbox 1630 1141 1794 1198; x_wconf 85' lang='lat' dir='ltr'><strong>vero,</strong></span> <span class='ocrx_word' id='word_1_89' title='bbox 1830 1141 1963 1185; x_wconf 92' lang='lat' dir='ltr'><strong>cum</strong></span> <span class='ocrx_word' id='word_1_90' title='bbox 1999 1141 2128 1184; x_wconf 87' lang='lat' dir='ltr'><strong>ma-</strong></span> 
     </span>
    </p>
   </div>
   <div class='ocr_carea' id='block_1_15' title="bbox 475 1211 2130 1296">
    <p class='ocr_par' dir='ltr' id='par_1_15' title="bbox 475 1211 2130 1296">
     <span class='ocr_line' id='line_1_15' title="bbox 475 1211 2130 1296; baseline -0.002 -18"><span class='ocrx_word' id='word_1_91' title='bbox 475 1234 593 1296; x_wconf 79' lang='lat' dir='ltr'><strong>gna</strong></span> <span class='ocrx_word' id='word_1_92' title='bbox 613 1233 756 1278; x_wconf 87' lang='lat' dir='ltr'><strong>voce</strong></span> <span class='ocrx_word' id='word_1_93' title='bbox 779 1213 954 1277; x_wconf 84' lang='lat' dir='ltr'><strong>tacite</strong></span> <span class='ocrx_word' id='word_1_94' title='bbox 972 1212 1044 1277; x_wconf 89' lang='lat' dir='ltr'><strong>ad</strong></span> <span class='ocrx_word' id='word_1_95' title='bbox 1069 1212 1255 1274; x_wconf 90' lang='lat' dir='ltr'><strong>Deum</strong></span> <span class='ocrx_word' id='word_1_96' title='bbox 1281 1212 1446 1292; x_wconf 88' lang='lat' dir='ltr'><strong>prius</strong></span> <span class='ocrx_word' id='word_1_97' title='bbox 1473 1211 1810 1292; x_wconf 85' lang='lat' dir='ltr'><strong>clamasset,</strong></span> <span class='ocrx_word' id='word_1_98' title='bbox 1844 1226 1901 1274; x_wconf 86' lang='lat' dir='ltr'><strong>et</strong></span> <span class='ocrx_word' id='word_1_99' title='bbox 1935 1213 2130 1292; x_wconf 88' lang='lat' dir='ltr'><strong>petiis-</strong></span> 
     </span>
    </p>
   </div>
   <div class='ocr_carea' id='block_1_16' title="bbox 476 1300 2129 1380">
    <p class='ocr_par' dir='ltr' id='par_1_16' title="bbox 476 1300 2129 1380">
     <span class='ocr_line' id='line_1_16' title="bbox 476 1300 2129 1380; baseline -0.002 -14"><span class='ocrx_word' id='word_1_100' title='bbox 476 1313 590 1380; x_wconf 89' lang='lat' dir='ltr'><strong>set,</strong></span> <span class='ocrx_word' id='word_1_101' title='bbox 621 1313 689 1368; x_wconf 84' lang='lat' dir='ltr'><strong>ut</strong></span> <span class='ocrx_word' id='word_1_102' title='bbox 714 1302 1147 1366; x_wconf 81' lang='lat' dir='ltr'><strong>convenienter</strong></span> <span class='ocrx_word' id='word_1_103' title='bbox 1176 1301 1502 1362; x_wconf 86' lang='lat' dir='ltr'><strong>verissimae</strong></span> <span class='ocrx_word' id='word_1_104' title='bbox 1535 1300 1923 1379; x_wconf 88' lang='lat' dir='ltr'><strong>promissioni</strong></span> <span class='ocrx_word' id='word_1_105' title='bbox 1955 1301 2129 1362; x_wconf 87' lang='lat' dir='ltr'><strong>dare-</strong></span> 
     </span>
    </p>
   </div>
   <div class='ocr_carea' id='block_1_17' title="bbox 475 1389 2126 1473">
    <p class='ocr_par' dir='ltr' id='par_1_17' title="bbox 475 1389 2126 1473">
     <span class='ocr_line' id='line_1_17' title="bbox 475 1389 2126 1473; baseline -0.004 -17"><span class='ocrx_word' id='word_1_106' title='bbox 475 1401 578 1456; x_wconf 89' lang='lat' dir='ltr'><strong>tur</strong></span> <span class='ocrx_word' id='word_1_107' title='bbox 618 1393 735 1456; x_wconf 93' lang='lat' dir='ltr'><strong>sibi</strong></span> <span class='ocrx_word' id='word_1_108' title='bbox 763 1394 884 1455; x_wconf 91' lang='lat' dir='ltr'><strong>oris</strong></span> <span class='ocrx_word' id='word_1_109' title='bbox 933 1390 1203 1473; x_wconf 88' lang='lat' dir='ltr'><strong>apertio:</strong></span> <span class='ocrx_word' id='word_1_110' title='bbox 1259 1389 1371 1463; x_wconf 86' lang='lat' dir='ltr'><strong>Qui</strong></span> <span class='ocrx_word' id='word_1_111' title='bbox 1403 1389 1651 1461; x_wconf 80' lang='lat' dir='ltr'><strong>litteras,</strong></span> <span class='ocrx_word' id='word_1_112' title='bbox 1688 1389 1905 1470; x_wconf 88' lang='lat' dir='ltr'><strong>inquit,</strong></span> <span class='ocrx_word' id='word_1_113' title='bbox 1938 1389 2126 1465; x_wconf 74' lang='lat' dir='ltr'><strong>dedit,</strong></span> 
     </span>
    </p>
   </div>
   <div class='ocr_carea' id='block_1_18' title="bbox 477 1477 2132 1564">
    <p class='ocr_par' dir='ltr' id='par_1_18' title="bbox 477 1477 2132 1564">
     <span class='ocr_line' id='line_1_18' title="bbox 477 1477 2132 1564; baseline -0.002 -19"><span class='ocrx_word' id='word_1_114' title='bbox 477 1501 615 1546; x_wconf 86' lang='lat' dir='ltr'><strong>cum</strong></span> <span class='ocrx_word' id='word_1_115' title='bbox 642 1483 718 1544; x_wconf 89' lang='lat' dir='ltr'><strong>sit</strong></span> <span class='ocrx_word' id='word_1_116' title='bbox 749 1490 970 1564; x_wconf 83' lang='lat' dir='ltr'><strong>pastor,</strong></span> <span class='ocrx_word' id='word_1_117' title='bbox 993 1490 1055 1542; x_wconf 91' lang='lat' dir='ltr'><strong>et</strong></span> <span class='ocrx_word' id='word_1_118' title='bbox 1084 1479 1290 1560; x_wconf 84' lang='lat' dir='ltr'><strong>procul</strong></span> <span class='ocrx_word' id='word_1_119' title='bbox 1323 1477 1498 1553; x_wconf 90' lang='lat' dir='ltr'><strong>absit,</strong></span> <span class='ocrx_word' id='word_1_120' title='bbox 1522 1497 1755 1558; x_wconf 84' lang='lat' dir='ltr'><strong>gregem</strong></span> <span class='ocrx_word' id='word_1_121' title='bbox 1790 1479 2132 1541; x_wconf 88' lang='lat' dir='ltr'><strong>cohortatur</strong></span> 
     </span>
    </p>
   </div>
   <div class='ocr_carea' id='block_1_19' title="bbox 479 1568 2132 1652">
    <p class='ocr_par' dir='ltr' id='par_1_19' title="bbox 479 1568 2132 1652">
     <span class='ocr_line' id='line_1_19' title="bbox 479 1568 2132 1652; baseline -0.002 -18"><span class='ocrx_word' id='word_1_122' title='bbox 479 1579 540 1635; x_wconf 89' lang='lat' dir='ltr'><strong>et</strong></span> <span class='ocrx_word' id='word_1_123' title='bbox 561 1571 768 1635; x_wconf 89' lang='lat' dir='ltr'><strong>incitat</strong></span> <span class='ocrx_word' id='word_1_124' title='bbox 787 1571 859 1634; x_wconf 90' lang='lat' dir='ltr'><strong>ad</strong></span> <span class='ocrx_word' id='word_1_125' title='bbox 895 1570 1197 1652; x_wconf 85' lang='lat' dir='ltr'><strong>pietatem:</strong></span> <span class='ocrx_word' id='word_1_126' title='bbox 1231 1576 1289 1629; x_wconf 90' lang='lat' dir='ltr'><strong>et</strong></span> <span class='ocrx_word' id='word_1_127' title='bbox 1312 1568 1568 1629; x_wconf 84' lang='lat' dir='ltr'><strong>maxime</strong></span> <span class='ocrx_word' id='word_1_128' title='bbox 1592 1586 1726 1630; x_wconf 93' lang='lat' dir='ltr'><strong>cum</strong></span> <span class='ocrx_word' id='word_1_129' title='bbox 1758 1569 2013 1630; x_wconf 89' lang='lat' dir='ltr'><strong>senserit</strong></span> <span class='ocrx_word' id='word_1_130' title='bbox 2043 1568 2132 1630; x_wconf 90' lang='lat' dir='ltr'><strong>in-</strong></span> 
     </span>
    </p>
   </div>
   <div class='ocr_carea' id='block_1_20' title="bbox 480 1655 2131 1740">
    <p class='ocr_par' dir='ltr' id='par_1_20' title="bbox 480 1655 2131 1740">
     <span class='ocr_line' id='line_1_20' title="bbox 480 1655 2131 1740; baseline -0.004 -16"><span class='ocrx_word' id='word_1_131' title='bbox 480 1661 820 1724; x_wconf 89' lang='lat' dir='ltr'><strong>cursionem</strong></span> <span class='ocrx_word' id='word_1_132' title='bbox 845 1660 1122 1740; x_wconf 90' lang='lat' dir='ltr'><strong>luporum</strong></span> <span class='ocrx_word' id='word_1_133' title='bbox 1150 1667 1210 1720; x_wconf 91' lang='lat' dir='ltr'><strong>et</strong></span> <span class='ocrx_word' id='word_1_134' title='bbox 1235 1657 1518 1719; x_wconf 79' lang='lat' dir='ltr'><strong>ferarum.</strong></span> <span class='ocrx_word' id='word_1_135' title='bbox 1547 1655 1715 1718; x_wconf 90' lang='lat' dir='ltr'><strong>Tunc</strong></span> <span class='ocrx_word' id='word_1_136' title='bbox 1737 1657 1897 1718; x_wconf 89' lang='lat' dir='ltr'><strong>enim</strong></span> <span class='ocrx_word' id='word_1_137' title='bbox 1928 1657 2044 1718; x_wconf 88' lang='lat' dir='ltr'><strong>alta</strong></span> <span class='ocrx_word' id='word_1_138' title='bbox 2074 1665 2131 1720; x_wconf 91' lang='lat' dir='ltr'><strong>et</strong></span> 
     </span>
    </p>
   </div>
   <div class='ocr_carea' id='block_1_21' title="bbox 2213 677 3836 758">
    <p class='ocr_par' dir='ltr' id='par_1_21' title="bbox 2213 677 3836 758">
     <span class='ocr_line' id='line_1_21' title="bbox 2213 677 3836 758; baseline 0.001 -25"><span class='ocrx_word' id='word_1_139' title='bbox 2213 677 2379 742; x_wconf 73' lang='grc' dir='ltr'>οὕτως</span> <span class='ocrx_word' id='word_1_140' title='bbox 2441 679 2512 741; x_wconf 83' lang='grc' dir='ltr'>ὡς</span> <span class='ocrx_word' id='word_1_141' title='bbox 2571 677 2733 756; x_wconf 72' lang='grc' dir='ltr'>εἶχον</span> <span class='ocrx_word' id='word_1_142' title='bbox 2791 679 2877 734; x_wconf 80' lang='grc' dir='ltr'>καὶ</span> <span class='ocrx_word' id='word_1_143' title='bbox 2936 677 3197 756; x_wconf 76' lang='grc' dir='ltr'>πόῤῥωθεν</span> <span class='ocrx_word' id='word_1_144' title='bbox 3271 677 3418 740; x_wconf 57' lang='grc' dir='ltr'>ὄντες</span> <span class='ocrx_word' id='word_1_145' title='bbox 3475 679 3716 758; x_wconf 68' lang='grc' dir='ltr'>σχήματι</span> <span class='ocrx_word' id='word_1_146' title='bbox 3754 681 3836 736; x_wconf 71' lang='grc' dir='ltr'><strong>καί</strong></span> 
     </span>
    </p>
   </div>
   <div class='ocr_carea' id='block_1_22' title="bbox 2213 764 3837 845">
    <p class='ocr_par' dir='ltr' id='par_1_22' title="bbox 2213 764 3837 845">
     <span class='ocr_line' id='line_1_22' title="bbox 2213 764 3837 845; baseline 0.001 -22"><span class='ocrx_word' id='word_1_147' title='bbox 2213 769 2430 843; x_wconf 80' lang='grc' dir='ltr'><strong>νεύματι</strong></span> <span class='ocrx_word' id='word_1_148' title='bbox 2493 766 2916 838; x_wconf 79' lang='grc' dir='ltr'>κατησπάζοντο.</span> <span class='ocrx_word' id='word_1_149' title='bbox 2981 765 3303 838; x_wconf 73' lang='grc' dir='ltr'>Μαξιμιανδς</span> <span class='ocrx_word' id='word_1_150' title='bbox 3332 764 3385 822; x_wconf 80' lang='grc' dir='ltr'><strong>δὲ</strong></span> <span class='ocrx_word' id='word_1_151' title='bbox 3457 766 3617 845; x_wconf 67' lang='grc' dir='ltr'>ὄγκον</span> <span class='ocrx_word' id='word_1_152' title='bbox 3687 769 3837 841; x_wconf 78' lang='grc' dir='ltr'>ἑαυτῷ</span> 
     </span>
    </p>
   </div>
   <div class='ocr_carea' id='block_1_23' title="bbox 2213 855 3834 936">
    <p class='ocr_par' dir='ltr' id='par_1_23' title="bbox 2213 855 3834 936">
     <span class='ocr_line' id='line_1_23' title="bbox 2213 855 3834 936; baseline 0 -22"><span class='ocrx_word' id='word_1_153' title='bbox 2213 855 2448 936; x_wconf 73' lang='grc' dir='ltr'>περιθείς</span> <span class='ocrx_word' id='word_1_154' title='bbox 2499 856 2748 936; x_wconf 81' lang='grc' dir='ltr'>ἀρχικὸν,</span> <span class='ocrx_word' id='word_1_155' title='bbox 2779 859 2866 913; x_wconf 85' lang='grc' dir='ltr'>καὶ</span> <span class='ocrx_word' id='word_1_156' title='bbox 2926 857 3136 924; x_wconf 79' lang='grc' dir='ltr'>ἀπηνὴς</span> <span class='ocrx_word' id='word_1_157' title='bbox 3193 859 3324 935; x_wconf 83' lang='grc' dir='ltr'>πρὸς</span> <span class='ocrx_word' id='word_1_158' title='bbox 3369 857 3577 915; x_wconf 79' lang='grc' dir='ltr'>ἐκεῖνον</span> <span class='ocrx_word' id='word_1_159' title='bbox 3631 857 3834 934; x_wconf 82' lang='grc' dir='ltr'>βλέψας,</span> 
     </span>
    </p>
   </div>
   <div class='ocr_carea' id='block_1_24' title="bbox 2215 945 3837 1027">
    <p class='ocr_par' dir='ltr' id='par_1_24' title="bbox 2215 945 3837 1027">
     <span class='ocr_line' id='line_1_24' title="bbox 2215 945 3837 1027; baseline 0.001 -26"><span class='ocrx_word' id='word_1_160' title='bbox 2215 945 2350 1024; x_wconf 88' lang='grc' dir='ltr'>Λέγε</span> <span class='ocrx_word' id='word_1_161' title='bbox 2407 968 2523 1025; x_wconf 90' lang='grc' dir='ltr'>μοι,</span> <span class='ocrx_word' id='word_1_162' title='bbox 2557 945 2683 1026; x_wconf 77' lang='grc' dir='ltr'>ἔφη,</span> <span class='ocrx_word' id='word_1_163' title='bbox 2745 945 3016 1021; x_wconf 75' lang='grc' dir='ltr'>ὃεὸστηνε,</span> <span class='ocrx_word' id='word_1_164' title='bbox 3063 947 3140 1010; x_wconf 87' lang='grc' dir='ltr'><strong>τίς</strong></span> <span class='ocrx_word' id='word_1_165' title='bbox 3199 949 3227 1002; x_wconf 98' lang='lat'><strong>6</strong></span> <span class='ocrx_word' id='word_1_166' title='bbox 3261 947 3424 1003; x_wconf 81' lang='grc' dir='ltr'>ταῦτά</span> <span class='ocrx_word' id='word_1_167' title='bbox 3466 969 3550 1004; x_wconf 88' lang='grc' dir='ltr'><strong>σοι</strong></span> <span class='ocrx_word' id='word_1_168' title='bbox 3594 945 3736 1027; x_wconf 81' lang='grc' dir='ltr'>δοὺς,</span> <span class='ocrx_word' id='word_1_169' title='bbox 3762 949 3837 1005; x_wconf 84' lang='grc' dir='ltr'><strong>καὶ</strong></span> 
     </span>
    </p>
   </div>
   <div class='ocr_carea' id='block_1_25' title="bbox 2215 1026 3837 1114">
    <p class='ocr_par' dir='ltr' id='par_1_25' title="bbox 2215 1026 3837 1114">
     <span class='ocr_line' id='line_1_25' title="bbox 2215 1026 3837 1114; baseline 0.002 -24"><span class='ocrx_word' id='word_1_170' title='bbox 2215 1045 2316 1095; x_wconf 81' lang='grc' dir='ltr'>ποῦ</span> <span class='ocrx_word' id='word_1_171' title='bbox 2370 1033 2566 1105; x_wconf 75' lang='grc' dir='ltr'>δήποτε</span> <span class='ocrx_word' id='word_1_172' title='bbox 2631 1035 2733 1114; x_wconf 76' lang='grc' dir='ltr'>γῆς</span> <span class='ocrx_word' id='word_1_173' title='bbox 2794 1033 2886 1102; x_wconf 71' lang='grc' dir='ltr'><strong>εἴη</strong></span> <span class='ocrx_word' id='word_1_174' title='bbox 2941 1035 3324 1111; x_wconf 79' lang='grc' dir='ltr'><strong>κρυπτόμενος.</strong></span> <span class='ocrx_word' id='word_1_175' title='bbox 3390 1026 3445 1093; x_wconf 58' lang='grc' dir='ltr'>Ὀ</span> <span class='ocrx_word' id='word_1_176' title='bbox 3501 1033 3559 1090; x_wconf 75' lang='grc' dir='ltr'>δὲ</span> <span class='ocrx_word' id='word_1_177' title='bbox 3617 1026 3837 1100; x_wconf 53' lang='grc' dir='ltr'>διάκονος</span> 
     </span>
    </p>
   </div>
   <div class='ocr_carea' id='block_1_26' title="bbox 2215 1125 3834 1203">
    <p class='ocr_par' dir='ltr' id='par_1_26' title="bbox 2215 1125 3834 1203">
     <span class='ocr_line' id='line_1_26' title="bbox 2215 1125 3834 1203; baseline 0.001 -23"><span class='ocrx_word' id='word_1_178' title='bbox 2215 1125 2351 1202; x_wconf 83' lang='grc' dir='ltr'><strong>μέγα</strong></span> <span class='ocrx_word' id='word_1_179' title='bbox 2410 1126 2541 1202; x_wconf 79' lang='grc' dir='ltr'>πρὸς</span> <span class='ocrx_word' id='word_1_180' title='bbox 2604 1126 2733 1182; x_wconf 70' lang='grc' dir='ltr'>Θεὸν</span> <span class='ocrx_word' id='word_1_181' title='bbox 2789 1126 3041 1203; x_wconf 85' lang='grc' dir='ltr'>πρότερον</span> <span class='ocrx_word' id='word_1_182' title='bbox 3101 1131 3282 1200; x_wconf 81' lang='grc' dir='ltr'>σιωπῇ</span> <span class='ocrx_word' id='word_1_183' title='bbox 3350 1125 3578 1200; x_wconf 79' lang='grc' dir='ltr'>βοήσας,</span> <span class='ocrx_word' id='word_1_184' title='bbox 3635 1127 3834 1191; x_wconf 76' lang='grc' dir='ltr'>αἰτησά-</span> 
     </span>
    </p>
   </div>
   <div class='ocr_carea' id='block_1_27' title="bbox 2214 1212 3838 1294">
    <p class='ocr_par' dir='ltr' id='par_1_27' title="bbox 2214 1212 3838 1294">
     <span class='ocr_line' id='line_1_27' title="bbox 2214 1212 3838 1294; baseline -0.001 -24"><span class='ocrx_word' id='word_1_185' title='bbox 2214 1212 2372 1288; x_wconf 88' lang='grc' dir='ltr'>μενός</span> <span class='ocrx_word' id='word_1_186' title='bbox 2430 1236 2488 1271; x_wconf 91' lang='grc' dir='ltr'><strong>τε</strong></span> <span class='ocrx_word' id='word_1_187' title='bbox 2517 1214 2783 1288; x_wconf 88' lang='grc' dir='ltr'>στόματος</span> <span class='ocrx_word' id='word_1_188' title='bbox 2835 1215 3085 1294; x_wconf 79' lang='grc' dir='ltr'>παροχὴν</span> <span class='ocrx_word' id='word_1_189' title='bbox 3127 1216 3264 1272; x_wconf 81' lang='grc' dir='ltr'>κατὰ</span> <span class='ocrx_word' id='word_1_190' title='bbox 3309 1215 3405 1282; x_wconf 76' lang='grc' dir='ltr'>τὴν</span> <span class='ocrx_word' id='word_1_191' title='bbox 3463 1212 3838 1289; x_wconf 74' lang='grc' dir='ltr'>ἀψευδεστάτην</span> 
     </span>
    </p>
   </div>
   <div class='ocr_carea' id='block_1_28' title="bbox 2215 1301 3838 1384">
    <p class='ocr_par' dir='ltr' id='par_1_28' title="bbox 2215 1301 3838 1384">
     <span class='ocr_line' id='line_1_28' title="bbox 2215 1301 3838 1384; baseline 0.001 -27"><span class='ocrx_word' id='word_1_192' title='bbox 2215 1301 2558 1380; x_wconf 75' lang='grc' dir='ltr'>ἐπαγγελίαν,</span> <span class='ocrx_word' id='word_1_193' title='bbox 2614 1304 2676 1372; x_wconf 79' lang='grc' dir='ltr'>ὀ</span> <span class='ocrx_word' id='word_1_194' title='bbox 2715 1303 2811 1378; x_wconf 80' lang='grc' dir='ltr'>μὲν</span> <span class='ocrx_word' id='word_1_195' title='bbox 2843 1304 2908 1360; x_wconf 79' lang='grc' dir='ltr'>τὰ</span> <span class='ocrx_word' id='word_1_196' title='bbox 2962 1303 3252 1382; x_wconf 73' lang='grc' dir='ltr'>γράμματα</span> <span class='ocrx_word' id='word_1_197' title='bbox 3301 1302 3443 1383; x_wconf 76' lang='grc' dir='ltr'>δοὺς,</span> <span class='ocrx_word' id='word_1_198' title='bbox 3495 1301 3626 1384; x_wconf 80' lang='grc' dir='ltr'>ἔφη,</span> <span class='ocrx_word' id='word_1_199' title='bbox 3657 1306 3838 1378; x_wconf 77' lang='grc' dir='ltr'>ποιμὴν</span> 
     </span>
    </p>
   </div>
   <div class='ocr_carea' id='block_1_29' title="bbox 2213 1391 3839 1472">
    <p class='ocr_par' dir='ltr' id='par_1_29' title="bbox 2213 1391 3839 1472">
     <span class='ocr_line' id='line_1_29' title="bbox 2213 1391 3839 1472; baseline 0 -23"><span class='ocrx_word' id='word_1_200' title='bbox 2213 1391 2287 1449; x_wconf 84' lang='grc' dir='ltr'>ὢν</span> <span class='ocrx_word' id='word_1_201' title='bbox 2347 1395 2430 1448; x_wconf 67' lang='grc' dir='ltr'>καὶ</span> <span class='ocrx_word' id='word_1_202' title='bbox 2481 1393 2686 1471; x_wconf 74' lang='grc' dir='ltr'>μακρὰν</span> <span class='ocrx_word' id='word_1_203' title='bbox 2738 1391 2998 1472; x_wconf 67' lang='grc' dir='ltr'>ὑπάρχων</span> <span class='ocrx_word' id='word_1_204' title='bbox 3046 1394 3108 1449; x_wconf 81' lang='grc' dir='ltr'>τὸ</span> <span class='ocrx_word' id='word_1_205' title='bbox 3151 1393 3394 1469; x_wconf 82' lang='grc' dir='ltr'>ποίμνιον</span> <span class='ocrx_word' id='word_1_206' title='bbox 3432 1408 3716 1471; x_wconf 73' lang='grc' dir='ltr'>συγκροτεῖ</span> <span class='ocrx_word' id='word_1_207' title='bbox 3766 1396 3839 1449; x_wconf 73' lang='grc' dir='ltr'>καὶ</span> 
     </span>
    </p>
   </div>
   <div class='ocr_carea' id='block_1_30' title="bbox 2211 1479 3838 1559">
    <p class='ocr_par' dir='ltr' id='par_1_30' title="bbox 2211 1479 3838 1559">
     <span class='ocr_line' id='line_1_30' title="bbox 2211 1479 3838 1559; baseline 0.001 -23"><span class='ocrx_word' id='word_1_208' title='bbox 2211 1482 2508 1559; x_wconf 75' lang='grc' dir='ltr'>παραθήγει</span> <span class='ocrx_word' id='word_1_209' title='bbox 2569 1483 2694 1559; x_wconf 84' lang='grc' dir='ltr'>πρὸς</span> <span class='ocrx_word' id='word_1_210' title='bbox 2739 1482 2838 1548; x_wconf 74' lang='grc' dir='ltr'>τὴν</span> <span class='ocrx_word' id='word_1_211' title='bbox 2898 1479 3188 1557; x_wconf 67' lang='grc' dir='ltr'>εὐσέϐειαν,</span> <span class='ocrx_word' id='word_1_212' title='bbox 3231 1484 3316 1540; x_wconf 75' lang='grc' dir='ltr'><strong>καὶ</strong></span> <span class='ocrx_word' id='word_1_213' title='bbox 3389 1481 3622 1558; x_wconf 82' lang='grc' dir='ltr'>μάλιστα</span> <span class='ocrx_word' id='word_1_214' title='bbox 3666 1482 3738 1538; x_wconf 80' lang='grc' dir='ltr'><strong>ὅτ’</strong></span> <span class='ocrx_word' id='word_1_215' title='bbox 3789 1484 3838 1538; x_wconf 80' lang='grc' dir='ltr'>ἃν</span> 
     </span>
    </p>
   </div>
   <div class='ocr_carea' id='block_1_31' title="bbox 2212 1569 3839 1652">
    <p class='ocr_par' dir='ltr' id='par_1_31' title="bbox 2212 1569 3839 1652">
     <span class='ocr_line' id='line_1_31' title="bbox 2212 1569 3839 1652; baseline 0.001 -26"><span class='ocrx_word' id='word_1_216' title='bbox 2212 1571 2296 1628; x_wconf 81' lang='grc' dir='ltr'>καὶ</span> <span class='ocrx_word' id='word_1_217' title='bbox 2354 1570 2528 1627; x_wconf 78' lang='grc' dir='ltr'>λύκων</span> <span class='ocrx_word' id='word_1_218' title='bbox 2595 1569 2847 1638; x_wconf 83' lang='grc' dir='ltr'>αἴσθηται</span> <span class='ocrx_word' id='word_1_219' title='bbox 2925 1573 3012 1628; x_wconf 87' lang='grc' dir='ltr'><strong>καὶ</strong></span> <span class='ocrx_word' id='word_1_220' title='bbox 3081 1574 3277 1652; x_wconf 81' lang='grc' dir='ltr'>θηρίων</span> <span class='ocrx_word' id='word_1_221' title='bbox 3362 1571 3678 1651; x_wconf 76' lang='grc' dir='ltr'>ἐπιδρομῆς·</span> <span class='ocrx_word' id='word_1_222' title='bbox 3736 1573 3839 1630; x_wconf 76' lang='grc' dir='ltr'>τότε</span> 
     </span>
    </p>
   </div>
   <div class='ocr_carea' id='block_1_32' title="bbox 2211 1658 3839 1738">
    <p class='ocr_par' dir='ltr' id='par_1_32' title="bbox 2211 1658 3839 1738">
     <span class='ocr_line' id='line_1_32' title="bbox 2211 1658 3839 1738; baseline 0.001 -23"><span class='ocrx_word' id='word_1_223' title='bbox 2211 1660 2311 1738; x_wconf 83' lang='grc' dir='ltr'><strong>γὰρ</strong></span> <span class='ocrx_word' id='word_1_224' title='bbox 2354 1661 2443 1716; x_wconf 87' lang='grc' dir='ltr'><strong>καί</strong></span> <span class='ocrx_word' id='word_1_225' title='bbox 2489 1658 2726 1738; x_wconf 71' lang='grc' dir='ltr'>διᾴτορόν</span> <span class='ocrx_word' id='word_1_226' title='bbox 2785 1683 2838 1717; x_wconf 88' lang='grc' dir='ltr'>τι</span> <span class='ocrx_word' id='word_1_227' title='bbox 2884 1663 3131 1736; x_wconf 79' lang='grc' dir='ltr'>σημαίνει</span> <span class='ocrx_word' id='word_1_228' title='bbox 3186 1667 3262 1732; x_wconf 84' lang='grc' dir='ltr'>τῷ</span> <span class='ocrx_word' id='word_1_229' title='bbox 3305 1664 3542 1736; x_wconf 72' lang='grc' dir='ltr'>ποιμνίῳ</span> <span class='ocrx_word' id='word_1_230' title='bbox 3584 1664 3670 1718; x_wconf 79' lang='grc' dir='ltr'>καὶ</span> <span class='ocrx_word' id='word_1_231' title='bbox 3723 1662 3839 1719; x_wconf 83' lang='grc' dir='ltr'>πάνυ</span> 
     </span>
    </p>
   </div>
   <div class='ocr_carea' id='block_1_33' title="bbox 477 1735 2128 1829">
    <p class='ocr_par' dir='ltr' id='par_1_33' title="bbox 477 1735 2128 1828">
     <span class='ocr_line' id='line_1_33' title="bbox 477 1735 2128 1828; baseline -0.004 -14"><span class='ocrx_word' id='word_1_232' title='bbox 477 1750 640 1814; x_wconf 88' lang='lat' dir='ltr'><strong>clara</strong></span> <span class='ocrx_word' id='word_1_233' title='bbox 665 1767 811 1812; x_wconf 85' lang='lat' dir='ltr'><strong>voce</strong></span> <span class='ocrx_word' id='word_1_234' title='bbox 839 1735 948 1810; x_wconf 77' lang='lat' dir='ltr'><strong>suo</strong></span> <span class='ocrx_word' id='word_1_235' title='bbox 971 1746 1135 1826; x_wconf 81' lang='lat' dir='ltr'><strong>gregi</strong></span> <span class='ocrx_word' id='word_1_236' title='bbox 1163 1747 1436 1827; x_wconf 88' lang='lat' dir='ltr'><strong>imperat,</strong></span> <span class='ocrx_word' id='word_1_237' title='bbox 1473 1758 1529 1807; x_wconf 89' lang='lat' dir='ltr'><strong>et</strong></span> <span class='ocrx_word' id='word_1_238' title='bbox 1559 1765 1691 1828; x_wconf 84' lang='lat' dir='ltr'><strong>quae</strong></span> <span class='ocrx_word' id='word_1_239' title='bbox 1720 1746 1834 1807; x_wconf 91' lang='lat' dir='ltr'><strong>sint</strong></span> <span class='ocrx_word' id='word_1_240' title='bbox 1861 1745 2128 1808; x_wconf 88' lang='lat' dir='ltr'><strong>facienda</strong></span> 
     </span>
    </p>
   </div>
   <div class='ocr_carea' id='block_1_34' title="bbox 2212 1735 3839 1829">
    <p class='ocr_par' dir='ltr' id='par_1_34' title="bbox 2212 1735 3839 1829">
     <span class='ocr_line' id='line_1_34' title="bbox 2212 1735 3839 1829; baseline 0.001 -27"><span class='ocrx_word' id='word_1_241' title='bbox 2212 1735 2477 1827; x_wconf 82' lang='grc' dir='ltr'>λαμπρόν·</span> <span class='ocrx_word' id='word_1_242' title='bbox 2538 1735 2596 1806; x_wconf 60' lang='grc' dir='ltr'><strong>ΓῬ</strong></span> <span class='ocrx_word' id='word_1_243' title='bbox 2627 1735 2681 1805; x_wconf 71' lang='grc' dir='ltr'><em>δὲ</em></span> <span class='ocrx_word' id='word_1_244' title='bbox 2713 1750 2799 1806; x_wconf 83' lang='grc' dir='ltr'><strong>καὶ</strong></span> <span class='ocrx_word' id='word_1_245' title='bbox 2829 1735 2973 1829; x_wconf 87' lang='grc' dir='ltr'>λέγει</span> <span class='ocrx_word' id='word_1_246' title='bbox 3018 1749 3122 1829; x_wconf 68' lang='grc' dir='ltr'><strong>οὔχ</strong></span> <span class='ocrx_word' id='word_1_247' title='bbox 3155 1751 3362 1829; x_wconf 75' lang='grc' dir='ltr'>ἑαυτοῦ,</span> <span class='ocrx_word' id='word_1_248' title='bbox 3402 1735 3541 1807; x_wconf 69' lang='grc' dir='ltr'>ἄλλα</span> <span class='ocrx_word' id='word_1_249' title='bbox 3571 1759 3663 1807; x_wconf 79' lang='grc' dir='ltr'>τοῦ</span> <span class='ocrx_word' id='word_1_250' title='bbox 3708 1753 3839 1826; x_wconf 71' lang='grc' dir='ltr'>πρώ-</span> 
     </span>
    </p>
   </div>
   <div class='ocr_carea' id='block_1_35' title="bbox 475 1834 2130 1920">
    <p class='ocr_par' dir='ltr' id='par_1_35' title="bbox 475 1834 2130 1920">
     <span class='ocr_line' id='line_1_35' title="bbox 475 1834 2130 1920; baseline -0.004 -18"><span class='ocrx_word' id='word_1_251' title='bbox 475 1839 790 1920; x_wconf 86' lang='lat' dir='ltr'><strong>signilicat.</strong></span> <span class='ocrx_word' id='word_1_252' title='bbox 814 1837 957 1911; x_wconf 83' lang='lat' dir='ltr'><strong>Quae</strong></span> <span class='ocrx_word' id='word_1_253' title='bbox 999 1847 1197 1899; x_wconf 87' lang='lat' dir='ltr'><strong>autem</strong></span> <span class='ocrx_word' id='word_1_254' title='bbox 1224 1835 1394 1914; x_wconf 88' lang='lat' dir='ltr'><strong>dicit,</strong></span> <span class='ocrx_word' id='word_1_255' title='bbox 1427 1854 1548 1896; x_wconf 81' lang='lat' dir='ltr'><strong>non</strong></span> <span class='ocrx_word' id='word_1_256' title='bbox 1597 1843 1734 1896; x_wconf 86' lang='lat' dir='ltr'><strong>sunt</strong></span> <span class='ocrx_word' id='word_1_257' title='bbox 1762 1852 1892 1914; x_wconf 90' lang='lat' dir='ltr'><strong>sua,</strong></span> <span class='ocrx_word' id='word_1_258' title='bbox 1925 1834 2026 1896; x_wconf 88' lang='lat' dir='ltr'><strong>sed</strong></span> <span class='ocrx_word' id='word_1_259' title='bbox 2059 1853 2130 1897; x_wconf 87' lang='lat' dir='ltr'><strong>ea</strong></span> 
     </span>
    </p>
   </div>
   <div class='ocr_carea' id='block_1_36' title="bbox 475 1923 2128 2009">
    <p class='ocr_par' dir='ltr' id='par_1_36' title="bbox 475 1923 2128 2009">
     <span class='ocr_line' id='line_1_36' title="bbox 475 1923 2128 2009; baseline -0.005 -16"><span class='ocrx_word' id='word_1_260' title='bbox 475 1934 707 2009; x_wconf 88' lang='lat' dir='ltr'><strong>accepit</strong></span> <span class='ocrx_word' id='word_1_261' title='bbox 735 1946 771 1990; x_wconf 92' lang='lat' dir='ltr'><strong>a</strong></span> <span class='ocrx_word' id='word_1_262' title='bbox 799 1930 990 2008; x_wconf 91' lang='lat' dir='ltr'><strong>primo</strong></span> <span class='ocrx_word' id='word_1_263' title='bbox 1022 1923 1394 2008; x_wconf 87' lang='lat' dir='ltr'><strong>pastore,qui</strong></span> <span class='ocrx_word' id='word_1_264' title='bbox 1426 1923 1611 1986; x_wconf 89' lang='lat' dir='ltr'><strong>dicit:</strong></span> <span class='ocrx_word' id='word_1_265' title='bbox 1652 1923 1882 1985; x_wconf 81' lang='lat' dir='ltr'><strong>«Nolite</strong></span> <span class='ocrx_word' id='word_1_266' title='bbox 1918 1926 2128 1984; x_wconf 89' lang='lat' dir='ltr'><strong>timere</strong></span> 
     </span>
    </p>
   </div>
   <div class='ocr_carea' id='block_1_37' title="bbox 475 2013 2126 2099">
    <p class='ocr_par' dir='ltr' id='par_1_37' title="bbox 475 2013 2126 2099">
     <span class='ocr_line' id='line_1_37' title="bbox 475 2013 2126 2099; baseline -0.004 -18"><span class='ocrx_word' id='word_1_267' title='bbox 475 2036 579 2081; x_wconf 87' lang='lat' dir='ltr'><strong>eos</strong></span> <span class='ocrx_word' id='word_1_268' title='bbox 607 2017 710 2099; x_wconf 86' lang='lat' dir='ltr'><strong>qui</strong></span> <span class='ocrx_word' id='word_1_269' title='bbox 739 2016 1022 2079; x_wconf 86' lang='lat' dir='ltr'><strong>occidunt</strong></span> <span class='ocrx_word' id='word_1_270' title='bbox 1051 2032 1294 2095; x_wconf 86' lang='lat' dir='ltr'><strong>corpus,</strong></span> <span class='ocrx_word' id='word_1_271' title='bbox 1319 2013 1578 2075; x_wconf 90' lang='lat' dir='ltr'><strong>animam</strong></span> <span class='ocrx_word' id='word_1_272' title='bbox 1611 2022 1809 2075; x_wconf 89' lang='lat' dir='ltr'><strong>autem</strong></span> <span class='ocrx_word' id='word_1_273' title='bbox 1833 2033 1949 2075; x_wconf 80' lang='lat' dir='ltr'><strong>non</strong></span> <span class='ocrx_word' id='word_1_274' title='bbox 1984 2032 2126 2094; x_wconf 89' lang='lat' dir='ltr'><strong>pos-</strong></span> 
     </span>
    </p>
   </div>
   <div class='ocr_carea' id='block_1_38' title="bbox 481 2103 2128 2186">
    <p class='ocr_par' dir='ltr' id='par_1_38' title="bbox 481 2103 2128 2186">
     <span class='ocr_line' id='line_1_38' title="bbox 481 2103 2128 2186; baseline -0.002 -17"><span class='ocrx_word' id='word_1_275' title='bbox 481 2114 624 2169; x_wconf 88' lang='lat' dir='ltr'><strong>sunt</strong></span> <span class='ocrx_word' id='word_1_276' title='bbox 645 2105 922 2168; x_wconf 89' lang='lat' dir='ltr'><strong>occidere</strong></span> <span class='ocrx_word' id='word_1_277' title='bbox 939 2105 1028 2169; x_wconf 62' lang='lat'><strong>7.:</strong></span> <span class='ocrx_word' id='word_1_278' title='bbox 1066 2105 1262 2186; x_wconf 82' lang='lat' dir='ltr'><strong>Atque</strong></span> <span class='ocrx_word' id='word_1_279' title='bbox 1292 2103 1413 2165; x_wconf 83' lang='lat' dir='ltr'><strong>dixi</strong></span> <span class='ocrx_word' id='word_1_280' title='bbox 1441 2103 1994 2184; x_wconf 86' lang='lat' dir='ltr'><strong>quidem,quisnam</strong></span> <span class='ocrx_word' id='word_1_281' title='bbox 2027 2103 2128 2165; x_wconf 87' lang='lat' dir='ltr'><strong>de-</strong></span> 
     </span>
    </p>
   </div>
   <div class='ocr_carea' id='block_1_39' title="bbox 475 2191 2124 2268">
    <p class='ocr_par' dir='ltr' id='par_1_39' title="bbox 475 2191 2124 2268">
     <span class='ocr_line' id='line_1_39' title="bbox 475 2191 2124 2268; baseline -0.003 -11"><span class='ocrx_word' id='word_1_282' title='bbox 475 2195 636 2259; x_wconf 86' lang='lat' dir='ltr'><strong>derit</strong></span> <span class='ocrx_word' id='word_1_283' title='bbox 682 2194 955 2258; x_wconf 88' lang='lat' dir='ltr'><strong>litteras:</strong></span> <span class='ocrx_word' id='word_1_284' title='bbox 1011 2192 1252 2256; x_wconf 90' lang='lat' dir='ltr'><strong>ubinam</strong></span> <span class='ocrx_word' id='word_1_285' title='bbox 1313 2203 1514 2254; x_wconf 88' lang='lat' dir='ltr'><strong>autem</strong></span> <span class='ocrx_word' id='word_1_286' title='bbox 1587 2193 1688 2268; x_wconf 88' lang='lat' dir='ltr'><strong>sit,</strong></span> <span class='ocrx_word' id='word_1_287' title='bbox 1735 2211 1852 2254; x_wconf 92' lang='lat' dir='ltr'><strong>non</strong></span> <span class='ocrx_word' id='word_1_288' title='bbox 1905 2191 2124 2254; x_wconf 89' lang='lat' dir='ltr'><strong>dicam.</strong></span> 
     </span>
    </p>
   </div>
   <div class='ocr_carea' id='block_1_40' title="bbox 475 2280 2126 2365">
    <p class='ocr_par' dir='ltr' id='par_1_40' title="bbox 475 2280 2126 2365">
     <span class='ocr_line' id='line_1_40' title="bbox 475 2280 2126 2365; baseline -0.005 -17"><span class='ocrx_word' id='word_1_289' title='bbox 475 2285 700 2365; x_wconf 86' lang='lat' dir='ltr'><strong>Aperta</strong></span> <span class='ocrx_word' id='word_1_290' title='bbox 728 2283 888 2345; x_wconf 90' lang='lat' dir='ltr'><strong>enim</strong></span> <span class='ocrx_word' id='word_1_291' title='bbox 915 2281 1094 2345; x_wconf 88' lang='lat' dir='ltr'><strong>fuerit</strong></span> <span class='ocrx_word' id='word_1_292' title='bbox 1123 2280 1376 2356; x_wconf 80' lang='lat' dir='ltr'><strong>insania,</strong></span> <span class='ocrx_word' id='word_1_293' title='bbox 1410 2280 1666 2360; x_wconf 85' lang='lat' dir='ltr'><strong>pastoris</strong></span> <span class='ocrx_word' id='word_1_294' title='bbox 1692 2299 1825 2342; x_wconf 89' lang='lat' dir='ltr'><strong>esse</strong></span> <span class='ocrx_word' id='word_1_295' title='bbox 1855 2280 2126 2360; x_wconf 89' lang='lat' dir='ltr'><strong>prodito-</strong></span> 
     </span>
    </p>
   </div>
   <div class='ocr_carea' id='block_1_41' title="bbox 478 2369 2122 2454">
    <p class='ocr_par' dir='ltr' id='par_1_41' title="bbox 478 2369 2122 2454">
     <span class='ocr_line' id='line_1_41' title="bbox 478 2369 2122 2454; baseline -0.003 -20"><span class='ocrx_word' id='word_1_296' title='bbox 478 2391 608 2437; x_wconf 88' lang='lat' dir='ltr'><strong>rem</strong></span> <span class='ocrx_word' id='word_1_297' title='bbox 635 2390 770 2436; x_wconf 90' lang='lat' dir='ltr'><strong>eum</strong></span> <span class='ocrx_word' id='word_1_298' title='bbox 803 2372 905 2454; x_wconf 92' lang='lat' dir='ltr'><strong>qui</strong></span> <span class='ocrx_word' id='word_1_299' title='bbox 936 2391 1005 2434; x_wconf 83' lang='lat' dir='ltr'><strong>ex</strong></span> <span class='ocrx_word' id='word_1_300' title='bbox 1038 2371 1141 2433; x_wconf 90' lang='lat' dir='ltr'><strong>illo</strong></span> <span class='ocrx_word' id='word_1_301' title='bbox 1172 2377 1486 2433; x_wconf 85' lang='lat' dir='ltr'><strong>maximam</strong></span> <span class='ocrx_word' id='word_1_302' title='bbox 1521 2369 1753 2452; x_wconf 87' lang='lat' dir='ltr'><strong>accepit</strong></span> <span class='ocrx_word' id='word_1_303' title='bbox 1786 2370 2122 2432; x_wconf 84' lang='lat' dir='ltr'><strong>utilitatem:</strong></span> 
     </span>
    </p>
   </div>
   <div class='ocr_carea' id='block_1_42' title="bbox 475 2459 2126 2544">
    <p class='ocr_par' dir='ltr' id='par_1_42' title="bbox 475 2459 2126 2544">
     <span class='ocr_line' id='line_1_42' title="bbox 475 2459 2126 2544; baseline -0.004 -19"><span class='ocrx_word' id='word_1_304' title='bbox 475 2463 576 2544; x_wconf 88' lang='lat' dir='ltr'><strong>qui</strong></span> <span class='ocrx_word' id='word_1_305' title='bbox 605 2461 782 2525; x_wconf 90' lang='lat' dir='ltr'><strong>etiam</strong></span> <span class='ocrx_word' id='word_1_306' title='bbox 813 2461 1038 2542; x_wconf 87' lang='lat' dir='ltr'><strong>absque</strong></span> <span class='ocrx_word' id='word_1_307' title='bbox 1066 2459 1241 2522; x_wconf 90' lang='lat' dir='ltr'><strong>nobis</strong></span> <span class='ocrx_word' id='word_1_308' title='bbox 1273 2479 1406 2522; x_wconf 80' lang='lat' dir='ltr'><strong>mox</strong></span> <span class='ocrx_word' id='word_1_309' title='bbox 1441 2461 1545 2522; x_wconf 83' lang='lat' dir='ltr'><strong>fiet</strong></span> <span class='ocrx_word' id='word_1_310' title='bbox 1591 2459 1961 2522; x_wconf 89' lang='lat' dir='ltr'><strong>manifestus.</strong></span> <span class='ocrx_word' id='word_1_311' title='bbox 1997 2461 2126 2520; x_wconf 85' lang='lat' dir='ltr'><strong>Non</strong></span> 
     </span>
    </p>
   </div>
   <div class='ocr_carea' id='block_1_43' title="bbox 473 2549 2127 2634">
    <p class='ocr_par' dir='ltr' id='par_1_43' title="bbox 473 2549 2127 2634">
     <span class='ocr_line' id='line_1_43' title="bbox 473 2549 2127 2634; baseline -0.004 -20"><span class='ocrx_word' id='word_1_312' title='bbox 473 2569 651 2634; x_wconf 86' lang='lat' dir='ltr'><strong>posse</strong></span> <span class='ocrx_word' id='word_1_313' title='bbox 680 2551 841 2614; x_wconf 89' lang='lat' dir='ltr'><strong>enim</strong></span> <span class='ocrx_word' id='word_1_314' title='bbox 875 2550 1164 2614; x_wconf 87' lang='lat' dir='ltr'><strong>abscondi</strong></span> <span class='ocrx_word' id='word_1_315' title='bbox 1195 2549 1492 2615; x_wconf 85' lang='lat' dir='ltr'><strong>civitatem</strong></span> <span class='ocrx_word' id='word_1_316' title='bbox 1515 2567 1698 2629; x_wconf 91' lang='lat' dir='ltr'><strong>supra</strong></span> <span class='ocrx_word' id='word_1_317' title='bbox 1724 2558 1984 2611; x_wconf 89' lang='lat' dir='ltr'><strong>montem</strong></span> <span class='ocrx_word' id='word_1_318' title='bbox 2020 2567 2127 2628; x_wconf 90' lang='lat' dir='ltr'><strong>po-</strong></span> 
     </span>
    </p>
   </div>
   <div class='ocr_carea' id='block_1_44' title="bbox 2209 1837 3835 1920">
    <p class='ocr_par' dir='ltr' id='par_1_44' title="bbox 2209 1837 3835 1920">
     <span class='ocr_line' id='line_1_44' title="bbox 2209 1837 3835 1920; baseline 0.001 -26"><span class='ocrx_word' id='word_1_319' title='bbox 2209 1860 2301 1896; x_wconf 89' lang='grc' dir='ltr'><strong>του</strong></span> <span class='ocrx_word' id='word_1_320' title='bbox 2356 1837 2610 1914; x_wconf 73' lang='grc' dir='ltr'>ποιμένος</span> <span class='ocrx_word' id='word_1_321' title='bbox 2669 1837 2788 1918; x_wconf 75' lang='grc' dir='ltr'>ἔχει</span> <span class='ocrx_word' id='word_1_322' title='bbox 2847 1837 3193 1920; x_wconf 78' lang='grc' dir='ltr'>παραλαϐὼν,</span> <span class='ocrx_word' id='word_1_323' title='bbox 3232 1841 3373 1908; x_wconf 75' lang='grc' dir='ltr'><strong>(Μὴ</strong></span> <span class='ocrx_word' id='word_1_324' title='bbox 3423 1837 3713 1914; x_wconf 75' lang='grc' dir='ltr'>φοϐηθῆτε,</span> <span class='ocrx_word' id='word_1_325' title='bbox 3756 1841 3835 1896; x_wconf 84' lang='grc' dir='ltr'>λέ-</span> 
     </span>
    </p>
   </div>
   <div class='ocr_carea' id='block_1_45' title="bbox 2210 1927 3837 2006">
    <p class='ocr_par' dir='ltr' id='par_1_45' title="bbox 2210 1927 3837 2006">
     <span class='ocr_line' id='line_1_45' title="bbox 2210 1927 3837 2006; baseline 0 -22"><span class='ocrx_word' id='word_1_326' title='bbox 2210 1949 2421 2006; x_wconf 86' lang='grc' dir='ltr'>γοντος,</span> <span class='ocrx_word' id='word_1_327' title='bbox 2463 1928 2568 1984; x_wconf 75' lang='grc' dir='ltr'><strong>ἀπὸ</strong></span> <span class='ocrx_word' id='word_1_328' title='bbox 2623 1935 2726 1984; x_wconf 80' lang='grc' dir='ltr'><strong>τῶν</strong></span> <span class='ocrx_word' id='word_1_329' title='bbox 2783 1928 3208 1986; x_wconf 81' lang='grc' dir='ltr'>ἀποκτεινόντων</span> <span class='ocrx_word' id='word_1_330' title='bbox 3262 1930 3323 1986; x_wconf 86' lang='grc' dir='ltr'><strong>τό</strong></span> <span class='ocrx_word' id='word_1_331' title='bbox 3397 1935 3581 2004; x_wconf 83' lang='grc' dir='ltr'>σῶμα,</span> <span class='ocrx_word' id='word_1_332' title='bbox 3644 1932 3735 1999; x_wconf 77' lang='grc' dir='ltr'><strong>τήν</strong></span> <span class='ocrx_word' id='word_1_333' title='bbox 3793 1927 3837 1985; x_wconf 77' lang='grc' dir='ltr'>δὲ</span> 
     </span>
    </p>
   </div>
   <div class='ocr_carea' id='block_1_46' title="bbox 2213 2017 3839 2096">
    <p class='ocr_par' dir='ltr' id='par_1_46' title="bbox 2213 2017 3839 2096">
     <span class='ocr_line' id='line_1_46' title="bbox 2213 2017 3839 2096; baseline 0.001 -24"><span class='ocrx_word' id='word_1_334' title='bbox 2213 2017 2397 2096; x_wconf 80' lang='grc' dir='ltr'>ψυχὴν</span> <span class='ocrx_word' id='word_1_335' title='bbox 2450 2017 2528 2092; x_wconf 79' lang='grc' dir='ltr'>μὴ</span> <span class='ocrx_word' id='word_1_336' title='bbox 2560 2017 2861 2093; x_wconf 74' lang='grc' dir='ltr'>δυναμένων</span> <span class='ocrx_word' id='word_1_337' title='bbox 2916 2018 3255 2081; x_wconf 75' lang='grc' dir='ltr'>ἀποκτεῖναι.</span> <span class='ocrx_word' id='word_1_338' title='bbox 3291 2042 3318 2074; x_wconf 75' lang='lat' dir='ltr'><strong>n</strong></span> <span class='ocrx_word' id='word_1_339' title='bbox 3371 2019 3459 2082; x_wconf 89' lang='grc' dir='ltr'>Τίς</span> <span class='ocrx_word' id='word_1_340' title='bbox 3519 2021 3618 2095; x_wconf 73' lang='grc' dir='ltr'>μὲν</span> <span class='ocrx_word' id='word_1_341' title='bbox 3651 2026 3735 2076; x_wconf 80' lang='grc' dir='ltr'>οὖν</span> <span class='ocrx_word' id='word_1_342' title='bbox 3785 2021 3839 2075; x_wconf 75' lang='grc' dir='ltr'><strong>τὰ</strong></span> 
     </span>
    </p>
   </div>
   <div class='ocr_carea' id='block_1_47' title="bbox 2211 2106 3839 2186">
    <p class='ocr_par' dir='ltr' id='par_1_47' title="bbox 2211 2106 3839 2186">
     <span class='ocr_line' id='line_1_47' title="bbox 2211 2106 3839 2186; baseline 0.002 -25"><span class='ocrx_word' id='word_1_343' title='bbox 2211 2107 2502 2186; x_wconf 82' lang='grc' dir='ltr'>γράμματα</span> <span class='ocrx_word' id='word_1_344' title='bbox 2569 2106 2686 2173; x_wconf 78' lang='grc' dir='ltr'>δοὺς</span> <span class='ocrx_word' id='word_1_345' title='bbox 2742 2106 2960 2186; x_wconf 70' lang='grc' dir='ltr'>εἷ’ρηκα’</span> <span class='ocrx_word' id='word_1_346' title='bbox 3015 2106 3150 2164; x_wconf 82' lang='grc' dir='ltr'>ὅπου</span> <span class='ocrx_word' id='word_1_347' title='bbox 3197 2106 3251 2162; x_wconf 81' lang='grc' dir='ltr'><strong>δὲ</strong></span> <span class='ocrx_word' id='word_1_348' title='bbox 3313 2109 3402 2165; x_wconf 80' lang='grc' dir='ltr'><strong>καὶ</strong></span> <span class='ocrx_word' id='word_1_349' title='bbox 3435 2107 3578 2166; x_wconf 83' lang='grc' dir='ltr'>ἔστιν</span> <span class='ocrx_word' id='word_1_350' title='bbox 3637 2112 3727 2166; x_wconf 69' lang='grc' dir='ltr'><strong>οὐκ</strong></span> <span class='ocrx_word' id='word_1_351' title='bbox 3789 2109 3839 2164; x_wconf 80' lang='grc' dir='ltr'><strong>ἂν</strong></span> 
     </span>
    </p>
   </div>
   <div class='ocr_carea' id='block_1_48' title="bbox 2211 2195 3840 2278">
    <p class='ocr_par' dir='ltr' id='par_1_48' title="bbox 2211 2195 3840 2278">
     <span class='ocr_line' id='line_1_48' title="bbox 2211 2195 3840 2278; baseline 0.001 -26"><span class='ocrx_word' id='word_1_352' title='bbox 2211 2196 2444 2271; x_wconf 75' lang='grc' dir='ltr'>εἴποιμι·</span> <span class='ocrx_word' id='word_1_353' title='bbox 2507 2197 2669 2272; x_wconf 85' lang='grc' dir='ltr'>μανία</span> <span class='ocrx_word' id='word_1_354' title='bbox 2699 2197 2799 2276; x_wconf 82' lang='grc' dir='ltr'><strong>γὰρ</strong></span> <span class='ocrx_word' id='word_1_355' title='bbox 2849 2195 2910 2252; x_wconf 77' lang='grc' dir='ltr'><strong>ἂν</strong></span> <span class='ocrx_word' id='word_1_356' title='bbox 2971 2196 3064 2265; x_wconf 78' lang='grc' dir='ltr'><strong>εἴη</strong></span> <span class='ocrx_word' id='word_1_357' title='bbox 3124 2198 3298 2276; x_wconf 79' lang='grc' dir='ltr'>σαφὴς</span> <span class='ocrx_word' id='word_1_358' title='bbox 3359 2198 3616 2268; x_wconf 81' lang='grc' dir='ltr'>ποιμένος</span> <span class='ocrx_word' id='word_1_359' title='bbox 3663 2196 3840 2278; x_wconf 53' lang='grc' dir='ltr'>προῶ-</span> 
     </span>
    </p>
   </div>
   <div class='ocr_carea' id='block_1_49' title="bbox 2209 2285 3837 2364">
    <p class='ocr_par' dir='ltr' id='par_1_49' title="bbox 2209 2285 3837 2364">
     <span class='ocr_line' id='line_1_49' title="bbox 2209 2285 3837 2364; baseline 0.001 -22"><span class='ocrx_word' id='word_1_360' title='bbox 2209 2308 2308 2353; x_wconf 79' lang='grc' dir='ltr'><strong>την</strong></span> <span class='ocrx_word' id='word_1_361' title='bbox 2372 2285 2614 2364; x_wconf 79' lang='grc' dir='ltr'>γενέσθαι</span> <span class='ocrx_word' id='word_1_362' title='bbox 2671 2286 2761 2342; x_wconf 81' lang='grc' dir='ltr'><strong>τὸν</strong></span> <span class='ocrx_word' id='word_1_363' title='bbox 2818 2285 3026 2352; x_wconf 78' lang='grc' dir='ltr'>πολλῆς</span> <span class='ocrx_word' id='word_1_364' title='bbox 3082 2287 3416 2362; x_wconf 83' lang='grc' dir='ltr'>ἀπονάμενον</span> <span class='ocrx_word' id='word_1_365' title='bbox 3491 2287 3692 2345; x_wconf 80' lang='grc' dir='ltr'>ἐκείνου</span> <span class='ocrx_word' id='word_1_366' title='bbox 3755 2293 3837 2354; x_wconf 80' lang='grc' dir='ltr'>τῆς</span> 
     </span>
    </p>
   </div>
   <div class='ocr_carea' id='block_1_50' title="bbox 2209 2373 3835 2456">
    <p class='ocr_par' dir='ltr' id='par_1_50' title="bbox 2209 2373 3835 2456">
     <span class='ocr_line' id='line_1_50' title="bbox 2209 2373 3835 2456; baseline 0.001 -26"><span class='ocrx_word' id='word_1_367' title='bbox 2209 2373 2487 2456; x_wconf 79' lang='grc' dir='ltr'>ὠφελείας·</span> <span class='ocrx_word' id='word_1_368' title='bbox 2548 2373 2607 2439; x_wconf 78' lang='grc' dir='ltr'>ὅς</span> <span class='ocrx_word' id='word_1_369' title='bbox 2640 2397 2699 2452; x_wconf 83' lang='grc' dir='ltr'><strong>γε</strong></span> <span class='ocrx_word' id='word_1_370' title='bbox 2757 2375 2846 2430; x_wconf 89' lang='grc' dir='ltr'><strong>καὶ</strong></span> <span class='ocrx_word' id='word_1_371' title='bbox 2877 2376 3040 2454; x_wconf 78' lang='grc' dir='ltr'>χωρὶς</span> <span class='ocrx_word' id='word_1_372' title='bbox 3086 2377 3240 2448; x_wconf 75' lang='grc' dir='ltr'>ἡμῶν</span> <span class='ocrx_word' id='word_1_373' title='bbox 3291 2374 3415 2432; x_wconf 79' lang='grc' dir='ltr'>ὅσον</span> <span class='ocrx_word' id='word_1_374' title='bbox 3460 2376 3611 2433; x_wconf 68' lang='grc' dir='ltr'>οῧπω</span> <span class='ocrx_word' id='word_1_375' title='bbox 3639 2378 3835 2455; x_wconf 80' lang='grc' dir='ltr'>φανερὸς</span> 
     </span>
    </p>
   </div>
   <div class='ocr_carea' id='block_1_51' title="bbox 2210 2461 3836 2544">
    <p class='ocr_par' dir='ltr' id='par_1_51' title="bbox 2210 2461 3836 2544">
     <span class='ocr_line' id='line_1_51' title="bbox 2210 2461 3836 2544; baseline -0.001 -24"><span class='ocrx_word' id='word_1_376' title='bbox 2210 2465 2628 2533; x_wconf 74' lang='grc' dir='ltr'>καταστήσεται.</span> <span class='ocrx_word' id='word_1_377' title='bbox 2712 2461 2860 2530; x_wconf 72' lang='grc' dir='ltr'>Μηδὲ</span> <span class='ocrx_word' id='word_1_378' title='bbox 2922 2465 3022 2540; x_wconf 81' lang='grc' dir='ltr'>γὰρ</span> <span class='ocrx_word' id='word_1_379' title='bbox 3100 2461 3346 2520; x_wconf 82' lang='grc' dir='ltr'>δύνασθαι</span> <span class='ocrx_word' id='word_1_380' title='bbox 3394 2463 3555 2521; x_wconf 91' lang='grc' dir='ltr'>πόλιν</span> <span class='ocrx_word' id='word_1_381' title='bbox 3612 2464 3836 2544; x_wconf 45' lang='grc' dir='ltr'>κρῶναι</span> 
     </span>
    </p>
   </div>
   <div class='ocr_carea' id='block_1_52' title="bbox 2211 2551 3833 2634">
    <p class='ocr_par' dir='ltr' id='par_1_52' title="bbox 2211 2551 3833 2634">
     <span class='ocr_line' id='line_1_52' title="bbox 2211 2551 3833 2634; baseline 0.001 -26"><span class='ocrx_word' id='word_1_382' title='bbox 2211 2552 2391 2609; x_wconf 81' lang='grc' dir='ltr'>ἐπάνω</span> <span class='ocrx_word' id='word_1_383' title='bbox 2445 2551 2594 2631; x_wconf 81' lang='grc' dir='ltr'>ὅρους</span> <span class='ocrx_word' id='word_1_384' title='bbox 2654 2552 2908 2628; x_wconf 80' lang='grc' dir='ltr'>κειμένην</span> <span class='ocrx_word' id='word_1_385' title='bbox 2966 2554 2999 2618; x_wconf 83' lang='grc' dir='ltr'>ἡ</span> <span class='ocrx_word' id='word_1_386' title='bbox 3058 2552 3168 2609; x_wconf 85' lang='grc' dir='ltr'>θεία</span> <span class='ocrx_word' id='word_1_387' title='bbox 3228 2552 3323 2610; x_wconf 78' lang='grc' dir='ltr'>καί</span> <span class='ocrx_word' id='word_1_388' title='bbox 3381 2553 3687 2633; x_wconf 71' lang='grc' dir='ltr'>φιλαλήθης</span> <span class='ocrx_word' id='word_1_389' title='bbox 3752 2553 3833 2634; x_wconf 78' lang='grc' dir='ltr'>ἔφη</span> 
     </span>
    </p>
   </div>
   <div class='ocr_carea' id='block_1_53' title="bbox 472 2637 2384 2721">
    <p class='ocr_par' dir='ltr' id='par_1_53' title="bbox 472 2637 2384 2721">
     <span class='ocr_line' id='line_1_53' title="bbox 472 2637 2384 2721; baseline -0.002 -17"><span class='ocrx_word' id='word_1_390' title='bbox 472 2641 671 2721; x_wconf 81' lang='lat' dir='ltr'><strong>sitam,</strong></span> <span class='ocrx_word' id='word_1_391' title='bbox 702 2659 813 2704; x_wconf 89' lang='lat' dir='ltr'><strong>vox</strong></span> <span class='ocrx_word' id='word_1_392' title='bbox 845 2639 1045 2702; x_wconf 88' lang='lat' dir='ltr'><strong>divina</strong></span> <span class='ocrx_word' id='word_1_393' title='bbox 1073 2638 1244 2715; x_wconf 83' lang='lat' dir='ltr'><strong>dixit,</strong></span> <span class='ocrx_word' id='word_1_394' title='bbox 1282 2647 1341 2700; x_wconf 90' lang='lat' dir='ltr'><strong>et</strong></span> <span class='ocrx_word' id='word_1_395' title='bbox 1375 2638 1497 2700; x_wconf 85' lang='lat' dir='ltr'><strong>veri</strong></span> <span class='ocrx_word' id='word_1_396' title='bbox 1527 2637 1773 2699; x_wconf 89' lang='lat' dir='ltr'><strong>amatrix</strong></span> <span class='ocrx_word' id='word_1_397' title='bbox 1801 2639 1856 2697; x_wconf 87' lang='lat'><strong>8.</strong></span> <span class='ocrx_word' id='word_1_398' title='bbox 2212 2643 2384 2720; x_wconf 78' lang='grc' dir='ltr'>φωνή.</span> 
     </span>
    </p>
   </div>
   <div class='ocr_carea' id='block_1_54' title="bbox 547 2725 2128 2810">
    <p class='ocr_par' dir='ltr' id='par_1_54' title="bbox 547 2725 2125 2806">
     <span class='ocr_line' id='line_1_54' title="bbox 547 2725 2125 2806; baseline -0.003 -14"><span class='ocrx_word' id='word_1_399' title='bbox 547 2727 781 2792; x_wconf 84' lang='lat' dir='ltr'><strong>XXXII.</strong></span> <span class='ocrx_word' id='word_1_400' title='bbox 806 2727 945 2790; x_wconf 59' lang='lat' dir='ltr'><strong>Hanc</strong></span> <span class='ocrx_word' id='word_1_401' title='bbox 969 2746 1105 2788; x_wconf 91' lang='lat' dir='ltr'><strong>eum</strong></span> <span class='ocrx_word' id='word_1_402' title='bbox 1133 2726 1460 2788; x_wconf 77' lang='lat' dir='ltr'><strong>fortissime</strong></span> <span class='ocrx_word' id='word_1_403' title='bbox 1485 2725 1734 2788; x_wconf 83' lang='lat' dir='ltr'><strong>dixisset</strong></span> <span class='ocrx_word' id='word_1_404' title='bbox 1756 2726 1968 2806; x_wconf 78' lang='lat' dir='ltr'><strong>lingua</strong></span> <span class='ocrx_word' id='word_1_405' title='bbox 1985 2743 2125 2788; x_wconf 77' lang='lat' dir='ltr'><strong>san-</strong></span> 
     </span>
    </p>
   </div>
   <div class='ocr_carea' id='block_1_55' title="bbox 2212 2725 3833 2810">
    <p class='ocr_par' dir='ltr' id='par_1_55' title="bbox 2293 2729 3833 2810">
     <span class='ocr_line' id='line_1_55' title="bbox 2293 2729 3833 2810; baseline 0.001 -24"><span class='ocrx_word' id='word_1_406' title='bbox 2293 2731 2428 2793; x_wconf 82' lang='lat' dir='ltr'><strong>AB’.</strong></span> <span class='ocrx_word' id='word_1_407' title='bbox 2489 2739 2664 2790; x_wconf 85' lang='grc' dir='ltr'>Ταῦτα</span> <span class='ocrx_word' id='word_1_408' title='bbox 2694 2736 2792 2798; x_wconf 83' lang='grc' dir='ltr'><strong>τῆς</strong></span> <span class='ocrx_word' id='word_1_409' title='bbox 2827 2729 2980 2808; x_wconf 79' lang='grc' dir='ltr'>ἁγίας</span> <span class='ocrx_word' id='word_1_410' title='bbox 3037 2729 3284 2808; x_wconf 78' lang='grc' dir='ltr'>γλώττης</span> <span class='ocrx_word' id='word_1_411' title='bbox 3316 2729 3659 2810; x_wconf 70' lang='grc' dir='ltr'>ἀνδρειότατα</span> <span class='ocrx_word' id='word_1_412' title='bbox 3698 2731 3833 2798; x_wconf 78' lang='grc' dir='ltr'>λεξα-</span> 
     </span>
    </p>
   </div>
   <div class='ocr_carea' id='block_1_56' title="bbox 483 2813 2128 2900">
    <p class='ocr_par' dir='ltr' id='par_1_56' title="bbox 483 2813 2128 2896">
     <span class='ocr_line' id='line_1_56' title="bbox 483 2813 2128 2896; baseline -0.002 -16"><span class='ocrx_word' id='word_1_413' title='bbox 483 2824 738 2896; x_wconf 89' lang='lat' dir='ltr'><strong>cta,non</strong></span> <span class='ocrx_word' id='word_1_414' title='bbox 759 2817 961 2878; x_wconf 88' lang='lat' dir='ltr'><strong>ferens</strong></span> <span class='ocrx_word' id='word_1_415' title='bbox 989 2813 1383 2877; x_wconf 81' lang='lat' dir='ltr'><strong>Maximianus</strong></span> <span class='ocrx_word' id='word_1_416' title='bbox 1405 2813 1647 2876; x_wconf 85' lang='lat' dir='ltr'><strong>dicendi</strong></span> <span class='ocrx_word' id='word_1_417' title='bbox 1673 2814 2031 2896; x_wconf 85' lang='lat' dir='ltr'><strong>libertatem,</strong></span> <span class='ocrx_word' id='word_1_418' title='bbox 2067 2824 2128 2876; x_wconf 95' lang='lat' dir='ltr'><strong>ut</strong></span> 
     </span>
    </p>
   </div>
   <div class='ocr_carea' id='block_1_57' title="bbox 2212 2813 3830 2900">
    <p class='ocr_par' dir='ltr' id='par_1_57' title="bbox 2213 2818 3830 2900">
     <span class='ocr_line' id='line_1_57' title="bbox 2213 2818 3830 2900; baseline -0.001 -25"><span class='ocrx_word' id='word_1_419' title='bbox 2213 2818 2378 2893; x_wconf 81' lang='grc' dir='ltr'>μένης</span> <span class='ocrx_word' id='word_1_420' title='bbox 2437 2821 2464 2875; x_wconf 88' lang='grc' dir='ltr'><strong>ὁ</strong></span> <span class='ocrx_word' id='word_1_421' title='bbox 2496 2819 2844 2894; x_wconf 73' lang='grc' dir='ltr'>Μαξιμιανὸε,</span> <span class='ocrx_word' id='word_1_422' title='bbox 2884 2821 2986 2899; x_wconf 70' lang='grc' dir='ltr'><strong>οὐχ</strong></span> <span class='ocrx_word' id='word_1_423' title='bbox 3042 2821 3328 2887; x_wconf 72' lang='grc' dir='ltr'>ὑπομείνας</span> <span class='ocrx_word' id='word_1_424' title='bbox 3382 2821 3481 2888; x_wconf 72' lang='grc' dir='ltr'><strong>τὴν</strong></span> <span class='ocrx_word' id='word_1_425' title='bbox 3541 2821 3830 2900; x_wconf 76' lang='grc' dir='ltr'>παρῤησίαν,</span> 
     </span>
    </p>
   </div>
   <div class='ocr_carea' id='block_1_58' title="bbox 478 2903 2128 2988">
    <p class='ocr_par' dir='ltr' id='par_1_58' title="bbox 478 2903 2128 2988">
     <span class='ocr_line' id='line_1_58' title="bbox 478 2903 2128 2988; baseline -0.001 -20"><span class='ocrx_word' id='word_1_426' title='bbox 478 2907 614 2988; x_wconf 87' lang='lat' dir='ltr'><strong>ipsa</strong></span> <span class='ocrx_word' id='word_1_427' title='bbox 629 2912 1205 2986; x_wconf 89' lang='lat' dir='ltr'><strong>amputaretur,eum</strong></span> <span class='ocrx_word' id='word_1_428' title='bbox 1226 2903 1844 2967; x_wconf 87' lang='lat' dir='ltr'><strong>condemnat.Deinde</strong></span> <span class='ocrx_word' id='word_1_429' title='bbox 1864 2904 1950 2966; x_wconf 91' lang='lat' dir='ltr'><strong>sic</strong></span> <span class='ocrx_word' id='word_1_430' title='bbox 1960 2904 2128 2984; x_wconf 87' lang='lat' dir='ltr'><strong>jubet</strong></span> 
     </span>
    </p>
   </div>
   <div class='ocr_carea' id='block_1_59' title="bbox 2212 2903 3831 2988">
    <p class='ocr_par' dir='ltr' id='par_1_59' title="bbox 2212 2907 3831 2986">
     <span class='ocr_line' id='line_1_59' title="bbox 2212 2907 3831 2986; baseline -0.005 -23"><span class='ocrx_word' id='word_1_431' title='bbox 2212 2907 2446 2982; x_wconf 69' lang='grc' dir='ltr'>ειτομην</span> <span class='ocrx_word' id='word_1_432' title='bbox 2516 2909 2680 2975; x_wconf 76' lang='grc' dir='ltr'>αὖτῆς</span> <span class='ocrx_word' id='word_1_433' title='bbox 2739 2908 3063 2986; x_wconf 75' lang='grc' dir='ltr'>κατακρίνειο</span> <span class='ocrx_word' id='word_1_434' title='bbox 3125 2907 3230 2964; x_wconf 83' lang='grc' dir='ltr'>εἶθ’</span> <span class='ocrx_word' id='word_1_435' title='bbox 3285 2908 3423 2966; x_wconf 81' lang='grc' dir='ltr'>οὕτω</span> <span class='ocrx_word' id='word_1_436' title='bbox 3481 2909 3652 2973; x_wconf 84' lang='grc' dir='ltr'>λίθοις</span> <span class='ocrx_word' id='word_1_437' title='bbox 3702 2911 3831 2969; x_wconf 65' lang='grc' dir='ltr'>αὐτὸν</span> 
     </span>
    </p>
   </div>
   <div class='ocr_carea' id='block_1_60' title="bbox 481 2991 2128 3075">
    <p class='ocr_par' dir='ltr' id='par_1_60' title="bbox 481 2991 2128 3075">
     <span class='ocr_line' id='line_1_60' title="bbox 481 2991 2128 3075; baseline -0.001 -18"><span class='ocrx_word' id='word_1_438' title='bbox 481 3013 620 3058; x_wconf 89' lang='lat' dir='ltr'><strong>eum</strong></span> <span class='ocrx_word' id='word_1_439' title='bbox 651 2993 820 3056; x_wconf 92' lang='lat' dir='ltr'><strong>obrui</strong></span> <span class='ocrx_word' id='word_1_440' title='bbox 845 2993 1243 3075; x_wconf 89' lang='lat' dir='ltr'><strong>lapidibus.Et</strong></span> <span class='ocrx_word' id='word_1_441' title='bbox 1261 2993 1363 3056; x_wconf 90' lang='lat' dir='ltr'><strong>ille</strong></span> <span class='ocrx_word' id='word_1_442' title='bbox 1391 2991 1634 3070; x_wconf 87' lang='lat' dir='ltr'><strong>quidem</strong></span> <span class='ocrx_word' id='word_1_443' title='bbox 1661 3001 1792 3074; x_wconf 89' lang='lat' dir='ltr'><strong>post</strong></span> <span class='ocrx_word' id='word_1_444' title='bbox 1816 3013 1999 3056; x_wconf 70' lang='lat' dir='ltr'><strong>sacrm</strong></span> <span class='ocrx_word' id='word_1_445' title='bbox 2022 2995 2128 3056; x_wconf 89' lang='lat' dir='ltr'><strong>lin-</strong></span> 
     </span>
    </p>
   </div>
   <div class='ocr_carea' id='block_1_61' title="bbox 2212 2991 3832 3075">
    <p class='ocr_par' dir='ltr' id='par_1_61' title="bbox 2213 2995 3832 3075">
     <span class='ocr_line' id='line_1_61' title="bbox 2213 2995 3832 3075; baseline -0.001 -22"><span class='ocrx_word' id='word_1_446' title='bbox 2213 2995 2417 3054; x_wconf 78' lang='grc' dir='ltr'><strong>κελεύει</strong></span> <span class='ocrx_word' id='word_1_447' title='bbox 2475 2995 2918 3063; x_wconf 79' lang='grc' dir='ltr'>καταλευσθῆναι.</span> <span class='ocrx_word' id='word_1_448' title='bbox 2984 2997 3081 3054; x_wconf 79' lang='grc' dir='ltr'><strong>Καὶ</strong></span> <span class='ocrx_word' id='word_1_449' title='bbox 3125 2999 3152 3053; x_wconf 88' lang='lat'><strong>6</strong></span> <span class='ocrx_word' id='word_1_450' title='bbox 3210 2997 3307 3070; x_wconf 77' lang='grc' dir='ltr'>μὲν</span> <span class='ocrx_word' id='word_1_451' title='bbox 3367 2998 3507 3054; x_wconf 78' lang='grc' dir='ltr'>οὕτω</span> <span class='ocrx_word' id='word_1_452' title='bbox 3561 2999 3692 3075; x_wconf 85' lang='grc' dir='ltr'>μετᾶ</span> <span class='ocrx_word' id='word_1_453' title='bbox 3753 2999 3832 3064; x_wconf 76' lang='grc' dir='ltr'>τὴν</span> 
     </span>
    </p>
   </div>
   <div class='ocr_carea' id='block_1_62' title="bbox 479 3080 2128 3186">
    <p class='ocr_par' dir='ltr' id='par_1_62' title="bbox 479 3080 2127 3186">
     <span class='ocr_line' id='line_1_62' title="bbox 479 3080 2127 3186; baseline -0.001 -41"><span class='ocrx_word' id='word_1_454' title='bbox 479 3081 986 3186; x_wconf 65' lang='lat' dir='ltr'><strong>guaeablationem</strong></span> <span class='ocrx_word' id='word_1_455' title='bbox 1013 3081 1100 3186; x_wconf 73' lang='lat' dir='ltr'><strong>sic</strong></span> <span class='ocrx_word' id='word_1_456' title='bbox 1121 3082 1370 3145; x_wconf 88' lang='lat' dir='ltr'><strong>obrutus</strong></span> <span class='ocrx_word' id='word_1_457' title='bbox 1400 3080 1717 3186; x_wconf 73' lang='lat' dir='ltr'><strong>lapidibus,</strong></span> <span class='ocrx_word' id='word_1_458' title='bbox 1748 3082 1864 3144; x_wconf 89' lang='lat' dir='ltr'><strong>tela</strong></span> <span class='ocrx_word' id='word_1_459' title='bbox 1887 3083 2127 3186; x_wconf 77' lang='lat' dir='ltr'><strong>quidem</strong></span> 
     </span>
    </p>
   </div>
   <div class='ocr_carea' id='block_1_63' title="bbox 2212 3080 3831 3186">
    <p class='ocr_par' dir='ltr' id='par_1_63' title="bbox 2214 3083 3831 3165">
     <span class='ocr_line' id='line_1_63' title="bbox 2214 3083 3831 3165; baseline 0 -23"><span class='ocrx_word' id='word_1_460' title='bbox 2214 3091 2312 3152; x_wconf 76' lang='grc' dir='ltr'><strong>τῆς</strong></span> <span class='ocrx_word' id='word_1_461' title='bbox 2373 3089 2515 3165; x_wconf 77' lang='grc' dir='ltr'>ἱερᾶς</span> <span class='ocrx_word' id='word_1_462' title='bbox 2573 3085 2820 3164; x_wconf 85' lang='grc' dir='ltr'>γλώττης</span> <span class='ocrx_word' id='word_1_463' title='bbox 2880 3083 3184 3164; x_wconf 70' lang='grc' dir='ltr'>ἀφαίρεσιν,</span> <span class='ocrx_word' id='word_1_464' title='bbox 3221 3086 3347 3142; x_wconf 79' lang='grc' dir='ltr'>εἶτα</span> <span class='ocrx_word' id='word_1_465' title='bbox 3403 3089 3492 3144; x_wconf 87' lang='grc' dir='ltr'><strong>καὶ</strong></span> <span class='ocrx_word' id='word_1_466' title='bbox 3538 3102 3652 3153; x_wconf 70' lang='grc' dir='ltr'>τοῖς</span> <span class='ocrx_word' id='word_1_467' title='bbox 3699 3086 3831 3151; x_wconf 82' lang='grc' dir='ltr'>λίθοις</span> 
     </span>
    </p>
   </div>
   <div class='ocr_carea' id='block_1_64' title="bbox 479 3170 2128 3252">
    <p class='ocr_par' dir='ltr' id='par_1_64' title="bbox 479 3170 2128 3252">
     <span class='ocr_line' id='line_1_64' title="bbox 479 3170 2128 3252; baseline -0.002 -16"><span class='ocrx_word' id='word_1_468' title='bbox 479 3173 630 3236; x_wconf 87' lang='lat' dir='ltr'><strong>nihil</strong></span> <span class='ocrx_word' id='word_1_469' title='bbox 675 3171 945 3249; x_wconf 87' lang='lat' dir='ltr'><strong>curabat;</strong></span> <span class='ocrx_word' id='word_1_470' title='bbox 985 3172 1089 3233; x_wconf 91' lang='lat' dir='ltr'><strong>sed</strong></span> <span class='ocrx_word' id='word_1_471' title='bbox 1113 3189 1365 3252; x_wconf 91' lang='lat' dir='ltr'><strong>corpore</strong></span> <span class='ocrx_word' id='word_1_472' title='bbox 1392 3170 1636 3251; x_wconf 91' lang='lat' dir='ltr'><strong>quidem</strong></span> <span class='ocrx_word' id='word_1_473' title='bbox 1663 3173 1782 3250; x_wconf 85' lang='lat' dir='ltr'><strong>jam</strong></span> <span class='ocrx_word' id='word_1_474' title='bbox 1808 3172 2005 3233; x_wconf 87' lang='lat' dir='ltr'><strong>attrito</strong></span> <span class='ocrx_word' id='word_1_475' title='bbox 2031 3173 2128 3252; x_wconf 85' lang='lat' dir='ltr'><strong>ja-</strong></span> 
     </span>
    </p>
   </div>
   <div class='ocr_carea' id='block_1_65' title="bbox 2212 3170 3828 3252">
    <p class='ocr_par' dir='ltr' id='par_1_65' title="bbox 2212 3172 3828 3252">
     <span class='ocr_line' id='line_1_65' title="bbox 2212 3172 3828 3252; baseline 0.004 -23"><span class='ocrx_word' id='word_1_476' title='bbox 2212 3173 2566 3251; x_wconf 84' lang='grc' dir='ltr'>βαλλὸμενος,</span> <span class='ocrx_word' id='word_1_477' title='bbox 2624 3179 2729 3230; x_wconf 81' lang='grc' dir='ltr'>τῶν</span> <span class='ocrx_word' id='word_1_478' title='bbox 2803 3173 2901 3250; x_wconf 78' lang='grc' dir='ltr'>μὲν</span> <span class='ocrx_word' id='word_1_479' title='bbox 2984 3172 3154 3250; x_wconf 78' lang='grc' dir='ltr'>βελῶν</span> <span class='ocrx_word' id='word_1_480' title='bbox 3224 3173 3522 3252; x_wconf 76' lang='grc' dir='ltr'>ἐφρόντιζεν</span> <span class='ocrx_word' id='word_1_481' title='bbox 3595 3175 3828 3251; x_wconf 75' lang='grc' dir='ltr'>οὗδαμῶς·</span> 
     </span>
    </p>
   </div>
   <div class='ocr_carea' id='block_1_66' title="bbox 480 3259 2128 3344">
    <p class='ocr_par' dir='ltr' id='par_1_66' title="bbox 480 3259 2128 3340">
     <span class='ocr_line' id='line_1_66' title="bbox 480 3259 2128 3340; baseline -0.001 -15"><span class='ocrx_word' id='word_1_482' title='bbox 480 3261 1120 3340; x_wconf 84' lang='lat' dir='ltr'><strong>culationibus,partim</strong></span> <span class='ocrx_word' id='word_1_483' title='bbox 1138 3267 1334 3322; x_wconf 89' lang='lat' dir='ltr'><strong>autem</strong></span> <span class='ocrx_word' id='word_1_484' title='bbox 1364 3259 1576 3322; x_wconf 87' lang='lat' dir='ltr'><strong>obruto</strong></span> <span class='ocrx_word' id='word_1_485' title='bbox 1596 3259 1914 3339; x_wconf 87' lang='lat' dir='ltr'><strong>lapidibus,</strong></span> <span class='ocrx_word' id='word_1_486' title='bbox 1939 3261 2128 3323; x_wconf 88' lang='lat' dir='ltr'><strong>adhuc</strong></span> 
     </span>
    </p>
   </div>
   <div class='ocr_carea' id='block_1_67' title="bbox 2212 3259 3829 3344">
    <p class='ocr_par' dir='ltr' id='par_1_67' title="bbox 2212 3261 3829 3344">
     <span class='ocr_line' id='line_1_67' title="bbox 2212 3261 3829 3344; baseline 0 -25"><span class='ocrx_word' id='word_1_487' title='bbox 2212 3262 2348 3319; x_wconf 81' lang='grc' dir='ltr'>ἀλλὰ</span> <span class='ocrx_word' id='word_1_488' title='bbox 2404 3273 2498 3322; x_wconf 73' lang='grc' dir='ltr'>τοὺ</span> <span class='ocrx_word' id='word_1_489' title='bbox 2528 3264 2772 3338; x_wconf 77' lang='grc' dir='ltr'>σώματος</span> <span class='ocrx_word' id='word_1_490' title='bbox 2809 3265 2899 3319; x_wconf 85' lang='grc' dir='ltr'>τοῦ</span> <span class='ocrx_word' id='word_1_491' title='bbox 2948 3263 3045 3336; x_wconf 76' lang='grc' dir='ltr'>μὲν</span> <span class='ocrx_word' id='word_1_492' title='bbox 3078 3261 3178 3331; x_wconf 73' lang='grc' dir='ltr'>ἤδη</span> <span class='ocrx_word' id='word_1_493' title='bbox 3211 3277 3332 3327; x_wconf 78' lang='grc' dir='ltr'>ταῖς</span> <span class='ocrx_word' id='word_1_494' title='bbox 3365 3263 3558 3341; x_wconf 75' lang='grc' dir='ltr'>βολαῖς</span> <span class='ocrx_word' id='word_1_495' title='bbox 3589 3264 3829 3344; x_wconf 67' lang='grc' dir='ltr'>ἔκτριϐένο</span> 
     </span>
    </p>
   </div>
   <div class='ocr_carea' id='block_1_68' title="bbox 480 3347 2128 3434">
    <p class='ocr_par' dir='ltr' id='par_1_68' title="bbox 480 3347 2125 3431">
     <span class='ocr_line' id='line_1_68' title="bbox 480 3347 2125 3431; baseline -0.001 -18"><span class='ocrx_word' id='word_1_496' title='bbox 480 3351 670 3431; x_wconf 85' lang='lat' dir='ltr'><strong>magis</strong></span> <span class='ocrx_word' id='word_1_497' title='bbox 700 3348 1065 3429; x_wconf 82' lang='lat' dir='ltr'><strong>erigebatur,</strong></span> <span class='ocrx_word' id='word_1_498' title='bbox 1095 3357 1152 3410; x_wconf 91' lang='lat' dir='ltr'><strong>et</strong></span> <span class='ocrx_word' id='word_1_499' title='bbox 1184 3349 1242 3409; x_wconf 90' lang='lat' dir='ltr'><strong>in</strong></span> <span class='ocrx_word' id='word_1_500' title='bbox 1275 3347 1449 3409; x_wconf 66' lang='lat' dir='ltr'><strong>caelos</strong></span> <span class='ocrx_word' id='word_1_501' title='bbox 1481 3348 1878 3410; x_wconf 83' lang='lat' dir='ltr'><strong>extollebatur</strong></span> <span class='ocrx_word' id='word_1_502' title='bbox 1907 3350 2125 3424; x_wconf 91' lang='lat' dir='ltr'><strong>anima,</strong></span> 
     </span>
    </p>
   </div>
   <div class='ocr_carea' id='block_1_69' title="bbox 2212 3347 3832 3434">
    <p class='ocr_par' dir='ltr' id='par_1_69' title="bbox 2212 3350 3832 3434">
     <span class='ocr_line' id='line_1_69' title="bbox 2212 3350 3832 3434; baseline -0.001 -26"><span class='ocrx_word' id='word_1_503' title='bbox 2212 3374 2301 3416; x_wconf 87' lang='grc' dir='ltr'><strong>τος</strong></span> <span class='ocrx_word' id='word_1_504' title='bbox 2355 3354 2390 3420; x_wconf 82' lang='grc' dir='ltr'>ἡ</span> <span class='ocrx_word' id='word_1_505' title='bbox 2423 3353 2577 3432; x_wconf 76' lang='grc' dir='ltr'>ψυχὴ</span> <span class='ocrx_word' id='word_1_506' title='bbox 2623 3352 2698 3408; x_wconf 79' lang='grc' dir='ltr'>ἔτι</span> <span class='ocrx_word' id='word_1_507' title='bbox 2756 3354 2842 3409; x_wconf 79' lang='grc' dir='ltr'><strong>καὶ</strong></span> <span class='ocrx_word' id='word_1_508' title='bbox 2904 3350 3108 3422; x_wconf 85' lang='grc' dir='ltr'>μᾶλλον</span> <span class='ocrx_word' id='word_1_509' title='bbox 3165 3350 3347 3430; x_wconf 79' lang='grc' dir='ltr'>ᾔρετο,</span> <span class='ocrx_word' id='word_1_510' title='bbox 3379 3355 3465 3410; x_wconf 84' lang='grc' dir='ltr'><strong>κσί</strong></span> <span class='ocrx_word' id='word_1_511' title='bbox 3521 3357 3735 3434; x_wconf 76' lang='grc' dir='ltr'>ὓψοῦτο,</span> <span class='ocrx_word' id='word_1_512' title='bbox 3764 3355 3832 3408; x_wconf 65' lang='grc' dir='ltr'>καὶ</span> 
     </span>
    </p>
   </div>
   <div class='ocr_carea' id='block_1_70' title="bbox 480 3436 2128 3522">
    <p class='ocr_par' dir='ltr' id='par_1_70' title="bbox 480 3436 2127 3518">
     <span class='ocr_line' id='line_1_70' title="bbox 480 3436 2127 3518; baseline -0.001 -13"><span class='ocrx_word' id='word_1_513' title='bbox 480 3439 714 3505; x_wconf 86' lang='lat' dir='ltr'><strong>Christo</strong></span> <span class='ocrx_word' id='word_1_514' title='bbox 741 3438 1011 3518; x_wconf 86' lang='lat' dir='ltr'><strong>angulari</strong></span> <span class='ocrx_word' id='word_1_515' title='bbox 1043 3437 1226 3518; x_wconf 90' lang='lat' dir='ltr'><strong>lapidi</strong></span> <span class='ocrx_word' id='word_1_516' title='bbox 1245 3436 1692 3516; x_wconf 88' lang='lat' dir='ltr'><strong>conjungenda.</strong></span> <span class='ocrx_word' id='word_1_517' title='bbox 1719 3437 1927 3501; x_wconf 85' lang='lat' dir='ltr'><strong>Adhuc</strong></span> <span class='ocrx_word' id='word_1_518' title='bbox 1959 3441 2127 3502; x_wconf 86' lang='lat' dir='ltr'><strong>vehe-</strong></span> 
     </span>
    </p>
   </div>
   <div class='ocr_carea' id='block_1_71' title="bbox 2212 3436 3830 3522">
    <p class='ocr_par' dir='ltr' id='par_1_71' title="bbox 2213 3441 3830 3522">
     <span class='ocr_line' id='line_1_71' title="bbox 2213 3441 3830 3522; baseline -0.001 -23"><span class='ocrx_word' id='word_1_519' title='bbox 2213 3443 2343 3521; x_wconf 83' lang='grc' dir='ltr'>πρὸς</span> <span class='ocrx_word' id='word_1_520' title='bbox 2403 3444 2650 3520; x_wconf 75' lang='grc' dir='ltr'>οὐρανοὺς</span> <span class='ocrx_word' id='word_1_521' title='bbox 2680 3442 2981 3522; x_wconf 79' lang='grc' dir='ltr'>ἀνεφέρετο,</span> <span class='ocrx_word' id='word_1_522' title='bbox 3019 3448 3094 3514; x_wconf 88' lang='grc' dir='ltr'>τῷ</span> <span class='ocrx_word' id='word_1_523' title='bbox 3145 3441 3512 3520; x_wconf 69' lang='grc' dir='ltr'>ἆκρογωνιαίῳ</span> <span class='ocrx_word' id='word_1_524' title='bbox 3544 3443 3668 3519; x_wconf 80' lang='grc' dir='ltr'>λίθῳ</span> <span class='ocrx_word' id='word_1_525' title='bbox 3721 3451 3830 3520; x_wconf 84' lang='grc' dir='ltr'>Χρι-</span> 
     </span>
    </p>
   </div>
   <div class='ocr_carea' id='block_1_72' title="bbox 479 3524 2128 3611">
    <p class='ocr_par' dir='ltr' id='par_1_72' title="bbox 479 3524 2126 3599">
     <span class='ocr_line' id='line_1_72' title="bbox 479 3524 2126 3599; baseline -0.001 -7"><span class='ocrx_word' id='word_1_526' title='bbox 479 3536 718 3592; x_wconf 87' lang='lat' dir='ltr'><strong>menter</strong></span> <span class='ocrx_word' id='word_1_527' title='bbox 746 3527 1116 3589; x_wconf 88' lang='lat' dir='ltr'><strong>irascebatur</strong></span> <span class='ocrx_word' id='word_1_528' title='bbox 1149 3525 1554 3589; x_wconf 73' lang='lat' dir='ltr'><strong>Maximianus.</strong></span> <span class='ocrx_word' id='word_1_529' title='bbox 1613 3524 1904 3599; x_wconf 87' lang='lat' dir='ltr'><strong>Quocirca</strong></span> <span class='ocrx_word' id='word_1_530' title='bbox 1937 3527 2126 3590; x_wconf 84' lang='lat' dir='ltr'><strong>Doro-</strong></span> 
     </span>
    </p>
   </div>
   <div class='ocr_carea' id='block_1_73' title="bbox 2212 3524 3828 3611">
    <p class='ocr_par' dir='ltr' id='par_1_73' title="bbox 2213 3529 3828 3611">
     <span class='ocr_line' id='line_1_73' title="bbox 2213 3529 3828 3611; baseline 0 -25"><span class='ocrx_word' id='word_1_531' title='bbox 2213 3536 2322 3604; x_wconf 87' lang='grc' dir='ltr'>στῷ</span> <span class='ocrx_word' id='word_1_532' title='bbox 2381 3531 2846 3611; x_wconf 81' lang='grc' dir='ltr'>συναφθῆσομένη,</span> <span class='ocrx_word' id='word_1_533' title='bbox 2879 3529 3000 3588; x_wconf 83' lang='grc' dir='ltr'>’Έτι</span> <span class='ocrx_word' id='word_1_534' title='bbox 3055 3529 3369 3605; x_wconf 65' lang='grc' dir='ltr'>Μαξιμιανῷ</span> <span class='ocrx_word' id='word_1_535' title='bbox 3398 3533 3568 3598; x_wconf 87' lang='grc' dir='ltr'>πολὺς</span> <span class='ocrx_word' id='word_1_536' title='bbox 3598 3537 3624 3590; x_wconf 89' lang='lat'><strong>6</strong></span> <span class='ocrx_word' id='word_1_537' title='bbox 3665 3531 3828 3607; x_wconf 82' lang='grc' dir='ltr'>θυμός”</span> 
     </span>
    </p>
   </div>
   <div class='ocr_carea' id='block_1_74' title="bbox 478 3617 2128 3699">
    <p class='ocr_par' dir='ltr' id='par_1_74' title="bbox 478 3617 2128 3690">
     <span class='ocr_line' id='line_1_74' title="bbox 478 3617 2128 3690; baseline -0.002 -9"><span class='ocrx_word' id='word_1_538' title='bbox 478 3621 678 3681; x_wconf 87' lang='lat' dir='ltr'><strong>theum</strong></span> <span class='ocrx_word' id='word_1_539' title='bbox 701 3634 831 3678; x_wconf 88' lang='lat' dir='ltr'><strong>cum</strong></span> <span class='ocrx_word' id='word_1_540' title='bbox 864 3619 984 3676; x_wconf 89' lang='lat' dir='ltr'><strong>suis</strong></span> <span class='ocrx_word' id='word_1_541' title='bbox 1011 3617 1346 3690; x_wconf 85' lang='lat' dir='ltr'><strong>multiplicia</strong></span> <span class='ocrx_word' id='word_1_542' title='bbox 1377 3633 1650 3688; x_wconf 72' lang='lat' dir='ltr'><strong>excepere</strong></span> <span class='ocrx_word' id='word_1_543' title='bbox 1670 3619 1972 3690; x_wconf 85' lang='lat' dir='ltr'><strong>supplicia.</strong></span> <span class='ocrx_word' id='word_1_544' title='bbox 2008 3621 2128 3678; x_wconf 87' lang='lat' dir='ltr'><strong>Illis</strong></span> 
     </span>
    </p>
   </div>
   <div class='ocr_carea' id='block_1_75' title="bbox 2212 3617 3828 3699">
    <p class='ocr_par' dir='ltr' id='par_1_75' title="bbox 2212 3619 3828 3699">
     <span class='ocr_line' id='line_1_75' title="bbox 2212 3619 3828 3699; baseline 0 -23"><span class='ocrx_word' id='word_1_545' title='bbox 2212 3619 2291 3677; x_wconf 81' lang='grc' dir='ltr'><strong>διὸ</strong></span> <span class='ocrx_word' id='word_1_546' title='bbox 2344 3622 2431 3677; x_wconf 84' lang='grc' dir='ltr'><strong>καὶ</strong></span> <span class='ocrx_word' id='word_1_547' title='bbox 2460 3621 2583 3684; x_wconf 87' lang='grc' dir='ltr'>τοὺς</span> <span class='ocrx_word' id='word_1_548' title='bbox 2641 3622 2757 3696; x_wconf 83' lang='grc' dir='ltr'>περὶ</span> <span class='ocrx_word' id='word_1_549' title='bbox 2793 3621 3060 3699; x_wconf 84' lang='grc' dir='ltr'>Δωρόθεον</span> <span class='ocrx_word' id='word_1_550' title='bbox 3109 3621 3329 3696; x_wconf 85' lang='grc' dir='ltr'>βάσανοι</span> <span class='ocrx_word' id='word_1_551' title='bbox 3361 3621 3662 3685; x_wconf 81' lang='grc' dir='ltr'>πολυειδεῖς</span> <span class='ocrx_word' id='word_1_552' title='bbox 3709 3643 3828 3698; x_wconf 84' lang='grc' dir='ltr'>παρ-</span> 
     </span>
    </p>
   </div>
   <div class='ocr_carea' id='block_1_76' title="bbox 473 3702 2128 3789">
    <p class='ocr_par' dir='ltr' id='par_1_76' title="bbox 473 3702 2127 3784">
     <span class='ocr_line' id='line_1_76' title="bbox 473 3702 2127 3784; baseline -0.001 -16"><span class='ocrx_word' id='word_1_553' title='bbox 473 3723 620 3768; x_wconf 83' lang='lat' dir='ltr'><strong>vero</strong></span> <span class='ocrx_word' id='word_1_554' title='bbox 651 3705 899 3767; x_wconf 90' lang='lat' dir='ltr'><strong>minime</strong></span> <span class='ocrx_word' id='word_1_555' title='bbox 931 3710 1219 3784; x_wconf 85' lang='lat' dir='ltr'><strong>perpetua</strong></span> <span class='ocrx_word' id='word_1_556' title='bbox 1248 3702 1437 3765; x_wconf 81' lang='lat' dir='ltr'><strong>defuit</strong></span> <span class='ocrx_word' id='word_1_557' title='bbox 1465 3703 2127 3774; x_wconf 83' lang='lat' dir='ltr'><strong>constantia,Christum</strong></span> 
     </span>
    </p>
   </div>
   <div class='ocr_carea' id='block_1_77' title="bbox 2212 3702 3827 3789">
    <p class='ocr_par' dir='ltr' id='par_1_77' title="bbox 2213 3706 3827 3789">
     <span class='ocr_line' id='line_1_77' title="bbox 2213 3706 3827 3789; baseline -0.003 -23"><span class='ocrx_word' id='word_1_558' title='bbox 2213 3708 2535 3783; x_wconf 80' lang='grc' dir='ltr'>ελάμϐανον,</span> <span class='ocrx_word' id='word_1_559' title='bbox 2581 3709 2678 3768; x_wconf 82' lang='grc' dir='ltr'><strong>Καὶ</strong></span> <span class='ocrx_word' id='word_1_560' title='bbox 2729 3722 2845 3772; x_wconf 78' lang='grc' dir='ltr'>τοῖς</span> <span class='ocrx_word' id='word_1_561' title='bbox 2878 3710 2976 3783; x_wconf 78' lang='grc' dir='ltr'>μὲν</span> <span class='ocrx_word' id='word_1_562' title='bbox 3037 3706 3248 3784; x_wconf 86' lang='grc' dir='ltr'>δημίοις</span> <span class='ocrx_word' id='word_1_563' title='bbox 3281 3711 3332 3765; x_wconf 85' lang='grc' dir='ltr'>αἱ</span> <span class='ocrx_word' id='word_1_564' title='bbox 3381 3724 3571 3789; x_wconf 76' lang='grc' dir='ltr'>χεῖρες</span> <span class='ocrx_word' id='word_1_565' title='bbox 3604 3711 3827 3786; x_wconf 79' lang='grc' dir='ltr'>ἔκαμνον,</span> 
     </span>
    </p>
   </div>
   <div class='ocr_carea' id='block_1_78' title="bbox 477 3791 2128 3877">
    <p class='ocr_par' dir='ltr' id='par_1_78' title="bbox 477 3791 2128 3873">
     <span class='ocr_line' id='line_1_78' title="bbox 477 3791 2128 3873; baseline -0.001 -16"><span class='ocrx_word' id='word_1_566' title='bbox 477 3792 916 3873; x_wconf 86' lang='lat' dir='ltr'><strong>invocantibus,</strong></span> <span class='ocrx_word' id='word_1_567' title='bbox 951 3799 1012 3854; x_wconf 89' lang='lat' dir='ltr'><strong>et</strong></span> <span class='ocrx_word' id='word_1_568' title='bbox 1037 3797 1330 3854; x_wconf 90' lang='lat' dir='ltr'><strong>tormenta</strong></span> <span class='ocrx_word' id='word_1_569' title='bbox 1362 3799 1420 3853; x_wconf 89' lang='lat' dir='ltr'><strong>et</strong></span> <span class='ocrx_word' id='word_1_570' title='bbox 1439 3791 1590 3854; x_wconf 83' lang='lat' dir='ltr'><strong>levia</strong></span> <span class='ocrx_word' id='word_1_571' title='bbox 1619 3800 1678 3853; x_wconf 91' lang='lat' dir='ltr'><strong>et</strong></span> <span class='ocrx_word' id='word_1_572' title='bbox 1704 3791 2002 3854; x_wconf 89' lang='lat' dir='ltr'><strong>imbecilla</strong></span> <span class='ocrx_word' id='word_1_573' title='bbox 2027 3795 2128 3855; x_wconf 81' lang='lat' dir='ltr'><strong>mi-</strong></span> 
     </span>
    </p>
   </div>
   <div class='ocr_carea' id='block_1_79' title="bbox 2212 3791 3830 3877">
    <p class='ocr_par' dir='ltr' id='par_1_79' title="bbox 2213 3795 3830 3877">
     <span class='ocr_line' id='line_1_79' title="bbox 2213 3795 3830 3877; baseline -0.002 -23"><span class='ocrx_word' id='word_1_574' title='bbox 2213 3799 2430 3862; x_wconf 72' lang='grc' dir='ltr'>ἐκείνοις</span> <span class='ocrx_word' id='word_1_575' title='bbox 2489 3795 2542 3853; x_wconf 77' lang='grc' dir='ltr'><strong>δὲ</strong></span> <span class='ocrx_word' id='word_1_576' title='bbox 2574 3799 2608 3865; x_wconf 78' lang='grc' dir='ltr'><strong>ἡ</strong></span> <span class='ocrx_word' id='word_1_577' title='bbox 2670 3798 2907 3864; x_wconf 81' lang='grc' dir='ltr'>ἔνστασις</span> <span class='ocrx_word' id='word_1_578' title='bbox 2967 3796 3210 3871; x_wconf 69' lang='grc' dir='ltr'>οίιδαμὼς</span> <span class='ocrx_word' id='word_1_579' title='bbox 3271 3797 3457 3877; x_wconf 81' lang='grc' dir='ltr'>ἒληγε,</span> <span class='ocrx_word' id='word_1_580' title='bbox 3493 3801 3584 3856; x_wconf 77' lang='grc' dir='ltr'><strong>τὸν</strong></span> <span class='ocrx_word' id='word_1_581' title='bbox 3639 3797 3830 3877; x_wconf 80' lang='grc' dir='ltr'>βασιλέα</span> 
     </span>
    </p>
   </div>
   <div class='ocr_carea' id='block_1_80' title="bbox 478 3879 2128 3967">
    <p class='ocr_par' dir='ltr' id='par_1_80' title="bbox 478 3879 2128 3962">
     <span class='ocr_line' id='line_1_80' title="bbox 478 3879 2128 3962; baseline -0.001 -17"><span class='ocrx_word' id='word_1_582' title='bbox 478 3882 642 3945; x_wconf 86' lang='lat' dir='ltr'><strong>nime</strong></span> <span class='ocrx_word' id='word_1_583' title='bbox 671 3881 1043 3960; x_wconf 87' lang='lat' dir='ltr'><strong>curantibus,</strong></span> <span class='ocrx_word' id='word_1_584' title='bbox 1076 3879 1165 3942; x_wconf 91' lang='lat' dir='ltr'><strong>vel</strong></span> <span class='ocrx_word' id='word_1_585' title='bbox 1196 3879 1394 3961; x_wconf 79' lang='lat' dir='ltr'><strong>potius</strong></span> <span class='ocrx_word' id='word_1_586' title='bbox 1450 3881 1860 3961; x_wconf 87' lang='lat' dir='ltr'><strong>reputantibus</strong></span> <span class='ocrx_word' id='word_1_587' title='bbox 1889 3881 1990 3943; x_wconf 90' lang='lat' dir='ltr'><strong>illa</strong></span> <span class='ocrx_word' id='word_1_588' title='bbox 2025 3901 2128 3962; x_wconf 92' lang='lat' dir='ltr'><strong>pro</strong></span> 
     </span>
    </p>
   </div>
   <div class='ocr_carea' id='block_1_81' title="bbox 2212 3879 3828 3967">
    <p class='ocr_par' dir='ltr' id='par_1_81' title="bbox 2213 3886 3828 3967">
     <span class='ocr_line' id='line_1_81' title="bbox 2213 3886 3828 3967; baseline -0.001 -23"><span class='ocrx_word' id='word_1_589' title='bbox 2213 3886 2590 3960; x_wconf 76' lang='grc' dir='ltr'>ἑπιϐοπμένοις</span> <span class='ocrx_word' id='word_1_590' title='bbox 2647 3889 2892 3966; x_wconf 82' lang='grc' dir='ltr'>Χριστὸν.</span> <span class='ocrx_word' id='word_1_591' title='bbox 2927 3889 3013 3943; x_wconf 81' lang='grc' dir='ltr'>καὶ</span> <span class='ocrx_word' id='word_1_592' title='bbox 3071 3892 3176 3942; x_wconf 81' lang='grc' dir='ltr'><strong>τῶν</strong></span> <span class='ocrx_word' id='word_1_593' title='bbox 3219 3888 3466 3964; x_wconf 76' lang='grc' dir='ltr'>βασάνων</span> <span class='ocrx_word' id='word_1_594' title='bbox 3492 3890 3586 3946; x_wconf 81' lang='grc' dir='ltr'>οἷα</span> <span class='ocrx_word' id='word_1_595' title='bbox 3644 3887 3828 3967; x_wconf 81' lang='grc' dir='ltr'>φαύλων</span> 
     </span>
    </p>
   </div>
   <div class='ocr_carea' id='block_1_82' title="bbox 478 3968 2128 4053">
    <p class='ocr_par' dir='ltr' id='par_1_82' title="bbox 478 3968 2128 4050">
     <span class='ocr_line' id='line_1_82' title="bbox 478 3968 2128 4050; baseline -0.001 -17"><span class='ocrx_word' id='word_1_596' title='bbox 478 3970 796 4037; x_wconf 87' lang='lat' dir='ltr'><strong>deliciis.et</strong></span> <span class='ocrx_word' id='word_1_597' title='bbox 819 3977 1070 4050; x_wconf 80' lang='lat' dir='ltr'><strong>tyranno</strong></span> <span class='ocrx_word' id='word_1_598' title='bbox 1087 3968 1452 4049; x_wconf 89' lang='lat' dir='ltr'><strong>impietatem</strong></span> <span class='ocrx_word' id='word_1_599' title='bbox 1477 3969 1754 4031; x_wconf 85' lang='lat' dir='ltr'><strong>acerbius</strong></span> <span class='ocrx_word' id='word_1_600' title='bbox 1773 3970 2128 4050; x_wconf 85' lang='lat' dir='ltr'><strong>exprobran-</strong></span> 
     </span>
    </p>
   </div>
   <div class='ocr_carea' id='block_1_83' title="bbox 2212 3968 3828 4053">
    <p class='ocr_par' dir='ltr' id='par_1_83' title="bbox 2212 3974 3828 4053">
     <span class='ocr_line' id='line_1_83' title="bbox 2212 3974 3828 4053; baseline -0.002 -22"><span class='ocrx_word' id='word_1_601' title='bbox 2212 3977 2297 4031; x_wconf 81' lang='grc' dir='ltr'>καὶ</span> <span class='ocrx_word' id='word_1_602' title='bbox 2331 3975 2561 4031; x_wconf 67' lang='grc' dir='ltr'>ἂσθειῶθ</span> <span class='ocrx_word' id='word_1_603' title='bbox 2621 3975 2816 4042; x_wconf 72' lang='grc' dir='ltr'>ἣκιστα</span> <span class='ocrx_word' id='word_1_604' title='bbox 2860 3974 3351 4053; x_wconf 72' lang='grc' dir='ltr'>ἐπιστρεφομένοις,</span> <span class='ocrx_word' id='word_1_605' title='bbox 3397 3975 3604 4051; x_wconf 81' lang='grc' dir='ltr'>μᾶλλον</span> <span class='ocrx_word' id='word_1_606' title='bbox 3660 3975 3708 4033; x_wconf 82' lang='grc' dir='ltr'><strong>δὲ</strong></span> <span class='ocrx_word' id='word_1_607' title='bbox 3758 3977 3828 4031; x_wconf 81' lang='grc' dir='ltr'><strong>καὶ</strong></span> 
     </span>
    </p>
   </div>
   <div class='ocr_carea' id='block_1_84' title="bbox 478 4057 2128 4145">
    <p class='ocr_par' dir='ltr' id='par_1_84' title="bbox 478 4057 2128 4139">
     <span class='ocr_line' id='line_1_84' title="bbox 478 4057 2128 4139; baseline -0.001 -17"><span class='ocrx_word' id='word_1_608' title='bbox 478 4059 662 4122; x_wconf 88' lang='lat' dir='ltr'><strong>tibus.</strong></span> <span class='ocrx_word' id='word_1_609' title='bbox 694 4057 1092 4131; x_wconf 88' lang='lat' dir='ltr'><strong>Quamobrem</strong></span> <span class='ocrx_word' id='word_1_610' title='bbox 1127 4057 1228 4120; x_wconf 89' lang='lat' dir='ltr'><strong>ille</strong></span> <span class='ocrx_word' id='word_1_611' title='bbox 1255 4059 1374 4137; x_wconf 88' lang='lat' dir='ltr'><strong>jam</strong></span> <span class='ocrx_word' id='word_1_612' title='bbox 1406 4057 1701 4139; x_wconf 82' lang='lat' dir='ltr'><strong>defessus,</strong></span> <span class='ocrx_word' id='word_1_613' title='bbox 1732 4063 2128 4122; x_wconf 79' lang='lat' dir='ltr'><strong>communiter</strong></span> 
     </span>
    </p>
   </div>
   <div class='ocr_carea' id='block_1_85' title="bbox 2212 4057 3818 4145">
    <p class='ocr_par' dir='ltr' id='par_1_85' title="bbox 2212 4063 3818 4145">
     <span class='ocr_line' id='line_1_85' title="bbox 2212 4063 3818 4145; baseline -0.002 -24"><span class='ocrx_word' id='word_1_614' title='bbox 2212 4067 2282 4128; x_wconf 80' lang='grc' dir='ltr'>ὡς</span> <span class='ocrx_word' id='word_1_615' title='bbox 2340 4066 2538 4145; x_wconf 75' lang='grc' dir='ltr'>τρυφὰς</span> <span class='ocrx_word' id='word_1_616' title='bbox 2568 4064 2768 4129; x_wconf 78' lang='grc' dir='ltr'>ὲκείνας</span> <span class='ocrx_word' id='word_1_617' title='bbox 2827 4063 3190 4142; x_wconf 77' lang='grc' dir='ltr'>λογιζομένοις</span> <span class='ocrx_word' id='word_1_618' title='bbox 3221 4066 3308 4121; x_wconf 85' lang='grc' dir='ltr'><strong>καὶ</strong></span> <span class='ocrx_word' id='word_1_619' title='bbox 3361 4073 3438 4141; x_wconf 84' lang='grc' dir='ltr'>τῷ</span> <span class='ocrx_word' id='word_1_620' title='bbox 3466 4068 3696 4144; x_wconf 71' lang='grc' dir='ltr'>τυράννῳ</span> <span class='ocrx_word' id='word_1_621' title='bbox 3743 4087 3818 4119; x_wconf 79' lang='grc' dir='ltr'><strong>πι-</strong></span> 
     </span>
    </p>
   </div>
   <div class='ocr_carea' id='block_1_86' title="bbox 478 4146 2128 4233">
    <p class='ocr_par' dir='ltr' id='par_1_86' title="bbox 478 4146 2122 4230">
     <span class='ocr_line' id='line_1_86' title="bbox 478 4146 2122 4230; baseline 0.001 -20"><span class='ocrx_word' id='word_1_622' title='bbox 478 4147 722 4230; x_wconf 85' lang='lat' dir='ltr'><strong>quidem</strong></span> <span class='ocrx_word' id='word_1_623' title='bbox 755 4165 966 4209; x_wconf 90' lang='lat' dir='ltr'><strong>omnes</strong></span> <span class='ocrx_word' id='word_1_624' title='bbox 997 4155 1189 4208; x_wconf 90' lang='lat' dir='ltr'><strong>morte</strong></span> <span class='ocrx_word' id='word_1_625' title='bbox 1217 4146 1602 4220; x_wconf 89' lang='lat' dir='ltr'><strong>condemnat,</strong></span> <span class='ocrx_word' id='word_1_626' title='bbox 1636 4147 1900 4209; x_wconf 89' lang='lat' dir='ltr'><strong>diversas</strong></span> <span class='ocrx_word' id='word_1_627' title='bbox 1929 4155 2122 4211; x_wconf 90' lang='lat' dir='ltr'><strong>autem</strong></span> 
     </span>
    </p>
   </div>
   <div class='ocr_carea' id='block_1_87' title="bbox 2212 4146 3818 4233">
    <p class='ocr_par' dir='ltr' id='par_1_87' title="bbox 2212 4150 3818 4233">
     <span class='ocr_line' id='line_1_87' title="bbox 2212 4150 3818 4233; baseline -0.001 -23"><span class='ocrx_word' id='word_1_628' title='bbox 2212 4154 2455 4230; x_wconf 87' lang='grc' dir='ltr'>κρότερον</span> <span class='ocrx_word' id='word_1_629' title='bbox 2486 4153 2584 4219; x_wconf 76' lang='grc' dir='ltr'><strong>τὴν</strong></span> <span class='ocrx_word' id='word_1_630' title='bbox 2619 4150 2864 4209; x_wconf 75' lang='grc' dir='ltr'>ἀσέϐειαν</span> <span class='ocrx_word' id='word_1_631' title='bbox 2922 4150 3288 4223; x_wconf 69' lang='grc' dir='ltr'>ὀνειδίζουσιν,</span> <span class='ocrx_word' id='word_1_632' title='bbox 3323 4151 3444 4233; x_wconf 82' lang='grc' dir='ltr'><strong>Ἐφ’</strong></span> <span class='ocrx_word' id='word_1_633' title='bbox 3496 4156 3584 4219; x_wconf 76' lang='grc' dir='ltr'><strong>οἷς</strong></span> <span class='ocrx_word' id='word_1_634' title='bbox 3614 4155 3695 4211; x_wconf 79' lang='grc' dir='ltr'><strong>καὶ</strong></span> <span class='ocrx_word' id='word_1_635' title='bbox 3739 4155 3818 4209; x_wconf 69' lang='grc' dir='ltr'>αὖε</span> 
     </span>
    </p>
   </div>
   <div class='ocr_carea' id='block_1_88' title="bbox 478 4234 2128 4319">
    <p class='ocr_par' dir='ltr' id='par_1_88' title="bbox 478 4234 2125 4319">
     <span class='ocr_line' id='line_1_88' title="bbox 478 4234 2125 4319; baseline 0.001 -21"><span class='ocrx_word' id='word_1_636' title='bbox 478 4237 826 4319; x_wconf 89' lang='lat' dir='ltr'><strong>pronuntiat</strong></span> <span class='ocrx_word' id='word_1_637' title='bbox 843 4234 1504 4314; x_wconf 84' lang='lat' dir='ltr'><strong>sententias,Dorotheo</strong></span> <span class='ocrx_word' id='word_1_638' title='bbox 1520 4236 1759 4316; x_wconf 90' lang='lat' dir='ltr'><strong>quidem</strong></span> <span class='ocrx_word' id='word_1_639' title='bbox 1787 4254 1932 4298; x_wconf 89' lang='lat' dir='ltr'><strong>ense</strong></span> <span class='ocrx_word' id='word_1_640' title='bbox 1949 4251 2125 4319; x_wconf 86' lang='lat' dir='ltr'><strong>caput</strong></span> 
     </span>
    </p>
   </div>
   <div class='ocr_carea' id='block_1_89' title="bbox 2212 4234 3818 4319">
    <p class='ocr_par' dir='ltr' id='par_1_89' title="bbox 2212 4241 3818 4319">
     <span class='ocr_line' id='line_1_89' title="bbox 2212 4241 3818 4319; baseline 0.001 -21"><span class='ocrx_word' id='word_1_641' title='bbox 2212 4244 2298 4308; x_wconf 79' lang='grc' dir='ltr'>τὸς</span> <span class='ocrx_word' id='word_1_642' title='bbox 2353 4241 2455 4309; x_wconf 65' lang='grc' dir='ltr'>ἤδη</span> <span class='ocrx_word' id='word_1_643' title='bbox 2507 4243 2718 4316; x_wconf 83' lang='grc' dir='ltr'>καμὼν,</span> <span class='ocrx_word' id='word_1_644' title='bbox 2755 4241 3145 4319; x_wconf 77' lang='grc' dir='ltr'>ἀπαγορεύσας,</span> <span class='ocrx_word' id='word_1_645' title='bbox 3181 4243 3242 4297; x_wconf 82' lang='grc' dir='ltr'>τὸ</span> <span class='ocrx_word' id='word_1_646' title='bbox 3290 4243 3388 4316; x_wconf 77' lang='grc' dir='ltr'>μὲν</span> <span class='ocrx_word' id='word_1_647' title='bbox 3437 4247 3619 4300; x_wconf 79' lang='grc' dir='ltr'>θανεῖν</span> <span class='ocrx_word' id='word_1_648' title='bbox 3658 4245 3818 4300; x_wconf 80' lang='grc' dir='ltr'>κοινῶς</span> 
     </span>
    </p>
   </div>
   <div class='ocr_carea' id='block_1_90' title="bbox 477 4324 2128 4411">
    <p class='ocr_par' dir='ltr' id='par_1_90' title="bbox 477 4324 2125 4407">
     <span class='ocr_line' id='line_1_90' title="bbox 477 4324 2125 4407; baseline -0.001 -18"><span class='ocrx_word' id='word_1_649' title='bbox 477 4325 798 4407; x_wconf 83' lang='lat' dir='ltr'><strong>amputari,</strong></span> <span class='ocrx_word' id='word_1_650' title='bbox 833 4324 1206 4389; x_wconf 89' lang='lat' dir='ltr'><strong>Mardonium</strong></span> <span class='ocrx_word' id='word_1_651' title='bbox 1259 4331 1455 4386; x_wconf 91' lang='lat' dir='ltr'><strong>autem</strong></span> <span class='ocrx_word' id='word_1_652' title='bbox 1511 4325 1701 4385; x_wconf 72' lang='lat' dir='ltr'><strong>vivum</strong></span> <span class='ocrx_word' id='word_1_653' title='bbox 1752 4327 2030 4400; x_wconf 90' lang='lat' dir='ltr'><strong>cremari,</strong></span> <span class='ocrx_word' id='word_1_654' title='bbox 2067 4337 2125 4389; x_wconf 86' lang='lat' dir='ltr'><strong>et</strong></span> 
     </span>
    </p>
   </div>
   <div class='ocr_carea' id='block_1_91' title="bbox 2212 4324 3815 4411">
    <p class='ocr_par' dir='ltr' id='par_1_91' title="bbox 2212 4328 3815 4411">
     <span class='ocr_line' id='line_1_91' title="bbox 2212 4328 3815 4411; baseline -0.002 -25"><span class='ocrx_word' id='word_1_655' title='bbox 2212 4330 2457 4388; x_wconf 73' lang='grc' dir='ltr'>ἀπαντῶν</span> <span class='ocrx_word' id='word_1_656' title='bbox 2506 4332 2953 4409; x_wconf 79' lang='grc' dir='ltr'>καταψηφίζεται,</span> <span class='ocrx_word' id='word_1_657' title='bbox 2987 4329 3264 4409; x_wconf 79' lang='grc' dir='ltr'>διαφόρους</span> <span class='ocrx_word' id='word_1_658' title='bbox 3317 4328 3370 4387; x_wconf 71' lang='grc' dir='ltr'>δὲ</span> <span class='ocrx_word' id='word_1_659' title='bbox 3402 4333 3496 4396; x_wconf 77' lang='grc' dir='ltr'><strong>τας</strong></span> <span class='ocrx_word' id='word_1_660' title='bbox 3555 4331 3815 4411; x_wconf 75' lang='grc' dir='ltr'>ἀποφάσεις</span> 
     </span>
    </p>
   </div>
   <div class='ocr_carea' id='block_1_92' title="bbox 473 4412 2128 4504">
    <p class='ocr_par' dir='ltr' id='par_1_92' title="bbox 473 4412 2120 4504">
     <span class='ocr_line' id='line_1_92' title="bbox 473 4412 2120 4504; baseline 0.001 -28"><span class='ocrx_word' id='word_1_661' title='bbox 473 4415 937 4504; x_wconf 76' lang='lat' dir='ltr'><strong>Mygdoniumin</strong></span> <span class='ocrx_word' id='word_1_662' title='bbox 961 4415 1177 4504; x_wconf 87' lang='lat' dir='ltr'><strong>fossam</strong></span> <span class='ocrx_word' id='word_1_663' title='bbox 1205 4414 1533 4494; x_wconf 84' lang='lat' dir='ltr'><strong>projectum</strong></span> <span class='ocrx_word' id='word_1_664' title='bbox 1550 4412 2120 4504; x_wconf 65' lang='lat' dir='ltr'><strong>_obr_ui,Gorgonium</strong></span> 
     </span>
    </p>
   </div>
   <div class='ocr_carea' id='block_1_93' title="bbox 2212 4412 3813 4504">
    <p class='ocr_par' dir='ltr' id='par_1_93' title="bbox 2212 4418 3813 4500">
     <span class='ocr_line' id='line_1_93' title="bbox 2212 4418 3813 4500; baseline -0.001 -26"><span class='ocrx_word' id='word_1_665' title='bbox 2212 4419 2436 4500; x_wconf 73' lang='grc' dir='ltr'>ἐκφέρει,</span> <span class='ocrx_word' id='word_1_666' title='bbox 2477 4421 2739 4498; x_wconf 83' lang='grc' dir='ltr'>Δωρόθεον</span> <span class='ocrx_word' id='word_1_667' title='bbox 2783 4419 2881 4493; x_wconf 79' lang='grc' dir='ltr'>μὲν</span> <span class='ocrx_word' id='word_1_668' title='bbox 2937 4418 3066 4498; x_wconf 80' lang='grc' dir='ltr'>ξίφει</span> <span class='ocrx_word' id='word_1_669' title='bbox 3125 4420 3224 4486; x_wconf 77' lang='grc' dir='ltr'>τὴν</span> <span class='ocrx_word' id='word_1_670' title='bbox 3276 4419 3513 4497; x_wconf 72' lang='grc' dir='ltr'>κεφαλὴν</span> <span class='ocrx_word' id='word_1_671' title='bbox 3568 4418 3813 4496; x_wconf 65' lang='grc' dir='ltr'>ἐκτμηθῆ-</span> 
     </span>
    </p>
   </div>
   <div class='ocr_carea' id='block_1_94' title="bbox 473 4501 2128 4589">
    <p class='ocr_par' dir='ltr' id='par_1_94' title="bbox 473 4501 2124 4584">
     <span class='ocr_line' id='line_1_94' title="bbox 473 4501 2124 4584; baseline 0 -18"><span class='ocrx_word' id='word_1_672' title='bbox 473 4521 620 4566; x_wconf 88' lang='lat' dir='ltr'><strong>vero</strong></span> <span class='ocrx_word' id='word_1_673' title='bbox 680 4511 740 4565; x_wconf 92' lang='lat' dir='ltr'><strong>et</strong></span> <span class='ocrx_word' id='word_1_674' title='bbox 767 4502 977 4566; x_wconf 90' lang='lat' dir='ltr'><strong>Indem</strong></span> <span class='ocrx_word' id='word_1_675' title='bbox 1028 4510 1087 4565; x_wconf 87' lang='lat' dir='ltr'><strong>et</strong></span> <span class='ocrx_word' id='word_1_676' title='bbox 1140 4503 1411 4580; x_wconf 87' lang='lat' dir='ltr'><strong>Petrum,</strong></span> <span class='ocrx_word' id='word_1_677' title='bbox 1449 4501 1774 4563; x_wconf 88' lang='lat' dir='ltr'><strong>molaribus</strong></span> <span class='ocrx_word' id='word_1_678' title='bbox 1826 4502 2124 4584; x_wconf 89' lang='lat' dir='ltr'><strong>lapidibus</strong></span> 
     </span>
    </p>
   </div>
   <div class='ocr_carea' id='block_1_95' title="bbox 2212 4501 3813 4589">
    <p class='ocr_par' dir='ltr' id='par_1_95' title="bbox 2212 4505 3813 4589">
     <span class='ocr_line' id='line_1_95' title="bbox 2212 4505 3813 4589; baseline -0.001 -26"><span class='ocrx_word' id='word_1_679' title='bbox 2212 4531 2315 4583; x_wconf 88' lang='grc' dir='ltr'>ναι,</span> <span class='ocrx_word' id='word_1_680' title='bbox 2356 4507 2644 4586; x_wconf 81' lang='grc' dir='ltr'>Μαρδόνιον</span> <span class='ocrx_word' id='word_1_681' title='bbox 2692 4507 2746 4564; x_wconf 81' lang='grc' dir='ltr'><strong>δὲ</strong></span> <span class='ocrx_word' id='word_1_682' title='bbox 2775 4510 2948 4579; x_wconf 82' lang='grc' dir='ltr'>ζῶντα</span> <span class='ocrx_word' id='word_1_683' title='bbox 3005 4510 3283 4583; x_wconf 76' lang='grc' dir='ltr'>καυθῆναι,</span> <span class='ocrx_word' id='word_1_684' title='bbox 3317 4511 3404 4566; x_wconf 84' lang='grc' dir='ltr'><strong>καὶ</strong></span> <span class='ocrx_word' id='word_1_685' title='bbox 3436 4509 3714 4589; x_wconf 80' lang='grc' dir='ltr'>Μυγδόνιον</span> <span class='ocrx_word' id='word_1_686' title='bbox 3757 4505 3813 4563; x_wconf 74' lang='grc' dir='ltr'>εἷς</span> 
     </span>
    </p>
   </div>
   <div class='ocr_carea' id='block_1_96' title="bbox 475 4590 2128 4677">
    <p class='ocr_par' dir='ltr' id='par_1_96' title="bbox 475 4590 2118 4675">
     <span class='ocr_line' id='line_1_96' title="bbox 475 4590 2118 4675; baseline 0.001 -22"><span class='ocrx_word' id='word_1_687' title='bbox 475 4609 683 4654; x_wconf 89' lang='lat' dir='ltr'><strong>eorum</strong></span> <span class='ocrx_word' id='word_1_688' title='bbox 736 4590 906 4653; x_wconf 90' lang='lat' dir='ltr'><strong>collis</strong></span> <span class='ocrx_word' id='word_1_689' title='bbox 933 4590 1210 4668; x_wconf 89' lang='lat' dir='ltr'><strong>alligatis,</strong></span> <span class='ocrx_word' id='word_1_690' title='bbox 1245 4590 1304 4650; x_wconf 90' lang='lat' dir='ltr'><strong>in</strong></span> <span class='ocrx_word' id='word_1_691' title='bbox 1354 4607 1516 4651; x_wconf 91' lang='lat' dir='ltr'><strong>mare</strong></span> <span class='ocrx_word' id='word_1_692' title='bbox 1539 4591 1683 4671; x_wconf 90' lang='lat' dir='ltr'><strong>jaci.</strong></span> <span class='ocrx_word' id='word_1_693' title='bbox 1728 4593 1803 4655; x_wconf 92' lang='lat' dir='ltr'><strong>Et</strong></span> <span class='ocrx_word' id='word_1_694' title='bbox 1832 4591 1912 4653; x_wconf 84' lang='lat' dir='ltr'><strong>ita</strong></span> <span class='ocrx_word' id='word_1_695' title='bbox 1960 4603 2118 4675; x_wconf 88' lang='lat' dir='ltr'><strong>sunt,</strong></span> 
     </span>
    </p>
   </div>
   <div class='ocr_carea' id='block_1_97' title="bbox 2212 4590 3811 4677">
    <p class='ocr_par' dir='ltr' id='par_1_97' title="bbox 2212 4595 3811 4677">
     <span class='ocr_line' id='line_1_97' title="bbox 2212 4595 3811 4677; baseline -0.008 -21"><span class='ocrx_word' id='word_1_696' title='bbox 2212 4597 2385 4677; x_wconf 59' lang='grc' dir='ltr'>βόθρον</span> <span class='ocrx_word' id='word_1_697' title='bbox 2443 4598 2702 4675; x_wconf 59' lang='grc' dir='ltr'>βληθέντα</span> <span class='ocrx_word' id='word_1_698' title='bbox 2773 4601 3214 4677; x_wconf 76' lang='grc' dir='ltr'>καταχωσθῆναι,</span> <span class='ocrx_word' id='word_1_699' title='bbox 3278 4600 3558 4676; x_wconf 76' lang='grc' dir='ltr'>Γοργόνων</span> <span class='ocrx_word' id='word_1_700' title='bbox 3631 4596 3681 4653; x_wconf 76' lang='grc' dir='ltr'>δὲ</span> <span class='ocrx_word' id='word_1_701' title='bbox 3744 4595 3811 4650; x_wconf 74' lang='grc' dir='ltr'>καὶ</span> 
     </span>
    </p>
   </div>
   <div class='ocr_carea' id='block_1_98' title="bbox 474 4665 2128 4766">
    <p class='ocr_par' dir='ltr' id='par_1_98' title="bbox 474 4665 2122 4766">
     <span class='ocr_line' id='line_1_98' title="bbox 474 4665 2122 4766; baseline 0.003 -24"><span class='ocrx_word' id='word_1_702' title='bbox 474 4679 904 4742; x_wconf 91' lang='lat' dir='ltr'><strong>consummatis</strong></span> <span class='ocrx_word' id='word_1_703' title='bbox 936 4665 1206 4740; x_wconf 66' lang='lat' dir='ltr'><strong>victoriis</strong></span> <span class='ocrx_word' id='word_1_704' title='bbox 1252 4678 1515 4758; x_wconf 89' lang='lat' dir='ltr'><strong>insignes</strong></span> <span class='ocrx_word' id='word_1_705' title='bbox 1540 4665 1788 4742; x_wconf 46' lang='lat' dir='ltr'><strong>&#39;Christi</strong></span> <span class='ocrx_word' id='word_1_706' title='bbox 1840 4665 2122 4763; x_wconf 78' lang='lat' dir='ltr'><strong>martyres</strong></span> 
     </span>
    </p>
   </div>
   <div class='ocr_carea' id='block_1_99' title="bbox 2212 4665 3810 4766">
    <p class='ocr_par' dir='ltr' id='par_1_99' title="bbox 2212 4665 3810 4766">
     <span class='ocr_line' id='line_1_99' title="bbox 2212 4665 3810 4766; baseline -0.002 -20"><span class='ocrx_word' id='word_1_707' title='bbox 2212 4665 2374 4754; x_wconf 45' lang='grc' dir='ltr'><strong>ἡΙνόην</strong></span> <span class='ocrx_word' id='word_1_708' title='bbox 2443 4665 2530 4744; x_wconf 70' lang='grc' dir='ltr'><strong>καὶ</strong></span> <span class='ocrx_word' id='word_1_709' title='bbox 2589 4688 2783 4765; x_wconf 88' lang='grc' dir='ltr'>Πέτρον</span> <span class='ocrx_word' id='word_1_710' title='bbox 2841 4665 3002 4750; x_wconf 64' lang='grc' dir='ltr'>λίθοις</span> <span class='ocrx_word' id='word_1_711' title='bbox 3063 4665 3312 4761; x_wconf 76' lang='grc' dir='ltr'>μυλικοτς</span> <span class='ocrx_word' id='word_1_712' title='bbox 3349 4665 3485 4750; x_wconf 48' lang='grc' dir='ltr'>’τοὺς</span> <span class='ocrx_word' id='word_1_713' title='bbox 3544 4684 3810 4766; x_wconf 74' lang='grc' dir='ltr'>τραχήλως</span> 
     </span>
    </p>
   </div>
   <div class='ocr_carea' id='block_1_100' title="bbox 473 4765 2128 4854">
    <p class='ocr_par' dir='ltr' id='par_1_100' title="bbox 473 4765 2115 4848">
     <span class='ocr_line' id='line_1_100' title="bbox 473 4765 2115 4848; baseline 0.002 -18"><span class='ocrx_word' id='word_1_714' title='bbox 473 4769 636 4831; x_wconf 87' lang='lat' dir='ltr'><strong>vario</strong></span> <span class='ocrx_word' id='word_1_715' title='bbox 659 4785 882 4848; x_wconf 79' lang='lat' dir='ltr'><strong>genere</strong></span> <span class='ocrx_word' id='word_1_716' title='bbox 904 4765 1260 4841; x_wconf 90' lang='lat' dir='ltr'><strong>mortis,una</strong></span> <span class='ocrx_word' id='word_1_717' title='bbox 1285 4768 1377 4831; x_wconf 89' lang='lat' dir='ltr'><strong>via</strong></span> <span class='ocrx_word' id='word_1_718' title='bbox 1405 4767 1659 4847; x_wconf 84' lang='lat' dir='ltr'><strong>ingressi</strong></span> <span class='ocrx_word' id='word_1_719' title='bbox 1681 4771 1756 4832; x_wconf 90' lang='lat' dir='ltr'><strong>ad</strong></span> <span class='ocrx_word' id='word_1_720' title='bbox 1775 4769 2115 4835; x_wconf 90' lang='lat' dir='ltr'><strong>Dominum.</strong></span> 
     </span>
    </p>
   </div>
   <div class='ocr_carea' id='block_1_101' title="bbox 2212 4765 3811 4854">
    <p class='ocr_par' dir='ltr' id='par_1_101' title="bbox 2212 4765 3811 4854">
     <span class='ocr_line' id='line_1_101' title="bbox 2212 4765 3811 4854; baseline -0.004 -20"><span class='ocrx_word' id='word_1_721' title='bbox 2212 4775 2567 4847; x_wconf 76' lang='grc' dir='ltr'>περιδεθέντας</span> <span class='ocrx_word' id='word_1_722' title='bbox 2645 4779 2720 4840; x_wconf 86' lang='grc' dir='ltr'><strong>είς</strong></span> <span class='ocrx_word' id='word_1_723' title='bbox 2805 4773 3074 4832; x_wconf 78' lang='grc' dir='ltr'>θάλασσαν</span> <span class='ocrx_word' id='word_1_724' title='bbox 3141 4774 3443 4854; x_wconf 78' lang='grc' dir='ltr'>ἐκριφῆναι.</span> <span class='ocrx_word' id='word_1_725' title='bbox 3517 4765 3609 4835; x_wconf 71' lang='lat' dir='ltr'><strong>[isti</strong></span> <span class='ocrx_word' id='word_1_726' title='bbox 3643 4765 3811 4830; x_wconf 17' lang='grc' dir='ltr'>ηοῧτων</span> 
     </span>
    </p>
   </div>
   <div class='ocr_carea' id='block_1_102' title="bbox 471 4855 2128 4946">
    <p class='ocr_par' dir='ltr' id='par_1_102' title="bbox 471 4855 2120 4946">
     <span class='ocr_line' id='line_1_102' title="bbox 471 4855 2120 4946; baseline 0.002 -26"><span class='ocrx_word' id='word_1_727' title='bbox 471 4856 613 4946; x_wconf 76' lang='lat' dir='ltr'><strong>Haec</strong></span> <span class='ocrx_word' id='word_1_728' title='bbox 647 4875 778 4920; x_wconf 89' lang='lat' dir='ltr'><strong>cum</strong></span> <span class='ocrx_word' id='word_1_729' title='bbox 811 4864 969 4946; x_wconf 84' lang='lat' dir='ltr'><strong>casta</strong></span> <span class='ocrx_word' id='word_1_730' title='bbox 997 4855 1614 4946; x_wconf 86' lang='lat' dir='ltr'><strong>rescivissetDomna,</strong></span> <span class='ocrx_word' id='word_1_731' title='bbox 1643 4860 1851 4939; x_wconf 91' lang='lat' dir='ltr'><strong>partim</strong></span> <span class='ocrx_word' id='word_1_732' title='bbox 1877 4861 2120 4936; x_wconf 90' lang='lat' dir='ltr'><strong>quidem</strong></span> 
     </span>
    </p>
   </div>
   <div class='ocr_carea' id='block_1_103' title="bbox 2212 4855 3810 4946">
    <p class='ocr_par' dir='ltr' id='par_1_103' title="bbox 2212 4858 3810 4946">
     <span class='ocr_line' id='line_1_103' title="bbox 2212 4858 3810 4946; baseline -0.001 -23"><span class='ocrx_word' id='word_1_733' title='bbox 2212 4865 2592 4932; x_wconf 76' lang='grc' dir='ltr'>ἐτελειώθησαν</span> <span class='ocrx_word' id='word_1_734' title='bbox 2649 4867 2696 4920; x_wconf 81' lang='grc' dir='ltr'>οἱ</span> <span class='ocrx_word' id='word_1_735' title='bbox 2730 4863 3025 4920; x_wconf 88' lang='grc' dir='ltr'>καλλίνικοι</span> <span class='ocrx_word' id='word_1_736' title='bbox 3076 4871 3168 4920; x_wconf 82' lang='grc' dir='ltr'>τοῦ</span> <span class='ocrx_word' id='word_1_737' title='bbox 3225 4872 3450 4942; x_wconf 77' lang='grc' dir='ltr'>Χριστοῦ</span> <span class='ocrx_word' id='word_1_738' title='bbox 3479 4867 3721 4946; x_wconf 80' lang='grc' dir='ltr'>μάρτυρες</span> <span class='ocrx_word' id='word_1_739' title='bbox 3771 4858 3810 4921; x_wconf 73' lang='grc' dir='ltr'>ἒς</span> 
     </span>
    </p>
   </div>
   <div class='ocr_carea' id='block_1_104' title="bbox 469 4945 2128 5036">
    <p class='ocr_par' dir='ltr' id='par_1_104' title="bbox 469 4945 2121 5036">
     <span class='ocr_line' id='line_1_104' title="bbox 469 4945 2121 5036; baseline 0.003 -27"><span class='ocrx_word' id='word_1_740' title='bbox 469 4945 780 5036; x_wconf 63' lang='lat' dir='ltr'><strong>laetabatur</strong></span> <span class='ocrx_word' id='word_1_741' title='bbox 825 4945 1050 5036; x_wconf 89' lang='lat' dir='ltr'><strong>animo,</strong></span> <span class='ocrx_word' id='word_1_742' title='bbox 1085 4954 1146 5009; x_wconf 87' lang='lat' dir='ltr'><strong>et</strong></span> <span class='ocrx_word' id='word_1_743' title='bbox 1198 4945 1454 5036; x_wconf 84' lang='lat' dir='ltr'><strong>maxime</strong></span> <span class='ocrx_word' id='word_1_744' title='bbox 1487 4957 1732 5036; x_wconf 86' lang='lat' dir='ltr'><strong>propter</strong></span> <span class='ocrx_word' id='word_1_745' title='bbox 1760 4949 1993 5032; x_wconf 90' lang='lat' dir='ltr'><strong>Indem,</strong></span> <span class='ocrx_word' id='word_1_746' title='bbox 2021 4954 2121 5032; x_wconf 92' lang='lat' dir='ltr'><strong>qui</strong></span> 
     </span>
    </p>
   </div>
   <div class='ocr_carea' id='block_1_105' title="bbox 2212 4945 3808 5036">
    <p class='ocr_par' dir='ltr' id='par_1_105' title="bbox 2212 4952 3808 5036">
     <span class='ocr_line' id='line_1_105' title="bbox 2212 4952 3808 5036; baseline -0.006 -25"><span class='ocrx_word' id='word_1_747' title='bbox 2212 4953 2471 5036; x_wconf 66' lang='grc' dir='ltr'>διαφόροις</span> <span class='ocrx_word' id='word_1_748' title='bbox 2516 4953 2613 5021; x_wconf 72' lang='grc' dir='ltr'><strong>τῆς</strong></span> <span class='ocrx_word' id='word_1_749' title='bbox 2657 4952 2911 5020; x_wconf 80' lang='grc' dir='ltr'>τελευτῆς</span> <span class='ocrx_word' id='word_1_750' title='bbox 2941 4953 3156 5030; x_wconf 84' lang='grc' dir='ltr'>τρόποις</span> <span class='ocrx_word' id='word_1_751' title='bbox 3205 4959 3396 5029; x_wconf 84' lang='grc' dir='ltr'>μιᾷτῄ</span> <span class='ocrx_word' id='word_1_752' title='bbox 3453 4957 3582 5034; x_wconf 82' lang='grc' dir='ltr'>πρὸς</span> <span class='ocrx_word' id='word_1_753' title='bbox 3612 4955 3694 5009; x_wconf 80' lang='grc' dir='ltr'><strong>τὸν</strong></span> <span class='ocrx_word' id='word_1_754' title='bbox 3725 4961 3808 5004; x_wconf 82' lang='grc' dir='ltr'><strong>Δε-</strong></span> 
     </span>
    </p>
   </div>
   <div class='ocr_carea' id='block_1_106' title="bbox 469 5034 2128 5123">
    <p class='ocr_par' dir='ltr' id='par_1_106' title="bbox 469 5034 2118 5123">
     <span class='ocr_line' id='line_1_106' title="bbox 469 5034 2118 5123; baseline 0.001 -24"><span class='ocrx_word' id='word_1_755' title='bbox 469 5044 598 5099; x_wconf 88' lang='lat' dir='ltr'><strong>erat</strong></span> <span class='ocrx_word' id='word_1_756' title='bbox 620 5035 805 5098; x_wconf 90' lang='lat' dir='ltr'><strong>unius</strong></span> <span class='ocrx_word' id='word_1_757' title='bbox 827 5053 960 5098; x_wconf 92' lang='lat' dir='ltr'><strong>cum</strong></span> <span class='ocrx_word' id='word_1_758' title='bbox 989 5035 1114 5114; x_wconf 91' lang='lat' dir='ltr'><strong>ipsa</strong></span> <span class='ocrx_word' id='word_1_759' title='bbox 1139 5034 1324 5097; x_wconf 88' lang='lat' dir='ltr'><strong>animi</strong></span> <span class='ocrx_word' id='word_1_760' title='bbox 1356 5043 1414 5097; x_wconf 92' lang='lat' dir='ltr'><strong>et</strong></span> <span class='ocrx_word' id='word_1_761' title='bbox 1444 5035 1723 5123; x_wconf 86' lang='lat' dir='ltr'><strong>spiritus;</strong></span> <span class='ocrx_word' id='word_1_762' title='bbox 1760 5037 1976 5116; x_wconf 92' lang='lat' dir='ltr'><strong>partim</strong></span> <span class='ocrx_word' id='word_1_763' title='bbox 2007 5058 2118 5100; x_wconf 91' lang='lat' dir='ltr'><strong>au-</strong></span> 
     </span>
    </p>
   </div>
   <div class='ocr_carea' id='block_1_107' title="bbox 2212 5034 3808 5123">
    <p class='ocr_par' dir='ltr' id='par_1_107' title="bbox 2212 5034 3808 5123">
     <span class='ocr_line' id='line_1_107' title="bbox 2212 5034 3808 5123; baseline -0.006 -23"><span class='ocrx_word' id='word_1_764' title='bbox 2212 5034 2410 5111; x_wconf 81' lang='grc' dir='ltr'>σπότην</span> <span class='ocrx_word' id='word_1_765' title='bbox 2481 5041 2584 5116; x_wconf 79' lang='grc' dir='ltr'><strong>ί)δῷ</strong></span> <span class='ocrx_word' id='word_1_766' title='bbox 2627 5047 2985 5123; x_wconf 72' lang='grc' dir='ltr'>χρησάμενοι.</span> <span class='ocrx_word' id='word_1_767' title='bbox 3048 5051 3223 5100; x_wconf 82' lang='grc' dir='ltr'>Ταῦτα</span> <span class='ocrx_word' id='word_1_768' title='bbox 3265 5044 3352 5099; x_wconf 81' lang='grc' dir='ltr'><strong>καὶ</strong></span> <span class='ocrx_word' id='word_1_769' title='bbox 3396 5041 3432 5110; x_wconf 71' lang='grc' dir='ltr'><strong>ἦ</strong></span> <span class='ocrx_word' id='word_1_770' title='bbox 3479 5042 3609 5122; x_wconf 66' lang='grc' dir='ltr'>ἇγνὴ</span> <span class='ocrx_word' id='word_1_771' title='bbox 3659 5040 3808 5113; x_wconf 57' lang='lat' dir='ltr'><strong>Adam</strong></span> 
     </span>
    </p>
   </div>
   <div class='ocr_carea' id='block_1_108' title="bbox 466 5122 2128 5209">
    <p class='ocr_par' dir='ltr' id='par_1_108' title="bbox 466 5122 2114 5205">
     <span class='ocr_line' id='line_1_108' title="bbox 466 5122 2114 5205; baseline 0.002 -20"><span class='ocrx_word' id='word_1_772' title='bbox 466 5131 586 5186; x_wconf 90' lang='lat' dir='ltr'><strong>tem</strong></span> <span class='ocrx_word' id='word_1_773' title='bbox 618 5123 691 5186; x_wconf 92' lang='lat' dir='ltr'><strong>ad</strong></span> <span class='ocrx_word' id='word_1_774' title='bbox 715 5123 1108 5186; x_wconf 87' lang='lat' dir='ltr'><strong>imitationem</strong></span> <span class='ocrx_word' id='word_1_775' title='bbox 1143 5142 1378 5205; x_wconf 89' lang='lat' dir='ltr'><strong>quoque</strong></span> <span class='ocrx_word' id='word_1_776' title='bbox 1401 5122 1852 5201; x_wconf 81' lang='lat' dir='ltr'><strong>incitabatur,et</strong></span> <span class='ocrx_word' id='word_1_777' title='bbox 1881 5128 2114 5204; x_wconf 84' lang='lat' dir='ltr'><strong>eadem,</strong></span> 
     </span>
    </p>
   </div>
   <div class='ocr_carea' id='block_1_109' title="bbox 2212 5122 3808 5209">
    <p class='ocr_par' dir='ltr' id='par_1_109' title="bbox 2212 5128 3808 5209">
     <span class='ocr_line' id='line_1_109' title="bbox 2212 5128 3808 5209; baseline -0.004 -22"><span class='ocrx_word' id='word_1_778' title='bbox 2212 5135 2440 5206; x_wconf 56' lang='grc' dir='ltr'>μαθοῦσα</span> <span class='ocrx_word' id='word_1_779' title='bbox 2496 5139 2652 5190; x_wconf 84' lang='grc' dir='ltr'>τοῦτο</span> <span class='ocrx_word' id='word_1_780' title='bbox 2710 5131 2807 5205; x_wconf 75' lang='grc' dir='ltr'>μὲν</span> <span class='ocrx_word' id='word_1_781' title='bbox 2868 5130 2964 5197; x_wconf 76' lang='grc' dir='ltr'>τὴν</span> <span class='ocrx_word' id='word_1_782' title='bbox 3023 5130 3206 5209; x_wconf 78' lang='grc' dir='ltr'>ψυχὴν</span> <span class='ocrx_word' id='word_1_783' title='bbox 3239 5128 3420 5209; x_wconf 72' lang='grc' dir='ltr'>ἥδετο,</span> <span class='ocrx_word' id='word_1_784' title='bbox 3462 5134 3554 5187; x_wconf 85' lang='grc' dir='ltr'><strong>καί</strong></span> <span class='ocrx_word' id='word_1_785' title='bbox 3608 5128 3808 5205; x_wconf 60' lang='grc' dir='ltr'>μάλιστα</span> 
     </span>
    </p>
   </div>
   <div class='ocr_carea' id='block_1_110' title="bbox 467 5212 2128 5296">
    <p class='ocr_par' dir='ltr' id='par_1_110' title="bbox 467 5212 2114 5296">
     <span class='ocr_line' id='line_1_110' title="bbox 467 5212 2114 5296; baseline 0.004 -23"><span class='ocrx_word' id='word_1_786' title='bbox 467 5212 771 5294; x_wconf 81' lang='lat' dir='ltr'><strong>quaeipsis</strong></span> <span class='ocrx_word' id='word_1_787' title='bbox 789 5212 1413 5290; x_wconf 88' lang='lat' dir='ltr'><strong>evenerant,cupiebat</strong></span> <span class='ocrx_word' id='word_1_788' title='bbox 1429 5221 1823 5277; x_wconf 88' lang='lat' dir='ltr'><strong>certaminaet</strong></span> <span class='ocrx_word' id='word_1_789' title='bbox 1843 5219 2114 5296; x_wconf 64' lang='lat' dir='ltr'><strong>prsentia.</strong></span> 
     </span>
    </p>
   </div>
   <div class='ocr_carea' id='block_1_111' title="bbox 2212 5212 3803 5296">
    <p class='ocr_par' dir='ltr' id='par_1_111' title="bbox 2212 5217 3803 5294">
     <span class='ocr_line' id='line_1_111' title="bbox 2212 5217 3803 5294; baseline 0.009 -20"><span class='ocrx_word' id='word_1_790' title='bbox 2212 5219 2372 5278; x_wconf 62' lang='grc' dir='ltr'>’Ἰνδοα</span> <span class='ocrx_word' id='word_1_791' title='bbox 2430 5219 2606 5276; x_wconf 76' lang='grc' dir='ltr'>ἕνεκεν</span> <span class='ocrx_word' id='word_1_792' title='bbox 2636 5221 2726 5276; x_wconf 77' lang='grc' dir='ltr'><strong>τοῦ</strong></span> <span class='ocrx_word' id='word_1_793' title='bbox 2754 5221 2928 5276; x_wconf 82' lang='grc' dir='ltr'>πάντα</span> <span class='ocrx_word' id='word_1_794' title='bbox 2969 5218 3102 5294; x_wconf 76' lang='grc' dir='ltr'><strong>αὖτῇ</strong></span> <span class='ocrx_word' id='word_1_795' title='bbox 3133 5219 3370 5292; x_wconf 68' lang='grc' dir='ltr'>σόμπνου</span> <span class='ocrx_word' id='word_1_796' title='bbox 3401 5222 3487 5276; x_wconf 87' lang='grc' dir='ltr'><strong>καὶ</strong></span> <span class='ocrx_word' id='word_1_797' title='bbox 3533 5217 3803 5294; x_wconf 68' lang='grc' dir='ltr'>ὁμοψῦχωι</span> 
     </span>
    </p>
   </div>
   <div class='ocr_carea' id='block_1_112' title="bbox 465 5300 2128 5387">
    <p class='ocr_par' dir='ltr' id='par_1_112' title="bbox 465 5300 2117 5387">
     <span class='ocr_line' id='line_1_112' title="bbox 465 5300 2117 5387; baseline 0.003 -22"><span class='ocrx_word' id='word_1_798' title='bbox 465 5301 639 5365; x_wconf 89' lang='lat' dir='ltr'><strong>Unde</strong></span> <span class='ocrx_word' id='word_1_799' title='bbox 661 5319 775 5364; x_wconf 90' lang='lat' dir='ltr'><strong>nec</strong></span> <span class='ocrx_word' id='word_1_800' title='bbox 805 5300 1077 5382; x_wconf 88' lang='lat' dir='ltr'><strong>despexit</strong></span> <span class='ocrx_word' id='word_1_801' title='bbox 1104 5302 1397 5363; x_wconf 90' lang='lat' dir='ltr'><strong>Dominus</strong></span> <span class='ocrx_word' id='word_1_802' title='bbox 1425 5321 1594 5364; x_wconf 81' lang='lat' dir='ltr'><strong>suam</strong></span> <span class='ocrx_word' id='word_1_803' title='bbox 1619 5322 1897 5384; x_wconf 86' lang='lat' dir='ltr'><strong>sponsam</strong></span> <span class='ocrx_word' id='word_1_804' title='bbox 1937 5328 1950 5362; x_wconf 91' lang='lat'><strong>:</strong></span> <span class='ocrx_word' id='word_1_805' title='bbox 1985 5326 2117 5387; x_wconf 87' lang='lat' dir='ltr'><strong>quae</strong></span> 
     </span>
    </p>
   </div>
   <div class='ocr_carea' id='block_1_113' title="bbox 2212 5300 3806 5387">
    <p class='ocr_par' dir='ltr' id='par_1_113' title="bbox 2212 5305 3806 5387">
     <span class='ocr_line' id='line_1_113' title="bbox 2212 5305 3806 5387; baseline -0.006 -20"><span class='ocrx_word' id='word_1_806' title='bbox 2212 5317 2352 5367; x_wconf 80' lang='grc' dir='ltr'>τοῦτο</span> <span class='ocrx_word' id='word_1_807' title='bbox 2395 5307 2567 5365; x_wconf 78' lang='grc' dir='ltr'>δὲκαὶ</span> <span class='ocrx_word' id='word_1_808' title='bbox 2624 5311 2754 5385; x_wconf 86' lang='grc' dir='ltr'>πρὸς</span> <span class='ocrx_word' id='word_1_809' title='bbox 2811 5311 3036 5383; x_wconf 85' lang='grc' dir='ltr'>μίμησιν</span> <span class='ocrx_word' id='word_1_810' title='bbox 3092 5308 3357 5382; x_wconf 80' lang='grc' dir='ltr'>ἠρεθίζετο</span> <span class='ocrx_word' id='word_1_811' title='bbox 3411 5311 3636 5387; x_wconf 29' lang='grc' dir='ltr'><strong>καῖῌτῶν</strong></span> <span class='ocrx_word' id='word_1_812' title='bbox 3687 5305 3806 5358; x_wconf 71' lang='grc' dir='ltr'>ἴσων</span> 
     </span>
    </p>
   </div>
   <div class='ocr_carea' id='block_1_114' title="bbox 463 5382 2128 5477">
    <p class='ocr_par' dir='ltr' id='par_1_114' title="bbox 463 5382 2114 5474">
     <span class='ocr_line' id='line_1_114' title="bbox 463 5382 2114 5474; baseline 0.006 -25"><span class='ocrx_word' id='word_1_813' title='bbox 463 5399 688 5453; x_wconf 87' lang='lat' dir='ltr'><strong>vestem</strong></span> <span class='ocrx_word' id='word_1_814' title='bbox 710 5388 950 5471; x_wconf 88' lang='lat' dir='ltr'><strong>quidem</strong></span> <span class='ocrx_word' id='word_1_815' title='bbox 974 5388 1231 5451; x_wconf 86' lang='lat' dir='ltr'><strong>habebat</strong></span> <span class='ocrx_word' id='word_1_816' title='bbox 1253 5390 1532 5453; x_wconf 89' lang='lat' dir='ltr'><strong>mundam</strong></span> <span class='ocrx_word' id='word_1_817' title='bbox 1555 5409 1591 5454; x_wconf 90' lang='lat' dir='ltr'><strong>a</strong></span> <span class='ocrx_word' id='word_1_818' title='bbox 1615 5382 1860 5474; x_wconf 84' lang='lat' dir='ltr'><strong>nuptiis,</strong></span> <span class='ocrx_word' id='word_1_819' title='bbox 1896 5396 1982 5457; x_wconf 90' lang='lat' dir='ltr'><strong>sic</strong></span> <span class='ocrx_word' id='word_1_820' title='bbox 2002 5382 2114 5458; x_wconf 74' lang='lat' dir='ltr'><strong>au-</strong></span> 
     </span>
    </p>
   </div>
   <div class='ocr_carea' id='block_1_115' title="bbox 2212 5382 3803 5477">
    <p class='ocr_par' dir='ltr' id='par_1_115' title="bbox 2212 5382 3803 5477">
     <span class='ocr_line' id='line_1_115' title="bbox 2212 5382 3803 5477; baseline -0.004 -22"><span class='ocrx_word' id='word_1_821' title='bbox 2212 5398 2370 5457; x_wconf 73' lang='grc' dir='ltr'>Ξίθλων</span> <span class='ocrx_word' id='word_1_822' title='bbox 2428 5401 2608 5463; x_wconf 72' lang='grc' dir='ltr'>αὐτοῖς</span> <span class='ocrx_word' id='word_1_823' title='bbox 2641 5382 2731 5456; x_wconf 78' lang='grc' dir='ltr'>καὶ</span> <span class='ocrx_word' id='word_1_824' title='bbox 2786 5382 2892 5456; x_wconf 82' lang='grc' dir='ltr'>τῶν</span> <span class='ocrx_word' id='word_1_825' title='bbox 2923 5396 3166 5455; x_wconf 76' lang='grc' dir='ltr'>ἐπάθλων</span> <span class='ocrx_word' id='word_1_826' title='bbox 3214 5395 3486 5477; x_wconf 78' lang='grc' dir='ltr'>ἐγλίχετο.</span> <span class='ocrx_word' id='word_1_827' title='bbox 3516 5382 3657 5454; x_wconf 56' lang='grc' dir='ltr'>Ὅθεν</span> <span class='ocrx_word' id='word_1_828' title='bbox 3706 5388 3803 5449; x_wconf 69' lang='grc' dir='ltr'>οὐδὲ</span> 
     </span>
    </p>
   </div>
   <div class='ocr_carea' id='block_1_116' title="bbox 544 5573 1600 5652">
    <p class='ocr_par' dir='ltr' id='par_1_116' title="bbox 544 5573 1600 5652">
     <span class='ocr_line' id='line_1_116' title="bbox 544 5573 1600 5652; baseline 0.004 -16"><span class='ocrx_word' id='word_1_829' title='bbox 544 5576 574 5624; x_wconf 84' lang='grc'><strong>7</strong></span> <span class='ocrx_word' id='word_1_830' title='bbox 609 5573 808 5639; x_wconf 83' lang='lat' dir='ltr'><strong>Matth.</strong></span> <span class='ocrx_word' id='word_1_831' title='bbox 844 5595 902 5650; x_wconf 92' lang='lat' dir='ltr'><strong>x,</strong></span> <span class='ocrx_word' id='word_1_832' title='bbox 932 5575 1036 5639; x_wconf 78' lang='grc'><strong>28.</strong></span> <span class='ocrx_word' id='word_1_833' title='bbox 1118 5573 1373 5639; x_wconf 68' lang='grc' dir='ltr'>θΜειιιι.</span> <span class='ocrx_word' id='word_1_834' title='bbox 1411 5596 1468 5652; x_wconf 90' lang='lat' dir='ltr'><strong>v,</strong></span> <span class='ocrx_word' id='word_1_835' title='bbox 1502 5577 1600 5640; x_wconf 82' lang='grc'><strong>14.</strong></span> 
     </span>
    </p>
   </div>
  </div>
