4020 6132
283 290 441 360 1077

1428 297 1614 363 VITA
1658 296 1758 360 SS.
1806 294 1994 361 INDE
2040 298 2135 361 ET
2182 301 2487 365 DOMNE.

3488 286 3641 355 1078

274 430 505 510 παρεῖδε
564 431 750 511 Κύριος
780 430 878 499 τὴν
907 430 1066 492 αύτοῦ
1092 432 1301 513 νύμφην
1357 431 1495 489 οὕτω
1541 432 1770 511 καθαρὰν
1821 432 1899 507 μὲ·

2004 439 2120 496 tem
2156 453 2283 498 eam
2316 435 2491 499 etiam
2523 432 2801 514 lacrymis
2820 428 3089 514 quotidie
3110 422 3442 507 dealbabat,
3477 425 3635 507 quod

271 528 372 580 τοῦ
413 520 589 600 γάμου
642 520 742 589 τὴν
798 519 998 588 στολὴν
1042 520 1298 602 ἔχουσαν,
1346 521 1484 579 οὕτω
1515 519 1571 578 δὲ
1615 523 1703 578 καὶ
1730 521 1917 597 δάκρυ-

267 631 359 667 σιν
418 611 587 678 αὐτὴν
628 609 961 677 καθεκάστην
1003 610 1493 685 ἒπιλευκαίνουσαν,
1528 611 1606 686 μὴ
1659 612 1746 669 καὶ
1779 633 1917 688 μαρ-

259 706 463 777 τυρικῷ
519 698 712 775 αἵματι
768 699 969 766 ταύτην
1029 698 1252 778 φοινίξαι
1303 701 1392 757 καὶ
1436 699 1570 767 ὅλην
1625 699 1773 766 ἀξίαν
1824 707 1918 756 τοῦ

260 787 496 852 κάλλους
553 788 712 845 αύτοῦ
762 784 931 852 δεῖξαι
988 789 1086 854 τὴν
1129 789 1362 868 νύμφην,
1425 789 1595 847 καίτοι
1669 790 1755 846 καὶ
1820 790 1916 845 τοῦ

260 877 526 957 παρόντος
584 876 718 953 αύτῇ
772 876 886 953 βίου
931 874 1097 953 μηδὲν
1170 876 1594 953 ἀπολειπομένου
1650 900 1911 957 μαρτυρι-

264 975 363 1025 κοῠ
415 965 739 1042 ἀξιώματος,
770 964 863 1021 εἴτε
912 963 978 1032 δὴ
1039 966 1116 1041 τῷ
1146 965 1485 1047 πολυχρονίῳ
1513 988 1570 1023 τε
1601 967 1699 1035 τῆς
1730 967 1911 1037 ἀσκή-

262 1073 402 1118 σεως
461 1056 549 1110 καὶ
576 1060 654 1128 τῷ
685 1052 906 1131 σκληρῷ
957 1056 1056 1122 τῆς
1107 1052 1310 1123 διαίτης
1342 1055 1616 1127 πιέζοντος
1645 1058 1906 1136 ἰσχυρῶς,

261 1142 440 1218 ἄντρῳ
493 1143 591 1217 μὲν
631 1143 1005 1217 κρυπτομένης
1063 1143 1226 1212 αὐτῆς
1268 1146 1532 1223 ὑπογαίῳ,
1577 1146 1666 1202 καὶ
1723 1153 1902 1225 τοῦτο,

261 1232 339 1296 ὦς
383 1231 447 1288 ἅν
471 1228 667 1306 εἴποις,
703 1233 854 1312 τάφῳ
885 1233 1244 1313 καταχθονίῳ,
1279 1235 1443 1290 ποτὸν
1483 1233 1538 1290 δὲ
1583 1233 1906 1310 ποιουμένης

261 1322 367 1390 τὴν
387 1318 529 1378 ἔνδον
561 1320 720 1377 οὖσαν
747 1322 957 1399 πηγὴν,
988 1323 1078 1378 καὶ
1128 1322 1329 1396 τροφὴν
1394 1322 1588 1398 ὁμοίως
1643 1324 1739 1386 τὰς
1768 1323 1911 1402 παρὰ

259 1411 330 1468 τὸ
359 1409 552 1490 χεῖλος
583 1409 754 1480 δήπου
783 1416 876 1467 τοῦ
906 1409 1094 1490 ἄντρου
1118 1412 1368 1489 βοτάνας,

354 1497 488 1556 Al".
533 1495 685 1555 Οὕτω
739 1500 869 1577 πρὸς
914 1498 1140 1566 ἄσκησιν
1201 1499 1426 1580 ἔχουσα,
1460 1500 1581 1559 τότε
1625 1509 1718 1561 τοῦ
1762 1499 1912 1581 ὄρους

268 1587 487 1664 κατῄει,
519 1588 607 1644 καὶ
637 1588 898 1666 παριούσα
938 1591 1034 1656 τὴν
1065 1586 1222 1645 πόλιν
1266 1588 1319 1644 ἐν
1386 1586 1611 1669 ἀνδρικῶ
1667 1591 1913 1670 σχήματι

273 1674 474 1757 (τούτῷ
515 1676 616 1755 γὰρ
669 1674 886 1754 Ἀγάπη
956 1675 993 1743 ἡ
1048 1677 1186 1734 κατὰ
1252 1684 1459 1752 πνεῦμα
1519 1676 1700 1757 μήτηρ
1752 1678 1914 1745 αὕτη»

2001 542 2122 586 non
2154 543 2282 585 eam
2318 524 2606 604 sanguine
2637 518 2911 602 martyrii
2943 517 3226 583 redderet
3255 533 3632 597 purpuream,

1998 620 2056 673 et
2089 620 2267 675 totam
2302 632 2578 695 sponsam
2606 613 2866 674 eﬂiccret
2886 609 3120 688 dignam
3146 609 3279 688 ejus
3300 605 3636 695 pulchritu-

1998 701 2163 782 dine,
2199 703 2305 764 etsi
2336 693 2600 783 praesens
2624 703 2752 781 ejus
2781 700 2894 762 vita
2926 699 3072 761 nihil
3099 699 3336 759 abesset
3364 712 3399 756 a
3429 693 3631 783 digni-

1997 797 2114 852 tate
2149 782 2435 873 martyrii,
2462 800 2524 853 ut
2549 810 2681 873 quae
2704 798 2822 853 tam
2849 798 2907 851 et
2928 788 3318 850 diuturnitate
3340 782 3633 845 exercita-

1997 877 2177 941 tionis
2228 890 2285 943 et
2330 899 2539 963 aspera
2591 879 2824 943 vivendi
2854 877 3082 941 ratione
3120 895 3249 939 eam
3308 880 3631 955 premeret,

1996 987 2128 1032 cum
2165 973 2289 1051 ipsa
2319 977 2377 1033 et
2423 971 2483 1034 in
2513 980 2681 1034 antro
2724 971 2936 1033 lateret
2981 967 3394 1037 subterraneo,
3439 978 3631 1042 eoque

1992 1058 2316 1139 ejusmodi,
2351 1069 2409 1121 ut
2440 1067 2729 1124 terrestre
2781 1059 2898 1121 dici
2949 1064 3147 1139 posset
3176 1052 3539 1134 sepulcrum,
3573 1058 3633 1109 et

1989 1156 2161 1228 potus
2217 1149 2347 1229 ejus
2396 1158 2554 1212 esset
2604 1150 2760 1223 fons,
2813 1148 2916 1229 qui
2946 1153 3005 1209 iu
3036 1164 3105 1207 eo
3152 1154 3304 1218 erat,
3351 1151 3410 1204 et
3457 1139 3629 1229 cibus

1988 1220 2267 1300 similiter
2297 1237 2522 1320 herbae,
2553 1241 2654 1320 qui
2689 1220 2857 1300 erant
2896 1236 2956 1298 in
2991 1234 3255 1314 margine
3297 1220 3634 1314 speluncaaﬂ

2074 1502 2345 1568 XXXIII.
2379 1503 2525 1568 Cum
2549 1523 2619 1567 ea
2640 1505 2726 1568 sic
2750 1524 2817 1568 se
2836 1513 3074 1585 gereret
3094 1506 3154 1565 in
3179 1500 3623 1575 exercitatione,

1998 1599 2138 1655 tunc
2169 1593 2481 1657 descendit
2508 1595 2581 1656 de
2613 1602 2832 1672 monte,
2869 1603 2927 1657 et
2951 1593 3193 1656 veniens
3234 1593 3294 1653 in
3325 1590 3624 1652 civitatem

1999 1682 2193 1743 adhuc
2245 1684 2301 1745 in
2359 1692 2520 1746 veste
2570 1683 2724 1747 virili
2777 1685 2872 1765 (ea
2914 1684 3075 1747 enim
3127 1683 3312 1763 ipsam
3357 1678 3624 1741 indutam

267 1764 586 1844 ἀμφιάσασα
628 1766 732 1820 τῶν
786 1764 1102 1822 ἀκολάστων
1158 1765 1369 1823 ἐκείνων
1416 1772 1614 1846 χειρῶν
1640 1766 1899 1845 ἔξεκλεψεξ

2002 1772 2224 1852 Agape.
2261 1774 2391 1853 ejus
2423 1780 2613 1835 mater
2639 1764 2966 1837 secundum
3000 1771 3299 1853 spiritum,
3341 1767 3626 1831 sntfurata

266 1852 372 1922 τὴν
430 1854 697 1933 μακαρίαν
741 1855 942 1921 ταύτην
979 1853 1227 1932 Ἀγάπην
1272 1854 1474 1928 ἐζήτει.
1523 1856 1671 1913 Ἐπεὶ
1713 1855 1768 1911 δὲ
1823 1859 1911 1914 καὶ

266 1940 460 2017 ἔμαθεν
517 1944 592 2005 ὡς
639 1943 722 1999 καὶ
768 1944 898 2011 αὒτῆ
962 1943 1054 2000 τὸν
1114 1946 1434 2022 μαρτυρικὸν
1488 1943 1647 2012 ἤνυσε
1689 1943 1905 2021 δρόμον,

262 2031 620 2107 ὀλοκαύτωμα
679 2038 756 2106 τῷ
816 2031 987 2109 Κορίῳ
1030 2032 1235 2108 σύναμα
1280 2034 1367 2089 καὶ
1426 2031 1619 2097 ἄλλαις
1677 2032 1911 2098 πολλαῖς

261 2120 542 2200 παρθένοις
586 2123 642 2176 ὲν
696 2127 774 2203 τῷ
819 2119 1158 2199 πυριφλέκτῳ
1199 2121 1465 2198 γενομένη
1520 2124 1650 2197 νᾶῷ,
1706 2122 1907 2203 πάσχει

260 2198 365 2278 τὴν
417 2209 603 2289 ψυχὴν
658 2198 703 2277 ἡ’
750 2198 988 2286 γενναία,
1035 2211 1142 2289 οὐχ
1194 2208 1275 2267 ὅτι
1334 2210 1584 2279 τέθνηκεν
1614 2212 1648 2278 ἡ
1693 2198 1909 2289 Ἀγᾶπη

262 2296 699 2376 περιαλγήσασα,
732 2296 853 2356 ἀλλ’
903 2298 984 2354 ὅτι
1038 2300 1118 2374 μὴ
1162 2303 1249 2355 καὶ
1300 2301 1433 2367 αὕτη
1482 2298 1688 2375 μαλλον
1730 2299 1912 2358 συντέ-

259 2392 428 2455 θνηκε
470 2392 538 2463 τῇ
583 2386 822 2464 Ἀγάπῃ,
867 2387 959 2444 καὶ
1003 2387 1132 2455 ἴσης
1190 2389 1551 2456 κεκοινώνηκε
1606 2388 1861 2455 τελευτῆς
1889 2407 1900 2421 ·

259 2476 352 2534 καὶ
384 2482 553 2533 στᾶσα
584 2477 713 2552 πρὸς
769 2483 847 2550 τῷ
904 2474 1147 2533 καυθέντι
1193 2483 1304 2552 ναῷ
1335 2476 1590 2554 κλαυθμῷ
1619 2478 1721 2546 τὴν
1766 2499 1906 2535 σπο-

259 2564 356 2622 δὸν
411 2565 611 2644 ἰκίρνα.
676 2562 828 2633 ’Ἤδη
872 2564 927 2621 δὲ
984 2564 1268 2635 κλινούσης
1326 2567 1531 2646 ἡμέρας
1562 2567 1675 2625 θεία
1726 2567 1907 2648 χάριτι

260 2654 396 2732 πρὸς
446 2656 547 2722 τὴν
604 2651 723 2711 ὁδὸν
778 2657 872 2711 τοῦ
915 2656 1201 2732 μαρτυρίου
1257 2655 1596 2734 φωτιζομένη
1653 2656 1741 2713 καὶ
1769 2656 1902 2735 ἆγοο

260 2742 401 2819 μένη
428 2744 557 2821 πρὸς
584 2751 740 2802 τοῦτο
799 2744 1086 2816 πάντοθεν,
1141 2745 1330 2820 κατῄει
1363 2743 1458 2800 ἐπῗ
1486 2745 1586 2812 τὴν
1613 2742 1900 2805 θάλατταν.

267 2833 368 2890 Καὶ
423 2830 530 2889 ἰδοὺ
596 2832 741 2911 παρὰ
797 2833 887 2888 τὸν
950 2832 1196 2910 αἰγιαλὸν
1253 2833 1429 2898 ἁλιεῖς
1486 2831 1589 2900 ἤδη
1631 2835 1698 2889 τὰ
1726 2831 1911 2890 δίκτυα

261 2922 684 3000 καταρτίζοντες,
719 2919 817 2978 καί
846 2921 940 2983 τὰς
974 2921 1160 2986 κώπας
1191 2920 1412 3001 ’ἔχοντες
1455 2925 1755 3000 εὖτρεπεϊς.
1790 2921 1902 2978 ’Ἦν

261 3005 459 3073 ἰδόντες
515 3010 714 3067 ἐκεῖνοι
768 3008 908 3066 οὕτω
965 3032 1020 3066 τε
1066 3009 1398 3084 ἐσταλμένην
1439 3011 1525 3066 καὶ
1570 3010 1693 3067 κατ’
1743 3009 1903 3089 ἄνδρα

1992 1870 2081 1922 εει
2102 1860 2174 1922 ab
2194 1861 2309 1925 illis
2326 1861 2640 1944 impudicis
2662 1870 2721 1924 et
2740 1859 3270 1942 intemperantibus
3297 1856 3621 1933 manibus),

1991 1947 2225 2011 beatam
2257 1951 2410 2014 hanc
2440 1951 2741 2033 quaerebat
2773 1952 3039 2032 Agapen.
3076 1949 3392 2029 Postquam
3422 1955 3620 2009 autem

1991 2036 2282 2099 intellexit
2309 2057 2436 2100 eam
2461 2059 2698 2121 quoque
2728 2058 2965 2102 cursum
2985 2038 3313 2101 confecisse
3335 2035 3619 2115 martyrii,

1993 2125 2262 2188 ell‘ectam
2292 2127 2701 2191 holocaustum
2720 2129 2970 2192 Domino
2988 2146 3122 2190 cum
3138 2127 3339 2189 multis
3355 2125 3486 2187 aliis
3509 2125 3624 2186 vir-

1990 2214 2227 2293 ginibus
2256 2216 2318 2277 in
2352 2219 2596 2298 templo,
2621 2218 2776 2299 quod
2810 2218 3000 2280 fuerat
3019 2224 3315 2292 exustum,
3341 2233 3617 2295 magnum

1988 2304 2188 2365 animo
2240 2304 2503 2367 dolorem
2560 2306 2798 2386 accipit,
2857 2325 2978 2368 non
3024 2324 3180 2384 aegre
3228 2305 3426 2368 ferens
3464 2305 3621 2385 quod

1991 2403 2219 2454 mortua
2242 2403 2401 2457 esset
2424 2397 2649 2475 Agape,
2670 2395 2774 2458 sed
2794 2396 2988 2477 potius
3006 2394 3164 2475 quod
3188 2410 3306 2456 non
3332 2412 3468 2455 cum
3498 2395 3626 2473 ipsa

1990 2484 2190 2563 Agape
2218 2492 2375 2545 esset
2406 2492 2659 2558 mortua,
2690 2492 2747 2547 et
2768 2483 2928 2564 paris
2956 2483 3164 2547 fuisset
3191 2482 3398 2545 mortis
3428 2488 3623 2544 socia:

1989 2580 2267 2653 stansque
2296 2572 2366 2633 ad
2402 2574 2689 2653 templum
2722 2582 3018 2651 exustum,
3048 2574 3189 2636 ﬂetu
3220 2573 3510 2635 miscebat
3540 2574 3623 2634 ci-

1989 2680 2220 2724 nerem.
2253 2660 2361 2723 Diu
2391 2680 2529 2723 vero
2549 2661 2672 2742 jam
2698 2661 2896 2725 divina
2917 2663 3103 2742 gratia
3121 2679 3251 2724 eam
3277 2668 3520 2723 vocante
3544 2660 3620 2723 ad

1988 2750 2137 2813 viam
2170 2751 2455 2831 martyrii,
2487 2750 2816 2814 illuminata
2840 2760 2899 2814 et
2926 2752 2997 2813 ad
3030 2751 3087 2812 id
3136 2750 3297 2812 omni
3332 2767 3405 2811 ex
3454 2763 3620 2830 parte

1986 2839 2182 2911 ducta,
2216 2839 2533 2902 descendit
2560 2840 2630 2902 ad
2668 2859 2853 2904 mare.
2888 2840 3045 2902 Ecce
3066 2847 3260 2901 autem
3296 2837 3622 2918 piscatores

1986 2927 2045 2988 in
2075 2927 2272 2989 littore
2300 2935 2552 3010 stantes,
2579 2929 2702 3008 jam
2738 2937 3014 3011 parantes
3034 2929 3206 3001 retia,
3242 2936 3304 2988 et
3334 2925 3622 2988 habentes

1983 3034 2185 3078 remos
2213 3024 2473 3098 paratos.
2504 3017 2687 3090 Quam
2719 3037 2852 3081 cum
2874 3018 2958 3081 illi
2984 3032 3123 3079 tunc
3153 3016 3438 3080 vidissent
3458 3023 3621 3077 veste

257 3096 362 3165 τὴν
412 3096 675 3167 ἆναὸολῆν
731 3098 962 3179 ἔχουσαν
1007 3101 1102 3156 οὒκ
1145 3099 1251 3155 ἀπὸ
1293 3106 1386 3154 τοῦ
1436 3099 1612 3179 ὄντος,
1644 3097 1763 3156 ἀλλ’
1795 3100 1899 3156 ἀπὸ

1985 3106 2133 3168 virili
2164 3096 2252 3168 sic
2299 3106 2587 3180 indutam,
2634 3126 2752 3169 non
2788 3127 2854 3169 ex
2902 3127 2971 3170 eo
3015 3106 3174 3189 quod
3222 3113 3368 3182 erat,
3404 3105 3508 3167 sed
3546 3123 3619 3167 ex

249 3192 349 3244 τοῦ
402 3185 682 3249 δοκοῦντος
716 3187 944 3267 μᾶλλον,
979 3186 1223 3262 ἐκάλουν,
1260 3186 1435 3263 Ἐλθέ,
1465 3186 1738 3268 λέγοντες,
1773 3210 1899 3245 νεασο

246 3277 418 3349 νίσκε,
454 3284 546 3335 τοῦ
601 3277 763 3334 πόνου
813 3278 951 3351 ἡμῖν
985 3275 1418 3357 συλληψόμενος,
1450 3276 1542 3333 ἵνα
1571 3277 1667 3334 καῖ
1697 3300 1899 3334 κοινω-

244 3366 339 3423 νόν
371 3387 430 3423 σε
460 3370 640 3441 θῶμεν
670 3368 769 3433 τῆς
797 3363 1061 3444 ἄγρας,Ἦ
1095 3363 1150 3421 δὲ
1179 3369 1447 3444 πρόθυμον
1478 3365 1647 3434 ἀκοὴν
1675 3366 1895 3447 ἐπεῖχε,

244 3456 338 3513 καὶ
395 3452 601 3528 ἐμϐᾶσα
658 3456 780 3518 τοὺς
834 3456 936 3511 τῶν
969 3453 1164 3511 ἀλιέων
1203 3456 1291 3511 καὶ
1350 3454 1652 3535 ὀφθαλμοὺς
1712 3458 1895 3512 αύτίκα

247 3543 342 3599 καὶ
399 3544 585 3623 ψυχὴν
629 3542 901 3623 ἕθραττεν,
935 3544 1167 3619 ὁρῶντας
1210 3541 1369 3622 ἄνδρα
1420 3545 1517 3619 μὲν
1540 3545 1602 3600 τὸ
1630 3544 1890 3622 φαινόμε-

253 3652 366 3702 νον⁹
400 3633 524 3700 ἦθος
559 3632 614 3689 δὲ
645 3634 734 3688 καὶ
789 3630 988 3694 κάλλος
1018 3635 1355 3707 παρθενικόν,
1398 3634 1486 3689 καὶ
1538 3630 1744 3700 πολλην
1796 3634 1894 3700 τὴν

252 3717 383 3776 αίδὼ
442 3734 559 3784 ταῖς
613 3719 802 3796 ὄψεσιν
846 3722 1010 3788 «ora;
1069 3719 1492 3795 ἔπικαθημένην.
1555 3719 1698 3788 Πλὴν
1756 3720 1893 3777 ἄλλα

249 3809 497 3872 καθέντες
556 3811 686 3888 πρὸς
745 3806 908 3888 ἄγραν
973 3811 1119 3874 εὒθὺς
1175 3809 1240 3865 τὰ
1295 3806 1499 3882 δίκτυα,
1560 3810 1651 3864 σὺν
1709 3807 1893 3883 πολλῷ

250 3899 480 3972 καμάτῳ
521 3899 618 3967 τῆς
662 3900 765 3976 γῆς
824 3896 1076 3954 ἀνεῖλκον
1125 3899 1198 3960 ὡς
1244 3895 1306 3953 ἂν
1338 3896 1573 3977 μεγάλου
1602 3898 1746 3964 τινὰς
1776 3898 1894 3973 περὶ

248 3988 383 4043 αὐτὰ
440 3987 632 4062 βάρους
690 3987 1011 4063 ατσθόμενοι,
1098 3984 1256 4053 ’¹ίΙδη
1340 3983 1395 4041 δὲ
1458 3987 1543 4043 καὶ
1603 3987 1743 4065 παρὰ
1801 3987 1894 4043 τὸν

249 4073 492 4154 αἰγιαλὸν
548 4075 813 4153 ἐλθόντες,
867 4077 1060 4153 δρῶσιν
1112 4075 1212 4131 ἀνα
1279 4075 1375 4143 τὴν
1433 4077 1617 4148 νύκτα,
1664 4076 1894 4147 σελήνης

244 4165 340 4221 τὸν
381 4164 541 4242 ζόφον
599 4163 979 4244 διασαφούσης,
1047 4166 1130 4221 καὶ
1174 4162 1377 4231 πλῆθος
1437 4165 1533 4238 μὲν
1562 4167 1759 4245 ἰχθύων
1792 4186 1889 4220 πε-

243 4251 522 4332 ριληφθὲν,
576 4255 661 4310 καὶ
711 4254 936 4329 σώματα
987 4255 1103 4332 περὶ
1154 4253 1254 4321 τὴν
1299 4252 1530 4333 γαστέρα
1563 4261 1653 4310 τοῦ
1682 4252 1889 4310 δικτύου

242 4343 431 4418 νεκρά.

323 4429 459 4490 ΛΔ’.
507 4427 742 4487 Ἐκεῖνοι
787 4430 885 4491 μὲν
932 4431 1021 4487 οὖν
1064 4432 1182 4506 περὶ
1228 4434 1326 4497 τήν
1374 4428 1495 4506 ὄψιν
1525 4430 1887 4510 ἐκταραχθέν-

240 4541 358 4593 τες,
394 4518 538 4595 λύπῃ
580 4540 639 4576 τε
690 4520 777 4575 καὶ
827 4518 932 4574 δέει
981 4521 1045 4593 τὰ
1085 4519 1311 4594 σώματα
1358 4519 1460 4575 τῶν
1491 4517 1711 4576 δικτύων
1739 4521 1887 4576 ἐκτι-

241 4607 546 4683 ναξάμενοι,
579 4609 667 4663 καὶ
703 4607 770 4684 τῇ
800 4613 871 4684 γῇ
903 4607 1252 4686 παραθέντες,
1308 4607 1440 4664 αὗτά
1483 4628 1540 4665 τε
1599 4610 1666 4664 τὰ
1711 4606 1889 4666 δίκτυα

242 4696 621 4773 συλλεξάμενοι
665 4698 738 4760 εἰς
790 4697 891 4763 τὴν
948 4695 1232 4774 ἀντιπέραν
1285 4696 1574 4774 ἠπείγοντο
1630 4699 1887 4774 μεθορμί-

243 4790 460 4867 σασθαι,
519 4787 793 4862 σύμπλουν
843 4789 1029 4850 αδτοϊς
1087 4785 1240 4866 ἔχειν
1303 4785 1572 4851 ἀξιοῦντες
1642 4786 1738 4843 καί
1788 4790 1887 4855 τήν

244 4875 523 4952 παρθένον.
586 4875 737 4932 Ἐπεί
768 4874 823 4931 δὲ
868 4876 945 4950 μὴ
989 4874 1219 4949 ἔπειθόν,
1283 4873 1438 4952 ἄρτον
1470 4875 1604 4952 αύτῇ
1653 4877 1744 4932 τὸν
1796 4898 1893 4949 μισ

242 4965 370 5021 σθὸν
428 4963 521 5020 γαί
565 4964 755 5043 ἰχθύας
803 4962 1074 5028 ἐπιδόντες
1126 4964 1418 5025 ἀπέπλεον.
1480 4954 1544 5021 Ἠ
1587 4963 1642 5020 δὲ
1712 4963 1892 5023 ’Ὶνδον

241 5054 334 5111 καὶ
385 5059 491 5109 τῶν
533 5054 719 5126 ἓκείνιρ
776 5052 1047 5110 συνάθλων
1103 5055 1195 5109 τὸν
1257 5054 1482 5110 θάνατόν
1538 5074 1596 5110 τε
1656 5055 1740 5110 καὶ
1798 5056 1889 5111 τὸν

236 5150 334 5201 τοῦ
388 5142 612 5199 θανάτοῦ
667 5144 888 5221 τρόπον,
949 5142 1128 5221 ὥσπερ
1185 5142 1414 5220 ἔφημεν,
1468 5140 1572 5211 ἤδη
1623 5147 1882 5216 μαθοῦσα,

232 5231 439 5297 ἐπέστη
498 5231 597 5306 μὲν
652 5244 771 5297 τοῖς
827 5231 1093 5310 σώμασιν,
1154 5231 1437 5287 ἀνεσκόπξι
1481 5229 1535 5286 δὲ
1592 5233 1679 5288 καὶ
1728 5254 1883 5305 περι-

231 5320 486 5400 έστρεφεν
529 5322 750 5392 ἱκανῶς,
819 5320 943 5377 εἶτα
1012 5320 1100 5378 καὶ
1158 5321 1290 5398 πρὸς
1362 5317 1629 5398 ἀκρίϐειαν
1686 5319 1886 5378 ἕκαστα

233 5408 655 5483 κατεμάνθανεν.
702 5411 852 5467 Ἒτιεὶ
912 5408 1000 5464 οὗν
1045 5411 1091 5465 οἱ
1137 5404 1478 5489 χαρακτῆρες
1513 5410 1645 5485 αὖτῇ
1674 5412 1760 5467 καὶ
1817 5412 1883 5467 τὰ

234 5495 483 5573 σ’δέιϐολπτ
542 5496 668 5553 δλου
726 5497 789 5565 δὴ
818 5497 909 5554 τοῦ
940 5499 1188 5571 σώματος
1223 5500 1340 5561 τοὺς
1372 5499 1549 5576 ἁγίους
1585 5503 1725 5556 εἶναι
1781 5522 1879 5558 σα-

230 5589 345 5673 αρῶς
387 5588 744 5666 ὑπηγόρευον,
790 5589 944 5673 χερσὶ
994 5593 1153 5646 τοῦτα
1215 5584 1570 5660 περιλαϐοῦσα
1600 5591 1685 5645 καὶ
1716 5590 1879 5672 χείλη

1982 3213 2053 3256 eo
2085 3194 2300 3275 potius,
2328 3195 2483 3275 quod
2515 3194 2842 3269 videbatur,
2895 3214 3023 3258 eam
3078 3202 3359 3257 vocarunt
3390 3216 3403 3257 :
3448 3195 3615 3263 Veni,

1980 3283 2247 3346 dicentes
2276 3284 2648 3366 adolescens,
2701 3284 2876 3346 nobis
2919 3303 3093 3365 opem
3143 3285 3391 3357 laturus,
3448 3291 3509 3344 ut
3561 3290 3618 3344 te

1980 3373 2158 3436 etiam
2189 3374 2399 3454 praeda;
2419 3374 2706 3436 faciamus
2737 3374 3110 3455 participem.
3139 3373 3245 3437 Illa
3274 3382 3470 3435 autem
3502 3373 3619 3434 ala-

1979 3464 2064 3525 cri
2091 3465 2291 3525 animo
2323 3463 2407 3524 eis
2436 3463 2886 3540 obtemperavit.
2917 3462 3190 3542 Iugressa
3225 3480 3384 3535 vero,
3422 3461 3615 3541 pisca-

1975 3559 2167 3613 torum
2200 3551 2399 3614 statim
2449 3552 2823 3614 conturbavit
2862 3553 3064 3614 oculos
3106 3559 3165 3613 et
3190 3549 3444 3622 animos,
3477 3548 3611 3611 cum

1977 3639 2243 3701 viderent
2284 3659 2414 3702 eam
2443 3640 2632 3703 videri
2662 3640 2902 3717 quidem
2940 3642 3151 3713 vivum,
3188 3656 3383 3701 mores
3413 3646 3610 3700 autem

1976 3735 2035 3791 et
2064 3728 2406 3807 virginalem
2443 3729 2950 3810 pulchritudinem
2984 3737 3040 3790 et
3070 3728 3358 3809 pudorem
3393 3727 3452 3788 in
3485 3728 3611 3806 ejus

1976 3817 2164 3879 oculis
2195 3816 2473 3881 insidere.
2506 3816 2727 3879 Verum
2779 3817 3079 3878 enimvero
3106 3835 3239 3877 cum
3268 3815 3339 3878 ad
3373 3815 3611 3895 piscan-

1976 3906 2115 3966 dum
2134 3905 2282 3968 retia
2301 3904 2848 3984 demisissent,cum
2872 3904 3298 3984 magnolabore
3309 3905 3378 3965 ad
3395 3911 3612 3966 terram

1975 3994 2324 4075 avellerunt,
2377 3994 2623 4072 perinde
2673 4012 2738 4055 ac
2792 3995 2839 4054 si
2880 4012 3157 4073 magnum
3192 3993 3428 4073 aliquod
3462 4012 3612 4074 pon-

1976 4084 2089 4145 dus
2135 4084 2191 4144 in
2240 4084 2325 4145 eis
2373 4082 2686 4147 sentirent.
2741 4083 2869 4145 Jam
2902 4101 3041 4144 vero
3073 4102 3203 4144 cum
3241 4102 3422 4161 prope
3454 4083 3617 4146 littus

1973 4172 2296 4252 venissent,
2324 4180 2501 4234 noctu
2523 4172 2890 4245 vident,luna
2911 4172 3248 4250 depellente
3272 4171 3609 4249 caliginem,

1973 4261 2535 4342 etcomprehensam
2552 4260 2802 4341 piscium
2819 4260 3348 4335 mtilti'udinem,et
3367 4279 3616 4341 corpora

1974 4358 2201 4412 mortua
2233 4349 2294 4410 in
2325 4357 2536 4413 ventre
2566 4349 2736 4413 retis.

2053 4430 2311 4494 XXXIV.
2366 4434 2561 4512 Atque
2605 4429 2693 4490 illi
2723 4428 2964 4509 quidem
2997 4430 3227 4492 visione
3256 4430 3610 4503 conturbati,

1972 4540 2105 4582 cum
2139 4538 2258 4599 prae
2289 4519 2494 4581 dolore
2543 4527 2602 4580 et
2632 4529 2792 4580 metu
2823 4537 3073 4600 corpora
3102 4517 3525 4591 excussissent,
3557 4526 3616 4580 et

1971 4612 2030 4671 in
2062 4618 2219 4672 terra
2243 4608 2682 4688 deposuissent,
2710 4608 2938 4669 retibus
2963 4608 3258 4681 collectis,
3292 4608 3616 4669 contende—

1971 4698 2113 4759 bant
2144 4698 2542 4757 transmittere
2576 4696 2632 4756 in
2665 4698 3041 4776 religionem,
3093 4715 3224 4774 qua)
3250 4705 3372 4757 erat
3403 4716 3470 4757 ex
3501 4696 3609 4758 ad-

1967 4803 2167 4848 verso.
2203 4785 2470 4845 volentes
2526 4784 2583 4845 in
2627 4787 2759 4845 navi
2814 4803 3018 4845 secum
3051 4786 3269 4845 vehere
3296 4784 3608 4862 virginem.

1977 4875 2121 4937 Cum
2149 4882 2340 4935 autem
2398 4891 2515 4934 non
2570 4871 3022 4954 persuaderent,
3059 4872 3197 4932 dato
3224 4874 3278 4932 ei
3311 4890 3413 4951 pro
3449 4890 3611 4934 mer-

1974 4964 2121 5028 cede
2171 4982 2323 5038 pane
2366 4969 2425 5024 et
2477 4960 2764 5041 piscibus,
2816 4960 3113 5021 abierunt.
3156 4959 3263 5020 Illa
3305 4977 3440 5020 vero
3472 4977 3605 5021 cum

1971 5051 2132 5114 Inda}
2166 5059 2224 5112 et
2254 5051 2415 5112 Illius
2449 5049 2747 5110 sociorum
2781 5058 2842 5109 et
2871 5056 3120 5109 mortem
3148 5058 3207 5109 et
3225 5064 3411 5125 genus
3442 5065 3602 5107 mor.

1972 5141 2069 5217 tis,
2129 5150 2188 5200 ut
2242 5141 2404 5221 prius
2447 5138 2725 5215 diximus,
2776 5137 2897 5215 jam
2956 5142 3303 5215 a"cepisset,
3356 5141 3602 5196 accessit

1969 5230 2208 5310 quidem
2268 5229 2337 5290 ad
2388 5244 2675 5307 corpora:
2730 5226 3045 5305 diligenter
3082 5232 3275 5285 autem
3319 5223 3595 5283 conside-

1965 5320 2114 5381 ravit
2145 5326 2203 5380 et.
2234 5316 2502 5391 versavit,
2539 5325 2596 5377 et
2627 5315 2845 5376 deinde
2875 5315 3046 5375 etiam
3071 5313 3301 5391 singula
3327 5321 3599 5374 accurate

1965 5409 2193 5472 didicit.
2231 5407 2541 5483 Postquam
2577 5423 2715 5467 vero
2767 5405 2968 5482 ﬁguris
3015 5412 3071 5465 et
3121 5402 3299 5462 totius
3327 5402 3595 5480 corporis

1964 5499 2133 5577 signa
2153 5497 2285 5560 illos
2308 5513 2440 5558 esse
2460 5501 2695 5556 sanctos
2711 5502 2916 5574 aperte
2929 5491 3439 5572 signiticabant,ea
3463 5508 3592 5551 rna-

1965 5589 2137 5652 nibus
2154 5587 2482 5674 accipiens,
2515 5593 2570 5648 et
2600 5584 2686 5650 eis
2713 5584 2877 5646 labra
2906 5600 3117 5665 magno
3133 5579 3458 5645 admovens
3480 5578 3587 5644 de-
