  <div class='ocr_page' id='page_1' title='image "/cluster/home/n/w/nwhite01/storage/ocr_20150623/116/mdp.39015008903554/547.png"; bbox 0 0 4056 6152; ppageno 0'>
   <div class='ocr_carea' id='block_1_1' title="bbox 537 341 695 407">
    <p class='ocr_par' dir='ltr' id='par_1_1' title="bbox 537 341 695 407">
     <span class='ocr_line' id='line_1_1' title="bbox 537 341 695 407; baseline 0 0"><span class='ocrx_word' id='word_1_1' title='bbox 537 341 695 407; x_wconf 78' lang='grc'><strong>1079</strong></span> 
     </span>
    </p>
   </div>
   <div class='ocr_carea' id='block_1_2' title="bbox 1700 340 2740 404">
    <p class='ocr_par' dir='ltr' id='par_1_2' title="bbox 1700 340 2740 404">
     <span class='ocr_line' id='line_1_2' title="bbox 1700 340 2740 404; baseline -0.004 0"><span class='ocrx_word' id='word_1_2' title='bbox 1700 341 2082 404; x_wconf 85' lang='lat' dir='ltr'><strong>ADDENDA.</strong></span> <span class='ocrx_word' id='word_1_3' title='bbox 2170 373 2240 385; x_wconf 91' lang='lat'><strong>—</strong></span> <span class='ocrx_word' id='word_1_4' title='bbox 2316 340 2740 402; x_wconf 83' lang='lat' dir='ltr'><strong>DECEMBER.</strong></span> 
     </span>
    </p>
   </div>
   <div class='ocr_carea' id='block_1_3' title="bbox 3751 337 3866 402">
    <p class='ocr_par' dir='ltr' id='par_1_3' title="bbox 3751 337 3866 402">
     <span class='ocr_line' id='line_1_3' title="bbox 3751 337 3866 402; baseline 0.017 -2"><span class='ocrx_word' id='word_1_5' title='bbox 3751 337 3866 402; x_wconf 80' lang='lat'>1080</span> 
     </span>
    </p>
   </div>
   <div class='ocr_carea' id='block_1_4' title="bbox 535 475 2170 559">
    <p class='ocr_par' dir='ltr' id='par_1_4' title="bbox 535 475 2170 556">
     <span class='ocr_line' id='line_1_4' title="bbox 535 475 2170 556; baseline -0.001 -14"><span class='ocrx_word' id='word_1_6' title='bbox 535 478 785 554; x_wconf 91' lang='lat' dir='ltr'><strong>siderio,</strong></span> <span class='ocrx_word' id='word_1_7' title='bbox 817 477 1101 539; x_wconf 81' lang='lat' dir='ltr'><strong>ardenter</strong></span> <span class='ocrx_word' id='word_1_8' title='bbox 1129 475 1633 556; x_wconf 77' lang='lat' dir='ltr'><strong>amplectebatur,</strong></span> <span class='ocrx_word' id='word_1_9' title='bbox 1667 481 1785 538; x_wconf 86' lang='lat' dir='ltr'><strong>tota</strong></span> <span class='ocrx_word' id='word_1_10' title='bbox 1827 476 1956 556; x_wconf 89' lang='lat' dir='ltr'><strong>ejus</strong></span> <span class='ocrx_word' id='word_1_11' title='bbox 1985 478 2170 540; x_wconf 73' lang='lat' dir='ltr'><strong>anima</strong></span> 
     </span>
    </p>
   </div>
   <div class='ocr_carea' id='block_1_5' title="bbox 2254 475 3873 559">
    <p class='ocr_par' dir='ltr' id='par_1_5' title="bbox 2267 477 3873 559">
     <span class='ocr_line' id='line_1_5' title="bbox 2267 477 3873 559; baseline -0.001 -23"><span class='ocrx_word' id='word_1_12' title='bbox 2267 482 2521 540; x_wconf 79' lang='grc' dir='ltr'>ποθεινῶς</span> <span class='ocrx_word' id='word_1_13' title='bbox 2584 482 2768 542; x_wconf 79' lang='grc' dir='ltr'>αὐτοῖς</span> <span class='ocrx_word' id='word_1_14' title='bbox 2845 481 3166 559; x_wconf 74' lang='grc' dir='ltr'>περιθεῖσα,</span> <span class='ocrx_word' id='word_1_15' title='bbox 3238 477 3443 558; x_wconf 79' lang='grc' dir='ltr'><strong>θερμῶς</strong></span> <span class='ocrx_word' id='word_1_16' title='bbox 3504 477 3766 549; x_wconf 76' lang='grc' dir='ltr'>ἠσπάζετο</span> <span class='ocrx_word' id='word_1_17' title='bbox 3804 481 3873 536; x_wconf 77' lang='grc' dir='ltr'><strong>καὶ</strong></span> 
     </span>
    </p>
   </div>
   <div class='ocr_carea' id='block_1_6' title="bbox 537 563 2184 648">
    <p class='ocr_par' dir='ltr' id='par_1_6' title="bbox 537 563 2184 648">
     <span class='ocr_line' id='line_1_6' title="bbox 537 563 2184 648; baseline -0.001 -18"><span class='ocrx_word' id='word_1_18' title='bbox 537 567 718 631; x_wconf 89' lang='lat' dir='ltr'><strong>simul</strong></span> <span class='ocrx_word' id='word_1_19' title='bbox 749 585 988 647; x_wconf 89' lang='lat' dir='ltr'><strong>quoque</strong></span> <span class='ocrx_word' id='word_1_20' title='bbox 1019 565 1445 645; x_wconf 80' lang='lat' dir='ltr'><strong>amplectente.</strong></span> <span class='ocrx_word' id='word_1_21' title='bbox 1481 565 1624 627; x_wconf 92' lang='lat' dir='ltr'><strong>Cum</strong></span> <span class='ocrx_word' id='word_1_22' title='bbox 1658 564 1782 625; x_wconf 83' lang='lat' dir='ltr'><strong>haec</strong></span> <span class='ocrx_word' id='word_1_23' title='bbox 1813 563 2061 648; x_wconf 86' lang='lat' dir='ltr'><strong>faceret,</strong></span> <span class='ocrx_word' id='word_1_24' title='bbox 2095 569 2184 629; x_wconf 80' lang='lat' dir='ltr'><strong>vi-</strong></span> 
     </span>
    </p>
   </div>
   <div class='ocr_carea' id='block_1_7' title="bbox 536 652 2183 736">
    <p class='ocr_par' dir='ltr' id='par_1_7' title="bbox 536 652 2183 736">
     <span class='ocr_line' id='line_1_7' title="bbox 536 652 2183 736; baseline -0.001 -17"><span class='ocrx_word' id='word_1_25' title='bbox 536 657 639 719; x_wconf 88' lang='lat' dir='ltr'><strong>det</strong></span> <span class='ocrx_word' id='word_1_26' title='bbox 698 673 904 717; x_wconf 90' lang='lat' dir='ltr'><strong>navem</strong></span> <span class='ocrx_word' id='word_1_27' title='bbox 959 655 1084 734; x_wconf 89' lang='lat' dir='ltr'><strong>jam</strong></span> <span class='ocrx_word' id='word_1_28' title='bbox 1139 653 1286 714; x_wconf 81' lang='lat' dir='ltr'><strong>ferri</strong></span> <span class='ocrx_word' id='word_1_29' title='bbox 1333 653 1406 715; x_wconf 90' lang='lat' dir='ltr'><strong>ad</strong></span> <span class='ocrx_word' id='word_1_30' title='bbox 1460 654 1655 732; x_wconf 89' lang='lat' dir='ltr'><strong>ipsum</strong></span> <span class='ocrx_word' id='word_1_31' title='bbox 1689 652 1876 729; x_wconf 87' lang='lat' dir='ltr'><strong>littus,</strong></span> <span class='ocrx_word' id='word_1_32' title='bbox 1909 656 2035 716; x_wconf 91' lang='lat' dir='ltr'><strong>velo</strong></span> <span class='ocrx_word' id='word_1_33' title='bbox 2060 655 2183 736; x_wconf 89' lang='lat' dir='ltr'><strong>jam</strong></span> 
     </span>
    </p>
   </div>
   <div class='ocr_carea' id='block_1_8' title="bbox 537 741 2182 826">
    <p class='ocr_par' dir='ltr' id='par_1_8' title="bbox 537 741 2182 826">
     <span class='ocr_line' id='line_1_8' title="bbox 537 741 2182 826; baseline 0.001 -19"><span class='ocrx_word' id='word_1_34' title='bbox 537 744 820 819; x_wconf 91' lang='lat' dir='ltr'><strong>demisso,</strong></span> <span class='ocrx_word' id='word_1_35' title='bbox 855 751 914 805; x_wconf 91' lang='lat' dir='ltr'><strong>et</strong></span> <span class='ocrx_word' id='word_1_36' title='bbox 941 741 1085 804; x_wconf 90' lang='lat' dir='ltr'><strong>solis</strong></span> <span class='ocrx_word' id='word_1_37' title='bbox 1114 742 1296 803; x_wconf 89' lang='lat' dir='ltr'><strong>remis</strong></span> <span class='ocrx_word' id='word_1_38' title='bbox 1348 741 1570 802; x_wconf 89' lang='lat' dir='ltr'><strong>sensim</strong></span> <span class='ocrx_word' id='word_1_39' title='bbox 1613 741 1686 804; x_wconf 91' lang='lat' dir='ltr'><strong>ad</strong></span> <span class='ocrx_word' id='word_1_40' title='bbox 1723 750 1940 804; x_wconf 88' lang='lat' dir='ltr'><strong>terram</strong></span> <span class='ocrx_word' id='word_1_41' title='bbox 1974 746 2182 826; x_wconf 92' lang='lat' dir='ltr'><strong>appel-</strong></span> 
     </span>
    </p>
   </div>
   <div class='ocr_carea' id='block_1_9' title="bbox 535 830 2184 911">
    <p class='ocr_par' dir='ltr' id='par_1_9' title="bbox 535 830 2184 911">
     <span class='ocr_line' id='line_1_9' title="bbox 535 830 2184 911; baseline 0.001 -16"><span class='ocrx_word' id='word_1_42' title='bbox 535 833 681 896; x_wconf 86' lang='lat' dir='ltr'><strong>lere.</strong></span> <span class='ocrx_word' id='word_1_43' title='bbox 715 830 1027 896; x_wconf 90' lang='lat' dir='ltr'><strong>Accedens</strong></span> <span class='ocrx_word' id='word_1_44' title='bbox 1071 830 1252 910; x_wconf 84' lang='lat' dir='ltr'><strong>igitur</strong></span> <span class='ocrx_word' id='word_1_45' title='bbox 1306 831 1496 911; x_wconf 82' lang='lat' dir='ltr'><strong>virgo,</strong></span> <span class='ocrx_word' id='word_1_46' title='bbox 1538 849 1674 892; x_wconf 85' lang='lat' dir='ltr'><strong>cum</strong></span> <span class='ocrx_word' id='word_1_47' title='bbox 1704 840 1940 908; x_wconf 78' lang='lat' dir='ltr'><strong>nautas,</strong></span> <span class='ocrx_word' id='word_1_48' title='bbox 1977 843 2041 895; x_wconf 93' lang='lat' dir='ltr'><strong>ut</strong></span> <span class='ocrx_word' id='word_1_49' title='bbox 2073 835 2184 897; x_wconf 91' lang='lat' dir='ltr'><strong>de-</strong></span> 
     </span>
    </p>
   </div>
   <div class='ocr_carea' id='block_1_10' title="bbox 535 919 2180 1001">
    <p class='ocr_par' dir='ltr' id='par_1_10' title="bbox 535 919 2180 1001">
     <span class='ocr_line' id='line_1_10' title="bbox 535 919 2180 1001; baseline -0.002 -17"><span class='ocrx_word' id='word_1_50' title='bbox 535 921 726 997; x_wconf 87' lang='lat' dir='ltr'><strong>cebat,</strong></span> <span class='ocrx_word' id='word_1_51' title='bbox 773 920 1158 1000; x_wconf 85' lang='lat' dir='ltr'><strong>appellasset,</strong></span> <span class='ocrx_word' id='word_1_52' title='bbox 1211 919 1478 982; x_wconf 85' lang='lat' dir='ltr'><strong>ostendit</strong></span> <span class='ocrx_word' id='word_1_53' title='bbox 1535 921 1711 982; x_wconf 88' lang='lat' dir='ltr'><strong>etiam</strong></span> <span class='ocrx_word' id='word_1_54' title='bbox 1765 921 1979 1001; x_wconf 91' lang='lat' dir='ltr'><strong>pisces.</strong></span> <span class='ocrx_word' id='word_1_55' title='bbox 2017 925 2180 988; x_wconf 77' lang='lat' dir='ltr'><strong>Nau-</strong></span> 
     </span>
    </p>
   </div>
   <div class='ocr_carea' id='block_1_11' title="bbox 533 1009 2182 1093">
    <p class='ocr_par' dir='ltr' id='par_1_11' title="bbox 533 1009 2182 1093">
     <span class='ocr_line' id='line_1_11' title="bbox 533 1009 2182 1093; baseline 0.002 -21"><span class='ocrx_word' id='word_1_56' title='bbox 533 1011 729 1072; x_wconf 80' lang='lat' dir='ltr'><strong>clerus</strong></span> <span class='ocrx_word' id='word_1_57' title='bbox 759 1015 956 1071; x_wconf 90' lang='lat' dir='ltr'><strong>autem</strong></span> <span class='ocrx_word' id='word_1_58' title='bbox 988 1027 1117 1069; x_wconf 66' lang='lat' dir='ltr'><strong>eam</strong></span> <span class='ocrx_word' id='word_1_59' title='bbox 1168 1009 1302 1072; x_wconf 89' lang='lat' dir='ltr'><strong>illos</strong></span> <span class='ocrx_word' id='word_1_60' title='bbox 1359 1009 1623 1072; x_wconf 86' lang='lat' dir='ltr'><strong>vendere</strong></span> <span class='ocrx_word' id='word_1_61' title='bbox 1653 1009 2023 1093; x_wconf 84' lang='lat' dir='ltr'><strong>existimans,</strong></span> <span class='ocrx_word' id='word_1_62' title='bbox 2057 1025 2182 1075; x_wconf 84' lang='lat' dir='ltr'><strong>sta-</strong></span> 
     </span>
    </p>
   </div>
   <div class='ocr_carea' id='block_1_12' title="bbox 531 1098 2182 1177">
    <p class='ocr_par' dir='ltr' id='par_1_12' title="bbox 531 1098 2182 1177">
     <span class='ocr_line' id='line_1_12' title="bbox 531 1098 2182 1177; baseline 0.004 -18"><span class='ocrx_word' id='word_1_63' title='bbox 531 1105 636 1160; x_wconf 85' lang='lat' dir='ltr'><strong>tim</strong></span> <span class='ocrx_word' id='word_1_64' title='bbox 662 1098 887 1177; x_wconf 79' lang='lat' dir='ltr'><strong>rogavit</strong></span> <span class='ocrx_word' id='word_1_65' title='bbox 917 1098 1125 1176; x_wconf 89' lang='lat' dir='ltr'><strong>quanti</strong></span> <span class='ocrx_word' id='word_1_66' title='bbox 1154 1099 1463 1160; x_wconf 81' lang='lat' dir='ltr'><strong>venderet.</strong></span> <span class='ocrx_word' id='word_1_67' title='bbox 1496 1098 1601 1160; x_wconf 92' lang='lat' dir='ltr'><strong>Illa</strong></span> <span class='ocrx_word' id='word_1_68' title='bbox 1632 1117 1773 1160; x_wconf 91' lang='lat' dir='ltr'><strong>vero</strong></span> <span class='ocrx_word' id='word_1_69' title='bbox 1807 1099 1954 1161; x_wconf 87' lang='lat' dir='ltr'><strong>dixit</strong></span> <span class='ocrx_word' id='word_1_70' title='bbox 1983 1120 2048 1164; x_wconf 92' lang='lat' dir='ltr'><strong>se</strong></span> <span class='ocrx_word' id='word_1_71' title='bbox 2079 1121 2182 1164; x_wconf 90' lang='lat' dir='ltr'><strong>eos</strong></span> 
     </span>
    </p>
   </div>
   <div class='ocr_carea' id='block_1_13' title="bbox 525 1185 2176 1268">
    <p class='ocr_par' dir='ltr' id='par_1_13' title="bbox 525 1185 2176 1268">
     <span class='ocr_line' id='line_1_13' title="bbox 525 1185 2176 1268; baseline 0.002 -19"><span class='ocrx_word' id='word_1_72' title='bbox 525 1187 672 1266; x_wconf 75' lang='lat' dir='ltr'><strong>dare</strong></span> <span class='ocrx_word' id='word_1_73' title='bbox 702 1187 903 1266; x_wconf 83' lang='lat' dir='ltr'><strong>gratis.</strong></span> <span class='ocrx_word' id='word_1_74' title='bbox 939 1187 1084 1250; x_wconf 89' lang='lat' dir='ltr'><strong>Cum</strong></span> <span class='ocrx_word' id='word_1_75' title='bbox 1117 1195 1319 1250; x_wconf 89' lang='lat' dir='ltr'><strong>autem</strong></span> <span class='ocrx_word' id='word_1_76' title='bbox 1343 1187 1443 1249; x_wconf 89' lang='lat' dir='ltr'><strong>ille</strong></span> <span class='ocrx_word' id='word_1_77' title='bbox 1468 1185 1708 1268; x_wconf 89' lang='lat' dir='ltr'><strong>quidem</strong></span> <span class='ocrx_word' id='word_1_78' title='bbox 1748 1208 1866 1250; x_wconf 92' lang='lat' dir='ltr'><strong>non</strong></span> <span class='ocrx_word' id='word_1_79' title='bbox 1897 1190 2176 1268; x_wconf 87' lang='lat' dir='ltr'><strong>credens,</strong></span> 
     </span>
    </p>
   </div>
   <div class='ocr_carea' id='block_1_14' title="bbox 531 1275 2175 1357">
    <p class='ocr_par' dir='ltr' id='par_1_14' title="bbox 531 1275 2175 1357">
     <span class='ocr_line' id='line_1_14' title="bbox 531 1275 2175 1357; baseline 0.003 -19"><span class='ocrx_word' id='word_1_80' title='bbox 531 1295 745 1338; x_wconf 88' lang='lat' dir='ltr'><strong>rursus</strong></span> <span class='ocrx_word' id='word_1_81' title='bbox 777 1276 1150 1338; x_wconf 88' lang='lat' dir='ltr'><strong>meminisset</strong></span> <span class='ocrx_word' id='word_1_82' title='bbox 1182 1275 1379 1356; x_wconf 86' lang='lat' dir='ltr'><strong>pretii,</strong></span> <span class='ocrx_word' id='word_1_83' title='bbox 1415 1277 1513 1336; x_wconf 88' lang='lat' dir='ltr'><strong>illa</strong></span> <span class='ocrx_word' id='word_1_84' title='bbox 1541 1295 1678 1337; x_wconf 90' lang='lat' dir='ltr'><strong>vero</strong></span> <span class='ocrx_word' id='word_1_85' title='bbox 1733 1285 1920 1340; x_wconf 86' lang='lat' dir='ltr'><strong>staret</strong></span> <span class='ocrx_word' id='word_1_86' title='bbox 1952 1287 2175 1357; x_wconf 90' lang='lat' dir='ltr'><strong>tacens,</strong></span> 
     </span>
    </p>
   </div>
   <div class='ocr_carea' id='block_1_15' title="bbox 532 1365 2177 1446">
    <p class='ocr_par' dir='ltr' id='par_1_15' title="bbox 532 1365 2177 1446">
     <span class='ocr_line' id='line_1_15' title="bbox 532 1365 2177 1446; baseline 0.002 -19"><span class='ocrx_word' id='word_1_87' title='bbox 532 1373 590 1428; x_wconf 92' lang='lat' dir='ltr'><strong>et</strong></span> <span class='ocrx_word' id='word_1_88' title='bbox 619 1383 858 1427; x_wconf 91' lang='lat' dir='ltr'><strong>manum</strong></span> <span class='ocrx_word' id='word_1_89' title='bbox 893 1365 1244 1446; x_wconf 82' lang='lat' dir='ltr'><strong>porrigeret,</strong></span> <span class='ocrx_word' id='word_1_90' title='bbox 1280 1383 1411 1445; x_wconf 74' lang='lat' dir='ltr'><strong>quae</strong></span> <span class='ocrx_word' id='word_1_91' title='bbox 1470 1365 1779 1427; x_wconf 86' lang='lat' dir='ltr'><strong>videbatur</strong></span> <span class='ocrx_word' id='word_1_92' title='bbox 1809 1368 1956 1430; x_wconf 90' lang='lat' dir='ltr'><strong>velle</strong></span> <span class='ocrx_word' id='word_1_93' title='bbox 1988 1370 2177 1446; x_wconf 84' lang='lat' dir='ltr'><strong>grati-</strong></span> 
     </span>
    </p>
   </div>
   <div class='ocr_carea' id='block_1_16' title="bbox 529 1453 2174 1536">
    <p class='ocr_par' dir='ltr' id='par_1_16' title="bbox 529 1453 2174 1536">
     <span class='ocr_line' id='line_1_16' title="bbox 529 1453 2174 1536; baseline 0.002 -19"><span class='ocrx_word' id='word_1_94' title='bbox 529 1455 695 1518; x_wconf 81' lang='lat' dir='ltr'><strong>ﬁcari</strong></span> <span class='ocrx_word' id='word_1_95' title='bbox 733 1475 746 1518; x_wconf 91' lang='lat'>:</span> <span class='ocrx_word' id='word_1_96' title='bbox 780 1455 894 1516; x_wconf 91' lang='lat' dir='ltr'><strong>Per</strong></span> <span class='ocrx_word' id='word_1_97' title='bbox 951 1455 1149 1533; x_wconf 91' lang='lat' dir='ltr'><strong>ipsum</strong></span> <span class='ocrx_word' id='word_1_98' title='bbox 1210 1453 1539 1532; x_wconf 86' lang='lat' dir='ltr'><strong>Christum,</strong></span> <span class='ocrx_word' id='word_1_99' title='bbox 1592 1454 1783 1535; x_wconf 87' lang='lat' dir='ltr'><strong>inquit</strong></span> <span class='ocrx_word' id='word_1_100' title='bbox 1834 1459 2174 1536; x_wconf 89' lang='lat' dir='ltr'><strong>nauclerus,</strong></span> 
     </span>
    </p>
   </div>
   <div class='ocr_carea' id='block_1_17' title="bbox 529 1543 2180 1626">
    <p class='ocr_par' dir='ltr' id='par_1_17' title="bbox 529 1543 2180 1626">
     <span class='ocr_line' id='line_1_17' title="bbox 529 1543 2180 1626; baseline 0.003 -21"><span class='ocrx_word' id='word_1_101' title='bbox 529 1544 733 1625; x_wconf 90' lang='lat' dir='ltr'><strong>quanti</strong></span> <span class='ocrx_word' id='word_1_102' title='bbox 761 1543 1023 1606; x_wconf 77' lang='lat' dir='ltr'><strong>vendis?</strong></span> <span class='ocrx_word' id='word_1_103' title='bbox 1073 1544 1238 1607; x_wconf 91' lang='lat' dir='ltr'><strong>Tunc</strong></span> <span class='ocrx_word' id='word_1_104' title='bbox 1292 1561 1361 1604; x_wconf 84' lang='lat' dir='ltr'><strong>ex</strong></span> <span class='ocrx_word' id='word_1_105' title='bbox 1404 1543 1802 1622; x_wconf 86' lang='lat' dir='ltr'><strong>jurejurando</strong></span> <span class='ocrx_word' id='word_1_106' title='bbox 1836 1545 2180 1626; x_wconf 84' lang='lat' dir='ltr'><strong>intelligens</strong></span> 
     </span>
    </p>
   </div>
   <div class='ocr_carea' id='block_1_18' title="bbox 529 1631 2176 1713">
    <p class='ocr_par' dir='ltr' id='par_1_18' title="bbox 529 1631 2176 1713">
     <span class='ocr_line' id='line_1_18' title="bbox 529 1631 2176 1713; baseline 0.003 -19"><span class='ocrx_word' id='word_1_107' title='bbox 529 1650 822 1713; x_wconf 80' lang='lat' dir='ltr'><strong>generosa</strong></span> <span class='ocrx_word' id='word_1_108' title='bbox 854 1632 1016 1712; x_wconf 88' lang='lat' dir='ltr'><strong>virgo</strong></span> <span class='ocrx_word' id='word_1_109' title='bbox 1047 1651 1186 1694; x_wconf 87' lang='lat' dir='ltr'><strong>eum</strong></span> <span class='ocrx_word' id='word_1_110' title='bbox 1217 1648 1352 1693; x_wconf 91' lang='lat' dir='ltr'><strong>esse</strong></span> <span class='ocrx_word' id='word_1_111' title='bbox 1391 1631 1579 1712; x_wconf 89' lang='lat' dir='ltr'><strong>pium,</strong></span> <span class='ocrx_word' id='word_1_112' title='bbox 1614 1632 1764 1694; x_wconf 88' lang='lat' dir='ltr'><strong>nihil</strong></span> <span class='ocrx_word' id='word_1_113' title='bbox 1813 1634 1999 1696; x_wconf 88' lang='lat' dir='ltr'><strong>voluit</strong></span> <span class='ocrx_word' id='word_1_114' title='bbox 2042 1655 2176 1698; x_wconf 91' lang='lat' dir='ltr'><strong>eum</strong></span> 
     </span>
    </p>
   </div>
   <div class='ocr_carea' id='block_1_19' title="bbox 528 1720 2174 1802">
    <p class='ocr_par' dir='ltr' id='par_1_19' title="bbox 528 1720 2174 1802">
     <span class='ocr_line' id='line_1_19' title="bbox 528 1720 2174 1802; baseline 0.003 -19"><span class='ocrx_word' id='word_1_115' title='bbox 528 1722 746 1796; x_wconf 87' lang='lat' dir='ltr'><strong>celare,</strong></span> <span class='ocrx_word' id='word_1_116' title='bbox 787 1721 890 1782; x_wconf 92' lang='lat' dir='ltr'><strong>sed</strong></span> <span class='ocrx_word' id='word_1_117' title='bbox 943 1739 1079 1783; x_wconf 92' lang='lat' dir='ltr'><strong>cum</strong></span> <span class='ocrx_word' id='word_1_118' title='bbox 1135 1739 1271 1782; x_wconf 91' lang='lat' dir='ltr'><strong>eum</strong></span> <span class='ocrx_word' id='word_1_119' title='bbox 1321 1720 1477 1782; x_wconf 84' lang='lat' dir='ltr'><strong>foras</strong></span> <span class='ocrx_word' id='word_1_120' title='bbox 1530 1730 1837 1783; x_wconf 91' lang='lat' dir='ltr'><strong>evocasset</strong></span> <span class='ocrx_word' id='word_1_121' title='bbox 1886 1724 1956 1785; x_wconf 92' lang='lat' dir='ltr'><strong>ad</strong></span> <span class='ocrx_word' id='word_1_122' title='bbox 1987 1725 2174 1802; x_wconf 90' lang='lat' dir='ltr'><strong>littus,</strong></span> 
     </span>
    </p>
   </div>
   <div class='ocr_carea' id='block_1_20' title="bbox 2267 566 3873 648">
    <p class='ocr_par' dir='ltr' id='par_1_20' title="bbox 2267 566 3873 648">
     <span class='ocr_line' id='line_1_20' title="bbox 2267 566 3873 648; baseline -0.002 -24"><span class='ocrx_word' id='word_1_123' title='bbox 2267 567 2433 636; x_wconf 74' lang='grc' dir='ltr'>αὒτὴν</span> <span class='ocrx_word' id='word_1_124' title='bbox 2518 566 2650 634; x_wconf 77' lang='grc' dir='ltr'>ὅλην</span> <span class='ocrx_word' id='word_1_125' title='bbox 2730 566 2932 647; x_wconf 77' lang='grc' dir='ltr'>ἔχουσα</span> <span class='ocrx_word' id='word_1_126' title='bbox 2985 567 3085 635; x_wconf 74' lang='grc' dir='ltr'>τὴν</span> <span class='ocrx_word' id='word_1_127' title='bbox 3162 572 3348 648; x_wconf 60' lang='grc' dir='ltr'>ψυχὴν</span> <span class='ocrx_word' id='word_1_128' title='bbox 3404 566 3873 648; x_wconf 74' lang='grc' dir='ltr'>συνασπαζομένην,</span> 
     </span>
    </p>
   </div>
   <div class='ocr_carea' id='block_1_21' title="bbox 2269 654 3875 734">
    <p class='ocr_par' dir='ltr' id='par_1_21' title="bbox 2269 654 3875 734">
     <span class='ocr_line' id='line_1_21' title="bbox 2269 654 3875 734; baseline 0 -21"><span class='ocrx_word' id='word_1_129' title='bbox 2269 657 2370 713; x_wconf 77' lang='grc' dir='ltr'>εἶθ’</span> <span class='ocrx_word' id='word_1_130' title='bbox 2417 656 2555 714; x_wconf 70' lang='grc' dir='ltr'>οὕτω</span> <span class='ocrx_word' id='word_1_131' title='bbox 2585 657 2673 713; x_wconf 83' lang='grc' dir='ltr'><strong>καὶ</strong></span> <span class='ocrx_word' id='word_1_132' title='bbox 2703 654 2924 734; x_wconf 85' lang='grc' dir='ltr'>δάκρυον</span> <span class='ocrx_word' id='word_1_133' title='bbox 2973 654 3069 724; x_wconf 73' lang='grc' dir='ltr'><strong>ἡδὺ</strong></span> <span class='ocrx_word' id='word_1_134' title='bbox 3114 657 3516 713; x_wconf 88' lang='grc' dir='ltr'>κατασπείσασα</span> <span class='ocrx_word' id='word_1_135' title='bbox 3559 663 3668 713; x_wconf 90' lang='grc' dir='ltr'><strong>τῶν</strong></span> <span class='ocrx_word' id='word_1_136' title='bbox 3715 660 3875 730; x_wconf 73' lang='grc' dir='ltr'>σωμά-</span> 
     </span>
    </p>
   </div>
   <div class='ocr_carea' id='block_1_22' title="bbox 2267 743 3878 824">
    <p class='ocr_par' dir='ltr' id='par_1_22' title="bbox 2267 743 3878 824">
     <span class='ocr_line' id='line_1_22' title="bbox 2267 743 3878 824; baseline -0.001 -22"><span class='ocrx_word' id='word_1_137' title='bbox 2267 767 2397 809; x_wconf 89' lang='grc' dir='ltr'>των,</span> <span class='ocrx_word' id='word_1_138' title='bbox 2440 745 2530 803; x_wconf 89' lang='grc' dir='ltr'>Ἐν</span> <span class='ocrx_word' id='word_1_139' title='bbox 2581 749 2625 820; x_wconf 84' lang='grc' dir='ltr'>ᾧ</span> <span class='ocrx_word' id='word_1_140' title='bbox 2679 753 2845 803; x_wconf 82' lang='grc' dir='ltr'>ταῦτα</span> <span class='ocrx_word' id='word_1_141' title='bbox 2873 744 3063 824; x_wconf 76' lang='grc' dir='ltr'>ἐποίει,</span> <span class='ocrx_word' id='word_1_142' title='bbox 3098 747 3194 817; x_wconf 80' lang='grc' dir='ltr'>ὁρᾷ</span> <span class='ocrx_word' id='word_1_143' title='bbox 3223 743 3416 803; x_wconf 88' lang='grc' dir='ltr'>πλοῖον</span> <span class='ocrx_word' id='word_1_144' title='bbox 3447 747 3585 820; x_wconf 74' lang='grc' dir='ltr'>πρὸς</span> <span class='ocrx_word' id='word_1_145' title='bbox 3617 746 3769 801; x_wconf 76' lang='grc' dir='ltr'>αὒτὺν</span> <span class='ocrx_word' id='word_1_146' title='bbox 3794 745 3878 814; x_wconf 75' lang='grc' dir='ltr'><strong>ἢδη</strong></span> 
     </span>
    </p>
   </div>
   <div class='ocr_carea' id='block_1_23' title="bbox 2269 833 3880 914">
    <p class='ocr_par' dir='ltr' id='par_1_23' title="bbox 2269 833 3880 914">
     <span class='ocr_line' id='line_1_23' title="bbox 2269 833 3880 914; baseline 0 -24"><span class='ocrx_word' id='word_1_147' title='bbox 2269 835 2556 914; x_wconf 81' lang='grc' dir='ltr'>φερόμενον</span> <span class='ocrx_word' id='word_1_148' title='bbox 2613 835 2704 891; x_wconf 80' lang='grc' dir='ltr'>τὸν</span> <span class='ocrx_word' id='word_1_149' title='bbox 2749 834 2991 914; x_wconf 78' lang='grc' dir='ltr'>αἰγιαλὸν</span> <span class='ocrx_word' id='word_1_150' title='bbox 3020 835 3116 902; x_wconf 75' lang='grc' dir='ltr'>τὴν</span> <span class='ocrx_word' id='word_1_151' title='bbox 3147 834 3336 902; x_wconf 84' lang='grc' dir='ltr'>ὀθόνην</span> <span class='ocrx_word' id='word_1_152' title='bbox 3366 834 3479 912; x_wconf 78' lang='grc' dir='ltr'>ἄρτι</span> <span class='ocrx_word' id='word_1_153' title='bbox 3533 833 3779 914; x_wconf 78' lang='grc' dir='ltr'>χαλάσαν</span> <span class='ocrx_word' id='word_1_154' title='bbox 3813 838 3880 891; x_wconf 67' lang='grc' dir='ltr'><strong>καὶ</strong></span> 
     </span>
    </p>
   </div>
   <div class='ocr_carea' id='block_1_24' title="bbox 2265 922 3881 1002">
    <p class='ocr_par' dir='ltr' id='par_1_24' title="bbox 2265 922 3881 1002">
     <span class='ocr_line' id='line_1_24' title="bbox 2265 922 3881 1002; baseline -0.001 -22"><span class='ocrx_word' id='word_1_155' title='bbox 2265 924 2470 989; x_wconf 80' lang='grc' dir='ltr'>κώπαις</span> <span class='ocrx_word' id='word_1_156' title='bbox 2513 923 2687 998; x_wconf 78' lang='grc' dir='ltr'>ἠρέμα</span> <span class='ocrx_word' id='word_1_157' title='bbox 2731 924 2920 999; x_wconf 83' lang='grc' dir='ltr'>μόναις</span> <span class='ocrx_word' id='word_1_158' title='bbox 2967 925 3186 982; x_wconf 81' lang='grc' dir='ltr'><strong>σαλεῦον</strong></span> <span class='ocrx_word' id='word_1_159' title='bbox 3231 925 3306 986; x_wconf 76' lang='grc' dir='ltr'>εἷς</span> <span class='ocrx_word' id='word_1_160' title='bbox 3350 928 3474 1002; x_wconf 80' lang='grc' dir='ltr'>γῆν,</span> <span class='ocrx_word' id='word_1_161' title='bbox 3545 922 3881 1002; x_wconf 72' lang='grc' dir='ltr'>Προσελθοῦσα</span> 
     </span>
    </p>
   </div>
   <div class='ocr_carea' id='block_1_25' title="bbox 2265 1011 3881 1092">
    <p class='ocr_par' dir='ltr' id='par_1_25' title="bbox 2265 1011 3881 1092">
     <span class='ocr_line' id='line_1_25' title="bbox 2265 1011 3881 1092; baseline -0.002 -22"><span class='ocrx_word' id='word_1_162' title='bbox 2265 1021 2389 1092; x_wconf 81' lang='grc' dir='ltr'>γοῦν</span> <span class='ocrx_word' id='word_1_163' title='bbox 2444 1015 2478 1081; x_wconf 81' lang='grc' dir='ltr'>ἡ</span> <span class='ocrx_word' id='word_1_164' title='bbox 2539 1011 2792 1092; x_wconf 80' lang='grc' dir='ltr'>παρθένος</span> <span class='ocrx_word' id='word_1_165' title='bbox 2824 1014 2913 1070; x_wconf 81' lang='grc' dir='ltr'><strong>καὶ</strong></span> <span class='ocrx_word' id='word_1_166' title='bbox 2952 1013 3013 1070; x_wconf 78' lang='grc' dir='ltr'>τὸ</span> <span class='ocrx_word' id='word_1_167' title='bbox 3043 1020 3150 1070; x_wconf 90' lang='grc' dir='ltr'><strong>τῶν</strong></span> <span class='ocrx_word' id='word_1_168' title='bbox 3191 1019 3396 1073; x_wconf 79' lang='grc' dir='ltr'>ναυτῶν</span> <span class='ocrx_word' id='word_1_169' title='bbox 3442 1011 3722 1091; x_wconf 73' lang='grc' dir='ltr'>πλήρωμα</span> <span class='ocrx_word' id='word_1_170' title='bbox 3749 1035 3881 1089; x_wconf 82' lang='grc' dir='ltr'>προσ-</span> 
     </span>
    </p>
   </div>
   <div class='ocr_carea' id='block_1_26' title="bbox 2264 1094 3879 1182">
    <p class='ocr_par' dir='ltr' id='par_1_26' title="bbox 2264 1094 3879 1182">
     <span class='ocr_line' id='line_1_26' title="bbox 2264 1094 3879 1182; baseline 0.001 -24"><span class='ocrx_word' id='word_1_171' title='bbox 2264 1103 2593 1182; x_wconf 88' lang='grc' dir='ltr'>α’γορεύσασα</span> <span class='ocrx_word' id='word_1_172' title='bbox 2649 1105 2723 1166; x_wconf 84' lang='grc' dir='ltr'>ὡς</span> <span class='ocrx_word' id='word_1_173' title='bbox 2769 1102 2939 1182; x_wconf 80' lang='grc' dir='ltr'>ἐχρῆν</span> <span class='ocrx_word' id='word_1_174' title='bbox 2992 1101 3268 1162; x_wconf 77' lang='grc' dir='ltr'>ὁποδείκνυ</span> <span class='ocrx_word' id='word_1_175' title='bbox 3297 1103 3383 1159; x_wconf 82' lang='grc' dir='ltr'><strong>καὶ</strong></span> <span class='ocrx_word' id='word_1_176' title='bbox 3430 1104 3554 1165; x_wconf 82' lang='grc' dir='ltr'>τοὺς</span> <span class='ocrx_word' id='word_1_177' title='bbox 3617 1105 3783 1181; x_wconf 73' lang='grc' dir='ltr'>ἰχθῦς.</span> <span class='ocrx_word' id='word_1_178' title='bbox 3836 1094 3879 1159; x_wconf 64' lang='grc' dir='ltr'>Ὀ</span> 
     </span>
    </p>
   </div>
   <div class='ocr_carea' id='block_1_27' title="bbox 2263 1190 3877 1270">
    <p class='ocr_par' dir='ltr' id='par_1_27' title="bbox 2263 1190 3877 1270">
     <span class='ocr_line' id='line_1_27' title="bbox 2263 1190 3877 1270; baseline 0.001 -23"><span class='ocrx_word' id='word_1_179' title='bbox 2263 1191 2316 1247; x_wconf 79' lang='grc' dir='ltr'><strong>δὲ</strong></span> <span class='ocrx_word' id='word_1_180' title='bbox 2367 1190 2659 1270; x_wconf 81' lang='grc' dir='ltr'>ναύκληρος</span> <span class='ocrx_word' id='word_1_181' title='bbox 2717 1191 2922 1248; x_wconf 79' lang='grc' dir='ltr'>πωλεῖν</span> <span class='ocrx_word' id='word_1_182' title='bbox 2967 1192 3129 1260; x_wconf 68' lang='grc' dir='ltr'>αὐτὴν</span> <span class='ocrx_word' id='word_1_183' title='bbox 3175 1193 3368 1259; x_wconf 75' lang='grc' dir='ltr'>οἰηθεὶς</span> <span class='ocrx_word' id='word_1_184' title='bbox 3427 1191 3753 1248; x_wconf 73' lang='grc' dir='ltr'>ἐπυνθάνετο</span> <span class='ocrx_word' id='word_1_185' title='bbox 3789 1214 3877 1248; x_wconf 81' lang='grc' dir='ltr'>πα-</span> 
     </span>
    </p>
   </div>
   <div class='ocr_carea' id='block_1_28' title="bbox 2261 1279 3880 1361">
    <p class='ocr_par' dir='ltr' id='par_1_28' title="bbox 2261 1279 3880 1361">
     <span class='ocr_line' id='line_1_28' title="bbox 2261 1279 3880 1361; baseline -0.001 -25"><span class='ocrx_word' id='word_1_186' title='bbox 2261 1281 2518 1361; x_wconf 74' lang='grc' dir='ltr'>ραχρῆμα</span> <span class='ocrx_word' id='word_1_187' title='bbox 2577 1281 2741 1337; x_wconf 89' lang='grc' dir='ltr'>πόσου</span> <span class='ocrx_word' id='word_1_188' title='bbox 2776 1281 2839 1336; x_wconf 82' lang='grc' dir='ltr'><strong>ἃν</strong></span> <span class='ocrx_word' id='word_1_189' title='bbox 2870 1281 3104 1361; x_wconf 84' lang='grc' dir='ltr'>πρίαιτο.</span> <span class='ocrx_word' id='word_1_190' title='bbox 3158 1281 3224 1337; x_wconf 85' lang='grc' dir='ltr'><strong>Ἦ</strong></span> <span class='ocrx_word' id='word_1_191' title='bbox 3285 1279 3340 1336; x_wconf 80' lang='grc' dir='ltr'><strong>δὲ</strong></span> <span class='ocrx_word' id='word_1_192' title='bbox 3384 1294 3592 1359; x_wconf 90' lang='grc' dir='ltr'>προῖκα</span> <span class='ocrx_word' id='word_1_193' title='bbox 3643 1279 3787 1358; x_wconf 80' lang='grc' dir='ltr'>ἔλεγε</span> <span class='ocrx_word' id='word_1_194' title='bbox 3812 1281 3880 1334; x_wconf 77' lang='grc' dir='ltr'><strong>καὶ</strong></span> 
     </span>
    </p>
   </div>
   <div class='ocr_carea' id='block_1_29' title="bbox 2259 1359 3879 1449">
    <p class='ocr_par' dir='ltr' id='par_1_29' title="bbox 2259 1359 3879 1449">
     <span class='ocr_line' id='line_1_29' title="bbox 2259 1359 3879 1449; baseline -0.003 -23"><span class='ocrx_word' id='word_1_195' title='bbox 2259 1359 2390 1449; x_wconf 70' lang='grc' dir='ltr'>πρὸς</span> <span class='ocrx_word' id='word_1_196' title='bbox 2447 1370 2608 1448; x_wconf 82' lang='grc' dir='ltr'>χάριν</span> <span class='ocrx_word' id='word_1_197' title='bbox 2661 1367 2886 1428; x_wconf 86' lang='grc' dir='ltr'>διδόναι.</span> <span class='ocrx_word' id='word_1_198' title='bbox 2953 1359 3048 1432; x_wconf 69' lang='grc' dir='ltr'>Ὠς</span> <span class='ocrx_word' id='word_1_199' title='bbox 3123 1369 3177 1425; x_wconf 76' lang='grc' dir='ltr'><strong>δὲ</strong></span> <span class='ocrx_word' id='word_1_200' title='bbox 3240 1370 3448 1434; x_wconf 77' lang='grc' dir='ltr'>ἐκεῖνος</span> <span class='ocrx_word' id='word_1_201' title='bbox 3509 1369 3614 1444; x_wconf 79' lang='grc' dir='ltr'>μὲν</span> <span class='ocrx_word' id='word_1_202' title='bbox 3674 1369 3879 1424; x_wconf 80' lang='grc' dir='ltr'>ἀπιστῶν</span> 
     </span>
    </p>
   </div>
   <div class='ocr_carea' id='block_1_30' title="bbox 2258 1458 3876 1534">
    <p class='ocr_par' dir='ltr' id='par_1_30' title="bbox 2258 1458 3876 1534">
     <span class='ocr_line' id='line_1_30' title="bbox 2258 1458 3876 1534; baseline -0.001 -20"><span class='ocrx_word' id='word_1_203' title='bbox 2258 1458 2532 1534; x_wconf 71' lang='grc' dir='ltr'>ἒμὲμνητο</span> <span class='ocrx_word' id='word_1_204' title='bbox 2592 1459 2680 1515; x_wconf 85' lang='grc' dir='ltr'><strong>καὶ</strong></span> <span class='ocrx_word' id='word_1_205' title='bbox 2709 1458 2852 1522; x_wconf 79' lang='grc' dir='ltr'>αὖθις</span> <span class='ocrx_word' id='word_1_206' title='bbox 2894 1458 3076 1534; x_wconf 73' lang='grc' dir='ltr'>τιμῆς,</span> <span class='ocrx_word' id='word_1_207' title='bbox 3128 1461 3162 1528; x_wconf 76' lang='grc' dir='ltr'>ἦ</span> <span class='ocrx_word' id='word_1_208' title='bbox 3208 1459 3264 1514; x_wconf 76' lang='grc' dir='ltr'><strong>δὲ</strong></span> <span class='ocrx_word' id='word_1_209' title='bbox 3321 1465 3587 1516; x_wconf 87' lang='grc' dir='ltr'>σιωπῶσα</span> <span class='ocrx_word' id='word_1_210' title='bbox 3651 1459 3876 1529; x_wconf 73' lang='grc' dir='ltr'>εἱστήκει,</span> 
     </span>
    </p>
   </div>
   <div class='ocr_carea' id='block_1_31' title="bbox 2262 1547 3878 1628">
    <p class='ocr_par' dir='ltr' id='par_1_31' title="bbox 2262 1547 3878 1628">
     <span class='ocr_line' id='line_1_31' title="bbox 2262 1547 3878 1628; baseline -0.003 -22"><span class='ocrx_word' id='word_1_211' title='bbox 2262 1548 2358 1606; x_wconf 65' lang='grc' dir='ltr'>καὶ</span> <span class='ocrx_word' id='word_1_212' title='bbox 2414 1559 2580 1628; x_wconf 85' lang='grc' dir='ltr'>χεῖρα</span> <span class='ocrx_word' id='word_1_213' title='bbox 2635 1548 2904 1626; x_wconf 82' lang='grc' dir='ltr'>προέτεινε</span> <span class='ocrx_word' id='word_1_214' title='bbox 2946 1549 3252 1627; x_wconf 81' lang='grc' dir='ltr'>χαρίζεσθαι</span> <span class='ocrx_word' id='word_1_215' title='bbox 3298 1548 3567 1628; x_wconf 78' lang='grc' dir='ltr'>ἐοικυῖαν,</span> <span class='ocrx_word' id='word_1_216' title='bbox 3621 1549 3757 1626; x_wconf 81' lang='grc' dir='ltr'>Πρὸς</span> <span class='ocrx_word' id='word_1_217' title='bbox 3802 1547 3878 1602; x_wconf 69' lang='grc' dir='ltr'><strong>αὖ·</strong></span> 
     </span>
    </p>
   </div>
   <div class='ocr_carea' id='block_1_32' title="bbox 2259 1636 3879 1717">
    <p class='ocr_par' dir='ltr' id='par_1_32' title="bbox 2259 1636 3879 1717">
     <span class='ocr_line' id='line_1_32' title="bbox 2259 1636 3879 1717; baseline -0.002 -24"><span class='ocrx_word' id='word_1_218' title='bbox 2259 1643 2377 1716; x_wconf 78' lang='grc' dir='ltr'>τοῦ,</span> <span class='ocrx_word' id='word_1_219' title='bbox 2410 1639 2437 1694; x_wconf 84' lang='grc' dir='ltr'><strong>ὁ</strong></span> <span class='ocrx_word' id='word_1_220' title='bbox 2473 1636 2793 1716; x_wconf 88' lang='grc' dir='ltr'>ναύκληρος,</span> <span class='ocrx_word' id='word_1_221' title='bbox 2824 1646 2916 1696; x_wconf 83' lang='grc' dir='ltr'>τοῦ</span> <span class='ocrx_word' id='word_1_222' title='bbox 2945 1644 3191 1714; x_wconf 78' lang='grc' dir='ltr'>Χριστοῦ,</span> <span class='ocrx_word' id='word_1_223' title='bbox 3225 1637 3414 1710; x_wconf 86' lang='grc' dir='ltr'>πόσον,</span> <span class='ocrx_word' id='word_1_224' title='bbox 3467 1637 3602 1717; x_wconf 74' lang='grc' dir='ltr'>ἔφη,</span> <span class='ocrx_word' id='word_1_225' title='bbox 3655 1636 3841 1700; x_wconf 81' lang='grc' dir='ltr'>πωλεῖς</span> <span class='ocrx_word' id='word_1_226' title='bbox 3868 1655 3879 1707; x_wconf 85' lang='grc'><strong>;</strong></span> 
     </span>
    </p>
   </div>
   <div class='ocr_carea' id='block_1_33' title="bbox 2260 1723 3882 1805">
    <p class='ocr_par' dir='ltr' id='par_1_33' title="bbox 2260 1723 3882 1805">
     <span class='ocr_line' id='line_1_33' title="bbox 2260 1723 3882 1805; baseline -0.003 -22"><span class='ocrx_word' id='word_1_227' title='bbox 2260 1726 2392 1784; x_wconf 84' lang='grc' dir='ltr'>Τότε</span> <span class='ocrx_word' id='word_1_228' title='bbox 2435 1727 2512 1801; x_wconf 87' lang='grc' dir='ltr'>τῷ</span> <span class='ocrx_word' id='word_1_229' title='bbox 2565 1725 2705 1805; x_wconf 80' lang='grc' dir='ltr'>ὅρκῳ</span> <span class='ocrx_word' id='word_1_230' title='bbox 2771 1728 2804 1793; x_wconf 85' lang='grc' dir='ltr'>ἡ</span> <span class='ocrx_word' id='word_1_231' title='bbox 2863 1727 3076 1803; x_wconf 87' lang='grc' dir='ltr'>γενναία</span> <span class='ocrx_word' id='word_1_232' title='bbox 3134 1724 3322 1795; x_wconf 71' lang='grc' dir='ltr'>εὐσεϐῆ</span> <span class='ocrx_word' id='word_1_233' title='bbox 3393 1727 3536 1783; x_wconf 80' lang='grc' dir='ltr'>εῖνοι</span> <span class='ocrx_word' id='word_1_234' title='bbox 3602 1728 3698 1782; x_wconf 78' lang='grc' dir='ltr'><strong>τὸν</strong></span> <span class='ocrx_word' id='word_1_235' title='bbox 3753 1723 3882 1802; x_wconf 78' lang='grc' dir='ltr'>ἄνδρα</span> 
     </span>
    </p>
   </div>
   <div class='ocr_carea' id='block_1_34' title="bbox 528 1809 2170 1895">
    <p class='ocr_par' dir='ltr' id='par_1_34' title="bbox 528 1809 2170 1891">
     <span class='ocr_line' id='line_1_34' title="bbox 528 1809 2170 1891; baseline 0.003 -18"><span class='ocrx_word' id='word_1_236' title='bbox 528 1811 791 1874; x_wconf 89' lang='lat' dir='ltr'><strong>ostendit</strong></span> <span class='ocrx_word' id='word_1_237' title='bbox 821 1809 879 1872; x_wconf 93' lang='lat' dir='ltr'><strong>ei</strong></span> <span class='ocrx_word' id='word_1_238' title='bbox 930 1828 1178 1891; x_wconf 78' lang='lat' dir='ltr'><strong>corpora</strong></span> <span class='ocrx_word' id='word_1_239' title='bbox 1238 1818 1603 1891; x_wconf 89' lang='lat' dir='ltr'><strong>sanctorum,</strong></span> <span class='ocrx_word' id='word_1_240' title='bbox 1638 1818 1697 1872; x_wconf 89' lang='lat' dir='ltr'><strong>et</strong></span> <span class='ocrx_word' id='word_1_241' title='bbox 1745 1811 2014 1875; x_wconf 86' lang='lat' dir='ltr'><strong>adhibuit</strong></span> <span class='ocrx_word' id='word_1_242' title='bbox 2041 1834 2170 1878; x_wconf 90' lang='lat' dir='ltr'><strong>eum</strong></span> 
     </span>
    </p>
   </div>
   <div class='ocr_carea' id='block_1_35' title="bbox 2254 1809 3881 1895">
    <p class='ocr_par' dir='ltr' id='par_1_35' title="bbox 2261 1813 3881 1893">
     <span class='ocr_line' id='line_1_35' title="bbox 2261 1813 3881 1893; baseline -0.004 -19"><span class='ocrx_word' id='word_1_243' title='bbox 2261 1819 2520 1890; x_wconf 78' lang='grc' dir='ltr'>μαθοῦσα,</span> <span class='ocrx_word' id='word_1_244' title='bbox 2580 1813 2726 1871; x_wconf 69' lang='grc' dir='ltr'>οὐδὲν</span> <span class='ocrx_word' id='word_1_245' title='bbox 2791 1813 3043 1882; x_wconf 77' lang='grc' dir='ltr'>ἠϐούλετο</span> <span class='ocrx_word' id='word_1_246' title='bbox 3100 1816 3372 1893; x_wconf 82' lang='grc' dir='ltr'>κρύπτειν,</span> <span class='ocrx_word' id='word_1_247' title='bbox 3421 1813 3547 1872; x_wconf 80' lang='grc' dir='ltr'>ἀλλ’</span> <span class='ocrx_word' id='word_1_248' title='bbox 3616 1814 3716 1881; x_wconf 79' lang='grc' dir='ltr'><strong>ἔξω</strong></span> <span class='ocrx_word' id='word_1_249' title='bbox 3766 1817 3881 1884; x_wconf 65' lang='grc' dir='ltr'>παρὰ</span> 
     </span>
    </p>
   </div>
   <div class='ocr_carea' id='block_1_36' title="bbox 525 1899 2170 1984">
    <p class='ocr_par' dir='ltr' id='par_1_36' title="bbox 525 1899 2170 1984">
     <span class='ocr_line' id='line_1_36' title="bbox 525 1899 2170 1984; baseline 0.004 -22"><span class='ocrx_word' id='word_1_250' title='bbox 525 1905 589 1962; x_wconf 92' lang='lat' dir='ltr'><strong>in</strong></span> <span class='ocrx_word' id='word_1_251' title='bbox 643 1901 985 1962; x_wconf 86' lang='lat' dir='ltr'><strong>societatem</strong></span> <span class='ocrx_word' id='word_1_252' title='bbox 1039 1899 1434 1978; x_wconf 88' lang='lat' dir='ltr'><strong>pulcherrimi</strong></span> <span class='ocrx_word' id='word_1_253' title='bbox 1497 1899 1844 1976; x_wconf 89' lang='lat' dir='ltr'><strong>ministerii,</strong></span> <span class='ocrx_word' id='word_1_254' title='bbox 1900 1904 2170 1984; x_wconf 77' lang='lat' dir='ltr'><strong>aperiens</strong></span> 
     </span>
    </p>
   </div>
   <div class='ocr_carea' id='block_1_37' title="bbox 2254 1899 3879 1984">
    <p class='ocr_par' dir='ltr' id='par_1_37' title="bbox 2258 1903 3879 1984">
     <span class='ocr_line' id='line_1_37' title="bbox 2258 1903 3879 1984; baseline -0.003 -23"><span class='ocrx_word' id='word_1_255' title='bbox 2258 1906 2349 1963; x_wconf 81' lang='grc' dir='ltr'>τὸν</span> <span class='ocrx_word' id='word_1_256' title='bbox 2409 1903 2648 1984; x_wconf 80' lang='grc' dir='ltr'>αἰγιαλὸν</span> <span class='ocrx_word' id='word_1_257' title='bbox 2699 1903 3105 1980; x_wconf 71' lang='grc' dir='ltr'>ὶκκαλεσαμένη</span> <span class='ocrx_word' id='word_1_258' title='bbox 3166 1903 3366 1961; x_wconf 66' lang='grc' dir='ltr'>ἒδείκν)</span> <span class='ocrx_word' id='word_1_259' title='bbox 3443 1926 3501 1962; x_wconf 91' lang='grc' dir='ltr'><strong>τε</strong></span> <span class='ocrx_word' id='word_1_260' title='bbox 3565 1905 3634 1962; x_wconf 76' lang='grc' dir='ltr'><strong>τὰ</strong></span> <span class='ocrx_word' id='word_1_261' title='bbox 3687 1925 3879 1976; x_wconf 77' lang='grc' dir='ltr'>σωματι</span> 
     </span>
    </p>
   </div>
   <div class='ocr_carea' id='block_1_38' title="bbox 527 1991 2170 2071">
    <p class='ocr_par' dir='ltr' id='par_1_38' title="bbox 527 1991 2170 2071">
     <span class='ocr_line' id='line_1_38' title="bbox 527 1991 2170 2071; baseline 0.002 -21"><span class='ocrx_word' id='word_1_262' title='bbox 527 2006 926 2071; x_wconf 91' lang='lat' dir='ltr'><strong>quorumnam</strong></span> <span class='ocrx_word' id='word_1_263' title='bbox 990 1995 1209 2063; x_wconf 90' lang='lat' dir='ltr'><strong>essent,</strong></span> <span class='ocrx_word' id='word_1_264' title='bbox 1273 1996 1330 2051; x_wconf 92' lang='lat' dir='ltr'><strong>et</strong></span> <span class='ocrx_word' id='word_1_265' title='bbox 1387 2005 1638 2050; x_wconf 88' lang='lat' dir='ltr'><strong>narrans</strong></span> <span class='ocrx_word' id='word_1_266' title='bbox 1671 1991 2170 2070; x_wconf 88' lang='lat' dir='ltr'><strong>quemadmodum</strong></span> 
     </span>
    </p>
   </div>
   <div class='ocr_carea' id='block_1_39' title="bbox 2254 1991 3876 2071">
    <p class='ocr_par' dir='ltr' id='par_1_39' title="bbox 2256 1993 3876 2071">
     <span class='ocr_line' id='line_1_39' title="bbox 2256 1993 3876 2071; baseline -0.003 -20"><span class='ocrx_word' id='word_1_267' title='bbox 2256 2000 2362 2051; x_wconf 90' lang='grc' dir='ltr'><strong>τῶν</strong></span> <span class='ocrx_word' id='word_1_268' title='bbox 2420 1995 2607 2071; x_wconf 81' lang='grc' dir='ltr'>ἁγίων,</span> <span class='ocrx_word' id='word_1_269' title='bbox 2663 1994 2750 2050; x_wconf 72' lang='grc' dir='ltr'><strong>καὶ</strong></span> <span class='ocrx_word' id='word_1_270' title='bbox 2823 1996 3076 2051; x_wconf 78' lang='grc' dir='ltr'>κοινωνὸν</span> <span class='ocrx_word' id='word_1_271' title='bbox 3153 1993 3390 2051; x_wconf 79' lang='grc' dir='ltr'>ἐποιεῖτο</span> <span class='ocrx_word' id='word_1_272' title='bbox 3445 2000 3545 2061; x_wconf 82' lang='grc' dir='ltr'>τῆς</span> <span class='ocrx_word' id='word_1_273' title='bbox 3609 1994 3726 2069; x_wconf 84' lang='grc' dir='ltr'>περὶ</span> <span class='ocrx_word' id='word_1_274' title='bbox 3771 1993 3876 2050; x_wconf 73' lang='grc' dir='ltr'>αὐτὰ</span> 
     </span>
    </p>
   </div>
   <div class='ocr_carea' id='block_1_40' title="bbox 529 2077 2170 2164">
    <p class='ocr_par' dir='ltr' id='par_1_40' title="bbox 529 2077 1704 2160">
     <span class='ocr_line' id='line_1_40' title="bbox 529 2077 1704 2160; baseline 0.001 -20"><span class='ocrx_word' id='word_1_275' title='bbox 529 2096 638 2160; x_wconf 91' lang='lat' dir='ltr'><strong>pro</strong></span> <span class='ocrx_word' id='word_1_276' title='bbox 661 2077 894 2144; x_wconf 87' lang='lat' dir='ltr'><strong>Christo</strong></span> <span class='ocrx_word' id='word_1_277' title='bbox 927 2079 1140 2141; x_wconf 86' lang='lat' dir='ltr'><strong>mortui</strong></span> <span class='ocrx_word' id='word_1_278' title='bbox 1166 2085 1366 2142; x_wconf 89' lang='lat' dir='ltr'><strong>essent</strong></span> <span class='ocrx_word' id='word_1_279' title='bbox 1397 2085 1704 2158; x_wconf 77' lang='lat' dir='ltr'><strong>martyres.</strong></span> 
     </span>
    </p>
   </div>
   <div class='ocr_carea' id='block_1_41' title="bbox 2254 2077 3877 2164">
    <p class='ocr_par' dir='ltr' id='par_1_41' title="bbox 2255 2081 3877 2164">
     <span class='ocr_line' id='line_1_41' title="bbox 2255 2081 3877 2164; baseline -0.003 -25"><span class='ocrx_word' id='word_1_280' title='bbox 2255 2081 2544 2151; x_wconf 76' lang='grc' dir='ltr'>καλλίστης</span> <span class='ocrx_word' id='word_1_281' title='bbox 2595 2083 2910 2162; x_wconf 84' lang='grc' dir='ltr'>ὗπηρεσίας,</span> <span class='ocrx_word' id='word_1_282' title='bbox 2965 2082 3042 2139; x_wconf 83' lang='grc' dir='ltr'><strong>ὧν</strong></span> <span class='ocrx_word' id='word_1_283' title='bbox 3097 2105 3154 2140; x_wconf 89' lang='grc' dir='ltr'><strong>τε</strong></span> <span class='ocrx_word' id='word_1_284' title='bbox 3211 2083 3305 2150; x_wconf 82' lang='grc' dir='ltr'><strong>εἴη</strong></span> <span class='ocrx_word' id='word_1_285' title='bbox 3365 2082 3766 2164; x_wconf 67' lang='grc' dir='ltr'>διασαφήσασα,</span> <span class='ocrx_word' id='word_1_286' title='bbox 3810 2084 3877 2136; x_wconf 75' lang='grc' dir='ltr'><strong>καὶ</strong></span> 
     </span>
    </p>
   </div>
   <div class='ocr_carea' id='block_1_42' title="bbox 2256 2170 3872 2252">
    <p class='ocr_par' dir='ltr' id='par_1_42' title="bbox 2256 2170 3872 2252">
     <span class='ocr_line' id='line_1_42' title="bbox 2256 2170 3872 2252; baseline -0.001 -25"><span class='ocrx_word' id='word_1_287' title='bbox 2256 2170 2402 2238; x_wconf 77' lang='grc' dir='ltr'>ὅπως</span> <span class='ocrx_word' id='word_1_288' title='bbox 2457 2171 2587 2249; x_wconf 78' lang='grc' dir='ltr'>ὑπὲρ</span> <span class='ocrx_word' id='word_1_289' title='bbox 2655 2179 2880 2250; x_wconf 77' lang='grc' dir='ltr'>Χριστοῦ</span> <span class='ocrx_word' id='word_1_290' title='bbox 2934 2173 3140 2230; x_wconf 78' lang='grc' dir='ltr'>θάνοιεν</span> <span class='ocrx_word' id='word_1_291' title='bbox 3196 2174 3245 2229; x_wconf 73' lang='grc' dir='ltr'>οἱ</span> <span class='ocrx_word' id='word_1_292' title='bbox 3304 2173 3567 2252; x_wconf 75' lang='grc' dir='ltr'>μάρτυρες</span> <span class='ocrx_word' id='word_1_293' title='bbox 3625 2171 3872 2250; x_wconf 77' lang='grc' dir='ltr'>ἐξηγησα-</span> 
     </span>
    </p>
   </div>
   <div class='ocr_carea' id='block_1_43' title="bbox 2297 2285 2415 2330">
    <p class='ocr_par' dir='ltr' id='par_1_43' title="bbox 2297 2285 2415 2330">
     <span class='ocr_line' id='line_1_43' title="bbox 2297 2285 2415 2330; baseline 0.017 -10"><span class='ocrx_word' id='word_1_294' title='bbox 2297 2285 2415 2330; x_wconf 84' lang='grc' dir='ltr'>ενη.</span> 
     </span>
    </p>
   </div>
   <div class='ocr_carea' id='block_1_44' title="bbox 605 2287 2170 2429">
    <p class='ocr_par' dir='ltr' id='par_1_44' title="bbox 605 2342 2170 2429">
     <span class='ocr_line' id='line_1_44' title="bbox 605 2342 2170 2429; baseline 0.003 -23"><span class='ocrx_word' id='word_1_295' title='bbox 605 2342 1181 2407; x_wconf 85' lang='lat' dir='ltr'><strong>XXXV.Nauclerus</strong></span> <span class='ocrx_word' id='word_1_296' title='bbox 1207 2351 1404 2407; x_wconf 89' lang='lat' dir='ltr'><strong>autem</strong></span> <span class='ocrx_word' id='word_1_297' title='bbox 1428 2360 1563 2406; x_wconf 91' lang='lat' dir='ltr'><strong>cum</strong></span> <span class='ocrx_word' id='word_1_298' title='bbox 1590 2344 1718 2408; x_wconf 80' lang='lat' dir='ltr'><strong>haec</strong></span> <span class='ocrx_word' id='word_1_299' title='bbox 1740 2345 2170 2429; x_wconf 88' lang='lat' dir='ltr'><strong>audiisset,no-</strong></span> 
     </span>
    </p>
   </div>
   <div class='ocr_carea' id='block_1_45' title="bbox 2254 2287 3870 2429">
    <p class='ocr_par' dir='ltr' id='par_1_45' title="bbox 2255 2287 3870 2429">
     <span class='ocr_line' id='line_1_45' title="bbox 2297 2287 2415 2330; baseline 0.017 -10"><span class='ocrx_word' id='word_1_300' title='bbox 2297 2287 2415 2330; x_wconf 84' lang='grc' dir='ltr'>ενη.</span> 
     </span>
     <span class='ocr_line' id='line_1_46' title="bbox 2255 2287 3870 2429; baseline -0.002 -21"><span class='ocrx_word' id='word_1_301' title='bbox 2255 2287 2295 2340; x_wconf 73' lang='grc' dir='ltr'>μ</span> <span class='ocrx_word' id='word_1_302' title='bbox 2333 2349 2462 2411; x_wconf 79' lang='grc' dir='ltr'><strong>ΛΕ’.</strong></span> <span class='ocrx_word' id='word_1_303' title='bbox 2525 2349 2586 2409; x_wconf 86' lang='grc' dir='ltr'>Ὀ</span> <span class='ocrx_word' id='word_1_304' title='bbox 2642 2348 2939 2429; x_wconf 81' lang='grc' dir='ltr'>ναύκληρος</span> <span class='ocrx_word' id='word_1_305' title='bbox 2983 2349 3073 2406; x_wconf 79' lang='grc' dir='ltr'>οὖν</span> <span class='ocrx_word' id='word_1_306' title='bbox 3127 2350 3360 2416; x_wconf 75' lang='grc' dir='ltr'>ἀκούσας</span> <span class='ocrx_word' id='word_1_307' title='bbox 3419 2351 3667 2414; x_wconf 75' lang='grc' dir='ltr'>σινδόνας</span> <span class='ocrx_word' id='word_1_308' title='bbox 3714 2351 3870 2412; x_wconf 72' lang='grc' dir='ltr'>καινὰς</span> 
     </span>
    </p>
   </div>
   <div class='ocr_carea' id='block_1_46' title="bbox 527 2433 2170 2518">
    <p class='ocr_par' dir='ltr' id='par_1_46' title="bbox 527 2433 2170 2518">
     <span class='ocr_line' id='line_1_47' title="bbox 527 2433 2170 2518; baseline 0.004 -24"><span class='ocrx_word' id='word_1_309' title='bbox 527 2451 625 2496; x_wconf 85' lang='lat' dir='ltr'><strong>vas</strong></span> <span class='ocrx_word' id='word_1_310' title='bbox 657 2434 962 2515; x_wconf 90' lang='lat' dir='ltr'><strong>sindonas,</strong></span> <span class='ocrx_word' id='word_1_311' title='bbox 995 2439 1054 2496; x_wconf 84' lang='lat' dir='ltr'><strong>et</strong></span> <span class='ocrx_word' id='word_1_312' title='bbox 1083 2440 1278 2496; x_wconf 87' lang='lat' dir='ltr'><strong>vestes</strong></span> <span class='ocrx_word' id='word_1_313' title='bbox 1329 2433 1636 2514; x_wconf 87' lang='lat' dir='ltr'><strong>candidas,</strong></span> <span class='ocrx_word' id='word_1_314' title='bbox 1667 2443 2084 2518; x_wconf 87' lang='lat' dir='ltr'><strong>unguentaque</strong></span> <span class='ocrx_word' id='word_1_315' title='bbox 2114 2447 2170 2501; x_wconf 91' lang='lat' dir='ltr'><strong>et</strong></span> 
     </span>
    </p>
   </div>
   <div class='ocr_carea' id='block_1_47' title="bbox 2254 2433 3872 2518">
    <p class='ocr_par' dir='ltr' id='par_1_47' title="bbox 2254 2438 3872 2518">
     <span class='ocr_line' id='line_1_48' title="bbox 2254 2438 3872 2518; baseline -0.002 -21"><span class='ocrx_word' id='word_1_316' title='bbox 2254 2439 2354 2497; x_wconf 76' lang='grc' dir='ltr'>καί</span> <span class='ocrx_word' id='word_1_317' title='bbox 2383 2439 2576 2502; x_wconf 76' lang='grc' dir='ltr'>στολὰς</span> <span class='ocrx_word' id='word_1_318' title='bbox 2605 2438 2795 2505; x_wconf 71' lang='grc' dir='ltr'>λευκὰς</span> <span class='ocrx_word' id='word_1_319' title='bbox 2849 2439 2985 2518; x_wconf 85' lang='grc' dir='ltr'>μύρα</span> <span class='ocrx_word' id='word_1_320' title='bbox 3016 2460 3073 2495; x_wconf 89' lang='grc' dir='ltr'><strong>τε</strong></span> <span class='ocrx_word' id='word_1_321' title='bbox 3125 2439 3268 2506; x_wconf 78' lang='grc' dir='ltr'>αὖθις</span> <span class='ocrx_word' id='word_1_322' title='bbox 3313 2443 3399 2498; x_wconf 84' lang='grc' dir='ltr'><strong>καὶ</strong></span> <span class='ocrx_word' id='word_1_323' title='bbox 3431 2442 3744 2516; x_wconf 77' lang='grc' dir='ltr'>θυμιάματα</span> <span class='ocrx_word' id='word_1_324' title='bbox 3800 2445 3872 2495; x_wconf 74' lang='grc' dir='ltr'>τοῦ</span> 
     </span>
    </p>
   </div>
   <div class='ocr_carea' id='block_1_48' title="bbox 524 2523 2170 2609">
    <p class='ocr_par' dir='ltr' id='par_1_48' title="bbox 524 2523 2170 2605">
     <span class='ocr_line' id='line_1_49' title="bbox 524 2523 2170 2605; baseline 0.002 -19"><span class='ocrx_word' id='word_1_325' title='bbox 524 2524 754 2587; x_wconf 79' lang='lat' dir='ltr'><strong>suffitus</strong></span> <span class='ocrx_word' id='word_1_326' title='bbox 785 2541 819 2586; x_wconf 83' lang='grc' dir='ltr'><strong>ο</strong></span> <span class='ocrx_word' id='word_1_327' title='bbox 847 2524 978 2585; x_wconf 90' lang='lat' dir='ltr'><strong>navi</strong></span> <span class='ocrx_word' id='word_1_328' title='bbox 1010 2523 1212 2586; x_wconf 88' lang='lat' dir='ltr'><strong>statim</strong></span> <span class='ocrx_word' id='word_1_329' title='bbox 1245 2523 1466 2605; x_wconf 87' lang='lat' dir='ltr'><strong>attulit,</strong></span> <span class='ocrx_word' id='word_1_330' title='bbox 1501 2531 1556 2584; x_wconf 90' lang='lat' dir='ltr'><strong>et</strong></span> <span class='ocrx_word' id='word_1_331' title='bbox 1578 2523 1640 2585; x_wconf 93' lang='lat' dir='ltr'><strong>in</strong></span> <span class='ocrx_word' id='word_1_332' title='bbox 1680 2524 1768 2585; x_wconf 91' lang='lat' dir='ltr'><strong>eis</strong></span> <span class='ocrx_word' id='word_1_333' title='bbox 1796 2524 2170 2604; x_wconf 89' lang='lat' dir='ltr'><strong>deponendis</strong></span> 
     </span>
    </p>
   </div>
   <div class='ocr_carea' id='block_1_49' title="bbox 2254 2523 3868 2609">
    <p class='ocr_par' dir='ltr' id='par_1_49' title="bbox 2254 2525 3868 2609">
     <span class='ocr_line' id='line_1_50' title="bbox 2254 2525 3868 2609; baseline -0.001 -24"><span class='ocrx_word' id='word_1_334' title='bbox 2254 2527 2440 2586; x_wconf 80' lang='grc' dir='ltr'>πλοίου</span> <span class='ocrx_word' id='word_1_335' title='bbox 2483 2530 2626 2594; x_wconf 78' lang='grc' dir='ltr'>εὐθὺς</span> <span class='ocrx_word' id='word_1_336' title='bbox 2672 2527 2850 2606; x_wconf 77' lang='grc' dir='ltr'>ἐξῆγε,</span> <span class='ocrx_word' id='word_1_337' title='bbox 2911 2529 3001 2584; x_wconf 86' lang='grc' dir='ltr'><strong>καὶ</strong></span> <span class='ocrx_word' id='word_1_338' title='bbox 3051 2525 3352 2586; x_wconf 87' lang='grc' dir='ltr'>διεπονεῖτο</span> <span class='ocrx_word' id='word_1_339' title='bbox 3403 2533 3536 2609; x_wconf 80' lang='grc' dir='ltr'>πρὸς</span> <span class='ocrx_word' id='word_1_340' title='bbox 3589 2531 3689 2598; x_wconf 78' lang='grc' dir='ltr'>τὴν</span> <span class='ocrx_word' id='word_1_341' title='bbox 3729 2529 3868 2586; x_wconf 76' lang='grc' dir='ltr'>κατά-</span> 
     </span>
    </p>
   </div>
   <div class='ocr_carea' id='block_1_50' title="bbox 522 2613 2170 2699">
    <p class='ocr_par' dir='ltr' id='par_1_50' title="bbox 522 2613 2170 2696">
     <span class='ocr_line' id='line_1_51' title="bbox 522 2613 2170 2696; baseline 0.001 -20"><span class='ocrx_word' id='word_1_342' title='bbox 522 2613 833 2676; x_wconf 86' lang='lat' dir='ltr'><strong>laboravit.</strong></span> <span class='ocrx_word' id='word_1_343' title='bbox 871 2614 1104 2677; x_wconf 92' lang='lat' dir='ltr'><strong>Domna</strong></span> <span class='ocrx_word' id='word_1_344' title='bbox 1124 2629 1267 2676; x_wconf 92' lang='lat' dir='ltr'><strong>vero</strong></span> <span class='ocrx_word' id='word_1_345' title='bbox 1293 2631 1427 2674; x_wconf 90' lang='lat' dir='ltr'><strong>cum</strong></span> <span class='ocrx_word' id='word_1_346' title='bbox 1455 2615 1528 2674; x_wconf 88' lang='lat' dir='ltr'><strong>iis</strong></span> <span class='ocrx_word' id='word_1_347' title='bbox 1547 2631 1695 2693; x_wconf 89' lang='lat' dir='ltr'><strong>quas</strong></span> <span class='ocrx_word' id='word_1_348' title='bbox 1717 2613 2170 2696; x_wconf 86' lang='lat' dir='ltr'><strong>habebat,aquis</strong></span> 
     </span>
    </p>
   </div>
   <div class='ocr_carea' id='block_1_51' title="bbox 2254 2613 3870 2699">
    <p class='ocr_par' dir='ltr' id='par_1_51' title="bbox 2254 2615 3870 2699">
     <span class='ocr_line' id='line_1_52' title="bbox 2254 2615 3870 2699; baseline -0.002 -25"><span class='ocrx_word' id='word_1_349' title='bbox 2254 2622 2417 2678; x_wconf 91' lang='grc' dir='ltr'>θεσιν.</span> <span class='ocrx_word' id='word_1_350' title='bbox 2453 2619 2635 2694; x_wconf 87' lang='grc' dir='ltr'>Δόμνα</span> <span class='ocrx_word' id='word_1_351' title='bbox 2663 2615 2718 2673; x_wconf 78' lang='grc' dir='ltr'><strong>δὲ</strong></span> <span class='ocrx_word' id='word_1_352' title='bbox 2747 2617 2837 2682; x_wconf 74' lang='grc' dir='ltr'>οἷς</span> <span class='ocrx_word' id='word_1_353' title='bbox 2881 2617 3040 2697; x_wconf 81' lang='grc' dir='ltr'>εἶχεν</span> <span class='ocrx_word' id='word_1_354' title='bbox 3080 2615 3229 2675; x_wconf 76' lang='grc' dir='ltr'>ὕδασι</span> <span class='ocrx_word' id='word_1_355' title='bbox 3280 2623 3536 2699; x_wconf 85' lang='grc' dir='ltr'>καθαροῖς</span> <span class='ocrx_word' id='word_1_356' title='bbox 3584 2622 3653 2677; x_wconf 76' lang='grc' dir='ltr'><strong>τὰ</strong></span> <span class='ocrx_word' id='word_1_357' title='bbox 3682 2619 3870 2694; x_wconf 78' lang='grc' dir='ltr'>σώματα</span> 
     </span>
    </p>
   </div>
   <div class='ocr_carea' id='block_1_52' title="bbox 523 2701 2170 2786">
    <p class='ocr_par' dir='ltr' id='par_1_52' title="bbox 523 2701 2170 2783">
     <span class='ocr_line' id='line_1_53' title="bbox 523 2701 2170 2783; baseline 0.001 -19"><span class='ocrx_word' id='word_1_358' title='bbox 523 2702 853 2783; x_wconf 89' lang='lat' dir='ltr'><strong>mundis,et</strong></span> <span class='ocrx_word' id='word_1_359' title='bbox 882 2701 1164 2782; x_wconf 78' lang='lat' dir='ltr'><strong>lacrytnis</strong></span> <span class='ocrx_word' id='word_1_360' title='bbox 1194 2706 1361 2783; x_wconf 88' lang='lat' dir='ltr'><strong>prius</strong></span> <span class='ocrx_word' id='word_1_361' title='bbox 1394 2701 1646 2763; x_wconf 80' lang='lat' dir='ltr'><strong>levasset</strong></span> <span class='ocrx_word' id='word_1_362' title='bbox 1675 2720 1926 2782; x_wconf 89' lang='lat' dir='ltr'><strong>corpora</strong></span> <span class='ocrx_word' id='word_1_363' title='bbox 1949 2711 2006 2765; x_wconf 91' lang='lat' dir='ltr'><strong>et</strong></span> <span class='ocrx_word' id='word_1_364' title='bbox 2036 2723 2170 2766; x_wconf 91' lang='lat' dir='ltr'><strong>cum</strong></span> 
     </span>
    </p>
   </div>
   <div class='ocr_carea' id='block_1_53' title="bbox 2254 2701 3870 2786">
    <p class='ocr_par' dir='ltr' id='par_1_53' title="bbox 2255 2704 3870 2786">
     <span class='ocr_line' id='line_1_54' title="bbox 2255 2704 3870 2786; baseline -0.001 -24"><span class='ocrx_word' id='word_1_365' title='bbox 2255 2709 2342 2764; x_wconf 87' lang='grc' dir='ltr'>καὶ</span> <span class='ocrx_word' id='word_1_366' title='bbox 2401 2704 2586 2780; x_wconf 87' lang='grc' dir='ltr'>πολλῷ</span> <span class='ocrx_word' id='word_1_367' title='bbox 2636 2706 2890 2784; x_wconf 88' lang='grc' dir='ltr'>πρότερον</span> <span class='ocrx_word' id='word_1_368' title='bbox 2937 2719 3057 2772; x_wconf 89' lang='grc' dir='ltr'>τοῖς</span> <span class='ocrx_word' id='word_1_369' title='bbox 3104 2704 3319 2784; x_wconf 80' lang='grc' dir='ltr'>δάκρυσι</span> <span class='ocrx_word' id='word_1_370' title='bbox 3372 2707 3642 2786; x_wconf 88' lang='grc' dir='ltr'>πλύνασα,</span> <span class='ocrx_word' id='word_1_371' title='bbox 3677 2707 3767 2766; x_wconf 76' lang='grc' dir='ltr'>καὶ</span> <span class='ocrx_word' id='word_1_372' title='bbox 3802 2707 3870 2763; x_wconf 70' lang='grc' dir='ltr'><strong>σὺν</strong></span> 
     </span>
    </p>
   </div>
   <div class='ocr_carea' id='block_1_54' title="bbox 525 2790 2170 2877">
    <p class='ocr_par' dir='ltr' id='par_1_54' title="bbox 525 2790 2170 2855">
     <span class='ocr_line' id='line_1_55' title="bbox 525 2790 2170 2855; baseline 0.002 -3"><span class='ocrx_word' id='word_1_373' title='bbox 525 2791 809 2854; x_wconf 90' lang='lat' dir='ltr'><strong>nauclero</strong></span> <span class='ocrx_word' id='word_1_374' title='bbox 841 2791 1176 2853; x_wconf 77' lang='lat' dir='ltr'><strong>honorifice</strong></span> <span class='ocrx_word' id='word_1_375' title='bbox 1207 2801 1268 2852; x_wconf 89' lang='lat' dir='ltr'><strong>et</strong></span> <span class='ocrx_word' id='word_1_376' title='bbox 1300 2809 1434 2852; x_wconf 91' lang='lat' dir='ltr'><strong>cum</strong></span> <span class='ocrx_word' id='word_1_377' title='bbox 1492 2790 1658 2852; x_wconf 91' lang='lat' dir='ltr'><strong>omni</strong></span> <span class='ocrx_word' id='word_1_378' title='bbox 1713 2792 2050 2855; x_wconf 90' lang='lat' dir='ltr'><strong>reverentia</strong></span> <span class='ocrx_word' id='word_1_379' title='bbox 2105 2810 2170 2855; x_wconf 89' lang='lat' dir='ltr'><strong>ea</strong></span> 
     </span>
    </p>
   </div>
   <div class='ocr_carea' id='block_1_55' title="bbox 2254 2790 3868 2877">
    <p class='ocr_par' dir='ltr' id='par_1_55' title="bbox 2255 2793 3868 2877">
     <span class='ocr_line' id='line_1_56' title="bbox 2255 2793 3868 2877; baseline -0.001 -25"><span class='ocrx_word' id='word_1_380' title='bbox 2255 2800 2332 2868; x_wconf 89' lang='grc' dir='ltr'>τῷ</span> <span class='ocrx_word' id='word_1_381' title='bbox 2392 2793 2673 2874; x_wconf 75' lang='grc' dir='ltr'>ναυκλήρῳ</span> <span class='ocrx_word' id='word_1_382' title='bbox 2703 2793 2846 2852; x_wconf 75' lang='grc' dir='ltr'>αἰδοῖ</span> <span class='ocrx_word' id='word_1_383' title='bbox 2874 2796 3022 2871; x_wconf 78' lang='grc' dir='ltr'>πάσῃ</span> <span class='ocrx_word' id='word_1_384' title='bbox 3075 2796 3265 2870; x_wconf 90' lang='grc' dir='ltr'>τιμίως</span> <span class='ocrx_word' id='word_1_385' title='bbox 3322 2798 3451 2856; x_wconf 72' lang='grc' dir='ltr'>αὒτὰ</span> <span class='ocrx_word' id='word_1_386' title='bbox 3500 2796 3868 2877; x_wconf 85' lang='grc' dir='ltr'>περιστείλασα,</span> 
     </span>
    </p>
   </div>
   <div class='ocr_carea' id='block_1_56' title="bbox 525 2878 2170 2966">
    <p class='ocr_par' dir='ltr' id='par_1_56' title="bbox 525 2878 2170 2962">
     <span class='ocr_line' id='line_1_57' title="bbox 525 2878 2170 2962; baseline 0.001 -19"><span class='ocrx_word' id='word_1_387' title='bbox 525 2878 1048 2962; x_wconf 87' lang='lat' dir='ltr'><strong>composuisset.et</strong></span> <span class='ocrx_word' id='word_1_388' title='bbox 1069 2897 1141 2942; x_wconf 91' lang='lat' dir='ltr'><strong>ea</strong></span> <span class='ocrx_word' id='word_1_389' title='bbox 1160 2878 1382 2944; x_wconf 84' lang='lat' dir='ltr'><strong>deinde</strong></span> <span class='ocrx_word' id='word_1_390' title='bbox 1419 2879 1814 2942; x_wconf 89' lang='lat' dir='ltr'><strong>communiter</strong></span> <span class='ocrx_word' id='word_1_391' title='bbox 1837 2890 2170 2961; x_wconf 87' lang='lat' dir='ltr'><strong>portassent</strong></span> 
     </span>
    </p>
   </div>
   <div class='ocr_carea' id='block_1_57' title="bbox 2254 2878 3866 2966">
    <p class='ocr_par' dir='ltr' id='par_1_57' title="bbox 2257 2882 3866 2966">
     <span class='ocr_line' id='line_1_58' title="bbox 2257 2882 3866 2966; baseline 0.002 -24"><span class='ocrx_word' id='word_1_392' title='bbox 2257 2885 2384 2942; x_wconf 80' lang='grc' dir='ltr'>εἶτα</span> <span class='ocrx_word' id='word_1_393' title='bbox 2441 2885 2529 2941; x_wconf 87' lang='grc' dir='ltr'><strong>καὶ</strong></span> <span class='ocrx_word' id='word_1_394' title='bbox 2581 2890 2739 2960; x_wconf 86' lang='grc' dir='ltr'>κοινῇ</span> <span class='ocrx_word' id='word_1_395' title='bbox 2793 2890 2959 2941; x_wconf 82' lang='grc' dir='ltr'>ταῦτα</span> <span class='ocrx_word' id='word_1_396' title='bbox 3013 2882 3463 2951; x_wconf 79' lang='grc' dir='ltr'>διαϐαστάσαντες</span> <span class='ocrx_word' id='word_1_397' title='bbox 3505 2889 3656 2966; x_wconf 76' lang='grc' dir='ltr'>παρὰ</span> <span class='ocrx_word' id='word_1_398' title='bbox 3698 2893 3768 2961; x_wconf 82' lang='grc' dir='ltr'><strong>τῷ</strong></span> <span class='ocrx_word' id='word_1_399' title='bbox 3795 2889 3866 2952; x_wconf 73' lang='grc' dir='ltr'>τῆς</span> 
     </span>
    </p>
   </div>
   <div class='ocr_carea' id='block_1_58' title="bbox 521 2967 2170 3056">
    <p class='ocr_par' dir='ltr' id='par_1_58' title="bbox 521 2967 2170 3052">
     <span class='ocr_line' id='line_1_59' title="bbox 521 2967 2170 3052; baseline 0.002 -22"><span class='ocrx_word' id='word_1_400' title='bbox 521 2971 597 3032; x_wconf 90' lang='lat' dir='ltr'><strong>ad</strong></span> <span class='ocrx_word' id='word_1_401' title='bbox 617 2986 852 3030; x_wconf 90' lang='lat' dir='ltr'><strong>murum</strong></span> <span class='ocrx_word' id='word_1_402' title='bbox 886 2967 1164 3044; x_wconf 87' lang='lat' dir='ltr'><strong>civitatis,</strong></span> <span class='ocrx_word' id='word_1_403' title='bbox 1199 2968 1301 3050; x_wconf 90' lang='lat' dir='ltr'><strong>qui</strong></span> <span class='ocrx_word' id='word_1_404' title='bbox 1355 2976 1445 3030; x_wconf 88' lang='lat' dir='ltr'><strong>est</strong></span> <span class='ocrx_word' id='word_1_405' title='bbox 1466 2968 1773 3050; x_wconf 86' lang='lat' dir='ltr'><strong>proximus</strong></span> <span class='ocrx_word' id='word_1_406' title='bbox 1797 2970 2070 3052; x_wconf 88' lang='lat' dir='ltr'><strong>torrenti,</strong></span> <span class='ocrx_word' id='word_1_407' title='bbox 2101 2972 2170 3034; x_wconf 91' lang='lat' dir='ltr'><strong>ad</strong></span> 
     </span>
    </p>
   </div>
   <div class='ocr_carea' id='block_1_59' title="bbox 2254 2967 3866 3056">
    <p class='ocr_par' dir='ltr' id='par_1_59' title="bbox 2258 2971 3866 3056">
     <span class='ocr_line' id='line_1_60' title="bbox 2258 2971 3866 3056; baseline -0.002 -25"><span class='ocrx_word' id='word_1_408' title='bbox 2258 2972 2464 3036; x_wconf 82' lang='grc' dir='ltr'>πόλεως</span> <span class='ocrx_word' id='word_1_409' title='bbox 2509 2974 2680 3052; x_wconf 80' lang='grc' dir='ltr'>τείχει</span> <span class='ocrx_word' id='word_1_410' title='bbox 2713 2971 2955 3052; x_wconf 64' lang='grc' dir='ltr'>ἐχόμενα</span> <span class='ocrx_word' id='word_1_411' title='bbox 2984 2982 3078 3033; x_wconf 78' lang='grc' dir='ltr'><strong>τοῦ</strong></span> <span class='ocrx_word' id='word_1_412' title='bbox 3133 2974 3427 3054; x_wconf 81' lang='grc' dir='ltr'>χειμάῤῥου</span> <span class='ocrx_word' id='word_1_413' title='bbox 3471 2977 3609 3056; x_wconf 79' lang='grc' dir='ltr'>πρὸς</span> <span class='ocrx_word' id='word_1_414' title='bbox 3652 2982 3717 3052; x_wconf 78' lang='grc' dir='ltr'>τῇ</span> <span class='ocrx_word' id='word_1_415' title='bbox 3755 2972 3866 3047; x_wconf 76' lang='grc' dir='ltr'>πύλῃ</span> 
     </span>
    </p>
   </div>
   <div class='ocr_carea' id='block_1_60' title="bbox 521 3056 2170 3144">
    <p class='ocr_par' dir='ltr' id='par_1_60' title="bbox 521 3056 2170 3138">
     <span class='ocr_line' id='line_1_61' title="bbox 521 3056 2170 3138; baseline 0.003 -19"><span class='ocrx_word' id='word_1_416' title='bbox 521 3065 754 3138; x_wconf 88' lang='lat' dir='ltr'><strong>portam</strong></span> <span class='ocrx_word' id='word_1_417' title='bbox 787 3056 1067 3133; x_wconf 86' lang='lat' dir='ltr'><strong>civitatis,</strong></span> <span class='ocrx_word' id='word_1_418' title='bbox 1100 3057 1206 3120; x_wconf 93' lang='lat' dir='ltr'><strong>ubi</strong></span> <span class='ocrx_word' id='word_1_419' title='bbox 1265 3057 1447 3119; x_wconf 89' lang='lat' dir='ltr'><strong>etiam</strong></span> <span class='ocrx_word' id='word_1_420' title='bbox 1500 3058 1842 3121; x_wconf 88' lang='lat' dir='ltr'><strong>Dorotheus</strong></span> <span class='ocrx_word' id='word_1_421' title='bbox 1881 3077 2014 3121; x_wconf 82' lang='lat' dir='ltr'><strong>cum</strong></span> <span class='ocrx_word' id='word_1_422' title='bbox 2049 3061 2170 3124; x_wconf 84' lang='lat' dir='ltr'><strong>suis</strong></span> 
     </span>
    </p>
   </div>
   <div class='ocr_carea' id='block_1_61' title="bbox 2254 3056 3868 3144">
    <p class='ocr_par' dir='ltr' id='par_1_61' title="bbox 2255 3059 3868 3144">
     <span class='ocr_line' id='line_1_62' title="bbox 2255 3059 3868 3144; baseline -0.004 -22"><span class='ocrx_word' id='word_1_423' title='bbox 2255 3069 2323 3140; x_wconf 78' lang='grc' dir='ltr'><strong>τῇ</strong></span> <span class='ocrx_word' id='word_1_424' title='bbox 2375 3064 2518 3142; x_wconf 84' lang='grc' dir='ltr'>παρὰ</span> <span class='ocrx_word' id='word_1_425' title='bbox 2559 3060 2848 3136; x_wconf 69' lang='grc' dir='ltr'>θάλασσαν,</span> <span class='ocrx_word' id='word_1_426' title='bbox 2909 3061 2970 3119; x_wconf 80' lang='grc' dir='ltr'><strong>οὗ</strong></span> <span class='ocrx_word' id='word_1_427' title='bbox 3012 3059 3078 3130; x_wconf 73' lang='grc' dir='ltr'><strong>δὴ</strong></span> <span class='ocrx_word' id='word_1_428' title='bbox 3123 3065 3170 3120; x_wconf 78' lang='grc' dir='ltr'>οἱ</span> <span class='ocrx_word' id='word_1_429' title='bbox 3217 3066 3334 3142; x_wconf 86' lang='grc' dir='ltr'>περὶ</span> <span class='ocrx_word' id='word_1_430' title='bbox 3373 3066 3463 3122; x_wconf 83' lang='grc' dir='ltr'><strong>τὸν</strong></span> <span class='ocrx_word' id='word_1_431' title='bbox 3511 3064 3780 3144; x_wconf 85' lang='grc' dir='ltr'>Δωρόθεον</span> <span class='ocrx_word' id='word_1_432' title='bbox 3823 3063 3868 3117; x_wconf 82' lang='grc' dir='ltr'>τὸ</span> 
     </span>
    </p>
   </div>
   <div class='ocr_carea' id='block_1_62' title="bbox 518 3145 2170 3233">
    <p class='ocr_par' dir='ltr' id='par_1_62' title="bbox 518 3145 2166 3227">
     <span class='ocr_line' id='line_1_63' title="bbox 518 3145 2166 3227; baseline 0 -19"><span class='ocrx_word' id='word_1_433' title='bbox 518 3146 699 3208; x_wconf 85' lang='lat' dir='ltr'><strong>finem</strong></span> <span class='ocrx_word' id='word_1_434' title='bbox 730 3146 861 3208; x_wconf 73' lang='lat' dir='ltr'><strong>vitae</strong></span> <span class='ocrx_word' id='word_1_435' title='bbox 882 3153 1222 3227; x_wconf 89' lang='lat' dir='ltr'><strong>acceperat,</strong></span> <span class='ocrx_word' id='word_1_436' title='bbox 1255 3145 1384 3208; x_wconf 89' lang='lat' dir='ltr'><strong>illic</strong></span> <span class='ocrx_word' id='word_1_437' title='bbox 1416 3164 1487 3208; x_wconf 88' lang='lat' dir='ltr'><strong>ea</strong></span> <span class='ocrx_word' id='word_1_438' title='bbox 1517 3152 1577 3208; x_wconf 90' lang='lat' dir='ltr'><strong>ln</strong></span> <span class='ocrx_word' id='word_1_439' title='bbox 1625 3146 1784 3208; x_wconf 79' lang='lat' dir='ltr'><strong>fossa</strong></span> <span class='ocrx_word' id='word_1_440' title='bbox 1817 3157 2166 3226; x_wconf 90' lang='lat' dir='ltr'><strong>posuerunt.</strong></span> 
     </span>
    </p>
   </div>
   <div class='ocr_carea' id='block_1_63' title="bbox 2254 3145 3862 3233">
    <p class='ocr_par' dir='ltr' id='par_1_63' title="bbox 2257 3149 3862 3233">
     <span class='ocr_line' id='line_1_64' title="bbox 2257 3149 3862 3233; baseline -0.001 -23"><span class='ocrx_word' id='word_1_441' title='bbox 2257 3151 2405 3216; x_wconf 79' lang='grc' dir='ltr'>τέλος</span> <span class='ocrx_word' id='word_1_442' title='bbox 2464 3149 2727 3230; x_wconf 74' lang='grc' dir='ltr'>ἐδέξαντο,</span> <span class='ocrx_word' id='word_1_443' title='bbox 2786 3150 2964 3208; x_wconf 69' lang='grc' dir='ltr'>ἐκεῖσε</span> <span class='ocrx_word' id='word_1_444' title='bbox 3019 3158 3184 3210; x_wconf 80' lang='grc' dir='ltr'>ταῦτα</span> <span class='ocrx_word' id='word_1_445' title='bbox 3242 3154 3626 3233; x_wconf 79' lang='grc' dir='ltr'>κατορύξαντες</span> <span class='ocrx_word' id='word_1_446' title='bbox 3681 3153 3862 3220; x_wconf 79' lang='grc' dir='ltr'>ἔθηκαν.</span> 
     </span>
    </p>
   </div>
   <div class='ocr_carea' id='block_1_64' title="bbox 519 3234 2170 3322">
    <p class='ocr_par' dir='ltr' id='par_1_64' title="bbox 519 3234 2168 3316">
     <span class='ocr_line' id='line_1_65' title="bbox 519 3234 2168 3316; baseline 0.001 -20"><span class='ocrx_word' id='word_1_447' title='bbox 519 3235 716 3316; x_wconf 85' lang='lat' dir='ltr'><strong>Atque</strong></span> <span class='ocrx_word' id='word_1_448' title='bbox 738 3235 1056 3297; x_wconf 86' lang='lat' dir='ltr'><strong>nauclerus</strong></span> <span class='ocrx_word' id='word_1_449' title='bbox 1079 3235 1326 3311; x_wconf 89' lang='lat' dir='ltr'><strong>quidem</strong></span> <span class='ocrx_word' id='word_1_450' title='bbox 1351 3234 1666 3314; x_wconf 84' lang='lat' dir='ltr'><strong>virginem,</strong></span> <span class='ocrx_word' id='word_1_451' title='bbox 1696 3243 1762 3296; x_wconf 92' lang='lat' dir='ltr'><strong>ut</strong></span> <span class='ocrx_word' id='word_1_452' title='bbox 1782 3235 1884 3316; x_wconf 90' lang='lat' dir='ltr'><strong>qui</strong></span> <span class='ocrx_word' id='word_1_453' title='bbox 1899 3235 2168 3314; x_wconf 88' lang='lat' dir='ltr'><strong>judicas-</strong></span> 
     </span>
    </p>
   </div>
   <div class='ocr_carea' id='block_1_65' title="bbox 2254 3234 3864 3322">
    <p class='ocr_par' dir='ltr' id='par_1_65' title="bbox 2256 3234 3864 3322">
     <span class='ocr_line' id='line_1_66' title="bbox 2256 3234 3864 3322; baseline -0.004 -22"><span class='ocrx_word' id='word_1_454' title='bbox 2256 3234 2314 3300; x_wconf 65' lang='grc' dir='ltr'>Ὀ</span> <span class='ocrx_word' id='word_1_455' title='bbox 2371 3241 2553 3317; x_wconf 83' lang='grc' dir='ltr'>μέντοι</span> <span class='ocrx_word' id='word_1_456' title='bbox 2613 3239 2910 3320; x_wconf 72' lang='grc' dir='ltr'>ναύκληρος</span> <span class='ocrx_word' id='word_1_457' title='bbox 2962 3241 3061 3308; x_wconf 80' lang='grc' dir='ltr'><strong>τὴν</strong></span> <span class='ocrx_word' id='word_1_458' title='bbox 3119 3242 3416 3322; x_wconf 76' lang='grc' dir='ltr'>παρθένον,</span> <span class='ocrx_word' id='word_1_459' title='bbox 3490 3243 3590 3300; x_wconf 74' lang='grc' dir='ltr'>ἅτε</span> <span class='ocrx_word' id='word_1_460' title='bbox 3648 3239 3864 3319; x_wconf 75' lang='grc' dir='ltr'>ὁμόδοξον</span> 
     </span>
    </p>
   </div>
   <div class='ocr_carea' id='block_1_66' title="bbox 521 3322 2170 3412">
    <p class='ocr_par' dir='ltr' id='par_1_66' title="bbox 521 3322 2169 3412">
     <span class='ocr_line' id='line_1_67' title="bbox 521 3322 2169 3412; baseline 0.002 -28"><span class='ocrx_word' id='word_1_461' title='bbox 521 3332 612 3385; x_wconf 90' lang='lat' dir='ltr'><strong>set</strong></span> <span class='ocrx_word' id='word_1_462' title='bbox 633 3341 765 3385; x_wconf 88' lang='lat' dir='ltr'><strong>eam</strong></span> <span class='ocrx_word' id='word_1_463' title='bbox 787 3341 919 3412; x_wconf 91' lang='lat' dir='ltr'><strong>esse</strong></span> <span class='ocrx_word' id='word_1_464' title='bbox 940 3322 1188 3412; x_wconf 86' lang='lat' dir='ltr'><strong>fratrem</strong></span> <span class='ocrx_word' id='word_1_465' title='bbox 1213 3323 1688 3412; x_wconf 80' lang='lat' dir='ltr'><strong>ejusdem,cujus</strong></span> <span class='ocrx_word' id='word_1_466' title='bbox 1715 3323 1920 3403; x_wconf 89' lang='lat' dir='ltr'><strong>ipsein</strong></span> <span class='ocrx_word' id='word_1_467' title='bbox 1935 3323 2169 3387; x_wconf 89' lang='lat' dir='ltr'><strong>Christo</strong></span> 
     </span>
    </p>
   </div>
   <div class='ocr_carea' id='block_1_67' title="bbox 2254 3322 3860 3412">
    <p class='ocr_par' dir='ltr' id='par_1_67' title="bbox 2254 3327 3860 3412">
     <span class='ocr_line' id='line_1_68' title="bbox 2254 3327 3860 3412; baseline -0.001 -24"><span class='ocrx_word' id='word_1_468' title='bbox 2254 3327 2477 3411; x_wconf 75' lang='grc' dir='ltr'>ἀδελφὸν</span> <span class='ocrx_word' id='word_1_469' title='bbox 2533 3329 2678 3386; x_wconf 76' lang='grc' dir='ltr'>εἶναι</span> <span class='ocrx_word' id='word_1_470' title='bbox 2733 3329 2911 3408; x_wconf 85' lang='grc' dir='ltr'>κρίνας</span> <span class='ocrx_word' id='word_1_471' title='bbox 2941 3331 3078 3387; x_wconf 78' lang='grc' dir='ltr'>κατὰ</span> <span class='ocrx_word' id='word_1_472' title='bbox 3107 3333 3335 3409; x_wconf 76' lang='grc' dir='ltr'>Χριστὸν</span> <span class='ocrx_word' id='word_1_473' title='bbox 3368 3330 3555 3412; x_wconf 74' lang='grc' dir='ltr'>(ἄνδρα</span> <span class='ocrx_word' id='word_1_474' title='bbox 3604 3334 3701 3412; x_wconf 78' lang='grc' dir='ltr'><strong>γὰρ</strong></span> <span class='ocrx_word' id='word_1_475' title='bbox 3729 3332 3860 3394; x_wconf 71' lang='grc' dir='ltr'>αὐτὴν</span> 
     </span>
    </p>
   </div>
   <div class='ocr_carea' id='block_1_68' title="bbox 519 3410 2170 3496">
    <p class='ocr_par' dir='ltr' id='par_1_68' title="bbox 519 3410 2166 3495">
     <span class='ocr_line' id='line_1_69' title="bbox 519 3410 2166 3495; baseline 0.001 -21"><span class='ocrx_word' id='word_1_476' title='bbox 519 3411 834 3475; x_wconf 72' lang='lat' dir='ltr'><strong>sententiae</strong></span> <span class='ocrx_word' id='word_1_477' title='bbox 865 3411 1019 3493; x_wconf 89' lang='lat' dir='ltr'><strong>(eam</strong></span> <span class='ocrx_word' id='word_1_478' title='bbox 1051 3411 1212 3474; x_wconf 90' lang='lat' dir='ltr'><strong>enim</strong></span> <span class='ocrx_word' id='word_1_479' title='bbox 1242 3412 1440 3473; x_wconf 91' lang='lat' dir='ltr'><strong>adhuc</strong></span> <span class='ocrx_word' id='word_1_480' title='bbox 1475 3410 1673 3473; x_wconf 85' lang='lat' dir='ltr'><strong>virum</strong></span> <span class='ocrx_word' id='word_1_481' title='bbox 1710 3429 1844 3474; x_wconf 89' lang='lat' dir='ltr'><strong>esse</strong></span> <span class='ocrx_word' id='word_1_482' title='bbox 1876 3412 2166 3495; x_wconf 88' lang='lat' dir='ltr'><strong>putabat),</strong></span> 
     </span>
    </p>
   </div>
   <div class='ocr_carea' id='block_1_69' title="bbox 2254 3410 3860 3496">
    <p class='ocr_par' dir='ltr' id='par_1_69' title="bbox 2255 3410 3860 3496">
     <span class='ocr_line' id='line_1_70' title="bbox 2255 3410 3860 3496; baseline -0.002 -21"><span class='ocrx_word' id='word_1_483' title='bbox 2255 3419 2328 3476; x_wconf 81' lang='grc' dir='ltr'>ἔτι</span> <span class='ocrx_word' id='word_1_484' title='bbox 2355 3410 2544 3496; x_wconf 77' lang='grc' dir='ltr'>ᾤετο),</span> <span class='ocrx_word' id='word_1_485' title='bbox 2602 3416 2773 3475; x_wconf 78' lang='grc' dir='ltr'>ἐδεῖτο</span> <span class='ocrx_word' id='word_1_486' title='bbox 2810 3431 3071 3494; x_wconf 88' lang='grc' dir='ltr'>συνεῖναι,</span> <span class='ocrx_word' id='word_1_487' title='bbox 3133 3421 3223 3478; x_wconf 82' lang='grc' dir='ltr'><strong>καὶ</strong></span> <span class='ocrx_word' id='word_1_488' title='bbox 3270 3410 3533 3496; x_wconf 86' lang='grc' dir='ltr'>μηδαμῶς</span> <span class='ocrx_word' id='word_1_489' title='bbox 3597 3410 3860 3485; x_wconf 75' lang='grc' dir='ltr'>ἇποστῆναι</span> 
     </span>
    </p>
   </div>
   <div class='ocr_carea' id='block_1_70' title="bbox 515 3500 2170 3585">
    <p class='ocr_par' dir='ltr' id='par_1_70' title="bbox 515 3500 2168 3582">
     <span class='ocr_line' id='line_1_71' title="bbox 515 3500 2168 3582; baseline 0.001 -18"><span class='ocrx_word' id='word_1_490' title='bbox 515 3501 743 3581; x_wconf 85' lang='lat' dir='ltr'><strong>rogavit</strong></span> <span class='ocrx_word' id='word_1_491' title='bbox 773 3509 837 3562; x_wconf 93' lang='lat' dir='ltr'><strong>ut</strong></span> <span class='ocrx_word' id='word_1_492' title='bbox 864 3519 1069 3563; x_wconf 89' lang='lat' dir='ltr'><strong>secum</strong></span> <span class='ocrx_word' id='word_1_493' title='bbox 1103 3507 1285 3576; x_wconf 83' lang='lat' dir='ltr'><strong>esset,</strong></span> <span class='ocrx_word' id='word_1_494' title='bbox 1319 3509 1377 3562; x_wconf 91' lang='lat' dir='ltr'><strong>et</strong></span> <span class='ocrx_word' id='word_1_495' title='bbox 1408 3508 1528 3561; x_wconf 92' lang='lat' dir='ltr'><strong>toto</strong></span> <span class='ocrx_word' id='word_1_496' title='bbox 1551 3500 1683 3562; x_wconf 70' lang='lat' dir='ltr'><strong>vitat</strong></span> <span class='ocrx_word' id='word_1_497' title='bbox 1705 3509 1984 3582; x_wconf 86' lang='lat' dir='ltr'><strong>tempore</strong></span> <span class='ocrx_word' id='word_1_498' title='bbox 2017 3520 2168 3564; x_wconf 88' lang='lat' dir='ltr'><strong>nun-</strong></span> 
     </span>
    </p>
   </div>
   <div class='ocr_carea' id='block_1_71' title="bbox 2254 3500 3858 3585">
    <p class='ocr_par' dir='ltr' id='par_1_71' title="bbox 2254 3504 3858 3585">
     <span class='ocr_line' id='line_1_72' title="bbox 2254 3504 3858 3585; baseline -0.004 -19"><span class='ocrx_word' id='word_1_499' title='bbox 2254 3508 2438 3566; x_wconf 85' lang='grc' dir='ltr'>τούτου</span> <span class='ocrx_word' id='word_1_500' title='bbox 2469 3505 2590 3585; x_wconf 89' lang='grc' dir='ltr'>παρ’</span> <span class='ocrx_word' id='word_1_501' title='bbox 2642 3504 2773 3573; x_wconf 75' lang='grc' dir='ltr'>ὅλην</span> <span class='ocrx_word' id='word_1_502' title='bbox 2816 3507 2975 3564; x_wconf 76' lang='grc' dir='ltr'>αὒτοῢ</span> <span class='ocrx_word' id='word_1_503' title='bbox 3005 3507 3105 3575; x_wconf 75' lang='grc' dir='ltr'>τὴν</span> <span class='ocrx_word' id='word_1_504' title='bbox 3150 3510 3316 3579; x_wconf 78' lang='grc' dir='ltr'>ζωήν,</span> <span class='ocrx_word' id='word_1_505' title='bbox 3354 3508 3417 3566; x_wconf 84' lang='grc' dir='ltr'>Ἠ</span> <span class='ocrx_word' id='word_1_506' title='bbox 3476 3509 3530 3567; x_wconf 77' lang='grc' dir='ltr'><em>δὲ</em></span> <span class='ocrx_word' id='word_1_507' title='bbox 3595 3515 3686 3569; x_wconf 74' lang='grc' dir='ltr'><strong>οὐκ</strong></span> <span class='ocrx_word' id='word_1_508' title='bbox 3735 3506 3858 3576; x_wconf 83' lang='grc' dir='ltr'>ἠνεί-</span> 
     </span>
    </p>
   </div>
   <div class='ocr_carea' id='block_1_72' title="bbox 517 3589 2170 3679">
    <p class='ocr_par' dir='ltr' id='par_1_72' title="bbox 517 3589 2163 3674">
     <span class='ocr_line' id='line_1_73' title="bbox 517 3589 2163 3674; baseline 0.001 -20"><span class='ocrx_word' id='word_1_509' title='bbox 517 3610 692 3674; x_wconf 89' lang='lat' dir='ltr'><strong>quam</strong></span> <span class='ocrx_word' id='word_1_510' title='bbox 719 3590 793 3654; x_wconf 92' lang='lat' dir='ltr'><strong>ab</strong></span> <span class='ocrx_word' id='word_1_511' title='bbox 815 3609 886 3654; x_wconf 89' lang='lat' dir='ltr'><strong>eo</strong></span> <span class='ocrx_word' id='word_1_512' title='bbox 909 3590 1276 3654; x_wconf 90' lang='lat' dir='ltr'><strong>discederet.</strong></span> <span class='ocrx_word' id='word_1_513' title='bbox 1302 3589 1409 3653; x_wconf 88' lang='lat' dir='ltr'><strong>Illa</strong></span> <span class='ocrx_word' id='word_1_514' title='bbox 1437 3608 1576 3652; x_wconf 88' lang='lat' dir='ltr'><strong>vero</strong></span> <span class='ocrx_word' id='word_1_515' title='bbox 1608 3607 1728 3651; x_wconf 83' lang='lat' dir='ltr'><strong>non</strong></span> <span class='ocrx_word' id='word_1_516' title='bbox 1761 3589 2023 3667; x_wconf 89' lang='lat' dir='ltr'><strong>admisit,</strong></span> <span class='ocrx_word' id='word_1_517' title='bbox 2058 3593 2163 3655; x_wconf 90' lang='lat' dir='ltr'><strong>sed</strong></span> 
     </span>
    </p>
   </div>
   <div class='ocr_carea' id='block_1_73' title="bbox 2254 3589 3858 3679">
    <p class='ocr_par' dir='ltr' id='par_1_73' title="bbox 2254 3592 3858 3679">
     <span class='ocr_line' id='line_1_74' title="bbox 2254 3592 3858 3679; baseline -0.004 -24"><span class='ocrx_word' id='word_1_518' title='bbox 2254 3619 2404 3679; x_wconf 83' lang='grc' dir='ltr'>χετο,</span> <span class='ocrx_word' id='word_1_519' title='bbox 2440 3595 2558 3653; x_wconf 80' lang='grc' dir='ltr'>ἀλλ’</span> <span class='ocrx_word' id='word_1_520' title='bbox 2615 3595 2760 3664; x_wconf 77' lang='grc' dir='ltr'>ἠξίου</span> <span class='ocrx_word' id='word_1_521' title='bbox 2804 3597 2959 3652; x_wconf 70' lang='grc' dir='ltr'>αὐτὸν</span> <span class='ocrx_word' id='word_1_522' title='bbox 3004 3597 3103 3674; x_wconf 79' lang='grc' dir='ltr'>μὲν</span> <span class='ocrx_word' id='word_1_523' title='bbox 3149 3595 3270 3655; x_wconf 80' lang='grc' dir='ltr'>ὁδοῦ</span> <span class='ocrx_word' id='word_1_524' title='bbox 3321 3597 3561 3679; x_wconf 81' lang='grc' dir='ltr'>ἔχεσθαι,</span> <span class='ocrx_word' id='word_1_525' title='bbox 3600 3599 3790 3664; x_wconf 76' lang='grc' dir='ltr'>ἐκείνην</span> <span class='ocrx_word' id='word_1_526' title='bbox 3819 3592 3858 3649; x_wconf 70' lang='lat' dir='ltr'><strong>ii</strong></span> 
     </span>
    </p>
   </div>
   <div class='ocr_carea' id='block_1_74' title="bbox 515 3680 2170 3768">
    <p class='ocr_par' dir='ltr' id='par_1_74' title="bbox 515 3680 2162 3763">
     <span class='ocr_line' id='line_1_75' title="bbox 515 3680 2162 3763; baseline 0 -19"><span class='ocrx_word' id='word_1_527' title='bbox 515 3699 650 3744; x_wconf 88' lang='lat' dir='ltr'><strong>eum</strong></span> <span class='ocrx_word' id='word_1_528' title='bbox 674 3681 919 3763; x_wconf 92' lang='lat' dir='ltr'><strong>quidem</strong></span> <span class='ocrx_word' id='word_1_529' title='bbox 964 3681 1192 3759; x_wconf 83' lang='lat' dir='ltr'><strong>rogavit</strong></span> <span class='ocrx_word' id='word_1_530' title='bbox 1239 3687 1303 3743; x_wconf 92' lang='lat' dir='ltr'><strong>ut</strong></span> <span class='ocrx_word' id='word_1_531' title='bbox 1345 3688 1601 3760; x_wconf 66' lang='lat' dir='ltr'><strong>coeptum</strong></span> <span class='ocrx_word' id='word_1_532' title='bbox 1625 3680 1740 3742; x_wconf 89' lang='lat' dir='ltr'><strong>iter</strong></span> <span class='ocrx_word' id='word_1_533' title='bbox 1763 3686 2162 3761; x_wconf 86' lang='lat' dir='ltr'><strong>persequere-</strong></span> 
     </span>
    </p>
   </div>
   <div class='ocr_carea' id='block_1_75' title="bbox 2254 3680 3854 3768">
    <p class='ocr_par' dir='ltr' id='par_1_75' title="bbox 2254 3683 3854 3768">
     <span class='ocr_line' id='line_1_76' title="bbox 2254 3683 3854 3768; baseline 0.001 -24"><span class='ocrx_word' id='word_1_534' title='bbox 2254 3685 2566 3768; x_wconf 83' lang='grc' dir='ltr'>παραμένειν</span> <span class='ocrx_word' id='word_1_535' title='bbox 2625 3687 2867 3761; x_wconf 74' lang='grc' dir='ltr'>εἰποῦσα,</span> <span class='ocrx_word' id='word_1_536' title='bbox 2913 3685 2994 3742; x_wconf 82' lang='grc' dir='ltr'>ὅτι</span> <span class='ocrx_word' id='word_1_537' title='bbox 3047 3685 3118 3744; x_wconf 83' lang='grc' dir='ltr'>Τό</span> <span class='ocrx_word' id='word_1_538' title='bbox 3149 3709 3209 3766; x_wconf 90' lang='grc' dir='ltr'><strong>γε</strong></span> <span class='ocrx_word' id='word_1_539' title='bbox 3242 3693 3344 3755; x_wconf 79' lang='grc' dir='ltr'>τῆς</span> <span class='ocrx_word' id='word_1_540' title='bbox 3373 3688 3509 3765; x_wconf 78' lang='grc' dir='ltr'>ἐμῆς</span> <span class='ocrx_word' id='word_1_541' title='bbox 3556 3695 3700 3761; x_wconf 82' lang='grc' dir='ltr'>ζωῆς</span> <span class='ocrx_word' id='word_1_542' title='bbox 3729 3683 3854 3745; x_wconf 77' lang='grc' dir='ltr'>τέλος</span> 
     </span>
    </p>
   </div>
   <div class='ocr_carea' id='block_1_76' title="bbox 514 3769 2170 3855">
    <p class='ocr_par' dir='ltr' id='par_1_76' title="bbox 514 3769 2160 3851">
     <span class='ocr_line' id='line_1_77' title="bbox 514 3769 2160 3851; baseline 0.001 -19"><span class='ocrx_word' id='word_1_543' title='bbox 514 3778 633 3846; x_wconf 88' lang='lat' dir='ltr'><strong>tur,</strong></span> <span class='ocrx_word' id='word_1_544' title='bbox 667 3787 734 3833; x_wconf 88' lang='lat' dir='ltr'><strong>se</strong></span> <span class='ocrx_word' id='word_1_545' title='bbox 775 3779 974 3834; x_wconf 89' lang='lat' dir='ltr'><strong>autem</strong></span> <span class='ocrx_word' id='word_1_546' title='bbox 1020 3769 1168 3832; x_wconf 79' lang='lat' dir='ltr'><strong>dixit</strong></span> <span class='ocrx_word' id='word_1_547' title='bbox 1189 3787 1529 3832; x_wconf 88' lang='lat' dir='ltr'><strong>mansuram</strong></span> <span class='ocrx_word' id='word_1_548' title='bbox 1565 3769 1922 3845; x_wconf 88' lang='lat' dir='ltr'><strong>:Quoniam,</strong></span> <span class='ocrx_word' id='word_1_549' title='bbox 1946 3771 2160 3851; x_wconf 88' lang='lat' dir='ltr'><strong>inquit,</strong></span> 
     </span>
    </p>
   </div>
   <div class='ocr_carea' id='block_1_77' title="bbox 2254 3769 3854 3855">
    <p class='ocr_par' dir='ltr' id='par_1_77' title="bbox 2254 3773 3854 3855">
     <span class='ocr_line' id='line_1_78' title="bbox 2254 3773 3854 3855; baseline -0.002 -23"><span class='ocrx_word' id='word_1_550' title='bbox 2254 3776 2426 3855; x_wconf 68' lang='grc' dir='ltr'>ἐγγύς.</span> <span class='ocrx_word' id='word_1_551' title='bbox 2460 3775 2631 3834; x_wconf 81' lang='grc' dir='ltr'>’Ὅθεν</span> <span class='ocrx_word' id='word_1_552' title='bbox 2681 3774 2799 3832; x_wconf 69' lang='grc' dir='ltr'>οὔτε</span> <span class='ocrx_word' id='word_1_553' title='bbox 2850 3781 3006 3850; x_wconf 90' lang='grc' dir='ltr'>σῶμα</span> <span class='ocrx_word' id='word_1_554' title='bbox 3036 3777 3098 3832; x_wconf 85' lang='grc' dir='ltr'><strong>τὸ</strong></span> <span class='ocrx_word' id='word_1_555' title='bbox 3141 3778 3272 3852; x_wconf 71' lang='grc' dir='ltr'>ὶμὸν</span> <span class='ocrx_word' id='word_1_556' title='bbox 3327 3785 3434 3836; x_wconf 90' lang='grc' dir='ltr'><strong>τῶν</strong></span> <span class='ocrx_word' id='word_1_557' title='bbox 3466 3784 3726 3854; x_wconf 67' lang='grc' dir='ltr'>σωμάτων</span> <span class='ocrx_word' id='word_1_558' title='bbox 3751 3773 3854 3831; x_wconf 79' lang='grc' dir='ltr'>τούο</span> 
     </span>
    </p>
   </div>
   <div class='ocr_carea' id='block_1_78' title="bbox 517 3858 2170 3944">
    <p class='ocr_par' dir='ltr' id='par_1_78' title="bbox 517 3858 2163 3941">
     <span class='ocr_line' id='line_1_79' title="bbox 517 3858 2163 3941; baseline 0 -19"><span class='ocrx_word' id='word_1_559' title='bbox 517 3877 703 3941; x_wconf 89' lang='lat' dir='ltr'><strong>prope</strong></span> <span class='ocrx_word' id='word_1_560' title='bbox 727 3867 818 3922; x_wconf 91' lang='lat' dir='ltr'><strong>est</strong></span> <span class='ocrx_word' id='word_1_561' title='bbox 838 3860 971 3922; x_wconf 64' lang='lat' dir='ltr'><strong>vitae</strong></span> <span class='ocrx_word' id='word_1_562' title='bbox 993 3858 1357 3932; x_wconf 84' lang='lat' dir='ltr'><strong>ﬁnis.Quare</strong></span> <span class='ocrx_word' id='word_1_563' title='bbox 1378 3877 1491 3921; x_wconf 91' lang='lat' dir='ltr'><strong>nec</strong></span> <span class='ocrx_word' id='word_1_564' title='bbox 1516 3877 1712 3922; x_wconf 91' lang='lat' dir='ltr'><strong>meum</strong></span> <span class='ocrx_word' id='word_1_565' title='bbox 1735 3877 1952 3940; x_wconf 87' lang='lat' dir='ltr'><strong>corpus</strong></span> <span class='ocrx_word' id='word_1_566' title='bbox 1975 3859 2047 3921; x_wconf 91' lang='lat' dir='ltr'><strong>ab</strong></span> <span class='ocrx_word' id='word_1_567' title='bbox 2070 3861 2163 3922; x_wconf 89' lang='lat' dir='ltr'><strong>bis</strong></span> 
     </span>
    </p>
   </div>
   <div class='ocr_carea' id='block_1_79' title="bbox 2254 3858 3852 3944">
    <p class='ocr_par' dir='ltr' id='par_1_79' title="bbox 2254 3863 3852 3944">
     <span class='ocr_line' id='line_1_80' title="bbox 2254 3863 3852 3944; baseline -0.001 -22"><span class='ocrx_word' id='word_1_568' title='bbox 2254 3885 2351 3944; x_wconf 78' lang='grc' dir='ltr'><strong>των</strong></span> <span class='ocrx_word' id='word_1_569' title='bbox 2383 3863 2500 3922; x_wconf 76' lang='grc' dir='ltr'>οὔτε</span> <span class='ocrx_word' id='word_1_570' title='bbox 2530 3869 2637 3921; x_wconf 88' lang='grc' dir='ltr'><strong>τῶν</strong></span> <span class='ocrx_word' id='word_1_571' title='bbox 2667 3866 2861 3944; x_wconf 82' lang='grc' dir='ltr'>ψυχῶν</span> <span class='ocrx_word' id='word_1_572' title='bbox 2915 3863 3054 3928; x_wconf 74' lang='grc' dir='ltr'>ὅλως</span> <span class='ocrx_word' id='word_1_573' title='bbox 3089 3864 3388 3936; x_wconf 74' lang='grc' dir='ltr'>ἀποστῆναι</span> <span class='ocrx_word' id='word_1_574' title='bbox 3438 3865 3524 3924; x_wconf 82' lang='grc' dir='ltr'><strong>δεῖ</strong></span> <span class='ocrx_word' id='word_1_575' title='bbox 3549 3890 3651 3936; x_wconf 86' lang='grc' dir='ltr'><strong>την</strong></span> <span class='ocrx_word' id='word_1_576' title='bbox 3681 3864 3852 3944; x_wconf 75' lang='grc' dir='ltr'>ψυχήν.</span> 
     </span>
    </p>
   </div>
   <div class='ocr_carea' id='block_1_80' title="bbox 513 3943 2170 4032">
    <p class='ocr_par' dir='ltr' id='par_1_80' title="bbox 513 3948 2165 4030">
     <span class='ocr_line' id='line_1_81' title="bbox 513 3948 2165 4030; baseline 0.001 -20"><span class='ocrx_word' id='word_1_577' title='bbox 513 3948 888 4030; x_wconf 87' lang='lat' dir='ltr'><strong>corporibus,</strong></span> <span class='ocrx_word' id='word_1_578' title='bbox 943 3949 1377 4013; x_wconf 78' lang='lat' dir='ltr'><strong>necauimam</strong></span> <span class='ocrx_word' id='word_1_579' title='bbox 1442 3948 1685 4010; x_wconf 91' lang='lat' dir='ltr'><strong>omnino</strong></span> <span class='ocrx_word' id='word_1_580' title='bbox 1738 3948 1913 4010; x_wconf 91' lang='lat' dir='ltr'><strong>decet</strong></span> <span class='ocrx_word' id='word_1_581' title='bbox 1940 3949 2016 4010; x_wconf 91' lang='lat' dir='ltr'><strong>ab</strong></span> <span class='ocrx_word' id='word_1_582' title='bbox 2073 3951 2165 4012; x_wconf 90' lang='lat' dir='ltr'><strong>his</strong></span> 
     </span>
    </p>
   </div>
   <div class='ocr_carea' id='block_1_81' title="bbox 2254 3943 3852 4032">
    <p class='ocr_par' dir='ltr' id='par_1_81' title="bbox 2254 3943 3852 4032">
     <span class='ocr_line' id='line_1_82' title="bbox 2254 3943 3852 4032; baseline -0.003 -21"><span class='ocrx_word' id='word_1_583' title='bbox 2254 3943 2460 4011; x_wconf 82' lang='grc' dir='ltr'>Ἐκεῖσε</span> <span class='ocrx_word' id='word_1_584' title='bbox 2529 3943 2804 4032; x_wconf 73' lang='grc' dir='ltr'>τοιγαροῦν</span> <span class='ocrx_word' id='word_1_585' title='bbox 2866 3953 3197 4028; x_wconf 78' lang='grc' dir='ltr'>ὑπομείνασα</span> <span class='ocrx_word' id='word_1_586' title='bbox 3252 3954 3628 4024; x_wconf 74' lang='grc' dir='ltr'>ἆδιασπάστως</span> <span class='ocrx_word' id='word_1_587' title='bbox 3695 3955 3852 4032; x_wconf 80' lang='grc' dir='ltr'>εἴχετο</span> 
     </span>
    </p>
   </div>
   <div class='ocr_carea' id='block_1_82' title="bbox 513 4037 2170 4126">
    <p class='ocr_par' dir='ltr' id='par_1_82' title="bbox 513 4037 2162 4120">
     <span class='ocr_line' id='line_1_83' title="bbox 513 4037 2162 4120; baseline 0.001 -21"><span class='ocrx_word' id='word_1_588' title='bbox 513 4038 728 4099; x_wconf 91' lang='lat' dir='ltr'><strong>animis</strong></span> <span class='ocrx_word' id='word_1_589' title='bbox 759 4038 1018 4118; x_wconf 87' lang='lat' dir='ltr'><strong>sejungi.</strong></span> <span class='ocrx_word' id='word_1_590' title='bbox 1056 4041 1204 4102; x_wconf 92' lang='lat' dir='ltr'><strong>Cum</strong></span> <span class='ocrx_word' id='word_1_591' title='bbox 1237 4038 1364 4101; x_wconf 92' lang='lat' dir='ltr'><strong>illic</strong></span> <span class='ocrx_word' id='word_1_592' title='bbox 1394 4057 1537 4120; x_wconf 85' lang='lat' dir='ltr'><strong>ergo</strong></span> <span class='ocrx_word' id='word_1_593' title='bbox 1569 4037 1980 4112; x_wconf 88' lang='lat' dir='ltr'><strong>remansisset,</strong></span> <span class='ocrx_word' id='word_1_594' title='bbox 2001 4038 2162 4101; x_wconf 92' lang='lat' dir='ltr'><strong>indi-</strong></span> 
     </span>
    </p>
   </div>
   <div class='ocr_carea' id='block_1_83' title="bbox 2254 4037 3853 4126">
    <p class='ocr_par' dir='ltr' id='par_1_83' title="bbox 2254 4037 3853 4126">
     <span class='ocr_line' id='line_1_84' title="bbox 2254 4037 3853 4126; baseline 0 -28"><span class='ocrx_word' id='word_1_595' title='bbox 2254 4046 2350 4098; x_wconf 84' lang='grc' dir='ltr'><strong>τῶν</strong></span> <span class='ocrx_word' id='word_1_596' title='bbox 2407 4040 2697 4118; x_wconf 79' lang='grc' dir='ltr'>λειψάνων,</span> <span class='ocrx_word' id='word_1_597' title='bbox 2746 4042 3121 4120; x_wconf 79' lang='grc' dir='ltr'>ἀσπαζομένη,</span> <span class='ocrx_word' id='word_1_598' title='bbox 3162 4045 3595 4126; x_wconf 81' lang='grc' dir='ltr'>προσευχομένη,</span> <span class='ocrx_word' id='word_1_599' title='bbox 3647 4037 3853 4124; x_wconf 79' lang='grc' dir='ltr'>ἀρώμασί</span> 
     </span>
    </p>
   </div>
   <div class='ocr_carea' id='block_1_84' title="bbox 512 4126 2170 4210">
    <p class='ocr_par' dir='ltr' id='par_1_84' title="bbox 512 4126 2166 4208">
     <span class='ocr_line' id='line_1_85' title="bbox 512 4126 2166 4208; baseline 0.002 -21"><span class='ocrx_word' id='word_1_600' title='bbox 512 4126 683 4188; x_wconf 86' lang='lat' dir='ltr'><strong>vulsa</strong></span> <span class='ocrx_word' id='word_1_601' title='bbox 709 4126 1055 4190; x_wconf 68' lang='lat' dir='ltr'><strong>adhaerebat</strong></span> <span class='ocrx_word' id='word_1_602' title='bbox 1083 4127 1756 4208; x_wconf 82' lang='lat' dir='ltr'><strong>reliquiis,aromatibus</strong></span> <span class='ocrx_word' id='word_1_603' title='bbox 1786 4135 1844 4188; x_wconf 92' lang='lat' dir='ltr'><strong>et</strong></span> <span class='ocrx_word' id='word_1_604' title='bbox 1868 4126 2166 4190; x_wconf 83' lang='lat' dir='ltr'><strong>sufﬁtibus</strong></span> 
     </span>
    </p>
   </div>
   <div class='ocr_carea' id='block_1_85' title="bbox 2254 4126 3845 4210">
    <p class='ocr_par' dir='ltr' id='par_1_85' title="bbox 2254 4129 3845 4210">
     <span class='ocr_line' id='line_1_86' title="bbox 2254 4129 3845 4210; baseline 0.005 -24"><span class='ocrx_word' id='word_1_605' title='bbox 2254 4151 2302 4186; x_wconf 83' lang='grc' dir='ltr'><strong>τε</strong></span> <span class='ocrx_word' id='word_1_606' title='bbox 2357 4131 2445 4188; x_wconf 75' lang='grc' dir='ltr'><strong>καὶ</strong></span> <span class='ocrx_word' id='word_1_607' title='bbox 2499 4130 2791 4206; x_wconf 76' lang='grc' dir='ltr'>θυμιάμασι</span> <span class='ocrx_word' id='word_1_608' title='bbox 2849 4131 2948 4200; x_wconf 83' lang='grc' dir='ltr'>τὴν</span> <span class='ocrx_word' id='word_1_609' title='bbox 3006 4134 3136 4210; x_wconf 81' lang='grc' dir='ltr'>πρὸς</span> <span class='ocrx_word' id='word_1_610' title='bbox 3193 4133 3326 4190; x_wconf 76' lang='grc' dir='ltr'>αύτὰ</span> <span class='ocrx_word' id='word_1_611' title='bbox 3381 4132 3628 4192; x_wconf 76' lang='grc' dir='ltr'>δεικνῦσα</span> <span class='ocrx_word' id='word_1_612' title='bbox 3693 4129 3845 4208; x_wconf 65' lang='grc' dir='ltr'>τιμὴν,</span> 
     </span>
    </p>
   </div>
   <div class='ocr_carea' id='block_1_86' title="bbox 513 4214 2170 4306">
    <p class='ocr_par' dir='ltr' id='par_1_86' title="bbox 513 4214 2167 4306">
     <span class='ocr_line' id='line_1_87' title="bbox 513 4214 2167 4306; baseline 0.001 -29"><span class='ocrx_word' id='word_1_613' title='bbox 513 4215 600 4277; x_wconf 85' lang='lat' dir='ltr'><strong>eis</strong></span> <span class='ocrx_word' id='word_1_614' title='bbox 629 4216 921 4306; x_wconf 84' lang='lat' dir='ltr'><strong>honorem</strong></span> <span class='ocrx_word' id='word_1_615' title='bbox 979 4215 1296 4306; x_wconf 83' lang='lat' dir='ltr'><strong>exhibens,</strong></span> <span class='ocrx_word' id='word_1_616' title='bbox 1357 4217 1642 4306; x_wconf 85' lang='lat' dir='ltr'><strong>nauclero</strong></span> <span class='ocrx_word' id='word_1_617' title='bbox 1697 4214 1846 4276; x_wconf 87' lang='lat' dir='ltr'><strong>satis</strong></span> <span class='ocrx_word' id='word_1_618' title='bbox 1899 4218 2167 4296; x_wconf 82' lang='lat' dir='ltr'><strong>pecuniae</strong></span> 
     </span>
    </p>
   </div>
   <div class='ocr_carea' id='block_1_87' title="bbox 2254 4214 3846 4306">
    <p class='ocr_par' dir='ltr' id='par_1_87' title="bbox 2254 4217 3846 4306">
     <span class='ocr_line' id='line_1_88' title="bbox 2254 4217 3846 4306; baseline 0.005 -30"><span class='ocrx_word' id='word_1_619' title='bbox 2254 4217 2819 4298; x_wconf 77' lang='grc' dir='ltr'>προσκαταϐαλομένου</span> <span class='ocrx_word' id='word_1_620' title='bbox 2882 4221 2972 4277; x_wconf 83' lang='grc' dir='ltr'><strong>καὶ</strong></span> <span class='ocrx_word' id='word_1_621' title='bbox 3054 4231 3146 4282; x_wconf 80' lang='grc' dir='ltr'><strong>τοῦ</strong></span> <span class='ocrx_word' id='word_1_622' title='bbox 3205 4221 3512 4303; x_wconf 73' lang='grc' dir='ltr'>ναυκλήρου</span> <span class='ocrx_word' id='word_1_623' title='bbox 3569 4227 3698 4306; x_wconf 77' lang='grc' dir='ltr'>πρὸς</span> <span class='ocrx_word' id='word_1_624' title='bbox 3770 4218 3846 4284; x_wconf 66' lang='grc' dir='ltr'><strong>τὴν</strong></span> 
     </span>
    </p>
   </div>
   <div class='ocr_carea' id='block_1_88' title="bbox 511 4303 2170 4390">
    <p class='ocr_par' dir='ltr' id='par_1_88' title="bbox 511 4303 1591 4385">
     <span class='ocr_line' id='line_1_89' title="bbox 511 4303 1591 4385; baseline 0.002 -20"><span class='ocrx_word' id='word_1_625' title='bbox 511 4303 932 4384; x_wconf 88' lang='lat' dir='ltr'><strong>suppeditante</strong></span> <span class='ocrx_word' id='word_1_626' title='bbox 955 4305 1028 4368; x_wconf 88' lang='lat' dir='ltr'><strong>ad</strong></span> <span class='ocrx_word' id='word_1_627' title='bbox 1059 4322 1130 4367; x_wconf 91' lang='lat' dir='ltr'><strong>ea</strong></span> <span class='ocrx_word' id='word_1_628' title='bbox 1159 4305 1591 4385; x_wconf 86' lang='lat' dir='ltr'><strong>comparanda.</strong></span> 
     </span>
    </p>
   </div>
   <div class='ocr_carea' id='block_1_89' title="bbox 2254 4303 3235 4390">
    <p class='ocr_par' dir='ltr' id='par_1_89' title="bbox 2254 4309 3235 4390">
     <span class='ocr_line' id='line_1_90' title="bbox 2254 4309 3235 4390; baseline 0.001 -23"><span class='ocrx_word' id='word_1_629' title='bbox 2254 4309 2512 4389; x_wconf 64' lang='grc' dir='ltr'>χορηγίαν</span> <span class='ocrx_word' id='word_1_630' title='bbox 2541 4309 2739 4365; x_wconf 89' lang='grc' dir='ltr'>τούτων</span> <span class='ocrx_word' id='word_1_631' title='bbox 2767 4309 2920 4365; x_wconf 82' lang='grc' dir='ltr'>ἱκανᾶ</span> <span class='ocrx_word' id='word_1_632' title='bbox 2949 4312 3235 4390; x_wconf 82' lang='grc' dir='ltr'>χρήματα.</span> 
     </span>
    </p>
   </div>
   <div class='ocr_carea' id='block_1_90' title="bbox 590 4392 2170 4474">
    <p class='ocr_par' dir='ltr' id='par_1_90' title="bbox 590 4392 2158 4474">
     <span class='ocr_line' id='line_1_91' title="bbox 590 4392 2158 4474; baseline 0.001 -20"><span class='ocrx_word' id='word_1_633' title='bbox 590 4392 853 4455; x_wconf 89' lang='lat' dir='ltr'><strong>XXXVI.</strong></span> <span class='ocrx_word' id='word_1_634' title='bbox 886 4394 1052 4457; x_wconf 88' lang='lat' dir='ltr'><strong>Fieri</strong></span> <span class='ocrx_word' id='word_1_635' title='bbox 1108 4403 1308 4456; x_wconf 87' lang='lat' dir='ltr'><strong>autem</strong></span> <span class='ocrx_word' id='word_1_636' title='bbox 1377 4412 1496 4454; x_wconf 92' lang='lat' dir='ltr'><strong>non</strong></span> <span class='ocrx_word' id='word_1_637' title='bbox 1529 4399 1784 4472; x_wconf 88' lang='lat' dir='ltr'><strong>poterat,</strong></span> <span class='ocrx_word' id='word_1_638' title='bbox 1815 4403 1882 4455; x_wconf 91' lang='lat' dir='ltr'><strong>ut</strong></span> <span class='ocrx_word' id='word_1_639' title='bbox 1930 4411 2034 4456; x_wconf 89' lang='lat' dir='ltr'><strong>eos</strong></span> <span class='ocrx_word' id='word_1_640' title='bbox 2062 4396 2158 4474; x_wconf 89' lang='lat' dir='ltr'><strong>qui</strong></span> 
     </span>
    </p>
   </div>
   <div class='ocr_carea' id='block_1_91' title="bbox 2254 4392 3840 4474">
    <p class='ocr_par' dir='ltr' id='par_1_91' title="bbox 2325 4395 3840 4473">
     <span class='ocr_line' id='line_1_92' title="bbox 2325 4395 3840 4473; baseline 0.004 -19"><span class='ocrx_word' id='word_1_641' title='bbox 2325 4397 2480 4472; x_wconf 70' lang='grc' dir='ltr'>[ις’.</span> <span class='ocrx_word' id='word_1_642' title='bbox 2513 4401 2620 4457; x_wconf 82' lang='grc' dir='ltr'><strong>Οὒκ</strong></span> <span class='ocrx_word' id='word_1_643' title='bbox 2647 4398 2713 4467; x_wconf 82' lang='grc' dir='ltr'><strong>ἧν</strong></span> <span class='ocrx_word' id='word_1_644' title='bbox 2743 4397 2798 4454; x_wconf 80' lang='grc' dir='ltr'><strong>δὲ</strong></span> <span class='ocrx_word' id='word_1_645' title='bbox 2840 4399 3055 4465; x_wconf 81' lang='grc' dir='ltr'>πάντως</span> <span class='ocrx_word' id='word_1_646' title='bbox 3095 4402 3218 4465; x_wconf 89' lang='grc' dir='ltr'>τοὺς</span> <span class='ocrx_word' id='word_1_647' title='bbox 3275 4402 3330 4458; x_wconf 83' lang='grc' dir='ltr'>ἐν</span> <span class='ocrx_word' id='word_1_648' title='bbox 3381 4403 3560 4460; x_wconf 83' lang='grc' dir='ltr'>σκότει</span> <span class='ocrx_word' id='word_1_649' title='bbox 3592 4395 3840 4473; x_wconf 75' lang='grc' dir='ltr'>καθεζομέο</span> 
     </span>
    </p>
   </div>
   <div class='ocr_carea' id='block_1_92' title="bbox 512 4481 2170 4568">
    <p class='ocr_par' dir='ltr' id='par_1_92' title="bbox 512 4481 2156 4564">
     <span class='ocr_line' id='line_1_93' title="bbox 512 4481 2156 4564; baseline 0.002 -23"><span class='ocrx_word' id='word_1_650' title='bbox 512 4489 684 4542; x_wconf 88' lang='lat' dir='ltr'><strong>erant</strong></span> <span class='ocrx_word' id='word_1_651' title='bbox 713 4482 775 4543; x_wconf 90' lang='lat' dir='ltr'><strong>in</strong></span> <span class='ocrx_word' id='word_1_652' title='bbox 809 4481 1322 4563; x_wconf 89' lang='lat' dir='ltr'><strong>tenebris,lateret</strong></span> <span class='ocrx_word' id='word_1_653' title='bbox 1355 4500 1504 4562; x_wconf 90' lang='lat' dir='ltr'><strong>opus</strong></span> <span class='ocrx_word' id='word_1_654' title='bbox 1534 4481 1687 4544; x_wconf 92' lang='lat' dir='ltr'><strong>lucis</strong></span> <span class='ocrx_word' id='word_1_655' title='bbox 1714 4503 1730 4563; x_wconf 88' lang='lat'><strong>;</strong></span> <span class='ocrx_word' id='word_1_656' title='bbox 1767 4501 1963 4564; x_wconf 88' lang='lat' dir='ltr'><strong>neque</strong></span> <span class='ocrx_word' id='word_1_657' title='bbox 1994 4500 2156 4545; x_wconf 90' lang='lat' dir='ltr'><strong>mar-</strong></span> 
     </span>
    </p>
   </div>
   <div class='ocr_carea' id='block_1_93' title="bbox 2254 4481 3836 4568">
    <p class='ocr_par' dir='ltr' id='par_1_93' title="bbox 2254 4482 3836 4568">
     <span class='ocr_line' id='line_1_94' title="bbox 2254 4482 3836 4568; baseline 0.001 -26"><span class='ocrx_word' id='word_1_658' title='bbox 2254 4509 2360 4552; x_wconf 74' lang='grc' dir='ltr'>νους</span> <span class='ocrx_word' id='word_1_659' title='bbox 2391 4488 2452 4544; x_wconf 79' lang='grc' dir='ltr'>τὸ</span> <span class='ocrx_word' id='word_1_660' title='bbox 2478 4493 2572 4543; x_wconf 79' lang='grc' dir='ltr'><strong>τοῦ</strong></span> <span class='ocrx_word' id='word_1_661' title='bbox 2626 4489 2798 4568; x_wconf 74' lang='grc' dir='ltr'>φωτὸς</span> <span class='ocrx_word' id='word_1_662' title='bbox 2860 4486 3009 4567; x_wconf 80' lang='grc' dir='ltr'>ἔργον</span> <span class='ocrx_word' id='word_1_663' title='bbox 3067 4487 3364 4568; x_wconf 81' lang='grc' dir='ltr'>διαλαθεῖν,</span> <span class='ocrx_word' id='word_1_664' title='bbox 3411 4491 3548 4567; x_wconf 77' lang='grc' dir='ltr'>μηδέ</span> <span class='ocrx_word' id='word_1_665' title='bbox 3609 4494 3700 4560; x_wconf 76' lang='grc' dir='ltr'>τὴν</span> <span class='ocrx_word' id='word_1_666' title='bbox 3752 4482 3836 4562; x_wconf 75' lang='grc' dir='ltr'>περῖ</span> 
     </span>
    </p>
   </div>
   <div class='ocr_carea' id='block_1_94' title="bbox 511 4563 2170 4660">
    <p class='ocr_par' dir='ltr' id='par_1_94' title="bbox 511 4563 2162 4660">
     <span class='ocr_line' id='line_1_95' title="bbox 511 4563 2162 4660; baseline 0.002 -31"><span class='ocrx_word' id='word_1_667' title='bbox 511 4568 668 4660; x_wconf 80' lang='lat' dir='ltr'><strong>tyrii,</strong></span> <span class='ocrx_word' id='word_1_668' title='bbox 701 4589 816 4660; x_wconf 89' lang='lat' dir='ltr'><strong>quo</strong></span> <span class='ocrx_word' id='word_1_669' title='bbox 837 4571 1065 4660; x_wconf 86' lang='lat' dir='ltr'><strong>Domna</strong></span> <span class='ocrx_word' id='word_1_670' title='bbox 1090 4569 1448 4660; x_wconf 79' lang='lat' dir='ltr'><strong>tenebatur,</strong></span> <span class='ocrx_word' id='word_1_671' title='bbox 1470 4569 1836 4635; x_wconf 89' lang='lat' dir='ltr'><strong>desiderium</strong></span> <span class='ocrx_word' id='word_1_672' title='bbox 1858 4563 2162 4634; x_wconf 87' lang='lat' dir='ltr'><strong>videretur</strong></span> 
     </span>
    </p>
   </div>
   <div class='ocr_carea' id='block_1_95' title="bbox 2254 4563 3831 4660">
    <p class='ocr_par' dir='ltr' id='par_1_95' title="bbox 2254 4563 3831 4660">
     <span class='ocr_line' id='line_1_96' title="bbox 2254 4563 3831 4660; baseline 0.002 -27"><span class='ocrx_word' id='word_1_673' title='bbox 2254 4577 2302 4634; x_wconf 79' lang='grc' dir='ltr'>τὸ</span> <span class='ocrx_word' id='word_1_674' title='bbox 2375 4563 2656 4655; x_wconf 78' lang='grc' dir='ltr'>μαρτύριον</span> <span class='ocrx_word' id='word_1_675' title='bbox 2748 4563 2957 4651; x_wconf 25' lang='grc' dir='ltr'>Δόμννας</span> <span class='ocrx_word' id='word_1_676' title='bbox 3029 4576 3304 4654; x_wconf 76' lang='grc' dir='ltr'>ἐπιθυμίαν</span> <span class='ocrx_word' id='word_1_677' title='bbox 3346 4563 3358 4568; x_wconf 29' lang='grc' dir='ltr'><strong>ν</strong></span> <span class='ocrx_word' id='word_1_678' title='bbox 3385 4563 3551 4649; x_wconf 66' lang='grc' dir='ltr'>ατελῆ</span> <span class='ocrx_word' id='word_1_679' title='bbox 3632 4582 3831 4660; x_wconf 76' lang='grc' dir='ltr'>ὀφθῆναι.</span> 
     </span>
    </p>
   </div>
   <div class='ocr_carea' id='block_1_96' title="bbox 510 4657 2158 4739">
    <p class='ocr_par' dir='ltr' id='par_1_96' title="bbox 510 4657 2158 4739">
     <span class='ocr_line' id='line_1_97' title="bbox 510 4657 2158 4739; baseline 0.003 -22"><span class='ocrx_word' id='word_1_680' title='bbox 510 4657 954 4739; x_wconf 81' lang='lat' dir='ltr'><strong>imperfectum.</strong></span> <span class='ocrx_word' id='word_1_681' title='bbox 992 4657 1392 4731; x_wconf 85' lang='lat' dir='ltr'><strong>Quamobrem</strong></span> <span class='ocrx_word' id='word_1_682' title='bbox 1419 4659 1776 4722; x_wconf 86' lang='lat' dir='ltr'><strong>deferuntur</strong></span> <span class='ocrx_word' id='word_1_683' title='bbox 1797 4661 1925 4723; x_wconf 85' lang='lat' dir='ltr'><strong>haec</strong></span> <span class='ocrx_word' id='word_1_684' title='bbox 1941 4661 2013 4724; x_wconf 91' lang='lat' dir='ltr'><strong>ad</strong></span> <span class='ocrx_word' id='word_1_685' title='bbox 2034 4663 2158 4722; x_wconf 84' lang='lat' dir='ltr'><strong>Ma-</strong></span> 
     </span>
    </p>
   </div>
   <div class='ocr_carea' id='block_1_97' title="bbox 508 4745 2162 4830">
    <p class='ocr_par' dir='ltr' id='par_1_97' title="bbox 508 4745 2162 4830">
     <span class='ocr_line' id='line_1_98' title="bbox 508 4745 2162 4830; baseline 0.004 -24"><span class='ocrx_word' id='word_1_686' title='bbox 508 4745 973 4830; x_wconf 82' lang='lat' dir='ltr'><strong>ximianum,qui</strong></span> <span class='ocrx_word' id='word_1_687' title='bbox 1004 4767 1138 4811; x_wconf 92' lang='lat' dir='ltr'><strong>cum</strong></span> <span class='ocrx_word' id='word_1_688' title='bbox 1174 4747 1762 4830; x_wconf 82' lang='lat' dir='ltr'><strong>intellexisset,quod</strong></span> <span class='ocrx_word' id='word_1_689' title='bbox 1795 4751 1894 4813; x_wconf 87' lang='lat' dir='ltr'><strong>illa</strong></span> <span class='ocrx_word' id='word_1_690' title='bbox 1924 4759 2162 4812; x_wconf 90' lang='lat' dir='ltr'><strong>sancto-</strong></span> 
     </span>
    </p>
   </div>
   <div class='ocr_carea' id='block_1_98' title="bbox 508 4839 2160 4920">
    <p class='ocr_par' dir='ltr' id='par_1_98' title="bbox 508 4839 2160 4920">
     <span class='ocr_line' id='line_1_99' title="bbox 508 4839 2160 4920; baseline 0.004 -25"><span class='ocrx_word' id='word_1_691' title='bbox 508 4851 643 4896; x_wconf 90' lang='lat' dir='ltr'><strong>rum</strong></span> <span class='ocrx_word' id='word_1_692' title='bbox 680 4843 842 4899; x_wconf 88' lang='lat' dir='ltr'><strong>tanto</strong></span> <span class='ocrx_word' id='word_1_693' title='bbox 873 4855 1079 4900; x_wconf 89' lang='lat' dir='ltr'><strong>amore</strong></span> <span class='ocrx_word' id='word_1_694' title='bbox 1112 4848 1283 4920; x_wconf 89' lang='lat' dir='ltr'><strong>capta</strong></span> <span class='ocrx_word' id='word_1_695' title='bbox 1311 4848 1497 4913; x_wconf 87' lang='lat' dir='ltr'><strong>esset,</strong></span> <span class='ocrx_word' id='word_1_696' title='bbox 1531 4858 1809 4919; x_wconf 83' lang='lat' dir='ltr'><strong>magnum</strong></span> <span class='ocrx_word' id='word_1_697' title='bbox 1843 4839 2028 4901; x_wconf 90' lang='lat' dir='ltr'><strong>edens</strong></span> <span class='ocrx_word' id='word_1_698' title='bbox 2057 4858 2160 4901; x_wconf 88' lang='lat' dir='ltr'><strong>ca-</strong></span> 
     </span>
    </p>
   </div>
   <div class='ocr_carea' id='block_1_99' title="bbox 511 4923 2159 5009">
    <p class='ocr_par' dir='ltr' id='par_1_99' title="bbox 511 4923 2159 5009">
     <span class='ocr_line' id='line_1_100' title="bbox 511 4923 2159 5009; baseline 0.002 -23"><span class='ocrx_word' id='word_1_699' title='bbox 511 4923 826 5006; x_wconf 85' lang='lat' dir='ltr'><strong>chinnum,</strong></span> <span class='ocrx_word' id='word_1_700' title='bbox 890 4927 991 5009; x_wconf 92' lang='lat' dir='ltr'><strong>qui</strong></span> <span class='ocrx_word' id='word_1_701' title='bbox 1023 4929 1208 4992; x_wconf 92' lang='lat' dir='ltr'><strong>multo</strong></span> <span class='ocrx_word' id='word_1_702' title='bbox 1239 4929 1388 5005; x_wconf 88' lang='lat' dir='ltr'><strong>risu,</strong></span> <span class='ocrx_word' id='word_1_703' title='bbox 1416 4928 1510 4990; x_wconf 89' lang='lat' dir='ltr'><strong>vel</strong></span> <span class='ocrx_word' id='word_1_704' title='bbox 1542 4929 1815 5009; x_wconf 89' lang='lat' dir='ltr'><strong>plurimis</strong></span> <span class='ocrx_word' id='word_1_705' title='bbox 1847 4928 2041 5009; x_wconf 89' lang='lat' dir='ltr'><strong>potius</strong></span> <span class='ocrx_word' id='word_1_706' title='bbox 2071 4929 2159 4990; x_wconf 89' lang='lat' dir='ltr'><strong>la-</strong></span> 
     </span>
    </p>
   </div>
   <div class='ocr_carea' id='block_1_100' title="bbox 510 5014 2160 5098">
    <p class='ocr_par' dir='ltr' id='par_1_100' title="bbox 510 5014 2160 5098">
     <span class='ocr_line' id='line_1_101' title="bbox 510 5014 2160 5098; baseline 0.002 -24"><span class='ocrx_word' id='word_1_707' title='bbox 510 5014 727 5094; x_wconf 78' lang='lat' dir='ltr'><strong>crymis</strong></span> <span class='ocrx_word' id='word_1_708' title='bbox 747 5022 875 5077; x_wconf 89' lang='lat' dir='ltr'><strong>erat</strong></span> <span class='ocrx_word' id='word_1_709' title='bbox 924 5017 1162 5097; x_wconf 88' lang='lat' dir='ltr'><strong>dignus,</strong></span> <span class='ocrx_word' id='word_1_710' title='bbox 1197 5020 1314 5081; x_wconf 87' lang='lat' dir='ltr'><strong>Par</strong></span> <span class='ocrx_word' id='word_1_711' title='bbox 1348 5027 1461 5093; x_wconf 89' lang='lat' dir='ltr'><strong>est,</strong></span> <span class='ocrx_word' id='word_1_712' title='bbox 1495 5019 1707 5098; x_wconf 87' lang='lat' dir='ltr'><strong>inquit,</strong></span> <span class='ocrx_word' id='word_1_713' title='bbox 1730 5025 1796 5079; x_wconf 93' lang='lat' dir='ltr'><strong>ut</strong></span> <span class='ocrx_word' id='word_1_714' title='bbox 1823 5035 1892 5078; x_wconf 91' lang='lat' dir='ltr'><strong>ea</strong></span> <span class='ocrx_word' id='word_1_715' title='bbox 1921 5035 2160 5098; x_wconf 92' lang='lat' dir='ltr'><strong>quoque</strong></span> 
     </span>
    </p>
   </div>
   <div class='ocr_carea' id='block_1_101' title="bbox 510 5103 2155 5187">
    <p class='ocr_par' dir='ltr' id='par_1_101' title="bbox 510 5103 2155 5187">
     <span class='ocr_line' id='line_1_102' title="bbox 510 5103 2155 5187; baseline 0.002 -24"><span class='ocrx_word' id='word_1_716' title='bbox 510 5119 712 5182; x_wconf 87' lang='lat' dir='ltr'><strong>parem</strong></span> <span class='ocrx_word' id='word_1_717' title='bbox 746 5103 865 5167; x_wconf 91' lang='lat' dir='ltr'><strong>illis</strong></span> <span class='ocrx_word' id='word_1_718' title='bbox 918 5115 1167 5169; x_wconf 92' lang='lat' dir='ltr'><strong>mortem</strong></span> <span class='ocrx_word' id='word_1_719' title='bbox 1223 5107 1457 5186; x_wconf 90' lang='lat' dir='ltr'><strong>subeat,</strong></span> <span class='ocrx_word' id='word_1_720' title='bbox 1491 5114 1550 5168; x_wconf 94' lang='lat' dir='ltr'><strong>et</strong></span> <span class='ocrx_word' id='word_1_721' title='bbox 1582 5107 1666 5168; x_wconf 92' lang='lat' dir='ltr'><strong>sic</strong></span> <span class='ocrx_word' id='word_1_722' title='bbox 1709 5106 1908 5187; x_wconf 88' lang='lat' dir='ltr'><strong>rcipsa</strong></span> <span class='ocrx_word' id='word_1_723' title='bbox 1944 5105 2155 5181; x_wconf 85' lang='lat' dir='ltr'><strong>discat,</strong></span> 
     </span>
    </p>
   </div>
   <div class='ocr_carea' id='block_1_102' title="bbox 504 5191 2158 5276">
    <p class='ocr_par' dir='ltr' id='par_1_102' title="bbox 504 5191 2158 5276">
     <span class='ocr_line' id='line_1_103' title="bbox 504 5191 2158 5276; baseline 0.003 -25"><span class='ocrx_word' id='word_1_724' title='bbox 504 5191 662 5270; x_wconf 91' lang='lat' dir='ltr'><strong>quod</strong></span> <span class='ocrx_word' id='word_1_725' title='bbox 682 5191 1026 5256; x_wconf 89' lang='lat' dir='ltr'><strong>hominibus</strong></span> <span class='ocrx_word' id='word_1_726' title='bbox 1050 5196 1199 5256; x_wconf 92' lang='lat' dir='ltr'><strong>nihil</strong></span> <span class='ocrx_word' id='word_1_727' title='bbox 1227 5207 1361 5276; x_wconf 89' lang='lat' dir='ltr'><strong>post</strong></span> <span class='ocrx_word' id='word_1_728' title='bbox 1383 5204 1637 5258; x_wconf 90' lang='lat' dir='ltr'><strong>mortem</strong></span> <span class='ocrx_word' id='word_1_729' title='bbox 1662 5195 1917 5274; x_wconf 91' lang='lat' dir='ltr'><strong>amplius</strong></span> <span class='ocrx_word' id='word_1_730' title='bbox 1939 5195 2158 5257; x_wconf 91' lang='lat' dir='ltr'><strong>haben-</strong></span> 
     </span>
    </p>
   </div>
   <div class='ocr_carea' id='block_1_103' title="bbox 502 5278 2158 5355">
    <p class='ocr_par' dir='ltr' id='par_1_103' title="bbox 502 5278 2158 5355">
     <span class='ocr_line' id='line_1_104' title="bbox 502 5278 2158 5355; baseline 0.004 -16"><span class='ocrx_word' id='word_1_731' title='bbox 502 5278 661 5341; x_wconf 90' lang='lat' dir='ltr'><strong>tibus</strong></span> <span class='ocrx_word' id='word_1_732' title='bbox 693 5280 795 5342; x_wconf 88' lang='lat' dir='ltr'><strong>illa</strong></span> <span class='ocrx_word' id='word_1_733' title='bbox 826 5282 1043 5345; x_wconf 84' lang='lat' dir='ltr'><strong>frustra</strong></span> <span class='ocrx_word' id='word_1_734' title='bbox 1075 5293 1272 5347; x_wconf 89' lang='lat' dir='ltr'><strong>tantos</strong></span> <span class='ocrx_word' id='word_1_735' title='bbox 1294 5285 1559 5347; x_wconf 89' lang='lat' dir='ltr'><strong>honores</strong></span> <span class='ocrx_word' id='word_1_736' title='bbox 1587 5284 1854 5347; x_wconf 79' lang='lat' dir='ltr'><strong>exhibet.</strong></span> <span class='ocrx_word' id='word_1_737' title='bbox 1888 5284 2062 5355; x_wconf 85' lang='lat' dir='ltr'><strong>Dixit,</strong></span> <span class='ocrx_word' id='word_1_738' title='bbox 2099 5292 2158 5345; x_wconf 91' lang='lat' dir='ltr'><strong>et</strong></span> 
     </span>
    </p>
   </div>
   <div class='ocr_carea' id='block_1_104' title="bbox 499 5371 2152 5452">
    <p class='ocr_par' dir='ltr' id='par_1_104' title="bbox 499 5371 2152 5452">
     <span class='ocr_line' id='line_1_105' title="bbox 499 5371 2152 5452; baseline 0.004 -24"><span class='ocrx_word' id='word_1_739' title='bbox 499 5373 702 5429; x_wconf 84' lang='lat' dir='ltr'><strong>statim</strong></span> <span class='ocrx_word' id='word_1_740' title='bbox 763 5371 948 5445; x_wconf 90' lang='lat' dir='ltr'><strong>misit,</strong></span> <span class='ocrx_word' id='word_1_741' title='bbox 983 5373 1082 5452; x_wconf 90' lang='lat' dir='ltr'><strong>qui</strong></span> <span class='ocrx_word' id='word_1_742' title='bbox 1148 5391 1281 5434; x_wconf 89' lang='lat' dir='ltr'><strong>eam</strong></span> <span class='ocrx_word' id='word_1_743' title='bbox 1330 5375 1764 5436; x_wconf 90' lang='lat' dir='ltr'><strong>interﬁcerent.</strong></span> <span class='ocrx_word' id='word_1_744' title='bbox 1797 5372 1986 5444; x_wconf 89' lang='lat' dir='ltr'><strong>Quam</strong></span> <span class='ocrx_word' id='word_1_745' title='bbox 2019 5393 2152 5436; x_wconf 87' lang='lat' dir='ltr'><strong>cum</strong></span> 
     </span>
    </p>
   </div>
   <div class='ocr_carea' id='block_1_105' title="bbox 495 5456 2158 5543">
    <p class='ocr_par' dir='ltr' id='par_1_105' title="bbox 495 5456 2158 5543">
     <span class='ocr_line' id='line_1_106' title="bbox 495 5456 2158 5543; baseline 0.004 -27"><span class='ocrx_word' id='word_1_746' title='bbox 495 5456 677 5517; x_wconf 87' lang='lat' dir='ltr'><strong>etiam</strong></span> <span class='ocrx_word' id='word_1_747' title='bbox 709 5460 1309 5538; x_wconf 89' lang='lat' dir='ltr'><strong>comprehendissent</strong></span> <span class='ocrx_word' id='word_1_748' title='bbox 1344 5462 1400 5523; x_wconf 89' lang='lat' dir='ltr'><strong>iu</strong></span> <span class='ocrx_word' id='word_1_749' title='bbox 1437 5463 1570 5524; x_wconf 91' lang='lat' dir='ltr'><strong>loco</strong></span> <span class='ocrx_word' id='word_1_750' title='bbox 1629 5471 1928 5537; x_wconf 90' lang='lat' dir='ltr'><strong>orantem,</strong></span> <span class='ocrx_word' id='word_1_751' title='bbox 1979 5472 2158 5543; x_wconf 86' lang='lat' dir='ltr'><strong>caput</strong></span> 
     </span>
    </p>
   </div>
   <div class='ocr_carea' id='block_1_106' title="bbox 2244 4663 3827 4746">
    <p class='ocr_par' dir='ltr' id='par_1_106' title="bbox 2244 4663 3827 4746">
     <span class='ocr_line' id='line_1_107' title="bbox 2244 4663 3827 4746; baseline -0.003 -22"><span class='ocrx_word' id='word_1_752' title='bbox 2244 4663 2411 4724; x_wconf 85' lang='grc' dir='ltr'>’Ὀθεν</span> <span class='ocrx_word' id='word_1_753' title='bbox 2440 4666 2534 4722; x_wconf 73' lang='grc' dir='ltr'>καί</span> <span class='ocrx_word' id='word_1_754' title='bbox 2563 4663 2700 4732; x_wconf 80' lang='grc' dir='ltr'>δῆλα</span> <span class='ocrx_word' id='word_1_755' title='bbox 2729 4675 2893 4724; x_wconf 82' lang='grc' dir='ltr'>ταῦτα</span> <span class='ocrx_word' id='word_1_756' title='bbox 2922 4663 3237 4742; x_wconf 81' lang='grc' dir='ltr'>Μαξιμιανῷ</span> <span class='ocrx_word' id='word_1_757' title='bbox 3283 4670 3503 4746; x_wconf 85' lang='grc' dir='ltr'>γίνεται,</span> <span class='ocrx_word' id='word_1_758' title='bbox 3557 4673 3644 4728; x_wconf 77' lang='grc' dir='ltr'><strong>καὶ</strong></span> <span class='ocrx_word' id='word_1_759' title='bbox 3691 4663 3827 4742; x_wconf 80' lang='grc' dir='ltr'>μαθὼν</span> 
     </span>
    </p>
   </div>
   <div class='ocr_carea' id='block_1_107' title="bbox 2241 4752 3828 4838">
    <p class='ocr_par' dir='ltr' id='par_1_107' title="bbox 2241 4752 3828 4838">
     <span class='ocr_line' id='line_1_108' title="bbox 2241 4752 3828 4838; baseline -0.005 -21"><span class='ocrx_word' id='word_1_760' title='bbox 2241 4756 2316 4817; x_wconf 78' lang='grc' dir='ltr'>ὡς</span> <span class='ocrx_word' id='word_1_761' title='bbox 2367 4752 2531 4819; x_wconf 76' lang='grc' dir='ltr'>οὕτως</span> <span class='ocrx_word' id='word_1_762' title='bbox 2589 4753 2766 4822; x_wconf 49' lang='grc' dir='ltr'>εκείνη</span> <span class='ocrx_word' id='word_1_763' title='bbox 2818 4757 2924 4811; x_wconf 79' lang='grc' dir='ltr'><strong>τῶν</strong></span> <span class='ocrx_word' id='word_1_764' title='bbox 2982 4756 3148 4832; x_wconf 82' lang='grc' dir='ltr'>ἁγίων</span> <span class='ocrx_word' id='word_1_765' title='bbox 3221 4757 3486 4834; x_wconf 76' lang='grc' dir='ltr'>ἐρωτικῶς</span> <span class='ocrx_word' id='word_1_766' title='bbox 3539 4759 3828 4838; x_wconf 50' lang='grc' dir='ltr'>περιέχεται,</span> 
     </span>
    </p>
   </div>
   <div class='ocr_carea' id='block_1_108' title="bbox 2243 4839 3828 4925">
    <p class='ocr_par' dir='ltr' id='par_1_108' title="bbox 2243 4839 3828 4925">
     <span class='ocr_line' id='line_1_109' title="bbox 2243 4839 3828 4925; baseline 0 -27"><span class='ocrx_word' id='word_1_767' title='bbox 2243 4843 2382 4921; x_wconf 83' lang='grc' dir='ltr'>μέγα</span> <span class='ocrx_word' id='word_1_768' title='bbox 2430 4843 2840 4922; x_wconf 79' lang='grc' dir='ltr'>ἀνακαγχάσας,</span> <span class='ocrx_word' id='word_1_769' title='bbox 2872 4845 2900 4899; x_wconf 81' lang='grc' dir='ltr'>ὁ</span> <span class='ocrx_word' id='word_1_770' title='bbox 2931 4843 3132 4902; x_wconf 84' lang='grc' dir='ltr'>πολλοῦ</span> <span class='ocrx_word' id='word_1_771' title='bbox 3161 4844 3395 4921; x_wconf 78' lang='grc' dir='ltr'>γέλωτος</span> <span class='ocrx_word' id='word_1_772' title='bbox 3429 4848 3465 4916; x_wconf 79' lang='grc' dir='ltr'><strong>ἢ</strong></span> <span class='ocrx_word' id='word_1_773' title='bbox 3505 4851 3694 4925; x_wconf 88' lang='grc' dir='ltr'>μυρίων</span> <span class='ocrx_word' id='word_1_774' title='bbox 3719 4839 3828 4918; x_wconf 84' lang='grc' dir='ltr'>μᾶλ-</span> 
     </span>
    </p>
   </div>
   <div class='ocr_carea' id='block_1_109' title="bbox 2242 4929 3830 5012">
    <p class='ocr_par' dir='ltr' id='par_1_109' title="bbox 2242 4929 3830 5012">
     <span class='ocr_line' id='line_1_110' title="bbox 2242 4929 3830 5012; baseline 0.003 -25"><span class='ocrx_word' id='word_1_775' title='bbox 2242 4931 2332 4988; x_wconf 88' lang='grc' dir='ltr'><strong>λον</strong></span> <span class='ocrx_word' id='word_1_776' title='bbox 2363 4930 2596 5010; x_wconf 78' lang='grc' dir='ltr'>δακρύων</span> <span class='ocrx_word' id='word_1_777' title='bbox 2629 4929 2794 5006; x_wconf 78' lang='grc' dir='ltr'>ἄξιος,</span> <span class='ocrx_word' id='word_1_778' title='bbox 2841 4932 3120 5008; x_wconf 76' lang='grc' dir='ltr'>Προσῆκόν</span> <span class='ocrx_word' id='word_1_779' title='bbox 3177 4932 3342 5008; x_wconf 73' lang='grc' dir='ltr'>ἔστιν,</span> <span class='ocrx_word' id='word_1_780' title='bbox 3378 4937 3528 5012; x_wconf 79' lang='grc' dir='ltr'>εἶπε,</span> <span class='ocrx_word' id='word_1_781' title='bbox 3563 4939 3647 4994; x_wconf 78' lang='grc' dir='ltr'><strong>καὶ</strong></span> <span class='ocrx_word' id='word_1_782' title='bbox 3676 4933 3830 4992; x_wconf 76' lang='grc' dir='ltr'>ταύτην</span> 
     </span>
    </p>
   </div>
   <div class='ocr_carea' id='block_1_110' title="bbox 2242 5019 3831 5102">
    <p class='ocr_par' dir='ltr' id='par_1_110' title="bbox 2242 5019 3831 5102">
     <span class='ocr_line' id='line_1_111' title="bbox 2242 5019 3831 5102; baseline 0.003 -25"><span class='ocrx_word' id='word_1_783' title='bbox 2242 5022 2332 5078; x_wconf 85' lang='grc' dir='ltr'>τὸν</span> <span class='ocrx_word' id='word_1_784' title='bbox 2364 5019 2484 5077; x_wconf 79' lang='grc' dir='ltr'>ἴσον</span> <span class='ocrx_word' id='word_1_785' title='bbox 2539 5021 2760 5084; x_wconf 73' lang='grc' dir='ltr'>ἐκείνοις</span> <span class='ocrx_word' id='word_1_786' title='bbox 2817 5021 3035 5077; x_wconf 70' lang='grc' dir='ltr'>θάνατον</span> <span class='ocrx_word' id='word_1_787' title='bbox 3087 5023 3354 5102; x_wconf 54' lang='grc' dir='ltr'>ὅποσλεῖν</span> <span class='ocrx_word' id='word_1_788' title='bbox 3385 5027 3474 5081; x_wconf 83' lang='grc' dir='ltr'><strong>καὶ</strong></span> <span class='ocrx_word' id='word_1_789' title='bbox 3520 5025 3680 5090; x_wconf 76' lang='grc' dir='ltr'>οὕτως</span> <span class='ocrx_word' id='word_1_790' title='bbox 3729 5021 3831 5098; x_wconf 73' lang='grc' dir='ltr'>ἔργῳ</span> 
     </span>
    </p>
   </div>
   <div class='ocr_carea' id='block_1_111' title="bbox 2243 5106 3830 5189">
    <p class='ocr_par' dir='ltr' id='par_1_111' title="bbox 2243 5106 3830 5189">
     <span class='ocr_line' id='line_1_112' title="bbox 2243 5106 3830 5189; baseline -0.004 -23"><span class='ocrx_word' id='word_1_791' title='bbox 2243 5110 2434 5184; x_wconf 78' lang='grc' dir='ltr'>μαθεῖν</span> <span class='ocrx_word' id='word_1_792' title='bbox 2495 5110 2574 5167; x_wconf 69' lang='grc' dir='ltr'>ὅτι</span> <span class='ocrx_word' id='word_1_793' title='bbox 2619 5110 2795 5184; x_wconf 87' lang='grc' dir='ltr'>μάτην</span> <span class='ocrx_word' id='word_1_794' title='bbox 2853 5110 3149 5189; x_wconf 83' lang='grc' dir='ltr'>ἀνθρώποις</span> <span class='ocrx_word' id='word_1_795' title='bbox 3205 5111 3355 5170; x_wconf 75' lang='grc' dir='ltr'>οὐδὲν</span> <span class='ocrx_word' id='word_1_796' title='bbox 3401 5113 3562 5172; x_wconf 82' lang='grc' dir='ltr'>πλέον</span> <span class='ocrx_word' id='word_1_797' title='bbox 3615 5112 3736 5189; x_wconf 83' lang='grc' dir='ltr'>μετᾶ</span> <span class='ocrx_word' id='word_1_798' title='bbox 3756 5106 3830 5163; x_wconf 71' lang='grc' dir='ltr'><strong>θά-</strong></span> 
     </span>
    </p>
   </div>
   <div class='ocr_carea' id='block_1_112' title="bbox 2243 5199 3828 5281">
    <p class='ocr_par' dir='ltr' id='par_1_112' title="bbox 2243 5199 3828 5281">
     <span class='ocr_line' id='line_1_113' title="bbox 2243 5199 3828 5281; baseline -0.002 -27"><span class='ocrx_word' id='word_1_799' title='bbox 2243 5221 2397 5255; x_wconf 82' lang='grc' dir='ltr'>νατον</span> <span class='ocrx_word' id='word_1_800' title='bbox 2455 5199 2640 5274; x_wconf 68' lang='grc' dir='ltr'>ἕγουσι</span> <span class='ocrx_word' id='word_1_801' title='bbox 2672 5199 2933 5262; x_wconf 86' lang='grc' dir='ltr'>τοσαύτας</span> <span class='ocrx_word' id='word_1_802' title='bbox 2967 5199 3142 5267; x_wconf 71' lang='grc' dir='ltr'>ἐκείνη</span> <span class='ocrx_word' id='word_1_803' title='bbox 3173 5202 3458 5281; x_wconf 80' lang='grc' dir='ltr'>προσφέρει</span> <span class='ocrx_word' id='word_1_804' title='bbox 3490 5207 3668 5279; x_wconf 76' lang='grc' dir='ltr'>τιμάς,</span> <span class='ocrx_word' id='word_1_805' title='bbox 3700 5199 3828 5262; x_wconf 80' lang='grc' dir='ltr'>Εἶπε,</span> 
     </span>
    </p>
   </div>
   <div class='ocr_carea' id='block_1_113' title="bbox 2238 5282 3829 5367">
    <p class='ocr_par' dir='ltr' id='par_1_113' title="bbox 2238 5282 3829 5367">
     <span class='ocr_line' id='line_1_114' title="bbox 2238 5282 3829 5367; baseline -0.004 -22"><span class='ocrx_word' id='word_1_806' title='bbox 2238 5292 2325 5345; x_wconf 84' lang='grc' dir='ltr'><strong>καὶ</strong></span> <span class='ocrx_word' id='word_1_807' title='bbox 2382 5289 2502 5352; x_wconf 80' lang='grc' dir='ltr'>τοὺς</span> <span class='ocrx_word' id='word_1_808' title='bbox 2547 5288 2963 5350; x_wconf 75' lang='grc' dir='ltr'>ἂποκτενοῦιτας</span> <span class='ocrx_word' id='word_1_809' title='bbox 3021 5287 3073 5354; x_wconf 80' lang='grc' dir='ltr'><strong>ἐξ</strong></span> <span class='ocrx_word' id='word_1_810' title='bbox 3121 5289 3286 5358; x_wconf 75' lang='grc' dir='ltr'>αύτῆς</span> <span class='ocrx_word' id='word_1_811' title='bbox 3331 5292 3594 5367; x_wconf 75' lang='grc' dir='ltr'>ἔπεμπεν,</span> <span class='ocrx_word' id='word_1_812' title='bbox 3641 5291 3741 5348; x_wconf 85' lang='grc' dir='ltr'><strong>’Ἦν</strong></span> <span class='ocrx_word' id='word_1_813' title='bbox 3766 5282 3829 5341; x_wconf 82' lang='grc' dir='ltr'>καὶ</span> 
     </span>
    </p>
   </div>
   <div class='ocr_carea' id='block_1_114' title="bbox 2238 5375 3829 5457">
    <p class='ocr_par' dir='ltr' id='par_1_114' title="bbox 2238 5375 3829 5457">
     <span class='ocr_line' id='line_1_115' title="bbox 2238 5375 3829 5457; baseline -0.006 -26"><span class='ocrx_word' id='word_1_814' title='bbox 2238 5376 2684 5457; x_wconf 79' lang='grc' dir='ltr'>προσευχομένην</span> <span class='ocrx_word' id='word_1_815' title='bbox 2729 5376 2928 5434; x_wconf 72' lang='grc' dir='ltr'>ἐκεῖνοι</span> <span class='ocrx_word' id='word_1_816' title='bbox 2959 5375 3086 5450; x_wconf 77' lang='grc' dir='ltr'>παρ’</span> <span class='ocrx_word' id='word_1_817' title='bbox 3141 5380 3284 5454; x_wconf 77' lang='grc' dir='ltr'>αὒτῷ</span> <span class='ocrx_word' id='word_1_818' title='bbox 3323 5378 3388 5447; x_wconf 79' lang='grc' dir='ltr'><strong>δὴ</strong></span> <span class='ocrx_word' id='word_1_819' title='bbox 3420 5387 3496 5453; x_wconf 82' lang='grc' dir='ltr'><strong>τῷ</strong></span> <span class='ocrx_word' id='word_1_820' title='bbox 3523 5381 3669 5454; x_wconf 72' lang='grc' dir='ltr'>τόπῳ</span> <span class='ocrx_word' id='word_1_821' title='bbox 3693 5395 3829 5434; x_wconf 76' lang='grc' dir='ltr'>κατα·</span> 
     </span>
    </p>
   </div>
   <div class='ocr_carea' id='block_1_115' title="bbox 2237 5461 3826 5546">
    <p class='ocr_par' dir='ltr' id='par_1_115' title="bbox 2237 5461 3826 5546">
     <span class='ocr_line' id='line_1_116' title="bbox 2237 5461 3826 5546; baseline 0.001 -26"><span class='ocrx_word' id='word_1_822' title='bbox 2237 5463 2511 5536; x_wconf 78' lang='grc' dir='ltr'>λαϐόντες,</span> <span class='ocrx_word' id='word_1_823' title='bbox 2569 5464 2700 5544; x_wconf 75' lang='grc' dir='ltr'>ξίφει</span> <span class='ocrx_word' id='word_1_824' title='bbox 2758 5467 2858 5532; x_wconf 74' lang='grc' dir='ltr'>τὴν</span> <span class='ocrx_word' id='word_1_825' title='bbox 2913 5465 3153 5544; x_wconf 68' lang='grc' dir='ltr'>κεφαλὴν</span> <span class='ocrx_word' id='word_1_826' title='bbox 3212 5467 3594 5546; x_wconf 72' lang='grc' dir='ltr'>ἀποτέμνουσι,</span> <span class='ocrx_word' id='word_1_827' title='bbox 3663 5468 3734 5525; x_wconf 73' lang='grc' dir='ltr'><strong>καὶ</strong></span> <span class='ocrx_word' id='word_1_828' title='bbox 3782 5461 3826 5515; x_wconf 71' lang='grc' dir='ltr'>τὸ</span> 
     </span>
    </p>
   </div>
   <div class='ocr_carea' id='block_1_116' title="bbox 497 5547 2170 5634">
    <p class='ocr_par' dir='ltr' id='par_1_116' title="bbox 497 5549 2157 5634">
     <span class='ocr_line' id='line_1_117' title="bbox 497 5549 2157 5634; baseline 0.007 -31"><span class='ocrx_word' id='word_1_829' title='bbox 497 5560 642 5634; x_wconf 81' lang='lat' dir='ltr'><strong>ense</strong></span> <span class='ocrx_word' id='word_1_830' title='bbox 663 5557 990 5634; x_wconf 85' lang='lat' dir='ltr'><strong>amputant,</strong></span> <span class='ocrx_word' id='word_1_831' title='bbox 1036 5549 1214 5629; x_wconf 88' lang='lat' dir='ltr'><strong>idque</strong></span> <span class='ocrx_word' id='word_1_832' title='bbox 1246 5551 1372 5628; x_wconf 87' lang='lat' dir='ltr'><strong>igni</strong></span> <span class='ocrx_word' id='word_1_833' title='bbox 1421 5551 1686 5614; x_wconf 90' lang='lat' dir='ltr'><strong>tradunt.</strong></span> <span class='ocrx_word' id='word_1_834' title='bbox 1721 5551 1789 5612; x_wconf 90' lang='lat' dir='ltr'><strong>Et</strong></span> <span class='ocrx_word' id='word_1_835' title='bbox 1818 5552 1992 5631; x_wconf 89' lang='lat' dir='ltr'><strong>paulo</strong></span> <span class='ocrx_word' id='word_1_836' title='bbox 2027 5563 2157 5630; x_wconf 90' lang='lat' dir='ltr'><strong>post</strong></span> 
     </span>
    </p>
   </div>
   <div class='ocr_carea' id='block_1_117' title="bbox 2254 5547 3826 5634">
    <p class='ocr_par' dir='ltr' id='par_1_117' title="bbox 2254 5547 3826 5634">
     <span class='ocr_line' id='line_1_118' title="bbox 2254 5547 3826 5634; baseline -0.005 -24"><span class='ocrx_word' id='word_1_837' title='bbox 2254 5560 2390 5628; x_wconf 68' lang='grc' dir='ltr'>τῶμα</span> <span class='ocrx_word' id='word_1_838' title='bbox 2461 5551 2798 5630; x_wconf 70' lang='grc' dir='ltr'>παραδιδῶσι</span> <span class='ocrx_word' id='word_1_839' title='bbox 2869 5554 3013 5632; x_wconf 87' lang='grc' dir='ltr'>πυρί.</span> <span class='ocrx_word' id='word_1_840' title='bbox 3101 5558 3440 5632; x_wconf 73' lang='grc' dir='ltr'>Προστίθεται</span> <span class='ocrx_word' id='word_1_841' title='bbox 3515 5561 3674 5634; x_wconf 73' lang='grc' dir='ltr'>ταύτῃ</span> <span class='ocrx_word' id='word_1_842' title='bbox 3721 5547 3826 5626; x_wconf 79' lang='grc' dir='ltr'>μετὰ</span> 
     </span>
    </p>
   </div>
   <div class='ocr_carea' id='block_1_118' title="bbox 490 5629 2170 5725">
    <p class='ocr_par' dir='ltr' id='par_1_118' title="bbox 490 5629 2150 5720">
     <span class='ocr_line' id='line_1_119' title="bbox 490 5629 2150 5720; baseline 0.008 -31"><span class='ocrx_word' id='word_1_843' title='bbox 490 5629 847 5717; x_wconf 74' lang='lat' dir='ltr'><strong>adjungitur</strong></span> <span class='ocrx_word' id='word_1_844' title='bbox 871 5635 1110 5715; x_wconf 86' lang='lat' dir='ltr'><strong>sapiens</strong></span> <span class='ocrx_word' id='word_1_845' title='bbox 1141 5657 1377 5720; x_wconf 81' lang='lat' dir='ltr'><strong>quoque</strong></span> <span class='ocrx_word' id='word_1_846' title='bbox 1407 5640 1756 5716; x_wconf 83' lang='lat' dir='ltr'><strong>Anthimus,</strong></span> <span class='ocrx_word' id='word_1_847' title='bbox 1791 5629 1889 5720; x_wconf 85' lang='lat' dir='ltr'><strong>qui</strong></span> <span class='ocrx_word' id='word_1_848' title='bbox 1921 5629 2150 5704; x_wconf 88' lang='lat' dir='ltr'><strong>doctri-</strong></span> 
     </span>
    </p>
   </div>
   <div class='ocr_carea' id='block_1_119' title="bbox 2254 5629 3821 5725">
    <p class='ocr_par' dir='ltr' id='par_1_119' title="bbox 2254 5629 3821 5725">
     <span class='ocr_line' id='line_1_120' title="bbox 2254 5629 3821 5725; baseline -0.017 -3"><span class='ocrx_word' id='word_1_849' title='bbox 2254 5645 2407 5724; x_wconf 69' lang='grc' dir='ltr'>ιραχὺ</span> <span class='ocrx_word' id='word_1_850' title='bbox 2465 5629 2552 5700; x_wconf 51' lang='grc' dir='ltr'><strong>καί</strong></span> <span class='ocrx_word' id='word_1_851' title='bbox 2619 5640 2886 5720; x_wconf 73' lang='grc' dir='ltr'>’Ἄνθιμος</span> <span class='ocrx_word' id='word_1_852' title='bbox 2945 5629 2998 5699; x_wconf 61' lang='grc' dir='ltr'><strong>⁷ὃ</strong></span> <span class='ocrx_word' id='word_1_853' title='bbox 3055 5629 3240 5725; x_wconf 32' lang='lat' dir='ltr'><strong>ﬁtP-5c,</strong></span> <span class='ocrx_word' id='word_1_854' title='bbox 3304 5646 3532 5712; x_wconf 80' lang='grc' dir='ltr'>πολλοὺς</span> <span class='ocrx_word' id='word_1_855' title='bbox 3617 5629 3821 5725; x_wconf 68' lang='grc' dir='ltr'>πρότερον</span> 
     </span>
    </p>
   </div>
  </div>
