4020 6132
323 325 473 392 1081

993 279 1647 389 SUPPLEMENTUM.
1695 357 1773 372 —
1816 325 1880 386 s.
1925 325 2305 390 DEMETRII
2347 323 2748 386 MARTYRIS
2786 322 3009 386 ACTA.

3531 323 3689 389 1082

307 461 518 523 ἐκεῖνος
561 458 816 540 διδαχαῖς
858 480 917 516 τε
947 459 1035 516 καὶ
1081 455 1422 535 παραινέσεσι
1459 453 1724 535 μάρτυρας
1777 479 1977 535 προσ-ι

2040 455 2133 518 nis
2161 464 2220 516 et
2243 453 2486 517 monitis
2510 454 2730 516 multos
2755 455 2917 534 prius
2940 455 3172 518 Christo
3194 463 3490 534 martyres
3515 458 3694 520 obtu-

306 549 540 627 ενεγκὼν
570 556 646 622 τῷ
675 554 908 626 Χριστῷ.
947 547 1040 602 Διὰ
1070 546 1170 625 γάρ
1213 547 1304 601 τὸν
1363 544 1530 602 πολὺν
1585 547 1787 603 ἑκείνου
1838 547 1956 624 περὶ

305 638 408 705 τὴν
463 636 730 696 εὐσέϐειαν
775 637 937 708 ζῆλον
1001 640 1102 715 οὐχ
1152 633 1346 702 ἥκιστα
1380 633 1709 709 Μαξιμιανὸς
1759 634 1952 692 διαπο-

305 726 507 801 νηθεὶς,
553 725 717 804 ὀργῆς
759 747 817 782 τε
871 727 958 781 καὶ
1008 725 1200 800 μανίας
1249 725 1572 802 πληρωθεὶς,
1606 725 1708 790 τὴν
1767 723 1953 804 ψυχήν

306 816 558 892 βασάνοις
616 816 714 878 μὲν
768 813 1004 876 πολλαῖς
1066 811 1225 868 αὒτοῦ
1286 814 1540 890 πρότερον
1598 813 1951 892 ἆποπειρᾶται

304 904 611 970 ἀποστῆσαι
675 903 887 966 πάντως
941 907 1039 968 τῆς
1099 900 1396 978 ὁμολογίας
1455 902 1720 976 οἰόμενος
1773 904 1843 969 ὡς
1899 901 1953 958 δὲ

307 993 511 1050 ἀπεῖπε
542 991 748 1068 μᾶλλον
798 991 1040 1063 κολάζων
1097 992 1253 1054 αὐτὸς
1313 992 1404 1046 τὸν
1435 988 1520 1048 διὰ
1549 993 1724 1070 ξίφους
1767 991 1952 1069 ἐπάγει

307 1088 386 1156 τῷ
429 1079 636 1157 ἀθλητῇ
661 1081 910 1140 θάνατον.
961 1077 1188 1146 ’Ἔξεστι
1231 1077 1287 1136 δὲ
1338 1081 1427 1137 καὶ
1481 1080 1580 1148 τὴν
1624 1081 1740 1137 κατ’
1800 1083 1956 1138 αὐτὸν

303 1172 536 1247 ἱστορίαν
565 1170 1047 1252 μεταχειρίσαντας
1079 1170 1216 1246 πρὸς
1272 1167 1412 1234 λέξιν
1456 1168 1666 1227 ἅπαντα
1708 1168 1958 1232 διελθεῖν,

391 1261 515 1320 ΔΖ’.
560 1260 778 1323 Τούτοις
837 1260 874 1328 ἦ
920 1257 1262 1334 Νικομήδους
1324 1257 1504 1338 ὥσπερ
1555 1260 1700 1316 τισίν
1739 1259 1960 1338 ἅστρασι

309 1349 452 1427 μέγα
483 1371 534 1405 τι
573 1351 660 1404 καὶ
723 1349 911 1428 χάριεν
943 1349 1031 1404 καὶ
1078 1346 1175 1415 ἡδὺ
1226 1346 1529 1422 λάμπουσιν
1587 1347 1958 1427 ἐλλαμπρύνε-

305 1459 419 1517 ται,
463 1439 552 1494 καί
584 1439 768 1501 αὐτοῖς
800 1435 1006 1514 μᾶλλον
1063 1435 1524 1515 ἑγκαλλωπίζεται
1575 1437 1606 1506 ἢ
1657 1443 1842 1517 χρυσῷ
1871 1440 1957 1496 καὶ

307 1526 472 1590 λίθοις
520 1528 607 1584 καὶ
667 1527 954 1605 μαργάρων
1011 1524 1299 1602 διαυγείαις
1341 1547 1400 1583 τε
1450 1528 1538 1583 καὶ
1587 1528 1955 1602 κομψότησιν,

309 1618 383 1678 εἰς
412 1614 660 1695 χιλιάδας
694 1615 790 1690 μὲν
841 1615 1018 1672 εἴκοσι
1074 1615 1286 1672 τελοῦσι
1347 1615 1439 1672 τὸν
1468 1616 1712 1696 ἀριθμὸν,
1761 1617 1957 1696 ἐπιφα-

309 1706 415 1767 νῶς
458 1703 512 1759 δὲ
575 1709 661 1761 καὶ
715 1702 908 1775 πλήθει
967 1705 1056 1760 καὶ
1113 1703 1298 1760 κάλλει
1352 1708 1429 1779 τῷ
1471 1713 1777 1782 μαρτυρικῷ
1807 1713 1958 1786 χορῷ

2038 544 2209 607 lerat.
2242 543 2386 605 Nam
2418 551 2663 623 propter
2683 544 2844 605 illius
2873 544 3063 606 zelum
3087 545 3158 606 ad
3182 544 3485 624 pietatem,
3519 547 3691 608 valde

2036 641 2274 694 vexatus
2309 631 2717 708 Maximianus,
2752 631 2956 712 iraque
2984 641 3044 694 et
3081 633 3283 695 furore
3314 634 3512 695 animo
3557 636 3690 715 ple-

2036 739 2170 794 nus,
2213 720 2414 782 multis
2439 721 2682 801 quidem
2717 721 3031 783 tormentis
3077 739 3210 784 eum
3247 722 3413 802 prius
3443 733 3692 786 conatur

2034 811 2280 872 omnino
2321 809 2620 870 abducere
2653 827 2686 870 a
2715 809 3110 872 confessione.
3168 810 3311 874 Cum
3343 819 3536 874 autem
3589 813 3693 876 ille

2040 899 2292 979 puniens
2309 907 2466 960 esset
2483 899 2932 973 defessus,ense
2955 910 3204 962 mortem
3237 901 3406 962 aﬂ‘ert
3425 900 3686 964 athletae.

2036 987 2200 1050 Licet
2250 1005 2389 1049 vero
2433 987 2495 1048 in
2555 1007 2765 1050 manus
2817 988 3104 1050 sumendo
3159 990 3288 1068 ejus
3347 989 3683 1066 historiam,

2039 1077 2238 1138 omnia
2265 1077 2339 1139 ad
2367 1076 2609 1139 verbum
2643 1095 3024 1159 percurrere.

2121 1257 2404 1321 XXXVII.
2429 1257 2534 1319 His
2554 1259 2733 1320 veluti
2761 1259 3114 1340 quibusdam
3147 1261 3322 1323 astris
3339 1260 3690 1325 Nicomedia

2043 1364 2320 1424 magnum
2339 1347 2792 1430 jucundumque
2823 1361 2884 1412 et
2913 1357 3144 1427 gratum
3173 1350 3390 1413 emittit
3409 1351 3691 1432 splendo—

2041 1454 2194 1513 rem,
2219 1445 2278 1499 et
2301 1439 2492 1518 majus
2516 1456 2587 1500 ex
2609 1438 2697 1500 eis
2717 1451 3134 1501 ornamentum
3156 1440 3575 1520 accipit.quam
3608 1459 3686 1504 ex

2040 1541 2208 1601 auro,
2233 1531 2292 1585 et
2310 1524 2590 1603 gemmis,
2622 1533 2682 1587 et
2709 1544 2780 1587 ex
2811 1527 3261 1603 margaritarum
3296 1527 3590 1590 nitoribus
3617 1548 3687 1592 ac

2039 1611 2464 1692 splendoribus
2500 1633 2516 1690 ;
2573 1617 2672 1694 qui
2703 1623 2844 1676 sunt
2889 1616 3128 1695 quidem
3179 1635 3430 1680 numero
3477 1618 3689 1697 viginti

2041 1701 2248 1782 millia;
2284 1711 2421 1764 sunt
2445 1715 2643 1766 autem
2666 1702 2724 1765 iu
2751 1705 2932 1766 choro
2955 1714 3273 1786 martyrum
3307 1707 3689 1770 multitudine

307 1793 680 1873 διαπρέπουσι,
737 1794 813 1849 ὧν
867 1797 903 1864 ἢ
948 1793 1139 1868 μνήμη
1185 1795 1320 1866 μετὰ
1379 1793 1504 1866 μίαν
1558 1793 1795 1851 τελεῖται
1850 1797 1958 1852 τῶν

2042 1798 2103 1852 et
2133 1791 2573 1870 pulchritudine
2603 1793 2888 1870 insignes.
2923 1795 3184 1867 Quorum
3219 1798 3520 1876 peragitur
3549 1815 3685 1858 me-

307 1890 403 1940 τοῦ
438 1888 666 1962 Χριστοῦ
694 1881 974 1961 γενεθλίων
1009 1881 1148 1950 ἄλλη
1192 1883 1294 1960 πρὸ
1349 1889 1457 1940 τῶν
1511 1884 1715 1950 νηπίων
1774 1886 1954 1964 ἑορτὴ,

306 1969 488 2048 ὥσπερ
543 1970 760 2028 ἐκείνων
818 1970 904 2030 δια
946 1970 1146 2051 ξίφους,
1209 1970 1374 2036 οὕτως
1421 1975 1601 2030 αὐτῶν
1661 1969 1745 2028 διὰ
1795 1974 1957 2051 πυρὸς

308 2067 424 2134 Θεῷ
453 2067 530 2134 τῷ
559 2060 880 2139 σαρκωθέντι
910 2060 1406 2140 προσενεχθέντων,
1459 2060 1546 2124 οἷς
1594 2062 1682 2118 καὶ
1743 2064 1771 2117 ὁ
1827 2065 1958 2118 θαυ-

307 2151 509 2225 μαστὸς
541 2149 838 2227 προσετέθη
891 2149 1197 2228 Γλυκέριος,
1259 2151 1440 2219 Ζήνων
1493 2170 1550 2206 τε
1599 2152 1626 2204 ὁ
1679 2150 1818 2228 ἱερὸς
1870 2151 1958 2207 καὶ

308 2238 590 2319 Θεόφιλος,
651 2238 726 2295 ἔτι
769 2237 826 2295 δὲ
887 2239 979 2295 obii
1031 2237 1306 2315 Μαρδονίῳ
1358 2239 1626 2314 Δωρόθεος
1681 2241 1730 2295 οἱ
1773 2240 1955 2315 μακᾶ-

307 2349 438 2407 ριοι,
471 2326 664 2394 ’Ἰνδης
717 2348 776 2385 τε
826 2329 914 2385 καὶ
970 2328 1166 2406 Πέτρος
1193 2328 1398 2402 σύναμα
1430 2335 1508 2400 τῷ
1540 2325 1834 2404 Μυγδονίῳ,
1867 2331 1956 2386 καὶ

309 2419 363 2474 αἱ
418 2430 564 2495 τρεῖς
626 2415 868 2494 παρθένοι
915 2417 1157 2494 Ἀγᾶπη,
1235 2418 1395 2496 φημὶ,
1444 2418 1529 2473 οιαὶ
1574 2417 1802 2497 Θεοφίλα
1865 2419 1953 2474 καὶ

312 2507 495 2581 Δόμνα
551 2508 584 2572 ἡ
644 2506 818 2562 πάντα
874 2504 1205 2584 περικαλλὴς
1247 2509 1337 2562 καὶ
1392 2504 1638 2582 ἀοίδιμος
1685 2509 1758 2569 εἷς
1801 2505 1952 2572 δόξαν

305 2601 533 2674 Χριστοῦ
575 2593 828 2662 ἀληθινοῦ
859 2594 990 2650 Θεοῦ
1043 2597 1225 2674 ἡμῶν,
1277 2598 1324 2668 ᾧ
1377 2594 1566 2670 πρέπει
1624 2601 1768 2652 πᾶσα
1824 2597 1957 2670 τιμὴ

301 2686 396 2742 καὶ
453 2686 842 2762 προσκύνησις,
876 2691 964 2741 νῦν
992 2685 1082 2742 καὶ
1111 2684 1212 2759 ἀεὶ,
1248 2686 1336 2741 καὶ
1367 2686 1440 2748 εἰς
1469 2689 1590 2749 τοὺς
1625 2686 1819 2748 αἰῶνας
1849 2689 1957 2741 τῶν

308 2772 533 2833 αἰώνων.
573 2771 773 2848 Ἀμήν.

2042 1885 2228 1940 moria
2284 1899 2400 1942 uno
2431 1881 2530 1942 die
2573 1890 2706 1960 post
2733 1881 2953 1945 Christi
2980 1884 3270 1957 Natalem,
3302 1891 3438 1946 ante
3468 1883 3684 1945 festum

2040 1968 2453 2045 Infantium,ut
2475 1970 2602 2051 qui,
2629 1971 2928 2050 quomodo
2951 1971 3038 2034 illi
3065 1990 3230 2046 ense,
3259 1973 3341 2032 ita
3360 1972 3538 2034 etiam
3571 1973 3685 2053 ipsi

2040 2059 2176 2137 igne
2198 2058 2344 2134 Deo,
2371 2059 2473 2139 qui
2513 2077 2755 2121 carnem
2787 2058 3002 2142 induit,
3035 2070 3174 2123 sunt
3223 2061 3428 2124 oblati.
3461 2061 3686 2134 Quibus

2041 2148 2217 2208 etiam
2248 2148 2503 2210 accessit
2527 2148 2896 2211 admirabilis
2923 2151 3254 2232 Glycerius,
3279 2159 3338 2214 et
3367 2168 3684 2213 sacrosan-

2040 2245 2169 2297 ctus
2198 2237 2379 2310 Zeuo,
2413 2245 2473 2299 et
2517 2236 2884 2320 Theophilus
2918 2263 2931 2299 :
2969 2250 3254 2321 praeterea
3313 2248 3512 2302 autem
3544 2259 3682 2304 cum

2039 2323 2341 2388 Mardonio
2365 2325 2786 2400 Dorothees,et
2803 2328 2957 2391 beati
2980 2329 3158 2392 Indes
3180 2337 3239 2390 et
3267 2328 3476 2391 Petrus
3506 2330 3685 2391 simul

2039 2433 2172 2476 cum
2221 2412 2562 2494 Mygdonio,
2597 2425 2657 2478 et
2689 2425 2807 2478 tres
2836 2418 3123 2499 virgines,
3153 2419 3380 2498 Agape,
3415 2417 3678 2498 inquam,

2038 2511 2098 2565 et
2120 2502 2470 2584 Theophila,
2504 2513 2562 2565 et
2591 2504 2845 2587 Domna,
2876 2525 3008 2587 qum
3038 2517 3168 2570 erat
3198 2506 3371 2586 longe
3401 2506 3685 2588 pulcher-

2037 2591 2215 2668 rima,
2247 2600 2307 2654 et
2355 2592 2610 2655 maxime
2656 2595 3015 2670 veneranda,
3045 2595 3118 2657 ad
3164 2594 3412 2674 gloriam
3463 2593 3687 2657 Christi

2038 2681 2162 2742 veri
2196 2683 2303 2744 Dei
2333 2684 2539 2758 nostri,
2599 2703 2774 2764 quem
2807 2685 2983 2748 decet
3025 2684 3220 2747 omnis
3251 2683 3458 2765 gloria,
3491 2684 3686 2747 honor

2042 2777 2102 2833 et
2125 2770 2418 2848 adoratio,
2442 2790 2600 2835 nunc
2618 2787 2672 2837 et
2705 2775 2766 2836 in
2799 2774 3015 2836 sazcula
3045 2773 3422 2836 saeculorum.
3461 2775 3679 2836 Amen.

1194 3062 2794 3210 SUPPLEMENTUM-

307 3293 391 3354 Ut
441 3289 628 3354 ﬁdem
681 3289 1032 3353 liberemus
1077 3304 1268 3368 quam
1316 3291 1490 3352 tomo
1539 3285 1873 3368 superiori,
1911 3286 2033 3351 col.
2092 3285 2268 3368 1031,
2316 3287 2635 3368 dedimus,
2683 3291 3001 3356 corodinis
3048 3292 3190 3356 vice
3239 3291 3683 3359 subnectimus

387 3373 541 3454 Acta
582 3368 1012 3454 celeberrimi
1014 3367 1182 3449 apud
1211 3371 1462 3434 Graecos
1493 3367 1785 3448 martyris
1832 3367 2159 3448 Demetrii,
2197 3368 2472 3433 Cornelii
2503 3367 2676 3450 Byei,
2713 3371 2868 3435 socii
2918 3372 3330 3454 Bollandiani,
3364 3389 3684 3440 commen-

385 3449 566 3513 tariis
597 3449 936 3514 illustrata.
969 3452 1140 3513 Eutr.

1013 3715 1194 3823 DE
1285 3715 1396 3825 S.
1490 3710 2220 3822 DEMETBIO
2311 3711 2980 3820 MARTYRE

1393 3896 1986 3965 THESSALONIC/E
2047 3893 2122 3958 IN
2185 3892 2614 3960 MACEDONIA

1635 4039 1820 4112 (ANNO
1864 4047 2129 4095 araer-rea
2174 4032 2361 4113 ccc")

750 4187 1291 4274 CORNELII
1368 4185 1624 4274 BYEI
1712 4185 2594 4273 COMMENTARIUS
2695 4187 3235 4284 PR/EVIUS.

1269 4345 1416 4416 (Acta
1449 4344 1545 4403 SS.
1579 4343 1811 4411 Bolland,
1841 4343 1906 4400 ad
1931 4342 2062 4400 diem
2094 4342 2129 4400 8
2156 4341 2406 4410 Octobris,
2439 4350 2568 4402 tom.
2607 4343 2722 4416 IV.)

305 4549 410 4632 δί.
437 4547 845 4631 Multiplicia,
873 4569 1008 4632 qua?
1034 4550 1107 4613 de
1131 4549 1197 4614 S.
1231 4547 1535 4612 Demetrio
1562 4553 1969 4630 reperiuntur
1986 4557 2027 4608 C
2050 4547 2140 4610 vel
2172 4547 2434 4626 denique
2465 4549 2769 4623 miracula,
2803 4568 2935 4631 quae
2964 4568 3174 4629 magno
3196 4567 3446 4611 numero
3475 4556 3680 4630 patra-

483 4650 746 4731 scripta,
765 4650 1075 4731 praecipue
1094 4648 1330 4725 erca,
1355 4654 1763 4712 recensentur.

381 4813 726 4879 t.Sanctum
751 4815 913 4878 hunc
929 4822 1456 4897 martyrem,quem
1482 4816 1948 4894 μεγαλομάρτυρα,

295 4905 359 4967 id
406 4912 523 4978 est,
554 4922 847 4986 magnum
903 4913 1264 4986 martyrem,
1299 4913 1537 4980 vocant,
1571 4904 1953 4986 pluribusque

295 4993 926 5056 honoriﬁcentissimis
955 4994 1176 5074 titulis,
1209 4993 1364 5055 intra
1394 5011 1503 5054 suo
1549 4993 1679 5054 loco
1721 5011 1954 5055 memo-

298 5081 527 5157 randis,
562 5081 754 5146 Grieci
807 5081 1033 5163 passim
1077 5081 1504 5155 condecorant,
1561 5080 1748 5142 fuisse
1796 5080 1950 5160 apud

297 5171 480 5235 hosce
505 5169 722 5250 insigni
750 5170 924 5250 plane
945 5177 1068 5232 tum
1098 5170 1507 5244 veneratione,
1545 5177 1668 5231 tum
1697 5170 1956 5231 nominis

301 5259 652 5323 celebritate
680 5258 1000 5338 gravisum,
1034 5258 1124 5321 vel
1156 5259 1282 5321 sola
1327 5257 1701 5338 multiplicia,
1732 5276 1864 5339 quae
1893 5258 1954 5319 in

297 5347 798 5410 bibliothecarum
823 5347 1033 5409 forulis
1061 5347 1360 5428 hodieque
1379 5345 1784 5427 reperiuntur,
1811 5365 1954 5426 par-

297 5438 525 5517 timque
549 5441 726 5498 etiam
749 5435 822 5496 ad
845 5453 1054 5497 manus
1075 5444 1308 5498 nostras
1332 5451 1688 5517 pervenere,
1713 5436 1955 5511 antiqua

299 5525 522 5587 diversi
555 5524 797 5602 generis
825 5525 1044 5603 scripta
1073 5528 1305 5602 Graece,
1339 5542 1648 5585 sermones
1680 5523 1954 5586 videlicet

295 5614 531 5694 aliaque
552 5612 864 5692 opuscula,
887 5612 1109 5690 quibus
1131 5613 1222 5674 vel
1248 5614 1503 5694 ipsemet
1520 5611 1583 5675 S.
1618 5611 1954 5675 Demetrius

295 5700 657 5782 celebratur,
679 5699 770 5765 vel
789 5701 1162 5783 martyrium,
1187 5701 1346 5784 quod
1369 5701 1577 5777 subiit,
1610 5701 1948 5783 exponitur,

2032 4636 2481 4711 vit,narrantur,
2508 4638 2651 4700 satis
2675 4657 2974 4720 superque
2997 4639 3344 4702 ostendunt.
3377 4637 3450 4701 Ut
3481 4639 3536 4702 id
3568 4658 3679 4720 pa-

2036 4727 2151 4786 lam
2189 4727 2311 4798 ﬁat,
2345 4735 2525 4806 utque
2556 4727 2759 4806 simul,
2793 4747 2923 4806 quae
2952 4747 3021 4790 ac
3050 4728 3245 4809 qualia
3276 4727 3575 4808 hodieque
3603 4727 3680 4789 de

2037 4814 2251 4877 Sancto
2290 4825 2674 4878 monumenta
2725 4817 3006 4878 litteraria
3047 4826 3392 4896 supersunt,
3426 4816 3499 4878 ab
3550 4817 3680 4898 ipso

2037 4903 2236 4965 statim
2268 4903 2704 4976 commentarii,
2741 4903 2800 4964 in
2833 4924 2949 4984 quo
2981 4924 3097 4965 non
3129 4923 3314 4985 pauca
3361 4923 3428 4964 ex
3460 4905 3552 4966 his
3581 4912 3683 4966 aut

2037 4991 2431 5072 expendenda
2459 5000 2564 5052 aut
2595 4993 2725 5053 usui
2757 4993 2965 5053 saltem
2992 5001 3297 5073 utcunque
3326 5001 3522 5071 erunt,
3556 4991 3681 5053 ini-

2041 5079 2118 5140 tio
2135 5080 2459 5141 studiosum
2481 5079 2765 5141 lectorem
2790 5080 3094 5149 edoceam,
3121 5081 3346 5160 scripta
3364 5081 3464 5141 illa
3479 5081 3683 5142 omnia

2037 5187 2106 5230 ac
2154 5168 2404 5247 singula,
2437 5185 2688 5249 quorum
2721 5169 3032 5248 acquirere
3061 5169 3534 5249 qualemcunque
3565 5188 3680 5231 no-

2040 5257 2227 5319 titiam
2253 5257 2438 5337 quivi,
2464 5259 2493 5337 §
2519 5257 2792 5336 praesenti
2813 5258 3404 5338 necenseo,sequenti
3433 5257 3676 5336 deinde,

2037 5364 2306 5426 quaenam
2337 5365 2406 5407 ex
2439 5347 2531 5408 his
2562 5347 2795 5409 edenda
2836 5349 2972 5421 sint,
3009 5346 3407 5427 expositurus,
3435 5346 3680 5409 additu-

2038 5451 2258 5514 rusque
2287 5435 2488 5508 etiam,
2515 5452 2644 5512 qua:
2672 5435 2768 5496 vel
2807 5446 3013 5516 aperte
3045 5437 3315 5515 prodant,
3341 5445 3442 5497 aut
3468 5434 3678 5498 saltem

2037 5523 2285 5583 (‘Ollecltl
2315 5542 2560 5602 pronum
2584 5523 3098 5604 elﬁciant.quanta
3120 5543 3366 5605 qumque
3386 5543 3450 5586 ac
3487 5527 3677 5587 maxi-

2037 5630 2133 5674 me
2163 5629 2232 5672 ea
2278 5631 2408 5692 quae
2438 5613 2588 5693 typis
2617 5614 2995 5692 subjicienda
3021 5615 3243 5688 dicam,
3281 5613 3536 5693 polleant
3570 5633 3680 5676 seu

2037 5701 2154 5764 fide
2183 5719 2290 5765 seu
2317 5703 2685 5768 auctoritate.
2719 5704 2814 5766 Ab
2835 5701 3138 5784 opusculis
3177 5720 3284 5765 seu
3307 5701 3676 5765 lucubratio-
