4020 6132
439 266 588 331 1095

1778 261 2402 324 SUPPLEMENTUM
2415 307 2429 323 .

3650 260 3782 324 1096

428 409 576 462 tunc
607 399 680 461 ad
711 399 1042 461 institutum
1087 416 1351 478 praesens
1380 403 1442 458 in
1477 396 1684 459 codice
1713 395 1851 456 olim
1886 396 2075 456 Maza-
2097 407 2136 454 Α
2161 397 2372 471 sum,in
2394 395 2603 457 codice
2628 395 2768 456 olim
2790 396 3134 458 Mazarinzeo
3157 395 3253 458 hic
3287 394 3676 473 mutilze,loco
3709 397 3790 458 ul-

435 489 584 552 rinm
607 508 737 569 pag.
767 493 862 564 17,
897 489 1164 568 proxime
1188 495 1320 567 post
1342 486 1520 547 verba
1542 505 1708 548 num.
1740 484 1816 546 10
1837 485 2080 546 recitata

436 579 513 640 de
545 579 873 658 miraculis,
904 596 1036 654 quae
1067 577 1279 640 litteris
1309 575 1837 637 commendaturus
1863 573 2076 654 est,lo-

437 677 674 749 quatur.
727 667 892 726 Ἀλλὰ
920 668 1094 732 καθὼς
1145 670 1171 723 ὁ
1232 667 1482 744 παρθένος
1514 664 1808 725 ἀπόστολος
1857 661 2074 743 ἔφησεν,

434 758 507 814 "A
552 759 884 832 ἀκηκόαμεν,
917 754 1078 823 δῆλον
1126 755 1180 811 δὲ
1237 754 1318 811 ὅτι
1348 755 1490 829 παρὰ
1547 754 1653 810 τῶν
1683 753 1834 830 πείρᾳ
1884 773 2077 828 παρει-

435 846 707 926 ληφότων,
739 846 783 903 ὢ
827 844 1065 924 ἀκριϐείᾳ
1099 845 1511 920 μεμαθηκότων,
1541 845 1629 900 καί
1687 842 1720 898 ἃ
1769 841 1912 898 αὐτοὶ
1969 842 2076 896 ἑω-

434 937 670 1014 ράκαμεν
758 948 873 998 τοῖς
960 933 1260 1010 ὀφθαλμοῖς
1331 934 1524 1006 ἡμῶν,
1605 939 1640 998 η
1729 930 2072 1005 ἐθεασάμεθα,

433 1025 519 1080 καὶ
591 1025 641 1080 αἱ
699 1027 884 1104 χεῖρες
943 1025 1101 1098 ἡμῶν
1169 1021 1551 1102 ἐψηλάφησαν,
1616 1027 1782 1076 ταῦτα
1839 1019 1926 1077 διὰ
1981 1023 2077 1087 τῆς

432 1115 588 1171 αἰ)τοῦ
622 1114 918 1191 συνάρσεως
945 1110 1356 1190 ἀπαγγελοῦμεν
1387 1113 1538 1186 δμϊν.
1592 1133 1617 1164 α
1645 1107 1788 1188 Sed,
1822 1117 1884 1168 ut
1914 1107 2074 1186 virgo

431 1201 732 1282 apostolus
761 1200 946 1262 dixit:
982 1199 1137 1276 Quae
1165 1200 1536 1278 audivimus,
1567 1197 1846 1258 nimirum
1878 1215 1947 1258 ex
1981 1195 2074 1270 iis,

433 1289 533 1373 qui
564 1291 931 1370 experientia
959 1297 1404 1370 compererant,
1441 1288 1536 1349 vel
1569 1286 1839 1362 diligenti
1873 1284 2075 1366 inqui-

430 1383 650 1444 sitione
679 1382 1030 1457 didicerant,
1067 1391 1124 1442 et
1154 1399 1284 1461 quae
1316 1380 1556 1461 ipsimet
1585 1381 1856 1440 vidimus
1886 1380 2078 1440 oculis

428 1477 680 1548 nostris,
709 1489 844 1553 qua
867 1471 1307 1555 perspeximus,
1335 1481 1392 1532 et
1438 1488 1657 1532 manus
1686 1477 1912 1530 nostra
1938 1485 2076 1530 con-

429 1569 858 1635 trectaverunt,
911 1580 980 1624 ea
1037 1559 1306 1640 ejusdem
1353 1558 1570 1620 auxilio
1631 1555 2078 1620 annuntiatibus

427 1651 618 1714 vobis.
655 1675 678 1710 ι

509 1741 615 1833 93.
666 1739 742 1804 Ut
776 1757 952 1833 porro
986 1758 1104 1800 non
1131 1745 1377 1810 tantum,
1413 1755 1590 1833 quam
1642 1739 1900 1833 Joannes
1925 1737 2071 1833 Tes-
2097 1783 2135 1833 Β

431 1829 820 1894 salonicensis
838 1829 1012 1891 tidem
1039 1829 1458 1892 mereatur.sed
1481 1827 1813 1906 etiam,qu.'e
1835 1826 2076 1886 circiter

428 1927 598 1982 aetate
623 1918 918 1999 ﬂoruerit,
952 1917 1204 1994 edicam;
1243 1916 1661 1978 miraculorum
1695 1913 2070 1976 edendorum

425 2007 532 2074 lib.
557 2025 739 2088 t,cap.
763 2007 802 2068 5
825 2006 1092 2086 Eusebii,
1113 2005 1548 2086 archiepiscopi
1565 2002 2070 2066 Thessalonicen-

421 2101 630 2174 sis,qui
657 2101 765 2158 sub
787 2100 1050 2158 Mauritio
1076 2104 1422 2172 imperatore
1451 2097 1780 2155 cathedram
1805 2098 1952 2154 hanc
1971 2111 2069 2154 oc-

422 2188 672 2256 cuparit.
706 2185 1059 2241 mentionem
1090 2183 1244 2250 facit,
1279 2184 1656 2254 sequentique
1683 2181 1892 2239 deinde
1919 2195 2075 2253 cap.,

421 2288 577 2345 sese,
609 2268 764 2350 quod
786 2268 1008 2330 ibidem
1037 2276 1256 2342 narrat,
1295 2265 1641 2328 miraculum
1671 2283 1741 2327 ex
1773 2274 1910 2327 ante
1942 2284 2072 2327 me-

422 2370 650 2421 morato
671 2357 1124 2438 archiepiscopo
1146 2377 1212 2419 ac
1236 2357 1404 2437 proin
1425 2355 1584 2418 dicto
1620 2353 1874 2416 Eusebio
1898 2353 2074 2415 audi-

419 2450 600 2528 visse,
635 2451 927 2527 afﬁrmat;
958 2467 1166 2531 quare,
1185 2467 1318 2512 cum
1341 2447 1662 2521 Eusebius,
1687 2445 2074 2508 Thessaloni-

421 2542 619 2603 censis
674 2541 784 2602 sub
832 2538 1099 2601 Mauritio
1146 2539 1510 2619 imperatore
1559 2535 2071 2616 archiepiscopus,

422 2630 598 2711 alius,
624 2647 802 2710 quam
834 2628 937 2708 qui
962 2627 1174 2689 ordine
1205 2628 1475 2688 decimus
1500 2634 1739 2687 octavus
1769 2623 1972 2686 sedem
2005 2625 2074 2686 il-

420 2718 534 2781 lam
569 2717 899 2798 occupavit,
930 2725 1213 2798 certoque
1265 2722 1400 2777 ante
1431 2733 1659 2776 annum
1693 2713 1834 2790 649,
1868 2722 2069 2794 utpote

422 2827 538 2890 quo
561 2809 684 2886 jam
719 2811 850 2885 ejus
884 2823 1218 2886 successor,
1243 2804 1463 2867 Paulus
1507 2801 1847 2877 haereticus,
1884 2803 1968 2864 uti
1996 2801 2069 2864 ad

421 2899 580 2956 hunc
601 2911 820 2956 annum
843 2897 994 2970 apud
1026 2897 1270 2969 Pagium
1303 2897 1362 2954 in
1396 2894 1612 2952 Criticis
1640 2903 1694 2953 et
1718 2896 2071 2965 Lequienum

421 2982 483 3042 in
511 2981 768 3045 Oriente
789 2989 1135 3060 sacro,tom.
1161 2979 1358 3055 Il,col.
1383 2981 1464 3042 40
1485 2979 1683 3040 videre
1705 2979 2069 3054 licet,eccle-

421 3073 567 3133 siam
593 3069 1194 3133 Thessalonicensem
1219 3068 1664 3149 administrarit,
1688 3066 1844 3128 diem
1870 3075 2070 3129 extre-

2159 485 2300 546 timo
2355 493 2652 560 recenset,
2707 483 3076 564 temporibus
3131 483 3253 546 suis
3296 492 3526 564 gestum
3587 482 3789 545 innuit.

2153 572 2283 636 Jam
2311 590 2464 645 vero,
2488 591 2623 635 cum
2649 571 2872 634 haecita
2892 571 3177 644 habeant,
3209 591 3425 650 eaque,
3449 589 3590 649 quae
3619 571 3793 635 tribus

2161 661 2462 742 prioribus
2511 679 2684 742 capp.
2734 659 2939 735 refert,
2972 660 3189 722 saeculo
3241 661 3517 741 septimo,
3566 659 3796 741 ipsaque

2159 751 2335 813 etiam
2359 750 2626 824 Joannis,
2653 748 3203 812 Thessalonicensis
3224 749 3665 830 archiepiscOpi
3691 767 3793 811 sa-

2163 839 2406 920 pissime
2421 840 2544 919 jam
2572 837 2796 900 laudati
2820 839 3191 919 potissimum
3211 845 3406 912 astate,
3437 837 3528 898 uti
3558 837 3797 918 ipsemet

2159 929 2534 1008 docetgesta
2555 926 2882 1000 sint,ﬂdem
2907 945 3053 989 sane
3075 928 3135 988 in
3159 927 3478 989 narrandis
3501 925 3796 1006 iis,utpote

2159 1035 2194 1080 a
2231 1027 2504 1098 tempore
2527 1035 2642 1098 quo
2668 1017 2868 1078 ﬂoruit
2893 1016 3143 1078 nimium
3169 1016 3795 1089 remotis,omninoin-

2159 1106 2485 1168 dubitatam
2539 1125 2660 1166 non
2697 1114 2980 1182 meretur,
3019 1109 3272 1167 maxime
3301 1104 3458 1187 quod
3521 1113 3795 1184 praeterea

2160 1196 2518 1276 quibusnam
2567 1213 2600 1256 e
2629 1195 2891 1256 fontibus
2935 1213 3045 1256 sua
3095 1194 3196 1256 illa
3227 1203 3462 1256 narrata
3519 1193 3794 1272 hauserit,

2160 1303 2271 1346 nec
2303 1285 2558 1365 ipsemet
2588 1284 2816 1366 uspiam
2851 1284 3068 1358 edicat,
3104 1302 3216 1346 nec
3243 1283 3490 1346 aliunde
3522 1281 3797 1344 habeatur

2159 1383 2560 1454 compertum.

2238 1465 2333 1525 925.
2372 1463 2538 1536 Quod
2565 1463 2739 1525 modo
2775 1463 2848 1524 ad
2873 1462 3150 1538 alterum,
3183 1462 3352 1541 cujus
3379 1459 3798 1536 lucubratio,ut

2157 1562 2294 1614 ante
2325 1553 2898 1625 dixi,miraculorum
2924 1551 3295 1614 edendorum
3318 1549 3542 1612 librum
3569 1549 3794 1612 tertium

2155 1642 2503 1720 constituet,
2541 1643 2898 1722 scriptorum
2951 1659 3308 1721 anonymum
3360 1646 3615 1721 spectat,
3653 1646 3796 1701 certo

2157 1730 2278 1812 hic,
2315 1749 2448 1792 cum
2501 1731 2726 1793 editum
2759 1749 2792 1792 a
2841 1729 3199 1794 Combeﬁsio
3245 1729 3378 1791 loco
3408 1747 3592 1810 supra
3639 1730 3793 1790 citato

2158 1821 2537 1902 miraculum,
2570 1821 2726 1901 quod
2779 1839 2910 1900 cap.
2946 1819 2984 1882 3
3032 1819 3236 1893 refert,
3269 1837 3424 1882 anno
3474 1818 3622 1898 904,
3655 1817 3792 1880 utin

2155 1909 2474 1973 Adnotatis
2505 1911 2561 1972 ei
2593 1909 3031 1988 subjungendis
3071 1908 3326 1985 docebo,
3358 1908 3654 1983 evenerit,
3686 1925 3790 1968 non

2155 1999 2353 2078 citius,
2387 2020 2562 2082 quam
2589 2002 2808 2064 saeculo
2831 2019 3013 2081 nono,
3045 2000 3168 2062 imo
3198 2018 3360 2076 vero,
3391 2018 3531 2062 cum
3556 1999 3793 2061 civitatis

2154 2088 2708 2153 Thessalonicensis
2765 2109 2876 2171 per
2920 2090 3223 2169 Agarenos
3270 2089 3428 2150 dicto
3475 2108 3638 2151 anno
3687 2089 3793 2150 904

2157 2179 2268 2242 sub
2286 2180 2484 2243 Leone
2514 2181 2895 2262 imperatiore
2919 2179 3217 2242 excidium
3251 2178 3520 2259 pluribus
3546 2179 3667 2259 jam
3697 2194 3794 2240 an-

2157 2270 2251 2330 nis
2279 2268 2624 2346 fuisse,cum
2655 2269 2975 2345 scriberet,
2998 2270 3522 2350 praeteritummon
3555 2267 3793 2330 obscure

2156 2358 2386 2438 innuat,
2413 2377 2489 2420 ne
2513 2357 2751 2438 quidem
2780 2367 2917 2420 ante
2947 2357 3225 2420 saeculum
3261 2357 3567 2420 decimum
3593 2357 3792 2418 fortas-

2155 2447 2239 2509 sis
2286 2447 2580 2511 ﬂoruerit.
2635 2447 2837 2522 Aliud,
2895 2465 3016 2525 quo
3075 2454 3312 2508 aetatem
3372 2445 3508 2525 ejus
3569 2445 3791 2527 propius

2155 2536 2460 2607 deﬁniam,
2529 2555 2650 2597 non
2702 2537 3047 2613 succurrit;
3109 2553 3317 2598 verum
3385 2554 3525 2597 cum
3584 2536 3792 2596 diversa

2154 2625 2404 2689 diversis
2433 2625 2827 2705 temporibus,
2864 2635 2930 2690 ut
2960 2625 3164 2686 titulus
3203 2623 3610 2686 lucubrationi
3651 2623 3787 2684 illius

2154 2715 2428 2796 praeﬁxus
2448 2715 2882 2795 docet,patrata
2902 2733 2936 2776 a
2965 2722 3172 2776 sancto
3191 2715 3499 2777 Demetrio
3522 2713 3786 2774 miracula

2153 2803 2392 2877 referat,
2430 2803 2692 2865 dubitari
2743 2805 3020 2884 equidem
3083 2822 3200 2864 non
3236 2803 3543 2864 immerito
3595 2807 3780 2884 potest,

2153 2911 2227 2954 an
2250 2892 2323 2954 ab
2350 2893 2737 2974 aliquot,quze
2759 2901 2978 2974 narrat,
3001 2891 3307 2954 miraculis
3327 2893 3621 2954 remotius
3652 2889 3783 2953 haud

2155 2982 2383 3058 \ixerii,
2411 3001 2585 3063 quam
2612 2991 2675 3043 ut
2696 2991 2918 3045 certam
2943 2993 3120 3062 atque
3141 2981 3386 3043 omnino
3415 2981 3783 3044 indubitatam

2156 3072 2410 3134 narratis
2469 3073 2591 3132 suis
2637 3071 2814 3133 fidem
2870 3071 3192 3133 conciliare
3247 3079 3456 3152 queat.
3512 3070 3654 3133 Utut
3703 3067 3783 3140 sit,

425 3178 592 3222 mum
624 3160 858 3236 clausit,
893 3178 1012 3220 non
1058 3167 1363 3234 noscatur,
1400 3175 1650 3220 necesse
1680 3156 1924 3218 omnino
1961 3164 2070 3236 est,
2093 3151 2133 3202 ο
2158 3160 2386 3222 nullum
2432 3160 2713 3242 equidem
2746 3179 2815 3223 ex
2864 3159 2937 3222 iis
2968 3179 3101 3240 qua:
3129 3151 3340 3235 refert,
3375 3159 3784 3229 indubitanter,

426 3258 490 3310 ut
510 3246 1347 3329 Joannes,Thessalonicensis
1371 3255 1577 3328 postea
1605 3251 1664 3306 et
1683 3244 1808 3326 ipse
1833 3245 2074 3306 archie-

425 3337 725 3417 piscopus,
747 3335 1005 3398 Eusebio
1037 3336 1134 3396 isti
1156 3354 1225 3399 ex
1257 3334 1426 3397 dictis
1466 3334 1718 3407 locutus,
1746 3332 2075 3414 litterisque

423 3434 608 3488 sancti
634 3430 902 3488 Demetrii
925 3430 1200 3488 miracula
1223 3426 1807 3499 complexus,saeculo
1832 3429 2075 3498 septimo

423 3516 718 3592 ﬂoruerit,
753 3516 1023 3596 aliusque
1051 3514 1299 3594 proinde
1323 3519 1532 3594 (neque
1555 3512 1714 3574 enim
1737 3511 1944 3573 eodem
1968 3513 2070 3574 illo

420 3606 644 3668 saeculo
679 3606 828 3668 duos
859 3606 1152 3679 diversos,
1186 3603 1404 3685 quibus
1435 3620 1656 3665 nomen
1679 3601 1912 3664 Jsannis
1942 3601 2072 3664 fue-

417 3697 518 3773 rit,
545 3694 1032 3776 archiepiscopos
1063 3693 1635 3756 Thessalonicenses
1666 3690 2073 3772 invenio)esse

422 3803 543 3846 non
570 3785 778 3866 possit,
802 3802 974 3865 quam
995 3781 1252 3846 Joannes
1272 3781 1824 3844 Thessalonicensis
1843 3781 2076 3842 archie-

422 3874 704 3954 piscopus
735 3873 992 3935 concilio
1047 3872 1312 3951 generali
1341 3881 1530 3947 sexto,
1565 3867 2071 3950 Constantinopoli

422 3979 579 4024 anno
613 3964 717 4025 68l
755 3962 1082 4026 celebrato.
1107 3961 1168 4024 in
1198 3960 1591 4023 conciliorum
1618 3959 2070 4021 collectionibus

422 4052 576 4132 apud
616 4049 918 4119 Dabbeum
949 4060 1008 4113 et
1031 4049 1401 4112 Harduinum
1429 4047 1825 4128 subscriptus.

2158 3249 2322 3312 velut
2363 3258 2526 3312 certo
2557 3249 2772 3313 falsum
2824 3267 2894 3311 ac
2955 3249 3252 3324 lictitium,
3290 3251 3479 3310 ausim
3534 3250 3783 3326 rejicere.

2157 3340 2350 3419 Atque
2381 3339 2482 3416 ita,
2511 3347 2731 3419 quanto
2762 3338 3013 3417 singulas
3042 3346 3170 3401 tres
3196 3337 3270 3400 de
3302 3339 3501 3401 sancti
3525 3331 3790 3402 Demetrii

2160 3428 2465 3490 miraculis
2493 3428 2741 3490 edendae
2761 3427 3207 3492 lucubrationes
3225 3428 3284 3490 in
3309 3429 3508 3511 pretio
3529 3423 3789 3490 habendae

2152 3523 2296 3593 sint,
2335 3517 2514 3579 modo
2546 3518 2722 3580 etiam
2765 3517 3035 3598 exposui.

2238 3607 2334 3671 26.
2394 3607 2615 3670 Harum
2669 3625 2846 3688 porro
2917 3607 3167 3670 editioni
3223 3606 3582 3671 subnectam
3650 3602 3785 3666 varia

2155 3697 2334 3760 etiam
2365 3703 2486 3758 tum
2537 3697 2614 3759 de
2646 3695 3004 3776 prodigiose,
3039 3696 3199 3774 quod
3249 3715 3284 3759 e
3319 3695 3523 3759 Sancti
3555 3691 3779 3766 tumulo,

2157 3796 2279 3862 aut,
2306 3794 2369 3847 ut
2393 3785 2496 3847 alii
2519 3785 2810 3862 scribunt,
2849 3804 3098 3867 corpore
3127 3784 3572 3849 Thessalonica:
3601 3782 3775 3857 stillat,

2153 3875 2368 3937 olimve
2399 3882 2561 3937 certe
2581 3875 2841 3949 stillavit,
2876 3882 3177 3954 unguento
3197 3893 3306 3938 seu
3328 3874 3486 3957 oleo,
3521 3883 3637 3935 tum
3664 3870 3776 3933 aliis

2153 3964 2480 4041 nonnullis,
2513 3983 2645 4044 qua:
2675 3983 2708 4025 a
2737 3964 2926 4026 tribus
2947 3965 3121 4026 dictis
3142 3963 3652 4026 lucubrationibus
3677 3959 3768 4023 ab-

2150 4061 2309 4130 sunt,
2342 4055 2531 4116 sancti
2557 4053 2846 4116 Demetrii
2869 4054 3178 4116 miraculis
3197 4053 3486 4129 analecta,
3524 4051 3718 4137 partim
3744 4064 3771 4107 e

501 4141 602 4204 24.
637 4139 806 4202 Nunc
832 4142 908 4202 de
939 4143 1238 4221 anonymi,
1264 4140 1366 4220 qui
1395 4138 1642 4202 Joannis
1680 4135 2068 4199 Thessaloni-
2149 4143 2567 4224 scriptoribus,
2604 4151 2873 4223 typorum
2900 4143 3195 4207 beneﬁcio
3209 4143 3333 4223 jam
3358 4135 3623 4220 vulgatis,
3656 4153 3770 4220 par-

420 4231 619 4294 censis
648 4230 1150 4306 lucubrationem,
1176 4237 1240 4290 ut
1267 4227 2065 4308 dictum,continuavit,alte-
2150 4232 2254 4292 tim
2289 4251 2321 4294 e
2347 4230 2593 4295 Joannis
2616 4232 2906 4295 Stauracii
2929 4251 2998 4295 ac
3015 4232 3302 4296 Demetrii
3320 4231 3680 4312 Clirysolorte
3697 4227 3768 4312 Iug

415 4321 660 4402 riusque
682 4320 822 4382 item
849 4319 1160 4399 anonymi,
1178 4317 1278 4399 qui
1305 4317 1540 4378 diversa
1564 4316 1818 4377 diversis
1841 4324 2066 4396 tempo-
2149 4320 2596 4384 cubrationibus
2621 4321 2883 4383 nondum
2913 4321 3088 4383 editis
3110 4310 3769 4402 accepta.thuidem,si

418 4409 587 4470 ribus
609 4418 772 4488 gesta
801 4409 990 4470 sancti
1017 4405 1307 4471 Demetrii
1338 4405 1619 4466 miracula
1650 4404 1866 4466 litteris
1895 4423 2063 4466 com-
2149 4429 2282 4491 quae
2310 4411 2384 4473 de
2431 4410 2847 4491 scriptoribus,
2887 4419 3155 4492 typorum
3207 4409 3504 4472 beneﬁcio
3538 4407 3766 4470 nondum

419 4497 745 4573 mendavit,
779 4508 949 4560 atate
967 4496 1147 4558 simul
1171 4515 1238 4557 ac
1262 4496 1380 4557 [ille
1412 4494 1696 4557 nonnulla
1717 4501 1854 4556 sunt
1876 4494 2069 4574 profe-
2092 4499 2419 4580 nvulgatis,
2453 4517 2595 4580 quo,
2648 4517 2822 4579 quam
2870 4498 3049 4561 fidem
3094 4508 3458 4579 mereantur,
3491 4498 3762 4560 edoceam.

415 4587 628 4648 renda.
662 4585 860 4667 Prior,
885 4588 1058 4665 cujus
1080 4583 1436 4665 lucubratio,
1467 4593 1530 4645 ut
1546 4585 1671 4664 jam
1705 4585 1932 4664 monui,
1965 4602 2066 4646 se-
2089 4581 2485 4650 "adnotanda
2533 4588 2832 4668 judicaro,
2866 4588 2925 4650 id
2983 4596 3134 4664 tum,
3166 4607 3304 4652 cum
3363 4605 3572 4651 eorum
3616 4581 3766 4668 verba

416 4674 672 4733 cundum
704 4676 1070 4741 miraculum,
1103 4674 1460 4733 edendorum
1499 4673 1712 4732 librum
1742 4675 2065 4738 constituet,

416 4776 549 4840 cap.
577 4758 616 4820 4
641 4767 840 4824 narrat
871 4758 1248 4842 miraculum,
1277 4760 1458 4842 quod,
1478 4758 1982 4840 quemadmodum
2004 4758 2066 4819 in

413 4850 736 4912 Adnotatis
767 4849 823 4912 ei
857 4847 1209 4922 subdendis,
1245 4849 1619 4930 docebo,sub
1642 4847 1847 4910 saeculi
1879 4849 2065 4909 octavi

415 4938 598 5001 ﬁnem
620 4939 839 5012 esenit,
877 4947 936 5000 ut
958 4947 1126 5002 certe
1157 4956 1275 5000 non
1301 4938 1679 5020 citius,quam
1704 4937 1922 5000 saeculo
1952 4937 2065 4997 hoc

413 5039 774 5094 senescente
825 5030 1111 5092 ﬂoruerit.
1144 5027 1267 5090 Nec
1325 5028 1479 5092 ultra
1508 5028 1790 5091 saeculum
1838 5046 2060 5090 nonum

412 5127 552 5184 setas
583 5122 714 5202 ejus
738 5119 1068 5182 diﬂ‘eremla
1098 5118 1351 5182 videtur:
1387 5117 1664 5180 ultimum
1702 5119 1858 5180 enim
1892 5135 1924 5178 e
1957 5117 2064 5178 mi-

417 5211 664 5282 raculis,
697 5229 829 5292 qua:
857 5208 1204 5271 Anastasius
1234 5207 1753 5272 Bibliothecarius.
1783 5215 1919 5269 ante
1949 5225 2061 5268 an-

413 5319 558 5362 num
607 5299 724 5362 882
751 5318 784 5362 e
837 5299 1001 5378 vivis,
1030 5305 1092 5358 nt
1142 5315 1322 5378 supra
1372 5297 1568 5374 decui,
1603 5306 1868 5376 ereptus,
1902 5295 2063 5376 apud

410 5387 816 5450 Mabillonium
844 5395 988 5450 tom.
1013 5384 1032 5447 l
1075 5385 1354 5449 Veterum
1377 5385 1818 5449 Analectorum
1842 5393 2059 5462 narrat,

415 5479 641 5556 primus
673 5477 928 5539 omnium
984 5482 1083 5538 aut
1141 5477 1348 5538 saltem
1405 5483 1541 5537 ante
1570 5473 1950 5538 Anastasium
2001 5473 2066 5537 in

416 5564 644 5624 litteras
680 5563 914 5625 misisse
944 5564 1197 5645 videtur,
1232 5563 1602 5644 idque,quod
1633 5563 2068 5628 lucubrationis

2151 4666 2627 4739 testimoniumve
2654 4677 2866 4740 adduci
2899 4677 3219 4758 oportebit,
3255 4677 3573 4758 praestabo.
3624 4666 3760 4746 Quod

2148 4775 2347 4828 autem
2405 4765 2478 4828 ad
2533 4764 2825 4830 Joannem
2884 4763 3260 4830 Stauracium
3323 4773 3380 4829 et
3427 4761 3756 4852 Demetrium

2148 4854 2561 4936 Cbrysoloram
2598 4861 2849 4936 Spectat,
2881 4873 2998 4936 quo
3047 4854 3108 4917 in
3143 4854 3358 4936 pretio,
3391 4872 3525 4931 quae
3552 4849 3666 4914 bini
3711 4844 3760 4906 lll

2147 4945 2473 5025 scriptores
2503 4945 2769 5007 nondum
2797 4943 2941 5006 editi
2970 4945 3033 5006 in
3064 4943 3294 5006 litteras
3325 4945 3635 5014 miserunt,
3668 4936 3756 4997 ba-

2147 5033 2344 5097 benda
2401 5035 2542 5112 sint,
2575 5034 2690 5096 hoc
2751 5033 2876 5096 lsco
2937 5031 3104 5096 lubet
3154 5049 3478 5113 exponere.
3533 5029 3758 5113 Joannes

2145 5123 2487 5188 Stauracius
2546 5123 2836 5205 prolixam
2901 5112 3248 5200 admodum,
3284 5140 3415 5202 quae
3471 5121 3533 5182 in
3581 5112 3756 5180 codice

2145 5223 2348 5276 nostro
2376 5215 2423 5294 -ι-
2455 5233 2564 5276 ms.
2593 5212 2710 5276 193
2729 5231 2763 5274 a
2778 5215 2996 5293 pag.66
3020 5230 3210 5293 usque
3231 5209 3304 5274 ad
3327 5209 3544 5292 pag.99
3559 5215 3756 5268 versam

2145 5322 2178 5366 e
2224 5303 2441 5366 Leonis
2472 5303 2694 5377 Allatii,
2728 5303 2816 5364 uti
2874 5304 2934 5364 in
2968 5304 3234 5383 margine
3299 5300 3634 5388 ascribitur,
3664 5307 3758 5388 res:

2147 5392 2499 5475 deprompta
2545 5398 2764 5467 exstat,
2799 5393 3134 5454 orationem
3187 5390 3264 5454 de
3293 5389 3483 5457 sancti
3509 5386 3762 5475 Demetrii

2148 5473 2450 5544 miraculis
2469 5482 2797 5546 contexuit.
2823 5479 3176 5546 Guilielmus
3202 5481 3427 5544 Caveus
3449 5478 3509 5540 in
3528 5473 3758 5549 Scripto-

2148 5588 2285 5635 rum
2301 5574 2856 5641 ecclesiasticarum
2881 5570 3411 5654 Historia,part.u
3441 5553 3757 5632 dissertatio
