  <div class='ocr_page' id='page_1' title='image "/cluster/home/n/w/nwhite01/storage/ocr_20150623/116/mdp.39015008903554/559.png"; bbox 0 0 4056 6152; ppageno 0'>
   <div class='ocr_carea' id='block_1_1' title="bbox 581 332 2183 410">
    <p class='ocr_par' dir='ltr' id='par_1_1' title="bbox 581 332 2183 405">
     <span class='ocr_line' id='line_1_1' title="bbox 581 332 2183 405; baseline 0.002 -3"><span class='ocrx_word' id='word_1_1' title='bbox 581 332 607 401; x_wconf 88' lang='grc'><strong>1</strong></span> <span class='ocrx_word' id='word_1_2' title='bbox 623 335 736 402; x_wconf 84' lang='grc'><strong>103</strong></span> <span class='ocrx_word' id='word_1_3' title='bbox 1649 378 1659 384; x_wconf 85' lang='lat'><strong>-</strong></span> <span class='ocrx_word' id='word_1_4' title='bbox 1928 339 2183 405; x_wconf 72' lang='lat' dir='ltr'><strong>SUPPLJ</strong></span> 
     </span>
    </p>
   </div>
   <div class='ocr_carea' id='block_1_2' title="bbox 2285 332 3887 410">
    <p class='ocr_par' dir='ltr' id='par_1_2' title="bbox 2285 343 3887 410">
     <span class='ocr_line' id='line_1_2' title="bbox 2285 343 3887 410; baseline 0.001 -3"><span class='ocrx_word' id='word_1_5' title='bbox 2285 343 2577 409; x_wconf 81' lang='lat' dir='ltr'><strong>ENTUM.</strong></span> <span class='ocrx_word' id='word_1_6' title='bbox 3777 347 3887 410; x_wconf 69' lang='lat' dir='ltr'><strong>ilOi</strong></span> 
     </span>
    </p>
   </div>
   <div class='ocr_carea' id='block_1_3' title="bbox 581 468 3892 558">
    <p class='ocr_par' dir='ltr' id='par_1_3' title="bbox 581 468 3892 558">
     <span class='ocr_line' id='line_1_3' title="bbox 581 468 3892 558; baseline 0 -19"><span class='ocrx_word' id='word_1_7' title='bbox 581 483 788 539; x_wconf 87' lang='lat' dir='ltr'><strong>contra</strong></span> <span class='ocrx_word' id='word_1_8' title='bbox 809 483 1092 539; x_wconf 70' lang='lat' dir='ltr'><strong>asserum</strong></span> <span class='ocrx_word' id='word_1_9' title='bbox 1122 473 1442 537; x_wconf 89' lang='lat' dir='ltr'><strong>militarem</strong></span> <span class='ocrx_word' id='word_1_10' title='bbox 1475 468 1762 538; x_wconf 74' lang='lat' dir='ltr'><strong>Demetrii</strong></span> <span class='ocrx_word' id='word_1_11' title='bbox 1813 479 2218 541; x_wconf 74' lang='lat' dir='ltr'><strong>conditionem</strong></span> <span class='ocrx_word' id='word_1_12' title='bbox 2240 489 2278 538; x_wconf 81' lang='grc' dir='ltr'><strong>Α</strong></span> <span class='ocrx_word' id='word_1_13' title='bbox 2302 476 2698 553; x_wconf 79' lang='lat' dir='ltr'><strong>decreverim,</strong></span> <span class='ocrx_word' id='word_1_14' title='bbox 2721 483 2999 539; x_wconf 77' lang='lat' dir='ltr'><strong>versione</strong></span> <span class='ocrx_word' id='word_1_15' title='bbox 3023 476 3222 538; x_wconf 88' lang='lat' dir='ltr'><strong>Latina</strong></span> <span class='ocrx_word' id='word_1_16' title='bbox 3241 477 3520 558; x_wconf 83' lang='lat' dir='ltr'><strong>adjuncta</strong></span> <span class='ocrx_word' id='word_1_17' title='bbox 3541 477 3892 540; x_wconf 72' lang='lat' dir='ltr'><strong>describenda</strong></span> 
     </span>
    </p>
   </div>
   <div class='ocr_carea' id='block_1_4' title="bbox 582 564 2467 646">
    <p class='ocr_par' dir='ltr' id='par_1_4' title="bbox 582 564 2467 646">
     <span class='ocr_line' id='line_1_4' title="bbox 582 564 2467 646; baseline 0.001 -18"><span class='ocrx_word' id='word_1_18' title='bbox 582 567 934 628; x_wconf 75' lang='lat' dir='ltr'><strong>nominatim</strong></span> <span class='ocrx_word' id='word_1_19' title='bbox 953 566 1128 629; x_wconf 84' lang='lat' dir='ltr'><strong>etiam</strong></span> <span class='ocrx_word' id='word_1_20' title='bbox 1153 564 1299 642; x_wconf 92' lang='lat' dir='ltr'><strong>quid</strong></span> <span class='ocrx_word' id='word_1_21' title='bbox 1320 564 1538 646; x_wconf 87' lang='lat' dir='ltr'><strong>dicam,</strong></span> <span class='ocrx_word' id='word_1_22' title='bbox 1574 565 1912 630; x_wconf 90' lang='lat' dir='ltr'><strong>Demetrius</strong></span> <span class='ocrx_word' id='word_1_23' title='bbox 1929 569 2038 631; x_wconf 98' lang='lat' dir='ltr'><strong>sub</strong></span> <span class='ocrx_word' id='word_1_24' title='bbox 2063 570 2227 631; x_wconf 84' lang='lat' dir='ltr'><strong>mill-</strong></span> <span class='ocrx_word' id='word_1_25' title='bbox 2307 575 2467 630; x_wconf 82' lang='lat' dir='ltr'><strong>sunt.</strong></span> 
     </span>
    </p>
   </div>
   <div class='ocr_carea' id='block_1_5' title="bbox 584 654 3892 738">
    <p class='ocr_par' dir='ltr' id='par_1_5' title="bbox 584 654 3892 738">
     <span class='ocr_line' id='line_1_5' title="bbox 584 654 3892 738; baseline 0 -20"><span class='ocrx_word' id='word_1_26' title='bbox 584 656 695 718; x_wconf 88' lang='lat' dir='ltr'><strong>tari</strong></span> <span class='ocrx_word' id='word_1_27' title='bbox 725 655 928 718; x_wconf 85' lang='lat' dir='ltr'><strong>habitu</strong></span> <span class='ocrx_word' id='word_1_28' title='bbox 962 654 1350 735; x_wconf 88' lang='lat' dir='ltr'><strong>spectandum</strong></span> <span class='ocrx_word' id='word_1_29' title='bbox 1381 672 1516 716; x_wconf 86' lang='lat' dir='ltr'><strong>sese</strong></span> <span class='ocrx_word' id='word_1_30' title='bbox 1547 656 1804 719; x_wconf 79' lang='lat' dir='ltr'><strong>subinde</strong></span> <span class='ocrx_word' id='word_1_31' title='bbox 1833 659 1975 720; x_wconf 90' lang='lat' dir='ltr'><strong>dare</strong></span> <span class='ocrx_word' id='word_1_32' title='bbox 2009 659 2220 738; x_wconf 86' lang='lat' dir='ltr'><strong>potuit,</strong></span> <span class='ocrx_word' id='word_1_33' title='bbox 2388 657 2486 718; x_wconf 89' lang='lat'><strong>38.</strong></span> <span class='ocrx_word' id='word_1_34' title='bbox 2513 658 2652 720; x_wconf 68' lang='lat' dir='ltr'><strong>llaec</strong></span> <span class='ocrx_word' id='word_1_35' title='bbox 2679 657 2882 735; x_wconf 91' lang='lat' dir='ltr'><strong>itaque</strong></span> <span class='ocrx_word' id='word_1_36' title='bbox 2903 655 3126 718; x_wconf 87' lang='lat' dir='ltr'><strong>codicis</strong></span> <span class='ocrx_word' id='word_1_37' title='bbox 3148 656 3287 717; x_wconf 94' lang='lat' dir='ltr'><strong>olim</strong></span> <span class='ocrx_word' id='word_1_38' title='bbox 3315 657 3645 720; x_wconf 71' lang='lat' dir='ltr'><strong>Mazarinaai</strong></span> <span class='ocrx_word' id='word_1_39' title='bbox 3669 676 3785 736; x_wconf 80' lang='lat' dir='ltr'><strong>pag.</strong></span> <span class='ocrx_word' id='word_1_40' title='bbox 3809 658 3892 719; x_wconf 69' lang='lat'><strong>2‘27</strong></span> 
     </span>
    </p>
   </div>
   <div class='ocr_carea' id='block_1_6' title="bbox 581 743 3898 826">
    <p class='ocr_par' dir='ltr' id='par_1_6' title="bbox 581 743 3898 826">
     <span class='ocr_line' id='line_1_6' title="bbox 581 743 3898 826; baseline -0.001 -18"><span class='ocrx_word' id='word_1_41' title='bbox 581 764 702 809; x_wconf 88' lang='lat' dir='ltr'><strong>non</strong></span> <span class='ocrx_word' id='word_1_42' title='bbox 727 743 886 826; x_wconf 84' lang='lat' dir='ltr'><strong>quod</strong></span> <span class='ocrx_word' id='word_1_43' title='bbox 907 744 1106 824; x_wconf 86' lang='lat' dir='ltr'><strong>reipsa</strong></span> <span class='ocrx_word' id='word_1_44' title='bbox 1124 744 1468 824; x_wconf 87' lang='lat' dir='ltr'><strong>imperatori</strong></span> <span class='ocrx_word' id='word_1_45' title='bbox 1491 745 1958 824; x_wconf 91' lang='lat' dir='ltr'><strong>mundano,cum</strong></span> <span class='ocrx_word' id='word_1_46' title='bbox 1982 749 2040 809; x_wconf 91' lang='lat' dir='ltr'><strong>in</strong></span> <span class='ocrx_word' id='word_1_47' title='bbox 2077 747 2226 809; x_wconf 86' lang='lat' dir='ltr'><strong>vivis</strong></span> <span class='ocrx_word' id='word_1_48' title='bbox 2307 764 2472 807; x_wconf 87' lang='lat' dir='ltr'><strong>versa</strong></span> <span class='ocrx_word' id='word_1_49' title='bbox 2504 755 2562 808; x_wconf 92' lang='lat' dir='ltr'><strong>et</strong></span> <span class='ocrx_word' id='word_1_50' title='bbox 2591 764 2761 826; x_wconf 83' lang='lat' dir='ltr'><strong>seqq.</strong></span> <span class='ocrx_word' id='word_1_51' title='bbox 2797 746 2856 806; x_wconf 94' lang='lat' dir='ltr'><strong>in</strong></span> <span class='ocrx_word' id='word_1_52' title='bbox 2882 745 3120 826; x_wconf 64' lang='lat' dir='ltr'><strong>praefato</strong></span> <span class='ocrx_word' id='word_1_53' title='bbox 3145 747 3333 807; x_wconf 82' lang='lat' dir='ltr'><strong>sancti</strong></span> <span class='ocrx_word' id='word_1_54' title='bbox 3364 745 3648 807; x_wconf 87' lang='lat' dir='ltr'><strong>Demetrii</strong></span> <span class='ocrx_word' id='word_1_55' title='bbox 3673 748 3898 807; x_wconf 85' lang='lat' dir='ltr'><strong>encomio</strong></span> 
     </span>
    </p>
   </div>
   <div class='ocr_carea' id='block_1_7' title="bbox 580 833 2182 915">
    <p class='ocr_par' dir='ltr' id='par_1_7' title="bbox 580 833 2182 915">
     <span class='ocr_line' id='line_1_7' title="bbox 580 833 2182 915; baseline 0.001 -18"><span class='ocrx_word' id='word_1_56' title='bbox 580 843 740 898; x_wconf 85' lang='lat' dir='ltr'><strong>esset</strong></span> <span class='ocrx_word' id='word_1_57' title='bbox 768 840 1093 915; x_wconf 84' lang='lat' dir='ltr'><strong>superstes,</strong></span> <span class='ocrx_word' id='word_1_58' title='bbox 1131 833 1421 907; x_wconf 85' lang='lat' dir='ltr'><strong>militarit,</strong></span> <span class='ocrx_word' id='word_1_59' title='bbox 1454 833 1560 896; x_wconf 89' lang='lat' dir='ltr'><strong>sed</strong></span> <span class='ocrx_word' id='word_1_60' title='bbox 1608 835 1768 915; x_wconf 91' lang='lat' dir='ltr'><strong>quod</strong></span> <span class='ocrx_word' id='word_1_61' title='bbox 1811 845 2056 900; x_wconf 83' lang='lat' dir='ltr'><strong>strenue</strong></span> <span class='ocrx_word' id='word_1_62' title='bbox 2085 845 2182 898; x_wconf 89' lang='lat' dir='ltr'><strong>tan</strong></span> 
     </span>
    </p>
   </div>
   <div class='ocr_carea' id='block_1_8' title="bbox 2293 833 3895 915">
    <p class='ocr_par' dir='ltr' id='par_1_8' title="bbox 2307 833 3895 898">
     <span class='ocr_line' id='line_1_8' title="bbox 2307 833 3895 898; baseline -0.004 -1"><span class='ocrx_word' id='word_1_63' title='bbox 2307 836 2532 897; x_wconf 86' lang='lat' dir='ltr'><strong>habet:</strong></span> <span class='ocrx_word' id='word_1_64' title='bbox 2569 839 2734 898; x_wconf 68' lang='grc' dir='ltr'>Αὐτὸς</span> <span class='ocrx_word' id='word_1_65' title='bbox 2769 835 2824 891; x_wconf 72' lang='grc' dir='ltr'>δὲ</span> <span class='ocrx_word' id='word_1_66' title='bbox 2874 833 3052 891; x_wconf 74' lang='grc' dir='ltr'>λαϐὼν</span> <span class='ocrx_word' id='word_1_67' title='bbox 3107 838 3168 891; x_wconf 83' lang='grc' dir='ltr'>τὸ</span> <span class='ocrx_word' id='word_1_68' title='bbox 3218 835 3598 892; x_wconf 74' lang='grc' dir='ltr'>διδασκαλικὸν</span> <span class='ocrx_word' id='word_1_69' title='bbox 3649 839 3792 892; x_wconf 69' lang='grc' dir='ltr'>τοῦτο</span> <span class='ocrx_word' id='word_1_70' title='bbox 3835 841 3895 891; x_wconf 75' lang='grc' dir='ltr'>ιιιὶ</span> 
     </span>
    </p>
   </div>
   <div class='ocr_carea' id='block_1_9' title="bbox 581 922 2183 1008">
    <p class='ocr_par' dir='ltr' id='par_1_9' title="bbox 581 922 2181 1008">
     <span class='ocr_line' id='line_1_9' title="bbox 581 922 2181 1008; baseline -0.001 -21"><span class='ocrx_word' id='word_1_71' title='bbox 581 942 756 1006; x_wconf 82' lang='lat' dir='ltr'><strong>quam</strong></span> <span class='ocrx_word' id='word_1_72' title='bbox 791 923 984 998; x_wconf 82' lang='lat' dir='ltr'><strong>miles,</strong></span> <span class='ocrx_word' id='word_1_73' title='bbox 1017 923 1150 1008; x_wconf 81' lang='lat' dir='ltr'><strong>fuso</strong></span> <span class='ocrx_word' id='word_1_74' title='bbox 1179 922 1353 983; x_wconf 87' lang='lat' dir='ltr'><strong>etiam</strong></span> <span class='ocrx_word' id='word_1_75' title='bbox 1382 926 1692 1004; x_wconf 77' lang='lat' dir='ltr'><strong>sanguine,</strong></span> <span class='ocrx_word' id='word_1_76' title='bbox 1719 944 1824 1006; x_wconf 89' lang='lat' dir='ltr'><strong>pro</strong></span> <span class='ocrx_word' id='word_1_77' title='bbox 1856 926 2075 988; x_wconf 86' lang='lat' dir='ltr'><strong>Christi</strong></span> <span class='ocrx_word' id='word_1_78' title='bbox 2108 927 2181 986; x_wconf 76' lang='lat' dir='ltr'><strong>{id</strong></span> 
     </span>
    </p>
   </div>
   <div class='ocr_carea' id='block_1_10' title="bbox 2294 922 3896 1008">
    <p class='ocr_par' dir='ltr' id='par_1_10' title="bbox 2307 923 3896 1005">
     <span class='ocr_line' id='line_1_10' title="bbox 2307 923 3896 1005; baseline -0.003 -23"><span class='ocrx_word' id='word_1_79' title='bbox 2307 927 2662 982; x_wconf 72' lang='grc' dir='ltr'>ἀποστολικὸν</span> <span class='ocrx_word' id='word_1_80' title='bbox 2732 926 3018 1005; x_wconf 78' lang='grc' dir='ltr'>χάρισμα,</span> <span class='ocrx_word' id='word_1_81' title='bbox 3101 923 3302 999; x_wconf 75' lang='grc' dir='ltr'>ἴδωμεν</span> <span class='ocrx_word' id='word_1_82' title='bbox 3358 928 3474 981; x_wconf 86' lang='grc' dir='ltr'>τίνα</span> <span class='ocrx_word' id='word_1_83' title='bbox 3530 933 3634 992; x_wconf 83' lang='grc' dir='ltr'>τὴν</span> <span class='ocrx_word' id='word_1_84' title='bbox 3687 924 3896 980; x_wconf 77' lang='grc' dir='ltr'>αντίδωιν</span> 
     </span>
    </p>
   </div>
   <div class='ocr_carea' id='block_1_11' title="bbox 581 1011 2183 1096">
    <p class='ocr_par' dir='ltr' id='par_1_11' title="bbox 581 1011 2183 1095">
     <span class='ocr_line' id='line_1_11' title="bbox 581 1011 2183 1095; baseline -0.001 -18"><span class='ocrx_word' id='word_1_85' title='bbox 581 1011 1104 1086; x_wconf 83' lang='lat' dir='ltr'><strong>dccertarit.Quod</strong></span> <span class='ocrx_word' id='word_1_86' title='bbox 1130 1029 1310 1091; x_wconf 90' lang='lat' dir='ltr'><strong>porro</strong></span> <span class='ocrx_word' id='word_1_87' title='bbox 1337 1012 1411 1073; x_wconf 88' lang='lat' dir='ltr'><strong>ad</strong></span> <span class='ocrx_word' id='word_1_88' title='bbox 1442 1012 1927 1095; x_wconf 71' lang='lat' dir='ltr'><strong>imaginem,quaa</strong></span> <span class='ocrx_word' id='word_1_89' title='bbox 1953 1024 2183 1077; x_wconf 78' lang='lat' dir='ltr'><strong>sanetur</strong></span> 
     </span>
    </p>
   </div>
   <div class='ocr_carea' id='block_1_12' title="bbox 2294 1011 3896 1096">
    <p class='ocr_par' dir='ltr' id='par_1_12' title="bbox 2306 1016 3896 1096">
     <span class='ocr_line' id='line_1_12' title="bbox 2306 1016 3896 1096; baseline -0.001 -26"><span class='ocrx_word' id='word_1_90' title='bbox 2306 1017 2639 1094; x_wconf 64' lang='grc' dir='ltr'>προσήνεγκε</span> <span class='ocrx_word' id='word_1_91' title='bbox 2699 1021 2776 1088; x_wconf 85' lang='grc' dir='ltr'>τῷ</span> <span class='ocrx_word' id='word_1_92' title='bbox 2834 1017 3027 1089; x_wconf 80' lang='grc' dir='ltr'><strong>Θεῷ...</strong></span> <span class='ocrx_word' id='word_1_93' title='bbox 3095 1017 3372 1071; x_wconf 83' lang='grc' dir='ltr'>Δείκνυται</span> <span class='ocrx_word' id='word_1_94' title='bbox 3414 1016 3599 1096; x_wconf 74' lang='grc' dir='ltr'>χάριτι</span> <span class='ocrx_word' id='word_1_95' title='bbox 3653 1017 3773 1071; x_wconf 80' lang='grc' dir='ltr'><strong>Θεοῦ</strong></span> <span class='ocrx_word' id='word_1_96' title='bbox 3815 1020 3896 1090; x_wconf 69' lang='grc' dir='ltr'>περὶ</span> 
     </span>
    </p>
   </div>
   <div class='ocr_carea' id='block_1_13' title="bbox 577 1100 2179 1183">
    <p class='ocr_par' dir='ltr' id='par_1_13' title="bbox 577 1100 2179 1183">
     <span class='ocr_line' id='line_1_13' title="bbox 577 1100 2179 1183; baseline 0.001 -19"><span class='ocrx_word' id='word_1_97' title='bbox 577 1102 640 1165; x_wconf 92' lang='lat' dir='ltr'><strong>in</strong></span> <span class='ocrx_word' id='word_1_98' title='bbox 667 1107 886 1183; x_wconf 89' lang='lat' dir='ltr'><strong>templo</strong></span> <span class='ocrx_word' id='word_1_99' title='bbox 915 1100 1358 1164; x_wconf 64' lang='lat' dir='ltr'><strong>Thessalonicae</strong></span> <span class='ocrx_word' id='word_1_100' title='bbox 1386 1102 1440 1162; x_wconf 88' lang='lat' dir='ltr'><strong>ei</strong></span> <span class='ocrx_word' id='word_1_101' title='bbox 1470 1103 1666 1163; x_wconf 89' lang='lat' dir='ltr'><strong>dicato</strong></span> <span class='ocrx_word' id='word_1_102' title='bbox 1729 1103 1967 1164; x_wconf 79' lang='lat' dir='ltr'><strong>militari</strong></span> <span class='ocrx_word' id='word_1_103' title='bbox 2019 1104 2179 1166; x_wconf 81' lang='lat' dir='ltr'><strong>habit</strong></span> 
     </span>
    </p>
   </div>
   <div class='ocr_carea' id='block_1_14' title="bbox 2293 1100 3895 1183">
    <p class='ocr_par' dir='ltr' id='par_1_14' title="bbox 2305 1103 3895 1182">
     <span class='ocr_line' id='line_1_14' title="bbox 2305 1103 3895 1182; baseline -0.001 -23"><span class='ocrx_word' id='word_1_104' title='bbox 2305 1105 2401 1171; x_wconf 75' lang='grc' dir='ltr'>τῆς</span> <span class='ocrx_word' id='word_1_105' title='bbox 2461 1103 2800 1164; x_wconf 54' lang='grc' dir='ltr'>διδασκαλίας</span> <span class='ocrx_word' id='word_1_106' title='bbox 2864 1107 3019 1160; x_wconf 72' lang='grc' dir='ltr'>αὖτοῠ</span> <span class='ocrx_word' id='word_1_107' title='bbox 3048 1106 3112 1160; x_wconf 72' lang='grc' dir='ltr'>τὸ</span> <span class='ocrx_word' id='word_1_108' title='bbox 3141 1105 3431 1163; x_wconf 75' lang='grc' dir='ltr'><strong>ἀθόλωτον.</strong></span> <span class='ocrx_word' id='word_1_109' title='bbox 3465 1107 3538 1162; x_wconf 76' lang='grc' dir='ltr'><strong>Τὸ</strong></span> <span class='ocrx_word' id='word_1_110' title='bbox 3583 1106 3683 1182; x_wconf 78' lang='grc' dir='ltr'><strong>γὰρ</strong></span> <span class='ocrx_word' id='word_1_111' title='bbox 3734 1103 3895 1159; x_wconf 67' lang='grc' dir='ltr'>ἰουδαΐ-</span> 
     </span>
    </p>
   </div>
   <div class='ocr_carea' id='block_1_15' title="bbox 575 1189 2177 1272">
    <p class='ocr_par' dir='ltr' id='par_1_15' title="bbox 575 1189 2177 1272">
     <span class='ocr_line' id='line_1_15' title="bbox 575 1189 2177 1272; baseline 0.001 -19"><span class='ocrx_word' id='word_1_112' title='bbox 575 1192 844 1255; x_wconf 89' lang='lat' dir='ltr'><strong>indutum</strong></span> <span class='ocrx_word' id='word_1_113' title='bbox 868 1189 1212 1267; x_wconf 81' lang='lat' dir='ltr'><strong>exhibebat,</strong></span> <span class='ocrx_word' id='word_1_114' title='bbox 1231 1191 1354 1270; x_wconf 86' lang='lat' dir='ltr'><strong>jam</strong></span> <span class='ocrx_word' id='word_1_115' title='bbox 1383 1191 1696 1271; x_wconf 88' lang='lat' dir='ltr'><strong>spectat,id</strong></span> <span class='ocrx_word' id='word_1_116' title='bbox 1729 1192 1969 1272; x_wconf 89' lang='lat' dir='ltr'><strong>quidem</strong></span> <span class='ocrx_word' id='word_1_117' title='bbox 2004 1195 2177 1255; x_wconf 69' lang='lat' dir='ltr'><strong>smcul</strong></span> 
     </span>
    </p>
   </div>
   <div class='ocr_carea' id='block_1_16' title="bbox 2291 1189 3893 1272">
    <p class='ocr_par' dir='ltr' id='par_1_16' title="bbox 2304 1191 3893 1266">
     <span class='ocr_line' id='line_1_16' title="bbox 2304 1191 3893 1266; baseline -0.003 -17"><span class='ocrx_word' id='word_1_118' title='bbox 2304 1195 2402 1261; x_wconf 71' lang='grc' dir='ltr'><strong>κήν</strong></span> <span class='ocrx_word' id='word_1_119' title='bbox 2461 1195 2557 1250; x_wconf 70' lang='grc' dir='ltr'><strong>καί</strong></span> <span class='ocrx_word' id='word_1_120' title='bbox 2613 1193 2905 1261; x_wconf 73' lang='grc' dir='ltr'>ἑλληνικὴν</span> <span class='ocrx_word' id='word_1_121' title='bbox 2967 1196 3051 1250; x_wconf 79' lang='grc' dir='ltr'><strong>καὶ</strong></span> <span class='ocrx_word' id='word_1_122' title='bbox 3135 1200 3309 1250; x_wconf 83' lang='grc' dir='ltr'>πᾶσαν</span> <span class='ocrx_word' id='word_1_123' title='bbox 3386 1193 3560 1261; x_wconf 82' lang='grc' dir='ltr'>ἄλλην</span> <span class='ocrx_word' id='word_1_124' title='bbox 3619 1191 3893 1266; x_wconf 47' lang='lat' dir='ltr'><strong>damnans:</strong></span> 
     </span>
    </p>
   </div>
   <div class='ocr_carea' id='block_1_17' title="bbox 576 1279 2178 1362">
    <p class='ocr_par' dir='ltr' id='par_1_17' title="bbox 576 1279 2176 1362">
     <span class='ocr_line' id='line_1_17' title="bbox 576 1279 2176 1362; baseline 0.001 -18"><span class='ocrx_word' id='word_1_125' title='bbox 576 1299 907 1362; x_wconf 89' lang='lat' dir='ltr'><strong>nono,quo,</strong></span> <span class='ocrx_word' id='word_1_126' title='bbox 933 1279 1439 1361; x_wconf 88' lang='lat' dir='ltr'><strong>quemadmodum</strong></span> <span class='ocrx_word' id='word_1_127' title='bbox 1464 1299 1533 1343; x_wconf 81' lang='lat' dir='ltr'><strong>ex</strong></span> <span class='ocrx_word' id='word_1_128' title='bbox 1556 1281 1890 1357; x_wconf 84' lang='lat' dir='ltr'><strong>Adnotatis,</strong></span> <span class='ocrx_word' id='word_1_129' title='bbox 1927 1284 2088 1345; x_wconf 92' lang='lat' dir='ltr'><strong>dicto</strong></span> <span class='ocrx_word' id='word_1_130' title='bbox 2115 1284 2176 1346; x_wconf 86' lang='grc' dir='ltr'><em>Μ</em></span> 
     </span>
    </p>
   </div>
   <div class='ocr_carea' id='block_1_18' title="bbox 2289 1279 3891 1362">
    <p class='ocr_par' dir='ltr' id='par_1_18' title="bbox 2303 1282 3891 1360">
     <span class='ocr_line' id='line_1_18' title="bbox 2303 1282 3891 1360; baseline -0.001 -22"><span class='ocrx_word' id='word_1_131' title='bbox 2303 1282 2511 1360; x_wconf 66' lang='grc' dir='ltr'>αἵρεσιν</span> <span class='ocrx_word' id='word_1_132' title='bbox 2565 1286 2628 1340; x_wconf 72' lang='lat' dir='ltr'><strong>‘ex</strong></span> <span class='ocrx_word' id='word_1_133' title='bbox 2671 1283 2919 1360; x_wconf 77' lang='grc' dir='ltr'><strong>πρέμνων</strong></span> <span class='ocrx_word' id='word_1_134' title='bbox 2978 1285 3148 1340; x_wconf 69' lang='grc' dir='ltr'>αὐτῶν</span> <span class='ocrx_word' id='word_1_135' title='bbox 3218 1284 3542 1340; x_wconf 82' lang='grc' dir='ltr'>ἀνεσπάσθαι</span> <span class='ocrx_word' id='word_1_136' title='bbox 3603 1289 3700 1348; x_wconf 77' lang='grc' dir='ltr'>τῆς</span> <span class='ocrx_word' id='word_1_137' title='bbox 3746 1285 3891 1360; x_wconf 53' lang='lat' dir='ltr'><strong>Gracu-</strong></span> 
     </span>
    </p>
   </div>
   <div class='ocr_carea' id='block_1_19' title="bbox 576 1368 2178 1450">
    <p class='ocr_par' dir='ltr' id='par_1_19' title="bbox 576 1368 2178 1446">
     <span class='ocr_line' id='line_1_19' title="bbox 576 1368 2178 1446; baseline 0.001 -12"><span class='ocrx_word' id='word_1_138' title='bbox 576 1372 924 1434; x_wconf 69' lang='lat' dir='ltr'><strong>ruculorum</strong></span> <span class='ocrx_word' id='word_1_139' title='bbox 956 1368 1317 1432; x_wconf 71' lang='lat' dir='ltr'><strong>lib.sesundi</strong></span> <span class='ocrx_word' id='word_1_140' title='bbox 1348 1369 1528 1446; x_wconf 87' lang='lat' dir='ltr'><strong>capiti</strong></span> <span class='ocrx_word' id='word_1_141' title='bbox 1559 1381 1732 1432; x_wconf 76' lang='lat' dir='ltr'><strong>sexto</strong></span> <span class='ocrx_word' id='word_1_142' title='bbox 1761 1371 2090 1434; x_wconf 81' lang='lat' dir='ltr'><strong>subdendis</strong></span> <span class='ocrx_word' id='word_1_143' title='bbox 2122 1374 2178 1435; x_wconf 92' lang='lat' dir='ltr'><strong>in</strong></span> 
     </span>
    </p>
   </div>
   <div class='ocr_carea' id='block_1_20' title="bbox 2289 1368 3891 1450">
    <p class='ocr_par' dir='ltr' id='par_1_20' title="bbox 2304 1371 3891 1450">
     <span class='ocr_line' id='line_1_20' title="bbox 2304 1371 3891 1450; baseline -0.001 -22"><span class='ocrx_word' id='word_1_144' title='bbox 2304 1371 2501 1429; x_wconf 78' lang='grc' dir='ltr'>λάκτου</span> <span class='ocrx_word' id='word_1_145' title='bbox 2551 1373 2750 1440; x_wconf 82' lang='grc' dir='ltr'>ταύτης</span> <span class='ocrx_word' id='word_1_146' title='bbox 2837 1375 3070 1446; x_wconf 80' lang='grc' dir='ltr'>ποίμνης</span> <span class='ocrx_word' id='word_1_147' title='bbox 3151 1380 3246 1429; x_wconf 76' lang='grc' dir='ltr'>τοῦ</span> <span class='ocrx_word' id='word_1_148' title='bbox 3304 1375 3532 1450; x_wconf 77' lang='grc' dir='ltr'><strong>Χριστοῦ</strong></span> <span class='ocrx_word' id='word_1_149' title='bbox 3589 1373 3724 1432; x_wconf 74' lang='grc' dir='ltr'>τίνος</span> <span class='ocrx_word' id='word_1_150' title='bbox 3773 1371 3891 1427; x_wconf 57' lang='grc' dir='ltr'>ἄλλον</span> 
     </span>
    </p>
   </div>
   <div class='ocr_carea' id='block_1_21' title="bbox 573 1457 2175 1541">
    <p class='ocr_par' dir='ltr' id='par_1_21' title="bbox 573 1457 2175 1541">
     <span class='ocr_line' id='line_1_21' title="bbox 573 1457 2175 1541; baseline 0.001 -19"><span class='ocrx_word' id='word_1_151' title='bbox 573 1460 1036 1541; x_wconf 81' lang='lat' dir='ltr'><strong>telliges,imago</strong></span> <span class='ocrx_word' id='word_1_152' title='bbox 1053 1458 1155 1520; x_wconf 85' lang='lat' dir='ltr'><strong>illa</strong></span> <span class='ocrx_word' id='word_1_153' title='bbox 1171 1457 1397 1520; x_wconf 89' lang='lat' dir='ltr'><strong>ibidem</strong></span> <span class='ocrx_word' id='word_1_154' title='bbox 1430 1460 1716 1530; x_wconf 79' lang='lat' dir='ltr'><strong>exstabat,</strong></span> <span class='ocrx_word' id='word_1_155' title='bbox 1754 1460 2068 1522; x_wconf 89' lang='lat' dir='ltr'><strong>militarem</strong></span> <span class='ocrx_word' id='word_1_156' title='bbox 2097 1461 2175 1524; x_wconf 88' lang='lat' dir='ltr'><strong>De</strong></span> 
     </span>
    </p>
   </div>
   <div class='ocr_carea' id='block_1_22' title="bbox 2289 1457 3891 1541">
    <p class='ocr_par' dir='ltr' id='par_1_22' title="bbox 2303 1460 3891 1539">
     <span class='ocr_line' id='line_1_22' title="bbox 2303 1460 3891 1539; baseline -0.001 -22"><span class='ocrx_word' id='word_1_157' title='bbox 2303 1463 2622 1539; x_wconf 76' lang='grc' dir='ltr'>κατόρθωμα</span> <span class='ocrx_word' id='word_1_158' title='bbox 2690 1461 2726 1528; x_wconf 77' lang='grc' dir='ltr'><strong>ἢ</strong></span> <span class='ocrx_word' id='word_1_159' title='bbox 2787 1462 2923 1535; x_wconf 74' lang='grc' dir='ltr'>μετὰ</span> <span class='ocrx_word' id='word_1_160' title='bbox 2981 1463 3111 1517; x_wconf 83' lang='grc' dir='ltr'>Θεὸν</span> <span class='ocrx_word' id='word_1_161' title='bbox 3166 1469 3261 1518; x_wconf 81' lang='grc' dir='ltr'>τυῦ</span> <span class='ocrx_word' id='word_1_162' title='bbox 3314 1460 3637 1519; x_wconf 72' lang='grc' dir='ltr'>διδασκάλου</span> <span class='ocrx_word' id='word_1_163' title='bbox 3689 1466 3776 1526; x_wconf 80' lang='grc' dir='ltr'>τῆς</span> <span class='ocrx_word' id='word_1_164' title='bbox 3817 1464 3891 1516; x_wconf 72' lang='grc' dir='ltr'><strong>τό·</strong></span> 
     </span>
    </p>
   </div>
   <div class='ocr_carea' id='block_1_23' title="bbox 574 1548 2176 1633">
    <p class='ocr_par' dir='ltr' id='par_1_23' title="bbox 574 1548 2176 1633">
     <span class='ocr_line' id='line_1_23' title="bbox 574 1548 2176 1633; baseline 0 -21"><span class='ocrx_word' id='word_1_165' title='bbox 574 1551 775 1615; x_wconf 89' lang='lat' dir='ltr'><strong>metrii</strong></span> <span class='ocrx_word' id='word_1_166' title='bbox 823 1548 1233 1613; x_wconf 86' lang='lat' dir='ltr'><strong>conditionem</strong></span> <span class='ocrx_word' id='word_1_167' title='bbox 1294 1548 1582 1609; x_wconf 90' lang='lat' dir='ltr'><strong>creditam</strong></span> <span class='ocrx_word' id='word_1_168' title='bbox 1642 1548 1850 1625; x_wconf 84' lang='lat' dir='ltr'><strong>fuisse,</strong></span> <span class='ocrx_word' id='word_1_169' title='bbox 1919 1560 2176 1633; x_wconf 87' lang='lat' dir='ltr'><strong>utcunqu</strong></span> 
     </span>
    </p>
   </div>
   <div class='ocr_carea' id='block_1_24' title="bbox 2289 1548 3891 1633">
    <p class='ocr_par' dir='ltr' id='par_1_24' title="bbox 2305 1549 3891 1630">
     <span class='ocr_line' id='line_1_24' title="bbox 2305 1549 3891 1630; baseline 0.001 -27"><span class='ocrx_word' id='word_1_170' title='bbox 2305 1555 2437 1616; x_wconf 82' lang='grc' dir='ltr'>λεως</span> <span class='ocrx_word' id='word_1_171' title='bbox 2625 1549 2756 1628; x_wconf 82' lang='grc' dir='ltr'>Περῖ</span> <span class='ocrx_word' id='word_1_172' title='bbox 2799 1549 2853 1606; x_wconf 79' lang='grc' dir='ltr'>δὲ</span> <span class='ocrx_word' id='word_1_173' title='bbox 2896 1551 3015 1613; x_wconf 83' lang='grc' dir='ltr'>τοὺς</span> <span class='ocrx_word' id='word_1_174' title='bbox 3060 1551 3287 1630; x_wconf 76' lang='grc' dir='ltr'>χρόνους</span> <span class='ocrx_word' id='word_1_175' title='bbox 3343 1573 3439 1607; x_wconf 88' lang='grc' dir='ltr'><strong>του</strong></span> <span class='ocrx_word' id='word_1_176' title='bbox 3482 1551 3745 1629; x_wconf 74' lang='grc' dir='ltr'>μάρτυρος</span> <span class='ocrx_word' id='word_1_177' title='bbox 3793 1551 3891 1628; x_wconf 51' lang='grc' dir='ltr'>σεδ-</span> 
     </span>
    </p>
   </div>
   <div class='ocr_carea' id='block_1_25' title="bbox 575 1635 2177 1717">
    <p class='ocr_par' dir='ltr' id='par_1_25' title="bbox 575 1637 2177 1717">
     <span class='ocr_line' id='line_1_25' title="bbox 575 1637 2177 1717; baseline -0.001 -14"><span class='ocrx_word' id='word_1_178' title='bbox 575 1639 927 1714; x_wconf 85' lang='lat' dir='ltr'><strong>ostendit,at</strong></span> <span class='ocrx_word' id='word_1_179' title='bbox 958 1637 1204 1700; x_wconf 88' lang='lat' dir='ltr'><strong>militem</strong></span> <span class='ocrx_word' id='word_1_180' title='bbox 1241 1637 1398 1698; x_wconf 88' lang='lat' dir='ltr'><strong>hunc</strong></span> <span class='ocrx_word' id='word_1_181' title='bbox 1447 1637 1645 1717; x_wconf 88' lang='lat' dir='ltr'><strong>reipsa</strong></span> <span class='ocrx_word' id='word_1_182' title='bbox 1675 1638 1863 1701; x_wconf 82' lang='lat' dir='ltr'><strong>fuisse</strong></span> <span class='ocrx_word' id='word_1_183' title='bbox 1895 1659 2011 1701; x_wconf 93' lang='lat' dir='ltr'><strong>non</strong></span> <span class='ocrx_word' id='word_1_184' title='bbox 2043 1641 2177 1701; x_wconf 82' lang='lat' dir='ltr'><strong>evin</strong></span> 
     </span>
    </p>
   </div>
   <div class='ocr_carea' id='block_1_26' title="bbox 2289 1635 3891 1717">
    <p class='ocr_par' dir='ltr' id='par_1_26' title="bbox 2301 1635 3891 1717">
     <span class='ocr_line' id='line_1_26' title="bbox 2301 1635 3891 1717; baseline 0.003 -24"><span class='ocrx_word' id='word_1_185' title='bbox 2301 1637 2434 1717; x_wconf 83' lang='grc' dir='ltr'><strong>δρώς</strong></span> <span class='ocrx_word' id='word_1_186' title='bbox 2519 1645 2587 1715; x_wconf 78' lang='grc' dir='ltr'>τῇ</span> <span class='ocrx_word' id='word_1_187' title='bbox 2668 1635 2940 1710; x_wconf 77' lang='grc' dir='ltr'>θεααεϐείᾳ</span> <span class='ocrx_word' id='word_1_188' title='bbox 3019 1642 3046 1694; x_wconf 82' lang='grc' dir='ltr'>ὁ</span> <span class='ocrx_word' id='word_1_189' title='bbox 3155 1639 3520 1714; x_wconf 73' lang='grc' dir='ltr'>ἀντικείμενος</span> <span class='ocrx_word' id='word_1_190' title='bbox 3636 1639 3891 1711; x_wconf 66' lang='grc' dir='ltr'>πιεζόμενος</span> 
     </span>
    </p>
   </div>
   <div class='ocr_carea' id='block_1_27' title="bbox 573 1725 2175 1810">
    <p class='ocr_par' dir='ltr' id='par_1_27' title="bbox 573 1725 2175 1810">
     <span class='ocr_line' id='line_1_27' title="bbox 573 1725 2175 1810; baseline -0.001 -18"><span class='ocrx_word' id='word_1_191' title='bbox 573 1730 676 1793; x_wconf 84' lang='lat' dir='ltr'><strong>cit.</strong></span> <span class='ocrx_word' id='word_1_192' title='bbox 710 1725 1010 1809; x_wconf 87' lang='lat' dir='ltr'><strong>Quidquid</strong></span> <span class='ocrx_word' id='word_1_193' title='bbox 1046 1727 1244 1808; x_wconf 85' lang='lat' dir='ltr'><strong>itaque</strong></span> <span class='ocrx_word' id='word_1_194' title='bbox 1272 1726 1349 1787; x_wconf 92' lang='lat' dir='ltr'><strong>de</strong></span> <span class='ocrx_word' id='word_1_195' title='bbox 1406 1725 1635 1801; x_wconf 87' lang='lat' dir='ltr'><strong>habitu,</strong></span> <span class='ocrx_word' id='word_1_196' title='bbox 1671 1745 1776 1790; x_wconf 86' lang='lat' dir='ltr'><strong>seu</strong></span> <span class='ocrx_word' id='word_1_197' title='bbox 1821 1747 1937 1810; x_wconf 89' lang='lat' dir='ltr'><strong>quo</strong></span> <span class='ocrx_word' id='word_1_198' title='bbox 1966 1727 2175 1792; x_wconf 87' lang='lat' dir='ltr'><strong>Sanctu</strong></span> 
     </span>
    </p>
   </div>
   <div class='ocr_carea' id='block_1_28' title="bbox 2291 1725 3893 1810">
    <p class='ocr_par' dir='ltr' id='par_1_28' title="bbox 2301 1726 3893 1808">
     <span class='ocr_line' id='line_1_28' title="bbox 2301 1726 3893 1808; baseline -0.001 -25"><span class='ocrx_word' id='word_1_199' title='bbox 2301 1726 2623 1808; x_wconf 75' lang='grc' dir='ltr'>σφοδρότερα</span> <span class='ocrx_word' id='word_1_200' title='bbox 2709 1728 3017 1784; x_wconf 71' lang='grc' dir='ltr'><strong>καθώπλισε</strong></span> <span class='ocrx_word' id='word_1_201' title='bbox 3099 1729 3188 1784; x_wconf 79' lang='grc' dir='ltr'><strong>καὶ</strong></span> <span class='ocrx_word' id='word_1_202' title='bbox 3272 1730 3338 1782; x_wconf 73' lang='grc' dir='ltr'>τὰ</span> <span class='ocrx_word' id='word_1_203' title='bbox 3419 1726 3692 1784; x_wconf 70' lang='grc' dir='ltr'>σκάνδαλα</span> <span class='ocrx_word' id='word_1_204' title='bbox 3726 1748 3739 1761; x_wconf 73' lang='grc'><strong><em>⁸</em></strong></span> <span class='ocrx_word' id='word_1_205' title='bbox 3811 1726 3893 1782; x_wconf 60' lang='lat' dir='ltr'><strong>ivi:</strong></span> 
     </span>
    </p>
   </div>
   <div class='ocr_carea' id='block_1_29' title="bbox 574 1815 2176 1901">
    <p class='ocr_par' dir='ltr' id='par_1_29' title="bbox 574 1815 2176 1901">
     <span class='ocr_line' id='line_1_29' title="bbox 574 1815 2176 1901; baseline 0 -20"><span class='ocrx_word' id='word_1_206' title='bbox 574 1817 1056 1901; x_wconf 85' lang='lat' dir='ltr'><strong>apparuerit,seu</strong></span> <span class='ocrx_word' id='word_1_207' title='bbox 1080 1835 1195 1896; x_wconf 91' lang='lat' dir='ltr'><strong>quo</strong></span> <span class='ocrx_word' id='word_1_208' title='bbox 1221 1815 1398 1877; x_wconf 80' lang='lat' dir='ltr'><strong>fuerit</strong></span> <span class='ocrx_word' id='word_1_209' title='bbox 1418 1815 1720 1896; x_wconf 88' lang='lat' dir='ltr'><strong>depictus,</strong></span> <span class='ocrx_word' id='word_1_210' title='bbox 1744 1817 2050 1880; x_wconf 80' lang='lat' dir='ltr'><strong>memoriae</strong></span> <span class='ocrx_word' id='word_1_211' title='bbox 2073 1839 2176 1896; x_wconf 84' lang='lat' dir='ltr'><strong>pro</strong></span> 
     </span>
    </p>
   </div>
   <div class='ocr_carea' id='block_1_30' title="bbox 2290 1815 3892 1901">
    <p class='ocr_par' dir='ltr' id='par_1_30' title="bbox 2302 1816 3892 1896">
     <span class='ocr_line' id='line_1_30' title="bbox 2302 1816 3892 1896; baseline -0.002 -22"><span class='ocrx_word' id='word_1_212' title='bbox 2302 1818 2487 1875; x_wconf 81' lang='grc' dir='ltr'>λοιπὸν</span> <span class='ocrx_word' id='word_1_213' title='bbox 2544 1819 2824 1896; x_wconf 75' lang='grc' dir='ltr'><strong>κηρύσσων</strong></span> <span class='ocrx_word' id='word_1_214' title='bbox 2869 1820 2896 1874; x_wconf 85' lang='grc' dir='ltr'><strong>ὁ</strong></span> <span class='ocrx_word' id='word_1_215' title='bbox 2927 1819 3257 1896; x_wconf 73' lang='grc' dir='ltr'>Θεοπὶροχος</span> <span class='ocrx_word' id='word_1_216' title='bbox 3299 1818 3452 1882; x_wconf 79' lang='grc' dir='ltr'>οὗτος</span> <span class='ocrx_word' id='word_1_217' title='bbox 3505 1825 3616 1873; x_wconf 80' lang='grc' dir='ltr'><strong>τῶν</strong></span> <span class='ocrx_word' id='word_1_218' title='bbox 3671 1816 3892 1874; x_wconf 69' lang='grc' dir='ltr'>Θεσσαλι-</span> 
     </span>
    </p>
   </div>
   <div class='ocr_carea' id='block_1_31' title="bbox 573 1904 2175 1987">
    <p class='ocr_par' dir='ltr' id='par_1_31' title="bbox 573 1905 2175 1987">
     <span class='ocr_line' id='line_1_31' title="bbox 573 1905 2175 1987; baseline 0 -17"><span class='ocrx_word' id='word_1_219' title='bbox 573 1909 762 1970; x_wconf 85' lang='lat' dir='ltr'><strong>dltum</strong></span> <span class='ocrx_word' id='word_1_220' title='bbox 790 1905 1292 1984; x_wconf 86' lang='lat' dir='ltr'><strong>inveniatur,sunt</strong></span> <span class='ocrx_word' id='word_1_221' title='bbox 1324 1912 1545 1978; x_wconf 90' lang='lat' dir='ltr'><strong>tamen,</strong></span> <span class='ocrx_word' id='word_1_222' title='bbox 1573 1922 1946 1987; x_wconf 73' lang='lat' dir='ltr'><strong>quaecunque</strong></span> <span class='ocrx_word' id='word_1_223' title='bbox 1976 1925 2010 1968; x_wconf 88' lang='lat' dir='ltr'><strong>a</strong></span> <span class='ocrx_word' id='word_1_224' title='bbox 2032 1907 2175 1970; x_wconf 78' lang='lat' dir='ltr'><strong>Mela</strong></span> 
     </span>
    </p>
   </div>
   <div class='ocr_carea' id='block_1_32' title="bbox 2292 1904 3894 1987">
    <p class='ocr_par' dir='ltr' id='par_1_32' title="bbox 2301 1904 3894 1986">
     <span class='ocr_line' id='line_1_32' title="bbox 2301 1904 3894 1986; baseline -0.003 -23"><span class='ocrx_word' id='word_1_225' title='bbox 2301 1907 2490 1964; x_wconf 82' lang='grc' dir='ltr'>νικέων</span> <span class='ocrx_word' id='word_1_226' title='bbox 2558 1909 2864 1982; x_wconf 74' lang='grc' dir='ltr'>προστάτης</span> <span class='ocrx_word' id='word_1_227' title='bbox 2939 1907 3034 1962; x_wconf 77' lang='grc' dir='ltr'>καΐ</span> <span class='ocrx_word' id='word_1_228' title='bbox 3124 1910 3408 1986; x_wconf 66' lang='grc' dir='ltr'>σύντροφος</span> <span class='ocrx_word' id='word_1_229' title='bbox 3481 1907 3582 1964; x_wconf 68' lang='grc' dir='ltr'><strong>καί</strong></span> <span class='ocrx_word' id='word_1_230' title='bbox 3638 1904 3894 1965; x_wconf 74' lang='grc' dir='ltr'>διδάσκαλος</span> 
     </span>
    </p>
   </div>
   <div class='ocr_carea' id='block_1_33' title="bbox 575 1992 2177 2078">
    <p class='ocr_par' dir='ltr' id='par_1_33' title="bbox 575 1992 2177 2077">
     <span class='ocr_line' id='line_1_33' title="bbox 575 1992 2177 2077; baseline 0.001 -20"><span class='ocrx_word' id='word_1_231' title='bbox 575 1995 838 2077; x_wconf 90' lang='lat' dir='ltr'><strong>phraste,</strong></span> <span class='ocrx_word' id='word_1_232' title='bbox 874 2001 935 2056; x_wconf 91' lang='lat' dir='ltr'><strong>et</strong></span> <span class='ocrx_word' id='word_1_233' title='bbox 983 1992 1058 2054; x_wconf 89' lang='lat' dir='ltr'><strong>ab</strong></span> <span class='ocrx_word' id='word_1_234' title='bbox 1118 2011 1412 2072; x_wconf 82' lang='lat' dir='ltr'><strong>anonymo</strong></span> <span class='ocrx_word' id='word_1_235' title='bbox 1461 1994 1561 2073; x_wconf 89' lang='lat' dir='ltr'><strong>qui</strong></span> <span class='ocrx_word' id='word_1_236' title='bbox 1619 1994 1674 2055; x_wconf 90' lang='lat' dir='ltr'><strong>ei</strong></span> <span class='ocrx_word' id='word_1_237' title='bbox 1704 1996 1974 2074; x_wconf 64' lang='lat' dir='ltr'><strong>praelusit</strong></span> <span class='ocrx_word' id='word_1_238' title='bbox 2005 2015 2110 2058; x_wconf 93' lang='lat' dir='ltr'><strong>seu</strong></span> <span class='ocrx_word' id='word_1_239' title='bbox 2143 1998 2177 2058; x_wconf 90' lang='lat' dir='ltr'><strong>d</strong></span> 
     </span>
    </p>
   </div>
   <div class='ocr_carea' id='block_1_34' title="bbox 2288 1992 3890 2078">
    <p class='ocr_par' dir='ltr' id='par_1_34' title="bbox 2303 1995 3890 2078">
     <span class='ocr_line' id='line_1_34' title="bbox 2303 1995 3890 2078; baseline -0.003 -26"><span class='ocrx_word' id='word_1_240' title='bbox 2303 1995 2410 2078; x_wconf 77' lang='grc' dir='ltr'>(δεῖ</span> <span class='ocrx_word' id='word_1_241' title='bbox 2469 1999 2570 2075; x_wconf 70' lang='grc' dir='ltr'><strong>γάρ</strong></span> <span class='ocrx_word' id='word_1_242' title='bbox 2627 2021 2742 2071; x_wconf 74' lang='grc' dir='ltr'>μοι,</span> <span class='ocrx_word' id='word_1_243' title='bbox 2788 1999 2881 2052; x_wconf 72' lang='grc' dir='ltr'>τοῦ</span> <span class='ocrx_word' id='word_1_244' title='bbox 2935 1997 3098 2074; x_wconf 79' lang='grc' dir='ltr'>λόγου</span> <span class='ocrx_word' id='word_1_245' title='bbox 3162 1999 3291 2075; x_wconf 85' lang='grc' dir='ltr'>πρὸς</span> <span class='ocrx_word' id='word_1_246' title='bbox 3351 2005 3508 2053; x_wconf 65' lang='grc' dir='ltr'>τοῦτο</span> <span class='ocrx_word' id='word_1_247' title='bbox 3573 1998 3890 2076; x_wconf 66' lang='grc' dir='ltr'>χωρήσαντος,</span> 
     </span>
    </p>
   </div>
   <div class='ocr_carea' id='block_1_35' title="bbox 573 2082 2175 2164">
    <p class='ocr_par' dir='ltr' id='par_1_35' title="bbox 573 2082 2172 2164">
     <span class='ocr_line' id='line_1_35' title="bbox 573 2082 2172 2164; baseline 0.001 -16"><span class='ocrx_word' id='word_1_248' title='bbox 573 2083 876 2148; x_wconf 87' lang='lat' dir='ltr'><strong>consulari</strong></span> <span class='ocrx_word' id='word_1_249' title='bbox 901 2082 1100 2146; x_wconf 88' lang='lat' dir='ltr'><strong>Sancti</strong></span> <span class='ocrx_word' id='word_1_250' title='bbox 1137 2082 1448 2162; x_wconf 72' lang='lat' dir='ltr'><strong>dignitate,</strong></span> <span class='ocrx_word' id='word_1_251' title='bbox 1477 2101 1585 2144; x_wconf 90' lang='lat' dir='ltr'><strong>seu</strong></span> <span class='ocrx_word' id='word_1_252' title='bbox 1619 2082 1697 2144; x_wconf 90' lang='lat' dir='ltr'><strong>de</strong></span> <span class='ocrx_word' id='word_1_253' title='bbox 1729 2084 1916 2164; x_wconf 83' lang='lat' dir='ltr'><strong>posito</strong></span> <span class='ocrx_word' id='word_1_254' title='bbox 1943 2085 2017 2148; x_wconf 91' lang='lat' dir='ltr'><strong>ab</strong></span> <span class='ocrx_word' id='word_1_255' title='bbox 2052 2106 2122 2148; x_wconf 91' lang='lat' dir='ltr'><strong>eo</strong></span> <span class='ocrx_word' id='word_1_256' title='bbox 2155 2087 2172 2148; x_wconf 92' lang='lat' dir='ltr'><strong>i</strong></span> 
     </span>
    </p>
   </div>
   <div class='ocr_carea' id='block_1_36' title="bbox 2290 2082 3892 2164">
    <p class='ocr_par' dir='ltr' id='par_1_36' title="bbox 2298 2084 3892 2164">
     <span class='ocr_line' id='line_1_36' title="bbox 2298 2084 3892 2164; baseline -0.001 -25"><span class='ocrx_word' id='word_1_257' title='bbox 2298 2089 2600 2161; x_wconf 75' lang='grc' dir='ltr'>μνησθῆναι</span> <span class='ocrx_word' id='word_1_258' title='bbox 2676 2091 2762 2142; x_wconf 81' lang='grc' dir='ltr'><strong>καὶ</strong></span> <span class='ocrx_word' id='word_1_259' title='bbox 2838 2091 3142 2159; x_wconf 63' lang='grc' dir='ltr'>(θαυμαστοῦ</span> <span class='ocrx_word' id='word_1_260' title='bbox 3222 2084 3608 2164; x_wconf 79' lang='grc' dir='ltr'>διηγήματος,</span> <span class='ocrx_word' id='word_1_261' title='bbox 3686 2085 3714 2140; x_wconf 76' lang='grc' dir='ltr'><strong>’ὃ</strong></span> <span class='ocrx_word' id='word_1_262' title='bbox 3789 2084 3892 2159; x_wconf 66' lang='grc' dir='ltr'>περὶ</span> 
     </span>
    </p>
   </div>
   <div class='ocr_carea' id='block_1_37' title="bbox 571 2172 2173 2255">
    <p class='ocr_par' dir='ltr' id='par_1_37' title="bbox 571 2172 2173 2252">
     <span class='ocr_line' id='line_1_37' title="bbox 571 2172 2173 2252; baseline 0 -14"><span class='ocrx_word' id='word_1_263' title='bbox 571 2183 698 2238; x_wconf 79' lang='lat' dir='ltr'><strong>arte</strong></span> <span class='ocrx_word' id='word_1_264' title='bbox 727 2173 965 2236; x_wconf 89' lang='lat' dir='ltr'><strong>militari</strong></span> <span class='ocrx_word' id='word_1_265' title='bbox 992 2172 1192 2234; x_wconf 84' lang='lat' dir='ltr'><strong>studio</strong></span> <span class='ocrx_word' id='word_1_266' title='bbox 1222 2172 1776 2252; x_wconf 89' lang='lat' dir='ltr'><strong>dicuntur,omnino</strong></span> <span class='ocrx_word' id='word_1_267' title='bbox 1810 2175 2056 2237; x_wconf 86' lang='lat' dir='ltr'><strong>incerta.</strong></span> <span class='ocrx_word' id='word_1_268' title='bbox 2094 2175 2173 2239; x_wconf 86' lang='lat' dir='ltr'><strong>Ve</strong></span> 
     </span>
    </p>
   </div>
   <div class='ocr_carea' id='block_1_38' title="bbox 2285 2172 3887 2255">
    <p class='ocr_par' dir='ltr' id='par_1_38' title="bbox 2297 2173 3887 2255">
     <span class='ocr_line' id='line_1_38' title="bbox 2297 2173 3887 2255; baseline -0.001 -22"><span class='ocrx_word' id='word_1_269' title='bbox 2297 2177 2540 2255; x_wconf 81' lang='grc' dir='ltr'>πατέρων</span> <span class='ocrx_word' id='word_1_270' title='bbox 2597 2175 2828 2254; x_wconf 71' lang='grc' dir='ltr'>ἀνήκοα)</span> <span class='ocrx_word' id='word_1_271' title='bbox 2909 2176 3140 2255; x_wconf 65' lang='grc' dir='ltr'>ἐπλήρου</span> <span class='ocrx_word' id='word_1_272' title='bbox 3213 2177 3314 2244; x_wconf 75' lang='grc' dir='ltr'>τὴν</span> <span class='ocrx_word' id='word_1_273' title='bbox 3397 2175 3564 2233; x_wconf 86' lang='grc' dir='ltr'>πόλιν</span> <span class='ocrx_word' id='word_1_274' title='bbox 3621 2173 3887 2255; x_wconf 75' lang='grc' dir='ltr'>ὀρθοδοξίις.</span> 
     </span>
    </p>
   </div>
   <div class='ocr_carea' id='block_1_39' title="bbox 571 2260 2173 2344">
    <p class='ocr_par' dir='ltr' id='par_1_39' title="bbox 571 2260 2168 2344">
     <span class='ocr_line' id='line_1_39' title="bbox 571 2260 2168 2344; baseline 0.001 -17"><span class='ocrx_word' id='word_1_275' title='bbox 571 2283 706 2327; x_wconf 88' lang='lat' dir='ltr'><strong>rum</strong></span> <span class='ocrx_word' id='word_1_276' title='bbox 727 2265 899 2326; x_wconf 85' lang='lat' dir='ltr'><strong>aliter</strong></span> <span class='ocrx_word' id='word_1_277' title='bbox 917 2263 995 2326; x_wconf 91' lang='lat' dir='ltr'><strong>de</strong></span> <span class='ocrx_word' id='word_1_278' title='bbox 1017 2269 1246 2324; x_wconf 78' lang='lat' dir='ltr'><strong>asserto</strong></span> <span class='ocrx_word' id='word_1_279' title='bbox 1269 2261 1341 2324; x_wconf 89' lang='lat' dir='ltr'><strong>ab</strong></span> <span class='ocrx_word' id='word_1_280' title='bbox 1363 2260 1572 2324; x_wconf 83' lang='lat' dir='ltr'><strong>iisdem</strong></span> <span class='ocrx_word' id='word_1_281' title='bbox 1596 2261 2002 2344; x_wconf 79' lang='lat' dir='ltr'><strong>imperterrita</strong></span> <span class='ocrx_word' id='word_1_282' title='bbox 2015 2265 2168 2329; x_wconf 87' lang='lat' dir='ltr'><strong>Sanc</strong></span> 
     </span>
    </p>
   </div>
   <div class='ocr_carea' id='block_1_40' title="bbox 2285 2260 3887 2344">
    <p class='ocr_par' dir='ltr' id='par_1_40' title="bbox 2295 2264 3887 2344">
     <span class='ocr_line' id='line_1_40' title="bbox 2295 2264 3887 2344; baseline -0.003 -23"><span class='ocrx_word' id='word_1_283' title='bbox 2295 2267 2383 2321; x_wconf 80' lang='grc' dir='ltr'>καὶ</span> <span class='ocrx_word' id='word_1_284' title='bbox 2439 2268 2559 2326; x_wconf 77' lang='grc' dir='ltr'>τοὺς</span> <span class='ocrx_word' id='word_1_285' title='bbox 2629 2264 3021 2330; x_wconf 68' lang='grc' dir='ltr'>ἀντιδοξοῦντας</span> <span class='ocrx_word' id='word_1_286' title='bbox 3081 2265 3420 2344; x_wconf 72' lang='grc' dir='ltr'>ἐχώννυε....</span> <span class='ocrx_word' id='word_1_287' title='bbox 3483 2267 3548 2323; x_wconf 86' lang='grc' dir='ltr'>Τί</span> <span class='ocrx_word' id='word_1_288' title='bbox 3611 2264 3665 2319; x_wconf 76' lang='grc' dir='ltr'>δὲ</span> <span class='ocrx_word' id='word_1_289' title='bbox 3718 2265 3793 2318; x_wconf 78' lang='grc' dir='ltr'><strong>καὶ</strong></span> <span class='ocrx_word' id='word_1_290' title='bbox 3845 2266 3887 2316; x_wconf 69' lang='grc' dir='ltr'>τὸ</span> 
     </span>
    </p>
   </div>
   <div class='ocr_carea' id='block_1_41' title="bbox 570 2351 2172 2436">
    <p class='ocr_par' dir='ltr' id='par_1_41' title="bbox 570 2351 2170 2436">
     <span class='ocr_line' id='line_1_41' title="bbox 570 2351 2170 2436; baseline 0.001 -19"><span class='ocrx_word' id='word_1_291' title='bbox 570 2356 634 2418; x_wconf 92' lang='lat' dir='ltr'><strong>in</strong></span> <span class='ocrx_word' id='word_1_292' title='bbox 664 2353 1038 2436; x_wconf 71' lang='lat' dir='ltr'><strong>pmdicanda</strong></span> <span class='ocrx_word' id='word_1_293' title='bbox 1068 2351 1286 2415; x_wconf 82' lang='lat' dir='ltr'><strong>Christi</strong></span> <span class='ocrx_word' id='word_1_294' title='bbox 1323 2351 1441 2414; x_wconf 78' lang='lat' dir='ltr'><strong>[ide</strong></span> <span class='ocrx_word' id='word_1_295' title='bbox 1470 2352 1687 2415; x_wconf 89' lang='lat' dir='ltr'><strong>ardore</strong></span> <span class='ocrx_word' id='word_1_296' title='bbox 1729 2352 2051 2433; x_wconf 86' lang='lat' dir='ltr'><strong>fructuque</strong></span> <span class='ocrx_word' id='word_1_297' title='bbox 2094 2376 2170 2419; x_wconf 92' lang='lat' dir='ltr'><strong>no</strong></span> 
     </span>
    </p>
   </div>
   <div class='ocr_carea' id='block_1_42' title="bbox 2281 2351 3883 2436">
    <p class='ocr_par' dir='ltr' id='par_1_42' title="bbox 2295 2352 3883 2434">
     <span class='ocr_line' id='line_1_42' title="bbox 2295 2352 3883 2434; baseline -0.002 -26"><span class='ocrx_word' id='word_1_298' title='bbox 2295 2352 2536 2430; x_wconf 71' lang='grc' dir='ltr'>διήγημα</span> <span class='ocrx_word' id='word_1_299' title='bbox 2573 2374 2589 2428; x_wconf 86' lang='grc'>;</span> <span class='ocrx_word' id='word_1_300' title='bbox 2641 2355 3023 2430; x_wconf 46' lang='lat' dir='ltr'><strong>Tigranen&quot;</strong></span> <span class='ocrx_word' id='word_1_301' title='bbox 3077 2355 3219 2432; x_wconf 81' lang='grc' dir='ltr'>παρᾶ</span> <span class='ocrx_word' id='word_1_302' title='bbox 3263 2361 3371 2410; x_wconf 82' lang='grc' dir='ltr'>τῶν</span> <span class='ocrx_word' id='word_1_303' title='bbox 3419 2360 3693 2434; x_wconf 75' lang='grc' dir='ltr'>νουνεχῶς</span> <span class='ocrx_word' id='word_1_304' title='bbox 3719 2354 3775 2408; x_wconf 74' lang='grc' dir='ltr'><strong>τὰ</strong></span> <span class='ocrx_word' id='word_1_305' title='bbox 3799 2357 3883 2408; x_wconf 75' lang='grc' dir='ltr'>θεῒι</span> 
     </span>
    </p>
   </div>
   <div class='ocr_carea' id='block_1_43' title="bbox 569 2441 2171 2522">
    <p class='ocr_par' dir='ltr' id='par_1_43' title="bbox 569 2441 2171 2521">
     <span class='ocr_line' id='line_1_43' title="bbox 569 2441 2171 2521; baseline 0 -15"><span class='ocrx_word' id='word_1_306' title='bbox 569 2444 830 2517; x_wconf 89' lang='lat' dir='ltr'><strong>modico,</strong></span> <span class='ocrx_word' id='word_1_307' title='bbox 866 2442 1073 2505; x_wconf 88' lang='lat' dir='ltr'><strong>multis</strong></span> <span class='ocrx_word' id='word_1_308' title='bbox 1102 2441 1178 2504; x_wconf 90' lang='lat' dir='ltr'><strong>ad</strong></span> <span class='ocrx_word' id='word_1_309' title='bbox 1206 2441 1513 2506; x_wconf 80' lang='lat' dir='ltr'><strong>Christum</strong></span> <span class='ocrx_word' id='word_1_310' title='bbox 1545 2444 1869 2521; x_wconf 78' lang='lat' dir='ltr'><strong>conversis,</strong></span> <span class='ocrx_word' id='word_1_311' title='bbox 1903 2444 2094 2508; x_wconf 89' lang='lat' dir='ltr'><strong>relato</strong></span> <span class='ocrx_word' id='word_1_312' title='bbox 2125 2465 2171 2509; x_wconf 74' lang='grc' dir='ltr'>σε</span> 
     </span>
    </p>
   </div>
   <div class='ocr_carea' id='block_1_44' title="bbox 2282 2441 3884 2522">
    <p class='ocr_par' dir='ltr' id='par_1_44' title="bbox 2293 2441 3884 2522">
     <span class='ocr_line' id='line_1_44' title="bbox 2293 2441 3884 2522; baseline -0.002 -24"><span class='ocrx_word' id='word_1_313' title='bbox 2293 2441 2726 2522; x_wconf 77' lang='grc' dir='ltr'>διακριϐούντων,</span> <span class='ocrx_word' id='word_1_314' title='bbox 2787 2444 2944 2500; x_wconf 75' lang='grc' dir='ltr'>πόθεν</span> <span class='ocrx_word' id='word_1_315' title='bbox 3001 2445 3036 2512; x_wconf 80' lang='grc' dir='ltr'><strong>ἡ</strong></span> <span class='ocrx_word' id='word_1_316' title='bbox 3095 2445 3213 2520; x_wconf 81' lang='grc' dir='ltr'>περὶ</span> <span class='ocrx_word' id='word_1_317' title='bbox 3268 2446 3360 2500; x_wconf 79' lang='grc' dir='ltr'><strong>τὸν</strong></span> <span class='ocrx_word' id='word_1_318' title='bbox 3410 2443 3696 2522; x_wconf 74' lang='grc' dir='ltr'>φιλόπολιν</span> <span class='ocrx_word' id='word_1_319' title='bbox 3743 2443 3884 2497; x_wconf 70' lang='grc' dir='ltr'>τοῦτον</span> 
     </span>
    </p>
   </div>
   <div class='ocr_carea' id='block_1_45' title="bbox 566 2530 3879 2615">
    <p class='ocr_par' dir='ltr' id='par_1_45' title="bbox 566 2530 3879 2615">
     <span class='ocr_line' id='line_1_45' title="bbox 566 2530 3879 2615; baseline -0.004 -20"><span class='ocrx_word' id='word_1_320' title='bbox 566 2533 958 2615; x_wconf 84' lang='lat' dir='ltr'><strong>loquendum.</strong></span> <span class='ocrx_word' id='word_1_321' title='bbox 2294 2537 2380 2590; x_wconf 82' lang='grc' dir='ltr'>καὶ</span> <span class='ocrx_word' id='word_1_322' title='bbox 2435 2537 2727 2612; x_wconf 66' lang='grc' dir='ltr'>θεοστρεφῆ</span> <span class='ocrx_word' id='word_1_323' title='bbox 2773 2535 3010 2609; x_wconf 68' lang='grc' dir='ltr'>μάρτυρα</span> <span class='ocrx_word' id='word_1_324' title='bbox 3065 2532 3221 2612; x_wconf 76' lang='grc' dir='ltr'>φήμη</span> <span class='ocrx_word' id='word_1_325' title='bbox 3271 2533 3356 2590; x_wconf 76' lang='grc' dir='ltr'><strong>ἐπὶ</strong></span> <span class='ocrx_word' id='word_1_326' title='bbox 3416 2542 3672 2589; x_wconf 70' lang='grc' dir='ltr'>τοσοῦτον</span> <span class='ocrx_word' id='word_1_327' title='bbox 3721 2530 3879 2606; x_wconf 70' lang='grc' dir='ltr'>διεδρεί-</span> 
     </span>
    </p>
   </div>
   <div class='ocr_carea' id='block_1_46' title="bbox 649 2618 2251 2705">
    <p class='ocr_par' dir='ltr' id='par_1_46' title="bbox 649 2618 2212 2705">
     <span class='ocr_line' id='line_1_46' title="bbox 649 2618 2212 2705; baseline 0 -18"><span class='ocrx_word' id='word_1_328' title='bbox 649 2627 750 2687; x_wconf 86' lang='lat'><strong>3‘1.</strong></span> <span class='ocrx_word' id='word_1_329' title='bbox 777 2622 899 2686; x_wconf 84' lang='lat' dir='ltr'><strong>Hac</strong></span> <span class='ocrx_word' id='word_1_330' title='bbox 918 2621 1080 2684; x_wconf 89' lang='lat' dir='ltr'><strong>enim</strong></span> <span class='ocrx_word' id='word_1_331' title='bbox 1103 2618 1166 2684; x_wconf 88' lang='lat' dir='ltr'><strong>in</strong></span> <span class='ocrx_word' id='word_1_332' title='bbox 1189 2638 1255 2682; x_wconf 91' lang='lat' dir='ltr'><strong>re</strong></span> <span class='ocrx_word' id='word_1_333' title='bbox 1279 2637 1398 2682; x_wconf 87' lang='lat' dir='ltr'><strong>non</strong></span> <span class='ocrx_word' id='word_1_334' title='bbox 1419 2627 1646 2683; x_wconf 88' lang='lat' dir='ltr'><strong>tantum</strong></span> <span class='ocrx_word' id='word_1_335' title='bbox 1670 2623 1820 2687; x_wconf 87' lang='lat' dir='ltr'><strong>duas</strong></span> <span class='ocrx_word' id='word_1_336' title='bbox 1844 2623 2212 2705; x_wconf 64' lang='lat' dir='ltr'><strong>antiquiores</strong></span> 
     </span>
    </p>
   </div>
   <div class='ocr_carea' id='block_1_47' title="bbox 2276 2618 3878 2705">
    <p class='ocr_par' dir='ltr' id='par_1_47' title="bbox 2295 2620 3878 2701">
     <span class='ocr_line' id='line_1_47' title="bbox 2295 2620 3878 2701; baseline -0.003 -24"><span class='ocrx_word' id='word_1_337' title='bbox 2295 2644 2415 2701; x_wconf 64' lang='grc' dir='ltr'>μεν,</span> <span class='ocrx_word' id='word_1_338' title='bbox 2466 2624 2537 2687; x_wconf 81' lang='grc' dir='ltr'>ὡς</span> <span class='ocrx_word' id='word_1_339' title='bbox 2597 2626 2679 2678; x_wconf 68' lang='lat' dir='ltr'><strong>mi</strong></span> <span class='ocrx_word' id='word_1_340' title='bbox 2738 2622 3175 2700; x_wconf 75' lang='grc' dir='ltr'>μεγιλυνομένης</span> <span class='ocrx_word' id='word_1_341' title='bbox 3233 2622 3399 2690; x_wconf 60' lang='grc' dir='ltr'><strong>αὸτῆς</strong></span> <span class='ocrx_word' id='word_1_342' title='bbox 3458 2626 3522 2678; x_wconf 75' lang='grc' dir='ltr'>τὸ</span> <span class='ocrx_word' id='word_1_343' title='bbox 3551 2624 3798 2699; x_wconf 72' lang='grc' dir='ltr'>βὶσκανον</span> <span class='ocrx_word' id='word_1_344' title='bbox 3819 2620 3878 2681; x_wconf 69' lang='grc' dir='ltr'>οὖς</span> 
     </span>
    </p>
   </div>
   <div class='ocr_carea' id='block_1_48' title="bbox 567 2708 2169 2791">
    <p class='ocr_par' dir='ltr' id='par_1_48' title="bbox 567 2708 2169 2786">
     <span class='ocr_line' id='line_1_48' title="bbox 567 2708 2169 2786; baseline -0.001 -8"><span class='ocrx_word' id='word_1_345' title='bbox 567 2713 771 2778; x_wconf 86' lang='lat' dir='ltr'><strong>Sancti</strong></span> <span class='ocrx_word' id='word_1_346' title='bbox 796 2713 964 2772; x_wconf 86' lang='lat' dir='ltr'><strong>Vitas</strong></span> <span class='ocrx_word' id='word_1_347' title='bbox 992 2729 1099 2772; x_wconf 91' lang='lat' dir='ltr'><strong>seu</strong></span> <span class='ocrx_word' id='word_1_348' title='bbox 1128 2708 1469 2786; x_wconf 82' lang='lat' dir='ltr'><strong>Passiones,</strong></span> <span class='ocrx_word' id='word_1_349' title='bbox 1500 2710 1854 2775; x_wconf 86' lang='lat' dir='ltr'><strong>Photianum</strong></span> <span class='ocrx_word' id='word_1_350' title='bbox 1885 2713 2117 2776; x_wconf 87' lang='lat' dir='ltr'><strong>scilicet</strong></span> <span class='ocrx_word' id='word_1_351' title='bbox 2157 2737 2169 2775; x_wconf 78' lang='grc' dir='ltr'><strong>ι</strong></span> 
     </span>
    </p>
   </div>
   <div class='ocr_carea' id='block_1_49' title="bbox 2275 2708 3877 2791">
    <p class='ocr_par' dir='ltr' id='par_1_49' title="bbox 2295 2709 3877 2791">
     <span class='ocr_line' id='line_1_49' title="bbox 2295 2709 3877 2791; baseline -0.005 -22"><span class='ocrx_word' id='word_1_352' title='bbox 2295 2711 2677 2789; x_wconf 75' lang='grc' dir='ltr'>παροξυνθῆναι</span> <span class='ocrx_word' id='word_1_353' title='bbox 2752 2723 2844 2770; x_wconf 86' lang='grc' dir='ltr'>τοὺ</span> <span class='ocrx_word' id='word_1_354' title='bbox 2917 2719 3293 2791; x_wconf 66' lang='grc' dir='ltr'>τυραννοῦντος</span> <span class='ocrx_word' id='word_1_355' title='bbox 3369 2715 3595 2769; x_wconf 70' lang='grc' dir='ltr'>ὶνταῦθα</span> <span class='ocrx_word' id='word_1_356' title='bbox 3649 2710 3759 2768; x_wconf 84' lang='grc' dir='ltr'>τότε</span> <span class='ocrx_word' id='word_1_357' title='bbox 3806 2709 3877 2763; x_wconf 65' lang='lat' dir='ltr'><strong>6d-</strong></span> 
     </span>
    </p>
   </div>
   <div class='ocr_carea' id='block_1_50' title="bbox 567 2797 2169 2881">
    <p class='ocr_par' dir='ltr' id='par_1_50' title="bbox 567 2797 2169 2880">
     <span class='ocr_line' id='line_1_50' title="bbox 567 2797 2169 2880; baseline 0 -14"><span class='ocrx_word' id='word_1_358' title='bbox 567 2799 1046 2878; x_wconf 83' lang='lat' dir='ltr'><strong>Anastasianam,</strong></span> <span class='ocrx_word' id='word_1_359' title='bbox 1095 2797 1211 2859; x_wconf 86' lang='lat' dir='ltr'><strong>sibi</strong></span> <span class='ocrx_word' id='word_1_360' title='bbox 1265 2798 1660 2880; x_wconf 78' lang='lat' dir='ltr'><strong>suﬂ’ragantes</strong></span> <span class='ocrx_word' id='word_1_361' title='bbox 1710 2801 1950 2878; x_wconf 85' lang='lat' dir='ltr'><strong>habent,</strong></span> <span class='ocrx_word' id='word_1_362' title='bbox 2006 2821 2169 2866; x_wconf 71' lang='grc' dir='ltr'>νει-ιιι</span> 
     </span>
    </p>
   </div>
   <div class='ocr_carea' id='block_1_51' title="bbox 2274 2797 3876 2881">
    <p class='ocr_par' dir='ltr' id='par_1_51' title="bbox 2295 2797 3876 2881">
     <span class='ocr_line' id='line_1_51' title="bbox 2295 2797 3876 2881; baseline -0.004 -24"><span class='ocrx_word' id='word_1_363' title='bbox 2295 2823 2484 2880; x_wconf 66' lang='grc' dir='ltr'>γοντος</span> <span class='ocrx_word' id='word_1_364' title='bbox 2518 2818 2533 2832; x_wconf 87' lang='grc'><strong>⁸</strong></span> <span class='ocrx_word' id='word_1_365' title='bbox 2601 2803 2686 2858; x_wconf 71' lang='grc' dir='ltr'>οιαὶ</span> <span class='ocrx_word' id='word_1_366' title='bbox 2738 2801 2973 2881; x_wconf 69' lang='grc' dir='ltr'>ἐλέγετο,</span> <span class='ocrx_word' id='word_1_367' title='bbox 3025 2803 3098 2864; x_wconf 81' lang='grc' dir='ltr'>ὡς</span> <span class='ocrx_word' id='word_1_368' title='bbox 3157 2803 3216 2857; x_wconf 73' lang='grc' dir='ltr'>οὗ</span> <span class='ocrx_word' id='word_1_369' title='bbox 3272 2812 3531 2861; x_wconf 81' lang='grc' dir='ltr'>τοσοῦτον</span> <span class='ocrx_word' id='word_1_370' title='bbox 3593 2801 3653 2856; x_wconf 71' lang='grc' dir='ltr'><strong>ἐκ</strong></span> <span class='ocrx_word' id='word_1_371' title='bbox 3705 2800 3793 2856; x_wconf 80' lang='grc' dir='ltr'><strong>τῶν</strong></span> <span class='ocrx_word' id='word_1_372' title='bbox 3824 2797 3876 2850; x_wconf 71' lang='grc' dir='ltr'><strong>διὰ</strong></span> 
     </span>
    </p>
   </div>
   <div class='ocr_carea' id='block_1_52' title="bbox 568 2885 2170 2970">
    <p class='ocr_par' dir='ltr' id='par_1_52' title="bbox 568 2887 2170 2967">
     <span class='ocr_line' id='line_1_52' title="bbox 568 2887 2170 2967; baseline -0.002 -12"><span class='ocrx_word' id='word_1_373' title='bbox 568 2893 750 2955; x_wconf 89' lang='lat' dir='ltr'><strong>etiam</strong></span> <span class='ocrx_word' id='word_1_374' title='bbox 781 2892 841 2951; x_wconf 91' lang='lat' dir='ltr'><strong>in</strong></span> <span class='ocrx_word' id='word_1_375' title='bbox 873 2887 1148 2949; x_wconf 87' lang='lat' dir='ltr'><strong>inchoato</strong></span> <span class='ocrx_word' id='word_1_376' title='bbox 1180 2887 1349 2951; x_wconf 90' lang='lat' dir='ltr'><strong>hisce</strong></span> <span class='ocrx_word' id='word_1_377' title='bbox 1405 2889 1631 2966; x_wconf 78' lang='lat' dir='ltr'><strong>verbis,</strong></span> <span class='ocrx_word' id='word_1_378' title='bbox 1686 2895 1921 2967; x_wconf 73' lang='grc' dir='ltr'>Μνήμην</span> <span class='ocrx_word' id='word_1_379' title='bbox 1969 2893 2170 2952; x_wconf 79' lang='grc' dir='ltr'>διχαίω·</span> 
     </span>
    </p>
   </div>
   <div class='ocr_carea' id='block_1_53' title="bbox 2271 2885 3873 2970">
    <p class='ocr_par' dir='ltr' id='par_1_53' title="bbox 2295 2885 3873 2970">
     <span class='ocr_line' id='line_1_53' title="bbox 2295 2885 3873 2970; baseline -0.003 -22"><span class='ocrx_word' id='word_1_380' title='bbox 2295 2896 2608 2970; x_wconf 75' lang='grc' dir='ltr'>προσευχῆς</span> <span class='ocrx_word' id='word_1_381' title='bbox 2666 2892 2909 2966; x_wconf 79' lang='grc' dir='ltr'>ἰωμένων</span> <span class='ocrx_word' id='word_1_382' title='bbox 3001 2893 3289 2966; x_wconf 76' lang='grc' dir='ltr'>σωμάτων,</span> <span class='ocrx_word' id='word_1_383' title='bbox 3380 2892 3510 2949; x_wconf 80' lang='grc' dir='ltr'>ὅσον</span> <span class='ocrx_word' id='word_1_384' title='bbox 3569 2892 3630 2948; x_wconf 74' lang='grc' dir='ltr'><strong>ἐκ</strong></span> <span class='ocrx_word' id='word_1_385' title='bbox 3681 2897 3774 2946; x_wconf 77' lang='grc' dir='ltr'>τῶν</span> <span class='ocrx_word' id='word_1_386' title='bbox 3823 2885 3873 2940; x_wconf 70' lang='grc' dir='ltr'><strong>ξεὲ</strong></span> 
     </span>
    </p>
   </div>
   <div class='ocr_carea' id='block_1_54' title="bbox 569 2976 2171 3062">
    <p class='ocr_par' dir='ltr' id='par_1_54' title="bbox 569 2976 2171 3060">
     <span class='ocr_line' id='line_1_54' title="bbox 569 2976 2171 3060; baseline -0.001 -14"><span class='ocrx_word' id='word_1_387' title='bbox 569 2980 771 3046; x_wconf 80' lang='lat' dir='ltr'><strong>Sancti</strong></span> <span class='ocrx_word' id='word_1_388' title='bbox 802 2978 1015 3059; x_wconf 87' lang='lat' dir='ltr'><strong>nostri,</strong></span> <span class='ocrx_word' id='word_1_389' title='bbox 1047 2977 1206 3056; x_wconf 90' lang='lat' dir='ltr'><strong>quod</strong></span> <span class='ocrx_word' id='word_1_390' title='bbox 1245 2976 1464 3059; x_wconf 66' lang='lat' dir='ltr'><strong>saepius</strong></span> <span class='ocrx_word' id='word_1_391' title='bbox 1489 2979 1612 3060; x_wconf 89' lang='lat' dir='ltr'><strong>jam</strong></span> <span class='ocrx_word' id='word_1_392' title='bbox 1644 2979 1902 3060; x_wconf 83' lang='lat' dir='ltr'><strong>laudavi,</strong></span> <span class='ocrx_word' id='word_1_393' title='bbox 1941 2985 2171 3045; x_wconf 89' lang='lat' dir='ltr'><strong>encomi</strong></span> 
     </span>
    </p>
   </div>
   <div class='ocr_carea' id='block_1_55' title="bbox 1621 2976 3223 3062">
    <p class='ocr_par' dir='ltr' id='par_1_55' title="bbox 1644 2979 3223 3062">
     <span class='ocr_line' id='line_1_55' title="bbox 1644 2979 3223 3062; baseline -0.003 -22"><span class='ocrx_word' id='word_1_394' title='bbox 1644 2979 1902 3060; x_wconf 84' lang='lat' dir='ltr'><strong>laudavi,</strong></span> <span class='ocrx_word' id='word_1_395' title='bbox 1941 2985 2212 3046; x_wconf 87' lang='lat' dir='ltr'><strong>encomio</strong></span> <span class='ocrx_word' id='word_1_396' title='bbox 2295 2980 2522 3060; x_wconf 74' lang='grc' dir='ltr'>διδαχῆς</span> <span class='ocrx_word' id='word_1_397' title='bbox 2554 2981 2978 3060; x_wconf 70' lang='grc' dir='ltr'>καθιριζομὲνων</span> <span class='ocrx_word' id='word_1_398' title='bbox 3008 2987 3223 3062; x_wconf 76' lang='grc' dir='ltr'>ψυχῶν.</span> 
     </span>
    </p>
   </div>
   <div class='ocr_carea' id='block_1_56' title="bbox 568 3067 2170 3153">
    <p class='ocr_par' dir='ltr' id='par_1_56' title="bbox 568 3067 2170 3153">
     <span class='ocr_line' id='line_1_56' title="bbox 568 3067 2170 3153; baseline 0 -18"><span class='ocrx_word' id='word_1_399' title='bbox 568 3073 880 3143; x_wconf 80' lang='lat' dir='ltr'><strong>Joannem,</strong></span> <span class='ocrx_word' id='word_1_400' title='bbox 913 3067 1510 3130; x_wconf 81' lang='lat' dir='ltr'><strong>Thessalonicensem</strong></span> <span class='ocrx_word' id='word_1_401' title='bbox 1542 3071 2089 3153; x_wconf 85' lang='lat' dir='ltr'><strong>archiepiscopum.</strong></span> <span class='ocrx_word' id='word_1_402' title='bbox 2128 3075 2170 3136; x_wconf 88' lang='lat' dir='ltr'><strong>A</strong></span> 
     </span>
    </p>
   </div>
   <div class='ocr_carea' id='block_1_57' title="bbox 2270 3067 3872 3153">
    <p class='ocr_par' dir='ltr' id='par_1_57' title="bbox 2377 3069 3872 3151">
     <span class='ocr_line' id='line_1_57' title="bbox 2377 3069 3872 3151; baseline -0.008 -19"><span class='ocrx_word' id='word_1_403' title='bbox 2377 3070 2475 3133; x_wconf 87' lang='lat'><strong>39.</strong></span> <span class='ocrx_word' id='word_1_404' title='bbox 2536 3069 2632 3134; x_wconf 75' lang='grc' dir='ltr'>Ὠς</span> <span class='ocrx_word' id='word_1_405' title='bbox 2687 3073 2786 3149; x_wconf 76' lang='grc' dir='ltr'>γὰρ</span> <span class='ocrx_word' id='word_1_406' title='bbox 2843 3070 2896 3136; x_wconf 77' lang='grc' dir='ltr'><strong>ἐξ</strong></span> <span class='ocrx_word' id='word_1_407' title='bbox 2937 3071 3102 3128; x_wconf 78' lang='grc' dir='ltr'>ὕπνου</span> <span class='ocrx_word' id='word_1_408' title='bbox 3156 3071 3413 3151; x_wconf 73' lang='grc' dir='ltr'>διήγειρε,</span> <span class='ocrx_word' id='word_1_409' title='bbox 3461 3075 3555 3130; x_wconf 78' lang='grc' dir='ltr'>καὶ</span> <span class='ocrx_word' id='word_1_410' title='bbox 3597 3075 3669 3138; x_wconf 86' lang='grc' dir='ltr'><strong>ὡς</strong></span> <span class='ocrx_word' id='word_1_411' title='bbox 3713 3069 3764 3126; x_wconf 54' lang='lat' dir='ltr'><strong>is</strong></span> <span class='ocrx_word' id='word_1_412' title='bbox 3784 3069 3872 3144; x_wconf 68' lang='grc' dir='ltr'>βορ-</span> 
     </span>
    </p>
   </div>
   <div class='ocr_carea' id='block_1_58' title="bbox 569 3156 2171 3242">
    <p class='ocr_par' dir='ltr' id='par_1_58' title="bbox 569 3156 2171 3242">
     <span class='ocr_line' id='line_1_58' title="bbox 569 3156 2171 3242; baseline -0.002 -19"><span class='ocrx_word' id='word_1_413' title='bbox 569 3161 764 3242; x_wconf 89' lang='lat' dir='ltr'><strong>primo</strong></span> <span class='ocrx_word' id='word_1_414' title='bbox 793 3157 1036 3238; x_wconf 89' lang='lat' dir='ltr'><strong>quidem</strong></span> <span class='ocrx_word' id='word_1_415' title='bbox 1078 3158 1487 3228; x_wconf 62' lang='lat' dir='ltr'><strong>Anastasianas</strong></span> <span class='ocrx_word' id='word_1_416' title='bbox 1510 3156 1664 3220; x_wconf 75' lang='lat' dir='ltr'><strong>Vitta</strong></span> <span class='ocrx_word' id='word_1_417' title='bbox 1691 3159 1892 3234; x_wconf 87' lang='lat' dir='ltr'><strong>verba,</strong></span> <span class='ocrx_word' id='word_1_418' title='bbox 1926 3180 2061 3241; x_wconf 66' lang='lat' dir='ltr'><strong>qua;</strong></span> <span class='ocrx_word' id='word_1_419' title='bbox 2092 3164 2171 3224; x_wconf 88' lang='lat' dir='ltr'><strong>hu</strong></span> 
     </span>
    </p>
   </div>
   <div class='ocr_carea' id='block_1_59' title="bbox 2270 3156 3872 3242">
    <p class='ocr_par' dir='ltr' id='par_1_59' title="bbox 2294 3157 3872 3238">
     <span class='ocr_line' id='line_1_59' title="bbox 2294 3157 3872 3238; baseline -0.002 -21"><span class='ocrx_word' id='word_1_420' title='bbox 2294 3157 2451 3238; x_wconf 81' lang='grc' dir='ltr'>ϐορου</span> <span class='ocrx_word' id='word_1_421' title='bbox 2481 3158 2706 3216; x_wconf 81' lang='grc' dir='ltr'>ἀπέλουε</span> <span class='ocrx_word' id='word_1_422' title='bbox 2736 3161 2830 3219; x_wconf 76' lang='grc' dir='ltr'><strong>τὰς</strong></span> <span class='ocrx_word' id='word_1_423' title='bbox 2880 3159 2934 3215; x_wconf 76' lang='lat' dir='ltr'><strong>iv</strong></span> <span class='ocrx_word' id='word_1_424' title='bbox 2994 3166 3070 3234; x_wconf 84' lang='grc' dir='ltr'>τῷ</span> <span class='ocrx_word' id='word_1_425' title='bbox 3126 3160 3308 3236; x_wconf 77' lang='grc' dir='ltr'>λάκκῳ</span> <span class='ocrx_word' id='word_1_426' title='bbox 3360 3162 3458 3230; x_wconf 76' lang='grc' dir='ltr'><strong>τῆς</strong></span> <span class='ocrx_word' id='word_1_427' title='bbox 3501 3159 3872 3236; x_wconf 73' lang='grc' dir='ltr'>εἰδωλολατριέις</span> 
     </span>
    </p>
   </div>
   <div class='ocr_carea' id='block_1_60' title="bbox 569 3245 2171 3331">
    <p class='ocr_par' dir='ltr' id='par_1_60' title="bbox 569 3245 2171 3331">
     <span class='ocr_line' id='line_1_60' title="bbox 569 3245 2171 3331; baseline 0.002 -20"><span class='ocrx_word' id='word_1_428' title='bbox 569 3250 814 3328; x_wconf 76' lang='lat' dir='ltr'><strong>faciunt,</strong></span> <span class='ocrx_word' id='word_1_429' title='bbox 841 3267 1009 3308; x_wconf 91' lang='lat' dir='ltr'><strong>num.</strong></span> <span class='ocrx_word' id='word_1_430' title='bbox 1040 3249 1062 3307; x_wconf 82' lang='grc'>1</span> <span class='ocrx_word' id='word_1_431' title='bbox 1096 3247 1222 3307; x_wconf 74' lang='lat' dir='ltr'><strong>haec</strong></span> <span class='ocrx_word' id='word_1_432' title='bbox 1253 3255 1389 3308; x_wconf 91' lang='lat' dir='ltr'><strong>sunt</strong></span> <span class='ocrx_word' id='word_1_433' title='bbox 1424 3265 1440 3309; x_wconf 89' lang='lat'>:</span> <span class='ocrx_word' id='word_1_434' title='bbox 1484 3271 1501 3304; x_wconf 79' lang='grc' dir='ltr'><strong>ι</strong></span> <span class='ocrx_word' id='word_1_435' title='bbox 1533 3245 1696 3310; x_wconf 80' lang='lat' dir='ltr'><strong>Inter</strong></span> <span class='ocrx_word' id='word_1_436' title='bbox 1723 3269 1874 3330; x_wconf 84' lang='lat' dir='ltr'><strong>quos</strong></span> <span class='ocrx_word' id='word_1_437' title='bbox 1906 3250 2171 3331; x_wconf 72' lang='lat' dir='ltr'><strong>(Christi:</strong></span> 
     </span>
    </p>
   </div>
   <div class='ocr_carea' id='block_1_61' title="bbox 2272 3245 3874 3331">
    <p class='ocr_par' dir='ltr' id='par_1_61' title="bbox 2293 3246 3874 3331">
     <span class='ocr_line' id='line_1_61' title="bbox 2293 3246 3874 3331; baseline 0.003 -25"><span class='ocrx_word' id='word_1_438' title='bbox 2293 3247 2518 3322; x_wconf 73' lang='grc' dir='ltr'>δυσωδίᾳ</span> <span class='ocrx_word' id='word_1_439' title='bbox 2576 3251 2664 3306; x_wconf 79' lang='grc' dir='ltr'>καὶ</span> <span class='ocrx_word' id='word_1_440' title='bbox 2719 3249 2863 3328; x_wconf 66' lang='grc' dir='ltr'><strong>ζόφῳ</strong></span> <span class='ocrx_word' id='word_1_441' title='bbox 2909 3251 3283 3330; x_wconf 51' lang='grc' dir='ltr'>κατελομένας</span> <span class='ocrx_word' id='word_1_442' title='bbox 3339 3253 3524 3331; x_wconf 77' lang='grc' dir='ltr'>ψυχὰς</span> <span class='ocrx_word' id='word_1_443' title='bbox 3583 3252 3680 3319; x_wconf 79' lang='grc' dir='ltr'><strong>τὴν</strong></span> <span class='ocrx_word' id='word_1_444' title='bbox 3725 3246 3874 3312; x_wconf 61' lang='grc' dir='ltr'>νοητὴ*</span> 
     </span>
    </p>
   </div>
   <div class='ocr_carea' id='block_1_62' title="bbox 571 3333 2173 3418">
    <p class='ocr_par' dir='ltr' id='par_1_62' title="bbox 571 3333 2173 3415">
     <span class='ocr_line' id='line_1_62' title="bbox 571 3333 2173 3415; baseline 0.002 -14"><span class='ocrx_word' id='word_1_445' title='bbox 571 3343 701 3415; x_wconf 85' lang='lat' dir='ltr'><strong>nos)</strong></span> <span class='ocrx_word' id='word_1_446' title='bbox 733 3349 861 3398; x_wconf 86' lang='lat' dir='ltr'><strong>erat</strong></span> <span class='ocrx_word' id='word_1_447' title='bbox 919 3334 1127 3396; x_wconf 86' lang='lat' dir='ltr'><strong>beatus</strong></span> <span class='ocrx_word' id='word_1_448' title='bbox 1176 3333 1510 3398; x_wconf 88' lang='lat' dir='ltr'><strong>Demetrius</strong></span> <span class='ocrx_word' id='word_1_449' title='bbox 1541 3337 1920 3400; x_wconf 83' lang='lat' dir='ltr'><strong>manifestum</strong></span> <span class='ocrx_word' id='word_1_450' title='bbox 1980 3340 2173 3405; x_wconf 86' lang='lat' dir='ltr'><strong>facien</strong></span> 
     </span>
    </p>
   </div>
   <div class='ocr_carea' id='block_1_63' title="bbox 2271 3333 3873 3418">
    <p class='ocr_par' dir='ltr' id='par_1_63' title="bbox 2290 3337 3873 3418">
     <span class='ocr_line' id='line_1_63' title="bbox 2290 3337 3873 3418; baseline -0.003 -23"><span class='ocrx_word' id='word_1_451' title='bbox 2290 3341 2378 3396; x_wconf 82' lang='grc' dir='ltr'>καὶ</span> <span class='ocrx_word' id='word_1_452' title='bbox 2435 3341 2497 3395; x_wconf 86' lang='grc' dir='ltr'><strong>τὸ</strong></span> <span class='ocrx_word' id='word_1_453' title='bbox 2553 3339 2788 3414; x_wconf 80' lang='grc' dir='ltr'>θυμίαμα</span> <span class='ocrx_word' id='word_1_454' title='bbox 2865 3339 2963 3407; x_wconf 74' lang='grc' dir='ltr'><strong>τῆς</strong></span> <span class='ocrx_word' id='word_1_455' title='bbox 3036 3341 3278 3418; x_wconf 70' lang='grc' dir='ltr'>οὐρανίου</span> <span class='ocrx_word' id='word_1_456' title='bbox 3335 3341 3625 3407; x_wconf 78' lang='grc' dir='ltr'>συνθέσεως</span> <span class='ocrx_word' id='word_1_457' title='bbox 3677 3337 3873 3414; x_wconf 72' lang='grc' dir='ltr'>Χριστὸν,</span> 
     </span>
    </p>
   </div>
   <div class='ocr_carea' id='block_1_64' title="bbox 561 3423 2163 3507">
    <p class='ocr_par' dir='ltr' id='par_1_64' title="bbox 561 3423 2163 3507">
     <span class='ocr_line' id='line_1_64' title="bbox 561 3423 2163 3507; baseline 0.001 -16"><span class='ocrx_word' id='word_1_458' title='bbox 561 3426 948 3502; x_wconf 74' lang='lat' dir='ltr'><strong>semetipsum</strong></span> <span class='ocrx_word' id='word_1_459' title='bbox 972 3424 1199 3504; x_wconf 85' lang='lat' dir='ltr'><strong>absque</strong></span> <span class='ocrx_word' id='word_1_460' title='bbox 1216 3423 1340 3484; x_wconf 92' lang='lat' dir='ltr'><strong>ullo</strong></span> <span class='ocrx_word' id='word_1_461' title='bbox 1375 3425 1718 3506; x_wconf 81' lang='lat' dir='ltr'><strong>timore,qui</strong></span> <span class='ocrx_word' id='word_1_462' title='bbox 1748 3445 1782 3489; x_wconf 85' lang='lat' dir='ltr'><strong>a</strong></span> <span class='ocrx_word' id='word_1_463' title='bbox 1805 3428 2119 3507; x_wconf 87' lang='lat' dir='ltr'><strong>juventute</strong></span> <span class='ocrx_word' id='word_1_464' title='bbox 2150 3452 2163 3492; x_wconf 72' lang='grc' dir='ltr'><strong>ι</strong></span> 
     </span>
    </p>
   </div>
   <div class='ocr_carea' id='block_1_65' title="bbox 2272 3423 3874 3507">
    <p class='ocr_par' dir='ltr' id='par_1_65' title="bbox 2288 3427 3874 3507">
     <span class='ocr_line' id='line_1_65' title="bbox 2288 3427 3874 3507; baseline -0.003 -22"><span class='ocrx_word' id='word_1_465' title='bbox 2288 3430 2380 3485; x_wconf 84' lang='grc' dir='ltr'>τὸν</span> <span class='ocrx_word' id='word_1_466' title='bbox 2409 3427 2660 3496; x_wconf 64' lang='grc' dir='ltr'>ἆληθιιὸν</span> <span class='ocrx_word' id='word_1_467' title='bbox 2693 3429 2823 3485; x_wconf 73' lang='grc' dir='ltr'>Θεὸν</span> <span class='ocrx_word' id='word_1_468' title='bbox 2850 3430 3006 3503; x_wconf 79' lang='grc' dir='ltr'>ἡμῶν</span> <span class='ocrx_word' id='word_1_469' title='bbox 3065 3445 3186 3492; x_wconf 71' lang='grc' dir='ltr'>ταῖς</span> <span class='ocrx_word' id='word_1_470' title='bbox 3238 3429 3469 3507; x_wconf 75' lang='grc' dir='ltr'>καρδίαις</span> <span class='ocrx_word' id='word_1_471' title='bbox 3528 3431 3698 3487; x_wconf 77' lang='grc' dir='ltr'>αὒτῶν</span> <span class='ocrx_word' id='word_1_472' title='bbox 3746 3427 3874 3482; x_wconf 78' lang='grc' dir='ltr'>εἰσοι-</span> 
     </span>
    </p>
   </div>
   <div class='ocr_carea' id='block_1_66' title="bbox 559 3513 2161 3603">
    <p class='ocr_par' dir='ltr' id='par_1_66' title="bbox 559 3513 2161 3594">
     <span class='ocr_line' id='line_1_66' title="bbox 559 3513 2161 3594; baseline 0.002 -15"><span class='ocrx_word' id='word_1_473' title='bbox 559 3517 718 3580; x_wconf 91' lang='lat' dir='ltr'><strong>bona</strong></span> <span class='ocrx_word' id='word_1_474' title='bbox 739 3521 943 3594; x_wconf 81' lang='lat' dir='ltr'><strong>egerat</strong></span> <span class='ocrx_word' id='word_1_475' title='bbox 963 3531 1145 3592; x_wconf 87' lang='lat' dir='ltr'><strong>cpera</strong></span> <span class='ocrx_word' id='word_1_476' title='bbox 1171 3513 1394 3574; x_wconf 86' lang='lat' dir='ltr'><strong>etalios</strong></span> <span class='ocrx_word' id='word_1_477' title='bbox 1419 3513 1991 3580; x_wconf 85' lang='lat' dir='ltr'><strong>docuerat.Docebat</strong></span> <span class='ocrx_word' id='word_1_478' title='bbox 2015 3521 2161 3582; x_wconf 83' lang='lat' dir='ltr'><strong>enin</strong></span> 
     </span>
    </p>
   </div>
   <div class='ocr_carea' id='block_1_67' title="bbox 2270 3513 3872 3603">
    <p class='ocr_par' dir='ltr' id='par_1_67' title="bbox 2287 3518 3872 3596">
     <span class='ocr_line' id='line_1_67' title="bbox 2287 3518 3872 3596; baseline -0.006 -17"><span class='ocrx_word' id='word_1_479' title='bbox 2287 3519 2467 3588; x_wconf 78' lang='grc' dir='ltr'>κίζων.</span> <span class='ocrx_word' id='word_1_480' title='bbox 2515 3518 2590 3576; x_wconf 77' lang='grc' dir='ltr'><strong>Τὰ</strong></span> <span class='ocrx_word' id='word_1_481' title='bbox 2651 3518 2750 3592; x_wconf 80' lang='grc' dir='ltr'>μὲν</span> <span class='ocrx_word' id='word_1_482' title='bbox 2795 3519 2894 3596; x_wconf 82' lang='grc' dir='ltr'><strong>γὰρ</strong></span> <span class='ocrx_word' id='word_1_483' title='bbox 2962 3519 3165 3594; x_wconf 77' lang='grc' dir='ltr'>ίὼμενα</span> <span class='ocrx_word' id='word_1_484' title='bbox 3221 3530 3445 3592; x_wconf 83' lang='grc' dir='ltr'>σωματα</span> <span class='ocrx_word' id='word_1_485' title='bbox 3499 3520 3604 3586; x_wconf 78' lang='grc' dir='ltr'>τὴν</span> <span class='ocrx_word' id='word_1_486' title='bbox 3644 3525 3727 3574; x_wconf 86' lang='grc' dir='ltr'>τοῦ</span> <span class='ocrx_word' id='word_1_487' title='bbox 3776 3520 3872 3569; x_wconf 77' lang='grc' dir='ltr'>Θεοῦ</span> 
     </span>
    </p>
   </div>
   <div class='ocr_carea' id='block_1_68' title="bbox 557 3601 2159 3690">
    <p class='ocr_par' dir='ltr' id='par_1_68' title="bbox 557 3603 2159 3690">
     <span class='ocr_line' id='line_1_68' title="bbox 557 3603 2159 3690; baseline 0.002 -21"><span class='ocrx_word' id='word_1_488' title='bbox 557 3608 812 3690; x_wconf 89' lang='lat' dir='ltr'><strong>qualiter</strong></span> <span class='ocrx_word' id='word_1_489' title='bbox 825 3603 1024 3666; x_wconf 88' lang='lat' dir='ltr'><strong>divina</strong></span> <span class='ocrx_word' id='word_1_490' title='bbox 1045 3603 1352 3684; x_wconf 85' lang='lat' dir='ltr'><strong>Sapientia</strong></span> <span class='ocrx_word' id='word_1_491' title='bbox 1370 3604 1767 3668; x_wconf 83' lang='lat' dir='ltr'><strong>descenderat</strong></span> <span class='ocrx_word' id='word_1_492' title='bbox 1783 3609 1854 3670; x_wconf 90' lang='lat' dir='ltr'><strong>ad</strong></span> <span class='ocrx_word' id='word_1_493' title='bbox 1881 3617 2102 3672; x_wconf 87' lang='lat' dir='ltr'><strong>terram</strong></span> <span class='ocrx_word' id='word_1_494' title='bbox 2128 3611 2159 3672; x_wconf 93' lang='lat' dir='ltr'><strong>d</strong></span> 
     </span>
    </p>
   </div>
   <div class='ocr_carea' id='block_1_69' title="bbox 2268 3601 3870 3690">
    <p class='ocr_par' dir='ltr' id='par_1_69' title="bbox 2286 3601 3870 3687">
     <span class='ocr_line' id='line_1_69' title="bbox 2286 3601 3870 3687; baseline -0.004 -23"><span class='ocrx_word' id='word_1_495' title='bbox 2286 3607 2486 3686; x_wconf 67' lang='grc' dir='ltr'>δωρεὰν</span> <span class='ocrx_word' id='word_1_496' title='bbox 2537 3607 2859 3685; x_wconf 72' lang='grc' dir='ltr'>ἐνεφάνιζον,</span> <span class='ocrx_word' id='word_1_497' title='bbox 2922 3608 2965 3663; x_wconf 81' lang='grc' dir='ltr'>εἰ</span> <span class='ocrx_word' id='word_1_498' title='bbox 3050 3610 3137 3664; x_wconf 80' lang='grc' dir='ltr'>καὶ</span> <span class='ocrx_word' id='word_1_499' title='bbox 3198 3607 3279 3665; x_wconf 81' lang='grc' dir='ltr'><strong>ὅτι</strong></span> <span class='ocrx_word' id='word_1_500' title='bbox 3363 3610 3495 3687; x_wconf 80' lang='grc' dir='ltr'>πρὸς</span> <span class='ocrx_word' id='word_1_501' title='bbox 3572 3607 3707 3673; x_wconf 78' lang='grc' dir='ltr'>ἀξίαν</span> <span class='ocrx_word' id='word_1_502' title='bbox 3764 3601 3870 3660; x_wconf 76' lang='grc' dir='ltr'>διδό-</span> 
     </span>
    </p>
   </div>
   <div class='ocr_carea' id='block_1_70' title="bbox 554 3693 2156 3780">
    <p class='ocr_par' dir='ltr' id='par_1_70' title="bbox 554 3693 2156 3780">
     <span class='ocr_line' id='line_1_70' title="bbox 554 3693 2156 3780; baseline 0.001 -19"><span class='ocrx_word' id='word_1_503' title='bbox 554 3697 729 3776; x_wconf 73' lang='grc' dir='ltr'>εωιο,</span> <span class='ocrx_word' id='word_1_504' title='bbox 763 3705 830 3756; x_wconf 81' lang='grc' dir='ltr'><strong>ιιι</strong></span> <span class='ocrx_word' id='word_1_505' title='bbox 860 3693 1190 3768; x_wconf 87' lang='lat' dir='ltr'><strong>hominem,</strong></span> <span class='ocrx_word' id='word_1_506' title='bbox 1225 3694 1326 3774; x_wconf 91' lang='lat' dir='ltr'><strong>qui</strong></span> <span class='ocrx_word' id='word_1_507' title='bbox 1379 3705 1650 3758; x_wconf 90' lang='lat' dir='ltr'><strong>mortuus</strong></span> <span class='ocrx_word' id='word_1_508' title='bbox 1695 3696 1900 3760; x_wconf 83' lang='lat' dir='ltr'><strong>fuerat</strong></span> <span class='ocrx_word' id='word_1_509' title='bbox 1929 3707 2156 3780; x_wconf 76' lang='lat' dir='ltr'><strong>peccatr.</strong></span> 
     </span>
    </p>
   </div>
   <div class='ocr_carea' id='block_1_71' title="bbox 2266 3693 3868 3780">
    <p class='ocr_par' dir='ltr' id='par_1_71' title="bbox 2286 3696 3868 3777">
     <span class='ocr_line' id='line_1_71' title="bbox 2286 3696 3868 3777; baseline -0.004 -24"><span class='ocrx_word' id='word_1_510' title='bbox 2286 3719 2422 3772; x_wconf 84' lang='grc' dir='ltr'>μενα</span> <span class='ocrx_word' id='word_1_511' title='bbox 2477 3697 2564 3752; x_wconf 78' lang='grc' dir='ltr'><strong>καὶ</strong></span> <span class='ocrx_word' id='word_1_512' title='bbox 2626 3718 2692 3752; x_wconf 86' lang='grc' dir='ltr'><strong>τα</strong></span> <span class='ocrx_word' id='word_1_513' title='bbox 2772 3696 2990 3753; x_wconf 72' lang='grc' dir='ltr'>τοιαῦτα</span> <span class='ocrx_word' id='word_1_514' title='bbox 3069 3697 3378 3777; x_wconf 72' lang='grc' dir='ltr'>χαρίσματα</span> <span class='ocrx_word' id='word_1_515' title='bbox 3439 3697 3497 3754; x_wconf 77' lang='grc' dir='ltr'>οὗ</span> <span class='ocrx_word' id='word_1_516' title='bbox 3576 3696 3752 3775; x_wconf 68' lang='grc' dir='ltr'>μικρὰν</span> <span class='ocrx_word' id='word_1_517' title='bbox 3793 3697 3868 3746; x_wconf 76' lang='grc' dir='ltr'>τῶν</span> 
     </span>
    </p>
   </div>
   <div class='ocr_carea' id='block_1_72' title="bbox 557 3783 2159 3866">
    <p class='ocr_par' dir='ltr' id='par_1_72' title="bbox 557 3783 2159 3863">
     <span class='ocr_line' id='line_1_72' title="bbox 557 3783 2159 3863; baseline 0.003 -17"><span class='ocrx_word' id='word_1_518' title='bbox 557 3785 881 3848; x_wconf 81' lang='lat' dir='ltr'><strong>viviﬁcaret</strong></span> <span class='ocrx_word' id='word_1_519' title='bbox 905 3783 1196 3860; x_wconf 76' lang='lat' dir='ltr'><strong>sanguine</strong></span> <span class='ocrx_word' id='word_1_520' title='bbox 1221 3783 1640 3863; x_wconf 82' lang='lat' dir='ltr'><strong>proprio.Cum</strong></span> <span class='ocrx_word' id='word_1_521' title='bbox 1664 3786 1790 3848; x_wconf 66' lang='lat' dir='ltr'><strong>hec</strong></span> <span class='ocrx_word' id='word_1_522' title='bbox 1810 3796 1868 3849; x_wconf 94' lang='lat' dir='ltr'><strong>et</strong></span> <span class='ocrx_word' id='word_1_523' title='bbox 1889 3790 2002 3850; x_wconf 87' lang='lat' dir='ltr'><strong>alia</strong></span> <span class='ocrx_word' id='word_1_524' title='bbox 2021 3790 2159 3851; x_wconf 82' lang='lat' dir='ltr'><strong>mult</strong></span> 
     </span>
    </p>
   </div>
   <div class='ocr_carea' id='block_1_73' title="bbox 2261 3783 3863 3866">
    <p class='ocr_par' dir='ltr' id='par_1_73' title="bbox 2285 3784 3863 3866">
     <span class='ocr_line' id='line_1_73' title="bbox 2285 3784 3863 3866; baseline -0.003 -24"><span class='ocrx_word' id='word_1_525' title='bbox 2285 3785 2597 3866; x_wconf 78' lang='grc' dir='ltr'>δεχομένων</span> <span class='ocrx_word' id='word_1_526' title='bbox 2654 3786 2755 3852; x_wconf 61' lang='grc' dir='ltr'><strong>τὴν</strong></span> <span class='ocrx_word' id='word_1_527' title='bbox 2812 3788 2866 3841; x_wconf 82' lang='grc' dir='ltr'>ἓν</span> <span class='ocrx_word' id='word_1_528' title='bbox 2923 3787 3096 3864; x_wconf 81' lang='grc' dir='ltr'>ἀρετῷ</span> <span class='ocrx_word' id='word_1_529' title='bbox 3145 3787 3427 3856; x_wconf 73' lang='grc' dir='ltr'>προκοπὴν</span> <span class='ocrx_word' id='word_1_530' title='bbox 3473 3784 3863 3865; x_wconf 49' lang='lat' dir='ltr'><strong>damniﬁcam.</strong></span> 
     </span>
    </p>
   </div>
   <div class='ocr_carea' id='block_1_74' title="bbox 553 3869 2155 3958">
    <p class='ocr_par' dir='ltr' id='par_1_74' title="bbox 553 3872 2155 3958">
     <span class='ocr_line' id='line_1_74' title="bbox 553 3872 2155 3958; baseline 0.002 -21"><span class='ocrx_word' id='word_1_531' title='bbox 553 3874 970 3958; x_wconf 66' lang='lat' dir='ltr'><strong>praadicaret,n</strong></span> <span class='ocrx_word' id='word_1_532' title='bbox 1001 3882 1148 3948; x_wconf 88' lang='lat' dir='ltr'><strong>etc.;</strong></span> <span class='ocrx_word' id='word_1_533' title='bbox 1176 3872 1481 3936; x_wconf 66' lang='lat' dir='ltr'><strong>Photianaa</strong></span> <span class='ocrx_word' id='word_1_534' title='bbox 1502 3892 1639 3936; x_wconf 89' lang='lat' dir='ltr'><strong>vero</strong></span> <span class='ocrx_word' id='word_1_535' title='bbox 1660 3874 1772 3936; x_wconf 88' lang='lat' dir='ltr'><strong>ista</strong></span> <span class='ocrx_word' id='word_1_536' title='bbox 1798 3895 1812 3940; x_wconf 94' lang='lat'>:</span> <span class='ocrx_word' id='word_1_537' title='bbox 1836 3901 1862 3933; x_wconf 79' lang='grc' dir='ltr'><strong>ι</strong></span> <span class='ocrx_word' id='word_1_538' title='bbox 1901 3879 2155 3942; x_wconf 83' lang='lat' dir='ltr'><strong>llicChri</strong></span> 
     </span>
    </p>
   </div>
   <div class='ocr_carea' id='block_1_75' title="bbox 2263 3869 3865 3958">
    <p class='ocr_par' dir='ltr' id='par_1_75' title="bbox 2285 3869 3865 3957">
     <span class='ocr_line' id='line_1_75' title="bbox 2285 3869 3865 3957; baseline -0.006 -24"><span class='ocrx_word' id='word_1_539' title='bbox 2285 3878 2348 3934; x_wconf 75' lang='grc' dir='ltr'><strong>Αἱ</strong></span> <span class='ocrx_word' id='word_1_540' title='bbox 2403 3874 2457 3931; x_wconf 69' lang='grc' dir='ltr'>δὲ</span> <span class='ocrx_word' id='word_1_541' title='bbox 2499 3876 2670 3954; x_wconf 82' lang='grc' dir='ltr'>ψυχαὶ</span> <span class='ocrx_word' id='word_1_542' title='bbox 2725 3875 2832 3931; x_wconf 79' lang='grc' dir='ltr'><strong>τῶν</strong></span> <span class='ocrx_word' id='word_1_543' title='bbox 2861 3874 3322 3957; x_wconf 75' lang='grc' dir='ltr'>ἐπιστρεφομένων</span> <span class='ocrx_word' id='word_1_544' title='bbox 3366 3878 3442 3942; x_wconf 82' lang='grc' dir='ltr'>εἷς</span> <span class='ocrx_word' id='word_1_545' title='bbox 3494 3873 3772 3934; x_wconf 72' lang='grc' dir='ltr'>Θεοσέϐειαν</span> <span class='ocrx_word' id='word_1_546' title='bbox 3808 3869 3865 3924; x_wconf 70' lang='grc' dir='ltr'><strong>καὶ</strong></span> 
     </span>
    </p>
   </div>
   <div class='ocr_carea' id='block_1_76' title="bbox 554 3961 2156 4050">
    <p class='ocr_par' dir='ltr' id='par_1_76' title="bbox 554 3961 2156 4048">
     <span class='ocr_line' id='line_1_76' title="bbox 554 3961 2156 4048; baseline 0.001 -22"><span class='ocrx_word' id='word_1_547' title='bbox 554 3966 627 4026; x_wconf 91' lang='lat' dir='ltr'><strong>sti</strong></span> <span class='ocrx_word' id='word_1_548' title='bbox 687 3971 911 4042; x_wconf 78' lang='lat' dir='ltr'><strong>martyr</strong></span> <span class='ocrx_word' id='word_1_549' title='bbox 961 3961 1325 4035; x_wconf 87' lang='lat' dir='ltr'><strong>Demetrius,</strong></span> <span class='ocrx_word' id='word_1_550' title='bbox 1385 3980 1580 4042; x_wconf 71' lang='lat' dir='ltr'><strong>praeco</strong></span> <span class='ocrx_word' id='word_1_551' title='bbox 1611 3972 1669 4026; x_wconf 88' lang='lat' dir='ltr'><strong>et</strong></span> <span class='ocrx_word' id='word_1_552' title='bbox 1699 3963 1909 4028; x_wconf 87' lang='lat' dir='ltr'><strong>doctor</strong></span> <span class='ocrx_word' id='word_1_553' title='bbox 1942 3967 2156 4048; x_wconf 80' lang='lat' dir='ltr'><strong>pietati:</strong></span> 
     </span>
    </p>
   </div>
   <div class='ocr_carea' id='block_1_77' title="bbox 2262 3961 3864 4050">
    <p class='ocr_par' dir='ltr' id='par_1_77' title="bbox 2283 3962 3864 4050">
     <span class='ocr_line' id='line_1_77' title="bbox 2283 3962 3864 4050; baseline -0.006 -21"><span class='ocrx_word' id='word_1_554' title='bbox 2283 3967 2345 4021; x_wconf 72' lang='grc' dir='ltr'>τὸ</span> <span class='ocrx_word' id='word_1_555' title='bbox 2393 3965 2617 4042; x_wconf 77' lang='grc' dir='ltr'>ἀτρεμὲς</span> <span class='ocrx_word' id='word_1_556' title='bbox 2665 3964 2760 4032; x_wconf 79' lang='grc' dir='ltr'>τῆς</span> <span class='ocrx_word' id='word_1_557' title='bbox 2817 3962 3046 4045; x_wconf 73' lang='grc' dir='ltr'>διδιχῆς</span> <span class='ocrx_word' id='word_1_558' title='bbox 3102 3969 3189 4024; x_wconf 83' lang='grc' dir='ltr'><strong>καὶ</strong></span> <span class='ocrx_word' id='word_1_559' title='bbox 3245 3969 3307 4024; x_wconf 78' lang='grc' dir='ltr'>τὸ</span> <span class='ocrx_word' id='word_1_560' title='bbox 3370 3967 3757 4024; x_wconf 68' lang='grc' dir='ltr'>ἀκατάπλεκτον</span> <span class='ocrx_word' id='word_1_561' title='bbox 3803 3965 3864 4050; x_wconf 46' lang='lat' dir='ltr'><strong>to?</strong></span> 
     </span>
    </p>
   </div>
   <div class='ocr_carea' id='block_1_78' title="bbox 554 4045 2156 4135">
    <p class='ocr_par' dir='ltr' id='par_1_78' title="bbox 554 4045 2156 4135">
     <span class='ocr_line' id='line_1_78' title="bbox 554 4045 2156 4135; baseline 0.002 -20"><span class='ocrx_word' id='word_1_562' title='bbox 554 4052 962 4135; x_wconf 83' lang='lat' dir='ltr'><strong>apostolorum</strong></span> <span class='ocrx_word' id='word_1_563' title='bbox 983 4051 1496 4131; x_wconf 69' lang='lat' dir='ltr'><strong>peregrinationes</strong></span> <span class='ocrx_word' id='word_1_564' title='bbox 1519 4045 2156 4120; x_wconf 74' lang='lat' dir='ltr'><strong>etcertaminaimitabt</strong></span> 
     </span>
    </p>
   </div>
   <div class='ocr_carea' id='block_1_79' title="bbox 2261 4045 3863 4135">
    <p class='ocr_par' dir='ltr' id='par_1_79' title="bbox 2284 4045 3863 4132">
     <span class='ocr_line' id='line_1_79' title="bbox 2284 4045 3863 4132; baseline -0.001 -22"><span class='ocrx_word' id='word_1_565' title='bbox 2284 4053 2612 4110; x_wconf 75' lang='grc' dir='ltr'>ἱπιχινδύνου</span> <span class='ocrx_word' id='word_1_566' title='bbox 2665 4055 3009 4132; x_wconf 80' lang='grc' dir='ltr'>κηρύγματος</span> <span class='ocrx_word' id='word_1_567' title='bbox 3083 4055 3240 4113; x_wconf 80' lang='grc' dir='ltr'><strong>αὒτοῦ</strong></span> <span class='ocrx_word' id='word_1_568' title='bbox 3311 4059 3432 4118; x_wconf 80' lang='grc' dir='ltr'>τοὺς</span> <span class='ocrx_word' id='word_1_569' title='bbox 3530 4055 3736 4127; x_wconf 76' lang='grc' dir='ltr'>ἱδρῶτας</span> <span class='ocrx_word' id='word_1_570' title='bbox 3801 4045 3863 4104; x_wconf 70' lang='grc' dir='ltr'><strong>τοὖ</strong></span> 
     </span>
    </p>
   </div>
   <div class='ocr_carea' id='block_1_80' title="bbox 554 4139 2156 4224">
    <p class='ocr_par' dir='ltr' id='par_1_80' title="bbox 554 4139 2156 4216">
     <span class='ocr_line' id='line_1_80' title="bbox 554 4139 2156 4216; baseline 0 -12"><span class='ocrx_word' id='word_1_571' title='bbox 554 4151 673 4216; x_wconf 90' lang='lat' dir='ltr'><strong>tur,</strong></span> <span class='ocrx_word' id='word_1_572' title='bbox 707 4150 769 4203; x_wconf 91' lang='lat' dir='ltr'><strong>et</strong></span> <span class='ocrx_word' id='word_1_573' title='bbox 791 4139 1391 4203; x_wconf 89' lang='lat' dir='ltr'><strong>Thessalonicensem</strong></span> <span class='ocrx_word' id='word_1_574' title='bbox 1427 4141 1636 4204; x_wconf 88' lang='lat' dir='ltr'><strong>urbem</strong></span> <span class='ocrx_word' id='word_1_575' title='bbox 1663 4143 1891 4205; x_wconf 92' lang='lat' dir='ltr'><strong>lumine</strong></span> <span class='ocrx_word' id='word_1_576' title='bbox 1915 4145 2156 4208; x_wconf 63' lang='lat' dir='ltr'><strong>doctrin;</strong></span> 
     </span>
    </p>
   </div>
   <div class='ocr_carea' id='block_1_81' title="bbox 2259 4139 3861 4224">
    <p class='ocr_par' dir='ltr' id='par_1_81' title="bbox 2285 4140 3861 4224">
     <span class='ocr_line' id='line_1_81' title="bbox 2285 4140 3861 4224; baseline 0.003 -26"><span class='ocrx_word' id='word_1_577' title='bbox 2285 4143 2578 4224; x_wconf 73' lang='grc' dir='ltr'>ἆθλοφόρου</span> <span class='ocrx_word' id='word_1_578' title='bbox 2631 4145 2752 4204; x_wconf 76' lang='grc' dir='ltr'>τοὺς</span> <span class='ocrx_word' id='word_1_579' title='bbox 2825 4147 3064 4222; x_wconf 71' lang='grc' dir='ltr'>εὐγενεῖς</span> <span class='ocrx_word' id='word_1_580' title='bbox 3124 4143 3541 4205; x_wconf 75' lang='grc' dir='ltr'>ἐκκαλύπτουσιν</span> <span class='ocrx_word' id='word_1_581' title='bbox 3600 4149 3685 4204; x_wconf 69' lang='grc' dir='ltr'>οὐκ</span> <span class='ocrx_word' id='word_1_582' title='bbox 3731 4141 3772 4195; x_wconf 74' lang='grc' dir='ltr'>ἓν</span> <span class='ocrx_word' id='word_1_583' title='bbox 3818 4140 3861 4209; x_wconf 64' lang='grc' dir='ltr'><strong>τῇ</strong></span> 
     </span>
    </p>
   </div>
   <div class='ocr_carea' id='block_1_82' title="bbox 553 4228 2155 4316">
    <p class='ocr_par' dir='ltr' id='par_1_82' title="bbox 553 4228 2155 4297">
     <span class='ocr_line' id='line_1_82' title="bbox 553 4228 2155 4297; baseline 0.002 -3"><span class='ocrx_word' id='word_1_584' title='bbox 553 4249 677 4294; x_wconf 61' lang='lat' dir='ltr'><strong>sua;</strong></span> <span class='ocrx_word' id='word_1_585' title='bbox 699 4231 773 4294; x_wconf 93' lang='lat' dir='ltr'><strong>ab</strong></span> <span class='ocrx_word' id='word_1_586' title='bbox 798 4229 1020 4292; x_wconf 87' lang='lat' dir='ltr'><strong>erroris</strong></span> <span class='ocrx_word' id='word_1_587' title='bbox 1045 4228 1311 4291; x_wconf 81' lang='lat' dir='ltr'><strong>tenebris</strong></span> <span class='ocrx_word' id='word_1_588' title='bbox 1332 4229 1648 4292; x_wconf 88' lang='lat' dir='ltr'><strong>abductam</strong></span> <span class='ocrx_word' id='word_1_589' title='bbox 1673 4232 1744 4292; x_wconf 92' lang='lat' dir='ltr'><strong>ad</strong></span> <span class='ocrx_word' id='word_1_590' title='bbox 1766 4231 2065 4296; x_wconf 85' lang='lat' dir='ltr'><strong>Christum</strong></span> <span class='ocrx_word' id='word_1_591' title='bbox 2089 4236 2155 4297; x_wconf 83' lang='lat' dir='ltr'><strong>ad</strong></span> 
     </span>
    </p>
   </div>
   <div class='ocr_carea' id='block_1_83' title="bbox 2257 4228 3859 4316">
    <p class='ocr_par' dir='ltr' id='par_1_83' title="bbox 2285 4231 3859 4316">
     <span class='ocr_line' id='line_1_83' title="bbox 2285 4231 3859 4316; baseline -0.001 -27"><span class='ocrx_word' id='word_1_592' title='bbox 2285 4233 2442 4314; x_wconf 85' lang='grc' dir='ltr'>χώρᾳ</span> <span class='ocrx_word' id='word_1_593' title='bbox 2472 4234 2658 4310; x_wconf 76' lang='grc' dir='ltr'>μόνον,</span> <span class='ocrx_word' id='word_1_594' title='bbox 2689 4231 2827 4289; x_wconf 72' lang='grc' dir='ltr'>ἄλλα</span> <span class='ocrx_word' id='word_1_595' title='bbox 2856 4238 2943 4291; x_wconf 83' lang='grc' dir='ltr'>καὶ</span> <span class='ocrx_word' id='word_1_596' title='bbox 2992 4248 3112 4300; x_wconf 75' lang='grc' dir='ltr'>τοῖς</span> <span class='ocrx_word' id='word_1_597' title='bbox 3161 4235 3481 4316; x_wconf 74' lang='grc' dir='ltr'>ἅπανταχοῦ</span> <span class='ocrx_word' id='word_1_598' title='bbox 3527 4238 3592 4293; x_wconf 81' lang='grc' dir='ltr'><strong>τὸ</strong></span> <span class='ocrx_word' id='word_1_599' title='bbox 3631 4233 3859 4309; x_wconf 68' lang='grc' dir='ltr'>ὑπέρογκον</span> 
     </span>
    </p>
   </div>
   <div class='ocr_carea' id='block_1_84' title="bbox 552 4317 2154 4404">
    <p class='ocr_par' dir='ltr' id='par_1_84' title="bbox 552 4317 2154 4387">
     <span class='ocr_line' id='line_1_84' title="bbox 552 4317 2154 4387; baseline 0.001 -2"><span class='ocrx_word' id='word_1_600' title='bbox 552 4321 739 4386; x_wconf 78' lang='lat' dir='ltr'><strong>duxit.</strong></span> <span class='ocrx_word' id='word_1_601' title='bbox 771 4345 796 4379; x_wconf 70' lang='grc' dir='ltr'><strong>ι</strong></span> <span class='ocrx_word' id='word_1_602' title='bbox 826 4317 934 4382; x_wconf 59' lang='lat' dir='ltr'><strong>Has</strong></span> <span class='ocrx_word' id='word_1_603' title='bbox 977 4319 1132 4381; x_wconf 65' lang='lat' dir='ltr'><strong>bina;</strong></span> <span class='ocrx_word' id='word_1_604' title='bbox 1175 4319 1303 4381; x_wconf 76' lang='lat' dir='ltr'><strong>istaa</strong></span> <span class='ocrx_word' id='word_1_605' title='bbox 1351 4319 1518 4381; x_wconf 85' lang='lat' dir='ltr'><strong>Santi</strong></span> <span class='ocrx_word' id='word_1_606' title='bbox 1561 4318 1711 4382; x_wconf 67' lang='lat' dir='ltr'><strong>Vitas</strong></span> <span class='ocrx_word' id='word_1_607' title='bbox 1740 4339 1849 4383; x_wconf 91' lang='lat' dir='ltr'><strong>seu</strong></span> <span class='ocrx_word' id='word_1_608' title='bbox 1883 4323 2154 4387; x_wconf 72' lang='lat' dir='ltr'><strong>Passione</strong></span> 
     </span>
    </p>
   </div>
   <div class='ocr_carea' id='block_1_85' title="bbox 2250 4317 3852 4404">
    <p class='ocr_par' dir='ltr' id='par_1_85' title="bbox 2283 4323 3852 4404">
     <span class='ocr_line' id='line_1_85' title="bbox 2283 4323 3852 4404; baseline -0.003 -25"><span class='ocrx_word' id='word_1_609' title='bbox 2283 4328 2441 4382; x_wconf 77' lang='grc' dir='ltr'>αὐτοῦ</span> <span class='ocrx_word' id='word_1_610' title='bbox 2493 4329 2592 4391; x_wconf 76' lang='grc' dir='ltr'>τῆς</span> <span class='ocrx_word' id='word_1_611' title='bbox 2636 4323 2831 4402; x_wconf 79' lang='grc' dir='ltr'>ἀρετῆς</span> <span class='ocrx_word' id='word_1_612' title='bbox 2891 4325 3289 4404; x_wconf 79' lang='grc' dir='ltr'>ἐμφανίζουσαι.</span> <span class='ocrx_word' id='word_1_613' title='bbox 3346 4326 3438 4387; x_wconf 88' lang='lat' dir='ltr'><strong>En</strong></span> <span class='ocrx_word' id='word_1_614' title='bbox 3495 4343 3671 4398; x_wconf 82' lang='lat' dir='ltr'><strong>nunc,</strong></span> <span class='ocrx_word' id='word_1_615' title='bbox 3725 4331 3852 4398; x_wconf 85' lang='lat' dir='ltr'><strong>quam</strong></span> 
     </span>
    </p>
   </div>
   <div class='ocr_carea' id='block_1_86' title="bbox 551 4404 3854 4495">
    <p class='ocr_par' dir='ltr' id='par_1_86' title="bbox 551 4404 3854 4495">
     <span class='ocr_line' id='line_1_86' title="bbox 551 4404 3854 4495; baseline -0.003 -21"><span class='ocrx_word' id='word_1_616' title='bbox 551 4429 673 4474; x_wconf 92' lang='lat' dir='ltr'><strong>non</strong></span> <span class='ocrx_word' id='word_1_617' title='bbox 703 4411 960 4472; x_wconf 90' lang='lat' dir='ltr'><strong>obscure</strong></span> <span class='ocrx_word' id='word_1_618' title='bbox 981 4425 1152 4489; x_wconf 87' lang='lat' dir='ltr'><strong>sane,</strong></span> <span class='ocrx_word' id='word_1_619' title='bbox 1178 4427 1294 4489; x_wconf 90' lang='lat' dir='ltr'><strong>qua</strong></span> <span class='ocrx_word' id='word_1_620' title='bbox 1314 4407 1390 4469; x_wconf 90' lang='lat' dir='ltr'><strong>de</strong></span> <span class='ocrx_word' id='word_1_621' title='bbox 1411 4409 1509 4469; x_wconf 91' lang='lat' dir='ltr'><strong>hic</strong></span> <span class='ocrx_word' id='word_1_622' title='bbox 1531 4426 1754 4486; x_wconf 88' lang='lat' dir='ltr'><strong>sermo,</strong></span> <span class='ocrx_word' id='word_1_623' title='bbox 1785 4413 2198 4493; x_wconf 82' lang='lat' dir='ltr'><strong>Metaphrastis</strong></span> <span class='ocrx_word' id='word_1_624' title='bbox 2281 4411 2445 4474; x_wconf 88' lang='lat' dir='ltr'><strong>hisce</strong></span> <span class='ocrx_word' id='word_1_625' title='bbox 2466 4412 2762 4475; x_wconf 79' lang='lat' dir='ltr'><strong>JoannisT</strong></span> <span class='ocrx_word' id='word_1_626' title='bbox 2781 4415 3275 4477; x_wconf 85' lang='lat' dir='ltr'><strong>bessalonicensis</strong></span> <span class='ocrx_word' id='word_1_627' title='bbox 3299 4415 3494 4477; x_wconf 84' lang='lat' dir='ltr'><strong>verbis</strong></span> <span class='ocrx_word' id='word_1_628' title='bbox 3514 4409 3773 4495; x_wconf 84' lang='lat' dir='ltr'><strong>adaptavi,</strong></span> <span class='ocrx_word' id='word_1_629' title='bbox 3795 4404 3854 4464; x_wconf 89' lang='lat' dir='ltr'><strong>in-</strong></span> 
     </span>
    </p>
   </div>
   <div class='ocr_carea' id='block_1_87' title="bbox 550 4497 3848 4586">
    <p class='ocr_par' dir='ltr' id='par_1_87' title="bbox 550 4497 3848 4586">
     <span class='ocr_line' id='line_1_87' title="bbox 550 4497 3848 4586; baseline -0 -23"><span class='ocrx_word' id='word_1_630' title='bbox 550 4500 949 4580; x_wconf 85' lang='lat' dir='ltr'><strong>anonymique</strong></span> <span class='ocrx_word' id='word_1_631' title='bbox 966 4499 1070 4579; x_wconf 90' lang='lat' dir='ltr'><strong>qui</strong></span> <span class='ocrx_word' id='word_1_632' title='bbox 1087 4497 1226 4586; x_wconf 83' lang='lat' dir='ltr'><strong>huic</strong></span> <span class='ocrx_word' id='word_1_633' title='bbox 1250 4497 1523 4576; x_wconf 66' lang='lat' dir='ltr'><strong>praeluxit</strong></span> <span class='ocrx_word' id='word_1_634' title='bbox 1545 4499 1858 4579; x_wconf 90' lang='lat' dir='ltr'><strong>scriptoris</strong></span> <span class='ocrx_word' id='word_1_635' title='bbox 1878 4502 2196 4565; x_wconf 89' lang='lat' dir='ltr'><strong>assertioni</strong></span> <span class='ocrx_word' id='word_1_636' title='bbox 2221 4576 2257 4586; x_wconf 88' lang='lat'>_</span> <span class='ocrx_word' id='word_1_637' title='bbox 2283 4502 2767 4582; x_wconf 89' lang='lat' dir='ltr'><strong>terpretationem</strong></span> <span class='ocrx_word' id='word_1_638' title='bbox 2794 4503 3082 4567; x_wconf 87' lang='lat' dir='ltr'><strong>Latinam.</strong></span> <span class='ocrx_word' id='word_1_639' title='bbox 3104 4504 3327 4576; x_wconf 68' lang='lat' dir='ltr'><strong>«Quam</strong></span> <span class='ocrx_word' id='word_1_640' title='bbox 3343 4521 3485 4566; x_wconf 90' lang='lat' dir='ltr'><strong>vero</strong></span> <span class='ocrx_word' id='word_1_641' title='bbox 3505 4505 3633 4586; x_wconf 90' lang='lat' dir='ltr'><strong>ipse</strong></span> <span class='ocrx_word' id='word_1_642' title='bbox 3651 4503 3848 4582; x_wconf 64' lang='lat' dir='ltr'><strong>(sane!!!s</strong></span> 
     </span>
    </p>
   </div>
   <div class='ocr_carea' id='block_1_88' title="bbox 549 4576 3845 4676">
    <p class='ocr_par' dir='ltr' id='par_1_88' title="bbox 549 4576 3845 4676">
     <span class='ocr_line' id='line_1_88' title="bbox 549 4576 3845 4676; baseline -0 -24"><span class='ocrx_word' id='word_1_643' title='bbox 549 4589 629 4652; x_wconf 89' lang='lat' dir='ltr'><strong>de</strong></span> <span class='ocrx_word' id='word_1_644' title='bbox 669 4576 872 4651; x_wconf 81' lang='lat' dir='ltr'><strong>sancto</strong></span> <span class='ocrx_word' id='word_1_645' title='bbox 909 4576 1214 4650; x_wconf 74' lang='lat' dir='ltr'><strong>Demetrio</strong></span> <span class='ocrx_word' id='word_1_646' title='bbox 1261 4587 1544 4668; x_wconf 78' lang='lat' dir='ltr'><strong>faventes,</strong></span> <span class='ocrx_word' id='word_1_647' title='bbox 1580 4587 1658 4650; x_wconf 89' lang='lat' dir='ltr'><strong>ita</strong></span> <span class='ocrx_word' id='word_1_648' title='bbox 1676 4576 1886 4654; x_wconf 74' lang='lat' dir='ltr'><strong>tamen</strong></span> <span class='ocrx_word' id='word_1_649' title='bbox 1918 4599 2003 4666; x_wconf 91' lang='lat' dir='ltr'><strong>ut,</strong></span> <span class='ocrx_word' id='word_1_650' title='bbox 2037 4592 2195 4673; x_wconf 92' lang='lat' dir='ltr'><strong>quod</strong></span> <span class='ocrx_word' id='word_1_651' title='bbox 2221 4576 2618 4654; x_wconf 48' lang='lat' dir='ltr'><strong>DDer-netrius</strong></span> <span class='ocrx_word' id='word_1_652' title='bbox 2637 4591 3060 4673; x_wconf 86' lang='lat' dir='ltr'><strong>videlicet)illa</strong></span> <span class='ocrx_word' id='word_1_653' title='bbox 3079 4594 3151 4654; x_wconf 88' lang='lat' dir='ltr'><strong>ad</strong></span> <span class='ocrx_word' id='word_1_654' title='bbox 3174 4594 3510 4657; x_wconf 87' lang='lat' dir='ltr'><strong>docendum</strong></span> <span class='ocrx_word' id='word_1_655' title='bbox 3531 4576 3845 4676; x_wconf 40' lang='lat' dir='ltr'><strong>apta&#39;aposlr</strong></span> 
     </span>
    </p>
   </div>
   <div class='ocr_carea' id='block_1_89' title="bbox 547 4671 3841 4762">
    <p class='ocr_par' dir='ltr' id='par_1_89' title="bbox 547 4671 3841 4762">
     <span class='ocr_line' id='line_1_89' title="bbox 547 4671 3841 4762; baseline -0.001 -22"><span class='ocrx_word' id='word_1_656' title='bbox 547 4679 800 4740; x_wconf 86' lang='lat' dir='ltr'><strong>vitarum</strong></span> <span class='ocrx_word' id='word_1_657' title='bbox 834 4677 1071 4739; x_wconf 87' lang='lat' dir='ltr'><strong>illarum</strong></span> <span class='ocrx_word' id='word_1_658' title='bbox 1131 4675 1296 4755; x_wconf 90' lang='lat' dir='ltr'><strong>prior</strong></span> <span class='ocrx_word' id='word_1_659' title='bbox 1325 4695 1443 4738; x_wconf 88' lang='lat' dir='ltr'><strong>non</strong></span> <span class='ocrx_word' id='word_1_660' title='bbox 1477 4677 1639 4754; x_wconf 77' lang='lat' dir='ltr'><strong>facit,</strong></span> <span class='ocrx_word' id='word_1_661' title='bbox 1675 4687 1852 4742; x_wconf 89' lang='lat' dir='ltr'><strong>totam</strong></span> <span class='ocrx_word' id='word_1_662' title='bbox 1887 4700 1995 4762; x_wconf 92' lang='lat' dir='ltr'><strong>per</strong></span> <span class='ocrx_word' id='word_1_663' title='bbox 2037 4671 2194 4745; x_wconf 80' lang='lat' dir='ltr'><strong>hunc</strong></span> <span class='ocrx_word' id='word_1_664' title='bbox 2280 4679 2511 4762; x_wconf 88' lang='lat' dir='ltr'><strong>licaque</strong></span> <span class='ocrx_word' id='word_1_665' title='bbox 2532 4682 2718 4760; x_wconf 80' lang='lat' dir='ltr'><strong>gratia</strong></span> <span class='ocrx_word' id='word_1_666' title='bbox 2738 4671 2981 4762; x_wconf 88' lang='lat' dir='ltr'><strong>accepta</strong></span> <span class='ocrx_word' id='word_1_667' title='bbox 3001 4681 3456 4746; x_wconf 91' lang='lat' dir='ltr'><strong>retributionem</strong></span> <span class='ocrx_word' id='word_1_668' title='bbox 3482 4671 3841 4760; x_wconf 73' lang='lat' dir='ltr'><strong>Decrepende-</strong></span> 
     </span>
    </p>
   </div>
   <div class='ocr_carea' id='block_1_90' title="bbox 548 4763 3843 4852">
    <p class='ocr_par' dir='ltr' id='par_1_90' title="bbox 548 4763 3843 4852">
     <span class='ocr_line' id='line_1_90' title="bbox 548 4763 3843 4852; baseline -0.001 -21"><span class='ocrx_word' id='word_1_669' title='bbox 548 4768 732 4832; x_wconf 78' lang='lat' dir='ltr'><strong>fuisse</strong></span> <span class='ocrx_word' id='word_1_670' title='bbox 761 4767 838 4830; x_wconf 89' lang='lat' dir='ltr'><strong>ad</strong></span> <span class='ocrx_word' id='word_1_671' title='bbox 895 4766 1198 4830; x_wconf 90' lang='lat' dir='ltr'><strong>Christum</strong></span> <span class='ocrx_word' id='word_1_672' title='bbox 1256 4766 1551 4829; x_wconf 88' lang='lat' dir='ltr'><strong>civitatem</strong></span> <span class='ocrx_word' id='word_1_673' title='bbox 1597 4769 2194 4834; x_wconf 88' lang='lat' dir='ltr'><strong>Thessalonicensem</strong></span> <span class='ocrx_word' id='word_1_674' title='bbox 2275 4769 2376 4845; x_wconf 91' lang='lat' dir='ltr'><strong>rit,</strong></span> <span class='ocrx_word' id='word_1_675' title='bbox 2404 4769 2930 4832; x_wconf 89' lang='lat' dir='ltr'><strong>videamus....Dei</strong></span> <span class='ocrx_word' id='word_1_676' title='bbox 2955 4788 3205 4834; x_wconf 91' lang='lat' dir='ltr'><strong>munere</strong></span> <span class='ocrx_word' id='word_1_677' title='bbox 3232 4772 3519 4834; x_wconf 65' lang='lat' dir='ltr'><strong>doctrina;</strong></span> <span class='ocrx_word' id='word_1_678' title='bbox 3536 4773 3661 4852; x_wconf 85' lang='lat' dir='ltr'><strong>ejus</strong></span> <span class='ocrx_word' id='word_1_679' title='bbox 3685 4763 3843 4849; x_wconf 67' lang='lat' dir='ltr'><strong>purius</strong></span> 
     </span>
    </p>
   </div>
   <div class='ocr_carea' id='block_1_91' title="bbox 549 4856 3843 4938">
    <p class='ocr_par' dir='ltr' id='par_1_91' title="bbox 549 4856 3843 4938">
     <span class='ocr_line' id='line_1_91' title="bbox 549 4856 3843 4938; baseline -0.002 -17"><span class='ocrx_word' id='word_1_680' title='bbox 549 4874 925 4933; x_wconf 84' lang='lat' dir='ltr'><strong>conversam,</strong></span> <span class='ocrx_word' id='word_1_681' title='bbox 953 4856 1254 4938; x_wconf 87' lang='lat' dir='ltr'><strong>posterior</strong></span> <span class='ocrx_word' id='word_1_682' title='bbox 1271 4865 1479 4938; x_wconf 89' lang='lat' dir='ltr'><strong>aperte</strong></span> <span class='ocrx_word' id='word_1_683' title='bbox 1500 4858 1798 4923; x_wconf 87' lang='lat' dir='ltr'><strong>edicat.Et</strong></span> <span class='ocrx_word' id='word_1_684' title='bbox 1821 4879 1960 4922; x_wconf 87' lang='lat' dir='ltr'><strong>vero</strong></span> <span class='ocrx_word' id='word_1_685' title='bbox 1985 4864 2197 4924; x_wconf 89' lang='lat' dir='ltr'><strong>Deme-</strong></span> <span class='ocrx_word' id='word_1_686' title='bbox 2279 4856 2592 4918; x_wconf 81' lang='lat' dir='ltr'><strong>manifesta</strong></span> <span class='ocrx_word' id='word_1_687' title='bbox 2621 4856 3203 4938; x_wconf 83' lang='lat' dir='ltr'><strong>apparet.Judaicam</strong></span> <span class='ocrx_word' id='word_1_688' title='bbox 3237 4861 3419 4932; x_wconf 87' lang='lat' dir='ltr'><strong>enim,</strong></span> <span class='ocrx_word' id='word_1_689' title='bbox 3455 4859 3732 4922; x_wconf 86' lang='lat' dir='ltr'><strong>ethnicam</strong></span> <span class='ocrx_word' id='word_1_690' title='bbox 3753 4865 3843 4910; x_wconf 76' lang='grc' dir='ltr'>οτη-</span> 
     </span>
    </p>
   </div>
   <div class='ocr_carea' id='block_1_92' title="bbox 549 4941 3844 5034">
    <p class='ocr_par' dir='ltr' id='par_1_92' title="bbox 549 4941 3844 5034">
     <span class='ocr_line' id='line_1_92' title="bbox 549 4941 3844 5034; baseline -0.004 -23"><span class='ocrx_word' id='word_1_691' title='bbox 549 4948 757 5024; x_wconf 88' lang='lat' dir='ltr'><strong>trium,</strong></span> <span class='ocrx_word' id='word_1_692' title='bbox 782 4946 835 5012; x_wconf 90' lang='lat' dir='ltr'><strong>si</strong></span> <span class='ocrx_word' id='word_1_693' title='bbox 856 4965 974 5008; x_wconf 92' lang='lat' dir='ltr'><strong>non</strong></span> <span class='ocrx_word' id='word_1_694' title='bbox 1005 4947 1293 5026; x_wconf 77' lang='lat' dir='ltr'><strong>integram</strong></span> <span class='ocrx_word' id='word_1_695' title='bbox 1323 4965 1491 5008; x_wconf 87' lang='lat' dir='ltr'><strong>suam</strong></span> <span class='ocrx_word' id='word_1_696' title='bbox 1515 4947 1670 5009; x_wconf 85' lang='lat' dir='ltr'><strong>hanc</strong></span> <span class='ocrx_word' id='word_1_697' title='bbox 1689 4947 1988 5012; x_wconf 88' lang='lat' dir='ltr'><strong>civitatem</strong></span> <span class='ocrx_word' id='word_1_698' title='bbox 2021 4957 2194 5014; x_wconf 89' lang='lat' dir='ltr'><strong>nata-</strong></span> <span class='ocrx_word' id='word_1_699' title='bbox 2277 4963 2536 5026; x_wconf 89' lang='lat' dir='ltr'><strong>nemque</strong></span> <span class='ocrx_word' id='word_1_700' title='bbox 2592 4946 2765 5008; x_wconf 87' lang='lat' dir='ltr'><strong>aliam</strong></span> <span class='ocrx_word' id='word_1_701' title='bbox 2816 4947 2938 5010; x_wconf 92' lang='lat' dir='ltr'><strong>Deo</strong></span> <span class='ocrx_word' id='word_1_702' title='bbox 2992 4948 3292 5012; x_wconf 88' lang='lat' dir='ltr'><strong>inimicam</strong></span> <span class='ocrx_word' id='word_1_703' title='bbox 3325 4949 3600 5013; x_wconf 76' lang='lat' dir='ltr'><strong>hzeresim</strong></span> <span class='ocrx_word' id='word_1_704' title='bbox 3633 4941 3844 5034; x_wconf 47' lang='lat' dir='ltr'><strong>radicitus</strong></span> 
     </span>
    </p>
   </div>
   <div class='ocr_carea' id='block_1_93' title="bbox 548 5021 3844 5121">
    <p class='ocr_par' dir='ltr' id='par_1_93' title="bbox 548 5021 3844 5121">
     <span class='ocr_line' id='line_1_93' title="bbox 548 5021 3844 5121; baseline -0.005 -21"><span class='ocrx_word' id='word_1_705' title='bbox 548 5039 666 5101; x_wconf 90' lang='lat' dir='ltr'><strong>lem</strong></span> <span class='ocrx_word' id='word_1_706' title='bbox 684 5021 761 5100; x_wconf 80' lang='lat' dir='ltr'><strong>ab</strong></span> <span class='ocrx_word' id='word_1_707' title='bbox 779 5054 990 5100; x_wconf 90' lang='lat' dir='ltr'><strong>errore</strong></span> <span class='ocrx_word' id='word_1_708' title='bbox 1007 5036 1079 5099; x_wconf 91' lang='lat' dir='ltr'><strong>ad</strong></span> <span class='ocrx_word' id='word_1_709' title='bbox 1099 5021 1401 5100; x_wconf 72' lang='lat' dir='ltr'><strong>Christum</strong></span> <span class='ocrx_word' id='word_1_710' title='bbox 1427 5035 1695 5114; x_wconf 80' lang='lat' dir='ltr'><strong>adduxit,</strong></span> <span class='ocrx_word' id='word_1_711' title='bbox 1721 5039 1969 5102; x_wconf 90' lang='lat' dir='ltr'><strong>multum</strong></span> <span class='ocrx_word' id='word_1_712' title='bbox 1995 5049 2192 5102; x_wconf 85' lang='lat' dir='ltr'><strong>tamen</strong></span> <span class='ocrx_word' id='word_1_713' title='bbox 2278 5053 2411 5096; x_wconf 85' lang='lat' dir='ltr'><strong>esse</strong></span> <span class='ocrx_word' id='word_1_714' title='bbox 2438 5021 2513 5098; x_wconf 79' lang='lat' dir='ltr'><strong>ex</strong></span> <span class='ocrx_word' id='word_1_715' title='bbox 2543 5036 2680 5112; x_wconf 92' lang='lat' dir='ltr'><strong>hoc,</strong></span> <span class='ocrx_word' id='word_1_716' title='bbox 2716 5038 2875 5118; x_wconf 90' lang='lat' dir='ltr'><strong>quod</strong></span> <span class='ocrx_word' id='word_1_717' title='bbox 2924 5055 2958 5099; x_wconf 89' lang='lat' dir='ltr'><strong>a</strong></span> <span class='ocrx_word' id='word_1_718' title='bbox 2990 5035 3114 5100; x_wconf 91' lang='lat' dir='ltr'><strong>Deo</strong></span> <span class='ocrx_word' id='word_1_719' title='bbox 3143 5040 3498 5116; x_wconf 86' lang='lat' dir='ltr'><strong>custoditur,</strong></span> <span class='ocrx_word' id='word_1_720' title='bbox 3533 5032 3727 5104; x_wconf 90' lang='lat' dir='ltr'><strong>Christi</strong></span> <span class='ocrx_word' id='word_1_721' title='bbox 3748 5021 3844 5121; x_wconf 76' lang='lat' dir='ltr'><strong>ovili</strong></span> 
     </span>
    </p>
   </div>
   <div class='ocr_carea' id='block_1_94' title="bbox 545 5123 3844 5211">
    <p class='ocr_par' dir='ltr' id='par_1_94' title="bbox 545 5123 3844 5211">
     <span class='ocr_line' id='line_1_94' title="bbox 545 5123 3844 5211; baseline -0.002 -20"><span class='ocrx_word' id='word_1_722' title='bbox 545 5128 611 5192; x_wconf 90' lang='lat' dir='ltr'><strong>in</strong></span> <span class='ocrx_word' id='word_1_723' title='bbox 637 5147 709 5190; x_wconf 89' lang='lat' dir='ltr'><strong>ea</strong></span> <span class='ocrx_word' id='word_1_724' title='bbox 735 5127 881 5190; x_wconf 79' lang='lat' dir='ltr'><strong>ﬁdei</strong></span> <span class='ocrx_word' id='word_1_725' title='bbox 910 5127 1156 5188; x_wconf 85' lang='lat' dir='ltr'><strong>veritate</strong></span> <span class='ocrx_word' id='word_1_726' title='bbox 1203 5141 1322 5188; x_wconf 89' lang='lat' dir='ltr'><strong>non</strong></span> <span class='ocrx_word' id='word_1_727' title='bbox 1350 5125 1554 5207; x_wconf 87' lang='lat' dir='ltr'><strong>paucis</strong></span> <span class='ocrx_word' id='word_1_728' title='bbox 1577 5125 1845 5204; x_wconf 86' lang='lat' dir='ltr'><strong>imbutis,</strong></span> <span class='ocrx_word' id='word_1_729' title='bbox 1877 5128 2194 5209; x_wconf 89' lang='lat' dir='ltr'><strong>protulisse</strong></span> <span class='ocrx_word' id='word_1_730' title='bbox 2277 5123 2568 5198; x_wconf 85' lang='lat' dir='ltr'><strong>evulsam,</strong></span> <span class='ocrx_word' id='word_1_731' title='bbox 2603 5127 2914 5206; x_wconf 88' lang='lat' dir='ltr'><strong>cujusnam</strong></span> <span class='ocrx_word' id='word_1_732' title='bbox 2950 5128 3220 5208; x_wconf 89' lang='lat' dir='ltr'><strong>alterius,</strong></span> <span class='ocrx_word' id='word_1_733' title='bbox 3251 5148 3426 5211; x_wconf 86' lang='lat' dir='ltr'><strong>quam</strong></span> <span class='ocrx_word' id='word_1_734' title='bbox 3460 5138 3590 5211; x_wconf 88' lang='lat' dir='ltr'><strong>post</strong></span> <span class='ocrx_word' id='word_1_735' title='bbox 3615 5125 3769 5211; x_wconf 74' lang='lat' dir='ltr'><strong>Deum</strong></span> <span class='ocrx_word' id='word_1_736' title='bbox 3787 5131 3844 5174; x_wconf 70' lang='grc' dir='ltr'><strong>αι’</strong></span> 
     </span>
    </p>
   </div>
   <div class='ocr_carea' id='block_1_95' title="bbox 543 5209 3841 5300">
    <p class='ocr_par' dir='ltr' id='par_1_95' title="bbox 543 5209 3841 5300">
     <span class='ocr_line' id='line_1_95' title="bbox 543 5209 3841 5300; baseline -0.003 -19"><span class='ocrx_word' id='word_1_737' title='bbox 543 5219 828 5298; x_wconf 83' lang='lat' dir='ltr'><strong>fructum,</strong></span> <span class='ocrx_word' id='word_1_738' title='bbox 886 5216 1096 5279; x_wconf 90' lang='lat' dir='ltr'><strong>saltem</strong></span> <span class='ocrx_word' id='word_1_739' title='bbox 1155 5217 1336 5279; x_wconf 90' lang='lat' dir='ltr'><strong>etiam</strong></span> <span class='ocrx_word' id='word_1_740' title='bbox 1397 5234 1516 5277; x_wconf 92' lang='lat' dir='ltr'><strong>non</strong></span> <span class='ocrx_word' id='word_1_741' title='bbox 1567 5215 1824 5279; x_wconf 90' lang='lat' dir='ltr'><strong>obscure</strong></span> <span class='ocrx_word' id='word_1_742' title='bbox 1849 5217 2044 5280; x_wconf 89' lang='lat' dir='ltr'><strong>innuit</strong></span> <span class='ocrx_word' id='word_1_743' title='bbox 2075 5238 2192 5281; x_wconf 71' lang='lat' dir='ltr'><strong>saa-</strong></span> <span class='ocrx_word' id='word_1_744' title='bbox 2277 5215 2472 5276; x_wconf 87' lang='lat' dir='ltr'><strong>vitatis</strong></span> <span class='ocrx_word' id='word_1_745' title='bbox 2505 5217 2772 5295; x_wconf 78' lang='lat' dir='ltr'><strong>magistri</strong></span> <span class='ocrx_word' id='word_1_746' title='bbox 2821 5217 3136 5298; x_wconf 79' lang='lat' dir='ltr'><strong>(Demetrii</strong></span> <span class='ocrx_word' id='word_1_747' title='bbox 3196 5209 3502 5300; x_wconf 79' lang='lat' dir='ltr'><strong>nimirum)</strong></span> <span class='ocrx_word' id='word_1_748' title='bbox 3558 5209 3841 5300; x_wconf 57' lang='lat' dir='ltr'><strong>beneﬁciufl</strong></span> 
     </span>
    </p>
   </div>
   <div class='ocr_carea' id='block_1_96' title="bbox 546 5291 3842 5392">
    <p class='ocr_par' dir='ltr' id='par_1_96' title="bbox 546 5291 3842 5392">
     <span class='ocr_line' id='line_1_96' title="bbox 546 5291 3842 5392; baseline -0.002 -21"><span class='ocrx_word' id='word_1_749' title='bbox 546 5307 795 5392; x_wconf 86' lang='lat' dir='ltr'><strong>pissime</strong></span> <span class='ocrx_word' id='word_1_750' title='bbox 814 5291 943 5387; x_wconf 55' lang='lat' dir='ltr'><strong>iam</strong></span> <span class='ocrx_word' id='word_1_751' title='bbox 975 5306 1245 5369; x_wconf 86' lang='lat' dir='ltr'><strong>laudatus</strong></span> <span class='ocrx_word' id='word_1_752' title='bbox 1296 5304 1564 5370; x_wconf 82' lang='lat' dir='ltr'><strong>Joannes</strong></span> <span class='ocrx_word' id='word_1_753' title='bbox 1611 5304 2192 5392; x_wconf 87' lang='lat' dir='ltr'><strong>Thessalonicensis,</strong></span> <span class='ocrx_word' id='word_1_754' title='bbox 2276 5304 2525 5369; x_wconf 83' lang='lat' dir='ltr'><strong>est?.....</strong></span> <span class='ocrx_word' id='word_1_755' title='bbox 2549 5291 2822 5388; x_wconf 73' lang='lat' dir='ltr'><strong>Martyris</strong></span> <span class='ocrx_word' id='word_1_756' title='bbox 2836 5291 3060 5390; x_wconf 82' lang='lat' dir='ltr'><strong>quippe</strong></span> <span class='ocrx_word' id='word_1_757' title='bbox 3083 5309 3450 5389; x_wconf 88' lang='lat' dir='ltr'><strong>temporibus</strong></span> <span class='ocrx_word' id='word_1_758' title='bbox 3471 5291 3724 5371; x_wconf 77' lang='lat' dir='ltr'><strong>adversus</strong></span> <span class='ocrx_word' id='word_1_759' title='bbox 3746 5291 3842 5358; x_wconf 65' lang='lat' dir='ltr'><strong>reli‘</strong></span> 
     </span>
    </p>
   </div>
   <div class='ocr_carea' id='block_1_97' title="bbox 545 5391 3842 5480">
    <p class='ocr_par' dir='ltr' id='par_1_97' title="bbox 545 5391 3842 5480">
     <span class='ocr_line' id='line_1_97' title="bbox 545 5391 3842 5480; baseline -0 -21"><span class='ocrx_word' id='word_1_760' title='bbox 545 5391 715 5475; x_wconf 75' lang='lat' dir='ltr'><strong>cujus</strong></span> <span class='ocrx_word' id='word_1_761' title='bbox 731 5400 924 5459; x_wconf 71' lang='lat' dir='ltr'><strong>Graeca</strong></span> <span class='ocrx_word' id='word_1_762' title='bbox 959 5398 1232 5464; x_wconf 85' lang='lat' dir='ltr'><strong>verba,ad</strong></span> <span class='ocrx_word' id='word_1_763' title='bbox 1263 5399 1586 5457; x_wconf 76' lang='lat' dir='ltr'><strong>inStitutum</strong></span> <span class='ocrx_word' id='word_1_764' title='bbox 1619 5414 1874 5469; x_wconf 70' lang='lat' dir='ltr'><strong>praesens</strong></span> <span class='ocrx_word' id='word_1_765' title='bbox 1907 5391 2192 5471; x_wconf 78' lang='lat' dir='ltr'><strong>facientia,</strong></span> <span class='ocrx_word' id='word_1_766' title='bbox 2276 5394 2517 5474; x_wconf 84' lang='lat' dir='ltr'><strong>gionem</strong></span> <span class='ocrx_word' id='word_1_767' title='bbox 2568 5397 2870 5471; x_wconf 86' lang='lat' dir='ltr'><strong>inimicus,</strong></span> <span class='ocrx_word' id='word_1_768' title='bbox 2905 5398 2981 5459; x_wconf 90' lang='lat' dir='ltr'><strong>ad</strong></span> <span class='ocrx_word' id='word_1_769' title='bbox 3009 5399 3307 5476; x_wconf 87' lang='lat' dir='ltr'><strong>angustias</strong></span> <span class='ocrx_word' id='word_1_770' title='bbox 3351 5399 3612 5472; x_wconf 85' lang='lat' dir='ltr'><strong>adactus,</strong></span> <span class='ocrx_word' id='word_1_771' title='bbox 3636 5391 3842 5480; x_wconf 50' lang='lat' dir='ltr'><strong>sum)?</strong></span> 
     </span>
    </p>
   </div>
   <div class='ocr_carea' id='block_1_98' title="bbox 545 5473 3840 5568">
    <p class='ocr_par' dir='ltr' id='par_1_98' title="bbox 545 5473 3840 5568">
     <span class='ocr_line' id='line_1_98' title="bbox 545 5473 3840 5568; baseline -0.002 -21"><span class='ocrx_word' id='word_1_772' title='bbox 545 5473 676 5548; x_wconf 85' lang='lat' dir='ltr'><strong>utut</strong></span> <span class='ocrx_word' id='word_1_773' title='bbox 704 5484 1024 5548; x_wconf 83' lang='lat' dir='ltr'><strong>admodum</strong></span> <span class='ocrx_word' id='word_1_774' title='bbox 1061 5483 1311 5564; x_wconf 77' lang='lat' dir='ltr'><strong>prolixa,</strong></span> <span class='ocrx_word' id='word_1_775' title='bbox 1367 5481 1465 5545; x_wconf 90' lang='lat' dir='ltr'><strong>hic</strong></span> <span class='ocrx_word' id='word_1_776' title='bbox 1517 5493 1718 5544; x_wconf 84' lang='lat' dir='ltr'><strong>tamen</strong></span> <span class='ocrx_word' id='word_1_777' title='bbox 1759 5485 1976 5568; x_wconf 87' lang='lat' dir='ltr'><strong>adhuc,</strong></span> <span class='ocrx_word' id='word_1_778' title='bbox 2031 5487 2192 5568; x_wconf 91' lang='lat' dir='ltr'><strong>quod</strong></span> <span class='ocrx_word' id='word_1_779' title='bbox 2277 5473 2453 5548; x_wconf 77' lang='lat' dir='ltr'><strong>etiam</strong></span> <span class='ocrx_word' id='word_1_780' title='bbox 2505 5485 2784 5549; x_wconf 88' lang='lat' dir='ltr'><strong>scandala</strong></span> <span class='ocrx_word' id='word_1_781' title='bbox 2836 5486 3031 5548; x_wconf 88' lang='lat' dir='ltr'><strong>valide</strong></span> <span class='ocrx_word' id='word_1_782' title='bbox 3087 5473 3368 5562; x_wconf 77' lang='lat' dir='ltr'><strong>armavit;</strong></span> <span class='ocrx_word' id='word_1_783' title='bbox 3423 5488 3522 5550; x_wconf 89' lang='lat' dir='ltr'><strong>ubi</strong></span> <span class='ocrx_word' id='word_1_784' title='bbox 3555 5482 3752 5548; x_wconf 87' lang='lat' dir='ltr'><strong>tandem</strong></span> <span class='ocrx_word' id='word_1_785' title='bbox 3775 5473 3840 5532; x_wconf 65' lang='lat' dir='ltr'><strong>hic</strong></span> 
     </span>
    </p>
   </div>
   <div class='ocr_carea' id='block_1_99' title="bbox 544 5569 3941 5659">
    <p class='ocr_par' dir='ltr' id='par_1_99' title="bbox 544 5569 3941 5659">
     <span class='ocr_line' id='line_1_99' title="bbox 544 5569 3941 5659; baseline -0.001 -25"><span class='ocrx_word' id='word_1_786' title='bbox 544 5591 910 5655; x_wconf 71' lang='lat' dir='ltr'><strong>qumnque</strong></span> <span class='ocrx_word' id='word_1_787' title='bbox 939 5573 1016 5634; x_wconf 88' lang='lat' dir='ltr'><strong>de</strong></span> <span class='ocrx_word' id='word_1_788' title='bbox 1077 5575 1296 5635; x_wconf 86' lang='lat' dir='ltr'><strong>Sancto</strong></span> <span class='ocrx_word' id='word_1_789' title='bbox 1353 5590 1388 5635; x_wconf 84' lang='grc' dir='ltr'>θ</span> <span class='ocrx_word' id='word_1_790' title='bbox 1435 5571 1644 5635; x_wconf 88' lang='lat' dir='ltr'><strong>codice</strong></span> <span class='ocrx_word' id='word_1_791' title='bbox 1675 5572 1816 5634; x_wconf 91' lang='lat' dir='ltr'><strong>olim</strong></span> <span class='ocrx_word' id='word_1_792' title='bbox 1847 5573 2193 5640; x_wconf 69' lang='lat' dir='ltr'><strong>Mazarinmo</strong></span> <span class='ocrx_word' id='word_1_793' title='bbox 2280 5573 2646 5656; x_wconf 89' lang='lat' dir='ltr'><strong>(Demetrius</strong></span> <span class='ocrx_word' id='word_1_794' title='bbox 2670 5577 3178 5657; x_wconf 86' lang='lat' dir='ltr'><strong>nempe)statutus</strong></span> <span class='ocrx_word' id='word_1_795' title='bbox 3202 5595 3236 5639; x_wconf 91' lang='lat' dir='ltr'><strong>a</strong></span> <span class='ocrx_word' id='word_1_796' title='bbox 3257 5575 3379 5640; x_wconf 92' lang='lat' dir='ltr'><strong>Deo</strong></span> <span class='ocrx_word' id='word_1_797' title='bbox 3399 5587 3614 5659; x_wconf 86' lang='lat' dir='ltr'><strong>pastor,</strong></span> <span class='ocrx_word' id='word_1_798' title='bbox 3643 5569 3838 5659; x_wconf 56' lang='lat' dir='ltr'><strong>T119853“</strong></span> <span class='ocrx_word' id='word_1_799' title='bbox 3940 5587 3941 5598; x_wconf 75' lang='lat'>‘</span> 
     </span>
    </p>
   </div>
   <div class='ocr_carea' id='block_1_100' title="bbox 545 5649 3834 5749">
    <p class='ocr_par' dir='ltr' id='par_1_100' title="bbox 545 5649 3834 5749">
     <span class='ocr_line' id='line_1_100' title="bbox 545 5649 3834 5749; baseline 0.001 -22"><span class='ocrx_word' id='word_1_800' title='bbox 545 5649 846 5742; x_wconf 77' lang='lat' dir='ltr'><strong>descripta</strong></span> <span class='ocrx_word' id='word_1_801' title='bbox 872 5660 1190 5736; x_wconf 76' lang='lat' dir='ltr'><strong>habemus,</strong></span> <span class='ocrx_word' id='word_1_802' title='bbox 1226 5680 1298 5726; x_wconf 87' lang='lat' dir='ltr'><strong>ea</strong></span> <span class='ocrx_word' id='word_1_803' title='bbox 1362 5661 1487 5727; x_wconf 82' lang='lat' dir='ltr'><strong>fere</strong></span> <span class='ocrx_word' id='word_1_804' title='bbox 1537 5666 1738 5724; x_wconf 88' lang='lat' dir='ltr'><strong>omnia</strong></span> <span class='ocrx_word' id='word_1_805' title='bbox 1766 5665 1920 5743; x_wconf 82' lang='lat' dir='ltr'><strong>typis</strong></span> <span class='ocrx_word' id='word_1_806' title='bbox 1952 5665 2192 5743; x_wconf 85' lang='lat' dir='ltr'><strong>vulgare</strong></span> <span class='ocrx_word' id='word_1_807' title='bbox 2275 5649 2670 5730; x_wconf 80' lang='lat' dir='ltr'><strong>lonicensium</strong></span> <span class='ocrx_word' id='word_1_808' title='bbox 2699 5649 3296 5749; x_wconf 73' lang='lat' dir='ltr'><strong>patronus,alumnns</strong></span> <span class='ocrx_word' id='word_1_809' title='bbox 3317 5675 3377 5733; x_wconf 87' lang='lat' dir='ltr'><strong>et</strong></span> <span class='ocrx_word' id='word_1_810' title='bbox 3399 5649 3660 5747; x_wconf 73' lang='lat' dir='ltr'><strong>magister</strong></span> <span class='ocrx_word' id='word_1_811' title='bbox 3674 5649 3834 5742; x_wconf 59' lang='grc' dir='ltr'>ριἰῐδί·</span> 
     </span>
    </p>
   </div>
  </div>
