4020 6132
119 279 306 347 1105

1243 281 1302 343 S.
1342 281 1718 345 DEMETRII
1762 284 2162 349 MARTYRIS
2207 283 2426 349 ACTA-

3363 278 3516 349 1106

112 432 285 476 cans
323 413 582 496 (oportet
613 412 799 494 enim,
834 428 1113 476 sermone
1138 409 1212 473 ad
1244 410 1358 473 hoc
1390 411 2053 497 delapso,;mi-asuum
2114 418 2433 482 concilium
2494 415 2655 481 felici
2710 432 2995 481 successu
3054 414 3395 499 perﬁceret,
3444 418 3520 480 ad

113 503 349 567 randse
380 503 763 578 narrationis,
798 521 970 584 quam
1005 521 1038 563 e
1068 500 1393 581 majoribus
1441 503 1662 576 audivi.
1700 523 1797 567 me

118 593 520 675 meminisse)
582 602 748 655 recta
818 591 1088 653 doctrina
1143 589 1441 652 civitatem
1501 593 1791 673 implevit,

119 683 565 760 contrariaque
604 681 939 745 sentientes
972 679 1407 761 compressit...
1461 682 1574 745 Ast
1623 702 1793 761 quaa-

123 792 278 833 nam
314 773 416 835 illa
447 780 507 836 et
537 772 797 834 narratio
828 776 856 834 ?

219 861 326 924 40.
367 887 393 917 α
425 861 512 924 Ab
543 862 687 923 iis...
726 862 826 942 qui
852 858 1050 922 divina
1083 858 1406 940 prudenter
1425 868 1789 939 scrutantur,

124 950 545 1033 quzerebatur,
576 950 673 1030 qui
699 950 772 1011 de
804 947 906 1009 illo
932 948 1191 1012 civitatis
1213 956 1449 1012 amante
1478 958 1794 1013 coronato-

127 1060 258 1121 que
288 1059 323 1100 a
348 1039 468 1102 Deo
498 1048 753 1120 martyre
783 1038 945 1101 fama
974 1047 1090 1100 tam
1125 1037 1241 1099 late
1271 1047 1428 1099 esset
1458 1037 1697 1116 diffusa,
1728 1049 1794 1103 ut

130 1131 304 1192 illius
325 1140 511 1192 auctae
530 1128 753 1191 invidia
774 1128 1082 1190 stimulare
1109 1136 1247 1188 tunc
1273 1128 1664 1203 dominantis,
1691 1130 1793 1212 qui

128 1220 350 1291 illictin
373 1220 604 1281 civitate
624 1216 1147 1280 Thessalonicensi
1173 1216 1789 1296 nempe}versabatur,

130 1328 321 1371 aures
353 1308 631 1391 potuerit.
664 1308 749 1368 Ac
767 1304 1245 1387 respondebatur
1272 1325 1287 1369 :
1320 1303 1449 1367 Non
1484 1316 1601 1369 tam
1630 1326 1662 1368 e
1693 1326 1793 1369 sa-

137 1399 302 1460 natis
328 1416 433 1479 per
462 1396 791 1459 orationem
823 1394 1201 1474 corporibus,
1234 1413 1412 1473 quam
1459 1414 1528 1457 ex
1562 1398 1794 1457 anima-

139 1488 261 1551 bus
285 1487 735 1568 perdoctrinam
755 1484 1323 1564 mundatiszquando
1347 1484 1506 1546 enim
1530 1503 1565 1547 a
1584 1502 1797 1546 somno

137 1575 446 1650 excitavit,
482 1586 658 1657 atque
687 1594 721 1636 a
751 1573 871 1636 luto
903 1573 1267 1653 expurgavit,
1304 1591 1419 1653 quo
1450 1573 1510 1634 in
1542 1572 1793 1635 idolola-

138 1675 277 1729 triae
298 1666 431 1729 lacu
461 1665 649 1726 fetore
678 1682 746 1726 ac
777 1662 1030 1741 caligine
1061 1660 1503 1737 detinebantur,
1536 1661 1794 1742 animas,

1878 518 2146 571 sanctum
2173 508 2539 572 Demetrium
2572 506 2688 568 sibi
2732 515 2961 582 notum,
2991 506 3066 569 de
3099 507 3270 586 cujus
3300 506 3363 569 in
3418 525 3527 586 pa-

1879 599 2106 660 trandis
2138 598 2446 661 miraculis
2469 597 2686 658 virtute
2725 595 3057 658 inaudierat
3100 613 3236 658 sese
3266 596 3524 671 confert,

1880 688 2020 768 quid
2077 688 2193 749 sibi
2222 689 2297 749 sit
2354 685 2748 768 propositum,
2782 685 3064 760 declarat,
3121 702 3409 766 eumque,
3462 696 3529 746 ut

1878 776 2163 858 precibus
2187 778 2311 838 suis
2331 776 2446 837 sibi
2467 774 2647 854 adsit,
2675 774 2851 836 enixe
2875 782 3068 853 rogat.
3107 799 3134 830 α
3159 774 3523 850 Demetrius,

1878 876 1938 928 ut
1968 868 2048 927 ait
2096 867 2544 946 Metaphrastes,
2582 862 2833 944 perinde
2862 882 2929 925 ac
2959 863 3009 924 si
3068 862 3201 945 ipse
3230 872 3521 944 rogasset,

1875 975 1993 1017 non
2026 963 2220 1018 autem
2254 955 2465 1016 fuisset
2488 963 2749 1033 rogatus,
2784 952 3164 1033 exsequendo
3197 971 3521 1033 propemo-
3600 956 3607 961 ’

1876 1045 2015 1107 dum
2053 1044 2331 1125 praevenit
2365 1042 2811 1122 petitionem,et
2840 1042 2895 1104 ei
2919 1042 3205 1104 velociter
3237 1041 3521 1122 imposito

1878 1153 1972 1211 eo,
2007 1135 2161 1215 quod
2199 1134 2374 1195 estin
2407 1132 2666 1206 Christo,
2700 1130 3006 1210 signaculo
3058 1138 3176 1192 tam
3210 1132 3267 1192 in
3298 1131 3520 1203 fronte,

1876 1243 2051 1304 quam
2084 1224 2143 1284 in
2175 1222 2378 1297 corde,
2415 1240 2549 1283 cum
2600 1220 2844 1281 dimittit
2872 1220 3081 1282 dicens
3115 1239 3129 1282 :
3186 1218 3257 1282 Et
3286 1221 3520 1300 Lyaeum

1875 1317 2099 1386 vinces,
2136 1320 2193 1373 et
2249 1311 2370 1372 eris
2430 1318 2649 1389 martyr
2704 1308 2947 1372 Christi.
2993 1334 3021 1367 ι
3081 1307 3319 1385 Nestor,
3355 1308 3523 1370 hisce

1879 1403 2077 1465 Sancti
2110 1400 2305 1462 verbis
2334 1399 2667 1479 roboratus,
2696 1398 2757 1459 in
2785 1396 3041 1460 stadium
3074 1397 3232 1460 illico
3266 1396 3520 1478 prosilit,

1878 1510 2064 1568 seque
2121 1491 2194 1550 ad
2226 1492 2527 1569 singulare
2585 1506 2719 1550 cum
2752 1489 2920 1568 Lyaeo
2970 1495 3271 1549 certamen
3330 1488 3521 1567 palam

1880 1582 2073 1651 oﬂ‘ert,
2111 1578 2388 1642 omnibus
2417 1576 2727 1640 audaciam
2756 1578 2888 1657 ejus
2916 1574 3371 1638 admirantibus.

1959 1667 2849 1750 4'2.Imperatorjuvenem,sola
2876 1676 3229 1747 paupertate
3253 1665 3528 1743 adigente

138 1754 477 1837 spiritalem
500 1753 765 1818 Orientis
787 1751 1423 1833 plagam,cmlestisque
1454 1751 1605 1831 signi
1626 1751 1797 1813 suﬂi-
1823 1787 1858 1836 Β
1881 1765 2243 1835 desperatum
2267 1762 2321 1818 id
2345 1763 2569 1833 cepisse
2587 1759 2896 1817 concilium
2928 1760 3524 1830 opinatus,p€cuniam

142 1852 419 1908 mentum
449 1844 780 1919 Christum,
819 1859 1023 1902 verum
1056 1839 1244 1903 Deum
1264 1848 1555 1917 nostrum,
1591 1840 1793 1903 cordi~

1886 1850 1952 1910 ad
1986 1866 2120 1909 sese
2148 1847 2435 1909 arcessito
2466 1857 2678 1925 sponte
2709 1844 2903 1924 offert,
2921 1861 3180 1923 eumque
3210 1861 3285 1903 ne
3318 1861 3528 1922 pugnas

139 1934 261 1997 bus
284 1952 489 1995 eorum
526 1933 826 2010 inserens,
859 1937 1065 1992 sanata
1095 1930 1338 2011 quidem
1372 1947 1648 2010 corpora,
1685 1937 1796 1993 etsi

140 2025 326 2088 etiam
388 2032 446 2084 et
476 2019 818 2102 hujusmodi
868 2019 1091 2099 gratias,
1126 2018 1459 2081 secundum
1516 2018 1794 2082 meritum

142 2113 321 2190 datae,
342 2131 460 2173 non
486 2128 728 2191 parvum
761 2127 967 2171 eorum
995 2109 1095 2189 qui
1130 2126 1230 2170 eas
1251 2107 1551 2187 recipiunt
1584 2108 1647 2169 in
1674 2114 1796 2169 vir-

144 2212 274 2265 tute
324 2218 706 2280 progressum
762 2206 1031 2279 arguant,
1067 2198 1384 2278 gratuitum
1416 2196 1523 2258 Dei
1572 2197 1796 2259 donum

146 2289 998 2355 manifestant.Conversorum
1023 2305 1163 2349 vero
1185 2286 1256 2347 ad
1283 2287 1559 2367 pietatem
1584 2285 1799 2347 animai

142 2382 461 2445 immotum
487 2378 1077 2459 imperterritumque
1100 2376 1163 2438 in
1189 2376 1460 2438 docendo
1485 2393 1552 2437 ac
1570 2375 1798 2455 pericu-

147 2472 278 2533 losa
295 2469 640 2551 praedicatio
650 2486 724 2529 ne
735 2467 1477 2547 animum,geuerososque
1490 2464 1803 2544 ipsiusmet

146 2560 394 2639 gloriosi
425 2558 667 2621 athletas
687 2557 945 2619 sudores
966 2557 1275 2635 detegunt,
1302 2573 1419 2617 non
1454 2554 1551 2617 hic
1581 2554 1797 2628 solum,

150 2650 260 2712 sed
290 2649 516 2730 ubique
538 2646 772 2709 virtutis
801 2647 935 2727 ejus
964 2643 1391 2706 sublimitatem
1425 2642 1799 2706 manifestam

153 2739 541 2802 reddentes.)
556 2736 689 2799 Haec
711 2736 974 2799 Joannes
1005 2731 1802 2813 Tbessalonicensis,quibus

152 2849 322 2907 sane,
358 2827 641 2890 Sanctum
668 2823 884 2889 Christi
919 2824 1091 2886 fidem
1110 2842 1245 2885 cum
1278 2822 1472 2884 fructu
1496 2821 1670 2902 plane
1698 2821 1797 2882 in-

154 2919 305 2998 signi
333 2918 507 2980 etiam
543 2916 697 2978 inter
726 2914 892 2996 ipsos
919 2911 1511 2987 Thessalonicenses,
1540 2910 1651 2973 etsi
1700 2910 1799 2971 in-

157 3008 327 3069 terim
359 3009 537 3069 hosce
566 3022 779 3069 omnes
811 3003 917 3065 abs
975 3002 1076 3064 illo
1112 3002 1298 3062 fuisse
1328 3017 1650 3063 conversos
1682 3018 1800 3061 non

1877 1957 2009 2000 cum
2044 1936 2297 2009 viro,cui
2328 1934 2581 1996 multum
2604 1932 2834 1995 viribus
2862 1938 3028 1994 esset
3052 1932 3328 2004 inferior,
3357 1932 3525 2010 peri-

1875 2026 2007 2087 culo
2040 2043 2171 2085 sese
2201 2024 2597 2085 committeret
2625 2021 2999 2084 adhortatur.
3023 2018 3244 2083 Verum
3281 2018 3526 2092 Nestor,

1880 2114 2133 2195 pecunia
2182 2112 2514 2193 repudiata,
2548 2112 2721 2172 unice
2752 2128 2888 2171 sese
2925 2109 3172 2188 gloriam
3206 2108 3528 2189 superandi

1879 2204 2110 2284 Lyaeum
2171 2203 2385 2263 sectari
2446 2199 2808 2262 declarabat.
2841 2199 3103 2278 Pugnam
3156 2198 3379 2278 itaque,
3414 2215 3531 2259 an-

1880 2302 2102 2354 nuente
2151 2292 2540 2371 imperatore,
2574 2307 2711 2351 cum
2745 2290 2913 2368 Lyaeo
2959 2288 3071 2347 init
3096 2305 3374 2368 eumque,
3405 2288 3528 2347 Deo

1887 2382 2174 2446 Demetrii
2208 2379 2625 2461 invocata,ictu
2658 2377 2953 2457 extemplo
2987 2379 3045 2437 in
3078 2376 3259 2437 corde
3289 2392 3535 2456 percus-

1885 2491 2015 2534 sum
2070 2471 2237 2533 humi
2292 2478 2589 2532 mortuum
2627 2467 2965 2548 prosternit.
3022 2468 3354 2545 Imperator
3396 2465 3538 2525 hinc

1885 2563 2067 2624 iratus
2091 2580 2159 2624 ac
2185 2556 2797 2636 mmstus,magiaeque
2819 2573 2947 2616 rem
2972 2553 3532 2617 ascribens.Nesto-

1884 2670 2011 2713 rem
2037 2652 2112 2713 de
2137 2651 2247 2713 hac
2268 2649 2619 2727 interrogat,
2647 2642 3281 2724 bicquerristianum
3303 2641 3531 2703 nullum

1886 2741 2079 2818 magia
2108 2741 2218 2821 uti,
2251 2755 2436 2819 seque
2457 2754 2490 2797 a
2514 2734 2799 2800 Demetrii
2820 2739 3211 2821 omniumque
3242 2731 3531 2821 Christia-

1884 2849 2093 2891 norum
2128 2819 2248 2891 Deo
2279 2826 2545 2907 adjutum
2590 2824 2666 2885 de
2696 2826 2862 2903 Lyaeo
2897 2820 3176 2883 retulisse
3221 2819 3533 2880 victoriam

1881 2919 2225 2999 respondet.
2282 2916 2449 2990 Quod
2503 2934 2636 2977 cum
2686 2913 3010 2992 imperator
3036 2907 3535 2999 audivisset‘Ne-

1884 2996 2103 3071 storem
2137 3028 2207 3071 eo
2238 3008 2390 3088 ipso,
2425 3024 2541 3086 quo
2589 3002 2687 3065 hic
2718 3002 2949 3082 Lyaeum
2983 2999 3305 3078 occiderat,
3338 2996 3532 3088 gladio

154 3098 551 3177 dicat,relato,
583 3094 946 3178 praedicasse
975 3093 1252 3155 affirmat.
1276 3090 1398 3154 Nec
1426 3092 1541 3154 hoc
1576 3100 1801 3153 tantum
1822 3107 1863 3158 C
1882 3100 2056 3180 jubet
2084 3085 2365 3169 interfici,
2400 3085 2628 3176 sicque,
2651 3092 2843 3172 inquit
2870 3090 3327 3180 Metaphrastes,
3366 3111 3393 3142 ι
3420 3085 3535 3147 Ne-

151 3187 350 3248 verbis
377 3186 643 3249 recitatis
663 3183 928 3247 Joannes
951 3181 1189 3262 astruit,
1211 3197 1418 3243 Verum
1451 3181 1627 3243 etiam
1660 3181 1800 3242 inde

148 3277 360 3356 magis,
390 3294 565 3357 quam
602 3294 635 3337 e
678 3272 1003 3347 miraculis,
1039 3271 1254 3349 quibus
1294 3289 1429 3333 eum
1464 3270 1640 3332 etiam
1671 3270 1799 3332 cla-

144 3369 343 3430 ruisse
387 3364 610 3439 innuit,
641 3364 862 3425 factum
896 3379 1055 3437 esse,
1088 3370 1155 3421 ut
1202 3359 1599 3440 imperatoris,
1630 3360 1798 3439 cujus

141 3458 314 3539 jussu
330 3451 1194 3531 fuitoccisus,indignationem
1221 3448 1796 3513 incurrerit.Verum

152 3548 230 3609 de
256 3545 589 3624 occasione,
619 3562 735 3624 qua
756 3543 1011 3605 Sanctus
1028 3541 1158 3601 neci
1189 3540 1362 3600 datus
1390 3538 1596 3612 fuerit,
1628 3555 1796 3599 com-

156 3634 386 3697 modius
418 3632 787 3708 tractabitur,
818 3638 1127 3710 postquam
1173 3628 1201 3708 §
1232 3626 1530 3705 sequenti,
1564 3644 1694 3706 qua;
1723 3625 1799 3686 de

155 3722 398 3788 Nestore
430 3722 787 3803 Sanctoque,
820 3720 923 3801 qui
953 3720 1112 3797 huic,
1149 3716 1437 3796 singulari
1467 3715 1799 3777 certamine

161 3833 292 3876 cum
321 3813 487 3894 Lyaeo
510 3811 838 3893 gladiatore
867 3825 1284 3887 congressuro,
1311 3804 1708 3894 benedixerit,
1736 3803 1798 3894 in

160 3903 292 3967 Vita
318 3892 777 3982 aMetaphraste
807 3907 1106 3977 contexta,
1130 3896 1365 3975 aliaque
1392 3893 1670 3974 anonymi
1698 3892 1799 3974 qui

160 3994 299 4056 huic
332 3992 606 4073 prmluxit
638 3990 977 4069 traduntur,
1011 3986 1377 4050 examinaro.

158 4099 312 4181 ΞΝ.
342 4099 505 4176 Quid
528 4099 603 4161 de
631 4101 709 4181 iis
740 4113 924 4181 quisa
946 4095 1802 4181 Metap[trusteanonggnoque

244 4170 516 4262 quiwhtu'c
541 4170 834 4258 ρντῑιιυτὶὶι
860 4176 1074 4262 Sancti
1105 4170 1435 4254 biographo
1449 4172 1524 4234 de
1552 4170 1803 4234 Nestore

240 4256 557 4325 traduntur
590 4265 670 4323 sit
703 4256 1095 4321 censendum.

240 4370 337 4430 41.
369 4366 757 4447 Suppeditata
778 4384 813 4426 a
840 4364 1235 4444 Metaphraste
1252 4376 1677 4442 auonymoque
1701 4359 1800 4440 qui

1881 3176 2006 3252 stur
2034 3186 2453 3249 transmittitur
2481 3184 2553 3246 ad
2587 3182 2912 3254 Christum,
2948 3196 3124 3259 quem
3151 3176 3378 3249 dilexit,
3411 3184 3471 3237 et
3499 3193 3534 3236 a

1882 3298 2000 3359 quo
2032 3290 2159 3339 erat
2208 3282 2560 3356 accepturus
2591 3288 2838 3333 coronas
2888 3268 3151 3348 duplicis
3182 3264 3523 3359 victoria.)

1882 3351 2049 3428 Talia
2105 3373 2240 3426 sunt
2270 3351 2628 3441 compendio
2679 3359 2775 3420 hic
2808 3360 2922 3437 jam
2986 3356 3272 3436 exhibita,
3304 3372 3439 3431 quas
3467 3351 3531 3414 in

1882 3454 2345 3535 Metapbrastica
2370 3449 2571 3515 Sancti
2593 3447 2993 3528 Vita,aliaque
3019 3445 3321 3525 anonymi,
3351 3461 3383 3504 e
3414 3460 3531 3535 qua

1884 3531 2149 3623 haacputi
2201 3562 2269 3604 ex
2302 3559 2480 3621 supra
2506 3538 2778 3600 adductis
2828 3531 3520 3623 apparet,promanavit,

1882 3635 1956 3695 de
1979 3622 2221 3714 juvene,
2260 3630 2504 3692 nomine
2532 3626 2804 3702 Nestore,
2842 3633 3008 3705 parte
3052 3622 3228 3684 etiam
3261 3622 3324 3683 in
3381 3632 3521 3681 uar-

1880 3713 2023 3786 rati’s
2050 3730 2252 3784 sancto
2285 3718 2589 3783 Demetrio
2617 3716 2853 3795 tributa,
2886 3713 3252 3779 referuntur,

1958 3813 2287 3885 43,Verum
2310 3808 2473 3887 audi,
2502 3805 2608 3884 qui
2631 3803 3022 3867 Tillemonius
3044 3810 3186 3863 tom.
3220 3798 3270 3862 V
3298 3796 3522 3861 Monu-

1881 3911 2221 3967 mentorum
2246 3897 2944 3974 ecclesiasticommyag.
2975 3892 3094 3954 689
3124 3888 3527 3953 narrationem

1882 3998 2040 4055 illam
2078 3992 2417 4061 compendio
2441 3991 2610 4047 etiam
2632 3987 2846 4045 ibidem
2869 4003 2898 4042 a
2929 4000 3055 4042 sese
3086 3983 3397 4041 exbibitam
3428 3996 3533 4040 ex-

1885 4084 2028 4163 cipit
2056 4103 2068 4144 :
2106 4077 2391 4142 «Difficile
2431 4074 2764 4163 est,inquit,
2794 4070 3012 4163 (verbis
3041 4067 3304 4163 Gallicis,
3328 4068 3533 4163 Latine

1884 4156 1981 4237 hic
2035 4190 2069 4232 a
2130 4187 2223 4230 me
2274 4164 2549 4243 redditis)
2608 4161 2883 4225 fabulosa
2935 4160 3035 4221 illa
3067 4157 3433 4232 narratione,
3469 4156 3531 4216 in

1883 4282 2017 4345 qua,
2084 4257 2241 4342 quod
2315 4254 2574 4345 maxime
2654 4251 3021 4345 horrendum
3093 4246 3533 4345 Evangelioque

1884 4334 2220 4434 oppositum
2254 4354 2365 4419 est,
2398 4361 2505 4434 pro
2539 4341 2760 4434 Sancto
2784 4338 3064 4409 habetur,
3100 4336 3416 4434 quidpiam
3437 4334 3529 4434 of-

162 4422 305 4523 buic
326 4422 1523 4539 prmiurxit-éauctinosti'ibiographo‘de
1556 4422 1803 4511 Nestore
1826 4422 2140 4539 Dfensioni
2173 4422 2509 4539 praebendas
2555 4431 2741 4537 magis
2773 4437 2972 4534 aptum
3008 4427 3312 4539 magisque
3355 4422 3535 4539 Cliti-

164 4538 439 4632 quodam,
473 4564 603 4626 quae
653 4543 751 4606 hic
779 4540 1175 4605 examinanda
1230 4539 1413 4612 venit,
1450 4538 1708 4599 narratio
1746 4538 1804 4598 in

168 4626 581 4719 compendium
616 4642 943 4712 contracta,
973 4651 1045 4694 eo
1066 4632 1191 4691 fere
1224 4629 1433 4719 recidit
1459 4648 1480 4719 :_
1507 4626 1809 4719 Gladiator

168 4717 315 4801 erat,
348 4726 547 4807 Lyaeus
596 4723 961 4795 nominatus,
997 4720 1236 4781 natione
1298 4717 1645 4797 Wandalus,
1676 4717 1805 4793 qui,

171 4835 301 4879 cum
340 4820 611 4894 corporis
635 4812 853 4875 robore
884 4810 1147 4874 maxime
1164 4816 1467 4891 prastaret
1498 4824 1807 4883 quoscun-

170 4925 287 4985 que
317 4923 514 4967 secum
547 4902 837 4982 singulari
882 4902 1206 4961 certamine
1239 4915 1449 4961 manus
1480 4912 1810 4958 conseren-

172 5003 258 5058 tes
281 4994 450 5058 facile
470 4990 1080 5072 superabat,hincque
1109 4988 1395 5065 magnoin
1410 5003 1613 5048 amore
1633 4985 1808 5048 simul

173 5092 261 5147 est
306 5082 697 5144 aestimatione
726 5079 880 5159 apud
936 5078 1358 5157 imperatorem
1392 5075 1810 5138 Maximianum

175 5170 648 5242 erat.Accidit,ut
674 5169 769 5229 hic
786 5167 1230 5229 Thessalonicae
1253 5165 1561 5228 exhiberet
1579 5162 1806 5243 gladia-

173 5271 361 5325 torum
418 5258 849 5340 spectaculum,
885 5275 1141 5339 cumque
1189 5256 1396 5337 Lyaeus
1453 5252 1810 5334 gladiatores

174 5359 411 5413 czeteros
435 5345 871 5427 provocaretad
897 5342 1632 5419 certamen,omnibusque
1652 5348 1813 5404 esset

175 5438 405 5518 terrori,
438 5437 678 5516 quidam
731 5445 926 5497 tamen
974 5435 1238 5515 juvenis,
1275 5433 1519 5495 nomine
1568 5433 1809 5506 Nestor,

176 5531 315 5610 Lyaei
336 5526 674 5607 superbiam
699 5525 1225 5605 arrogantiamque
1255 5522 1413 5585 haud
1442 5521 1664 5596 ferens,
1698 5539 1813 5600 pu-

179 5637 300 5702 gnae
329 5635 462 5680 cum
505 5633 576 5677 eo
606 5615 793 5677 aleam
827 5616 1031 5677 subire
1062 5614 1351 5677 decrevit.
1383 5611 1579 5687 Quare
1610 5620 1673 5677 ut
1704 5611 1817 5672 hoc

1886 4537 2071 4593 stiano
2092 4532 2324 4590 homine
2359 4528 2661 4599 indignum
2694 4523 2974 4580 invenire.
3008 4519 3349 4578 Fabulosam
3374 4517 3533 4574 illam

1887 4619 2279 4702 appellamus,
2332 4613 2482 4702 quia
2505 4611 2667 4702 italis
2717 4617 2806 4671 est
2836 4613 2922 4702 _in
2979 4604 3275 4702 adj‘unctis
3313 4609 3533 4702 notata

1891 4692 2146 4772 maxime
2204 4692 2418 4783 dignis.
2451 4700 2700 4762 Photius
2754 4698 2915 4759 enim
2949 4704 3008 4757 et
3058 4692 3403 4757 Anastasius
3457 4692 3535 4752 de

1889 4796 2160 4865 Nestoris
2192 4801 2395 4855 contra
2424 4790 2655 4870 Lyaeum
2689 4787 3017 4849 certamine
3049 4786 3396 4865 loquuntur;
3426 4798 3534 4841 ve~

1893 4907 2024 4951 rum
2058 4906 2090 4947 a
2118 4884 2366 4946 Nestore
2417 4879 2750 4943 Christiano
2782 4874 3133 4948 asserendo,
3166 4872 3291 4933 sive
3335 4876 3534 4931 certa-

1894 4978 2040 5040 mini
2073 4973 2321 5053 scilicet)
2349 4977 2553 5032 sancto
2582 4965 2884 5029 Demetrio
2916 4960 3302 5053 admiscendo
3324 4957 3534 5020 sedulo

1892 5066 2212 5130 abstinent.
2248 5052 2375 5125 lmo
2432 5077 2507 5121 ne
2556 5055 2798 5134 quidem
2850 5052 3273 5116 Maximianum
3319 5065 3531 5110 necem

1892 5156 2127 5219 Nestori
2172 5150 2376 5213 inferri
2436 5146 2687 5228 jussisse
2736 5149 3099 5217 asseverant,
3133 5140 3240 5202 sed
3303 5145 3532 5228 tantum

1892 5244 2182 5329 promissa
2211 5236 2641 5321 gladiatoribus
2695 5232 3025 5296 victoriosis
3059 5228 3302 5329 praemia
3329 5227 3384 5289 ei
3414 5243 3535 5326 non

1892 5313 2151 5398 dedisse.
2213 5313 2604 5391 “Manifestum
2636 5325 2834 5404 itaque
2890 5327 2983 5382 est
3038 5319 3270 5397 reliqua
3335 5313 3537 5376 omnia

1893 5421 2130 5488 veritati
2187 5418 2372 5481 fuisse
2418 5415 2672 5495 adjecta,
2706 5413 2885 5493 idque
2944 5405 3364 5470 verosimiliter
3405 5409 3536 5483 post

1897 5512 2174 5578 saeculum
2209 5524 2456 5581 nonum,
2487 5503 2561 5567 ab
2590 5501 2951 5566 homonibus
2990 5495 3252 5560 historia
3278 5508 3542 5581 tequeac

1901 5601 2190 5667 doctrinae
2235 5595 2610 5677 Evangelicw
2657 5590 2898 5674 ignaris.
2938 5612 2961 5648 ι
2996 5584 3083 5650 Ita
3111 5586 3397 5651 hactenus
3441 5580 3540 5645 ille
