4020 6132
526 276 550 342 1
569 274 678 343 107
1885 268 2182 337 SUPPLEI

2267 269 2531 333 INTUM.
3721 279 3833 347 1108

525 418 586 474 e't
613 427 759 473 sane
787 408 945 472 haud
977 406 1301 472 immerito.
1337 406 1608 469 Attamen
1640 404 1798 487 quod
1829 405 1905 468 de
1935 407 2167 490 iisquae
2187 410 2224 463 Α
2249 406 2474 467 fortans
2495 424 2774 468 coronam
2802 405 2979 487 capiti
3010 407 3142 487 ejus
3174 406 3715 492 imposuit.Verum
3735 415 3838 479 dum

523 500 757 564 veritati
813 519 846 561 a
875 500 1090 562 Photio
1123 506 1180 560 et
1228 497 1533 586 Anastasio
1575 495 1789 586 relata),
1813 503 1942 576 post
1970 514 2165 586 saecu-
2249 495 2576 586 imperator
2623 496 2909 586 cogitaret
2941 495 3306 586 Demetrium
3341 520 3472 562 cum
3507 502 3680 564 Libeo
3701 523 3840 586 expe-

525 592 649 653 lum
671 608 894 651 nonum
931 587 1166 650 tandem
1192 585 1683 665 fuerintadjecta,
1707 585 1981 659 afﬁrmat,
2023 585 2167 647 mihi
2249 585 2375 659 riri,
2410 584 2623 647 Nestor
2652 585 2897 662 quidam
2954 584 3322 651 Christianus
3375 609 3436 651 se
3469 601 3642 654 nocte
3687 584 3844 656 sancto

525 678 979 758 haudquaquam
1061 682 1292 737 certum
1364 683 1629 754 apparet.
1703 673 1919 734 Eadem
2008 674 2166 734 enim
2249 673 2549 736 Demetrio
2573 674 3038 755 obtulitdicens,
3077 678 3561 756 quodcertamen
3588 682 3845 745 hocassu-

528 769 726 830 omnia
771 765 948 826 etiam
978 765 1038 825 in
1092 762 1244 836 Vita,
1279 764 1542 826 secundo
1572 763 1702 825 loco
1748 763 2000 836 edenda,
2037 782 2169 843 quae
2259 781 2422 852 mere
2453 763 2870 839 deliberasset,
2902 783 3144 844 rogans,
3177 775 3234 828 ut
3262 777 3505 830 sanctus
3549 782 3744 850 martyr
3773 793 3847 852 pro

526 873 885 936 anonymum
908 853 1087 914 habet
1107 860 1434 932 auctorem,
1464 860 1805 927 occurrunt,
1833 853 2074 932 haecque
2105 871 2175 913 ex

527 963 710 1025 supra
740 943 915 1004 dictis
945 942 1163 1004 saeculo
1194 961 1352 1004 nono
1402 942 1839 1015 verosimiliter,
1872 943 1992 1002 imo
2026 943 2176 1003 forte

526 1034 703 1095 etiam
753 1032 970 1094 saeculo
1003 1049 1106 1094 VIII
1155 1041 1256 1093 aut
1285 1049 1363 1094 vn
1399 1041 1487 1094 est
1530 1033 1849 1107 antiquior.
1909 1031 2029 1094 Nec
2061 1041 2169 1103 est,

526 1123 682 1204 quod
716 1140 1067 1202 reponas,ea
1087 1122 1286 1184 omnia
1307 1142 1342 1184 a
1368 1126 1596 1186 Joanne
1624 1122 2168 1196 Thessalonicensi,

529 1211 728 1274 saeculi
764 1228 837 1273 vn
868 1211 1182 1291 scriptore,
1218 1230 1395 1291 supra
1450 1211 1777 1292 saepissime
1809 1212 2043 1274 laudato
2075 1214 2174 1273 in—

525 1303 737 1379 fraque
795 1300 1112 1376 laudando,
1149 1321 1266 1363 non
1297 1302 1778 1363 commemorari.
1815 1305 1956 1363 Cum
2014 1302 2171 1364 enim

528 1390 624 1452 hic
680 1390 940 1469 martyrii
1001 1408 1036 1451 a
1093 1389 1305 1451 Sancto
1363 1391 1595 1452 tolerati
1651 1408 1726 1451 ne
1783 1390 2172 1453 substantiam

528 1479 769 1558 quidem
801 1478 1030 1556 uspiam
1064 1488 1291 1554 narret,
1327 1479 1562 1540 silentio
1605 1481 1714 1541 abs
1745 1479 1870 1560 illo,
1904 1500 2036 1560 qua;
2069 1499 2174 1561 pro

527 1569 710 1647 hujus
763 1567 1045 1629 duntaxat
1092 1568 1387 1648 adjunctis
1442 1568 1647 1630 haberi
1699 1577 1960 1650 possent,
1995 1570 2176 1632 fuisse

529 1657 829 1739 praeterita
859 1657 1075 1718 mirum
1106 1676 1222 1718 non
1251 1667 1359 1719 est.

2257 870 2322 913 se
2347 851 2666 914 Dominum
2691 861 2912 914 oraret.
2949 853 3058 924 Qui
3083 854 3155 915 ab
3180 875 3251 917 eo
3284 858 3645 920 confortatus
3666 861 3751 923 die
3775 851 3847 924 se-

2257 947 2451 1016 quenti
2474 947 2804 1016 imperatori
2829 961 2890 1001 se
2915 950 3290 1017 praesentuvit,
3316 964 3490 1021 seque
3513 952 3847 1011 Chri;tianum

2258 1030 2534 1120 asseruit,
2569 1031 2826 1092 offerens
2857 1050 2922 1093 se
2953 1051 3086 1092 cum
3147 1033 3331 1096 Libeo
3362 1035 3670 1118 dimicare,
3701 1049 3749 1101 et
3775 1059 3847 1120 pro

2258 1119 2558 1181 Demetrio
2577 1129 2882 1182 certamen
2907 1124 3391 1186 assumere.Dum
3413 1133 3613 1188 autem
3647 1119 3846 1208 impera-

2258 1216 2350 1269 tor
2401 1209 2566 1270 illum
2601 1209 2878 1288 precibus
2932 1213 3244 1274 retrahere
3275 1215 3393 1275 non
3436 1226 3661 1294 posset,
3697 1218 3846 1278 victori

2260 1316 2508 1358 munera
2540 1298 2832 1377 promisit.
2864 1297 3083 1361 Nestor
3104 1301 3282 1379 igitur
3302 1303 3575 1366 duellum
3609 1307 3849 1384 ingressus

2258 1387 2504 1448 Libeum
2527 1387 2597 1447 ad
2625 1396 2843 1448 terram
2870 1391 3179 1467 prostravit
3200 1398 3258 1452 et
3277 1401 3635 1472 prostratum
3661 1396 3848 1457 occidit.

2258 1477 2586 1554 Imperator
2607 1484 2798 1536 autem
2827 1477 2938 1538 hoc
2960 1478 3186 1553 videns,
3214 1489 3267 1540 et
3293 1483 3850 1560 gigantem,Christia-

2258 1583 2466 1625 norum
2504 1565 3061 1639 ultorem,amisisse
3085 1568 3297 1632 dolens
3325 1581 3536 1633 contra
3568 1574 3693 1652 ejus
3718 1593 3851 1653 spon-

2258 1653 2488 1716 sionem
2518 1656 2828 1715 Nestorem
2851 1673 2884 1715 a
2914 1655 3118 1717 militia
3145 1658 3391 1721 solvitet
3421 1660 3498 1722 de
3523 1662 3741 1723 civitate
3761 1665 3850 1741 eje-

606 1748 710 1811 44.
759 1745 1005 1820 Verum,
1042 1755 1169 1808 utut
1198 1765 1297 1808 res
1349 1747 1583 1822 habeat,
1619 1766 1685 1809 ea
1719 1749 1996 1828 equidem
2045 1768 2175 1830 qua
2200 1769 2234 1818 Β
2257 1743 2336 1804 cit
2372 1764 2387 1819 ;
2442 1742 2808 1804 Demetrium
2843 1763 3104 1825 quoque,
3141 1747 3239 1825 qui
3302 1749 3430 1828 ejus
3477 1750 3854 1811 interfectionis

530 1848 814 1918 quantum
838 1836 910 1896 ad
944 1837 1255 1899 Nestorem
1279 1855 1310 1898 a
1345 1837 1538 1899 Photii
1559 1845 1616 1898 et
1644 1837 1936 1900 Anastasii
1962 1857 2172 1899 narra-

530 1929 691 1988 tione
705 1925 1200 2006 absunt,ideoque
1221 1926 1378 1987 velut
1400 1927 1679 2007 figmenta
1708 1928 1899 1989 verbis
1915 1929 2174 1990 recitatis

530 2017 930 2076 Tillemootius
961 2019 1168 2090 rejicit,
1202 2022 1386 2091 reipsa
1409 2023 1576 2078 etiam
1600 2036 1721 2078 esse
1750 2021 2016 2092 ﬁgmenta
2052 2024 2173 2078 exi-

533 2107 731 2167 stimo.
767 2105 850 2165 Ac
883 2103 1074 2184 primo
1105 2105 1368 2186 quidem,
1396 2117 1486 2185 ut,
1512 2125 1619 2168 cur
1648 2107 1778 2168 haec
1803 2108 1944 2168 mihi
1973 2109 2178 2170 sedeat

533 2193 846 2266 sententia,
879 2193 1055 2256 modo
1078 2213 1392 2275 exponam,
1420 2197 1718 2276 quaejusta
1737 2196 1969 2258 Nestori
2001 2217 2177 2260 causa

532 2300 658 2342 esse
677 2285 949 2355 potuit.ut
971 2289 1268 2343 certamini
1285 2289 1563 2358 singulari
1589 2303 1713 2345 sese
1736 2303 1928 2346 contra
1946 2291 2174 2360 Lyaeum

533 2368 938 2430 committeret
970 2368 995 2429 ἲ
1023 2367 1237 2448 Hujus,
1273 2377 1336 2432 ut
1363 2371 1549 2444 aiunt,
1576 2372 1872 2451 superbia)
1900 2391 2179 2450 arrogan-

534 2458 748 2538 tiaeque
777 2457 1115 2538 frangenda;
1144 2460 1481 2524 consilium.
1517 2461 1732 2523 Verum
1767 2461 1903 2538 quis
1936 2463 2019 2523 vel
2053 2463 2176 2524 solo

531 2548 646 2609 hoc
691 2566 762 2610 ex
792 2550 984 2629 capite
1010 2549 1236 2612 facinus
1289 2551 1652 2629 bujusmodi,
1692 2551 1890 2610 divina
1921 2551 2048 2628 lege
2079 2568 2178 2612 se-

531 2636 844 2700 verissime
891 2639 1157 2714 vetitum,
1195 2658 1230 2702 a
1260 2659 1375 2718 quo
1433 2649 1492 2700 et
1519 2640 1861 2718 Christiani,
1896 2639 1980 2700 uti
2027 2640 2180 2701 infra

534 2727 784 2802 docebo,
841 2728 1096 2790 maxime
1154 2729 1576 2808 abhorrebant,
1637 2729 1778 2790 satis
1833 2739 2177 2790 excusatum

533 2824 712 2895 atque
737 2835 769 2876 a
790 2834 944 2878 noxa
965 2819 1228 2880 immune
1251 2817 1623 2899 pronuntiet?
1657 2819 1974 2880 Enimvero
2007 2820 2181 2898 longe

538 2905 860 2986 aliter,qui.
895 2907 1052 2986 quod
1079 2910 1234 2986 apud
1259 2911 1498 2970 Petrum
1533 2907 1606 2968 de
1623 2906 1933 2971 Natalibus
1956 2908 2061 2970 lib.
2097 2925 2176 2982 1x,

541 3015 672 3077 cap.
709 2998 826 3060 110
854 3005 1062 3078 exstat,
1091 2997 1290 3060 Sancti
1321 2999 1505 3060 nostri
1539 2999 1825 3079 elogium,
1851 3001 1971 3061 sive
2004 3001 2054 3060 is
2087 3001 2184 3059 in-

542 3086 714 3148 terim
742 3085 998 3166 ipsemet
1023 3085 1262 3168 Petrus,
1296 3087 1417 3150 sive
1445 3088 1597 3149 alius
1627 3088 2002 3168 quiscunque
2033 3087 2181 3148 scri—

539 3184 678 3257 ptor
733 3176 834 3249 sit,
868 3176 1124 3253 primum
1158 3179 1481 3257 contexuit,
1515 3177 1888 3238 existimasse
1933 3177 2183 3238 videtur.

537 3264 774 3326 Etenim
807 3266 1068 3344 suscepti
1113 3283 1146 3325 a
1171 3267 1423 3328 Nestore
1453 3275 1656 3326 contra
1713 3265 1946 3344 Lyaeum
1981 3267 2186 3344 singu-

541 3353 689 3414 laris
714 3352 1057 3414 certaminis
1089 3373 1347 3428 causam,
1383 3374 1513 3435 quae
1547 3356 1790 3416 multum
1825 3373 1860 3415 a
1882 3356 2003 3435 jam
2033 3357 2189 3416 dicta

541 3442 759 3515 differt,
795 3441 1028 3520 allegat.
1062 3445 1182 3506 Res
1233 3443 1487 3523 elogium
1526 3444 1698 3520 illud,
1734 3444 1792 3504 in
1838 3465 1954 3524 quo
1987 3446 2188 3525 Lyaeus

539 3549 781 3613 semper
803 3533 1026 3594 Libens
1050 3533 1668 3614 vocatur,inspicienti
1695 3543 1978 3614 patescet;
2004 3535 2186 3613 quod,

539 3623 676 3705 quia
701 3622 885 3684 hacin
902 3633 1070 3703 parte
1097 3627 1271 3703 plane
1292 3624 1591 3704 singulare
1621 3624 1950 3704 seduloque
1981 3624 2149 3685 discu
2167 3659 2187 3668 -

539 3712 807 3775 tiendum
841 3721 949 3786 est,
976 3714 1268 3792 integrum
1304 3713 1708 3789 fere,omissis
1745 3715 2189 3790 duntaxat,qua3

539 3806 606 3864 ad
630 3806 1081 3871 venerationem,
1104 3823 1132 3863 a
1158 3809 1390 3870 Leonio,
1421 3807 1632 3878 Illyrici
1659 3807 1948 3876 praefecto,
1981 3807 2189 3862 Sancto

544 3889 868 3952 exhibitam
903 3900 1193 3970 spectant,
1230 3893 1344 3952 huc
1399 3891 1755 3953 transcribo.
1787 3889 2190 3970 Sequentibus

545 3980 710 4041 hisce
739 3979 934 4041 verbis
956 3981 1288 4060 concipitur
1314 3999 1327 4043 :
1372 3980 1764 4060 «,Demetrius
1789 3989 2008 4060 martyr
2037 3979 2189 4059 apud

544 4067 1030 4130 Thessalonicam
1053 4070 1348 4132 civitatem
1373 4089 1576 4150 passus
1603 4080 1693 4133 est
1717 4069 2189 4131 subMaximiano

546 4157 1046 4238 imperatore.Hic
1065 4179 1098 4221 a
1129 4162 1564 4240 suajuventute
1587 4159 1962 4222 Christianus
1987 4166 2046 4218 et
2075 4157 2194 4218 Deo

541 4247 804 4310 serviens
863 4248 1078 4312 nobilis
1138 4251 1250 4311 fuit
1315 4251 1456 4311 civis
1514 4249 1699 4329 ipsius
1758 4247 2194 4309 Thessalonicw

541 4336 795 4398 civitatis
848 4348 903 4399 et
961 4340 1134 4400 miles
1183 4349 1442 4418 strenus,
1478 4338 1578 4417 qui
1633 4345 1835 4398 tamen
1890 4334 2190 4397 Christum

2256 1850 2430 1894 causa
2459 1833 2670 1905 fuerat,
2701 1835 2881 1911 jussit
2917 1835 2977 1894 in
3030 1853 3274 1897 carcere
3303 1838 3520 1902 occidi.
3555 1840 3754 1902 Milites
3777 1859 3850 1900 au-

2257 1929 2372 1982 tem
2406 1921 2477 1982 ad
2509 1939 2810 1982 carcerem
2845 1933 3154 1998 venerunt,
3183 1934 3241 1984 et
3272 1926 3532 2004 gladium
3561 1930 3617 1990 in
3649 1929 3761 2007 ejus
3781 1948 3851 2007 pe-

2257 2021 2426 2072 ctore
2457 2011 2889 2074 demerserunt.
2931 2011 3148 2093 Sicque
3181 2033 3354 2076 orans
3385 2036 3524 2078 cum
3561 2019 3739 2097 palma
3768 2018 3848 2077 mi-

2257 2099 2446 2178 gravit
2492 2101 2564 2162 ad
2619 2100 2958 2176 Dominum,
2997 2103 3178 2182 Cujus
3220 2123 3433 2184 corpus
3488 2126 3522 2168 a
3558 2107 3851 2169 Christianis

2261 2189 2620 2251 occultatum
2669 2199 2754 2251 est
2784 2199 3026 2271 propter
3075 2194 3350 2254 timorem
3413 2214 3780 2275 paganorum,
3807 2197 3846 2255 in

2263 2297 2375 2357 quo
2427 2277 2556 2340 loco
2585 2279 2741 2340 Deus
2775 2279 3069 2343 mirabilia
3116 2283 3496 2365 operabatur,
3533 2287 3628 2347 ubi
3658 2297 3846 2348 concio-

2259 2383 2388 2426 rum
2415 2367 2794 2446 aegritudines
2824 2369 3204 2433 sanabantur.
3249 2396 3271 2431 υ

2338 2456 2439 2519 46.
2473 2457 2579 2528 Qui
2607 2458 2804 2537 itaque
2834 2460 2943 2521 hoc
2978 2462 3163 2522 sancti
3197 2463 3485 2525 Demetrii
3516 2465 3749 2542 clogium
3775 2481 3846 2523 seu

2262 2545 2622 2621 encomium,
2657 2566 2689 2608 a
2711 2547 3161 2628 Metaphrastica
3195 2552 3324 2631 ejus
3353 2551 3489 2615 Vita
3520 2560 3579 2617 in
3610 2552 3847 2615 nonnullis

2264 2642 2549 2714 praaterea
2571 2636 2724 2712 aliis,
2763 2638 2858 2699 hic
2883 2647 3109 2713 tamen,
3136 2640 3291 2720 quod
3326 2642 3401 2704 ad
3434 2662 3697 2723 praesens
3721 2643 3844 2703 insti-

2265 2731 2454 2784 tutum
2477 2743 2595 2785 non
2621 2726 2980 2802 faciant,non
3009 2731 3437 2812 examinandis,
3463 2733 3744 2813 adjunctis
3760 2732 3843 2791 dis-

2263 2831 2501 2903 sonans,
2529 2816 2849 2892 contexuit,
2880 2815 3188 2879 Nestorem
3212 2830 3417 2882 contra
3440 2821 3790 2903 Lymummon
3805 2828 3840 2878 ut

2265 2902 2444 2981 hujus
2467 2904 2770 2965 audaciam
2789 2906 3202 2984 superbiamve
3224 2902 3656 2988 frangeret,sed
3691 2918 3743 2970 ut
3766 2918 3806 2971 et
3825 2925 3845 2966 a

2269 2991 2601 3071 periculoso
2627 2993 2795 3055 hoste
2827 2995 3213 3070 Christianos,
3244 3017 3494 3078 quorum
3516 3003 3637 3080 jam
3668 2999 3844 3072 multos,

2207 3135 2245 3184 Ο
2269 3084 2549 3180 singulari
2569 3099 2700 3141 cum
2724 3088 2806 3143 eis
2838 3088 3190 3158 imperatoris
3216 3091 3382 3161 jussu
3413 3094 3558 3150 inito
3579 3092 3846 3150 certamine.

2275 3171 2320 3228 is
2352 3167 2670 3243 occiderat,
2708 3171 2989 3233 liberaret
3016 3194 3030 3250 ;
3062 3181 3121 3235 et
3169 3193 3298 3235 cum
3327 3178 3538 3238 eodem
3571 3171 3845 3238 decertandi

2272 3259 2624 3320 necessitate
2675 3259 3039 3323 Demetrium
3093 3263 3405 3341 eximeret,
3443 3267 3714 3344 singulari
3756 3278 3847 3323 sese

2269 3348 2572 3408 certamini
2597 3350 2988 3428 commisisse,
3021 3352 3216 3414 verbis
3233 3355 3516 3429 recitatis,
3540 3367 3598 3417 ut
3613 3356 3722 3416 haec
3740 3368 3848 3414 con-

2271 3436 2558 3498 sideranti
2580 3441 3176 3518 patescet,memoriae
3205 3443 3422 3522 prodit.
3455 3446 3671 3508 Verum
3701 3443 3760 3503 sit
3777 3441 3847 3510 ita,

2272 3526 2544 3604 equidem
2572 3546 2681 3589 nec
2702 3528 2788 3588 sic
2811 3531 3032 3593 Nestor
3050 3529 3276 3612 absque
3297 3552 3448 3595 noxa
3472 3531 3734 3613 singulari
3752 3542 3848 3590 sese

2272 3624 2476 3676 contra
2494 3616 2729 3696 Lyaeum
2766 3619 3079 3681 certamini
3100 3623 3470 3684 committere
3507 3621 3754 3702 potuerit.
3776 3615 3848 3677 Et-

2269 3705 2428 3766 enim
2480 3714 2544 3766 ut
2575 3706 2938 3768 Christianus
2987 3711 3238 3791 quisque
3267 3711 3356 3773 vel
3407 3714 3590 3793 ipsos,
3621 3729 3652 3773 a
3689 3705 3849 3790 quibus

2274 3793 2412 3855 ﬁdei
2434 3811 2611 3856 causa
2634 3797 3104 3874 persecutionem
3141 3799 3345 3862 fideles
3378 3803 3846 3881 patiuntur,tyran-

2274 3902 2382 3944 nos
2412 3883 2500 3944 vel
2533 3885 2743 3946 horum
2795 3886 2970 3948 etiam
3002 3888 3284 3952 duntaxat
3335 3890 3690 3954 crudelitatis
3716 3881 3848 3947 mini-

2274 3988 2422 4034 SII‘OS
2445 3978 2750 4062 interimat,
2789 3981 3205 4047 interimereve,
3241 3983 3325 4040 uti
3352 3985 3444 4041 hic
3465 3984 3688 4042 indubia
3701 3980 3848 4062 Nestor

2275 4061 2505 4134 fecerit,
2564 4062 2853 4139 intendat,
2887 4065 3192 4144 religionis
3239 4068 3586 4130 Christiana:
3625 4061 3847 4128 sanctitati

2276 4159 2584 4230 repugnat,
2615 4170 2727 4212 nec
2760 4152 3246 4236 quidquam,quo
3277 4156 3335 4217 id
3373 4175 3506 4218 cum
3536 4159 3656 4236 lege
3681 4151 3841 4218 divina,

2276 4240 2664 4302 homicidium
2691 4247 3228 4326 vetante,componi
3253 4255 3552 4327 utcunque
3581 4249 3744 4326 queat,
3769 4254 3842 4297 ου’

2277 4329 2713 4390 curritAdhaec
2739 4349 2874 4392 cum
2899 4332 3200 4412 equidem,
3227 4335 3396 4414 Lyaeo
3419 4338 3631 4410 occiso,
3657 4327 3838 4393 faculta-

540 4425 859 4518 Dominum
892 4428 1252 4508 praedicabat
1283 4439 1342 4490 et
1377 4428 1595 4488 multos
1624 4427 1718 4518 ad_
1734 4425 1920 4518 tidem
1943 4442 2190 4518 conver-
2213 4467 2255 4518 ι)
2277 4425 2365 4518 tes
2394 4419 2544 4518 aliae,
2582 4419 2797 4518 quibus
2825 4420 3190 4518 Christianos
3239 4425 3623 4518 excruciaret,
3653 4418 3838 4518 neciqu

545 4513 724 4576 tebat.
760 4514 1068 4593 Ingressus
1099 4525 1295 4578 autem
1329 4518 1654 4596 imperator
1674 4513 2184 4588 Thessalonicam,

544 4603 794 4665 audiens
824 4605 898 4665 de
923 4607 1252 4680 Demetrio,
1288 4609 1479 4687 ipsum
1515 4602 1938 4686 comprehendi
1970 4603 2108 4664 fecit
2133 4611 2192 4663 et

544 4693 606 4755 in
638 4711 944 4756 carcerem
982 4695 1181 4759 mittit.

617 4784 704 4842 45.
736 4786 873 4844 Erat
901 4795 1088 4844 autem
1122 4803 1252 4846 cum
1285 4790 1631 4860 imperatore
1661 4787 1819 4860 gigas
1850 4784 2190 4842 fortissimus

548 4878 606 4932 et
628 4877 869 4950 aspectu
898 4871 1205 4949 terribilis,
1234 4874 1474 4934 nomine
1501 4873 1752 4951 Libaeus,
1784 4870 1881 4950 qui
1910 4869 1982 4928 de
2017 4886 2188 4928 man-

545 4963 676 5020 dato
698 4964 940 5036 Augusti
964 4979 1096 5021 cum
1121 4965 1463 5025 Christianis
1485 4966 1785 5032 dimicans,
1811 4977 1909 5019 eos
1938 4960 2190 5016 brachiis

545 5047 616 5110 ad
651 5066 720 5109 se
743 5051 1156 5130 constringens
1188 5051 1258 5112 ad
1295 5061 1510 5114 terram
1542 5048 1845 5127 allidebat,
1873 5044 2191 5124 statimque

544 5137 818 5216 spiritum
845 5140 1394 5205 exhalabant.Multi
1420 5151 1593 5203 etiam
1617 5140 1714 5202 alii
1735 5138 1808 5201 ab
1829 5140 2190 5216 imperatore

543 5227 793 5288 diversis
807 5229 1002 5307 poenis
1015 5230 1605 5308 affligebanturCum
1625 5240 1822 5291 autem
1843 5223 2187 5289 Demetrius

540 5325 698 5376 esset
745 5316 805 5376 in
841 5334 1078 5382 carcere
1112 5321 1358 5398 positus,
1393 5321 1764 5402 scorpionem
1807 5318 1973 5396 juxta
2006 5312 2186 5393 pedes

539 5422 677 5465 suos
699 5406 887 5466 cauda
918 5425 1051 5468 eum
1083 5418 1392 5487 percutere
1421 5419 1782 5489 satagentem
1817 5405 1982 5478 vidit,
2009 5421 2184 5482 quem

539 5491 697 5550 edito
728 5495 924 5555 crucis
954 5498 1261 5572 signaculo
1293 5500 1491 5560 statim
1527 5499 1824 5560 exstinxit.
1858 5493 1965 5557 Cui
1997 5491 2187 5552 oranti

539 5577 857 5640 confestim
883 5584 1127 5660 angelus
1155 5587 1446 5666 apparuit,
1475 5595 1654 5665 atque
1683 5587 1743 5646 in
1773 5583 2008 5647 Christo
2036 5599 2184 5642 con-

2274 4506 2450 4566 etiam
2476 4506 2645 4568 daret
2666 4509 2744 4568 im
2755 4511 3320 4586 perator,defutura=,
3333 4513 3662 4594 neutiquam
3678 4508 3830 4572 essent.

2271 4598 2472 4657 Nestor
2493 4595 2766 4672 singulari
2787 4603 3010 4674 Lyaeum
3045 4606 3432 4676 aggredienda
3455 4604 3736 4662 certamine
3758 4605 3829 4651 non

2273 4691 2387 4744 tam
2411 4686 2613 4766 iniquo
2639 4687 2808 4748 hoste
2839 4688 3202 4750 Christianos
3223 4678 3676 4771 liherare,quam
3698 4685 3754 4745 de
3775 4680 3829 4740 in-

2266 4774 2447 4853 juriis
2468 4773 2844 4855 damnisque,
2869 4776 3086 4857 quibus
3109 4778 3217 4838 hos
3242 4777 3644 4855 illeail‘ecerat,
3663 4779 3833 4834 sumere

2269 4863 2588 4926 vindictam
2611 4870 2975 4946 propositum
3009 4865 3287 4928 habuisse
3317 4867 3670 4931 debet.Nece
3693 4865 3829 4921 autem

2273 4952 2604 5032 cujuspiam
2663 4972 2779 5014 non
2829 4966 2943 5015 tam
2995 4954 3417 5017 liberationem
3451 4975 3483 5018 a
3532 4954 3832 5041 malo.quatn

2275 5046 2583 5102 vindictam
2619 5048 2919 5103 intendere
2952 5047 3060 5118 legi
3096 5048 3301 5105 divinae
3332 5064 3494 5120 aeque
3524 5063 3588 5106 ac
3611 5041 3834 5111 religionis

2274 5130 2626 5192 Christianae
2657 5131 2950 5192 sanctitati
3003 5131 3338 5208 adversum,
3373 5151 3544 5194 nemo
3563 5129 3735 5204 utique
3772 5122 3834 5208 ea!

2272 5221 2523 5283 inticias.
2558 5223 2698 5294 Quae
2723 5239 2820 5281 res
2846 5239 2980 5281 cum
3017 5221 3098 5282 ita
3122 5200 3357 5297 habeat,
3397 5224 3698 5287 enimvero,
3724 5200 3834 5289 quod

2275 5308 2555 5386 singulari
2570 5318 2776 5370 contra
2799 5311 3028 5389 Lyaeum
3053 5311 3219 5371 initio
3233 5311 3555 5372 certamine
3570 5309 3750 5371 Nestor
3766 5311 3832 5374 βλ·

2274 5399 2470 5477 travit,
2503 5397 2753 5477 facinus,
2789 5398 2944 5459 haud
3003 5408 3162 5460 recte
3215 5400 3371 5462 velut
3422 5407 3664 5460 sanctum
3705 5394 3832 5462 atque

2271 5487 2343 5549 ab
2367 5489 2496 5567 ipso
2521 5487 2823 5548 Demetrio
2854 5487 3270 5568 approbatum,
3297 5495 3355 5548 in
3387 5489 3555 5567 hujus
3576 5494 3676 5572 tum
3695 5488 3828 5572 encq'

2271 5565 2681 5654 mioipr'oxime
2702 5576 2862 5653 dato,
2884 5565 3006 5638 tum
3031 5574 3182 5638 Vitis
3211 5565 3318 5638 seu
3343 5565 3690 5642 Passionibus
3715 5565 3826 5624 binis
