4020 6132
244 240 413 308 1109

1376 250 1436 313 S.
1476 250 1857 312 DEMETRII
1900 252 2298 315 MARTYRIS
2339 255 2537 319 ACTA

3472 258 3626 327 1110

233 379 561 461 praesentis
592 382 619 461 §
659 381 828 444 initio
858 381 1107 445 laudatis
1163 383 1534 463 proponitur.
1572 384 1637 445 Id
1665 381 1888 455 autem,
1913 389 1952 438 Α
1978 382 2225 464 pellam,
2260 386 2627 465 perhibetur,
2666 387 2957 467 promissa
2986 388 3413 468 gladiatoribus
3440 392 3625 455 victo-

232 488 427 550 quam
458 488 666 532 verum
691 472 867 544 sit,ex
892 472 987 543 iis,
1009 490 1141 553 quae
1163 473 1240 533 de
1264 472 1735 535 Christianorum
1769 475 1891 535 De-

240 560 453 622 metrii
480 570 653 623 aetate
676 561 1077 642 moribusjam
1102 580 1259 623 nunc
1275 561 1757 644 dicam,amplius
1781 562 1893 623 ad-

238 651 368 711 huc
396 658 680 729 patescat.

329 738 807 804 47.Christianos
824 749 947 803 tres
972 741 1315 805 Palaestinos
1333 743 1896 821 Diocletianaaa,qua

234 832 419 890 etiam
442 848 511 888 ex
535 833 791 891 dicendis
815 833 1140 892 Demetrius
1172 837 1463 902 occubuit,
1493 833 1896 907 persecutione

238 914 636 985 saaviente,ad
673 914 964 994 pugilatus
995 918 1345 993 certamina,
1382 925 1596 991 seu,ut
1619 934 1753 978 sese
1785 915 1894 976 arti

232 1003 603 1080 gladiatoriis
625 1004 1080 1079 addicerent,ab
1112 1006 1379 1080 Urbano,
1416 1006 1746 1069 saevissimo
1777 1005 1893 1067 Pa-

239 1091 491 1153 laestinae
515 1092 981 1173 praesideJuisse
1008 1096 1460 1171 condemnatos,
1495 1094 1789 1157 Eusebius
1818 1094 1892 1158 de

242 1180 604 1243 Palcestinae
632 1183 1008 1263 martyribus
1029 1184 1310 1246 editionis
1336 1184 1669 1247 Valesianaa
1697 1202 1829 1263 cap.
1854 1187 1891 1242 7

246 1282 475 1333 narrat.
510 1272 790 1352 Sequenti
822 1280 1019 1333 autem
1061 1274 1274 1354 capite,
1311 1274 1385 1335 de
1414 1273 1642 1351 aliquot
1673 1272 1893 1335 Christi

248 1359 720 1439 confessoribus,
755 1362 948 1422 varios
1003 1372 1136 1442 post
1195 1365 1495 1424 cruciatus
1546 1362 1617 1423 ad
1653 1361 1891 1425 metalla

251 1448 573 1520 damnatis,
608 1449 1020 1531 locutus,quid
1052 1451 1237 1513 iidem
1273 1459 1398 1514 tres
1429 1451 1747 1514 Christiani
1776 1450 1891 1512 Pa-

248 1537 490 1612 laestini,
527 1539 642 1601 lata
662 1539 763 1599 illa
794 1538 855 1600 in
883 1558 948 1602 se
978 1540 1052 1601 ab
1082 1539 1325 1602 Urbano
1360 1540 1612 1621 praeside
1642 1547 1891 1602 senten-

250 1628 361 1703 tia,
388 1627 619 1706 egerint
642 1628 903 1709 exponit.
950 1654 973 1685 ιι
1008 1628 1131 1691 Nec
1155 1647 1321 1704 vero,
1355 1631 1568 1712 inquit,
1596 1631 1703 1692 bos
1734 1630 1895 1691 solos

1975 473 2154 534 riosis
2188 476 2451 554 prmmia,
2486 481 2848 558 imperatore
2880 478 3051 555 irato,
3086 497 3205 539 non
3231 479 3508 543 retulisse
3536 482 3627 543 vi-

1977 570 2230 635 tamque,
2268 582 2396 623 cum
2421 567 2615 625 militia
2642 568 2868 627 solutus
2886 570 3141 641 urbeque
3166 570 3624 643 fuissetejectus,

1977 650 2388 739 coinfessorum
2416 655 2840 733 more,uti,qni
2859 673 3039 735 supra
3065 655 3180 717 huc
3205 656 3625 739 transcriptum

1979 756 2012 798 e
2035 738 2205 799 Petro
2230 739 2303 800 de
2326 741 2637 803 Natalibus
2664 743 3005 804 encomium
3031 738 3629 821 contexuit,sensisse

1978 827 2229 898 videtur,
2268 829 2325 889 in
2377 848 2522 908 pace
2576 832 2953 894 terminasse.
3006 834 3083 896 At
3142 852 3304 913 vero,
3364 835 3624 917 inquies,

1979 917 2168 979 Gnaei
2222 920 2533 981 Nestorem
2596 921 3067 999 μεγαλομάρτυρος
3126 923 3340 999 titulo,
3394 925 3624 1005 elogio-

1978 1024 2117 1085 que,
2144 1007 2203 1066 in
2236 1026 2350 1087 quo
2378 1010 2638 1089 Lyaeum,
2674 1008 2963 1088 singulari
3005 1012 3334 1074 certamine
3368 1031 3625 1094 supera-

1978 1104 2124 1167 tum,
2180 1096 2474 1159 occidisse
2527 1106 2825 1173 narratur,
2881 1100 3368 1173 condecoratum,
3421 1102 3496 1164 ad
3546 1102 3622 1165 27

1975 1182 2272 1259 Octobris,
2307 1186 2491 1267 diem,
2527 1186 2826 1268 przecipuo
2884 1207 2993 1250 suo
3047 1189 3268 1265 ofﬁcio,
3322 1190 3411 1253 illi
3445 1193 3622 1253 etiam

1975 1282 2115 1335 tunc
2149 1284 2516 1348 consecrato,
2548 1276 2875 1353 celebrant,
2899 1278 3300 1361 eumdemque
3327 1280 3622 1342 Baronius

1975 1364 2046 1424 ad
2071 1365 2228 1426 hunc
2255 1364 2414 1426 diem
2443 1365 2479 1429 8
2501 1364 2798 1441 Octobris,
2818 1367 3146 1449 quod,quae
3168 1368 3242 1431 de
3263 1386 3334 1432 eo
3367 1388 3623 1431 narran-

1976 1460 2094 1529 tur,
2158 1454 2347 1515 sancti
2407 1454 2716 1530 Demetrii,
2757 1464 2897 1518 tunc
2950 1475 2986 1518 a
3040 1457 3266 1520 Latinis
3314 1456 3620 1539 celebrati,

1974 1540 2241 1603 Passioni
2273 1560 2379 1604 seu
2411 1543 2598 1619 Actis,
2635 1545 3109 1625 Metaphrasticis
3137 1548 3449 1626 nimirum,
3502 1548 3625 1610 sint

1976 1631 2218 1705 intexta,
2270 1632 2331 1693 in
2383 1631 2857 1713 Martyrologium
2892 1636 3226 1698 Romanum
3276 1636 3498 1717 intulit,
3558 1637 3622 1699 in

255 1726 639 1796 (confessores
661 1726 878 1785 scilicet
903 1727 1113 1784 ibidem
1136 1738 1267 1784 ante
1294 1730 1662 1796 memoratos)
1685 1728 1892 1799 bujus-
1918 1749 1956 1799 Β
1978 1721 2492 1801 Adnotationibus,
2528 1722 2744 1802 quibus
2772 1723 2885 1784 hoc
2914 1723 3254 1807 illustravit,
3278 1723 3619 1788 Graecorum

259 1808 730 1887 modisupplicia
754 1827 1072 1888 perpessos
1091 1809 1364 1890 vidimus;
1391 1814 1594 1870 verum
1622 1809 1798 1869 etiam
1824 1827 1897 1870 ex

255 1896 592 1958 Palaestinis
621 1898 777 1977 illos,
802 1918 951 1978 quos
980 1899 1054 1959 ad
1089 1899 1383 1979 pugilatus
1410 1898 1737 1959 certamina
1758 1917 1899 1959 con-

254 1987 569 2049 demnatos
601 1988 776 2067 paulo
808 1996 945 2049 ante
996 1989 1331 2060 retulimus,
1372 2006 1442 2049 eo
1475 1989 1634 2068 quod
1666 1987 1899 2049 scilicet

1980 1810 2342 1891 Monologio,
2378 1810 2697 1875 Sirletiano
2730 1812 3029 1892 videlicet,
3091 1834 3208 1876 una
3257 1834 3390 1877 cum
3439 1817 3621 1879 Nice-

1981 1901 2167 1980 phoro
2201 1901 2441 1963 Callisto
2474 1900 2769 1982 dictisque
2799 1903 2986 1964 sancti
3036 1902 3323 1967 Demetrii
3370 1905 3531 1968 Actis
3562 1905 3624 1965 in

1978 2008 2104 2051 rem
2139 2008 2305 2051 suam
2340 1990 2599 2054 laudato.

256 2096 373 2138 nec
402 2095 697 2138 annonam
730 2096 800 2139 ex
850 2076 1142 2157 principis
1197 2077 1405 2139 aerario
1451 2080 1746 2157 accipere,
1786 2094 1897 2139 nec
2057 2080 2158 2140 49.
2198 2083 2429 2154 Fateor,
2468 2079 2553 2141 sic
2606 2080 2805 2156 habet,
2868 2081 3185 2163 pluresque
3213 2082 3415 2157 etiam,
3448 2100 3623 2163 quam

255 2187 532 2233 consueto
552 2175 845 2245 pugilibus
867 2190 1024 2232 more
1042 2175 1388 2248 quotidianis
1419 2175 1703 2246 proludiis
1726 2191 1899 2233 exer-
1972 2169 2090 2241 jam
2122 2172 2395 2227 nominati
2429 2174 2567 2240 sint,
2594 2174 2748 2229 Fasti
2779 2171 3104 2231 Graeci-um
3131 2174 3282 2231 sacri
3328 2174 3624 2231 Nestorem

256 2258 381 2319 ceri
416 2255 996 2328 sustinerent.Quam
1020 2256 1097 2317 ob
1128 2274 1369 2318 causam
1404 2275 1520 2317 non
1544 2256 1737 2317 solum
1764 2275 1897 2336 pro-
1978 2255 2051 2316 ad
2073 2255 2149 2316 29
2173 2254 2445 2317 Octobris
2467 2257 2623 2319 diem
2649 2258 2875 2320 sanctis
2893 2257 3466 2321 accensent.Verum
3484 2258 3622 2339 quid

256 2345 657 2417 curatoribus,
700 2347 805 2407 sed
836 2345 949 2425 ipsi
982 2345 1157 2407 etiam
1190 2346 1506 2407 Maximino
1532 2344 1895 2425 (imperatori
1983 2352 2105 2404 tum
2131 2343 2155 2406 ?
2185 2343 2255 2405 lli
2288 2363 2518 2419 omnes,
2546 2348 2633 2407 uti
2665 2345 2910 2407 eruditis
2956 2346 3133 2407 modo
3164 2348 3383 2426 passim
3416 2358 3622 2409 notum

256 2435 638 2509 nimirum,in
660 2435 825 2516 Syria
848 2446 904 2497 et
927 2436 1243 2498 Palaestina
1268 2444 1407 2497 tunc
1429 2435 1778 2507 dominanti)
1798 2454 1897 2497 ex-
1982 2441 2092 2509 est,
2128 2433 2389 2495 subinde
2419 2437 2596 2496 etiam
2634 2453 2738 2514 pro
2795 2435 3019 2497 sanctis
3069 2435 3291 2497 habent
3319 2434 3622 2514 indignos.

253 2525 456 2599 hibiti,
481 2544 616 2586 cum
649 2525 925 2587 invictam
976 2526 1034 2586 in
1088 2524 1309 2588 Christi
1333 2524 1713 2586 confessione
1745 2543 1895 2586 con-
1981 2522 2145 2594 Quod
2164 2531 2358 2583 autem
2383 2523 2457 2584 ad
2477 2524 2882 2604 Nicephorum
2919 2523 3252 2605 Callistum,
3284 2525 3387 2605 qui
3413 2524 3622 2587 eadem

251 2615 529 2678 stantiam
553 2613 1894 2695 famisetﬂagrorumtolerantiadeclarassent,
1979 2612 2103 2672 fere
2133 2610 2207 2672 de
2242 2610 2512 2682 Nestore,
2567 2631 2699 2694 quae
2745 2630 2779 2673 a
2829 2614 3227 2694 Metaphraste
3284 2621 3619 2689 narrantur,

254 2703 469 2767 eadem
501 2722 637 2765 cum
672 2702 895 2784 illis,de
916 2704 1136 2785 quibus
1166 2703 1890 2782 diximus,pertulerunt.»
1979 2700 2272 2764 Historiae
2290 2700 2715 2764 ecclesiasticae
2744 2720 2777 2762 a
2806 2719 2872 2762 se
2896 2710 3189 2763 contextae
3217 2701 3323 2765 lib.
3354 2718 3457 2782 vn,
3489 2720 3619 2782 cap.
3665 2743 3669 2751 -

253 2793 403 2856 Cum
438 2811 602 2871 crgn,
634 2794 716 2853 uti
760 2812 829 2854 ex
853 2793 1020 2854 hisce
1040 2791 1279 2854 Eusebii
1304 2791 1500 2853 verbis
1522 2790 1891 2869 intelligitur,
1979 2791 2056 2851 15
2087 2799 2382 2860 recenset,
2443 2790 2909 2871 Baroniumque,
2972 2791 3098 2872 qui,
3154 2790 3390 2852 laudato
3422 2808 3527 2870 pro
3557 2809 3624 2853 se

256 2891 382 2945 tres
412 2882 498 2944 illi
529 2882 851 2945 Christiani
901 2882 1195 2945 Palaestini
1254 2881 1328 2943 ab
1358 2891 1487 2944 arte
1519 2880 1891 2960 gladiatoria,
1978 2879 2342 2959 Nicephoro,
2376 2878 2787 2959 Martyrologio
2811 2878 3079 2941 Romano
3111 2881 3422 2943 Nestorem
3455 2878 3624 2940 inse-

260 2983 359 3034 aut
387 2972 437 3033 si
472 2972 677 3052 mavis,
708 2968 1110 3051 singularibus
1141 2972 1438 3051 pugilatus
1467 2968 1894 3031 certaminibus
1978 2968 2242 3046 ruit,jam
2270 2976 2517 3048 spectat,
2546 2968 2800 3029 duorum
2834 2968 3045 3029 horum
3070 2974 3427 3049 scriptorum
3460 2967 3624 3047 prior

258 3070 562 3141 tantopere
585 3061 1035 3135 abhorrucrint,
1062 3069 1127 3123 ut
1154 3060 1393 3135 famem,
1424 3059 1628 3138 ﬂagra,
1661 3058 1892 3141 aliaque
1912 3095 1952 3147 ε
1978 3074 2083 3147 seu
2108 3056 2480 3147 Nicephorns
2504 3066 2845 3119 commenta
2864 3076 2980 3118 non
2998 3075 3132 3119 raro
3148 3057 3403 3137 ﬁdeique
3420 3056 3621 3147 admo-

254 3170 509 3217 extrema
530 3160 810 3229 supplicia
833 3159 1275 3231 suﬂerre,quam
1310 3158 1394 3214 vel
1416 3157 1555 3215 solis
1586 3159 1726 3214 artis
1750 3159 1893 3217 adeo
1924 3145 1951 3147 ﬂ
1979 3145 2118 3206 dum
2152 3146 2429 3208 Sltbleslée
2465 3148 2832 3208 narrationes
2862 3147 3176 3228 adoptasse
3225 3162 3513 3226 suamqne
3558 3146 3622 3207 in

252 3240 621 3303 detestandae
644 3238 933 3319 proludiis
968 3259 1102 3301 sese
1124 3238 1347 3301 dedere
1384 3257 1755 3300 annonamve
1775 3239 1896 3317 gla-
1977 3234 2298 3297 Historiam
2334 3236 2778 3314 transcripsisse
2810 3236 3100 3297 noscitur.
3150 3235 3453 3300 Posterior
3481 3258 3620 3302 vero

249 3329 586 3393 diatoribus
639 3336 910 3389 statutam
970 3329 1285 3407 recipere,
1342 3326 1677 3400 maluerint,
1734 3328 1892 3404 quis,

252 3438 478 3500 quaeso,
510 3417 834 3491 credat,vel
869 3416 1067 3496 plures
1111 3415 1549 3477 Thessalonica
1596 3416 1888 3478 Christia-

253 3527 385 3578 nos,
422 3508 506 3568 uti
538 3505 795 3567 encomii
834 3504 1101 3584 proxime
1124 3505 1239 3566 hnc
1262 3504 1600 3584 transcripti
1632 3504 1891 3567 narratio

256 3597 452 3675 exigit,
481 3594 769 3674 singulari
800 3593 1127 3656 certamine
1162 3612 1297 3655 cum
1333 3593 1497 3673 Lyaeo
1529 3592 1708 3653 fuisse
1740 3611 1891 3653 con-

254 3684 613 3767 gressos,vel
638 3684 793 3764 quod
818 3691 1021 3744 contra
1041 3684 1201 3744 hunc
1224 3684 1441 3743 Nestor
1462 3680 1730 3756 inierit,a
1746 3700 1890 3743 san-

251 3786 346 3839 cto
376 3773 793 3847 Demetrio,uti
826 3782 882 3834 et
913 3778 971 3833 in
1003 3772 1214 3833 eodem
1251 3771 1525 3832 encomio
1553 3781 1611 3832 et
1642 3770 1701 3831 in
1733 3771 1889 3832 dua—

253 3866 367 3928 bus
395 3866 597 3929 Sancti
630 3861 781 3925 Vitis
812 3881 916 3924 seu
950 3860 1359 3941 Passionibus,
1387 3860 1657 3941 proxime
1688 3859 1890 3922 lauda-

251 3955 350 4029 tis,
384 3953 705 4021 indicatur,
744 3952 926 4013 fuisse
959 3950 1263 4030 probatum
1287 3958 1314 4012 ?

331 4046 430 4105 48.
454 4041 517 4102 Id
550 4040 828 4121 equidem
861 4040 1006 4101 mihi
1040 4047 1159 4101 tum
1193 4039 1375 4112 hisce,
1417 4046 1535 4099 tum
1571 4037 1722 4117 aliis,
1761 4056 1892 4117 quas

248 4150 430 4212 supra
484 4132 546 4192 in
608 4129 869 4190 medium
921 4128 1161 4202 adduxi,
1216 4128 1514 4208 expensis,
1552 4126 1889 4188 verosimile

250 4221 590 4300 neutiquam
643 4226 909 4297 apparet,
974 4235 1166 4297 eaque
1199 4217 1448 4296 proinde
1485 4215 1709 4290 omnia,
1759 4235 1891 4295 quas

247 4310 640 4391 suppeditata:
661 4326 694 4368 a
722 4307 931 4370 Pliotio
950 4307 1385 4382 Anastasioque
1424 4305 1887 4373 Bibliothecario

249 4399 325 4462 de
356 4398 606 4461 Nestore
634 4395 970 4457 Narrationi
1002 4396 1062 4496 in
1094 4394 1550 4475 Metaphrastica
1602 4395 1883 4455 Demetrii
1906 4440 1954 4496 Β

249 4490 400 4569 Vita,
457 4489 691 4565 aliaque
750 4484 1050 4564 anonymi,
1112 4503 1145 4545 e
1201 4504 1316 4564 qua
1346 4487 1471 4544 haec
1505 4501 1886 4562 promanasse

246 4579 501 4653 videtur,
536 4574 1041 4655 superadduntur,
1076 4592 1181 4654 pro
1213 4573 1536 4651 ﬁgmentis,
1573 4580 1702 4632 utut
1734 4571 1885 4634 forte

248 4669 441 4739 citius,
477 4684 655 4746 quam
684 4662 900 4725 saeculo
933 4681 1090 4724 nono
1124 4662 1239 4742 (adi
1274 4680 1438 4723 num.
1464 4661 1570 4739 43)
1602 4661 1879 4736 inventis,

247 4776 383 4819 cum
413 4754 817 4833 Tillemontio,
853 4752 937 4812 uti
990 4752 1113 4831 jam
1153 4769 1332 4830 supra
1364 4749 1555 4823 innui,
1610 4748 1881 4810 habenda

247 4863 403 4908 reor.
437 4847 631 4924 Atque
654 4843 793 4905 hinc
814 4841 990 4903 etiam
1016 4841 1336 4911 necillum,
1374 4842 1473 4919 qui
1508 4839 1767 4919 Lyaeum,
1801 4838 1886 4898 uti

245 4935 309 4996 in
340 4933 621 4995 omnibus
654 4950 895 5013 prorsus
927 4929 1215 4993 Demetrii
1245 4928 1394 4990 Vitis
1443 4947 1549 4990 seu
1582 4930 1885 4988 Passioni-

247 5024 361 5085 bus
393 5023 661 5097 traditur,
695 5020 977 5097 singulari
1010 5019 1333 5080 certamine
1384 5017 1624 5092 occidit,
1669 5014 1882 5077 Nesto-

243 5132 373 5176 rem
408 5130 724 5173 accensere
747 5110 976 5172 Sanctis
1016 5110 1229 5187 ausim,
1263 5106 1387 5167 sive
1418 5106 1658 5168 interim
1698 5104 1881 5178 hunc,

245 5222 379 5264 cum
410 5201 637 5281 Lyaeum
671 5198 1091 5271 interfecisset,
1128 5197 1502 5276 imperatoris
1545 5196 1748 5274 jussu,
1804 5194 1885 5254 uti

245 5291 731 5370 aMetaphraste,
791 5305 1199 5368 anonymoque
1258 5285 1359 5366 qui
1419 5286 1557 5347 huic
1619 5283 1885 5364 przeluxit

246 5380 696 5459 asseritur,neci
716 5378 916 5439 datum
942 5377 1147 5449 fuisse,
1184 5384 1618 5455 martyremque
1638 5371 1880 5447 obiisse,

248 5468 415 5543 velis,
448 5467 570 5528 sive
618 5467 921 5540 duntaxat,
974 5466 1117 5526 utia
1172 5465 1376 5526 Photio
1429 5472 1486 5524 et
1544 5461 1879 5536 Anastasio,

248 5564 349 5643 qui
372 5578 445 5619 ne
472 5558 713 5638 quidem
742 5555 1051 5621 Nestorem
1085 5554 1489 5619 Christianum
1523 5552 1748 5633 uspiam
1772 5569 1883 5630 ap-

1979 3342 2082 3384 seu
2115 3323 2404 3385 Baronius
2435 3343 2552 3385 non
2609 3333 2756 3405 tam,
2803 3335 3175 3406 quantopere
3206 3325 3348 3400 sint,
3382 3346 3515 3408 quae
3543 3328 3620 3391 de

1977 3411 2227 3474 Nestore
2251 3412 2697 3494 approbatoque
2737 3415 2917 3493 hujus
2940 3433 3047 3495 per
3072 3414 3438 3478 Demetrium
3464 3417 3619 3479 facto

1974 3520 2006 3562 a
2028 3502 2426 3580 Metaphraste
2446 3503 2930 3582 narrantur,ﬁdei
2952 3503 3303 3565 Christianae
3327 3506 3619 3567 sanctitati

1975 3591 2267 3669 opposita,
2297 3591 2917 3671 considerasse,quam
2941 3591 3259 3670 Monologii
3287 3592 3617 3676 Sirletiani,

1974 3697 2007 3739 e
2032 3698 2147 3759 quo
2170 3688 2404 3740 sanctos
2422 3698 2539 3741 non
2564 3698 2785 3759 paucos
2807 3679 2869 3740 in
2896 3679 3378 3761 Martyrologium
3404 3680 3619 3746 Roma-

1975 3786 2117 3827 num
2151 3767 2369 3841 intulit,
2403 3786 2508 3830 seu
2562 3768 2738 3829 ﬁdem
2800 3786 2910 3829 seu
2959 3769 3394 3844 auctoritatem,
3430 3770 3619 3849 pluris

1974 3862 2171 3925 etiam,
2238 3875 2414 3932 quam
2477 3874 2580 3935 par
2636 3857 2733 3935 sit,
2794 3856 2867 3917 ab
2914 3876 2984 3918 eo
3042 3857 3254 3919 factam
3315 3866 3617 3935 spectasse

1971 3944 2405 4018 videtur.Quod
2433 3945 2484 4005 si
2508 3946 2631 4006 haec
2655 3944 3026 4025 displiceant,
3048 3947 3329 4027 quidnam
3349 3948 3611 4023 tandem,

1972 4054 2088 4115 quo
2118 4033 2441 4095 Baronium
2475 4036 2855 4115 Graecosque,
2887 4036 2987 4116 qui
3020 4054 3125 4115 pro
3158 4043 3361 4097 sancto
3395 4039 3613 4100 Nesto-

1973 4141 2100 4184 rem
2152 4123 2372 4196 colunt,
2430 4123 2713 4185 adversus
2760 4126 3039 4202 Decalogi
3090 4126 3479 4189 homicidium
3513 4146 3615 4190 ve-

1974 4213 2150 4275 tantis
2184 4212 2592 4275 auctoritatem
2630 4211 3250 4295 Cliristianorumque,
3284 4216 3385 4296 qui
3420 4217 3612 4279 sancti

1972 4300 2265 4363 Demetrii
2287 4309 2455 4363 astate
2473 4302 2735 4383 fuerunt,
2764 4320 2797 4363 a
2820 4302 3168 4380 gladiatoria
3197 4309 3323 4364 arte
3345 4303 3611 4382 singula-

1970 4391 2422 4471 ribusque,qum
2440 4391 2616 4471 hujus
2637 4391 2920 4453 exercitia
2937 4410 3003 4453 ac
3026 4391 3151 4453 ludi
3170 4390 3609 4473 quodammodo

1971 4489 2159 4555 erant,
2198 4480 2507 4542 horrorem
2542 4481 2789 4555 tuearis,
2826 4482 2884 4541 in
2918 4481 3182 4542 medium
3214 4480 3478 4542 adduces
3501 4487 3530 4543 ?

2049 4570 2143 4631 50.
2209 4569 2298 4629 An
2359 4570 2511 4631 forte
2560 4571 2633 4631 ad
2690 4570 3048 4649 singularem
3112 4568 3366 4650 Spiritus
3421 4570 3612 4631 sancti

1968 4659 2307 4719 instinctum
2332 4676 2974 4739 recurres,eoque,quo
2997 4658 3137 4720 olim
3166 4660 3364 4739 plures
3388 4668 3609 4721 sanctae

1966 4747 2519 4825 virginesimpulsaa
2572 4766 2781 4809 necem
2828 4748 3217 4829 sibimetipsis
3250 4749 3611 4811 conscivisse

1968 4837 2265 4915 leguntur,
2302 4837 2614 4897 Nestorem
2648 4855 2714 4899 ac
2747 4838 3112 4900 Demetrium
3141 4836 3362 4915 pariter
3394 4836 3610 4915 impul-

1968 4942 2089 4997 sos,
2122 4924 2374 4984 alterum
2402 4924 2642 5004 quidem
2701 4924 2987 5002 singulari
3038 4925 3365 4986 certamine
3394 4943 3605 4986 necem

1968 5012 2241 5075 intulisse
2274 5012 2461 5090 Lyaeo,
2496 5013 2745 5074 alterum
2790 5014 3008 5074 factum
3062 5012 3215 5073 istud
3246 5013 3607 5093 approbasse

1969 5100 2383 5164 asseverabis?
2409 5103 2656 5181 Verum,
2682 5109 2811 5162 utut
2833 5101 3117 5180 singulari
3141 5101 3243 5162 Dei
3270 5100 3603 5178 instinctui,

1969 5191 2125 5272 quod
2147 5204 2345 5252 tamen
2369 5191 2563 5252 vocari
2591 5191 2649 5251 in
2674 5190 2917 5252 dubium
2946 5209 3121 5272 posse
3144 5190 3601 5271 videtur,locum

1966 5282 2065 5343 hic
2089 5298 2219 5341 esse
2253 5282 2515 5358 potuisse
2544 5286 2723 5359 gratis
2776 5280 2950 5341 etiam
3001 5280 3368 5354 dederimus,
3404 5297 3480 5340 ne
3513 5288 3605 5340 ta-

1968 5388 2106 5431 men
2156 5368 2352 5445 facile,
2386 5387 2522 5450 quaa
2590 5378 2797 5432 contra
2827 5370 2933 5434 Dei
2969 5368 3159 5448 legem
3190 5380 3323 5429 sunt
3355 5376 3601 5448 patrata,

1965 5459 2191 5538 absque
2230 5456 2447 5520 delicto
2509 5466 2734 5539 patrata
2788 5458 3170 5520 admittantur
3204 5475 3435 5538 aequum
3470 5475 3603 5519 esse

1968 5548 2221 5623 videtur,
2256 5556 2319 5610 ut
2350 5547 2437 5611 vel
2470 5566 2565 5628 eo,
2599 5548 2686 5611 vel
2718 5553 2893 5612 etiam
2918 5545 2993 5610 ob
3018 5544 3263 5609 rationis
3286 5544 3602 5629 paritatcm
