4020 6132
279 280 433 346 1113

1364 286 1424 347 S.
1471 285 1846 350 DENETRII
1891 286 2293 350 MARTYRIS
2335 287 2558 350 ACTA.

3490 281 3644 348 1114

276 435 410 478 cum
437 415 689 480 Sanctus
712 418 766 480 ei
792 418 863 480 ad
881 417 1136 480 stadium
1160 419 1500 498 properanti
1533 418 1909 494 occurrisset,
1937 422 1974 471 A
1998 436 2130 494 quae
2160 438 2278 480 non
2329 425 2486 492 sunt,
2520 417 2682 499 quasi
2714 415 2855 491 sint,
2891 414 3251 496 iterumque,
3286 411 3437 495 quae
3476 425 3635 491 sunt,

271 506 457 567 hastis
488 525 559 568 eo
591 526 708 587 quo
739 507 1206 570 concludebatur
1235 507 1364 570 loco
1387 507 1558 587 jubet
1579 510 1853 571 interﬁci.
1884 533 1906 566 1)

354 597 450 657 54.
489 597 642 659 Huic
672 596 974 658 Photianae
1003 597 1151 659 Vitae
1184 597 1506 658 narrationi
1538 599 1679 660 satis
1708 617 1913 664 conso-

269 695 393 760 nat,
420 704 593 766 quam
621 686 1006 748 Anastasiana
1029 687 1387 767 suppeditat,
1424 706 1532 748 nec
1555 688 1804 749 multum
1843 687 1916 749 ab

267 793 363 849 ea,
396 775 445 836 si
476 784 714 836 narrata
745 775 820 835 de
849 774 1098 838 NeStore
1121 794 1298 855 supra
1329 777 1592 838 discussa
1625 777 1910 856 excipias,

259 864 496 926 abludit
537 863 986 943 Metaphrastica
1016 865 1214 927 Sancti
1247 865 1398 938 Vita,
1434 867 1736 946 alteraque
1767 886 1916 928 ano-

265 954 460 1033 nymi,
496 971 650 1034 quae,
685 962 753 1014 ut
809 973 991 1035 supra
1031 955 1232 1030 docui,
1266 974 1336 1017 ex
1368 957 1476 1018 hac
1535 974 1917 1036 promanasse

265 1043 522 1105 videtur.
560 1044 686 1105 Jam
711 1061 879 1118 vero,
913 1063 1046 1106 cum
1071 1045 1129 1106 id
1162 1046 1244 1106 ita
1273 1046 1368 1119 sit,
1398 1064 1509 1107 nec
1535 1052 1919 1108 monumenta

266 1134 512 1210 antiqua
533 1132 673 1205 alia,
709 1151 852 1212 quae
876 1133 996 1196 illis
1017 1137 1216 1197 Sancti
1241 1133 1390 1196 Vitis
1416 1135 1526 1198 hac
1557 1135 1617 1196 in
1640 1153 1706 1196 re
1738 1153 1918 1212 repu-

266 1231 470 1301 gnent,
505 1221 883 1282 inveniantur
936 1222 1224 1303 martyrii,
1262 1223 1418 1304 quod
1449 1225 1702 1286 Sanctus
1731 1222 1918 1285 subiit

263 1329 455 1390 genus
472 1309 758 1373 habemus
778 1322 1176 1392 compertum.
1209 1312 1457 1386 Verum,
1491 1312 1631 1393 quid
1664 1311 1740 1374 de
1770 1320 1918 1375 tem-

270 1417 440 1480 pore,
473 1418 589 1480 quo
650 1399 712 1460 id
767 1398 1008 1475 accidit,
1046 1401 1595 1480 pronuntiandum?
1651 1401 1817 1474 Quod
1869 1401 1919 1464 si

266 1491 522 1565 Joanne,
556 1487 1076 1552 Thessalonicensi
1105 1491 1556 1572 archiepiscopo
1596 1492 1920 1572 saepissime

259 1579 388 1660 jam
437 1579 697 1650 laudato,
736 1579 1011 1641 standum
1061 1580 1158 1655 sit,
1194 1580 1251 1640 id
1304 1587 1467 1643 certe
1513 1588 1649 1643 ante
1696 1600 1916 1642 annum

1999 514 2164 587 quasi
2224 527 2342 570 non
2395 508 2534 582 sint,
2573 515 2904 569 monstrare
2955 515 3284 574 ostentans,
3321 513 3641 586 martyrem

2000 599 2249 677 rogavit,
2276 597 2377 677 qui
2409 597 2480 657 de
2511 595 2633 658 Deo
2665 596 2937 665 sentiret,
2974 613 3230 674 cumque
3263 595 3359 656 hic
3390 612 3644 675 respon-

1999 685 2204 760 disset,
2241 704 2373 747 sese
2418 704 2600 746 unum
2635 685 2821 747 Deum
2873 686 3200 746 increatum
3235 703 3303 747 ac
3331 692 3641 758 mternum,

1998 795 2197 838 rerum
2234 779 2499 839 omnium
2545 777 2862 838 visibilium
2897 795 2966 837 ac
3009 776 3396 837 invisibilium
3431 776 3641 837 .l'acto-

1997 885 2148 942 rem,
2183 866 2437 947 ideoque
2490 875 2546 928 et
2577 869 2894 929 Dominum
2937 874 2996 928 et
3027 865 3390 945 provisorem
3447 865 3639 926 conﬁ-

1999 956 2130 1018 teri.
2171 957 2242 1020 Et
2270 976 2406 1035 ego,
2435 956 2578 1018 dixit
2640 955 2936 1031 ethnicus,
2970 957 3048 1016 ita
3079 953 3313 1030 sentio;
3351 955 3640 1016 doctrinae

1999 1045 2159 1106 enim
2209 1044 2491 1120 Socratis,
2528 1065 2647 1107 non
2706 1046 2971 1127 Epicuri,
3007 1053 3064 1107 et
3107 1063 3317 1107 eorum
3359 1044 3460 1126 qui
3499 1062 3633 1106 cum

1998 1135 2112 1196 hoc
2141 1137 2402 1197 sentiunt
2428 1142 2687 1196 sectator
2715 1154 2872 1196 sum.
2911 1160 2938 1192 »

2081 1224 2179 1288 56.
2213 1223 2391 1287 Hisce
2424 1243 2600 1304 porro
2617 1223 2811 1286 verbis
2833 1225 2991 1286 dicto
3019 1223 3293 1287 encomio
3311 1223 3466 1287 bene
3497 1241 3639 1304 pro-

1999 1313 2140 1393 lixo,
2175 1331 2290 1394 quo
2322 1321 2591 1374 sanctum
2626 1312 2990 1377 Demetrium
3023 1333 3057 1374 a
3087 1313 3357 1376 doctrina
3401 1313 3641 1394 potissi-

2004 1420 2166 1463 mum
2219 1402 2437 1482 laudat,
2470 1403 2583 1464 alia
2639 1403 2916 1482 plurima,
2951 1402 3168 1484 quibus
3198 1405 3472 1477 Sanctus,
3506 1421 3640 1464 cum

2003 1490 2824 1566 ethnico,Manichaao,Judaao
2855 1502 2913 1553 et
2942 1493 3156 1554 Ariano
3189 1493 3342 1555 ultro
3371 1493 3642 1572 citroque

2002 1579 2460 1651 habitis,herum
2483 1581 2985 1644 heterodoxorum
3008 1583 3273 1664 singulos
3303 1583 3637 1658 confutarit,

269 1667 390 1733 314
417 1669 572 1730 haud
601 1670 894 1732 evenerit.
956 1667 1272 1750 Scriptoris
1303 1671 1502 1752 hujus,
1531 1689 1566 1732 e
1612 1670 1828 1748 quibus
1859 1671 2303 1752 id__victasque
2347 1671 2584 1734 tandem
2644 1670 2756 1734 sibi
2803 1672 2946 1734 dare
3000 1689 3210 1734 manus
3257 1671 3636 1752 compulerit,

265 1761 688 1834 colligo,Graeca
720 1762 893 1820 verba
927 1764 1172 1820 encomit
1203 1765 1274 1821 ab
1307 1765 1416 1822 hoc
1445 1766 1692 1823 contexti
1724 1765 1916 1822 verbis

262 1865 432 1909 num.
467 1847 544 1908 39
569 1845 827 1909 recitatis
868 1848 1140 1928 proxime
1190 1849 1475 1930 subjecta,
1506 1859 1570 1912 ut
1601 1849 1912 1931 quidquid,

260 1936 420 2017 quod
453 1936 670 1999 litteris
706 1933 778 1997 ab
833 1955 902 1997 eo
937 1937 1281 2001 mandatum
1326 1938 1635 2019 habemus,
1667 1958 1800 2000 cum
1835 1939 1914 2000 le-

259 2033 424 2088 ctore
473 2025 943 2100 communicem,
980 2045 1098 2088 una
1152 2045 1286 2088 cum
1317 2029 1596 2107 adjuncta
1641 2027 1916 2090 versione

2000 1760 2231 1835 intexit,
2255 1760 2660 1841 plurimosque
2685 1760 2859 1822 simul
2893 1769 3012 1823 tum
3045 1762 3340 1823 exstitisse
3360 1761 3636 1835 Arlanos,

1999 1851 2496 1931 luculentissima,
2561 1851 2642 1914 uti
2713 1851 3032 1913 enconium
3092 1852 3239 1913 illud
3305 1851 3640 1914 consulenti

2000 1948 2281 2020 patescat,
2317 1940 2449 2002 loco
2493 1959 2612 2002 non
2642 1959 2762 2004 uno
2823 1939 3069 2004 indicat.
3122 1944 3250 2002 Jam
3305 1959 3468 2013 vero,
3503 1959 3636 2002 cum

2001 2031 2126 2092 haec
2154 2031 2234 2092 ita
2263 2029 2541 2104 habeant,
2576 2048 2820 2094 necesse
2842 2038 2952 2104 est,
2979 2039 3042 2091 ut
3062 2031 3340 2094 Arianam
3367 2030 3638 2092 haeresim

256 2115 468 2178 Latina
519 2115 635 2177 huc
697 2115 1059 2179 transcribO.
1118 2115 1221 2180 Sic
1291 2117 1557 2178 habent:
1622 2120 1774 2184 Εἰκὸς
1819 2119 1916 2193 μὲν
1991 2119 2114 2199 jam
2142 2127 2290 2194 tum,
2317 2138 2450 2181 cum
2486 2122 2737 2183 Sanctus
2770 2131 2976 2182 noster
3002 2121 3063 2182 in
3094 2121 3236 2182 vivis
3263 2128 3420 2181 esset
3447 2118 3642 2181 adhuc

225 2208 352 2262 ·οὒ’ν
435 2209 523 2262 καὶ
579 2213 746 2262 ταῦτα
805 2204 1090 2272 διαϐόητον
1159 2208 1316 2263 αὐτὸν
1387 2206 1582 2281 κομιδὴ
1639 2211 1908 2280 καθιστᾷν,

253 2296 324 2352 τὸ
385 2293 439 2350 δὲ
494 2295 699 2370 μᾶλλον
752 2297 911 2354 αὐτοῦ
959 2297 1056 2364 τὴν
1113 2297 1300 2376 φήμην
1357 2297 1596 2371 ὑψῶσαι,
1629 2299 1717 2354 καὶ
1776 2298 1918 2376 παρὰ

257 2397 386 2448 τατς
470 2382 660 2447 ἄλλαις
745 2385 959 2460 πατρίσι
1020 2393 1175 2442 τοῦτο
1256 2385 1531 2464 γεγονέναι
1602 2384 1910 2466 φημίζεται.

260 2473 604 2541 Ἐπὲστησκν
679 2473 846 2552 αὐτῷ,
906 2475 1065 2554 φασὶ,
1140 2473 1462 2549 διδάσκοντι,
1522 2477 1594 2539 ὡς
1671 2477 1759 2531 καὶ
1839 2482 1915 2550 τῷ

263 2563 439 2641 Κυρίῳ
487 2564 610 2638 Θεῷ
679 2565 837 2638 ἡμῶν
897 2563 1080 2630 Ἰησοῦ
1131 2566 1178 2620 οἱ
1245 2585 1517 2642 πειρασται
1579 2563 1913 2621 Σαδδουκαῖ-

2000 2216 2328 2288 superstes,
2351 2208 2536 2271 fuisse
2559 2217 2822 2272 exortam
2846 2229 2914 2271 ac
2935 2210 3332 2290 pervulgatam
3353 2209 3636 2282 Joannes,

1998 2296 2547 2360 Thessalonicensis
2588 2296 3096 2378 archiepiscopus,
3148 2297 3524 2369 existimarit,
3573 2317 3643 2361 ac

2002 2388 2170 2468 proin
2192 2394 2458 2448 sanctum
2491 2386 2856 2450 Demetrium
2890 2395 3027 2449 ante
3049 2405 3266 2448 annum
3292 2386 3644 2466 3t4,utpote

1999 2485 2138 2538 ante
2170 2495 2347 2558 quem
2381 2484 2543 2538 certe
2573 2495 2792 2538 annum
2840 2477 2955 2552 (adi
2983 2477 3365 2539 Franciscum
3396 2474 3639 2555 Pagium

1997 2564 2058 2626 in
2086 2567 2440 2646 pontiﬁcum
2464 2567 2870 2630 Romanorum
2897 2566 3238 2645 Breviario,
3263 2573 3411 2626 tom.
3434 2567 3481 2639 Ι,
3503 2583 3635 2644 pag.

262 2676 420 2716 0t....
484 2653 621 2710 οὕτω
678 2654 767 2709 καὶ
825 2653 904 2727 τῷ
964 2656 1180 2731 μαθητῇ
1230 2660 1322 2710 τοῦ
1371 2657 1596 2732 Χριστοῦ
1635 2659 1712 2726 τῷ
1771 2676 1913 2710 παν-

2003 2655 2095 2731 75)
2117 2654 2298 2735 impia
2319 2654 2421 2716 illa
2443 2665 2607 2717 secta
2636 2655 2869 2717 initium
2894 2654 3049 2717 haud
3079 2653 3330 2734 accepit,
3359 2654 3637 2734 martyrio

260 2740 456 2824 ενδόξῳ
553 2741 827 2819 μάρτυρι,
914 2740 1182 2809 ’Έλληνες
1293 2741 1346 2808 ἐξ
1449 2743 1690 2810 Ἀθηνῶν
1722 2791 1740 2820 ,
1830 2746 1915 2801 καὶ

2003 2763 2122 2806 non
2152 2743 2332 2806 fuisse
2355 2752 2724 2808 coronatum.
2746 2743 2969 2808 Verum
2997 2745 3126 2806 haec
3145 2743 3452 2824 scriptoris
3479 2743 3639 2810 illius

259 2823 523 2890 Ἰουδαῖοι
587 2829 639 2895 ἐξ
703 2830 1084 2909 Ιεροσολύμων,
1119 2833 1216 2888 καὶ
1270 2839 1568 2911 Μανιχαϊοι
1626 2833 1687 2890 ἐκ
1741 2833 1915 2891 Μέσο-

2003 2835 2201 2913 opinio
2227 2834 2564 2913 neutiquam
2593 2842 2785 2914 potest
2807 2833 3085 2911 admittit;
3115 2823 3454 2895 Demetrius
3476 2831 3638 2893 enim

269 2920 560 2995 ποταμίας,
623 2920 711 2976 καὶ
793 2920 900 2976 ἀπὸ
975 2917 1370 2996 Ἀλεξανδρείας
1441 2920 1709 2999 Ἀρειανοί
1794 2925 1914 3001 (πρὸ

2003 2921 2457 2996 Thessalonicae,
2491 2923 2577 2984 uti
2628 2925 2788 2984 inter
2843 2941 3058 2985 omnes
3107 2923 3405 2996 convenit,
3457 2921 3640 2983 subiit

268 3007 470 3066 πολλοῦ
529 3010 631 3087 γὰρ
664 3008 756 3076 τῆς
817 3009 988 3064 αὐτῶν
1044 3008 1398 3088 καθαιρέσεως
1445 3010 1540 3076 τὴν
1601 3012 1914 3088 οἰκουμένην

2003 3012 2369 3092 martyrium.
2423 3012 2826 3074 Macedoniam
2881 3020 3076 3074 autem
3111 3020 3315 3085 totam,
3350 3028 3418 3072 ac
3468 3010 3640 3091 proin

264 3098 552 3176 ἐτάραττον
602 3098 691 3155 καὶ
735 3095 919 3161 ἁπλῶς
952 3098 1131 3164 πάσης
1189 3098 1385 3177 σχεδὸν
1433 3098 1683 3178 αἱρέσεως
1737 3124 1912 3176 παρα-

2003 3101 2177 3162 etiam
2232 3100 2400 3162 sitam
2438 3100 2500 3163 in
2550 3102 2660 3163 hac
2689 3100 3168 3162 Thessalonicam
3211 3101 3337 3179 jam
3369 3097 3510 3160 inde
3564 3097 3638 3158 ab

261 3185 515 3264 γεγόνασι
574 3183 990 3265 πρόμαχοι)....
1023 3189 1318 3259 paream...
1377 3186 1723 3252 θέλοντες,...
1775 3190 1913 3265 μᾶλ-

2003 3209 2152 3251 anno
2169 3191 2404 3268 3t4,uti
2434 3192 2588 3271 apud
2620 3189 3163 3266 Tillemontium,in
3194 3189 3639 3270 lmperatorum

259 3273 360 3331 λον
415 3272 468 3330 δὲ
528 3274 588 3330 οὒ
661 3279 853 3349 μαθεῖν
914 3274 1167 3353 (πονηρίαι
1223 3277 1321 3355 γὰρ
1381 3277 1616 3354 ἀνορεξία
1683 3279 1914 3359 πέφυκεν

2003 3280 2410 3342 Romanorum
2436 3281 2888 3354 Historia,tom.
2915 3277 3010 3355 lV,
3036 3277 3452 3360 p.162,videre
3473 3275 3636 3356 licet,

259 3367 511 3443 ἀγαθοῦ),
553 3361 690 3419 ἀλλα
749 3364 994 3441 πειράσαι
1055 3368 1141 3421 καὶ
1199 3363 1476 3442 διαστὲψαι
1507 3369 1631 3444 ξτῆς
1687 3370 1912 3435 πίστεως

2003 3370 2414 3433 Constantinus
2436 3369 2694 3450 Magnus,
2731 3367 2842 3430 sub
2869 3387 2986 3448 quo
3008 3386 3150 3430 sane
3173 3367 3451 3430 Sanctum
3478 3384 3636 3427 mar-

257 3455 363 3522 τὴν
392 3453 673 3519 εὖθύτητα.
1424 3504 1430 3509 .

2003 3459 2140 3540 tyrio
2168 3459 2440 3520 atl‘ectum
2474 3477 2650 3520 nemo
2682 3457 2917 3531 dixerit,
2952 3459 3009 3518 in
3071 3464 3357 3538 potestate
3386 3473 3492 3516 sua
3521 3455 3631 3516 han

349 3542 450 3605 55.
485 3542 584 3600 Καὶ
627 3545 654 3599 ὁ
685 3543 784 3617 μὲν
841 3541 1049 3611 ’Ἕλλην
1106 3546 1280 3622 ἠρέμα
1337 3570 1452 3609 πως
1484 3548 1572 3604 καὶ
1631 3550 1909 3626 εἰρωνευό-

2003 3548 2139 3622 buit,
2174 3547 2581 3628 deincepsque
2603 3547 2675 3609 ad
2706 3564 2924 3608 annum
2962 3563 3150 3626 usque
3173 3544 3314 3617 337,
3347 3543 3402 3605 ei
3430 3560 3632 3604 emor-

272 3653 456 3708 μενος,
521 3631 620 3687 ἅτε
673 3629 738 3698 δὴ
809 3643 929 3694 ταῖς
1003 3631 1434 3711 συλλογιπικαϊς
1505 3636 1911 3713 ἑπικομπάζων,

2003 3638 2242 3712 tualem,
2273 3637 2344 3697 ad
2377 3655 2552 3716 quem
2581 3655 2764 3716 usque
2818 3635 3100 3697 Demetrii
3137 3640 3476 3713 martyrium
3521 3629 3637 3693 dif-

267 3723 358 3777 καὶ
405 3721 470 3776 τὰ
502 3720 580 3795 μὴ
625 3717 750 3776 ὄντα
781 3722 853 3784 ὡς
914 3719 1038 3778 ὄντα
1069 3721 1348 3795 δεικνύναι,
1382 3726 1470 3781 καὶ
1528 3727 1592 3781 τὰ
1622 3726 1746 3784 ὄντα
1804 3730 1912 3788 πά-

2003 3725 2137 3787 ferri
2170 3725 2506 3786 certissime
2530 3744 2645 3786 non
2682 3733 2896 3804 potest,
2931 3722 3154 3784 habere
3179 3721 3458 3802 perrexit.

266 3809 354 3866 λιν
405 3811 478 3872 ὡς
537 3810 615 3884 μὴ
656 3809 992 3888 ὑπάρχοντα,
1050 3813 1231 3890 ἠρώτα
1301 3816 1392 3870 τὸν
1459 3816 1715 3890 μάρτυρα,
1771 3817 1915 3883 ὅπως

2081 3814 2408 3878 57.Adhaec
2427 3814 2790 3893 Demetrius,
2821 3813 2904 3873 uti
2922 3813 3043 3892 jam
3070 3830 3226 3872 nunc
3247 3810 3496 3890 docebo,
3527 3809 3638 3870 sub

268 3901 398 3976 περί
472 3905 566 3954 τοῦ
621 3901 760 3954 θείου
816 3898 1047 3970 δοξάζοι·
1109 3903 1202 3957 τὸν
1275 3900 1328 3958 δὲ
1383 3904 1754 3982 ἀποκρίνασθαι
1829 3906 1915 3964 ἕνα

2003 3904 2378 3983 imperatore,
2413 3902 2511 3964 cui
2548 3903 2902 3966 Maximiano
2935 3919 3151 3962 nomen
3209 3908 3387 3972 esset,
3421 3907 3638 3978 marty-

270 3990 403 4046 Θεὸν
459 3987 746 4064 ὁμολογεῖν
804 3986 1051 4046 ἅκτιστον
1104 3992 1191 4047 καὶ
1243 3991 1442 4068 ἀλιδιον,
1489 3995 1722 4063 ποιητὴν
1777 3999 1912 4057 πάν-

2003 3994 2155 4054 rium
2209 3992 2444 4073 subiit;
2506 3991 2706 4053 nullus
2763 4000 2958 4052 autem
3020 3991 3359 4066 imperator,
3401 3988 3644 4048 nomine

271 4099 379 4134 των
440 4079 642 4155 ὁρατῶν
670 4079 754 4132 καὶ
815 4077 1076 4156 ἀοράτων,
1111 4082 1198 4137 καὶ
1229 4079 1311 4136 διὰ
1371 4093 1523 4142 τοῦτο
1563 4087 1646 4141 καὶ
1706 4087 1915 4144 Δεσπό-

2004 4081 2412 4157 Maximianus,
2448 4088 2578 4159 post
2603 4099 2820 4142 annum
2853 4081 2992 4159 311,
3027 4098 3144 4156 quo
3170 4077 3438 4141 Galerius
3466 4077 3645 4140 Maxi-

269 4168 371 4234 τὴν
443 4168 528 4222 καὶ
584 4168 913 4242 προνοητήν.
981 4168 1165 4249 Κάγὼ,
1225 4168 1326 4250 ἔφη
1402 4175 1426 4229 ὃ
1477 4173 1721 4249 ’Ἕλλην’
1784 4177 1915 4233 οὕτω

2007 4173 2262 4244 mianus,
2300 4174 2383 4234 uti
2432 4173 2503 4234 ad
2538 4174 2699 4234 hunc
2755 4190 2976 4232 annum
3013 4171 3222 4248 Pagius
3251 4171 3310 4230 in
3363 4169 3641 4248 Criticis,

267 4257 472 4335 φρονῶο
558 4254 656 4321 τῆς
745 4255 844 4332 γὰρ
913 4258 1226 4336 Σωκράτους
1304 4261 1409 4334 εἰμὶ
1492 4260 1788 4339 διατριϐῆς,
1862 4269 1915 4324 οὔ

2003 4263 2418 4326 Tillemontius
2439 4263 2731 4325 Historia
2760 4264 3188 4340 imperatorum
3207 4268 3346 4320 tom.
3374 4257 3475 4330 IV,
3507 4275 3640 4336 pag.

266 4346 367 4410 τῆς
427 4345 738 4420 Ἐπικουρςυ
780 4347 864 4401 καὶ
895 4352 1001 4401 τῶι
1061 4347 1180 4403 κατ’
1227 4349 1407 4410 eam.
1476 4375 1501 4406 α
1538 4351 1611 4414 Ut
1642 4353 1765 4415 hac
1815 4353 1915 4415 ita-

2006 4353 2144 4427 116,
2177 4352 2396 4432 aliique
2429 4353 2644 4432 passim
2675 4351 2916 4424 docent,
2938 4349 3094 4410 diem
3119 4357 3450 4410 extremum
3482 4348 3643 4408 clau-

269 4450 388 4514 que
410 4432 578 4493 illum
608 4450 749 4494 sane
782 4433 1085 4495 celebrem
1111 4437 1439 4514 efficerent,
1475 4457 1579 4502 seu
1609 4443 1805 4522 potius
1839 4444 1915 4505 fa-
1939 4461 1981 4511 ι)
2005 4443 2102 4517 sit,
2135 4441 2571 4504 Thessalonica
2624 4440 2962 4501 dominatus
3018 4448 3150 4511 est;
3204 4446 3270 4497 ut
3312 4438 3642 4514 enimvero,

271 4540 427 4583 mam
461 4522 592 4611 ejus
645 4522 998 4584 extollerent
1051 4527 1426 4609 opportebat,
1459 4528 1640 4608 idque
1671 4537 1730 4591 in
1789 4533 1920 4594 aliis
1999 4531 2299 4604 omnibus,
2335 4551 2469 4611 qum
2487 4531 2609 4610 jam
2646 4531 2801 4591 dicta
2830 4537 2994 4598 sunt,
3026 4527 3442 4599 consideratis,
3468 4524 3647 4587 Joan-

269 4612 444 4674 etiam
463 4610 810 4690 regionibus
838 4611 1053 4674 factum
1077 4619 1916 4696 narraturQuemadmodum,
2002 4639 2130 4697 nes,
2161 4610 2714 4682 Thessalonicensis
2766 4617 3270 4697 archiepiscopus,
3306 4625 3405 4676 aut
3449 4632 3644 4675 veram

269 4700 458 4775 aiunt,
490 4700 946 4763 insurrexerunt
996 4703 1056 4763 in
1112 4705 1425 4766 Dominum
1471 4705 1699 4781 Jesum,
1731 4709 1919 4771 Deum
2003 4710 2296 4791 martyrii,
2332 4729 2366 4770 a
2423 4708 2726 4770 Demetrio
2789 4708 3042 4770 tolerati.
3079 4707 3360 4786 epocham
3412 4702 3649 4784 penitus

270 4797 896 4880 nostrum,tentatores
917 4792 1294 4858 Saducaal....
1326 4797 1401 4858 ita
1426 4797 1680 4859 etiamin
1705 4793 1920 4861 Christi
2003 4800 2309 4880 ignorarit,
2345 4807 2444 4859 aut
2489 4806 2651 4859 certe
2680 4815 2809 4860 eam
2844 4799 3058 4864 serius,
3093 4814 3267 4876 quam
3300 4793 3386 4854 rei
3431 4793 3647 4853 veritas

272 4879 659 4960 discipulum,
686 4879 1183 4956 gloriosissimum
1219 4894 1558 4966 martyrem,
1593 4888 1818 4950 ethnici
1851 4908 1922 4951 ex

270 4969 548 5044 Athenis,
586 4979 642 5030 et
669 4968 856 5030 Judaei
897 4987 968 5030 ex
1011 4968 1368 5048 Jerusalem,
1404 4983 1465 5037 et
1506 4976 1818 5039 Manichaai
1852 4996 1920 5039 ex

269 5056 717 5138 Mesopotamia,
749 5065 806 5118 et
842 5059 1050 5122 Ariani
1081 5079 1149 5122 ex
1179 5061 1536 5125 Alexandria
1580 5064 1705 5144 (diu
1734 5067 1918 5140 enim,

265 5154 584 5227 antequam
634 5147 1091 5226 extirparentur,
1127 5151 1411 5213 mundum
1478 5153 1819 5216 universum
1857 5156 1916 5218 lti

266 5235 605 5317 turbavere,
637 5244 949 5316 omnisque
982 5237 1104 5300 fere
1131 5240 1430 5304 haereseos
1453 5253 1918 5323 propugnatores

262 5327 544 5404 fuere)...
583 5325 820 5388 discere
852 5327 1188 5393 volentes...
1211 5349 1317 5392 seu
1347 5338 1542 5412 potius
1571 5353 1688 5394 non
1715 5335 1919 5397 dicere

267 5415 516 5492 (malitia
543 5415 700 5476 enim
725 5413 946 5476 bonum
974 5417 1234 5494 fastidit),
1260 5421 1364 5482 sed
1398 5428 1625 5483 tentare
1655 5423 1914 5504 ﬁdeique

269 5504 708 5593 rectitudinem
728 5512 1178 5593 pervertere.Ac
1198 5509 1471 5571 ethnicus
1495 5511 1736 5587 quidem
1761 5533 1916 5593 quo-

273 5593 596 5658 daminodo
653 5591 1043 5657 dissimulans
1097 5597 1453 5679 syllogistice
1482 5599 1702 5683 quippe
1755 5591 1916 5682 sese,

2007 4891 2276 4970 patiatur,
2313 4886 2650 4959 traditione,
2685 4905 2859 4966 quam
2893 4886 3127 4962 allegat,
3154 4884 3437 4962 deceptus
3468 4881 3645 4942 ditl'e-

2005 4979 2250 5041 rendam
2283 4978 2520 5059 putarit.
2558 4979 2780 5037 Verum
2815 4976 3114 5052 quodnam
3150 4973 3382 5033 tandem
3415 4979 3647 5049 tempus

2007 5071 2242 5131 eventui
2275 5067 2368 5128 isti
2399 5067 2816 5144 assignandum
2845 5065 2868 5124 ἲ
2897 5061 3245 5125 Maximiano
3291 5061 3647 5140 imperatore

2006 5157 2064 5218 in
2099 5158 2244 5220 urbe
2274 5153 2797 5218 Thessalonicensi
2829 5152 3391 5233 degente,sanctum
3427 5150 3647 5210 Deme-

2002 5248 2180 5308 trium
2239 5256 2472 5326 captum
2507 5265 2576 5306 ac
2634 5253 2909 5305 necatum
2943 5242 3126 5303 fuisse
3183 5241 3297 5300 vita
3355 5238 3485 5326 ejus
3535 5255 3644 5299 seu

2002 5338 2203 5398 Passio
2263 5325 2386 5396 tum
2444 5334 2830 5398 Anastasiana
2902 5341 3022 5392 tum
3102 5328 3386 5391 Photiana
3440 5325 3644 5388 docet.

2001 5425 2175 5488 Hisce
2205 5426 2381 5487 etiam
2413 5425 2523 5486 hac
2556 5425 2617 5484 in
2648 5441 2713 5484 re
2761 5429 3088 5482 consonant
3117 5421 3245 5481 aliae
3288 5417 3420 5477 duae
3449 5417 3649 5478 Sancti

2002 5513 2172 5590 Vitae,
2225 5513 2678 5593 Metaphrastica
2735 5510 3030 5585 videlicet,
3065 5509 3389 5587 alteraque,
3441 5523 3473 5564 e
3530 5525 3648 5586 qua

2000 5605 2124 5668 haec
2155 5601 2620 5687 promanavit,ab
2652 5617 2943 5681 anonymo
2977 5603 3273 5660 contexta.
3296 5597 3519 5657 Verum
3553 5595 3644 5657 ha)
