4020 6132
399 269 556 337 1119

1758 278 2383 345 SUPPLEMENTUM
2394 330 2408 346 .

3608 280 3746 347 1120

397 407 583 500 rimos
615 408 688 473 ad
737 408 961 476 Christi
1015 412 1192 475 fidem
1251 414 1627 497 perduceret,
1679 416 2017 480 Maximiani
2040 427 2077 474 Α
2183 416 2283 479 68.
2319 415 2486 490 Quod
2519 424 2584 479 ut
2618 415 2802 499 magis
2829 416 3104 481 ordinate
3137 415 3589 497 faciam,primo
3621 419 3746 500 qui-

397 498 776 580 imperatoris
826 505 995 585 jussu
1040 505 1264 568 lanceis
1313 507 1624 569 confossus
1683 505 2026 588 martyrium

398 593 849 655 consummavit.
885 614 912 655 ›

478 679 749 754 66.0uod
764 685 886 761 jam
908 684 980 745 ad
1003 702 1208 746 sacros
1229 685 1477 748 aliarum
1501 687 1806 749 nationum
1824 686 2031 748 Fastos

395 779 766 859 spectatmoo
798 774 987 836 solum
1021 775 1175 856 apud
1207 779 1509 850 Graecos,e
1539 797 1788 859 quorum
1809 777 2020 858 Hagio-

395 858 568 938 logiis
597 862 684 923 vix
715 865 922 944 ullum,
956 867 1111 946 quod
1151 867 1442 930 Demetrii
1487 858 1606 930 non
1660 869 2018 948 meminerit,

397 947 684 1026 invenias,
719 951 920 1016 Sancti
949 956 1135 1019 nostri
1167 959 1454 1021 memoria
1479 959 1784 1028 recolitur,
1821 947 2022 1020 verum

396 1038 570 1100 etiam
603 1042 756 1121 apud
786 1044 1123 1126 lEthiopes,
1156 1046 1377 1111 Russos
1407 1067 1513 1110 seu
1534 1051 1788 1122 Moscos,
1824 1047 2026 1128 Copti-

395 1135 483 1218 tos
499 1147 567 1190 ac
590 1129 771 1210 Lyros
797 1149 811 1195 :
837 1135 990 1214 apud
1015 1137 1321 1217 Ethiopes
1344 1138 1583 1218 quidem
1605 1138 1665 1198 in
1677 1135 2028 1198 Calendario

393 1216 727 1299 lEthiopico
758 1223 912 1300 apud
945 1223 1160 1286 Jobum
1189 1216 1586 1307 Ludolphum,
1623 1226 1775 1306 apud
1804 1227 2028 1288 Russus

391 1315 586 1370 autem
621 1327 726 1370 seu
758 1314 987 1374 Moscos
1019 1317 1078 1374 in
1114 1316 1602 1391 Slavo-Russico,
1635 1314 1790 1396 quod
1822 1314 2027 1376 Latine

391 1413 425 1456 a
474 1415 538 1459 se
565 1399 863 1463 redditum
897 1402 1307 1467 nobilissimus
1337 1406 1480 1467 baro
1531 1405 1607 1467 de
1637 1404 2026 1484 Sparwenfelt

392 1485 702 1550 nobiscum
733 1494 1216 1570 communicavit,
1269 1495 1623 1574 Monologio,
1677 1495 1738 1554 in
1772 1493 2026 1574 praeﬁxis

391 1577 595 1655 operis
623 1580 811 1641 nostri
847 1593 993 1645 tom.
1027 1582 1207 1646 lMaii
1236 1582 1738 1664 Ephemeridibus
1780 1581 2023 1645 Graeco-

393 1665 632 1754 liioscis,
691 1669 776 1730 uti
825 1680 882 1732 et
935 1673 994 1733 in
1034 1671 1364 1736 Ruthenico
1419 1675 1572 1754 apud
1635 1676 2022 1736 Possevinum

2114 509 2251 570 dem
2285 508 2359 570 de
2390 508 2548 568 cultu
2577 508 3135 587 ecclesiastico,quo
3157 507 3494 569 Demetrius
3524 507 3750 570 univer-

2113 599 2224 659 sim
2255 599 2410 679 apud
2465 598 2702 661 Graecos
2757 598 3056 678 hodieque
3113 597 3352 679 gaudet,
3405 605 3585 677 atque
3617 597 3747 659 olim

2113 686 2224 748 fuit
2251 689 2521 764 gavisus;
2554 685 2775 749 deinde
2823 705 2965 749 vero
3017 688 3093 749 de
3124 707 3218 762 eo,
3253 706 3370 767 quo
3402 687 3746 749 nominatim

2112 785 2233 838 tum
2264 778 2720 851 Thessalonicae,
2773 786 2896 838 tum
2955 777 3466 856 Constantinopoli
3509 777 3586 837 ab
3616 777 3750 857 ipsis

2107 867 2282 928 etiam
2315 868 2571 930 Orientis
2605 866 3068 947 imperatoribus
3115 885 3451 947 eorumque
3484 867 3624 930 aula
3652 866 3752 928 fuit

2109 956 2453 1031 honoratus,
2485 957 2766 1028 tractabo,
2800 975 2868 1018 ac
2903 957 3139 1018 tandem
3171 958 3605 1037 venerationis,
3628 975 3750 1037 qua

2113 1045 2329 1107 Sancto
2362 1045 2502 1108 alibi
2538 1045 2924 1125 etiam,quam
2957 1045 3110 1124 apud
3145 1049 3406 1125 Graecos,
3442 1055 3546 1107 aut
3579 1050 3747 1108 modo

2109 1136 2304 1197 adhuc
2337 1134 2603 1197 defertur
2626 1144 2724 1195 aut
2755 1143 2917 1196 certe
2936 1135 3076 1195 olim
3102 1135 3210 1194 fuit
3241 1135 3749 1214 delata,explana-

2111 1223 2272 1286 tione
2342 1224 2851 1287 Commentarium
2925 1225 3084 1284 hunc
3153 1225 3511 1286 terminabo.
3568 1226 3750 1288 Graeci

2109 1315 2301 1392 ipsum
2323 1333 2495 1375 suum
2517 1314 2588 1374 ad
2614 1314 2692 1373 26
2715 1311 2990 1374 Octobris
3012 1313 3171 1374 diem
3193 1315 3270 1374 de
3297 1323 3500 1374 sancto
3537 1316 3748 1376 Deme-

2113 1403 2248 1481 trio,
2311 1402 2473 1464 brevi
2527 1403 2829 1474 duntaxat,
2891 1421 3067 1482 quam
3100 1413 3270 1478 tunc,
3297 1411 3359 1464 ut
3388 1421 3552 1482 saepe
3585 1403 3744 1476 alias,

2107 1490 2448 1566 instituunt,
2479 1491 2729 1552 aliorum
2755 1490 2980 1569 aliquot
3009 1501 3346 1551 sanctorum
3377 1509 3748 1552 commemo-

2107 1579 2337 1640 ratione
2393 1579 2694 1658 adjuncta,
2757 1579 2978 1640 faciunt
3033 1579 3318 1641 ofﬁcium.
3365 1579 3637 1660 Quisque
3682 1580 3753 1641 ita

2106 1686 2233 1730 rem
2295 1671 2515 1731 habere
2569 1669 2936 1748 comperiet,
2991 1669 3089 1749 qui
3141 1687 3349 1746 magna
3405 1668 3751 1732 Graecorum

389 1752 771 1841 Kalendario,
819 1761 1271 1843 Ruthenicoque
1320 1752 1473 1825 item
1496 1810 1512 1838 ,
1569 1762 1725 1838 quod
1790 1760 2025 1824 Moscua
2048 1793 2084 1842 Β
2109 1760 2328 1820 Menasa
2359 1777 2592 1831 excusa,
2627 1757 2934 1838 Typicum,
2967 1759 3157 1819 sancti
3182 1758 3353 1820 Sabaa
3382 1761 3636 1820 nomine
3664 1759 3752 1819 in-

389 1861 544 1907 anno
576 1849 732 1912 1688
760 1850 1048 1932 Georgius
1077 1852 1282 1927 David,
1317 1853 1627 1916 Societatis
1677 1858 1899 1913 nostra)
1923 1869 2022 1913 sa-

390 1934 623 2023 cerdos,
659 1939 729 2000 ad
765 1959 875 2002 nos
923 1942 1107 2015 misit,
1142 1942 1489 2023 Synaxario.
1527 1942 1697 2014 Quod
1753 1959 1898 2002 vero
1951 1941 2022 2001 ad

390 2020 652 2103 Coptitas
685 2046 753 2090 ac
771 2028 948 2110 Syros
979 2020 1258 2110 pertinet,
1293 2032 1444 2110 apud
1477 2033 1658 2093 hosce
1689 2031 1930 2111 quidem
1967 2032 2024 2092 in

390 2113 631 2193 Syriaco
661 2135 763 2178 seu
797 2119 1135 2201 Chaldaico,
1167 2122 1318 2202 typis
1347 2121 1632 2184 Romanis
1679 2139 1834 2182 anno
1868 2121 2026 2182 16%

390 2204 810 2283 vulgato,quod
837 2210 1040 2272 Latine
1061 2212 1196 2274 dein
1220 2211 1516 2274 redditum
1555 2230 1739 2292 penes
1770 2230 1876 2272 nos
1908 2228 2020 2274 ms.

389 2301 598 2369 exstat,
657 2297 1011 2362 Kalendario
1047 2319 1059 2360 :
1113 2302 1268 2382 apud
1331 2301 1466 2362 illos
1497 2317 1632 2362 vero
1665 2301 1725 2361 in
1753 2300 2018 2379 Ceptico,

388 2384 540 2464 quod
588 2386 903 2464 habemus,
967 2391 1246 2471 quodque
1285 2391 1658 2471 aKirchero,
1707 2390 2020 2454 Societatis

389 2481 608 2537 nostrae
628 2481 1024 2554 sacerdote,in
1058 2482 1314 2559 linguam
1350 2481 1611 2543 Latinam
1660 2481 1841 2542 fuisse
1879 2499 2018 2542 con-

386 2579 616 2625 versum
653 2569 1418 2649 suspicamur,Kalendario
1450 2587 1561 2631 ms.
1595 2569 1798 2631 Sancti
1830 2569 2016 2630 nostri

386 2670 604 2715 nomen
655 2668 1040 2721 memoratur.
1078 2661 1164 2721 Ac
1211 2667 1268 2720 in
1320 2660 1441 2721 illis
1467 2659 1713 2735 quidem
1743 2657 2019 2720 omnibus

385 2745 750 2806 enumeratis
807 2748 995 2810 Fastis
1051 2748 1237 2810 sacris
1287 2748 1623 2829 Ethiopes,
1682 2748 1858 2811 Russi
1911 2765 2018 2809 seu

385 2833 573 2901 Mosci,
623 2837 848 2910 Coptitae
879 2856 943 2897 ac
974 2841 1093 2914 Syri
1132 2857 1266 2908 non,
1298 2842 1782 2913 quemadmodum
1812 2842 2014 2905 Lattni.

383 2919 452 2976 ad
484 2921 540 2991 8,
565 2921 663 2979 sed
687 2923 756 2980 ad
778 2925 848 2980 26
868 2924 1132 2984 Octobris
1150 2927 1298 2984 diem
1321 2926 1674 2984 Demetrium
1703 2925 2014 2992 celebrant,

384 3002 620 3068 Graecos
651 3009 1124 3084 verosimillime,
1157 3031 1233 3073 ne
1260 3011 1452 3072 dicam
1485 3009 1753 3084 indubie,
1781 3010 2012 3085 imtiati,

383 3097 483 3178 qui
513 3100 586 3161 ad
618 3102 894 3163 eumdem
929 3105 1150 3186 pariter
1187 3104 1266 3166 26
1294 3102 1572 3168 Octobris
1598 3103 1782 3174 diem,
1808 3112 2015 3165 contra

2106 1847 3120 1928 signitum,novissimumque,quod
3144 1866 3299 1909 anno
3323 1851 3343 1909 1
3363 1847 3475 1911 ’138
3503 1849 3752 1928 impres-

2107 1957 2237 2000 sum
2272 1947 2531 2012 notatur,
2559 1938 2981 2016 Anthologium
3016 1938 3084 1998 ad
3121 1937 3340 2000 dictum
3364 1937 3443 1998 26
3467 1939 3751 2002 Octobris

2107 2027 2263 2089 diem
2290 2026 2868 2108 inspexerit.Verum
2892 2046 2926 2088 a
2962 2046 3081 2104 quo
3102 2039 3373 2108 tempore
3393 2029 3752 2091 ecclesiasti-

2105 2137 2210 2179 cus
2238 2117 2338 2178 ille
2361 2117 2551 2178 cultus
2578 2125 2780 2177 sancto
2808 2116 3107 2178 Demetrio
3145 2136 3178 2178 a
3217 2117 3438 2181 Graecis
3469 2119 3578 2198 qui
3618 2138 3746 2180 eum

2107 2215 2396 2286 praeterea
2417 2206 3034 2268 honorificentissimis
3073 2209 3555 2286 μεγαιλομάρτυρος
3578 2217 3749 2290 atque

2104 2294 2178 2356 ab
2226 2296 2520 2358 rationem
2584 2295 2736 2356 infra
2793 2294 3108 2356 dicendam
3167 2296 3498 2371 μυροϐλύτου
3567 2298 3746 2359 titulis

2103 2389 2532 2460 condecorant,
2570 2385 2748 2464 cmpit
2776 2384 2999 2446 deferri
3027 2391 3055 2447 ?
3084 2387 3231 2448 Cum
3265 2386 3325 2446 in
3357 2386 3746 2467 praefato,quo

2103 2473 2163 2535 in
2187 2475 2427 2536 Menaeis
2450 2477 2702 2536 Sanctus
2725 2473 3088 2548 celebratur,
3106 2473 3517 2536 ecclesiastico
3542 2475 3743 2538 Officio

2102 2567 2588 2626 commemoratio
2615 2573 2792 2624 terrae
2815 2563 3140 2643 motus,qui
3173 2562 3282 2624 sub
3312 2565 3517 2626 Leone
3549 2567 3744 2628 Isauro

2103 2660 2308 2722 evmtt,
2343 2660 2696 2726 instituatur,
2721 2658 2928 2730 hicque
2955 2657 3264 2727 imperator
3283 2656 3492 2716 saculo
3526 2669 3743 2726 octavo,

2101 2743 2173 2804 ad
2209 2743 2462 2804 mediam
2496 2743 2618 2804 fere
2650 2742 2740 2803 sui
2790 2751 3012 2821 partem
3068 2751 3372 2822 provecto,
3407 2742 3657 2816 obierit,
3692 2743 3744 2806 id

2102 2841 2548 2912 sanequantum
2575 2833 2645 2893 ad
2674 2832 3304 2894 commemorationem
3336 2831 3504 2893 illam
3542 2833 3748 2915 nequit

2101 2941 2234 2984 esse
2267 2924 2379 2984 hoc
2411 2921 2624 2982 saeculo
2657 2921 2980 3000 antiquius,
3027 2922 3262 2998 eritque
3312 2922 3618 2998 fortassis,
3650 2923 3743 3002 qui

2101 3011 2294 3073 eidem
2321 3011 2408 3073 vel
2437 3019 2748 3091 propterea
2774 3029 2882 3072 nec
2900 3022 3191 3088 quantum
3218 3009 3290 3072 ad
3314 3011 3546 3090 reliqua
3569 3013 3744 3092 majo-

2098 3119 2222 3162 rem
2249 3100 2654 3181 antiquitatem
2688 3099 2988 3162 attribuat.
3024 3099 3272 3175 Verum,
3310 3109 3625 3182 utcunque
3653 3119 3744 3162 res

383 3205 451 3249 ac
480 3187 666 3250 Latini
698 3190 1008 3272 faciunt,in
1043 3192 1326 3254 omnibus
1358 3210 1626 3273 prorsus,
1660 3192 1762 3272 qui
1789 3193 2011 3254 Deme-
2035 3187 2072 3202 “
2099 3191 2222 3251 haec
2256 3189 2487 3265 habeat,
2523 3187 2805 3252 Sanctum
2869 3189 3146 3268 equidem
3204 3190 3304 3250 diu
3364 3189 3548 3251 etiam
3610 3199 3740 3252 ante

383 3275 479 3336 trii
511 3284 935 3352 meminerunt,
969 3281 1161 3343 Fastis
1185 3281 1392 3351 sacris,
1427 3282 1635 3343 usitari
1667 3282 1818 3361 apud
1853 3281 2014 3360 ipsos

380 3364 588 3437 solitis,
625 3365 908 3429 Sanctum
940 3379 1432 3433 commemorant.

459 3454 785 3519 67.Verum
807 3467 871 3521 ut
904 3459 1046 3539 quid
1082 3459 1197 3520 alio
1229 3459 1326 3520 die
1358 3458 1699 3533 Graeci,alio
1730 3460 1921 3522 Latini
1950 3460 2010 3520 in

378 3550 554 3606 sacris
579 3550 847 3610 Ecclesiae
881 3569 998 3611 suae
1040 3556 1166 3611 usui
1203 3555 1497 3612 destinatis
1529 3553 1712 3610 Factis
1739 3555 2011 3613 Sanctum

377 3637 777 3712 consignant?
805 3636 931 3699 Νοη
964 3657 1096 3700 raro
1127 3640 1281 3719 apud
1314 3641 1552 3704 Latinos
1581 3641 1664 3719 fit,
1700 3649 1762 3702 ut
1787 3639 2006 3711 Sancti,

378 3740 495 3783 non
537 3725 608 3783 iis
631 3724 1091 3808 diebus,quibus
1117 3727 1313 3792 Vitam
1345 3749 1482 3792 cum
1517 3740 1709 3791 morte
1739 3749 2012 3791 commu-

376 3820 596 3887 tarunt,
628 3815 732 3876 sed
783 3815 943 3890 aliis,
993 3817 1094 3898 qui
1151 3816 1504 3882 Sanctorum
1556 3820 1808 3880 aliorum
1845 3819 2006 3880 cultu

374 3900 643 3980 impediti
676 3922 793 3965 non
823 3915 981 3987 sunt,
1019 3911 1400 3970 veneratione
1448 3907 1854 3970 ecclesiastica
1883 3907 2007 3968 affi-

375 3989 787 4062 ciantur.Quid
820 3994 869 4054 si
903 4014 1042 4073 ergo
1071 4000 1320 4058 Sanctus
1371 3999 1508 4060 olim
1553 3997 1706 4077 apud
1743 3996 2006 4070 Latinos,

377 4095 493 4137 non
518 4077 745 4158 die,qui
769 4081 821 4142 ei
845 4085 1186 4146 emortualis
1208 4085 1524 4166 obtigerat,
1558 4085 1662 4147 sed
1695 4085 1834 4156 alio,
1867 4105 2004 4165 quo,

375 4166 575 4229 Sancti
608 4167 856 4232 alterius
890 4175 1279 4236 veneratione
1309 4176 1467 4237 haud
1503 4174 1815 4253 impedito,
1850 4175 2008 4235 cultu

375 4255 774 4320 ecclesiastico
807 4261 962 4339 apud
998 4281 1100 4325 eos
1131 4263 1520 4334 afficiebatur,
1557 4263 1744 4324 sacris
1775 4281 2010 4342 quoque

373 4343 560 4406 Fastis
592 4365 698 4426 per
725 4351 966 4411 eosdem
1016 4351 1195 4414 fuerit
1246 4353 1589 4430 inscriptus,
1643 4352 1821 4430 idque
1851 4351 2006 4430 apud

375 4435 612 4497 Graecos
641 4454 713 4497 eo
739 4439 890 4516 ipso,
919 4441 1025 4513 qui
1059 4442 1112 4502 ei
1159 4441 1505 4502 emortualis
1537 4439 1766 4516 fuisset,
1801 4440 1899 4500 die
1931 4441 2007 4501 926

2095 3279 2377 3341 saeculum
2433 3286 2697 3339 octavum
2736 3277 2930 3339 officio
2974 3277 3380 3340 ecclesiastico
3410 3280 3737 3342 universim

2095 3387 2129 3430 a
2163 3367 2383 3431 Graecis
2415 3368 2635 3430 cultum
2670 3368 2993 3443 quotannis
3015 3367 3737 3440 fuisse,verosimillimum

2100 3458 2525 3537 mihiapparet,
2549 3465 2670 3518 tum
2698 3474 2766 3517 ex
2792 3457 3025 3536 iis,quae
3046 3467 3329 3538 quantum
3356 3457 3429 3518 ad
3463 3458 3599 3536 ejus
3631 3476 3736 3519 an-

2097 3552 2478 3622 tiquissimum
2502 3548 2927 3607 Thessalonica
2949 3550 3110 3621 juxta
3145 3565 3211 3607 ac
3246 3551 3735 3621 Constantinopoli

2093 3637 2317 3698 cultum
2345 3634 2495 3695 infra
2515 3634 2730 3695 dicturi
2755 3645 3116 3713 sumus,tum
3136 3634 3226 3695 vel
3245 3630 3513 3696 maxime
3535 3652 3608 3697 ex
3623 3635 3736 3695 sin-

2095 3723 2306 3802 gulari,
2345 3743 2458 3804 qua
2493 3723 2710 3784 saeculo
2743 3723 2868 3799 illo,
2907 3723 3025 3784 imo
3054 3723 3229 3785 etiam
3263 3724 3364 3787 diu
3395 3734 3560 3798 ante,
3585 3722 3734 3803 apud

2095 3814 2331 3875 Graecos
2355 3812 2592 3890 gavisus
2615 3811 2744 3891 fuit,
2782 3812 3165 3874 veneratione
3191 3811 3365 3878 simul
3397 3818 3457 3872 et
3482 3811 3733 3874 nominis

2091 3903 2435 3963 celebritate
2463 3925 2478 3972 ;
2504 3920 2677 3981 quam
2701 3911 3013 3981 utramque
3041 3901 3234 3963 sancti
3254 3900 3439 3964 nostri
3466 3901 3733 3982 martyris

2093 3992 2532 4073 praerogativam
2567 3991 2869 4070 probatam
2903 4010 3063 4053 nunc
3091 3992 3189 4053 do.

2171 4082 2269 4144 69.
2331 4083 2581 4142 Sanctus
2641 4079 2992 4141 Theodorus
3043 4080 3298 4154 Studita,
3359 4082 3463 4162 qui
3518 4082 3727 4144 saeculo

2095 4180 2298 4232 octavo
2316 4178 2666 4231 senescente
2697 4171 3129 4250 sequentisque
3155 4169 3329 4231 initio
3347 4170 3726 4252 ﬂoruit,apud

2093 4259 2477 4323 Sirmondum
2505 4258 2774 4338 Operam
2821 4261 3127 4320 variorum
3159 4267 3306 4323 tom.
3342 4259 3414 4335 V,
3450 4279 3583 4340 pag.
3618 4261 3726 4322 908

2091 4349 2153 4410 in
2184 4347 2459 4430 epistola,
2491 4365 2668 4427 quam
2699 4348 2771 4408 ad
2802 4350 3094 4410 Joannem
3127 4346 3511 4427 Spatharium
3544 4350 3721 4424 dedit,

2092 4439 2170 4500 ita
2201 4438 2406 4499 scribit
2441 4459 2454 4500 :
2491 4437 2798 4500 «Divinum
2825 4436 3124 4517 quoddam
3143 4437 3377 4498 facinus
3396 4457 3430 4499 a
3453 4437 3724 4500 domina-

374 4520 646 4584 Octobris
673 4515 801 4587 fieri
835 4531 1198 4608 contigerit?
1244 4530 1557 4590 Enimvero
1589 4529 1728 4590 hinc
1752 4515 2003 4610 factum,
2032 4515 2071 4565 ο
2093 4529 2250 4589 tione
2286 4537 2384 4587 tua
2413 4527 2628 4588 factum
2661 4515 2994 4598 audientes,
3021 4526 3212 4586 mirati
3245 4545 3454 4587 sumus
3485 4527 3562 4588 ob
3604 4545 3723 4588 ma-

379 4619 442 4669 ut
473 4613 759 4674 Demetrii
792 4634 1008 4676 nomen
1041 4617 1313 4680 Octobris
1363 4618 1458 4679 die
1489 4624 1522 4679 8
1554 4618 1709 4699 apud
1743 4619 2004 4698 Latinos,

374 4700 450 4761 96
482 4719 619 4762 vero
649 4703 801 4780 apud
836 4703 1070 4767 Graecos
1089 4707 1275 4768 Fastis
1305 4708 1489 4769 sacris
1510 4708 1686 4769 fuerit
1716 4707 2004 4769 insertum

377 4789 522 4850 mihi
551 4790 704 4852 haud
727 4809 966 4871 prorsus
991 4814 1134 4857 vero
1156 4806 1397 4876 apparet
1426 4797 1722 4871 absimile,
1753 4797 2008 4858 maxime

377 4895 508 4938 cum
543 4876 823 4941 Sanctum
878 4883 955 4945 26
1007 4882 1279 4946 Octobris
1324 4885 1422 4947 die
1455 4886 1710 4966 martyrii
1748 4885 2002 4965 palmam

374 4967 652 5030 retulisse
681 4969 868 5034 Graeci
901 4971 958 5034 in
991 4974 1254 5045 Menaeis,
1302 4984 1366 5035 ut
1416 4993 1599 5052 supra
1637 4974 1835 5047 docui,
1899 4993 2006 5034 ex-

379 5075 582 5136 presse
603 5058 1117 5144 affirment,reque
1141 5064 1318 5125 etiam
1344 5065 1471 5144 ipsa
1494 5064 1643 5127 forte
1665 5064 2008 5143 is,utsupra

377 5146 598 5226 pariter
621 5147 816 5224 docui,
847 5150 942 5212 die
972 5152 1071 5213 illa
1096 5154 1166 5213 ad
1194 5153 1508 5215 Dominum
1549 5153 1836 5233 migrarit.
1864 5152 2008 5216 Utut

375 5235 470 5304 sit,
504 5238 756 5299 Sanctus
782 5241 1082 5320 equidem,
1121 5243 1211 5303 uti
1244 5261 1314 5303 ex
1337 5244 1460 5322 jam
1495 5242 1668 5304 dictis
1700 5243 1906 5322 liquet,
1946 5241 2007 5302 in

376 5325 710 5386 Latinorum
745 5345 914 5402 asque
945 5347 1012 5390 ac
1031 5332 1369 5393 Graecorum
1414 5333 1601 5393 Fastis
1631 5333 1817 5393 sacris
1848 5332 2005 5393 cele-

375 5410 600 5500 bratur.
632 5413 914 5485 Quoniam
941 5429 1137 5479 autem
1165 5419 1240 5480 de
1271 5419 1428 5480 cultu
1452 5421 1882 5496 ecclesiastico,
1907 5420 2008 5500 qui

376 5499 430 5559 ei
461 5501 638 5559 fuerit
666 5503 915 5578 delatus,
951 5525 1146 5566 sermo
1171 5508 1292 5585 jam
1328 5508 1559 5581 incidit,
1585 5510 1669 5568 rei
1700 5499 2009 5588 argumen-

378 5593 498 5646 tum
533 5597 755 5662 monet,
790 5601 850 5652 ut
879 5593 955 5654 de
977 5613 1046 5655 eo
1067 5596 1191 5675 jam
1227 5612 1564 5656 sermonem
1602 5598 1906 5661 faciamus.

2090 4636 2263 4694 gnam
2289 4634 2491 4676 revera
2513 4615 2689 4676 fidem
2729 4622 2909 4687 tuam,
2940 4616 3112 4675 homo
3149 4616 3553 4677 Dei.Aflirmat
3573 4617 3719 4678 enim

2090 4707 2190 4787 qui
2241 4706 2463 4779 retulit,
2498 4713 2554 4765 te
2587 4722 2814 4764 sacram
2876 4706 3068 4782 magni
3121 4706 3394 4784 ntartyris
3444 4703 3722 4767 Demetrii

2090 4796 2407 4872 imaginem
2444 4794 2805 4871 susceptoris
2856 4793 3162 4869 cujusdam
3196 4793 3328 4854 loco
3359 4795 3718 4871 adhibuisse,

2090 4894 2266 4964 atque
2299 4885 2376 4944 ita
2406 4884 2508 4944 filii
2543 4885 2625 4943 tui
2656 4903 2688 4943 a
2727 4885 2845 4944 Deo
2871 4883 3146 4943 custoditi
3170 4883 3528 4962 baptismum
3563 4901 3721 4963 pere-

2089 4975 2264 5052 gisse.
2280 4975 2350 5035 Et
2371 4993 2405 5034 o
2427 4973 2701 5034 fiduciam
2725 4972 2903 5032 tuam!
2919 4971 3057 5033 Non
3081 4975 3286 5034 iuveni
3306 4981 3536 5037 tantum
3550 4974 3717 5054 ﬁdem

2090 5065 2155 5126 in
2198 5063 2387 5126 Israel
2420 5081 2536 5123 non
2591 5062 2780 5123 solum
2814 5061 3151 5122 centurioni
3211 5071 3352 5123 tunc
3409 5083 3444 5123 a
3495 5061 3716 5126 Christo

2091 5154 2312 5215 dictum
2333 5149 2726 5228 arbitror,sed
2754 5168 2910 5210 nunc
2934 5149 3109 5209 etiam
3138 5149 3242 5210 tibi
3269 5152 3365 5230 qui
3392 5151 3510 5211 fide
3529 5158 3714 5211 certas

2091 5262 2223 5304 cum
2247 5243 2604 5304 illo.lnvenit
2628 5257 2774 5316 ergo
2797 5239 2894 5299 ille
2911 5241 3067 5318 quod
3102 5239 3407 5318 quaerebat
3435 5261 3452 5317 ;
3479 5240 3713 5319 adeptus

2093 5351 2156 5394 es
2187 5344 2243 5393 et
2273 5332 2400 5411 ipse
2430 5331 2586 5411 quod
2637 5330 2916 5407 sperasti.
2951 5330 3035 5390 lbi
3087 5329 3348 5389 divinum
3385 5329 3710 5390 mandatum

2092 5440 2199 5502 pro
2231 5421 2524 5500 corporali
2554 5419 2903 5500 praesentia:
2938 5417 3033 5478 hic
3071 5437 3357 5497 corporea
3384 5419 3572 5497 imago
3596 5418 3712 5476 vice

2091 5511 2500 5590 prototypi.lbi
2525 5510 2686 5570 enim
2707 5506 2898 5568 verbis
2920 5508 3126 5568 aderat
3147 5526 3422 5584 magnum
3439 5506 3706 5583 Verbum,

2091 5598 2402 5662 divinitate
2434 5619 2540 5663 sua
2572 5597 2843 5660 mirabile
2866 5596 3135 5658 sanitatis
3156 5616 3308 5678 opus
3339 5594 3708 5658 invisibiliter
