  <div class='ocr_page' id='page_1' title='image "/cluster/home/n/w/nwhite01/storage/ocr_20150623/116/mdp.39015008903554/568.png"; bbox 0 0 4056 6152; ppageno 0'>
   <div class='ocr_carea' id='block_1_1' title="bbox 400 332 543 402">
    <p class='ocr_par' dir='ltr' id='par_1_1' title="bbox 400 332 543 402">
     <span class='ocr_line' id='line_1_1' title="bbox 400 332 543 402; baseline -0.021 0"><span class='ocrx_word' id='word_1_1' title='bbox 400 332 543 402; x_wconf 79' lang='grc'><strong>1121</strong></span> 
     </span>
    </p>
   </div>
   <div class='ocr_carea' id='block_1_2' title="bbox 1476 330 2671 402">
    <p class='ocr_par' dir='ltr' id='par_1_2' title="bbox 1476 330 2671 402">
     <span class='ocr_line' id='line_1_2' title="bbox 1476 330 2671 402; baseline -0.002 0"><span class='ocrx_word' id='word_1_2' title='bbox 1476 334 1536 402; x_wconf 91' lang='lat' dir='ltr'><strong>S.</strong></span> <span class='ocrx_word' id='word_1_3' title='bbox 1585 330 1963 401; x_wconf 80' lang='lat' dir='ltr'><strong>DEMETRII</strong></span> <span class='ocrx_word' id='word_1_4' title='bbox 2010 332 2409 400; x_wconf 84' lang='lat' dir='ltr'><strong>MARTYRIS</strong></span> <span class='ocrx_word' id='word_1_5' title='bbox 2450 331 2671 400; x_wconf 88' lang='lat' dir='ltr'><strong>ACTA.</strong></span> 
     </span>
    </p>
   </div>
   <div class='ocr_carea' id='block_1_3' title="bbox 3607 332 3762 403">
    <p class='ocr_par' dir='ltr' id='par_1_3' title="bbox 3607 332 3762 403">
     <span class='ocr_line' id='line_1_3' title="bbox 3607 332 3762 403; baseline 0.006 -3"><span class='ocrx_word' id='word_1_6' title='bbox 3607 332 3762 403; x_wconf 75' lang='grc'>1122</span> 
     </span>
    </p>
   </div>
   <div class='ocr_carea' id='block_1_4' title="bbox 393 470 3764 555">
    <p class='ocr_par' dir='ltr' id='par_1_4' title="bbox 393 470 3764 555">
     <span class='ocr_line' id='line_1_4' title="bbox 393 470 3764 555; baseline -0 -19"><span class='ocrx_word' id='word_1_7' title='bbox 393 472 740 555; x_wconf 90' lang='lat' dir='ltr'><strong>perﬁciens;</strong></span> <span class='ocrx_word' id='word_1_8' title='bbox 772 480 831 534; x_wconf 90' lang='lat' dir='ltr'><strong>et</strong></span> <span class='ocrx_word' id='word_1_9' title='bbox 862 471 959 533; x_wconf 92' lang='lat' dir='ltr'><strong>hic</strong></span> <span class='ocrx_word' id='word_1_10' title='bbox 992 471 1211 551; x_wconf 89' lang='lat' dir='ltr'><strong>pariter</strong></span> <span class='ocrx_word' id='word_1_11' title='bbox 1240 490 1487 550; x_wconf 87' lang='lat' dir='ltr'><strong>magnus</strong></span> <span class='ocrx_word' id='word_1_12' title='bbox 1537 480 1759 552; x_wconf 79' lang='lat' dir='ltr'><strong>martyr</strong></span> <span class='ocrx_word' id='word_1_13' title='bbox 1790 470 2032 550; x_wconf 85' lang='lat' dir='ltr'><strong>imagini</strong></span> <span class='ocrx_word' id='word_1_14' title='bbox 2056 481 2093 529; x_wconf 84' lang='lat' dir='ltr'><strong>A</strong></span> <span class='ocrx_word' id='word_1_15' title='bbox 2117 471 2397 532; x_wconf 67' lang='lat' dir='ltr'><strong>saeculum</strong></span> <span class='ocrx_word' id='word_1_16' title='bbox 2424 480 2715 544; x_wconf 86' lang='lat' dir='ltr'><strong>octavum;</strong></span> <span class='ocrx_word' id='word_1_17' title='bbox 2746 478 2905 532; x_wconf 91' lang='lat' dir='ltr'><strong>certe</strong></span> <span class='ocrx_word' id='word_1_18' title='bbox 2927 471 3368 533; x_wconf 80' lang='lat' dir='ltr'><strong>antesaeculum</strong></span> <span class='ocrx_word' id='word_1_19' title='bbox 3394 471 3638 534; x_wconf 89' lang='lat' dir='ltr'><strong>tertium</strong></span> <span class='ocrx_word' id='word_1_20' title='bbox 3663 472 3764 535; x_wconf 88' lang='lat' dir='ltr'><strong>de-</strong></span> 
     </span>
    </p>
   </div>
   <div class='ocr_carea' id='block_1_5' title="bbox 391 562 2036 643">
    <p class='ocr_par' dir='ltr' id='par_1_5' title="bbox 391 562 2036 643">
     <span class='ocr_line' id='line_1_5' title="bbox 391 562 2036 643; baseline 0 -18"><span class='ocrx_word' id='word_1_21' title='bbox 391 582 515 625; x_wconf 79' lang='lat' dir='ltr'><strong>sute</strong></span> <span class='ocrx_word' id='word_1_22' title='bbox 537 564 750 643; x_wconf 87' lang='lat' dir='ltr'><strong>spiritu</strong></span> <span class='ocrx_word' id='word_1_23' title='bbox 777 580 1036 643; x_wconf 64' lang='lat' dir='ltr'><strong>praesens</strong></span> <span class='ocrx_word' id='word_1_24' title='bbox 1059 562 1494 639; x_wconf 86' lang='lat' dir='ltr'><strong>erat,infantem</strong></span> <span class='ocrx_word' id='word_1_25' title='bbox 1529 563 1887 641; x_wconf 84' lang='lat' dir='ltr'><strong>suspiciens.</strong></span> <span class='ocrx_word' id='word_1_26' title='bbox 1924 562 2036 625; x_wconf 90' lang='lat' dir='ltr'><strong>Ve-</strong></span> 
     </span>
    </p>
   </div>
   <div class='ocr_carea' id='block_1_6' title="bbox 388 651 2041 733">
    <p class='ocr_par' dir='ltr' id='par_1_6' title="bbox 388 651 2041 733">
     <span class='ocr_line' id='line_1_6' title="bbox 388 651 2041 733; baseline 0 -19"><span class='ocrx_word' id='word_1_27' title='bbox 388 672 522 715; x_wconf 87' lang='lat' dir='ltr'><strong>rum</strong></span> <span class='ocrx_word' id='word_1_28' title='bbox 578 654 702 714; x_wconf 74' lang='lat' dir='ltr'><strong>haec</strong></span> <span class='ocrx_word' id='word_1_29' title='bbox 737 652 1000 733; x_wconf 85' lang='lat' dir='ltr'><strong>profanis</strong></span> <span class='ocrx_word' id='word_1_30' title='bbox 1052 651 1291 732; x_wconf 82' lang='lat' dir='ltr'><strong>quidem</strong></span> <span class='ocrx_word' id='word_1_31' title='bbox 1327 652 1570 713; x_wconf 85' lang='lat' dir='ltr'><strong>auribus</strong></span> <span class='ocrx_word' id='word_1_32' title='bbox 1601 661 1659 713; x_wconf 90' lang='lat' dir='ltr'><strong>et</strong></span> <span class='ocrx_word' id='word_1_33' title='bbox 1716 652 2041 714; x_wconf 71' lang='lat' dir='ltr'><strong>incredulis</strong></span> 
     </span>
    </p>
   </div>
   <div class='ocr_carea' id='block_1_7' title="bbox 393 740 2036 821">
    <p class='ocr_par' dir='ltr' id='par_1_7' title="bbox 393 740 2036 821">
     <span class='ocr_line' id='line_1_7' title="bbox 393 740 2036 821; baseline -0.001 -18"><span class='ocrx_word' id='word_1_34' title='bbox 393 741 692 803; x_wconf 77' lang='lat' dir='ltr'><strong>mentibus</strong></span> <span class='ocrx_word' id='word_1_35' title='bbox 723 741 971 802; x_wconf 90' lang='lat' dir='ltr'><strong>minime</strong></span> <span class='ocrx_word' id='word_1_36' title='bbox 1000 740 1373 821; x_wconf 85' lang='lat' dir='ltr'><strong>recipienda,</strong></span> <span class='ocrx_word' id='word_1_37' title='bbox 1410 750 1686 821; x_wconf 84' lang='lat' dir='ltr'><strong>tanquam</strong></span> <span class='ocrx_word' id='word_1_38' title='bbox 1707 740 2036 802; x_wconf 84' lang='lat' dir='ltr'><strong>incredibi-</strong></span> 
     </span>
    </p>
   </div>
   <div class='ocr_carea' id='block_1_8' title="bbox 386 830 2036 911">
    <p class='ocr_par' dir='ltr' id='par_1_8' title="bbox 386 830 2036 911">
     <span class='ocr_line' id='line_1_8' title="bbox 386 830 2036 911; baseline -0.001 -18"><span class='ocrx_word' id='word_1_39' title='bbox 386 832 493 911; x_wconf 84' lang='lat' dir='ltr'><strong>lia,</strong></span> <span class='ocrx_word' id='word_1_40' title='bbox 529 832 827 911; x_wconf 90' lang='lat' dir='ltr'><strong>videntur,</strong></span> <span class='ocrx_word' id='word_1_41' title='bbox 864 831 1119 891; x_wconf 88' lang='lat' dir='ltr'><strong>maxime</strong></span> <span class='ocrx_word' id='word_1_42' title='bbox 1169 830 1609 905; x_wconf 83' lang='lat' dir='ltr'><strong>iconomachis;</strong></span> <span class='ocrx_word' id='word_1_43' title='bbox 1666 831 1865 910; x_wconf 91' lang='lat' dir='ltr'><strong>pietati</strong></span> <span class='ocrx_word' id='word_1_44' title='bbox 1901 850 2036 892; x_wconf 88' lang='lat' dir='ltr'><strong>vero</strong></span> 
     </span>
    </p>
   </div>
   <div class='ocr_carea' id='block_1_9' title="bbox 387 920 2039 1001">
    <p class='ocr_par' dir='ltr' id='par_1_9' title="bbox 387 920 2039 1001">
     <span class='ocr_line' id='line_1_9' title="bbox 387 920 2039 1001; baseline 0.001 -20"><span class='ocrx_word' id='word_1_45' title='bbox 387 930 507 982; x_wconf 68' lang='lat' dir='ltr'><strong>tua:</strong></span> <span class='ocrx_word' id='word_1_46' title='bbox 557 920 871 981; x_wconf 89' lang='lat' dir='ltr'><strong>manifesta</strong></span> <span class='ocrx_word' id='word_1_47' title='bbox 918 928 1267 998; x_wconf 85' lang='lat' dir='ltr'><strong>argumenta</strong></span> <span class='ocrx_word' id='word_1_48' title='bbox 1327 929 1383 981; x_wconf 91' lang='lat' dir='ltr'><strong>et</strong></span> <span class='ocrx_word' id='word_1_49' title='bbox 1432 921 1703 1000; x_wconf 89' lang='lat' dir='ltr'><strong>exempla</strong></span> <span class='ocrx_word' id='word_1_50' title='bbox 1754 921 2039 1001; x_wconf 83' lang='lat' dir='ltr'><strong>patefacta</strong></span> 
     </span>
    </p>
   </div>
   <div class='ocr_carea' id='block_1_10' title="bbox 388 1008 2039 1089">
    <p class='ocr_par' dir='ltr' id='par_1_10' title="bbox 388 1008 2039 1089">
     <span class='ocr_line' id='line_1_10' title="bbox 388 1008 2039 1089; baseline 0 -18"><span class='ocrx_word' id='word_1_51' title='bbox 388 1018 547 1071; x_wconf 91' lang='lat' dir='ltr'><strong>sunt.</strong></span> <span class='ocrx_word' id='word_1_52' title='bbox 574 1008 726 1081; x_wconf 90' lang='lat' dir='ltr'><strong>Quid</strong></span> <span class='ocrx_word' id='word_1_53' title='bbox 760 1009 916 1071; x_wconf 90' lang='lat' dir='ltr'><strong>enim</strong></span> <span class='ocrx_word' id='word_1_54' title='bbox 951 1020 1042 1070; x_wconf 89' lang='lat' dir='ltr'><strong>est</strong></span> <span class='ocrx_word' id='word_1_55' title='bbox 1072 1011 1228 1089; x_wconf 90' lang='lat' dir='ltr'><strong>quod</strong></span> <span class='ocrx_word' id='word_1_56' title='bbox 1265 1009 1419 1070; x_wconf 90' lang='lat' dir='ltr'><strong>Deus</strong></span> <span class='ocrx_word' id='word_1_57' title='bbox 1451 1023 1731 1089; x_wconf 63' lang='lat' dir='ltr'><strong>praestare</strong></span> <span class='ocrx_word' id='word_1_58' title='bbox 1783 1010 2039 1071; x_wconf 87' lang='lat' dir='ltr'><strong>creden-</strong></span> 
     </span>
    </p>
   </div>
   <div class='ocr_carea' id='block_1_11' title="bbox 390 1098 2036 1179">
    <p class='ocr_par' dir='ltr' id='par_1_11' title="bbox 390 1098 2036 1179">
     <span class='ocr_line' id='line_1_11' title="bbox 390 1098 2036 1179; baseline 0.001 -20"><span class='ocrx_word' id='word_1_59' title='bbox 390 1098 545 1161; x_wconf 89' lang='lat' dir='ltr'><strong>tibus</strong></span> <span class='ocrx_word' id='word_1_60' title='bbox 594 1118 714 1160; x_wconf 92' lang='lat' dir='ltr'><strong>non</strong></span> <span class='ocrx_word' id='word_1_61' title='bbox 747 1099 930 1179; x_wconf 87' lang='lat' dir='ltr'><strong>possit</strong></span> <span class='ocrx_word' id='word_1_62' title='bbox 959 1098 990 1158; x_wconf 81' lang='lat'><strong>‘.’</strong></span> <span class='ocrx_word' id='word_1_63' title='bbox 1018 1098 1132 1160; x_wconf 84' lang='lat' dir='ltr'><strong>Aut</strong></span> <span class='ocrx_word' id='word_1_64' title='bbox 1185 1099 1486 1175; x_wconf 87' lang='lat' dir='ltr'><strong>quomodo</strong></span> <span class='ocrx_word' id='word_1_65' title='bbox 1520 1100 1578 1159; x_wconf 91' lang='lat' dir='ltr'><strong>in</strong></span> <span class='ocrx_word' id='word_1_66' title='bbox 1633 1100 1887 1177; x_wconf 83' lang='lat' dir='ltr'><strong>imagine</strong></span> <span class='ocrx_word' id='word_1_67' title='bbox 1921 1119 2036 1161; x_wconf 91' lang='lat' dir='ltr'><strong>non</strong></span> 
     </span>
    </p>
   </div>
   <div class='ocr_carea' id='block_1_12' title="bbox 389 1187 2040 1269">
    <p class='ocr_par' dir='ltr' id='par_1_12' title="bbox 389 1187 2040 1269">
     <span class='ocr_line' id='line_1_12' title="bbox 389 1187 2040 1269; baseline 0 -20"><span class='ocrx_word' id='word_1_68' title='bbox 389 1189 750 1267; x_wconf 83' lang='lat' dir='ltr'><strong>homonyme</strong></span> <span class='ocrx_word' id='word_1_69' title='bbox 779 1189 1044 1249; x_wconf 87' lang='lat' dir='ltr'><strong>cernitur</strong></span> <span class='ocrx_word' id='word_1_70' title='bbox 1074 1196 1130 1249; x_wconf 91' lang='lat' dir='ltr'><strong>et</strong></span> <span class='ocrx_word' id='word_1_71' title='bbox 1160 1187 1357 1249; x_wconf 82' lang='lat' dir='ltr'><strong>inesse</strong></span> <span class='ocrx_word' id='word_1_72' title='bbox 1390 1188 1653 1249; x_wconf 85' lang='lat' dir='ltr'><strong>creditur</strong></span> <span class='ocrx_word' id='word_1_73' title='bbox 1683 1189 1783 1269; x_wconf 89' lang='lat' dir='ltr'><strong>qui</strong></span> <span class='ocrx_word' id='word_1_74' title='bbox 1815 1207 2040 1269; x_wconf 78' lang='lat' dir='ltr'><strong>reprae-</strong></span> 
     </span>
    </p>
   </div>
   <div class='ocr_carea' id='block_1_13' title="bbox 386 1276 2042 1356">
    <p class='ocr_par' dir='ltr' id='par_1_13' title="bbox 386 1276 2042 1356">
     <span class='ocr_line' id='line_1_13' title="bbox 386 1276 2042 1356; baseline -0.003 -18"><span class='ocrx_word' id='word_1_75' title='bbox 386 1276 1013 1353; x_wconf 54' lang='lat' dir='ltr'><strong>sentaturhlmaginis</strong></span> <span class='ocrx_word' id='word_1_76' title='bbox 1040 1276 1333 1353; x_wconf 89' lang='lat' dir='ltr'><strong>siquidem</strong></span> <span class='ocrx_word' id='word_1_77' title='bbox 1368 1278 1656 1356; x_wconf 78' lang='lat' dir='ltr'><strong>honoi&#39;,ut</strong></span> <span class='ocrx_word' id='word_1_78' title='bbox 1683 1297 1928 1356; x_wconf 83' lang='lat' dir='ltr'><strong>magnus</strong></span> <span class='ocrx_word' id='word_1_79' title='bbox 1961 1278 2042 1340; x_wconf 87' lang='lat' dir='ltr'><strong>ait</strong></span> 
     </span>
    </p>
   </div>
   <div class='ocr_carea' id='block_1_14' title="bbox 386 1366 2034 1446">
    <p class='ocr_par' dir='ltr' id='par_1_14' title="bbox 386 1366 2034 1446">
     <span class='ocr_line' id='line_1_14' title="bbox 386 1366 2034 1446; baseline 0.001 -18"><span class='ocrx_word' id='word_1_80' title='bbox 386 1366 890 1441; x_wconf 88' lang='lat' dir='ltr'><strong>Basilius,transit</strong></span> <span class='ocrx_word' id='word_1_81' title='bbox 909 1366 979 1427; x_wconf 92' lang='lat' dir='ltr'><strong>ad</strong></span> <span class='ocrx_word' id='word_1_82' title='bbox 1000 1366 1641 1446; x_wconf 58' lang='lat' dir='ltr'><strong>prototypumaQuare</strong></span> <span class='ocrx_word' id='word_1_83' title='bbox 1662 1367 2034 1429; x_wconf 86' lang='lat' dir='ltr'><strong>manifestum</strong></span> 
     </span>
    </p>
   </div>
   <div class='ocr_carea' id='block_1_15' title="bbox 386 1455 2034 1536">
    <p class='ocr_par' dir='ltr' id='par_1_15' title="bbox 386 1455 2034 1536">
     <span class='ocr_line' id='line_1_15' title="bbox 386 1455 2034 1536; baseline 0.001 -19"><span class='ocrx_word' id='word_1_84' title='bbox 386 1465 478 1517; x_wconf 90' lang='lat' dir='ltr'><strong>est</strong></span> <span class='ocrx_word' id='word_1_85' title='bbox 530 1465 849 1536; x_wconf 80' lang='lat' dir='ltr'><strong>martyrem</strong></span> <span class='ocrx_word' id='word_1_86' title='bbox 884 1455 1092 1534; x_wconf 90' lang='lat' dir='ltr'><strong>fuisse,</strong></span> <span class='ocrx_word' id='word_1_87' title='bbox 1129 1456 1228 1535; x_wconf 89' lang='lat' dir='ltr'><strong>qui</strong></span> <span class='ocrx_word' id='word_1_88' title='bbox 1283 1455 1568 1516; x_wconf 89' lang='lat' dir='ltr'><strong>infantem</strong></span> <span class='ocrx_word' id='word_1_89' title='bbox 1604 1475 1708 1535; x_wconf 91' lang='lat' dir='ltr'><strong>per</strong></span> <span class='ocrx_word' id='word_1_90' title='bbox 1738 1458 2034 1536; x_wconf 86' lang='lat' dir='ltr'><strong>propriam</strong></span> 
     </span>
    </p>
   </div>
   <div class='ocr_carea' id='block_1_16' title="bbox 388 1543 2035 1625">
    <p class='ocr_par' dir='ltr' id='par_1_16' title="bbox 388 1543 2035 1625">
     <span class='ocr_line' id='line_1_16' title="bbox 388 1543 2035 1625; baseline 0.002 -20"><span class='ocrx_word' id='word_1_91' title='bbox 388 1545 703 1624; x_wconf 78' lang='lat' dir='ltr'><strong>imaginem</strong></span> <span class='ocrx_word' id='word_1_92' title='bbox 728 1543 1117 1625; x_wconf 87' lang='lat' dir='ltr'><strong>suscipiebat,</strong></span> <span class='ocrx_word' id='word_1_93' title='bbox 1146 1551 1437 1624; x_wconf 87' lang='lat' dir='ltr'><strong>quatenus</strong></span> <span class='ocrx_word' id='word_1_94' title='bbox 1468 1545 1549 1607; x_wconf 92' lang='lat' dir='ltr'><strong>ita</strong></span> <span class='ocrx_word' id='word_1_95' title='bbox 1578 1546 2035 1609; x_wconf 80' lang='lat' dir='ltr'><strong>credidisti.Sed</strong></span> 
     </span>
    </p>
   </div>
   <div class='ocr_carea' id='block_1_17' title="bbox 390 1636 2033 1717">
    <p class='ocr_par' dir='ltr' id='par_1_17' title="bbox 390 1636 2033 1717">
     <span class='ocr_line' id='line_1_17' title="bbox 390 1636 2033 1717; baseline 0.001 -21"><span class='ocrx_word' id='word_1_96' title='bbox 390 1653 424 1696; x_wconf 94' lang='grc' dir='ltr'>ο</span> <span class='ocrx_word' id='word_1_97' title='bbox 462 1636 957 1713; x_wconf 81' lang='lat' dir='ltr'><strong>magnificentiam</strong></span> <span class='ocrx_word' id='word_1_98' title='bbox 994 1643 1178 1709; x_wconf 90' lang='lat' dir='ltr'><strong>tuam,</strong></span> <span class='ocrx_word' id='word_1_99' title='bbox 1207 1636 1306 1715; x_wconf 87' lang='lat' dir='ltr'><strong>qui</strong></span> <span class='ocrx_word' id='word_1_100' title='bbox 1337 1636 1514 1697; x_wconf 86' lang='lat' dir='ltr'><strong>talem</strong></span> <span class='ocrx_word' id='word_1_101' title='bbox 1549 1654 1616 1697; x_wconf 89' lang='lat' dir='ltr'><strong>ac</strong></span> <span class='ocrx_word' id='word_1_102' title='bbox 1649 1645 1871 1699; x_wconf 91' lang='lat' dir='ltr'><strong>tantum</strong></span> <span class='ocrx_word' id='word_1_103' title='bbox 1905 1656 2033 1717; x_wconf 81' lang='lat' dir='ltr'><strong>syn-</strong></span> 
     </span>
    </p>
   </div>
   <div class='ocr_carea' id='block_1_18' title="bbox 387 1723 2033 1801">
    <p class='ocr_par' dir='ltr' id='par_1_18' title="bbox 387 1723 2033 1801">
     <span class='ocr_line' id='line_1_18' title="bbox 387 1723 2033 1801; baseline 0.002 -17"><span class='ocrx_word' id='word_1_104' title='bbox 387 1732 651 1798; x_wconf 89' lang='lat' dir='ltr'><strong>tecnum,</strong></span> <span class='ocrx_word' id='word_1_105' title='bbox 689 1732 752 1785; x_wconf 89' lang='lat' dir='ltr'><strong>ut</strong></span> <span class='ocrx_word' id='word_1_106' title='bbox 781 1731 992 1786; x_wconf 86' lang='lat' dir='ltr'><strong>vocant</strong></span> <span class='ocrx_word' id='word_1_107' title='bbox 1022 1726 1050 1784; x_wconf 82' lang='lat'><strong>?</strong></span> <span class='ocrx_word' id='word_1_108' title='bbox 1080 1723 1324 1785; x_wconf 89' lang='lat' dir='ltr'><strong>sortitus</strong></span> <span class='ocrx_word' id='word_1_109' title='bbox 1378 1744 1464 1801; x_wconf 87' lang='lat' dir='ltr'><strong>es,</strong></span> <span class='ocrx_word' id='word_1_110' title='bbox 1500 1745 1614 1786; x_wconf 91' lang='lat' dir='ltr'><strong>non</strong></span> <span class='ocrx_word' id='word_1_111' title='bbox 1646 1727 1805 1787; x_wconf 92' lang='lat' dir='ltr'><strong>hunc</strong></span> <span class='ocrx_word' id='word_1_112' title='bbox 1833 1727 1927 1789; x_wconf 85' lang='lat' dir='ltr'><strong>vel</strong></span> <span class='ocrx_word' id='word_1_113' title='bbox 1957 1728 2033 1787; x_wconf 93' lang='lat' dir='ltr'><strong>il-</strong></span> 
     </span>
    </p>
   </div>
   <div class='ocr_carea' id='block_1_19' title="bbox 2123 560 3761 639">
    <p class='ocr_par' dir='ltr' id='par_1_19' title="bbox 2123 560 3761 639">
     <span class='ocr_line' id='line_1_19' title="bbox 2123 560 3761 639; baseline 0.001 -17"><span class='ocrx_word' id='word_1_114' title='bbox 2123 562 2338 623; x_wconf 89' lang='lat' dir='ltr'><strong>cimum</strong></span> <span class='ocrx_word' id='word_1_115' title='bbox 2387 562 2492 623; x_wconf 90' lang='lat' dir='ltr'><strong>fuit</strong></span> <span class='ocrx_word' id='word_1_116' title='bbox 2554 562 2899 623; x_wconf 89' lang='lat' dir='ltr'><strong>honoratus.</strong></span> <span class='ocrx_word' id='word_1_117' title='bbox 2936 560 3141 639; x_wconf 84' lang='lat' dir='ltr'><strong>Liquet</strong></span> <span class='ocrx_word' id='word_1_118' title='bbox 3189 561 3245 622; x_wconf 92' lang='lat' dir='ltr'><strong>id</strong></span> <span class='ocrx_word' id='word_1_119' title='bbox 3301 581 3370 623; x_wconf 89' lang='lat' dir='ltr'><strong>ex</strong></span> <span class='ocrx_word' id='word_1_120' title='bbox 3420 562 3555 623; x_wconf 89' lang='lat' dir='ltr'><strong>data</strong></span> <span class='ocrx_word' id='word_1_121' title='bbox 3605 581 3761 624; x_wconf 87' lang='lat' dir='ltr'><strong>anno</strong></span> 
     </span>
    </p>
   </div>
   <div class='ocr_carea' id='block_1_20' title="bbox 2126 649 3759 725">
    <p class='ocr_par' dir='ltr' id='par_1_20' title="bbox 2126 649 3759 725">
     <span class='ocr_line' id='line_1_20' title="bbox 2126 649 3759 725; baseline 0.002 -15"><span class='ocrx_word' id='word_1_122' title='bbox 2126 650 2330 711; x_wconf 67' lang='lat' dir='ltr'><strong>mundi</strong></span> <span class='ocrx_word' id='word_1_123' title='bbox 2354 652 2681 712; x_wconf 88' lang='lat' dir='ltr'><strong>secundum</strong></span> <span class='ocrx_word' id='word_1_124' title='bbox 2716 649 2952 712; x_wconf 87' lang='lat' dir='ltr'><strong>Graecos</strong></span> <span class='ocrx_word' id='word_1_125' title='bbox 2974 650 3152 725; x_wconf 75' lang='lat'>6674,</span> <span class='ocrx_word' id='word_1_126' title='bbox 3186 650 3243 710; x_wconf 90' lang='lat' dir='ltr'><strong>id</strong></span> <span class='ocrx_word' id='word_1_127' title='bbox 3277 658 3388 725; x_wconf 89' lang='lat' dir='ltr'><strong>est,</strong></span> <span class='ocrx_word' id='word_1_128' title='bbox 3421 669 3555 713; x_wconf 60' lang='lat' dir='ltr'><strong>seras</strong></span> <span class='ocrx_word' id='word_1_129' title='bbox 3584 649 3759 715; x_wconf 86' lang='lat' dir='ltr'><strong>Chri-</strong></span> 
     </span>
    </p>
   </div>
   <div class='ocr_carea' id='block_1_21' title="bbox 2123 743 3763 815">
    <p class='ocr_par' dir='ltr' id='par_1_21' title="bbox 2123 743 3763 815">
     <span class='ocr_line' id='line_1_21' title="bbox 2123 743 3763 815; baseline 0.002 -16"><span class='ocrx_word' id='word_1_130' title='bbox 2123 745 2321 801; x_wconf 69' lang='lat' dir='ltr'><strong>Stianaa</strong></span> <span class='ocrx_word' id='word_1_131' title='bbox 2352 745 2510 809; x_wconf 77' lang='lat'>1166,</span> <span class='ocrx_word' id='word_1_132' title='bbox 2540 758 2638 815; x_wconf 89' lang='lat' dir='ltr'><strong>per</strong></span> <span class='ocrx_word' id='word_1_133' title='bbox 2672 743 3102 800; x_wconf 66' lang='lat' dir='ltr'><strong>Emmanualem</strong></span> <span class='ocrx_word' id='word_1_134' title='bbox 3133 744 3487 801; x_wconf 85' lang='lat' dir='ltr'><strong>Gomnenum</strong></span> <span class='ocrx_word' id='word_1_135' title='bbox 3516 745 3763 815; x_wconf 88' lang='lat' dir='ltr'><strong>impera-</strong></span> 
     </span>
    </p>
   </div>
   <div class='ocr_carea' id='block_1_22' title="bbox 2126 828 3761 911">
    <p class='ocr_par' dir='ltr' id='par_1_22' title="bbox 2126 828 3761 911">
     <span class='ocr_line' id='line_1_22' title="bbox 2126 828 3761 911; baseline 0.002 -23"><span class='ocrx_word' id='word_1_136' title='bbox 2126 836 2312 890; x_wconf 91' lang='lat' dir='ltr'><strong>torem</strong></span> <span class='ocrx_word' id='word_1_137' title='bbox 2345 829 2418 891; x_wconf 89' lang='lat' dir='ltr'><strong>de</strong></span> <span class='ocrx_word' id='word_1_138' title='bbox 2439 828 2670 899; x_wconf 75' lang='lat' dir='ltr'><strong>diebus,</strong></span> <span class='ocrx_word' id='word_1_139' title='bbox 2699 829 2917 908; x_wconf 90' lang='lat' dir='ltr'><strong>quibus</strong></span> <span class='ocrx_word' id='word_1_140' title='bbox 2946 837 3045 889; x_wconf 90' lang='lat' dir='ltr'><strong>aut</strong></span> <span class='ocrx_word' id='word_1_141' title='bbox 3089 830 3333 889; x_wconf 87' lang='lat' dir='ltr'><strong>omnino</strong></span> <span class='ocrx_word' id='word_1_142' title='bbox 3365 839 3466 891; x_wconf 90' lang='lat' dir='ltr'><strong>aut</strong></span> <span class='ocrx_word' id='word_1_143' title='bbox 3495 849 3564 891; x_wconf 85' lang='lat' dir='ltr'><strong>ex</strong></span> <span class='ocrx_word' id='word_1_144' title='bbox 3599 838 3761 911; x_wconf 87' lang='lat' dir='ltr'><strong>parte</strong></span> 
     </span>
    </p>
   </div>
   <div class='ocr_carea' id='block_1_23' title="bbox 2124 916 3762 997">
    <p class='ocr_par' dir='ltr' id='par_1_23' title="bbox 2124 916 3762 997">
     <span class='ocr_line' id='line_1_23' title="bbox 2124 916 3762 997; baseline 0.002 -19"><span class='ocrx_word' id='word_1_145' title='bbox 2124 916 2523 979; x_wconf 87' lang='lat' dir='ltr'><strong>tribunalibus</strong></span> <span class='ocrx_word' id='word_1_146' title='bbox 2571 917 2927 992; x_wconf 87' lang='lat' dir='ltr'><strong>feriandum,</strong></span> <span class='ocrx_word' id='word_1_147' title='bbox 2955 936 3060 979; x_wconf 86' lang='lat' dir='ltr'><strong>seu</strong></span> <span class='ocrx_word' id='word_1_148' title='bbox 3086 918 3272 997; x_wconf 89' lang='lat' dir='ltr'><strong>ajure</strong></span> <span class='ocrx_word' id='word_1_149' title='bbox 3294 918 3547 980; x_wconf 89' lang='lat' dir='ltr'><strong>dicendo</strong></span> <span class='ocrx_word' id='word_1_150' title='bbox 3576 918 3762 981; x_wconf 88' lang='lat' dir='ltr'><strong>absti-</strong></span> 
     </span>
    </p>
   </div>
   <div class='ocr_carea' id='block_1_24' title="bbox 2122 1005 3761 1088">
    <p class='ocr_par' dir='ltr' id='par_1_24' title="bbox 2122 1005 3761 1088">
     <span class='ocr_line' id='line_1_24' title="bbox 2122 1005 3761 1088; baseline 0.002 -21"><span class='ocrx_word' id='word_1_151' title='bbox 2122 1008 2383 1068; x_wconf 65' lang='lat' dir='ltr'><strong>nenzlum</strong></span> <span class='ocrx_word' id='word_1_152' title='bbox 2413 1017 2587 1088; x_wconf 83' lang='lat' dir='ltr'><strong>esset,</strong></span> <span class='ocrx_word' id='word_1_153' title='bbox 2624 1007 2887 1070; x_wconf 90' lang='lat' dir='ltr'><strong>Novella.</strong></span> <span class='ocrx_word' id='word_1_154' title='bbox 2921 1005 2985 1068; x_wconf 92' lang='lat' dir='ltr'><strong>In</strong></span> <span class='ocrx_word' id='word_1_155' title='bbox 3017 1007 3126 1069; x_wconf 78' lang='lat' dir='ltr'><strong>hac</strong></span> <span class='ocrx_word' id='word_1_156' title='bbox 3157 1008 3340 1087; x_wconf 90' lang='lat' dir='ltr'><strong>enim,</strong></span> <span class='ocrx_word' id='word_1_157' title='bbox 3370 1027 3500 1088; x_wconf 71' lang='lat' dir='ltr'><strong>quae</strong></span> <span class='ocrx_word' id='word_1_158' title='bbox 3532 1010 3589 1070; x_wconf 91' lang='lat' dir='ltr'><strong>in</strong></span> <span class='ocrx_word' id='word_1_159' title='bbox 3618 1008 3761 1072; x_wconf 85' lang='lat' dir='ltr'><strong>Jure</strong></span> 
     </span>
    </p>
   </div>
   <div class='ocr_carea' id='block_1_25' title="bbox 2121 1101 3763 1172">
    <p class='ocr_par' dir='ltr' id='par_1_25' title="bbox 2121 1101 3763 1172">
     <span class='ocr_line' id='line_1_25' title="bbox 2121 1101 3763 1172; baseline 0.002 -16"><span class='ocrx_word' id='word_1_160' title='bbox 2121 1101 2620 1169; x_wconf 74' lang='lat' dir='ltr'><strong>Graeco-llomano,</strong></span> <span class='ocrx_word' id='word_1_161' title='bbox 2657 1117 2754 1172; x_wconf 69' lang='lat' dir='ltr'><strong>per</strong></span> <span class='ocrx_word' id='word_1_162' title='bbox 2785 1102 3193 1159; x_wconf 79' lang='lat' dir='ltr'><strong>Leunclavium</strong></span> <span class='ocrx_word' id='word_1_163' title='bbox 3228 1117 3381 1158; x_wconf 88' lang='lat' dir='ltr'><strong>anno</strong></span> <span class='ocrx_word' id='word_1_164' title='bbox 3416 1102 3552 1159; x_wconf 83' lang='lat' dir='ltr'><strong>i596</strong></span> <span class='ocrx_word' id='word_1_165' title='bbox 3582 1102 3763 1159; x_wconf 82' lang='lat' dir='ltr'><strong>Fran-</strong></span> 
     </span>
    </p>
   </div>
   <div class='ocr_carea' id='block_1_26' title="bbox 2125 1185 3764 1267">
    <p class='ocr_par' dir='ltr' id='par_1_26' title="bbox 2125 1185 3764 1267">
     <span class='ocr_line' id='line_1_26' title="bbox 2125 1185 3764 1267; baseline 0.001 -20"><span class='ocrx_word' id='word_1_166' title='bbox 2125 1188 2333 1247; x_wconf 91' lang='lat' dir='ltr'><strong>cofurti</strong></span> <span class='ocrx_word' id='word_1_167' title='bbox 2368 1187 2620 1265; x_wconf 85' lang='lat' dir='ltr'><strong>vulgato,</strong></span> <span class='ocrx_word' id='word_1_168' title='bbox 2655 1205 2782 1267; x_wconf 88' lang='lat' dir='ltr'><strong>pag.</strong></span> <span class='ocrx_word' id='word_1_169' title='bbox 2821 1186 2956 1266; x_wconf 90' lang='lat'><strong>160,</strong></span> <span class='ocrx_word' id='word_1_170' title='bbox 2990 1193 3049 1245; x_wconf 88' lang='lat' dir='ltr'><strong>et</strong></span> <span class='ocrx_word' id='word_1_171' title='bbox 3079 1185 3231 1266; x_wconf 89' lang='lat' dir='ltr'><strong>apud</strong></span> <span class='ocrx_word' id='word_1_172' title='bbox 3267 1186 3537 1248; x_wconf 77' lang='lat' dir='ltr'><strong>[’hotium</strong></span> <span class='ocrx_word' id='word_1_173' title='bbox 3566 1188 3624 1247; x_wconf 93' lang='lat' dir='ltr'><strong>in</strong></span> <span class='ocrx_word' id='word_1_174' title='bbox 3650 1185 3764 1248; x_wconf 82' lang='lat' dir='ltr'><strong>No-</strong></span> 
     </span>
    </p>
   </div>
   <div class='ocr_carea' id='block_1_27' title="bbox 2127 1274 3757 1356">
    <p class='ocr_par' dir='ltr' id='par_1_27' title="bbox 2127 1274 3757 1356">
     <span class='ocr_line' id='line_1_27' title="bbox 2127 1274 3757 1356; baseline 0.002 -22"><span class='ocrx_word' id='word_1_175' title='bbox 2127 1276 2641 1337; x_wconf 87' lang='lat' dir='ltr'><strong>mocanonetitulo</strong></span> <span class='ocrx_word' id='word_1_176' title='bbox 2673 1275 2949 1356; x_wconf 89' lang='lat' dir='ltr'><strong>septimo,</strong></span> <span class='ocrx_word' id='word_1_177' title='bbox 2976 1293 3107 1355; x_wconf 88' lang='lat' dir='ltr'><strong>pag.</strong></span> <span class='ocrx_word' id='word_1_178' title='bbox 3144 1274 3217 1334; x_wconf 85' lang='grc'><strong>58</strong></span> <span class='ocrx_word' id='word_1_179' title='bbox 3249 1286 3311 1335; x_wconf 82' lang='lat' dir='ltr'><strong>et</strong></span> <span class='ocrx_word' id='word_1_180' title='bbox 3341 1293 3508 1355; x_wconf 91' lang='lat' dir='ltr'><strong>seqq.</strong></span> <span class='ocrx_word' id='word_1_181' title='bbox 3540 1284 3757 1350; x_wconf 83' lang='lat' dir='ltr'><strong>exstat,</strong></span> 
     </span>
    </p>
   </div>
   <div class='ocr_carea' id='block_1_28' title="bbox 2121 1359 3763 1444">
    <p class='ocr_par' dir='ltr' id='par_1_28' title="bbox 2121 1359 3763 1444">
     <span class='ocr_line' id='line_1_28' title="bbox 2121 1359 3763 1444; baseline 0.005 -24"><span class='ocrx_word' id='word_1_182' title='bbox 2121 1359 2447 1444; x_wconf 87' lang='lat' dir='ltr'><strong>imperator</strong></span> <span class='ocrx_word' id='word_1_183' title='bbox 2462 1365 2657 1426; x_wconf 87' lang='lat' dir='ltr'><strong>verbis</strong></span> <span class='ocrx_word' id='word_1_184' title='bbox 2672 1363 3119 1443; x_wconf 89' lang='lat' dir='ltr'><strong>sequentibus,a</strong></span> <span class='ocrx_word' id='word_1_185' title='bbox 3137 1365 3491 1425; x_wconf 90' lang='lat' dir='ltr'><strong>Leunclavio</strong></span> <span class='ocrx_word' id='word_1_186' title='bbox 3515 1382 3547 1426; x_wconf 93' lang='lat' dir='ltr'><strong>e</strong></span> <span class='ocrx_word' id='word_1_187' title='bbox 3564 1364 3763 1443; x_wconf 88' lang='lat' dir='ltr'><strong>lingua</strong></span> 
     </span>
    </p>
   </div>
   <div class='ocr_carea' id='block_1_29' title="bbox 2120 1452 3755 1534">
    <p class='ocr_par' dir='ltr' id='par_1_29' title="bbox 2120 1452 3755 1534">
     <span class='ocr_line' id='line_1_29' title="bbox 2120 1452 3755 1534; baseline -0.001 -17"><span class='ocrx_word' id='word_1_188' title='bbox 2120 1452 2403 1517; x_wconf 77' lang='lat' dir='ltr'><strong>Graecain</strong></span> <span class='ocrx_word' id='word_1_189' title='bbox 2437 1454 2699 1516; x_wconf 89' lang='lat' dir='ltr'><strong>Latinam</strong></span> <span class='ocrx_word' id='word_1_190' title='bbox 2734 1454 3061 1534; x_wconf 85' lang='lat' dir='ltr'><strong>conversis,</strong></span> <span class='ocrx_word' id='word_1_191' title='bbox 3087 1453 3163 1513; x_wconf 93' lang='lat' dir='ltr'><strong>ita</strong></span> <span class='ocrx_word' id='word_1_192' title='bbox 3195 1454 3450 1532; x_wconf 89' lang='lat' dir='ltr'><strong>primum</strong></span> <span class='ocrx_word' id='word_1_193' title='bbox 3476 1453 3755 1534; x_wconf 88' lang='lat' dir='ltr'><strong>loquitur:</strong></span> 
     </span>
    </p>
   </div>
   <div class='ocr_carea' id='block_1_30' title="bbox 2126 1541 3761 1623">
    <p class='ocr_par' dir='ltr' id='par_1_30' title="bbox 2126 1541 3761 1623">
     <span class='ocr_line' id='line_1_30' title="bbox 2126 1541 3761 1623; baseline 0.001 -18"><span class='ocrx_word' id='word_1_194' title='bbox 2126 1541 2567 1617; x_wconf 73' lang='lat' dir='ltr'><strong>cSancimus,ut</strong></span> <span class='ocrx_word' id='word_1_195' title='bbox 2598 1543 2682 1604; x_wconf 91' lang='lat' dir='ltr'><strong>illi</strong></span> <span class='ocrx_word' id='word_1_196' title='bbox 2707 1543 2834 1606; x_wconf 85' lang='lat' dir='ltr'><strong>dies</strong></span> <span class='ocrx_word' id='word_1_197' title='bbox 2865 1543 3055 1604; x_wconf 83' lang='lat' dir='ltr'><strong>feriati</strong></span> <span class='ocrx_word' id='word_1_198' title='bbox 3078 1544 3377 1623; x_wconf 87' lang='lat' dir='ltr'><strong>sint,quos</strong></span> <span class='ocrx_word' id='word_1_199' title='bbox 3398 1543 3458 1602; x_wconf 93' lang='lat' dir='ltr'><strong>in</strong></span> <span class='ocrx_word' id='word_1_200' title='bbox 3486 1545 3761 1621; x_wconf 67' lang='lat' dir='ltr'><strong>praesenti</strong></span> 
     </span>
    </p>
   </div>
   <div class='ocr_carea' id='block_1_31' title="bbox 2119 1631 3761 1707">
    <p class='ocr_par' dir='ltr' id='par_1_31' title="bbox 2119 1631 3761 1707">
     <span class='ocr_line' id='line_1_31' title="bbox 2119 1631 3761 1707; baseline 0.001 -14"><span class='ocrx_word' id='word_1_201' title='bbox 2119 1632 2541 1693; x_wconf 78' lang='lat' dir='ltr'><strong>constitutione</strong></span> <span class='ocrx_word' id='word_1_202' title='bbox 2598 1632 2945 1695; x_wconf 90' lang='lat' dir='ltr'><strong>nominatim</strong></span> <span class='ocrx_word' id='word_1_203' title='bbox 3005 1631 3529 1707; x_wconf 88' lang='lat' dir='ltr'><strong>enumerabimus;</strong></span> <span class='ocrx_word' id='word_1_204' title='bbox 3583 1641 3643 1695; x_wconf 91' lang='lat' dir='ltr'><strong>et</strong></span> <span class='ocrx_word' id='word_1_205' title='bbox 3698 1641 3761 1695; x_wconf 91' lang='lat' dir='ltr'><strong>ut</strong></span> 
     </span>
    </p>
   </div>
   <div class='ocr_carea' id='block_1_32' title="bbox 2118 1719 3761 1801">
    <p class='ocr_par' dir='ltr' id='par_1_32' title="bbox 2118 1719 3761 1801">
     <span class='ocr_line' id='line_1_32' title="bbox 2118 1719 3761 1801; baseline 0.001 -19"><span class='ocrx_word' id='word_1_206' title='bbox 2118 1722 2215 1784; x_wconf 90' lang='lat' dir='ltr'><strong>alii</strong></span> <span class='ocrx_word' id='word_1_207' title='bbox 2239 1722 2479 1801; x_wconf 92' lang='lat' dir='ltr'><strong>quidem</strong></span> <span class='ocrx_word' id='word_1_208' title='bbox 2513 1739 2720 1782; x_wconf 90' lang='lat' dir='ltr'><strong>eorum</strong></span> <span class='ocrx_word' id='word_1_209' title='bbox 2749 1721 2923 1782; x_wconf 84' lang='lat' dir='ltr'><strong>ferias</strong></span> <span class='ocrx_word' id='word_1_210' title='bbox 2949 1721 3010 1781; x_wconf 91' lang='lat' dir='ltr'><strong>in</strong></span> <span class='ocrx_word' id='word_1_211' title='bbox 3030 1723 3368 1783; x_wconf 80' lang='lat' dir='ltr'><strong>universum</strong></span> <span class='ocrx_word' id='word_1_212' title='bbox 3398 1719 3673 1798; x_wconf 87' lang='lat' dir='ltr'><strong>habeant,</strong></span> <span class='ocrx_word' id='word_1_213' title='bbox 3699 1732 3761 1783; x_wconf 88' lang='lat' dir='ltr'><strong>ut</strong></span> 
     </span>
    </p>
   </div>
   <div class='ocr_carea' id='block_1_33' title="bbox 387 1810 3762 1898">
    <p class='ocr_par' dir='ltr' id='par_1_33' title="bbox 387 1810 3762 1898">
     <span class='ocr_line' id='line_1_33' title="bbox 387 1810 3762 1898; baseline -0 -23"><span class='ocrx_word' id='word_1_214' title='bbox 387 1813 509 1875; x_wconf 89' lang='lat' dir='ltr'><strong>lum</strong></span> <span class='ocrx_word' id='word_1_215' title='bbox 563 1814 891 1894; x_wconf 90' lang='lat' dir='ltr'><strong>principem</strong></span> <span class='ocrx_word' id='word_1_216' title='bbox 945 1820 1084 1892; x_wconf 91' lang='lat' dir='ltr'><strong>puta</strong></span> <span class='ocrx_word' id='word_1_217' title='bbox 1137 1813 1230 1875; x_wconf 89' lang='lat' dir='ltr'><strong>vel</strong></span> <span class='ocrx_word' id='word_1_218' title='bbox 1291 1814 1619 1894; x_wconf 84' lang='lat' dir='ltr'><strong>dynastam,</strong></span> <span class='ocrx_word' id='word_1_219' title='bbox 1681 1824 1782 1877; x_wconf 90' lang='lat' dir='ltr'><strong>ant</strong></span> <span class='ocrx_word' id='word_1_220' title='bbox 1837 1816 2515 1898; x_wconf 73' lang='lat' dir='ltr'><strong>ipsumBnequaquam,</strong></span> <span class='ocrx_word' id='word_1_221' title='bbox 2553 1820 2669 1872; x_wconf 88' lang='lat' dir='ltr'><strong>toto</strong></span> <span class='ocrx_word' id='word_1_222' title='bbox 2698 1812 2957 1891; x_wconf 89' lang='lat' dir='ltr'><strong>ipsorum</strong></span> <span class='ocrx_word' id='word_1_223' title='bbox 3016 1810 3266 1873; x_wconf 88' lang='lat' dir='ltr'><strong>durante</strong></span> <span class='ocrx_word' id='word_1_224' title='bbox 3295 1811 3508 1891; x_wconf 90' lang='lat' dir='ltr'><strong>spatio,</strong></span> <span class='ocrx_word' id='word_1_225' title='bbox 3542 1812 3762 1873; x_wconf 86' lang='lat' dir='ltr'><strong>consti—</strong></span> 
     </span>
    </p>
   </div>
   <div class='ocr_carea' id='block_1_34' title="bbox 386 1901 2030 1983">
    <p class='ocr_par' dir='ltr' id='par_1_34' title="bbox 386 1901 2030 1983">
     <span class='ocr_line' id='line_1_34' title="bbox 386 1901 2030 1983; baseline 0.001 -21"><span class='ocrx_word' id='word_1_226' title='bbox 386 1901 560 1963; x_wconf 87' lang='lat' dir='ltr'><strong>etiam</strong></span> <span class='ocrx_word' id='word_1_227' title='bbox 595 1902 697 1983; x_wconf 88' lang='lat' dir='ltr'><strong>qui</strong></span> <span class='ocrx_word' id='word_1_228' title='bbox 748 1902 1083 1963; x_wconf 87' lang='lat' dir='ltr'><strong>diademate</strong></span> <span class='ocrx_word' id='word_1_229' title='bbox 1113 1901 1429 1964; x_wconf 88' lang='lat' dir='ltr'><strong>redimitus</strong></span> <span class='ocrx_word' id='word_1_230' title='bbox 1479 1911 1588 1963; x_wconf 91' lang='lat' dir='ltr'><strong>est.</strong></span> <span class='ocrx_word' id='word_1_231' title='bbox 1641 1903 1824 1983; x_wconf 87' lang='lat' dir='ltr'><strong>Major</strong></span> <span class='ocrx_word' id='word_1_232' title='bbox 1872 1906 2030 1966; x_wconf 91' lang='lat' dir='ltr'><strong>enim</strong></span> 
     </span>
    </p>
   </div>
   <div class='ocr_carea' id='block_1_35' title="bbox 384 1990 1644 2072">
    <p class='ocr_par' dir='ltr' id='par_1_35' title="bbox 384 1990 1644 2072">
     <span class='ocr_line' id='line_1_35' title="bbox 384 1990 1644 2072; baseline 0 -20"><span class='ocrx_word' id='word_1_233' title='bbox 384 1990 682 2072; x_wconf 83' lang='lat' dir='ltr'><strong>longeque</strong></span> <span class='ocrx_word' id='word_1_234' title='bbox 712 1992 988 2072; x_wconf 88' lang='lat' dir='ltr'><strong>superior</strong></span> <span class='ocrx_word' id='word_1_235' title='bbox 1018 2000 1105 2053; x_wconf 91' lang='lat' dir='ltr'><strong>est</strong></span> <span class='ocrx_word' id='word_1_236' title='bbox 1138 2010 1313 2071; x_wconf 90' lang='lat' dir='ltr'><strong>quem</strong></span> <span class='ocrx_word' id='word_1_237' title='bbox 1346 1994 1644 2071; x_wconf 88' lang='lat' dir='ltr'><strong>reperisti.</strong></span> 
     </span>
    </p>
   </div>
   <div class='ocr_carea' id='block_1_36' title="bbox 466 2077 2029 2161">
    <p class='ocr_par' dir='ltr' id='par_1_36' title="bbox 466 2077 2029 2161">
     <span class='ocr_line' id='line_1_36' title="bbox 466 2077 2029 2161; baseline 0.004 -21"><span class='ocrx_word' id='word_1_238' title='bbox 466 2080 566 2144; x_wconf 84' lang='lat'><strong>70.</strong></span> <span class='ocrx_word' id='word_1_239' title='bbox 600 2079 953 2161; x_wconf 71' lang='lat' dir='ltr'><strong>«Martyrum</strong></span> <span class='ocrx_word' id='word_1_240' title='bbox 985 2080 1203 2160; x_wconf 90' lang='lat' dir='ltr'><strong>quippe</strong></span> <span class='ocrx_word' id='word_1_241' title='bbox 1234 2077 1610 2157; x_wconf 87' lang='lat' dir='ltr'><strong>fortissimus,</strong></span> <span class='ocrx_word' id='word_1_242' title='bbox 1646 2083 2029 2145; x_wconf 80' lang='lat' dir='ltr'><strong>mirificarum</strong></span> 
     </span>
    </p>
   </div>
   <div class='ocr_carea' id='block_1_37' title="bbox 385 2168 2028 2252">
    <p class='ocr_par' dir='ltr' id='par_1_37' title="bbox 385 2168 2028 2252">
     <span class='ocr_line' id='line_1_37' title="bbox 385 2168 2028 2252; baseline 0.001 -19"><span class='ocrx_word' id='word_1_243' title='bbox 385 2169 777 2245; x_wconf 85' lang='lat' dir='ltr'><strong>clarissimus,</strong></span> <span class='ocrx_word' id='word_1_244' title='bbox 805 2187 1125 2247; x_wconf 85' lang='lat' dir='ltr'><strong>germanus</strong></span> <span class='ocrx_word' id='word_1_245' title='bbox 1156 2168 1372 2231; x_wconf 87' lang='lat' dir='ltr'><strong>Christi</strong></span> <span class='ocrx_word' id='word_1_246' title='bbox 1405 2172 1651 2248; x_wconf 85' lang='lat' dir='ltr'><strong>amicus,</strong></span> <span class='ocrx_word' id='word_1_247' title='bbox 1687 2174 2028 2252; x_wconf 84' lang='lat' dir='ltr'><strong>angelorum</strong></span> 
     </span>
    </p>
   </div>
   <div class='ocr_carea' id='block_1_38' title="bbox 384 2259 2031 2342">
    <p class='ocr_par' dir='ltr' id='par_1_38' title="bbox 384 2259 2031 2342">
     <span class='ocr_line' id='line_1_38' title="bbox 384 2259 2031 2342; baseline 0.001 -21"><span class='ocrx_word' id='word_1_248' title='bbox 384 2261 550 2321; x_wconf 86' lang='lat' dir='ltr'><strong>civis:</strong></span> <span class='ocrx_word' id='word_1_249' title='bbox 585 2259 685 2339; x_wconf 91' lang='lat' dir='ltr'><strong>qui</strong></span> <span class='ocrx_word' id='word_1_250' title='bbox 716 2267 795 2320; x_wconf 93' lang='lat' dir='ltr'><strong>tot</strong></span> <span class='ocrx_word' id='word_1_251' title='bbox 827 2267 1106 2339; x_wconf 85' lang='lat' dir='ltr'><strong>tantaque</strong></span> <span class='ocrx_word' id='word_1_252' title='bbox 1142 2262 1200 2319; x_wconf 86' lang='lat' dir='ltr'><strong>in</strong></span> <span class='ocrx_word' id='word_1_253' title='bbox 1234 2260 1406 2319; x_wconf 90' lang='lat' dir='ltr'><strong>terris</strong></span> <span class='ocrx_word' id='word_1_254' title='bbox 1450 2279 1691 2340; x_wconf 91' lang='lat' dir='ltr'><strong>semper</strong></span> <span class='ocrx_word' id='word_1_255' title='bbox 1714 2264 1898 2341; x_wconf 89' lang='lat' dir='ltr'><strong>potuit</strong></span> <span class='ocrx_word' id='word_1_256' title='bbox 1923 2282 2031 2342; x_wconf 90' lang='lat' dir='ltr'><strong>po-</strong></span> 
     </span>
    </p>
   </div>
   <div class='ocr_carea' id='block_1_39' title="bbox 386 2348 2029 2431">
    <p class='ocr_par' dir='ltr' id='par_1_39' title="bbox 386 2348 2029 2431">
     <span class='ocr_line' id='line_1_39' title="bbox 386 2348 2029 2431; baseline 0.002 -22"><span class='ocrx_word' id='word_1_257' title='bbox 386 2357 643 2431; x_wconf 90' lang='lat' dir='ltr'><strong>testque,</strong></span> <span class='ocrx_word' id='word_1_258' title='bbox 680 2356 742 2410; x_wconf 88' lang='lat' dir='ltr'><strong>ut</strong></span> <span class='ocrx_word' id='word_1_259' title='bbox 769 2348 830 2411; x_wconf 90' lang='lat' dir='ltr'><strong>in</strong></span> <span class='ocrx_word' id='word_1_260' title='bbox 862 2349 1139 2411; x_wconf 90' lang='lat' dir='ltr'><strong>omnibus</strong></span> <span class='ocrx_word' id='word_1_261' title='bbox 1172 2349 1292 2410; x_wconf 92' lang='lat' dir='ltr'><strong>oris</strong></span> <span class='ocrx_word' id='word_1_262' title='bbox 1336 2351 1757 2412; x_wconf 89' lang='lat' dir='ltr'><strong>miraculorum</strong></span> <span class='ocrx_word' id='word_1_263' title='bbox 1791 2370 2029 2412; x_wconf 90' lang='lat' dir='ltr'><strong>suorum</strong></span> 
     </span>
    </p>
   </div>
   <div class='ocr_carea' id='block_1_40' title="bbox 387 2438 2026 2521">
    <p class='ocr_par' dir='ltr' id='par_1_40' title="bbox 387 2438 2026 2521">
     <span class='ocr_line' id='line_1_40' title="bbox 387 2438 2026 2521; baseline 0.002 -21"><span class='ocrx_word' id='word_1_264' title='bbox 387 2438 525 2501; x_wconf 87' lang='lat' dir='ltr'><strong>tuba</strong></span> <span class='ocrx_word' id='word_1_265' title='bbox 576 2438 929 2501; x_wconf 90' lang='lat' dir='ltr'><strong>celebretur.</strong></span> <span class='ocrx_word' id='word_1_266' title='bbox 967 2439 1183 2500; x_wconf 72' lang='lat' dir='ltr'><strong>Beatus</strong></span> <span class='ocrx_word' id='word_1_267' title='bbox 1232 2440 1429 2519; x_wconf 88' lang='lat' dir='ltr'><strong>reipsa</strong></span> <span class='ocrx_word' id='word_1_268' title='bbox 1485 2459 1570 2516; x_wconf 92' lang='lat' dir='ltr'><strong>es,</strong></span> <span class='ocrx_word' id='word_1_269' title='bbox 1603 2442 1686 2500; x_wconf 84' lang='lat' dir='ltr'><strong>vir</strong></span> <span class='ocrx_word' id='word_1_270' title='bbox 1740 2441 2026 2521; x_wconf 89' lang='lat' dir='ltr'><strong>piissime,</strong></span> 
     </span>
    </p>
   </div>
   <div class='ocr_carea' id='block_1_41' title="bbox 383 2527 2035 2608">
    <p class='ocr_par' dir='ltr' id='par_1_41' title="bbox 383 2527 2035 2608">
     <span class='ocr_line' id='line_1_41' title="bbox 383 2527 2035 2608; baseline 0.002 -20"><span class='ocrx_word' id='word_1_271' title='bbox 383 2527 539 2608; x_wconf 92' lang='lat' dir='ltr'><strong>quod</strong></span> <span class='ocrx_word' id='word_1_272' title='bbox 576 2528 750 2591; x_wconf 90' lang='lat' dir='ltr'><strong>talem</strong></span> <span class='ocrx_word' id='word_1_273' title='bbox 777 2536 982 2589; x_wconf 86' lang='lat' dir='ltr'><strong>nactus</strong></span> <span class='ocrx_word' id='word_1_274' title='bbox 1013 2528 1094 2589; x_wconf 88' lang='lat' dir='ltr'><strong>sis</strong></span> <span class='ocrx_word' id='word_1_275' title='bbox 1125 2538 1559 2607; x_wconf 88' lang='lat' dir='ltr'><strong>susceptorem:</strong></span> <span class='ocrx_word' id='word_1_276' title='bbox 1589 2540 1678 2590; x_wconf 81' lang='lat' dir='ltr'><strong>ter</strong></span> <span class='ocrx_word' id='word_1_277' title='bbox 1711 2529 1915 2590; x_wconf 88' lang='lat' dir='ltr'><strong>beatus</strong></span> <span class='ocrx_word' id='word_1_278' title='bbox 1945 2539 2035 2593; x_wconf 90' lang='lat' dir='ltr'><strong>est</strong></span> 
     </span>
    </p>
   </div>
   <div class='ocr_carea' id='block_1_42' title="bbox 383 2617 2031 2698">
    <p class='ocr_par' dir='ltr' id='par_1_42' title="bbox 383 2617 2031 2698">
     <span class='ocr_line' id='line_1_42' title="bbox 383 2617 2031 2698; baseline 0.001 -19"><span class='ocrx_word' id='word_1_279' title='bbox 383 2617 543 2680; x_wconf 80' lang='lat' dir='ltr'><strong>filius</strong></span> <span class='ocrx_word' id='word_1_280' title='bbox 601 2625 757 2693; x_wconf 89' lang='lat' dir='ltr'><strong>tuus,</strong></span> <span class='ocrx_word' id='word_1_281' title='bbox 793 2618 890 2698; x_wconf 90' lang='lat' dir='ltr'><strong>qui</strong></span> <span class='ocrx_word' id='word_1_282' title='bbox 920 2636 953 2678; x_wconf 84' lang='lat' dir='ltr'><strong>a</strong></span> <span class='ocrx_word' id='word_1_283' title='bbox 987 2625 1145 2678; x_wconf 90' lang='lat' dir='ltr'><strong>tanta</strong></span> <span class='ocrx_word' id='word_1_284' title='bbox 1167 2618 1353 2697; x_wconf 82' lang='lat' dir='ltr'><strong>gloria</strong></span> <span class='ocrx_word' id='word_1_285' title='bbox 1385 2626 1442 2678; x_wconf 86' lang='lat' dir='ltr'><strong>et</strong></span> <span class='ocrx_word' id='word_1_286' title='bbox 1493 2619 1754 2698; x_wconf 89' lang='lat' dir='ltr'><strong>potentia</strong></span> <span class='ocrx_word' id='word_1_287' title='bbox 1783 2620 2031 2698; x_wconf 63' lang='lat' dir='ltr'><strong>praedito</strong></span> 
     </span>
    </p>
   </div>
   <div class='ocr_carea' id='block_1_43' title="bbox 378 2707 2028 2789">
    <p class='ocr_par' dir='ltr' id='par_1_43' title="bbox 378 2707 2028 2789">
     <span class='ocr_line' id='line_1_43' title="bbox 378 2707 2028 2789; baseline 0 -20"><span class='ocrx_word' id='word_1_288' title='bbox 378 2716 692 2789; x_wconf 85' lang='lat' dir='ltr'><strong>susceptus</strong></span> <span class='ocrx_word' id='word_1_289' title='bbox 716 2708 814 2770; x_wconf 89' lang='lat' dir='ltr'><strong>sit.</strong></span> <span class='ocrx_word' id='word_1_290' title='bbox 840 2708 1027 2770; x_wconf 89' lang='lat' dir='ltr'><strong>Nobis</strong></span> <span class='ocrx_word' id='word_1_291' title='bbox 1050 2726 1187 2769; x_wconf 71' lang='lat' dir='ltr'><strong>vero</strong></span> <span class='ocrx_word' id='word_1_292' title='bbox 1224 2708 1422 2768; x_wconf 89' lang='lat' dir='ltr'><strong>videre</strong></span> <span class='ocrx_word' id='word_1_293' title='bbox 1455 2708 1627 2769; x_wconf 89' lang='lat' dir='ltr'><strong>liceat</strong></span> <span class='ocrx_word' id='word_1_294' title='bbox 1656 2707 1813 2769; x_wconf 90' lang='lat' dir='ltr'><strong>hunc</strong></span> <span class='ocrx_word' id='word_1_295' title='bbox 1846 2710 2028 2771; x_wconf 83' lang='lat' dir='ltr'><strong>tilium</strong></span> 
     </span>
    </p>
   </div>
   <div class='ocr_carea' id='block_1_44' title="bbox 379 2797 2023 2878">
    <p class='ocr_par' dir='ltr' id='par_1_44' title="bbox 379 2797 2023 2878">
     <span class='ocr_line' id='line_1_44' title="bbox 379 2797 2023 2878; baseline 0 -19"><span class='ocrx_word' id='word_1_296' title='bbox 379 2805 545 2860; x_wconf 90' lang='lat' dir='ltr'><strong>tuum</strong></span> <span class='ocrx_word' id='word_1_297' title='bbox 579 2797 766 2858; x_wconf 87' lang='lat' dir='ltr'><strong>sancti</strong></span> <span class='ocrx_word' id='word_1_298' title='bbox 802 2797 1083 2859; x_wconf 84' lang='lat' dir='ltr'><strong>Demetrii</strong></span> <span class='ocrx_word' id='word_1_299' title='bbox 1117 2799 1559 2878; x_wconf 83' lang='lat' dir='ltr'><strong>cognominem,</strong></span> <span class='ocrx_word' id='word_1_300' title='bbox 1592 2799 1642 2858; x_wconf 92' lang='lat' dir='ltr'><strong>si</strong></span> <span class='ocrx_word' id='word_1_301' title='bbox 1674 2798 1908 2861; x_wconf 87' lang='lat' dir='ltr'><strong>annuis:</strong></span> <span class='ocrx_word' id='word_1_302' title='bbox 1941 2808 2023 2875; x_wconf 91' lang='lat' dir='ltr'><strong>ut,</strong></span> 
     </span>
    </p>
   </div>
   <div class='ocr_carea' id='block_1_45' title="bbox 379 2886 2030 2968">
    <p class='ocr_par' dir='ltr' id='par_1_45' title="bbox 379 2886 2030 2968">
     <span class='ocr_line' id='line_1_45' title="bbox 379 2886 2030 2968; baseline 0.001 -19"><span class='ocrx_word' id='word_1_303' title='bbox 379 2895 661 2967; x_wconf 87' lang='lat' dir='ltr'><strong>tanquam</strong></span> <span class='ocrx_word' id='word_1_304' title='bbox 713 2886 900 2967; x_wconf 88' lang='lat' dir='ltr'><strong>ipsius</strong></span> <span class='ocrx_word' id='word_1_305' title='bbox 930 2888 1116 2949; x_wconf 81' lang='lat' dir='ltr'><strong>filium</strong></span> <span class='ocrx_word' id='word_1_306' title='bbox 1178 2888 1634 2968; x_wconf 89' lang='lat' dir='ltr'><strong>amplectentes,</strong></span> <span class='ocrx_word' id='word_1_307' title='bbox 1665 2896 1724 2950; x_wconf 90' lang='lat' dir='ltr'><strong>et</strong></span> <span class='ocrx_word' id='word_1_308' title='bbox 1754 2894 2030 2968; x_wconf 85' lang='lat' dir='ltr'><strong>congruis</strong></span> 
     </span>
    </p>
   </div>
   <div class='ocr_carea' id='block_1_46' title="bbox 378 2976 2026 3057">
    <p class='ocr_par' dir='ltr' id='par_1_46' title="bbox 378 2976 2026 3057">
     <span class='ocr_line' id='line_1_46' title="bbox 378 2976 2026 3057; baseline 0.002 -20"><span class='ocrx_word' id='word_1_309' title='bbox 378 2976 488 3056; x_wconf 91' lang='lat' dir='ltr'><strong>ipsi</strong></span> <span class='ocrx_word' id='word_1_310' title='bbox 522 2977 737 3050; x_wconf 68' lang='lat' dir='ltr'><strong>verbis,</strong></span> <span class='ocrx_word' id='word_1_311' title='bbox 772 2985 835 3037; x_wconf 91' lang='lat' dir='ltr'><strong>ut</strong></span> <span class='ocrx_word' id='word_1_312' title='bbox 893 2984 1260 3057; x_wconf 87' lang='lat' dir='ltr'><strong>peccatores,</strong></span> <span class='ocrx_word' id='word_1_313' title='bbox 1302 2976 1757 3057; x_wconf 80' lang='lat' dir='ltr'><strong>compellamus,</strong></span> <span class='ocrx_word' id='word_1_314' title='bbox 1791 2988 1850 3038; x_wconf 91' lang='lat' dir='ltr'><strong>et</strong></span> <span class='ocrx_word' id='word_1_315' title='bbox 1899 2996 2026 3040; x_wconf 88' lang='lat' dir='ltr'><strong>rem</strong></span> 
     </span>
    </p>
   </div>
   <div class='ocr_carea' id='block_1_47' title="bbox 381 3066 2027 3146">
    <p class='ocr_par' dir='ltr' id='par_1_47' title="bbox 381 3066 2027 3146">
     <span class='ocr_line' id='line_1_47' title="bbox 381 3066 2027 3146; baseline 0 -18"><span class='ocrx_word' id='word_1_316' title='bbox 381 3075 604 3145; x_wconf 79' lang='lat' dir='ltr'><strong>gestam</strong></span> <span class='ocrx_word' id='word_1_317' title='bbox 639 3066 713 3127; x_wconf 90' lang='lat' dir='ltr'><strong>ad</strong></span> <span class='ocrx_word' id='word_1_318' title='bbox 744 3066 896 3127; x_wconf 89' lang='lat' dir='ltr'><strong>alios</strong></span> <span class='ocrx_word' id='word_1_319' title='bbox 929 3085 1162 3146; x_wconf 90' lang='lat' dir='ltr'><strong>quoque</strong></span> <span class='ocrx_word' id='word_1_320' title='bbox 1199 3067 1682 3129; x_wconf 87' lang='lat' dir='ltr'><strong>transmittamus.</strong></span> <span class='ocrx_word' id='word_1_321' title='bbox 1714 3066 1835 3128; x_wconf 87' lang='lat' dir='ltr'><strong>Nec</strong></span> <span class='ocrx_word' id='word_1_322' title='bbox 1869 3067 2027 3128; x_wconf 85' lang='lat' dir='ltr'><strong>enim</strong></span> 
     </span>
    </p>
   </div>
   <div class='ocr_carea' id='block_1_48' title="bbox 2116 1900 3763 1983">
    <p class='ocr_par' dir='ltr' id='par_1_48' title="bbox 2116 1900 3763 1983">
     <span class='ocr_line' id='line_1_48' title="bbox 2116 1900 3763 1983; baseline 0.001 -21"><span class='ocrx_word' id='word_1_323' title='bbox 2116 1902 2196 1962; x_wconf 89' lang='lat' dir='ltr'><strong>tui</strong></span> <span class='ocrx_word' id='word_1_324' title='bbox 2240 1903 2533 1981; x_wconf 88' lang='lat' dir='ltr'><strong>judicium</strong></span> <span class='ocrx_word' id='word_1_325' title='bbox 2570 1908 2774 1983; x_wconf 89' lang='lat' dir='ltr'><strong>possit,</strong></span> <span class='ocrx_word' id='word_1_326' title='bbox 2810 1902 2921 1962; x_wconf 90' lang='lat' dir='ltr'><strong>nisi</strong></span> <span class='ocrx_word' id='word_1_327' title='bbox 2977 1902 3245 1963; x_wconf 85' lang='lat' dir='ltr'><strong>fortassis</strong></span> <span class='ocrx_word' id='word_1_328' title='bbox 3278 1900 3599 1981; x_wconf 87' lang='lat' dir='ltr'><strong>imperator</strong></span> <span class='ocrx_word' id='word_1_329' title='bbox 3655 1920 3763 1982; x_wconf 87' lang='lat' dir='ltr'><strong>per</strong></span> 
     </span>
    </p>
   </div>
   <div class='ocr_carea' id='block_1_49' title="bbox 2115 1990 3762 2072">
    <p class='ocr_par' dir='ltr' id='par_1_49' title="bbox 2115 1990 3762 2072">
     <span class='ocr_line' id='line_1_49' title="bbox 2115 1990 3762 2072; baseline 0 -21"><span class='ocrx_word' id='word_1_330' title='bbox 2115 1991 2579 2071; x_wconf 84' lang='lat' dir='ltr'><strong>dispensationis</strong></span> <span class='ocrx_word' id='word_1_331' title='bbox 2628 1990 2894 2063; x_wconf 87' lang='lat' dir='ltr'><strong>modum,</strong></span> <span class='ocrx_word' id='word_1_332' title='bbox 2926 1991 3016 2051; x_wconf 88' lang='lat' dir='ltr'><strong>vel</strong></span> <span class='ocrx_word' id='word_1_333' title='bbox 3078 1991 3152 2049; x_wconf 94' lang='lat' dir='ltr'><strong>oh</strong></span> <span class='ocrx_word' id='word_1_334' title='bbox 3200 2000 3612 2051; x_wconf 79' lang='lat' dir='ltr'><strong>necessuatem</strong></span> <span class='ocrx_word' id='word_1_335' title='bbox 3674 1992 3762 2072; x_wconf 90' lang='lat' dir='ltr'><strong>(ut</strong></span> 
     </span>
    </p>
   </div>
   <div class='ocr_carea' id='block_1_50' title="bbox 2116 2080 3762 2162">
    <p class='ocr_par' dir='ltr' id='par_1_50' title="bbox 2116 2080 3762 2162">
     <span class='ocr_line' id='line_1_50' title="bbox 2116 2080 3762 2162; baseline 0.002 -23"><span class='ocrx_word' id='word_1_336' title='bbox 2116 2081 2297 2141; x_wconf 90' lang='lat' dir='ltr'><strong>multa</strong></span> <span class='ocrx_word' id='word_1_337' title='bbox 2323 2098 2737 2162; x_wconf 74' lang='lat' dir='ltr'><strong>smpenumero</strong></span> <span class='ocrx_word' id='word_1_338' title='bbox 2762 2080 2962 2141; x_wconf 91' lang='lat' dir='ltr'><strong>subita</strong></span> <span class='ocrx_word' id='word_1_339' title='bbox 2983 2080 3255 2161; x_wconf 62' lang='lat' dir='ltr'><strong>quaedam</strong></span> <span class='ocrx_word' id='word_1_340' title='bbox 3289 2097 3488 2143; x_wconf 88' lang='lat' dir='ltr'><strong>rerum</strong></span> <span class='ocrx_word' id='word_1_341' title='bbox 3510 2086 3762 2142; x_wconf 88' lang='lat' dir='ltr'><strong>varietas</strong></span> 
     </span>
    </p>
   </div>
   <div class='ocr_carea' id='block_1_51' title="bbox 2115 2170 3763 2244">
    <p class='ocr_par' dir='ltr' id='par_1_51' title="bbox 2115 2170 3763 2244">
     <span class='ocr_line' id='line_1_51' title="bbox 2115 2170 3763 2244; baseline 0.002 -18"><span class='ocrx_word' id='word_1_342' title='bbox 2115 2170 2382 2230; x_wconf 78' lang='lat' dir='ltr'><strong>licentius</strong></span> <span class='ocrx_word' id='word_1_343' title='bbox 2403 2187 2616 2231; x_wconf 89' lang='lat' dir='ltr'><strong>novare</strong></span> <span class='ocrx_word' id='word_1_344' title='bbox 2636 2173 2799 2242; x_wconf 89' lang='lat' dir='ltr'><strong>solet)</strong></span> <span class='ocrx_word' id='word_1_345' title='bbox 2824 2177 2880 2229; x_wconf 91' lang='lat' dir='ltr'><strong>in</strong></span> <span class='ocrx_word' id='word_1_346' title='bbox 2917 2175 2983 2229; x_wconf 89' lang='lat' dir='ltr'><strong>iis</strong></span> <span class='ocrx_word' id='word_1_347' title='bbox 3004 2187 3235 2244; x_wconf 87' lang='lat' dir='ltr'><strong>quoque</strong></span> <span class='ocrx_word' id='word_1_348' title='bbox 3252 2171 3532 2243; x_wconf 86' lang='lat' dir='ltr'><strong>judicium</strong></span> <span class='ocrx_word' id='word_1_349' title='bbox 3550 2176 3763 2231; x_wconf 83' lang='lat' dir='ltr'><strong>consti-</strong></span> 
     </span>
    </p>
   </div>
   <div class='ocr_carea' id='block_1_52' title="bbox 2116 2256 3758 2338">
    <p class='ocr_par' dir='ltr' id='par_1_52' title="bbox 2116 2256 3758 2338">
     <span class='ocr_line' id='line_1_52' title="bbox 2116 2256 3758 2338; baseline 0.002 -21"><span class='ocrx_word' id='word_1_350' title='bbox 2116 2266 2283 2320; x_wconf 91' lang='lat' dir='ltr'><strong>tuere</strong></span> <span class='ocrx_word' id='word_1_351' title='bbox 2314 2258 2586 2336; x_wconf 87' lang='lat' dir='ltr'><strong>voluerit;</strong></span> <span class='ocrx_word' id='word_1_352' title='bbox 2620 2258 2719 2319; x_wconf 88' lang='lat' dir='ltr'><strong>alii</strong></span> <span class='ocrx_word' id='word_1_353' title='bbox 2742 2275 2885 2319; x_wconf 87' lang='lat' dir='ltr'><strong>vero</strong></span> <span class='ocrx_word' id='word_1_354' title='bbox 2914 2275 2983 2319; x_wconf 87' lang='lat' dir='ltr'><strong>ex</strong></span> <span class='ocrx_word' id='word_1_355' title='bbox 3018 2266 3184 2338; x_wconf 88' lang='lat' dir='ltr'><strong>parte</strong></span> <span class='ocrx_word' id='word_1_356' title='bbox 3208 2276 3239 2317; x_wconf 89' lang='lat' dir='ltr'><strong>a</strong></span> <span class='ocrx_word' id='word_1_357' title='bbox 3255 2256 3499 2336; x_wconf 89' lang='lat' dir='ltr'><strong>judiciis</strong></span> <span class='ocrx_word' id='word_1_358' title='bbox 3529 2266 3758 2334; x_wconf 88' lang='lat' dir='ltr'><strong>vacent,</strong></span> 
     </span>
    </p>
   </div>
   <div class='ocr_carea' id='block_1_53' title="bbox 2114 2347 3763 2428">
    <p class='ocr_par' dir='ltr' id='par_1_53' title="bbox 2114 2347 3763 2428">
     <span class='ocr_line' id='line_1_53' title="bbox 2114 2347 3763 2428; baseline 0.002 -21"><span class='ocrx_word' id='word_1_359' title='bbox 2114 2359 2176 2407; x_wconf 91' lang='lat' dir='ltr'><strong>ut</strong></span> <span class='ocrx_word' id='word_1_360' title='bbox 2211 2366 2279 2409; x_wconf 91' lang='lat' dir='ltr'><strong>ea</strong></span> <span class='ocrx_word' id='word_1_361' title='bbox 2310 2348 2589 2409; x_wconf 85' lang='lat' dir='ltr'><strong>videlicet</strong></span> <span class='ocrx_word' id='word_1_362' title='bbox 2633 2356 3028 2409; x_wconf 78' lang='lat' dir='ltr'><strong>exerceantur</strong></span> <span class='ocrx_word' id='word_1_363' title='bbox 3056 2365 3090 2408; x_wconf 88' lang='lat' dir='ltr'><strong>a</strong></span> <span class='ocrx_word' id='word_1_364' title='bbox 3141 2347 3434 2407; x_wconf 88' lang='lat' dir='ltr'><strong>matutino</strong></span> <span class='ocrx_word' id='word_1_365' title='bbox 3492 2355 3763 2428; x_wconf 86' lang='lat' dir='ltr'><strong>tempore</strong></span> 
     </span>
    </p>
   </div>
   <div class='ocr_carea' id='block_1_54' title="bbox 2116 2435 3762 2516">
    <p class='ocr_par' dir='ltr' id='par_1_54' title="bbox 2116 2435 3762 2516">
     <span class='ocr_line' id='line_1_54' title="bbox 2116 2435 3762 2516; baseline 0.001 -18"><span class='ocrx_word' id='word_1_366' title='bbox 2116 2456 2303 2516; x_wconf 82' lang='lat' dir='ltr'><strong>usque</strong></span> <span class='ocrx_word' id='word_1_367' title='bbox 2332 2437 2404 2498; x_wconf 87' lang='lat' dir='ltr'><strong>ad</strong></span> <span class='ocrx_word' id='word_1_368' title='bbox 2457 2444 2688 2516; x_wconf 90' lang='lat' dir='ltr'><strong>tempus</strong></span> <span class='ocrx_word' id='word_1_369' title='bbox 2719 2436 2871 2497; x_wconf 89' lang='lat' dir='ltr'><strong>sacri</strong></span> <span class='ocrx_word' id='word_1_370' title='bbox 2903 2435 3099 2497; x_wconf 90' lang='lat' dir='ltr'><strong>cultus</strong></span> <span class='ocrx_word' id='word_1_371' title='bbox 3149 2454 3253 2496; x_wconf 90' lang='lat' dir='ltr'><strong>seu</strong></span> <span class='ocrx_word' id='word_1_372' title='bbox 3288 2436 3484 2514; x_wconf 88' lang='lat' dir='ltr'><strong>potius</strong></span> <span class='ocrx_word' id='word_1_373' title='bbox 3528 2438 3762 2514; x_wconf 57' lang='lat' dir='ltr'><strong>(Graece</strong></span> 
     </span>
    </p>
   </div>
   <div class='ocr_carea' id='block_1_55' title="bbox 2116 2525 3764 2606">
    <p class='ocr_par' dir='ltr' id='par_1_55' title="bbox 2116 2525 3764 2606">
     <span class='ocr_line' id='line_1_55' title="bbox 2116 2525 3764 2606; baseline 0.001 -20"><span class='ocrx_word' id='word_1_374' title='bbox 2116 2527 2274 2586; x_wconf 88' lang='lat' dir='ltr'><strong>enim</strong></span> <span class='ocrx_word' id='word_1_375' title='bbox 2311 2525 2565 2587; x_wconf 89' lang='lat' dir='ltr'><strong>habetur</strong></span> <span class='ocrx_word' id='word_1_376' title='bbox 2589 2526 2931 2604; x_wconf 72' lang='grc' dir='ltr'><strong>λειτουργίας)</strong></span> <span class='ocrx_word' id='word_1_377' title='bbox 2962 2530 3156 2587; x_wconf 64' lang='lat' dir='ltr'><strong>missa:</strong></span> <span class='ocrx_word' id='word_1_378' title='bbox 3182 2525 3496 2606; x_wconf 76' lang='lat' dir='ltr'><strong>sacriﬁcii,</strong></span> <span class='ocrx_word' id='word_1_379' title='bbox 3516 2544 3633 2606; x_wconf 92' lang='lat' dir='ltr'><strong>quo</strong></span> <span class='ocrx_word' id='word_1_380' title='bbox 3657 2526 3764 2606; x_wconf 83' lang='lat' dir='ltr'><strong>ju-</strong></span> 
     </span>
    </p>
   </div>
   <div class='ocr_carea' id='block_1_56' title="bbox 2113 2614 3763 2696">
    <p class='ocr_par' dir='ltr' id='par_1_56' title="bbox 2113 2614 3763 2696">
     <span class='ocr_line' id='line_1_56' title="bbox 2113 2614 3763 2696; baseline -0.001 -19"><span class='ocrx_word' id='word_1_381' title='bbox 2113 2616 2347 2677; x_wconf 92' lang='lat' dir='ltr'><strong>dicibus</strong></span> <span class='ocrx_word' id='word_1_382' title='bbox 2402 2626 2514 2676; x_wconf 90' lang='lat' dir='ltr'><strong>tam</strong></span> <span class='ocrx_word' id='word_1_383' title='bbox 2550 2616 2898 2696; x_wconf 83' lang='lat' dir='ltr'><strong>precationi,</strong></span> <span class='ocrx_word' id='word_1_384' title='bbox 2935 2633 3108 2694; x_wconf 91' lang='lat' dir='ltr'><strong>quam</strong></span> <span class='ocrx_word' id='word_1_385' title='bbox 3162 2614 3547 2676; x_wconf 83' lang='lat' dir='ltr'><strong>celebrationi</strong></span> <span class='ocrx_word' id='word_1_386' title='bbox 3578 2615 3763 2677; x_wconf 84' lang='lat' dir='ltr'><strong>divini</strong></span> 
     </span>
    </p>
   </div>
   <div class='ocr_carea' id='block_1_57' title="bbox 2112 2705 3761 2785">
    <p class='ocr_par' dir='ltr' id='par_1_57' title="bbox 2112 2705 3761 2785">
     <span class='ocr_line' id='line_1_57' title="bbox 2112 2705 3761 2785; baseline 0 -18"><span class='ocrx_word' id='word_1_387' title='bbox 2112 2707 2386 2768; x_wconf 88' lang='lat' dir='ltr'><strong>Numinis</strong></span> <span class='ocrx_word' id='word_1_388' title='bbox 2416 2707 2663 2767; x_wconf 89' lang='lat' dir='ltr'><strong>intentis</strong></span> <span class='ocrx_word' id='word_1_389' title='bbox 2696 2723 2829 2768; x_wconf 90' lang='lat' dir='ltr'><strong>esse</strong></span> <span class='ocrx_word' id='word_1_390' title='bbox 2863 2705 3060 2783; x_wconf 90' lang='lat' dir='ltr'><strong>liceat,</strong></span> <span class='ocrx_word' id='word_1_391' title='bbox 3094 2723 3163 2766; x_wconf 89' lang='lat' dir='ltr'><strong>ac</strong></span> <span class='ocrx_word' id='word_1_392' title='bbox 3198 2714 3431 2784; x_wconf 81' lang='lat' dir='ltr'><strong>peracto</strong></span> <span class='ocrx_word' id='word_1_393' title='bbox 3460 2723 3629 2767; x_wconf 86' lang='lat' dir='ltr'><strong>sacro</strong></span> <span class='ocrx_word' id='word_1_394' title='bbox 3654 2706 3761 2785; x_wconf 84' lang='lat' dir='ltr'><strong>ju-</strong></span> 
     </span>
    </p>
   </div>
   <div class='ocr_carea' id='block_1_58' title="bbox 2113 2794 3763 2877">
    <p class='ocr_par' dir='ltr' id='par_1_58' title="bbox 2113 2794 3763 2877">
     <span class='ocr_line' id='line_1_58' title="bbox 2113 2794 3763 2877; baseline -0.001 -20"><span class='ocrx_word' id='word_1_395' title='bbox 2113 2796 2285 2857; x_wconf 72' lang='lat' dir='ltr'><strong>stitiaa</strong></span> <span class='ocrx_word' id='word_1_396' title='bbox 2339 2814 2540 2857; x_wconf 90' lang='lat' dir='ltr'><strong>curam</strong></span> <span class='ocrx_word' id='word_1_397' title='bbox 2592 2804 2819 2874; x_wconf 86' lang='lat' dir='ltr'><strong>gerant,</strong></span> <span class='ocrx_word' id='word_1_398' title='bbox 2858 2805 2914 2856; x_wconf 90' lang='lat' dir='ltr'><strong>et</strong></span> <span class='ocrx_word' id='word_1_399' title='bbox 2974 2794 3226 2874; x_wconf 87' lang='lat' dir='ltr'><strong>injurias</strong></span> <span class='ocrx_word' id='word_1_400' title='bbox 3258 2795 3558 2876; x_wconf 83' lang='lat' dir='ltr'><strong>perpessis</strong></span> <span class='ocrx_word' id='word_1_401' title='bbox 3597 2797 3763 2877; x_wconf 79' lang='lat' dir='ltr'><strong>juxta</strong></span> 
     </span>
    </p>
   </div>
   <div class='ocr_carea' id='block_1_59' title="bbox 2111 2885 3018 2965">
    <p class='ocr_par' dir='ltr' id='par_1_59' title="bbox 2111 2885 3018 2965">
     <span class='ocr_line' id='line_1_59' title="bbox 2111 2885 3018 2965; baseline 0.001 -21"><span class='ocrx_word' id='word_1_402' title='bbox 2111 2885 2371 2963; x_wconf 86' lang='lat' dir='ltr'><strong>vigorem</strong></span> <span class='ocrx_word' id='word_1_403' title='bbox 2410 2886 2605 2965; x_wconf 86' lang='lat' dir='ltr'><strong>legum</strong></span> <span class='ocrx_word' id='word_1_404' title='bbox 2641 2894 3018 2947; x_wconf 87' lang='lat' dir='ltr'><strong>succurrant.</strong></span> 
     </span>
    </p>
   </div>
   <div class='ocr_carea' id='block_1_60' title="bbox 2192 2975 3759 3058">
    <p class='ocr_par' dir='ltr' id='par_1_60' title="bbox 2192 2975 3759 3058">
     <span class='ocr_line' id='line_1_60' title="bbox 2192 2975 3759 3058; baseline -0.001 -19"><span class='ocrx_word' id='word_1_405' title='bbox 2192 2976 2292 3039; x_wconf 75' lang='lat'><strong>72.</strong></span> <span class='ocrx_word' id='word_1_406' title='bbox 2327 2976 2442 3039; x_wconf 90' lang='lat' dir='ltr'><strong>Sed</strong></span> <span class='ocrx_word' id='word_1_407' title='bbox 2475 2984 2674 3039; x_wconf 84' lang='lat' dir='ltr'><strong>tamen</strong></span> <span class='ocrx_word' id='word_1_408' title='bbox 2708 2978 2767 3037; x_wconf 93' lang='lat' dir='ltr'><strong>in</strong></span> <span class='ocrx_word' id='word_1_409' title='bbox 2800 2976 3019 3058; x_wconf 89' lang='lat' dir='ltr'><strong>quibus</strong></span> <span class='ocrx_word' id='word_1_410' title='bbox 3047 2977 3108 3037; x_wconf 90' lang='lat' dir='ltr'><strong>in</strong></span> <span class='ocrx_word' id='word_1_411' title='bbox 3138 2977 3297 3038; x_wconf 91' lang='lat' dir='ltr'><strong>hunc</strong></span> <span class='ocrx_word' id='word_1_412' title='bbox 3335 2975 3570 3037; x_wconf 91' lang='lat' dir='ltr'><strong>modum</strong></span> <span class='ocrx_word' id='word_1_413' title='bbox 3627 2986 3759 3058; x_wconf 88' lang='lat' dir='ltr'><strong>post</strong></span> 
     </span>
    </p>
   </div>
   <div class='ocr_carea' id='block_1_61' title="bbox 2111 3066 3757 3147">
    <p class='ocr_par' dir='ltr' id='par_1_61' title="bbox 2111 3066 3757 3147">
     <span class='ocr_line' id='line_1_61' title="bbox 2111 3066 3757 3147; baseline 0.001 -20"><span class='ocrx_word' id='word_1_414' title='bbox 2111 3069 2333 3127; x_wconf 92' lang='lat' dir='ltr'><strong>cultum</strong></span> <span class='ocrx_word' id='word_1_415' title='bbox 2357 3085 2590 3127; x_wconf 86' lang='lat' dir='ltr'><strong>sacrum</strong></span> <span class='ocrx_word' id='word_1_416' title='bbox 2621 3068 2720 3145; x_wconf 89' lang='lat' dir='ltr'><strong>jus</strong></span> <span class='ocrx_word' id='word_1_417' title='bbox 2742 3066 2945 3128; x_wconf 89' lang='lat' dir='ltr'><strong>dicere</strong></span> <span class='ocrx_word' id='word_1_418' title='bbox 2967 3068 3324 3147; x_wconf 87' lang='lat' dir='ltr'><strong>permissum</strong></span> <span class='ocrx_word' id='word_1_419' title='bbox 3349 3073 3462 3147; x_wconf 90' lang='lat' dir='ltr'><strong>est,</strong></span> <span class='ocrx_word' id='word_1_420' title='bbox 3485 3066 3545 3127; x_wconf 94' lang='lat' dir='ltr'><strong>in</strong></span> <span class='ocrx_word' id='word_1_421' title='bbox 3568 3069 3757 3128; x_wconf 82' lang='lat' dir='ltr'><strong>conii-</strong></span> 
     </span>
    </p>
   </div>
   <div class='ocr_carea' id='block_1_62' title="bbox 377 3154 3757 3237">
    <p class='ocr_par' dir='ltr' id='par_1_62' title="bbox 377 3154 3757 3237">
     <span class='ocr_line' id='line_1_62' title="bbox 377 3154 3757 3237; baseline -0 -20"><span class='ocrx_word' id='word_1_422' title='bbox 377 3173 477 3217; x_wconf 85' lang='lat' dir='ltr'><strong>res</strong></span> <span class='ocrx_word' id='word_1_423' title='bbox 504 3155 784 3236; x_wconf 87' lang='lat' dir='ltr'><strong>pulchras</strong></span> <span class='ocrx_word' id='word_1_424' title='bbox 813 3156 978 3217; x_wconf 88' lang='lat' dir='ltr'><strong>sileri</strong></span> <span class='ocrx_word' id='word_1_425' title='bbox 1009 3156 1306 3231; x_wconf 86' lang='lat' dir='ltr'><strong>convenit,</strong></span> <span class='ocrx_word' id='word_1_426' title='bbox 1342 3155 1445 3217; x_wconf 91' lang='lat' dir='ltr'><strong>sed</strong></span> <span class='ocrx_word' id='word_1_427' title='bbox 1483 3157 1616 3217; x_wconf 86' lang='lat' dir='ltr'><strong>aliis</strong></span> <span class='ocrx_word' id='word_1_428' title='bbox 1645 3157 1716 3218; x_wconf 90' lang='lat' dir='ltr'><strong>ad</strong></span> <span class='ocrx_word' id='word_1_429' title='bbox 1750 3156 1860 3237; x_wconf 62' lang='lat' dir='ltr'><strong>pia)</strong></span> <span class='ocrx_word' id='word_1_430' title='bbox 1890 3156 2026 3219; x_wconf 83' lang='lat' dir='ltr'><strong>ﬁdei</strong></span> <span class='ocrx_word' id='word_1_431' title='bbox 2046 3168 2088 3221; x_wconf 90' lang='lat' dir='ltr'>C</span> <span class='ocrx_word' id='word_1_432' title='bbox 2112 3156 2342 3217; x_wconf 85' lang='lat' dir='ltr'><strong>ciendis</strong></span> <span class='ocrx_word' id='word_1_433' title='bbox 2371 3154 2475 3216; x_wconf 90' lang='lat' dir='ltr'><strong>abs</strong></span> <span class='ocrx_word' id='word_1_434' title='bbox 2518 3174 2582 3216; x_wconf 92' lang='lat' dir='ltr'><strong>se</strong></span> <span class='ocrx_word' id='word_1_435' title='bbox 2615 3155 3017 3217; x_wconf 87' lang='lat' dir='ltr'><strong>notationibus</strong></span> <span class='ocrx_word' id='word_1_436' title='bbox 3047 3174 3116 3217; x_wconf 90' lang='lat' dir='ltr'><strong>ac</strong></span> <span class='ocrx_word' id='word_1_437' title='bbox 3142 3156 3555 3217; x_wconf 89' lang='lat' dir='ltr'><strong>instrumentis</strong></span> <span class='ocrx_word' id='word_1_438' title='bbox 3587 3175 3757 3219; x_wconf 83' lang='lat' dir='ltr'><strong>inen-</strong></span> 
     </span>
    </p>
   </div>
   <div class='ocr_carea' id='block_1_63' title="bbox 374 3245 2024 3326">
    <p class='ocr_par' dir='ltr' id='par_1_63' title="bbox 374 3245 2024 3326">
     <span class='ocr_line' id='line_1_63' title="bbox 374 3245 2024 3326; baseline 0.001 -19"><span class='ocrx_word' id='word_1_439' title='bbox 374 3245 538 3307; x_wconf 89' lang='lat' dir='ltr'><strong>clara</strong></span> <span class='ocrx_word' id='word_1_440' title='bbox 568 3246 925 3307; x_wconf 89' lang='lat' dir='ltr'><strong>documenta</strong></span> <span class='ocrx_word' id='word_1_441' title='bbox 955 3246 1228 3326; x_wconf 89' lang='lat' dir='ltr'><strong>proponi.</strong></span> <span class='ocrx_word' id='word_1_442' title='bbox 1267 3270 1294 3303; x_wconf 69' lang='lat' dir='ltr'><strong>in</strong></span> <span class='ocrx_word' id='word_1_443' title='bbox 1356 3245 1671 3308; x_wconf 76' lang='lat' dir='ltr'><strong>Enimvero</strong></span> <span class='ocrx_word' id='word_1_444' title='bbox 1704 3255 1763 3307; x_wconf 91' lang='lat' dir='ltr'><strong>et</strong></span> <span class='ocrx_word' id='word_1_445' title='bbox 1807 3248 2024 3309; x_wconf 86' lang='lat' dir='ltr'><strong>factum</strong></span> 
     </span>
    </p>
   </div>
   <div class='ocr_carea' id='block_1_64' title="bbox 374 3334 2024 3418">
    <p class='ocr_par' dir='ltr' id='par_1_64' title="bbox 374 3334 2024 3418">
     <span class='ocr_line' id='line_1_64' title="bbox 374 3334 2024 3418; baseline 0.002 -23"><span class='ocrx_word' id='word_1_446' title='bbox 374 3334 552 3416; x_wconf 89' lang='lat' dir='ltr'><strong>plane</strong></span> <span class='ocrx_word' id='word_1_447' title='bbox 582 3335 904 3414; x_wconf 86' lang='lat' dir='ltr'><strong>singulare,</strong></span> <span class='ocrx_word' id='word_1_448' title='bbox 938 3336 1095 3416; x_wconf 86' lang='lat' dir='ltr'><strong>quod</strong></span> <span class='ocrx_word' id='word_1_449' title='bbox 1129 3337 1224 3396; x_wconf 91' lang='lat' dir='ltr'><strong>hic</strong></span> <span class='ocrx_word' id='word_1_450' title='bbox 1264 3335 1555 3408; x_wconf 88' lang='lat' dir='ltr'><strong>laudatur,</strong></span> <span class='ocrx_word' id='word_1_451' title='bbox 1590 3343 1649 3398; x_wconf 91' lang='lat' dir='ltr'><strong>et</strong></span> <span class='ocrx_word' id='word_1_452' title='bbox 1677 3335 2024 3418; x_wconf 83' lang='lat' dir='ltr'><strong>verba,qui-</strong></span> 
     </span>
    </p>
   </div>
   <div class='ocr_carea' id='block_1_65' title="bbox 375 3423 2027 3507">
    <p class='ocr_par' dir='ltr' id='par_1_65' title="bbox 375 3423 2027 3507">
     <span class='ocr_line' id='line_1_65' title="bbox 375 3423 2027 3507; baseline 0.001 -21"><span class='ocrx_word' id='word_1_453' title='bbox 375 3423 491 3486; x_wconf 91' lang='lat' dir='ltr'><strong>bus</strong></span> <span class='ocrx_word' id='word_1_454' title='bbox 540 3423 599 3485; x_wconf 92' lang='lat' dir='ltr'><strong>id</strong></span> <span class='ocrx_word' id='word_1_455' title='bbox 632 3443 667 3485; x_wconf 86' lang='lat' dir='ltr'><strong>a</strong></span> <span class='ocrx_word' id='word_1_456' title='bbox 694 3423 1010 3487; x_wconf 91' lang='lat' dir='ltr'><strong>Theodoro</strong></span> <span class='ocrx_word' id='word_1_457' title='bbox 1062 3425 1294 3488; x_wconf 88' lang='lat' dir='ltr'><strong>Studita</strong></span> <span class='ocrx_word' id='word_1_458' title='bbox 1322 3425 1422 3505; x_wconf 90' lang='lat' dir='ltr'><strong>sit,</strong></span> <span class='ocrx_word' id='word_1_459' title='bbox 1458 3426 1739 3488; x_wconf 84' lang='lat' dir='ltr'><strong>eximiam</strong></span> <span class='ocrx_word' id='word_1_460' title='bbox 1786 3445 2027 3507; x_wconf 89' lang='lat' dir='ltr'><strong>prorsus</strong></span> 
     </span>
    </p>
   </div>
   <div class='ocr_carea' id='block_1_66' title="bbox 375 3515 2020 3595">
    <p class='ocr_par' dir='ltr' id='par_1_66' title="bbox 375 3515 2020 3595">
     <span class='ocr_line' id='line_1_66' title="bbox 375 3515 2020 3595; baseline 0.001 -18"><span class='ocrx_word' id='word_1_461' title='bbox 375 3531 517 3592; x_wconf 84' lang='lat' dir='ltr'><strong>erga</strong></span> <span class='ocrx_word' id='word_1_462' title='bbox 569 3522 837 3576; x_wconf 90' lang='lat' dir='ltr'><strong>sanctum</strong></span> <span class='ocrx_word' id='word_1_463' title='bbox 872 3516 1239 3577; x_wconf 88' lang='lat' dir='ltr'><strong>Demetrium</strong></span> <span class='ocrx_word' id='word_1_464' title='bbox 1274 3524 1394 3577; x_wconf 90' lang='lat' dir='ltr'><strong>tum</strong></span> <span class='ocrx_word' id='word_1_465' title='bbox 1427 3515 1672 3578; x_wconf 86' lang='lat' dir='ltr'><strong>Joannis</strong></span> <span class='ocrx_word' id='word_1_466' title='bbox 1699 3516 2020 3595; x_wconf 88' lang='lat' dir='ltr'><strong>Spatharii,</strong></span> 
     </span>
    </p>
   </div>
   <div class='ocr_carea' id='block_1_67' title="bbox 375 3603 2021 3686">
    <p class='ocr_par' dir='ltr' id='par_1_67' title="bbox 375 3603 2021 3686">
     <span class='ocr_line' id='line_1_67' title="bbox 375 3603 2021 3686; baseline 0.001 -21"><span class='ocrx_word' id='word_1_467' title='bbox 375 3606 473 3685; x_wconf 89' lang='lat' dir='ltr'><strong>qui</strong></span> <span class='ocrx_word' id='word_1_468' title='bbox 495 3604 647 3665; x_wconf 89' lang='lat' dir='ltr'><strong>forte</strong></span> <span class='ocrx_word' id='word_1_469' title='bbox 663 3622 796 3665; x_wconf 92' lang='lat' dir='ltr'><strong>cum</strong></span> <span class='ocrx_word' id='word_1_470' title='bbox 817 3604 1040 3666; x_wconf 86' lang='lat' dir='ltr'><strong>Joanne</strong></span> <span class='ocrx_word' id='word_1_471' title='bbox 1080 3603 1566 3686; x_wconf 86' lang='lat' dir='ltr'><strong>Protospathario</strong></span> <span class='ocrx_word' id='word_1_472' title='bbox 1599 3613 1657 3666; x_wconf 89' lang='lat' dir='ltr'><strong>et</strong></span> <span class='ocrx_word' id='word_1_473' title='bbox 1679 3604 1911 3684; x_wconf 89' lang='lat' dir='ltr'><strong>Bajulo,</strong></span> <span class='ocrx_word' id='word_1_474' title='bbox 1949 3605 2021 3666; x_wconf 89' lang='lat' dir='ltr'><strong>ab</strong></span> 
     </span>
    </p>
   </div>
   <div class='ocr_carea' id='block_1_68' title="bbox 371 3695 2020 3777">
    <p class='ocr_par' dir='ltr' id='par_1_68' title="bbox 371 3695 2020 3777">
     <span class='ocr_line' id='line_1_68' title="bbox 371 3695 2020 3777; baseline 0.001 -21"><span class='ocrx_word' id='word_1_475' title='bbox 371 3700 547 3765; x_wconf 85' lang='lat' dir='ltr'><strong>lrene</strong></span> <span class='ocrx_word' id='word_1_476' title='bbox 594 3695 783 3757; x_wconf 89' lang='lat' dir='ltr'><strong>electo</strong></span> <span class='ocrx_word' id='word_1_477' title='bbox 814 3704 991 3776; x_wconf 90' lang='lat' dir='ltr'><strong>atque</strong></span> <span class='ocrx_word' id='word_1_478' title='bbox 1043 3697 1201 3776; x_wconf 90' lang='lat' dir='ltr'><strong>apud</strong></span> <span class='ocrx_word' id='word_1_479' title='bbox 1257 3695 1642 3777; x_wconf 89' lang='lat' dir='ltr'><strong>Teophanem</strong></span> <span class='ocrx_word' id='word_1_480' title='bbox 1676 3696 1749 3757; x_wconf 88' lang='lat' dir='ltr'><strong>ad</strong></span> <span class='ocrx_word' id='word_1_481' title='bbox 1798 3714 2020 3758; x_wconf 83' lang='lat' dir='ltr'><strong>annum</strong></span> 
     </span>
    </p>
   </div>
   <div class='ocr_carea' id='block_1_69' title="bbox 372 3784 2025 3857">
    <p class='ocr_par' dir='ltr' id='par_1_69' title="bbox 372 3784 2025 3857">
     <span class='ocr_line' id='line_1_69' title="bbox 372 3784 2025 3857; baseline 0.002 -17"><span class='ocrx_word' id='word_1_482' title='bbox 372 3784 757 3856; x_wconf 85' lang='lat' dir='ltr'><strong>imperatricis</strong></span> <span class='ocrx_word' id='word_1_483' title='bbox 792 3784 963 3857; x_wconf 85' lang='lat' dir='ltr'><strong>hujus</strong></span> <span class='ocrx_word' id='word_1_484' title='bbox 992 3787 1280 3843; x_wconf 88' lang='lat' dir='ltr'><strong>decimum</strong></span> <span class='ocrx_word' id='word_1_485' title='bbox 1304 3794 1643 3852; x_wconf 85' lang='lat' dir='ltr'><strong>memorato,</strong></span> <span class='ocrx_word' id='word_1_486' title='bbox 1666 3802 1817 3845; x_wconf 89' lang='lat' dir='ltr'><strong>unus</strong></span> <span class='ocrx_word' id='word_1_487' title='bbox 1842 3788 2025 3844; x_wconf 87' lang='lat' dir='ltr'><strong>idem-</strong></span> 
     </span>
    </p>
   </div>
   <div class='ocr_carea' id='block_1_70' title="bbox 374 3870 2023 3953">
    <p class='ocr_par' dir='ltr' id='par_1_70' title="bbox 374 3870 2023 3953">
     <span class='ocr_line' id='line_1_70' title="bbox 374 3870 2023 3953; baseline 0.002 -23"><span class='ocrx_word' id='word_1_488' title='bbox 374 3888 492 3951; x_wconf 89' lang='lat' dir='ltr'><strong>que</strong></span> <span class='ocrx_word' id='word_1_489' title='bbox 545 3884 659 3952; x_wconf 82' lang='lat' dir='ltr'><strong>est,</strong></span> <span class='ocrx_word' id='word_1_490' title='bbox 696 3880 816 3934; x_wconf 89' lang='lat' dir='ltr'><strong>tum</strong></span> <span class='ocrx_word' id='word_1_491' title='bbox 852 3872 1109 3953; x_wconf 87' lang='lat' dir='ltr'><strong>ipsemet</strong></span> <span class='ocrx_word' id='word_1_492' title='bbox 1138 3872 1435 3934; x_wconf 91' lang='lat' dir='ltr'><strong>Theodori</strong></span> <span class='ocrx_word' id='word_1_493' title='bbox 1467 3870 1717 3934; x_wconf 73' lang='lat' dir='ltr'><strong>Studitaa</strong></span> <span class='ocrx_word' id='word_1_494' title='bbox 1772 3891 2023 3934; x_wconf 89' lang='lat' dir='ltr'><strong>venera-</strong></span> 
     </span>
    </p>
   </div>
   <div class='ocr_carea' id='block_1_71' title="bbox 372 3960 2021 4043">
    <p class='ocr_par' dir='ltr' id='par_1_71' title="bbox 372 3960 2021 4043">
     <span class='ocr_line' id='line_1_71' title="bbox 372 3960 2021 4043; baseline 0.002 -22"><span class='ocrx_word' id='word_1_495' title='bbox 372 3960 594 4022; x_wconf 87' lang='lat' dir='ltr'><strong>tionem</strong></span> <span class='ocrx_word' id='word_1_496' title='bbox 626 3970 897 4039; x_wconf 86' lang='lat' dir='ltr'><strong>arguunt.</strong></span> <span class='ocrx_word' id='word_1_497' title='bbox 922 3962 1146 4025; x_wconf 67' lang='lat' dir='ltr'><strong>Adhaac</strong></span> <span class='ocrx_word' id='word_1_498' title='bbox 1177 3981 1311 4024; x_wconf 85' lang='lat' dir='ltr'><strong>cum</strong></span> <span class='ocrx_word' id='word_1_499' title='bbox 1344 3961 1439 4023; x_wconf 92' lang='lat' dir='ltr'><strong>hic</strong></span> <span class='ocrx_word' id='word_1_500' title='bbox 1477 3971 1717 4025; x_wconf 89' lang='lat' dir='ltr'><strong>sanctus</strong></span> <span class='ocrx_word' id='word_1_501' title='bbox 1745 3963 2021 4043; x_wconf 88' lang='lat' dir='ltr'><strong>scriptor,</strong></span> 
     </span>
    </p>
   </div>
   <div class='ocr_carea' id='block_1_72' title="bbox 376 4050 2025 4131">
    <p class='ocr_par' dir='ltr' id='par_1_72' title="bbox 376 4050 2025 4131">
     <span class='ocr_line' id='line_1_72' title="bbox 376 4050 2025 4131; baseline 0.002 -20"><span class='ocrx_word' id='word_1_502' title='bbox 376 4050 503 4130; x_wconf 89' lang='lat' dir='ltr'><strong>qui,</strong></span> <span class='ocrx_word' id='word_1_503' title='bbox 538 4051 1039 4130; x_wconf 90' lang='lat' dir='ltr'><strong>quemadmodum</strong></span> <span class='ocrx_word' id='word_1_504' title='bbox 1063 4052 1192 4131; x_wconf 89' lang='lat' dir='ltr'><strong>jam</strong></span> <span class='ocrx_word' id='word_1_505' title='bbox 1224 4051 1420 4126; x_wconf 88' lang='lat' dir='ltr'><strong>docui,</strong></span> <span class='ocrx_word' id='word_1_506' title='bbox 1455 4052 1670 4115; x_wconf 75' lang='lat' dir='ltr'><strong>saeculo</strong></span> <span class='ocrx_word' id='word_1_507' title='bbox 1702 4060 1903 4114; x_wconf 88' lang='lat' dir='ltr'><strong>octavo</strong></span> <span class='ocrx_word' id='word_1_508' title='bbox 1936 4070 2025 4114; x_wconf 90' lang='lat' dir='ltr'><strong>se-</strong></span> 
     </span>
    </p>
   </div>
   <div class='ocr_carea' id='block_1_73' title="bbox 374 4140 2025 4223">
    <p class='ocr_par' dir='ltr' id='par_1_73' title="bbox 374 4140 2025 4223">
     <span class='ocr_line' id='line_1_73' title="bbox 374 4140 2025 4223; baseline 0.002 -22"><span class='ocrx_word' id='word_1_509' title='bbox 374 4151 655 4202; x_wconf 88' lang='lat' dir='ltr'><strong>nescente</strong></span> <span class='ocrx_word' id='word_1_510' title='bbox 687 4141 1115 4222; x_wconf 87' lang='lat' dir='ltr'><strong>sequentisque</strong></span> <span class='ocrx_word' id='word_1_511' title='bbox 1144 4140 1313 4202; x_wconf 90' lang='lat' dir='ltr'><strong>initio</strong></span> <span class='ocrx_word' id='word_1_512' title='bbox 1345 4141 1568 4215; x_wconf 85' lang='lat' dir='ltr'><strong>ﬂoruit,</strong></span> <span class='ocrx_word' id='word_1_513' title='bbox 1606 4150 1688 4202; x_wconf 93' lang='lat' dir='ltr'><strong>tot</strong></span> <span class='ocrx_word' id='word_1_514' title='bbox 1748 4149 2025 4223; x_wconf 86' lang='lat' dir='ltr'><strong>tantaque</strong></span> 
     </span>
    </p>
   </div>
   <div class='ocr_carea' id='block_1_74' title="bbox 375 4235 2021 4309">
    <p class='ocr_par' dir='ltr' id='par_1_74' title="bbox 375 4235 2021 4309">
     <span class='ocr_line' id='line_1_74' title="bbox 375 4235 2021 4309; baseline 0.002 -18"><span class='ocrx_word' id='word_1_515' title='bbox 375 4236 435 4292; x_wconf 89' lang='lat' dir='ltr'><strong>in</strong></span> <span class='ocrx_word' id='word_1_516' title='bbox 470 4237 637 4293; x_wconf 84' lang='lat' dir='ltr'><strong>terris</strong></span> <span class='ocrx_word' id='word_1_517' title='bbox 660 4235 1002 4293; x_wconf 84' lang='lat' dir='ltr'><strong>Demetrium</strong></span> <span class='ocrx_word' id='word_1_518' title='bbox 1027 4251 1252 4309; x_wconf 88' lang='lat' dir='ltr'><strong>semper</strong></span> <span class='ocrx_word' id='word_1_519' title='bbox 1275 4239 1526 4307; x_wconf 87' lang='lat' dir='ltr'><strong>potuisse</strong></span> <span class='ocrx_word' id='word_1_520' title='bbox 1549 4250 1615 4294; x_wconf 89' lang='lat' dir='ltr'><strong>ac</strong></span> <span class='ocrx_word' id='word_1_521' title='bbox 1644 4251 1817 4307; x_wconf 88' lang='lat' dir='ltr'><strong>porro</strong></span> <span class='ocrx_word' id='word_1_522' title='bbox 1834 4252 2021 4309; x_wconf 88' lang='lat' dir='ltr'><strong>posse,</strong></span> 
     </span>
    </p>
   </div>
   <div class='ocr_carea' id='block_1_75' title="bbox 372 4318 2023 4399">
    <p class='ocr_par' dir='ltr' id='par_1_75' title="bbox 372 4318 2023 4399">
     <span class='ocr_line' id='line_1_75' title="bbox 372 4318 2023 4399; baseline 0.002 -21"><span class='ocrx_word' id='word_1_523' title='bbox 372 4335 482 4398; x_wconf 90' lang='lat' dir='ltr'><strong>per</strong></span> <span class='ocrx_word' id='word_1_524' title='bbox 502 4319 681 4379; x_wconf 84' lang='lat' dir='ltr'><strong>verba</strong></span> <span class='ocrx_word' id='word_1_525' title='bbox 700 4318 949 4380; x_wconf 87' lang='lat' dir='ltr'><strong>recitata</strong></span> <span class='ocrx_word' id='word_1_526' title='bbox 970 4318 1243 4399; x_wconf 77' lang='lat' dir='ltr'><strong>afﬁrmet,</strong></span> <span class='ocrx_word' id='word_1_527' title='bbox 1271 4328 1335 4380; x_wconf 94' lang='lat' dir='ltr'><strong>ut</strong></span> <span class='ocrx_word' id='word_1_528' title='bbox 1360 4319 1420 4381; x_wconf 92' lang='lat' dir='ltr'><strong>in</strong></span> <span class='ocrx_word' id='word_1_529' title='bbox 1440 4320 1719 4381; x_wconf 91' lang='lat' dir='ltr'><strong>omnibus</strong></span> <span class='ocrx_word' id='word_1_530' title='bbox 1749 4320 1872 4382; x_wconf 89' lang='lat' dir='ltr'><strong>oris</strong></span> <span class='ocrx_word' id='word_1_531' title='bbox 1904 4321 2023 4382; x_wconf 87' lang='lat' dir='ltr'><strong>mi-</strong></span> 
     </span>
    </p>
   </div>
   <div class='ocr_carea' id='block_1_76' title="bbox 372 4406 2022 4489">
    <p class='ocr_par' dir='ltr' id='par_1_76' title="bbox 372 4406 2022 4489">
     <span class='ocr_line' id='line_1_76' title="bbox 372 4406 2022 4489; baseline 0.002 -21"><span class='ocrx_word' id='word_1_532' title='bbox 372 4407 714 4469; x_wconf 87' lang='lat' dir='ltr'><strong>raculorum</strong></span> <span class='ocrx_word' id='word_1_533' title='bbox 742 4406 875 4487; x_wconf 87' lang='lat' dir='ltr'><strong>ejus</strong></span> <span class='ocrx_word' id='word_1_534' title='bbox 907 4408 1042 4469; x_wconf 82' lang='lat' dir='ltr'><strong>tuba</strong></span> <span class='ocrx_word' id='word_1_535' title='bbox 1074 4407 1668 4489; x_wconf 70' lang='lat' dir='ltr'><strong>celebretur,pra3het</strong></span> <span class='ocrx_word' id='word_1_536' title='bbox 1689 4410 2022 4486; x_wconf 83' lang='lat' dir='ltr'><strong>sane,unde</strong></span> 
     </span>
    </p>
   </div>
   <div class='ocr_carea' id='block_1_77' title="bbox 2110 3244 3758 3326">
    <p class='ocr_par' dir='ltr' id='par_1_77' title="bbox 2110 3244 3758 3326">
     <span class='ocr_line' id='line_1_77' title="bbox 2110 3244 3758 3326; baseline 0 -19"><span class='ocrx_word' id='word_1_537' title='bbox 2110 3245 2333 3309; x_wconf 90' lang='lat' dir='ltr'><strong>tionem</strong></span> <span class='ocrx_word' id='word_1_538' title='bbox 2365 3244 2652 3325; x_wconf 90' lang='lat' dir='ltr'><strong>temporis</strong></span> <span class='ocrx_word' id='word_1_539' title='bbox 2676 3245 3051 3326; x_wconf 87' lang='lat' dir='ltr'><strong>faciant,quo</strong></span> <span class='ocrx_word' id='word_1_540' title='bbox 3083 3245 3353 3309; x_wconf 85' lang='lat' dir='ltr'><strong>confecta</strong></span> <span class='ocrx_word' id='word_1_541' title='bbox 3373 3246 3551 3307; x_wconf 63' lang='lat' dir='ltr'><strong>sint.»</strong></span> <span class='ocrx_word' id='word_1_542' title='bbox 3584 3245 3758 3307; x_wconf 87' lang='lat' dir='ltr'><strong>Hisce</strong></span> 
     </span>
    </p>
   </div>
   <div class='ocr_carea' id='block_1_78' title="bbox 2110 3336 3757 3417">
    <p class='ocr_par' dir='ltr' id='par_1_78' title="bbox 2110 3336 3757 3417">
     <span class='ocr_line' id='line_1_78' title="bbox 2110 3336 3757 3417; baseline 0.001 -21"><span class='ocrx_word' id='word_1_543' title='bbox 2110 3354 2286 3417; x_wconf 86' lang='lat' dir='ltr'><strong>porro</strong></span> <span class='ocrx_word' id='word_1_544' title='bbox 2318 3336 2664 3417; x_wconf 86' lang='lat' dir='ltr'><strong>praemissis,</strong></span> <span class='ocrx_word' id='word_1_545' title='bbox 2700 3336 2892 3417; x_wconf 90' lang='lat' dir='ltr'><strong>primo</strong></span> <span class='ocrx_word' id='word_1_546' title='bbox 2924 3337 3054 3397; x_wconf 85' lang='lat' dir='ltr'><strong>dies</strong></span> <span class='ocrx_word' id='word_1_547' title='bbox 3110 3338 3355 3397; x_wconf 91' lang='lat' dir='ltr'><strong>omnino</strong></span> <span class='ocrx_word' id='word_1_548' title='bbox 3387 3336 3624 3398; x_wconf 87' lang='lat' dir='ltr'><strong>feriatos</strong></span> <span class='ocrx_word' id='word_1_549' title='bbox 3653 3355 3757 3399; x_wconf 91' lang='lat' dir='ltr'><strong>seu</strong></span> 
     </span>
    </p>
   </div>
   <div class='ocr_carea' id='block_1_79' title="bbox 2109 3428 3756 3501">
    <p class='ocr_par' dir='ltr' id='par_1_79' title="bbox 2109 3428 3756 3501">
     <span class='ocr_line' id='line_1_79' title="bbox 2109 3428 3756 3501; baseline 0.003 -16"><span class='ocrx_word' id='word_1_550' title='bbox 2109 3429 2318 3501; x_wconf 89' lang='lat' dir='ltr'><strong>quibus</strong></span> <span class='ocrx_word' id='word_1_551' title='bbox 2350 3430 2480 3486; x_wconf 89' lang='lat' dir='ltr'><strong>totis</strong></span> <span class='ocrx_word' id='word_1_552' title='bbox 2507 3444 2536 3485; x_wconf 91' lang='lat' dir='ltr'><strong>a</strong></span> <span class='ocrx_word' id='word_1_553' title='bbox 2569 3428 2809 3486; x_wconf 87' lang='lat' dir='ltr'><strong>dicendo</strong></span> <span class='ocrx_word' id='word_1_554' title='bbox 2829 3429 2960 3500; x_wconf 86' lang='lat' dir='ltr'><strong>jure</strong></span> <span class='ocrx_word' id='word_1_555' title='bbox 2991 3430 3307 3487; x_wconf 88' lang='lat' dir='ltr'><strong>vacandum</strong></span> <span class='ocrx_word' id='word_1_556' title='bbox 3338 3430 3756 3496; x_wconf 86' lang='lat' dir='ltr'><strong>sit,enumerat,</strong></span> 
     </span>
    </p>
   </div>
   <div class='ocr_carea' id='block_1_80' title="bbox 2108 3512 3757 3593">
    <p class='ocr_par' dir='ltr' id='par_1_80' title="bbox 2108 3512 3757 3593">
     <span class='ocr_line' id='line_1_80' title="bbox 2108 3512 3757 3593; baseline 0.002 -18"><span class='ocrx_word' id='word_1_557' title='bbox 2108 3532 2176 3576; x_wconf 91' lang='lat' dir='ltr'><strong>ac</strong></span> <span class='ocrx_word' id='word_1_558' title='bbox 2205 3514 2421 3576; x_wconf 80' lang='lat' dir='ltr'><strong>deinde</strong></span> <span class='ocrx_word' id='word_1_559' title='bbox 2444 3513 2513 3575; x_wconf 85' lang='lat' dir='ltr'><strong>ad</strong></span> <span class='ocrx_word' id='word_1_560' title='bbox 2551 3532 2652 3575; x_wconf 91' lang='lat' dir='ltr'><strong>eos</strong></span> <span class='ocrx_word' id='word_1_561' title='bbox 2690 3512 2904 3593; x_wconf 89' lang='lat' dir='ltr'><strong>quibus</strong></span> <span class='ocrx_word' id='word_1_562' title='bbox 2934 3532 3003 3575; x_wconf 82' lang='lat' dir='ltr'><strong>ex</strong></span> <span class='ocrx_word' id='word_1_563' title='bbox 3044 3524 3207 3593; x_wconf 89' lang='lat' dir='ltr'><strong>parte</strong></span> <span class='ocrx_word' id='word_1_564' title='bbox 3241 3522 3462 3576; x_wconf 87' lang='lat' dir='ltr'><strong>tantum</strong></span> <span class='ocrx_word' id='word_1_565' title='bbox 3494 3518 3757 3578; x_wconf 86' lang='lat' dir='ltr'><strong>vocatio-</strong></span> 
     </span>
    </p>
   </div>
   <div class='ocr_carea' id='block_1_81' title="bbox 2106 3602 3757 3683">
    <p class='ocr_par' dir='ltr' id='par_1_81' title="bbox 2106 3602 3757 3683">
     <span class='ocr_line' id='line_1_81' title="bbox 2106 3602 3757 3683; baseline 0.001 -18"><span class='ocrx_word' id='word_1_566' title='bbox 2106 3623 2242 3665; x_wconf 90' lang='lat' dir='ltr'><strong>nem</strong></span> <span class='ocrx_word' id='word_1_567' title='bbox 2269 3603 2524 3664; x_wconf 86' lang='lat' dir='ltr'><strong>tribunal</strong></span> <span class='ocrx_word' id='word_1_568' title='bbox 2549 3602 3358 3683; x_wconf 84' lang='lat' dir='ltr'><strong>liabet,progreditur,iisque</strong></span> <span class='ocrx_word' id='word_1_569' title='bbox 3380 3604 3459 3667; x_wconf 70' lang='lat'>26</span> <span class='ocrx_word' id='word_1_570' title='bbox 3482 3602 3757 3667; x_wconf 87' lang='lat' dir='ltr'><strong>Octobris</strong></span> 
     </span>
    </p>
   </div>
   <div class='ocr_carea' id='block_1_82' title="bbox 2105 3693 3754 3773">
    <p class='ocr_par' dir='ltr' id='par_1_82' title="bbox 2105 3693 3754 3773">
     <span class='ocr_line' id='line_1_82' title="bbox 2105 3693 3754 3773; baseline 0.001 -19"><span class='ocrx_word' id='word_1_571' title='bbox 2105 3693 2290 3767; x_wconf 90' lang='lat' dir='ltr'><strong>diem,</strong></span> <span class='ocrx_word' id='word_1_572' title='bbox 2332 3715 2354 3749; x_wconf 76' lang='grc' dir='ltr'><strong><em>α</em></strong></span> <span class='ocrx_word' id='word_1_573' title='bbox 2385 3693 2540 3773; x_wconf 91' lang='lat' dir='ltr'><strong>quod</strong></span> <span class='ocrx_word' id='word_1_574' title='bbox 2568 3694 2617 3753; x_wconf 94' lang='lat' dir='ltr'><strong>is</strong></span> <span class='ocrx_word' id='word_1_575' title='bbox 2648 3712 2884 3773; x_wconf 89' lang='lat' dir='ltr'><strong>magno,</strong></span> <span class='ocrx_word' id='word_1_576' title='bbox 2918 3701 2982 3753; x_wconf 91' lang='lat' dir='ltr'><strong>ut</strong></span> <span class='ocrx_word' id='word_1_577' title='bbox 3010 3693 3179 3767; x_wconf 85' lang='lat' dir='ltr'><strong>ait,et</strong></span> <span class='ocrx_word' id='word_1_578' title='bbox 3208 3693 3522 3771; x_wconf 87' lang='lat' dir='ltr'><strong>unguentis</strong></span> <span class='ocrx_word' id='word_1_579' title='bbox 3553 3703 3754 3755; x_wconf 82' lang='lat' dir='ltr'><strong>scatu-</strong></span> 
     </span>
    </p>
   </div>
   <div class='ocr_carea' id='block_1_83' title="bbox 2106 3786 3757 3859">
    <p class='ocr_par' dir='ltr' id='par_1_83' title="bbox 2106 3786 3757 3859">
     <span class='ocr_line' id='line_1_83' title="bbox 2106 3786 3757 3859; baseline 0.001 -16"><span class='ocrx_word' id='word_1_580' title='bbox 2106 3786 2271 3843; x_wconf 89' lang='lat' dir='ltr'><strong>rienti</strong></span> <span class='ocrx_word' id='word_1_581' title='bbox 2294 3786 2582 3843; x_wconf 84' lang='lat' dir='ltr'><strong>Demetrio</strong></span> <span class='ocrx_word' id='word_1_582' title='bbox 2605 3788 2780 3843; x_wconf 83' lang='lat' dir='ltr'><strong>festus</strong></span> <span class='ocrx_word' id='word_1_583' title='bbox 2803 3795 3058 3857; x_wconf 65' lang='lat' dir='ltr'><strong>agatur,»</strong></span> <span class='ocrx_word' id='word_1_584' title='bbox 3094 3786 3535 3854; x_wconf 88' lang='lat' dir='ltr'><strong>accenset.Quin</strong></span> <span class='ocrx_word' id='word_1_585' title='bbox 3562 3786 3757 3859; x_wconf 85' lang='lat' dir='ltr'><strong>itaque</strong></span> 
     </span>
    </p>
   </div>
   <div class='ocr_carea' id='block_1_84' title="bbox 2107 3870 3756 3951">
    <p class='ocr_par' dir='ltr' id='par_1_84' title="bbox 2107 3870 3756 3951">
     <span class='ocr_line' id='line_1_84' title="bbox 2107 3870 3756 3951; baseline 0.001 -18"><span class='ocrx_word' id='word_1_586' title='bbox 2107 3870 2445 3933; x_wconf 90' lang='lat' dir='ltr'><strong>Demetrius</strong></span> <span class='ocrx_word' id='word_1_587' title='bbox 2477 3870 2622 3931; x_wconf 82' lang='lat' dir='ltr'><strong>festo</strong></span> <span class='ocrx_word' id='word_1_588' title='bbox 2655 3888 2877 3945; x_wconf 91' lang='lat' dir='ltr'><strong>annuo,</strong></span> <span class='ocrx_word' id='word_1_589' title='bbox 2910 3870 3083 3949; x_wconf 88' lang='lat' dir='ltr'><strong>cujus</strong></span> <span class='ocrx_word' id='word_1_590' title='bbox 3137 3878 3299 3950; x_wconf 89' lang='lat' dir='ltr'><strong>parte</strong></span> <span class='ocrx_word' id='word_1_591' title='bbox 3328 3870 3526 3947; x_wconf 86' lang='lat' dir='ltr'><strong>aliqua</strong></span> <span class='ocrx_word' id='word_1_592' title='bbox 3558 3890 3588 3932; x_wconf 89' lang='lat' dir='ltr'><strong>a</strong></span> <span class='ocrx_word' id='word_1_593' title='bbox 3614 3872 3756 3951; x_wconf 90' lang='lat' dir='ltr'><strong>jure</strong></span> 
     </span>
    </p>
   </div>
   <div class='ocr_carea' id='block_1_85' title="bbox 2106 3958 3753 4034">
    <p class='ocr_par' dir='ltr' id='par_1_85' title="bbox 2106 3958 3753 4034">
     <span class='ocr_line' id='line_1_85' title="bbox 2106 3958 3753 4034; baseline 0.001 -13"><span class='ocrx_word' id='word_1_594' title='bbox 2106 3960 2363 4021; x_wconf 90' lang='lat' dir='ltr'><strong>dicendo</strong></span> <span class='ocrx_word' id='word_1_595' title='bbox 2394 3960 2719 4021; x_wconf 89' lang='lat' dir='ltr'><strong>vacandum</strong></span> <span class='ocrx_word' id='word_1_596' title='bbox 2753 3969 2931 4034; x_wconf 84' lang='lat' dir='ltr'><strong>esset,</strong></span> <span class='ocrx_word' id='word_1_597' title='bbox 2968 3978 3001 4020; x_wconf 90' lang='lat' dir='ltr'><strong>a</strong></span> <span class='ocrx_word' id='word_1_598' title='bbox 3058 3958 3279 4022; x_wconf 68' lang='lat' dir='ltr'><strong>Graecis</strong></span> <span class='ocrx_word' id='word_1_599' title='bbox 3310 3968 3446 4021; x_wconf 90' lang='lat' dir='ltr'><strong>ante</strong></span> <span class='ocrx_word' id='word_1_600' title='bbox 3472 3968 3753 4023; x_wconf 71' lang='lat' dir='ltr'><strong>saeculum</strong></span> 
     </span>
    </p>
   </div>
   <div class='ocr_carea' id='block_1_86' title="bbox 2112 4048 3755 4130">
    <p class='ocr_par' dir='ltr' id='par_1_86' title="bbox 2112 4048 3755 4130">
     <span class='ocr_line' id='line_1_86' title="bbox 2112 4048 3755 4130; baseline 0.001 -19"><span class='ocrx_word' id='word_1_601' title='bbox 2112 4050 2345 4111; x_wconf 89' lang='lat' dir='ltr'><strong>tertium</strong></span> <span class='ocrx_word' id='word_1_602' title='bbox 2385 4048 2679 4110; x_wconf 91' lang='lat' dir='ltr'><strong>decimum</strong></span> <span class='ocrx_word' id='word_1_603' title='bbox 2723 4051 3046 4110; x_wconf 87' lang='lat' dir='ltr'><strong>honoratus</strong></span> <span class='ocrx_word' id='word_1_604' title='bbox 3101 4049 3298 4129; x_wconf 87' lang='lat' dir='ltr'><strong>fuerit,</strong></span> <span class='ocrx_word' id='word_1_605' title='bbox 3334 4048 3755 4130; x_wconf 86' lang='lat' dir='ltr'><strong>ambigendum</strong></span> 
     </span>
    </p>
   </div>
   <div class='ocr_carea' id='block_1_87' title="bbox 2108 4138 3755 4221">
    <p class='ocr_par' dir='ltr' id='par_1_87' title="bbox 2108 4138 3755 4221">
     <span class='ocr_line' id='line_1_87' title="bbox 2108 4138 3755 4221; baseline 0.001 -20"><span class='ocrx_word' id='word_1_606' title='bbox 2108 4158 2226 4201; x_wconf 93' lang='lat' dir='ltr'><strong>non</strong></span> <span class='ocrx_word' id='word_1_607' title='bbox 2259 4147 2367 4200; x_wconf 91' lang='lat' dir='ltr'><strong>est.</strong></span> <span class='ocrx_word' id='word_1_608' title='bbox 2425 4142 2612 4200; x_wconf 91' lang='lat' dir='ltr'><strong>Porro</strong></span> <span class='ocrx_word' id='word_1_609' title='bbox 2644 4138 2825 4200; x_wconf 90' lang='lat' dir='ltr'><strong>fuisse</strong></span> <span class='ocrx_word' id='word_1_610' title='bbox 2854 4157 3093 4219; x_wconf 91' lang='lat' dir='ltr'><strong>quoque</strong></span> <span class='ocrx_word' id='word_1_611' title='bbox 3123 4156 3230 4217; x_wconf 88' lang='lat' dir='ltr'><strong>per</strong></span> <span class='ocrx_word' id='word_1_612' title='bbox 3270 4139 3402 4200; x_wconf 90' lang='lat' dir='ltr'><strong>festi</strong></span> <span class='ocrx_word' id='word_1_613' title='bbox 3434 4140 3594 4201; x_wconf 91' lang='lat' dir='ltr'><strong>illius</strong></span> <span class='ocrx_word' id='word_1_614' title='bbox 3626 4160 3755 4221; x_wconf 85' lang='lat' dir='ltr'><strong>par-</strong></span> 
     </span>
    </p>
   </div>
   <div class='ocr_carea' id='block_1_88' title="bbox 2109 4227 3751 4311">
    <p class='ocr_par' dir='ltr' id='par_1_88' title="bbox 2109 4227 3751 4311">
     <span class='ocr_line' id='line_1_88' title="bbox 2109 4227 3751 4311; baseline 0.001 -20"><span class='ocrx_word' id='word_1_615' title='bbox 2109 4239 2227 4291; x_wconf 90' lang='lat' dir='ltr'><strong>tem</strong></span> <span class='ocrx_word' id='word_1_616' title='bbox 2250 4227 2325 4290; x_wconf 91' lang='lat' dir='ltr'><strong>ah</strong></span> <span class='ocrx_word' id='word_1_617' title='bbox 2356 4228 2634 4308; x_wconf 86' lang='lat' dir='ltr'><strong>operibus</strong></span> <span class='ocrx_word' id='word_1_618' title='bbox 2656 4228 2973 4290; x_wconf 79' lang='lat' dir='ltr'><strong>servilibus</strong></span> <span class='ocrx_word' id='word_1_619' title='bbox 2995 4227 3414 4290; x_wconf 88' lang='lat' dir='ltr'><strong>abstinendum</strong></span> <span class='ocrx_word' id='word_1_620' title='bbox 3445 4229 3751 4311; x_wconf 85' lang='lat' dir='ltr'><strong>Bailletus,</strong></span> 
     </span>
    </p>
   </div>
   <div class='ocr_carea' id='block_1_89' title="bbox 2108 4317 3757 4382">
    <p class='ocr_par' dir='ltr' id='par_1_89' title="bbox 2108 4317 3757 4382">
     <span class='ocr_line' id='line_1_89' title="bbox 2108 4317 3757 4382; baseline 0.001 -2"><span class='ocrx_word' id='word_1_621' title='bbox 2108 4317 2337 4381; x_wconf 88' lang='lat' dir='ltr'><strong>tom.ll[</strong></span> <span class='ocrx_word' id='word_1_622' title='bbox 2365 4318 2640 4381; x_wconf 74' lang='lat' dir='ltr'><strong>Vitarum</strong></span> <span class='ocrx_word' id='word_1_623' title='bbox 2668 4318 2783 4381; x_wconf 90' lang='lat' dir='ltr'><strong>col.</strong></span> <span class='ocrx_word' id='word_1_624' title='bbox 2813 4319 2928 4381; x_wconf 77' lang='grc'><strong>115</strong></span> <span class='ocrx_word' id='word_1_625' title='bbox 2953 4318 3023 4378; x_wconf 88' lang='lat' dir='ltr'><strong>ad</strong></span> <span class='ocrx_word' id='word_1_626' title='bbox 3043 4319 3080 4379; x_wconf 90' lang='lat'>8</span> <span class='ocrx_word' id='word_1_627' title='bbox 3112 4317 3387 4380; x_wconf 89' lang='lat' dir='ltr'><strong>Octobris</strong></span> <span class='ocrx_word' id='word_1_628' title='bbox 3410 4317 3569 4380; x_wconf 90' lang='lat' dir='ltr'><strong>diem</strong></span> <span class='ocrx_word' id='word_1_629' title='bbox 3600 4320 3757 4382; x_wconf 78' lang='lat' dir='ltr'><strong>affir-</strong></span> 
     </span>
    </p>
   </div>
   <div class='ocr_carea' id='block_1_90' title="bbox 2105 4405 3755 4489">
    <p class='ocr_par' dir='ltr' id='par_1_90' title="bbox 2105 4405 3755 4489">
     <span class='ocr_line' id='line_1_90' title="bbox 2105 4405 3755 4489; baseline 0.001 -20"><span class='ocrx_word' id='word_1_630' title='bbox 2105 4409 2447 4488; x_wconf 84' lang='lat' dir='ltr'><strong>mat.Atque</strong></span> <span class='ocrx_word' id='word_1_631' title='bbox 2469 4407 2525 4468; x_wconf 92' lang='lat' dir='ltr'><strong>id</strong></span> <span class='ocrx_word' id='word_1_632' title='bbox 2546 4407 2815 4489; x_wconf 89' lang='lat' dir='ltr'><strong>quidem,</strong></span> <span class='ocrx_word' id='word_1_633' title='bbox 2850 4416 2977 4469; x_wconf 91' lang='lat' dir='ltr'><strong>utut</strong></span> <span class='ocrx_word' id='word_1_634' title='bbox 2999 4406 3058 4467; x_wconf 91' lang='lat' dir='ltr'><strong>in</strong></span> <span class='ocrx_word' id='word_1_635' title='bbox 3091 4406 3323 4469; x_wconf 89' lang='lat' dir='ltr'><strong>laudata</strong></span> <span class='ocrx_word' id='word_1_636' title='bbox 3351 4405 3755 4472; x_wconf 84' lang='lat' dir='ltr'><strong>Emmanuelis</strong></span> 
     </span>
    </p>
   </div>
   <div class='ocr_carea' id='block_1_91' title="bbox 373 4495 3755 4579">
    <p class='ocr_par' dir='ltr' id='par_1_91' title="bbox 373 4495 3755 4579">
     <span class='ocr_line' id='line_1_91' title="bbox 373 4495 3755 4579; baseline 0.001 -22"><span class='ocrx_word' id='word_1_637' title='bbox 373 4514 497 4557; x_wconf 90' lang='lat' dir='ltr'><strong>non</strong></span> <span class='ocrx_word' id='word_1_638' title='bbox 553 4496 873 4569; x_wconf 89' lang='lat' dir='ltr'><strong>immerito,</strong></span> <span class='ocrx_word' id='word_1_639' title='bbox 909 4495 1193 4559; x_wconf 88' lang='lat' dir='ltr'><strong>Sanctum</strong></span> <span class='ocrx_word' id='word_1_640' title='bbox 1254 4505 1527 4558; x_wconf 88' lang='lat' dir='ltr'><strong>nostrum</strong></span> <span class='ocrx_word' id='word_1_641' title='bbox 1586 4498 1802 4577; x_wconf 89' lang='lat' dir='ltr'><strong>insigni</strong></span> <span class='ocrx_word' id='word_1_642' title='bbox 1862 4499 2017 4579; x_wconf 85' lang='lat' dir='ltr'><strong>apud</strong></span> <span class='ocrx_word' id='word_1_643' title='bbox 2043 4498 2395 4577; x_wconf 76' lang='lat' dir='ltr'><strong>DComneni</strong></span> <span class='ocrx_word' id='word_1_644' title='bbox 2428 4498 2809 4578; x_wconf 88' lang='lat' dir='ltr'><strong>imperatoris</strong></span> <span class='ocrx_word' id='word_1_645' title='bbox 2838 4496 3079 4559; x_wconf 87' lang='lat' dir='ltr'><strong>Novella</strong></span> <span class='ocrx_word' id='word_1_646' title='bbox 3110 4514 3384 4577; x_wconf 88' lang='lat' dir='ltr'><strong>espresse</strong></span> <span class='ocrx_word' id='word_1_647' title='bbox 3415 4516 3535 4560; x_wconf 92' lang='lat' dir='ltr'><strong>non</strong></span> <span class='ocrx_word' id='word_1_648' title='bbox 3565 4516 3755 4561; x_wconf 86' lang='lat' dir='ltr'><strong>asser-</strong></span> 
     </span>
    </p>
   </div>
   <div class='ocr_carea' id='block_1_92' title="bbox 374 4583 2021 4664">
    <p class='ocr_par' dir='ltr' id='par_1_92' title="bbox 374 4583 2021 4664">
     <span class='ocr_line' id='line_1_92' title="bbox 374 4583 2021 4664; baseline 0.002 -16"><span class='ocrx_word' id='word_1_649' title='bbox 374 4583 614 4648; x_wconf 69' lang='lat' dir='ltr'><strong>Graecos</strong></span> <span class='ocrx_word' id='word_1_650' title='bbox 647 4586 906 4647; x_wconf 91' lang='lat' dir='ltr'><strong>nominis</strong></span> <span class='ocrx_word' id='word_1_651' title='bbox 933 4586 1281 4649; x_wconf 87' lang='lat' dir='ltr'><strong>celebritate</strong></span> <span class='ocrx_word' id='word_1_652' title='bbox 1306 4590 1470 4664; x_wconf 86' lang='lat' dir='ltr'><strong>juxta</strong></span> <span class='ocrx_word' id='word_1_653' title='bbox 1496 4605 1565 4649; x_wconf 88' lang='lat' dir='ltr'><strong>ac</strong></span> <span class='ocrx_word' id='word_1_654' title='bbox 1596 4588 1734 4649; x_wconf 90' lang='lat' dir='ltr'><strong>hinc</strong></span> <span class='ocrx_word' id='word_1_655' title='bbox 1768 4597 1897 4650; x_wconf 90' lang='lat' dir='ltr'><strong>orta</strong></span> <span class='ocrx_word' id='word_1_656' title='bbox 1926 4608 2021 4652; x_wconf 89' lang='lat' dir='ltr'><strong>ve-</strong></span> 
     </span>
    </p>
   </div>
   <div class='ocr_carea' id='block_1_93' title="bbox 373 4674 2025 4740">
    <p class='ocr_par' dir='ltr' id='par_1_93' title="bbox 373 4674 2025 4740">
     <span class='ocr_line' id='line_1_93' title="bbox 373 4674 2025 4740; baseline 0.002 -4"><span class='ocrx_word' id='word_1_657' title='bbox 373 4674 684 4737; x_wconf 89' lang='lat' dir='ltr'><strong>neratione</strong></span> <span class='ocrx_word' id='word_1_658' title='bbox 744 4675 845 4737; x_wconf 93' lang='lat' dir='ltr'><strong>diu</strong></span> <span class='ocrx_word' id='word_1_659' title='bbox 878 4681 1052 4739; x_wconf 89' lang='lat' dir='ltr'><strong>etiam</strong></span> <span class='ocrx_word' id='word_1_660' title='bbox 1083 4686 1221 4739; x_wconf 86' lang='lat' dir='ltr'><strong>ante</strong></span> <span class='ocrx_word' id='word_1_661' title='bbox 1278 4678 1557 4739; x_wconf 68' lang='lat' dir='ltr'><strong>seaculum</strong></span> <span class='ocrx_word' id='word_1_662' title='bbox 1590 4688 1857 4739; x_wconf 88' lang='lat' dir='ltr'><strong>octavum</strong></span> <span class='ocrx_word' id='word_1_663' title='bbox 1890 4679 2025 4740; x_wconf 93' lang='lat' dir='ltr'><strong>eni-</strong></span> 
     </span>
    </p>
   </div>
   <div class='ocr_carea' id='block_1_94' title="bbox 373 4765 967 4828">
    <p class='ocr_par' dir='ltr' id='par_1_94' title="bbox 373 4765 967 4828">
     <span class='ocr_line' id='line_1_94' title="bbox 373 4765 967 4828; baseline 0 -1"><span class='ocrx_word' id='word_1_664' title='bbox 373 4765 558 4827; x_wconf 86' lang='lat' dir='ltr'><strong>tuisse</strong></span> <span class='ocrx_word' id='word_1_665' title='bbox 581 4765 967 4828; x_wconf 90' lang='lat' dir='ltr'><strong>arbitremur.</strong></span> 
     </span>
    </p>
   </div>
   <div class='ocr_carea' id='block_1_95' title="bbox 460 4856 2023 4939">
    <p class='ocr_par' dir='ltr' id='par_1_95' title="bbox 460 4856 2023 4939">
     <span class='ocr_line' id='line_1_95' title="bbox 460 4856 2023 4939; baseline 0.002 -23"><span class='ocrx_word' id='word_1_666' title='bbox 460 4857 556 4919; x_wconf 80' lang='lat'><strong>71.</strong></span> <span class='ocrx_word' id='word_1_667' title='bbox 587 4856 755 4928; x_wconf 86' lang='lat' dir='ltr'><strong>Quod</strong></span> <span class='ocrx_word' id='word_1_668' title='bbox 784 4875 917 4918; x_wconf 88' lang='lat' dir='ltr'><strong>cum</strong></span> <span class='ocrx_word' id='word_1_669' title='bbox 952 4857 1030 4919; x_wconf 90' lang='lat' dir='ltr'><strong>ita</strong></span> <span class='ocrx_word' id='word_1_670' title='bbox 1059 4859 1157 4938; x_wconf 92' lang='lat' dir='ltr'><strong>sit,</strong></span> <span class='ocrx_word' id='word_1_671' title='bbox 1190 4859 1330 4939; x_wconf 91' lang='lat' dir='ltr'><strong>quin</strong></span> <span class='ocrx_word' id='word_1_672' title='bbox 1363 4856 1470 4919; x_wconf 89' lang='lat' dir='ltr'><strong>abs</strong></span> <span class='ocrx_word' id='word_1_673' title='bbox 1499 4856 1594 4918; x_wconf 92' lang='lat' dir='ltr'><strong>his</strong></span> <span class='ocrx_word' id='word_1_674' title='bbox 1625 4857 1727 4921; x_wconf 89' lang='lat' dir='ltr'><strong>ille</strong></span> <span class='ocrx_word' id='word_1_675' title='bbox 1782 4858 2023 4938; x_wconf 90' lang='lat' dir='ltr'><strong>pariter,</strong></span> 
     </span>
    </p>
   </div>
   <div class='ocr_carea' id='block_1_96' title="bbox 374 4946 2025 5028">
    <p class='ocr_par' dir='ltr' id='par_1_96' title="bbox 374 4946 2025 5028">
     <span class='ocr_line' id='line_1_96' title="bbox 374 4946 2025 5028; baseline 0.001 -21"><span class='ocrx_word' id='word_1_676' title='bbox 374 4963 497 5007; x_wconf 88' lang='lat' dir='ltr'><strong>non</strong></span> <span class='ocrx_word' id='word_1_677' title='bbox 529 4964 702 5008; x_wconf 91' lang='lat' dir='ltr'><strong>secus</strong></span> <span class='ocrx_word' id='word_1_678' title='bbox 736 4964 803 5007; x_wconf 89' lang='lat' dir='ltr'><strong>ac</strong></span> <span class='ocrx_word' id='word_1_679' title='bbox 828 4946 1114 5008; x_wconf 89' lang='lat' dir='ltr'><strong>clariores</strong></span> <span class='ocrx_word' id='word_1_680' title='bbox 1146 4953 1331 5009; x_wconf 89' lang='lat' dir='ltr'><strong>sancti</strong></span> <span class='ocrx_word' id='word_1_681' title='bbox 1360 4947 1488 5028; x_wconf 88' lang='lat' dir='ltr'><strong>alii,</strong></span> <span class='ocrx_word' id='word_1_682' title='bbox 1512 4947 1707 5009; x_wconf 79' lang='lat' dir='ltr'><strong>officio</strong></span> <span class='ocrx_word' id='word_1_683' title='bbox 1729 4948 2025 5011; x_wconf 87' lang='lat' dir='ltr'><strong>ecclesia-</strong></span> 
     </span>
    </p>
   </div>
   <div class='ocr_carea' id='block_1_97' title="bbox 373 5035 2022 5115">
    <p class='ocr_par' dir='ltr' id='par_1_97' title="bbox 373 5035 2022 5115">
     <span class='ocr_line' id='line_1_97' title="bbox 373 5035 2022 5115; baseline 0.002 -21"><span class='ocrx_word' id='word_1_684' title='bbox 373 5035 521 5096; x_wconf 87' lang='lat' dir='ltr'><strong>stico</strong></span> <span class='ocrx_word' id='word_1_685' title='bbox 553 5036 883 5097; x_wconf 87' lang='lat' dir='ltr'><strong>honoratus</strong></span> <span class='ocrx_word' id='word_1_686' title='bbox 932 5036 1054 5115; x_wconf 89' lang='lat' dir='ltr'><strong>jam</strong></span> <span class='ocrx_word' id='word_1_687' title='bbox 1093 5044 1217 5097; x_wconf 92' lang='lat' dir='ltr'><strong>tum</strong></span> <span class='ocrx_word' id='word_1_688' title='bbox 1248 5037 1449 5112; x_wconf 88' lang='lat' dir='ltr'><strong>fuerit,</strong></span> <span class='ocrx_word' id='word_1_689' title='bbox 1483 5038 1582 5099; x_wconf 80' lang='lat' dir='ltr'><strong>vix</strong></span> <span class='ocrx_word' id='word_1_690' title='bbox 1632 5035 2022 5100; x_wconf 89' lang='lat' dir='ltr'><strong>dubitandum</strong></span> 
     </span>
    </p>
   </div>
   <div class='ocr_carea' id='block_1_98' title="bbox 372 5124 2023 5205">
    <p class='ocr_par' dir='ltr' id='par_1_98' title="bbox 372 5124 2023 5205">
     <span class='ocr_line' id='line_1_98' title="bbox 372 5124 2023 5205; baseline 0.001 -21"><span class='ocrx_word' id='word_1_691' title='bbox 372 5124 904 5204; x_wconf 82' lang='lat' dir='ltr'><strong>apparet,maxime</strong></span> <span class='ocrx_word' id='word_1_692' title='bbox 925 5144 1059 5186; x_wconf 91' lang='lat' dir='ltr'><strong>cum</strong></span> <span class='ocrx_word' id='word_1_693' title='bbox 1082 5125 1346 5187; x_wconf 84' lang='lat' dir='ltr'><strong>festivam</strong></span> <span class='ocrx_word' id='word_1_694' title='bbox 1380 5125 1508 5205; x_wconf 89' lang='lat' dir='ltr'><strong>ejus</strong></span> <span class='ocrx_word' id='word_1_695' title='bbox 1531 5125 1726 5187; x_wconf 90' lang='lat' dir='ltr'><strong>lucem</strong></span> <span class='ocrx_word' id='word_1_696' title='bbox 1760 5124 2023 5186; x_wconf 90' lang='lat' dir='ltr'><strong>Thessa-</strong></span> 
     </span>
    </p>
   </div>
   <div class='ocr_carea' id='block_1_99' title="bbox 375 5212 2024 5295">
    <p class='ocr_par' dir='ltr' id='par_1_99' title="bbox 375 5212 2024 5295">
     <span class='ocr_line' id='line_1_99' title="bbox 375 5212 2024 5295; baseline 0.002 -22"><span class='ocrx_word' id='word_1_697' title='bbox 375 5212 587 5273; x_wconf 77' lang='lat' dir='ltr'><strong>lonicae</strong></span> <span class='ocrx_word' id='word_1_698' title='bbox 609 5214 731 5293; x_wconf 92' lang='lat' dir='ltr'><strong>jam</strong></span> <span class='ocrx_word' id='word_1_699' title='bbox 765 5212 901 5273; x_wconf 91' lang='lat' dir='ltr'><strong>inde</strong></span> <span class='ocrx_word' id='word_1_700' title='bbox 931 5232 965 5274; x_wconf 94' lang='lat' dir='ltr'><strong>a</strong></span> <span class='ocrx_word' id='word_1_701' title='bbox 1000 5213 1216 5276; x_wconf 73' lang='lat' dir='ltr'><strong>saeculo</strong></span> <span class='ocrx_word' id='word_1_702' title='bbox 1244 5223 1408 5276; x_wconf 83' lang='lat' dir='ltr'><strong>sexto</strong></span> <span class='ocrx_word' id='word_1_703' title='bbox 1459 5214 2024 5295; x_wconf 83' lang='lat' dir='ltr'><strong>verosimillimeque</strong></span> 
     </span>
    </p>
   </div>
   <div class='ocr_carea' id='block_1_100' title="bbox 372 5307 2021 5381">
    <p class='ocr_par' dir='ltr' id='par_1_100' title="bbox 372 5307 2021 5381">
     <span class='ocr_line' id='line_1_100' title="bbox 372 5307 2021 5381; baseline 0.001 -17"><span class='ocrx_word' id='word_1_704' title='bbox 372 5307 543 5364; x_wconf 88' lang='lat' dir='ltr'><strong>etiam</strong></span> <span class='ocrx_word' id='word_1_705' title='bbox 576 5307 748 5363; x_wconf 87' lang='lat' dir='ltr'><strong>citius</strong></span> <span class='ocrx_word' id='word_1_706' title='bbox 780 5309 1084 5378; x_wconf 86' lang='lat' dir='ltr'><strong>quotannis</strong></span> <span class='ocrx_word' id='word_1_707' title='bbox 1114 5307 1397 5364; x_wconf 89' lang='lat' dir='ltr'><strong>celebrari</strong></span> <span class='ocrx_word' id='word_1_708' title='bbox 1428 5309 1845 5381; x_wconf 84' lang='lat' dir='ltr'><strong>contigerit,uti</strong></span> <span class='ocrx_word' id='word_1_709' title='bbox 1878 5308 2021 5365; x_wconf 76' lang='lat' dir='ltr'><strong>intra</strong></span> 
     </span>
    </p>
   </div>
   <div class='ocr_carea' id='block_1_101' title="bbox 374 5392 2025 5457">
    <p class='ocr_par' dir='ltr' id='par_1_101' title="bbox 374 5392 2025 5457">
     <span class='ocr_line' id='line_1_101' title="bbox 374 5392 2025 5457; baseline 0.002 -4"><span class='ocrx_word' id='word_1_710' title='bbox 374 5392 906 5456; x_wconf 86' lang='lat' dir='ltr'><strong>ostendain.Porro</strong></span> <span class='ocrx_word' id='word_1_711' title='bbox 925 5392 1260 5455; x_wconf 91' lang='lat' dir='ltr'><strong>Demetrius</strong></span> <span class='ocrx_word' id='word_1_712' title='bbox 1291 5412 1409 5455; x_wconf 90' lang='lat' dir='ltr'><strong>non</strong></span> <span class='ocrx_word' id='word_1_713' title='bbox 1441 5401 1666 5457; x_wconf 89' lang='lat' dir='ltr'><strong>tantum</strong></span> <span class='ocrx_word' id='word_1_714' title='bbox 1696 5393 1889 5455; x_wconf 84' lang='lat' dir='ltr'><strong>ofﬁcio</strong></span> <span class='ocrx_word' id='word_1_715' title='bbox 1921 5411 2025 5456; x_wconf 89' lang='lat' dir='ltr'><strong>ec-</strong></span> 
     </span>
    </p>
   </div>
   <div class='ocr_carea' id='block_1_102' title="bbox 373 5480 2026 5564">
    <p class='ocr_par' dir='ltr' id='par_1_102' title="bbox 373 5480 2026 5564">
     <span class='ocr_line' id='line_1_102' title="bbox 373 5480 2026 5564; baseline 0 -20"><span class='ocrx_word' id='word_1_716' title='bbox 373 5480 733 5557; x_wconf 87' lang='lat' dir='ltr'><strong>clesiastico,</strong></span> <span class='ocrx_word' id='word_1_717' title='bbox 795 5500 933 5545; x_wconf 88' lang='lat' dir='ltr'><strong>vero</strong></span> <span class='ocrx_word' id='word_1_718' title='bbox 993 5483 1171 5545; x_wconf 89' lang='lat' dir='ltr'><strong>etiam</strong></span> <span class='ocrx_word' id='word_1_719' title='bbox 1237 5484 1384 5545; x_wconf 82' lang='lat' dir='ltr'><strong>festo</strong></span> <span class='ocrx_word' id='word_1_720' title='bbox 1443 5501 1666 5559; x_wconf 89' lang='lat' dir='ltr'><strong>annuo,</strong></span> <span class='ocrx_word' id='word_1_721' title='bbox 1700 5502 1815 5564; x_wconf 92' lang='lat' dir='ltr'><strong>quo</strong></span> <span class='ocrx_word' id='word_1_722' title='bbox 1874 5482 2026 5544; x_wconf 89' lang='lat' dir='ltr'><strong>sacri</strong></span> 
     </span>
    </p>
   </div>
   <div class='ocr_carea' id='block_1_103' title="bbox 374 5571 2025 5654">
    <p class='ocr_par' dir='ltr' id='par_1_103' title="bbox 374 5571 2025 5654">
     <span class='ocr_line' id='line_1_103' title="bbox 374 5571 2025 5654; baseline 0.001 -21"><span class='ocrx_word' id='word_1_723' title='bbox 374 5571 568 5634; x_wconf 90' lang='lat' dir='ltr'><strong>cultus</strong></span> <span class='ocrx_word' id='word_1_724' title='bbox 627 5590 733 5634; x_wconf 89' lang='lat' dir='ltr'><strong>seu</strong></span> <span class='ocrx_word' id='word_1_725' title='bbox 766 5573 1133 5637; x_wconf 88' lang='lat' dir='ltr'><strong>sacrosancti</strong></span> <span class='ocrx_word' id='word_1_726' title='bbox 1167 5573 1365 5635; x_wconf 87' lang='lat' dir='ltr'><strong>Missae</strong></span> <span class='ocrx_word' id='word_1_727' title='bbox 1421 5573 1703 5635; x_wconf 87' lang='lat' dir='ltr'><strong>sacriﬁcii</strong></span> <span class='ocrx_word' id='word_1_728' title='bbox 1759 5582 2025 5654; x_wconf 90' lang='lat' dir='ltr'><strong>tempore</strong></span> 
     </span>
    </p>
   </div>
   <div class='ocr_carea' id='block_1_104' title="bbox 363 5660 2026 5747">
    <p class='ocr_par' dir='ltr' id='par_1_104' title="bbox 363 5660 2026 5747">
     <span class='ocr_line' id='line_1_104' title="bbox 363 5660 2026 5747; baseline 0 -22"><span class='ocrx_word' id='word_1_729' title='bbox 363 5660 470 5747; x_wconf 86' lang='lat' dir='ltr'><strong>jus</strong></span> <span class='ocrx_word' id='word_1_730' title='bbox 519 5660 723 5726; x_wconf 88' lang='lat' dir='ltr'><strong>dicere</strong></span> <span class='ocrx_word' id='word_1_731' title='bbox 752 5662 918 5727; x_wconf 80' lang='lat' dir='ltr'><strong>nefas</strong></span> <span class='ocrx_word' id='word_1_732' title='bbox 950 5672 1131 5742; x_wconf 90' lang='lat' dir='ltr'><strong>esset,</strong></span> <span class='ocrx_word' id='word_1_733' title='bbox 1164 5666 1319 5743; x_wconf 90' lang='lat' dir='ltr'><strong>apud</strong></span> <span class='ocrx_word' id='word_1_734' title='bbox 1368 5664 1629 5741; x_wconf 83' lang='lat' dir='ltr'><strong>Graecos,</strong></span> <span class='ocrx_word' id='word_1_735' title='bbox 1658 5662 1708 5725; x_wconf 89' lang='lat' dir='ltr'><strong>si</strong></span> <span class='ocrx_word' id='word_1_736' title='bbox 1738 5680 1859 5728; x_wconf 90' lang='lat' dir='ltr'><strong>non</strong></span> <span class='ocrx_word' id='word_1_737' title='bbox 1888 5670 2026 5727; x_wconf 83' lang='lat' dir='ltr'><strong>ante</strong></span> 
     </span>
    </p>
   </div>
   <div class='ocr_carea' id='block_1_105' title="bbox 2109 4585 3757 4669">
    <p class='ocr_par' dir='ltr' id='par_1_105' title="bbox 2109 4585 3757 4669">
     <span class='ocr_line' id='line_1_105' title="bbox 2109 4585 3757 4669; baseline 0.002 -22"><span class='ocrx_word' id='word_1_738' title='bbox 2109 4598 2261 4667; x_wconf 85' lang='lat' dir='ltr'><strong>tum,</strong></span> <span class='ocrx_word' id='word_1_739' title='bbox 2296 4587 2810 4649; x_wconf 87' lang='lat' dir='ltr'><strong>verosimillimum</strong></span> <span class='ocrx_word' id='word_1_740' title='bbox 2845 4595 3109 4668; x_wconf 82' lang='lat' dir='ltr'><strong>apparet.</strong></span> <span class='ocrx_word' id='word_1_741' title='bbox 3146 4585 3366 4649; x_wconf 77' lang='lat' dir='ltr'><strong>Verum</strong></span> <span class='ocrx_word' id='word_1_742' title='bbox 3415 4587 3467 4649; x_wconf 93' lang='lat' dir='ltr'><strong>is</strong></span> <span class='ocrx_word' id='word_1_743' title='bbox 3498 4588 3757 4669; x_wconf 82' lang='lat' dir='ltr'><strong>scriptor</strong></span> 
     </span>
    </p>
   </div>
   <div class='ocr_carea' id='block_1_106' title="bbox 2108 4675 3753 4757">
    <p class='ocr_par' dir='ltr' id='par_1_106' title="bbox 2108 4675 3753 4757">
     <span class='ocr_line' id='line_1_106' title="bbox 2108 4675 3753 4757; baseline 0.002 -20"><span class='ocrx_word' id='word_1_744' title='bbox 2108 4675 2183 4737; x_wconf 91' lang='lat' dir='ltr'><strong>de</strong></span> <span class='ocrx_word' id='word_1_745' title='bbox 2214 4676 2367 4737; x_wconf 86' lang='lat' dir='ltr'><strong>festo</strong></span> <span class='ocrx_word' id='word_1_746' title='bbox 2390 4676 2514 4748; x_wconf 92' lang='lat' dir='ltr'><strong>illo,</strong></span> <span class='ocrx_word' id='word_1_747' title='bbox 2540 4677 2697 4755; x_wconf 90' lang='lat' dir='ltr'><strong>quod</strong></span> <span class='ocrx_word' id='word_1_748' title='bbox 2732 4691 3068 4757; x_wconf 88' lang='lat' dir='ltr'><strong>comparate</strong></span> <span class='ocrx_word' id='word_1_749' title='bbox 3100 4676 3171 4738; x_wconf 89' lang='lat' dir='ltr'><strong>ad</strong></span> <span class='ocrx_word' id='word_1_750' title='bbox 3196 4677 3343 4738; x_wconf 84' lang='lat' dir='ltr'><strong>festa</strong></span> <span class='ocrx_word' id='word_1_751' title='bbox 3369 4676 3486 4739; x_wconf 86' lang='lat' dir='ltr'><strong>alia</strong></span> <span class='ocrx_word' id='word_1_752' title='bbox 3510 4679 3753 4740; x_wconf 90' lang='lat' dir='ltr'><strong>omnino</strong></span> 
     </span>
    </p>
   </div>
   <div class='ocr_carea' id='block_1_107' title="bbox 2106 4764 3751 4848">
    <p class='ocr_par' dir='ltr' id='par_1_107' title="bbox 2106 4764 3751 4848">
     <span class='ocr_line' id='line_1_107' title="bbox 2106 4764 3751 4848; baseline 0.001 -21"><span class='ocrx_word' id='word_1_753' title='bbox 2106 4764 2314 4827; x_wconf 85' lang='lat' dir='ltr'><strong>feriata</strong></span> <span class='ocrx_word' id='word_1_754' title='bbox 2373 4766 2650 4826; x_wconf 67' lang='lat' dir='ltr'><strong>secunda:</strong></span> <span class='ocrx_word' id='word_1_755' title='bbox 2682 4766 2958 4827; x_wconf 86' lang='lat' dir='ltr'><strong>duntaxat</strong></span> <span class='ocrx_word' id='word_1_756' title='bbox 2987 4766 3192 4828; x_wconf 85' lang='lat' dir='ltr'><strong>classis</strong></span> <span class='ocrx_word' id='word_1_757' title='bbox 3245 4766 3460 4829; x_wconf 75' lang='lat' dir='ltr'><strong>festum</strong></span> <span class='ocrx_word' id='word_1_758' title='bbox 3493 4768 3751 4848; x_wconf 88' lang='lat' dir='ltr'><strong>primum</strong></span> 
     </span>
    </p>
   </div>
   <div class='ocr_carea' id='block_1_108' title="bbox 2106 4850 3755 4934">
    <p class='ocr_par' dir='ltr' id='par_1_108' title="bbox 2106 4850 3755 4934">
     <span class='ocr_line' id='line_1_108' title="bbox 2106 4850 3755 4934; baseline 0.003 -23"><span class='ocrx_word' id='word_1_759' title='bbox 2106 4850 2305 4934; x_wconf 91' lang='lat' dir='ltr'><strong>fuerit,</strong></span> <span class='ocrx_word' id='word_1_760' title='bbox 2340 4854 2467 4915; x_wconf 74' lang='lat' dir='ltr'><strong>haec</strong></span> <span class='ocrx_word' id='word_1_761' title='bbox 2492 4864 2780 4934; x_wconf 56' lang='lat' dir='ltr'><strong>praeterea</strong></span> <span class='ocrx_word' id='word_1_762' title='bbox 2800 4854 3023 4915; x_wconf 90' lang='lat' dir='ltr'><strong>ibidem</strong></span> <span class='ocrx_word' id='word_1_763' title='bbox 3049 4855 3233 4918; x_wconf 90' lang='lat' dir='ltr'><strong>addit:</strong></span> <span class='ocrx_word' id='word_1_764' title='bbox 3275 4856 3485 4916; x_wconf 74' lang='lat' dir='ltr'><strong>(Adeo</strong></span> <span class='ocrx_word' id='word_1_765' title='bbox 3516 4856 3755 4917; x_wconf 84' lang='lat' dir='ltr'><strong>celebre</strong></span> 
     </span>
    </p>
   </div>
   <div class='ocr_carea' id='block_1_109' title="bbox 2109 4942 3755 5023">
    <p class='ocr_par' dir='ltr' id='par_1_109' title="bbox 2109 4942 3755 5023">
     <span class='ocr_line' id='line_1_109' title="bbox 2109 4942 3755 5023; baseline -0.001 -18"><span class='ocrx_word' id='word_1_766' title='bbox 2109 4951 2243 5023; x_wconf 91' lang='lat' dir='ltr'><strong>post</strong></span> <span class='ocrx_word' id='word_1_767' title='bbox 2270 4943 2485 5004; x_wconf 85' lang='lat' dir='ltr'><strong>factum</strong></span> <span class='ocrx_word' id='word_1_768' title='bbox 2518 4950 2630 5020; x_wconf 89' lang='lat' dir='ltr'><strong>est,</strong></span> <span class='ocrx_word' id='word_1_769' title='bbox 2665 4957 2730 5003; x_wconf 84' lang='lat' dir='ltr'><strong>ut</strong></span> <span class='ocrx_word' id='word_1_770' title='bbox 2764 4942 2921 5003; x_wconf 90' lang='lat' dir='ltr'><strong>haud</strong></span> <span class='ocrx_word' id='word_1_771' title='bbox 2952 4942 3305 5020; x_wconf 86' lang='lat' dir='ltr'><strong>minoribus,</strong></span> <span class='ocrx_word' id='word_1_772' title='bbox 3340 4961 3514 5023; x_wconf 90' lang='lat' dir='ltr'><strong>quam</strong></span> <span class='ocrx_word' id='word_1_773' title='bbox 3547 4944 3755 5023; x_wconf 78' lang='lat' dir='ltr'><strong>primze</strong></span> 
     </span>
    </p>
   </div>
   <div class='ocr_carea' id='block_1_110' title="bbox 2109 5030 3754 5113">
    <p class='ocr_par' dir='ltr' id='par_1_110' title="bbox 2109 5030 3754 5113">
     <span class='ocr_line' id='line_1_110' title="bbox 2109 5030 3754 5113; baseline 0.002 -21"><span class='ocrx_word' id='word_1_774' title='bbox 2109 5032 2315 5093; x_wconf 88' lang='lat' dir='ltr'><strong>classis</strong></span> <span class='ocrx_word' id='word_1_775' title='bbox 2345 5030 2893 5113; x_wconf 74' lang='lat' dir='ltr'><strong>festa,ca3remoniis</strong></span> <span class='ocrx_word' id='word_1_776' title='bbox 2925 5030 3289 5092; x_wconf 90' lang='lat' dir='ltr'><strong>celebratum</strong></span> <span class='ocrx_word' id='word_1_777' title='bbox 3321 5030 3519 5112; x_wconf 89' lang='lat' dir='ltr'><strong>fuerit,</strong></span> <span class='ocrx_word' id='word_1_778' title='bbox 3547 5040 3754 5112; x_wconf 83' lang='lat' dir='ltr'><strong>estque</strong></span> 
     </span>
    </p>
   </div>
   <div class='ocr_carea' id='block_1_111' title="bbox 2109 5119 3755 5202">
    <p class='ocr_par' dir='ltr' id='par_1_111' title="bbox 2109 5119 3755 5202">
     <span class='ocr_line' id='line_1_111' title="bbox 2109 5119 3755 5202; baseline -0.001 -20"><span class='ocrx_word' id='word_1_779' title='bbox 2109 5120 2184 5183; x_wconf 89' lang='lat' dir='ltr'><strong>de</strong></span> <span class='ocrx_word' id='word_1_780' title='bbox 2215 5130 2509 5202; x_wconf 68' lang='lat' dir='ltr'><strong>praecepto</strong></span> <span class='ocrx_word' id='word_1_781' title='bbox 2560 5138 2665 5201; x_wconf 87' lang='lat' dir='ltr'><strong>per</strong></span> <span class='ocrx_word' id='word_1_782' title='bbox 2696 5127 2878 5181; x_wconf 92' lang='lat' dir='ltr'><strong>totum</strong></span> <span class='ocrx_word' id='word_1_783' title='bbox 2911 5119 3065 5180; x_wconf 87' lang='lat' dir='ltr'><strong>diem</strong></span> <span class='ocrx_word' id='word_1_784' title='bbox 3101 5119 3399 5199; x_wconf 89' lang='lat' dir='ltr'><strong>hodieque</strong></span> <span class='ocrx_word' id='word_1_785' title='bbox 3427 5119 3755 5181; x_wconf 85' lang='lat' dir='ltr'><strong>observan-</strong></span> 
     </span>
    </p>
   </div>
   <div class='ocr_carea' id='block_1_112' title="bbox 2109 5209 3753 5288">
    <p class='ocr_par' dir='ltr' id='par_1_112' title="bbox 2109 5209 3753 5288">
     <span class='ocr_line' id='line_1_112' title="bbox 2109 5209 3753 5288; baseline 0.001 -17"><span class='ocrx_word' id='word_1_786' title='bbox 2109 5210 2271 5272; x_wconf 92' lang='lat' dir='ltr'><strong>dum.</strong></span> <span class='ocrx_word' id='word_1_787' title='bbox 2313 5236 2338 5267; x_wconf 76' lang='grc' dir='ltr'><strong>ιο</strong></span> <span class='ocrx_word' id='word_1_788' title='bbox 2375 5210 2459 5272; x_wconf 87' lang='lat' dir='ltr'><strong>[ta</strong></span> <span class='ocrx_word' id='word_1_789' title='bbox 2504 5210 2629 5284; x_wconf 90' lang='lat' dir='ltr'><strong>ille,</strong></span> <span class='ocrx_word' id='word_1_790' title='bbox 2662 5209 2721 5269; x_wconf 91' lang='lat' dir='ltr'><strong>in</strong></span> <span class='ocrx_word' id='word_1_791' title='bbox 2758 5210 3047 5287; x_wconf 86' lang='lat' dir='ltr'><strong>margine.</strong></span> <span class='ocrx_word' id='word_1_792' title='bbox 3084 5227 3216 5288; x_wconf 84' lang='lat' dir='ltr'><strong>quae</strong></span> <span class='ocrx_word' id='word_1_793' title='bbox 3253 5210 3466 5272; x_wconf 85' lang='lat' dir='ltr'><strong>Smith.</strong></span> <span class='ocrx_word' id='word_1_794' title='bbox 3498 5210 3753 5273; x_wconf 77' lang='lat' dir='ltr'><strong>Statum</strong></span> 
     </span>
    </p>
   </div>
   <div class='ocr_carea' id='block_1_113' title="bbox 2109 5297 3753 5380">
    <p class='ocr_par' dir='ltr' id='par_1_113' title="bbox 2109 5297 3753 5380">
     <span class='ocr_line' id='line_1_113' title="bbox 2109 5297 3753 5380; baseline 0 -17"><span class='ocrx_word' id='word_1_795' title='bbox 2109 5299 2340 5364; x_wconf 70' lang='lat' dir='ltr'><strong>Graeca:</strong></span> <span class='ocrx_word' id='word_1_796' title='bbox 2361 5300 2817 5380; x_wconf 72' lang='lat' dir='ltr'><strong>Ecclesiae,pag.</strong></span> <span class='ocrx_word' id='word_1_797' title='bbox 2844 5297 3310 5380; x_wconf 73' lang='lat' dir='ltr'><strong>12,hahent,pro</strong></span> <span class='ocrx_word' id='word_1_798' title='bbox 3343 5317 3406 5361; x_wconf 90' lang='lat' dir='ltr'><strong>se</strong></span> <span class='ocrx_word' id='word_1_799' title='bbox 3426 5300 3753 5363; x_wconf 83' lang='lat' dir='ltr'><strong>citans.Ve-</strong></span> 
     </span>
    </p>
   </div>
   <div class='ocr_carea' id='block_1_114' title="bbox 2107 5389 3747 5470">
    <p class='ocr_par' dir='ltr' id='par_1_114' title="bbox 2107 5389 3747 5470">
     <span class='ocr_line' id='line_1_114' title="bbox 2107 5389 3747 5470; baseline -0.001 -18"><span class='ocrx_word' id='word_1_800' title='bbox 2107 5406 2265 5467; x_wconf 83' lang='lat' dir='ltr'><strong>rum,</strong></span> <span class='ocrx_word' id='word_1_801' title='bbox 2300 5409 2435 5451; x_wconf 92' lang='lat' dir='ltr'><strong>cum</strong></span> <span class='ocrx_word' id='word_1_802' title='bbox 2485 5409 2633 5470; x_wconf 92' lang='lat' dir='ltr'><strong>opus</strong></span> <span class='ocrx_word' id='word_1_803' title='bbox 2683 5391 2796 5450; x_wconf 89' lang='lat' dir='ltr'><strong>hoc</strong></span> <span class='ocrx_word' id='word_1_804' title='bbox 2845 5389 2916 5450; x_wconf 87' lang='lat' dir='ltr'><strong>ad</strong></span> <span class='ocrx_word' id='word_1_805' title='bbox 2969 5407 3207 5449; x_wconf 88' lang='lat' dir='ltr'><strong>manum</strong></span> <span class='ocrx_word' id='word_1_806' title='bbox 3257 5408 3376 5451; x_wconf 91' lang='lat' dir='ltr'><strong>non</strong></span> <span class='ocrx_word' id='word_1_807' title='bbox 3426 5390 3525 5470; x_wconf 92' lang='lat' dir='ltr'><strong>sit,</strong></span> <span class='ocrx_word' id='word_1_808' title='bbox 3572 5390 3747 5452; x_wconf 87' lang='lat' dir='ltr'><strong>fidem</strong></span> 
     </span>
    </p>
   </div>
   <div class='ocr_carea' id='block_1_115' title="bbox 2108 5477 3753 5561">
    <p class='ocr_par' dir='ltr' id='par_1_115' title="bbox 2108 5477 3753 5561">
     <span class='ocr_line' id='line_1_115' title="bbox 2108 5477 3753 5561; baseline 0 -20"><span class='ocrx_word' id='word_1_809' title='bbox 2108 5490 2392 5561; x_wconf 89' lang='lat' dir='ltr'><strong>quantum</strong></span> <span class='ocrx_word' id='word_1_810' title='bbox 2453 5477 2513 5540; x_wconf 87' lang='lat' dir='ltr'><strong>id</strong></span> <span class='ocrx_word' id='word_1_811' title='bbox 2547 5478 2705 5560; x_wconf 92' lang='lat' dir='ltr'><strong>quod</strong></span> <span class='ocrx_word' id='word_1_812' title='bbox 2760 5477 2959 5542; x_wconf 90' lang='lat' dir='ltr'><strong>verbis</strong></span> <span class='ocrx_word' id='word_1_813' title='bbox 3016 5478 3280 5540; x_wconf 87' lang='lat' dir='ltr'><strong>recitatis</strong></span> <span class='ocrx_word' id='word_1_814' title='bbox 3335 5479 3531 5555; x_wconf 87' lang='lat' dir='ltr'><strong>docet,</strong></span> <span class='ocrx_word' id='word_1_815' title='bbox 3569 5496 3753 5561; x_wconf 82' lang='lat' dir='ltr'><strong>penes</strong></span> 
     </span>
    </p>
   </div>
   <div class='ocr_carea' id='block_1_116' title="bbox 2106 5568 3750 5651">
    <p class='ocr_par' dir='ltr' id='par_1_116' title="bbox 2106 5568 3750 5651">
     <span class='ocr_line' id='line_1_116' title="bbox 2106 5568 3750 5651; baseline 0.001 -20"><span class='ocrx_word' id='word_1_816' title='bbox 2106 5569 2302 5651; x_wconf 89' lang='lat' dir='ltr'><strong>ipsum</strong></span> <span class='ocrx_word' id='word_1_817' title='bbox 2335 5578 2493 5633; x_wconf 87' lang='lat' dir='ltr'><strong>stare</strong></span> <span class='ocrx_word' id='word_1_818' title='bbox 2526 5569 2678 5646; x_wconf 82' lang='lat' dir='ltr'><strong>volo,</strong></span> <span class='ocrx_word' id='word_1_819' title='bbox 2716 5576 2775 5631; x_wconf 91' lang='lat' dir='ltr'><strong>et</strong></span> <span class='ocrx_word' id='word_1_820' title='bbox 2804 5568 2874 5632; x_wconf 80' lang='lat' dir='ltr'><strong>ad</strong></span> <span class='ocrx_word' id='word_1_821' title='bbox 2905 5568 3015 5631; x_wconf 83' lang='lat' dir='ltr'><strong>alia</strong></span> <span class='ocrx_word' id='word_1_822' title='bbox 3053 5568 3250 5646; x_wconf 91' lang='lat' dir='ltr'><strong>modo,</strong></span> <span class='ocrx_word' id='word_1_823' title='bbox 3286 5587 3417 5650; x_wconf 76' lang='lat' dir='ltr'><strong>quae</strong></span> <span class='ocrx_word' id='word_1_824' title='bbox 3444 5568 3516 5632; x_wconf 87' lang='lat' dir='ltr'><strong>ad</strong></span> <span class='ocrx_word' id='word_1_825' title='bbox 3551 5569 3750 5633; x_wconf 82' lang='lat' dir='ltr'><strong>Sancti</strong></span> 
     </span>
    </p>
   </div>
   <div class='ocr_carea' id='block_1_117' title="bbox 2107 5657 3147 5743">
    <p class='ocr_par' dir='ltr' id='par_1_117' title="bbox 2107 5657 3147 5743">
     <span class='ocr_line' id='line_1_117' title="bbox 2107 5657 3147 5743; baseline 0.003 -20"><span class='ocrx_word' id='word_1_826' title='bbox 2107 5660 2334 5726; x_wconf 87' lang='lat' dir='ltr'><strong>cultum</strong></span> <span class='ocrx_word' id='word_1_827' title='bbox 2367 5667 2660 5743; x_wconf 86' lang='lat' dir='ltr'><strong>spectant,</strong></span> <span class='ocrx_word' id='word_1_828' title='bbox 2692 5659 2939 5739; x_wconf 81' lang='lat' dir='ltr'><strong>gradum</strong></span> <span class='ocrx_word' id='word_1_829' title='bbox 2968 5657 3147 5726; x_wconf 88' lang='lat' dir='ltr'><strong>facio.</strong></span> 
     </span>
    </p>
   </div>
  </div>
