4020 6132
434 323 582 388 1123

1791 309 1879 371 SU
1891 307 2244 372 PPLEMEN
2251 307 2439 369 TUM.

3659 305 3785 370 1124

419 460 448 528 §
516 456 623 528 ΥΠ.
669 457 859 528 Quam
915 453 1144 512 eximius
1204 445 1812 528 Tltcssqtouicqcultus
1865 441 2555 528 SanctoAmonumentis
2615 441 2878 521 antiquis
2924 460 3040 500 non
3097 446 3394 517 occurrat,
3438 457 3675 502 sacram
3723 444 3790 504 de

523 517 715 599 fuerit
731 526 956 589 delatus,
991 531 1041 581 et
1062 539 1230 597 quam
1259 521 1470 595 quidem
1498 518 1751 590 antiquus
1782 517 1829 572 is
1865 521 1956 586 sit.

2149 551 2263 611 qua
2293 532 2388 593 hic
2420 531 2606 593 adem
2640 529 2856 593 Sancto
2890 537 3093 590 nostro
3143 525 3592 590 Thessalonica
3621 530 3792 594 fuisse

511 624 845 688 '73.Eximia
875 624 1047 704 plane
1069 619 1448 682 veneratione
1479 617 1759 695 cultuque
1789 613 2062 676 ecclesia-
2146 626 2268 704 jam
2294 620 2432 681 inde
2453 640 2484 682 a
2510 619 2917 700 saculiquinti
2940 617 3109 679 initio
3143 626 3423 689 erectam,
3459 620 3792 682 verosimile

427 721 570 778 stico
587 717 1010 776 Thessalonica
1030 715 1290 777 Joannis,
1314 712 1552 768 civitatis
1579 709 1750 780 hujus
1781 707 2071 777 archiepi-

425 803 920 874 5copi,sapissime
938 801 1055 871 jam
1070 813 1244 868 supra
1267 797 1478 853 laudati
1503 796 1764 864 infraque
1781 793 2072 870 laudandi,

427 897 595 950 atate
627 904 734 947 seu
766 884 968 946 seculo
1003 882 1258 962 septimo
1292 885 1554 960 gavisum
1581 878 1767 938 fuisse
1796 883 2070 938 sanctum

427 975 820 1048 Demetrium,
853 972 941 1034 vel
976 992 1008 1033 e
1039 971 1204 1051 solis,
1239 970 1454 1048 quibus
1486 970 1641 1029 hunc
1688 967 1943 1046 scriptor
1972 965 2072 1025 ille

425 1069 865 1133 Miraculorum
891 1067 1258 1129 edendorum
1280 1065 1411 1126 lib.i
1431 1062 1913 1142 frequentissime
1935 1078 2072 1120 con-

425 1160 693 1232 decorat,
725 1155 1362 1229 honoriﬁcentissimis,
1401 1155 1590 1231 iisque
1633 1152 1934 1224 duntaxat,
1969 1147 2071 1229 qui

423 1267 530 1330 pro
561 1247 782 1308 sanctis
814 1246 1112 1320 coluntur,
1141 1244 1266 1305 dari
1319 1241 1514 1304 solitis
1547 1240 1726 1302 titulis
1755 1239 1913 1300 haud
1946 1257 2068 1300 om-

425 1338 568 1400 nino
601 1338 799 1413 inepte
841 1334 1146 1414 conjicias.
1183 1331 1400 1393 Verum
1434 1349 1508 1391 ne
1540 1330 1902 1408 conjecturis
1930 1335 2068 1390 tan—

427 1425 730 1490 tummodo
757 1423 1042 1486 utendum
1067 1425 1174 1485 hac
1197 1422 1257 1482 in
1287 1440 1355 1483 re
1386 1421 1542 1498 sit,is
1569 1419 1695 1498 ipse
1725 1418 1899 1479 etiam
1921 1418 2067 1478 scri-

427 1525 559 1598 ptor
617 1515 770 1576 facit.
833 1512 1066 1574 Etenim
1133 1511 1469 1573 encomium
1523 1510 1643 1587 jam
1707 1525 1888 1598 supra
1946 1506 2076 1585 plus

425 1596 612 1668 semel
670 1604 914 1666 citatum
975 1601 1254 1676 binisque
1323 1600 1488 1660 hisce
1566 1600 1794 1672 Μνήμην
1861 1596 2074 1653 δικαίων

426 1693 622 1755 verbis
680 1692 1045 1765 inchoatum,
1080 1687 1235 1768 quod
1281 1688 1352 1749 ad
1405 1685 1968 1748 Thessalonicenses
2000 1683 2075 1744 de

427 1791 636 1878 sancto
696 1780 999 1843 Demetrio
1056 1778 1224 1878 dixit,
1263 1785 1618 1878 sesetunc,
1676 1773 2136 1878 cumpl‘estivaB

426 1872 556 1952 ejus
588 1872 688 1933 lux
724 1877 1024 1947 ageretur,
1050 1867 1270 1929 dixisse
1307 1864 1383 1926 ab
1414 1865 1542 1944 ipso
1575 1863 1770 1926 statim
1803 1861 1942 1923 dicti
1972 1881 2074 1952 en-

427 1951 608 2023 comii
637 1959 808 2021 initio
842 1958 1084 2037 indicat,
1110 1957 1188 2017 ita
1217 1955 1358 2016 illud
1401 1971 1646 2016 exorsus
1679 1972 1692 2012 :
1731 1955 1959 2026 Μνήμην
1989 1951 2072 2008 δι-

427 2053 591 2108 καίωι
647 2048 765 2126 μετ’
798 2049 1077 2126 ἐγκωμίων
1111 2049 1376 2104 ποιεῖσθαι
1437 2044 1696 2117 Σαλομὼν
1730 2039 2071 2099 συνεϐούλευ-

430 2162 542 2213 σεν,
570 2139 629 2200 id
657 2147 766 2214 est,
807 2140 1202 2200 «Sanctorum
1239 2133 1585 2196 memoriam
1620 2149 1754 2193 cum
1789 2131 2076 2192 encomiis

432 2228 758 2299 celebrare,
793 2225 1068 2290 Salomon
1116 2225 1322 2285 suasit.
1362 2244 1390 2282 ιι
1456 2222 1675 2286 Adhac
1711 2217 1920 2281 ciborii
1967 2239 2074 2282 seu

429 2320 629 2381 altaris
661 2317 987 2378 umbraculi
1044 2314 1408 2384 incendium,
1445 2311 1601 2392 quod
1640 2309 2071 2372 Miraculorum

415 2408 526 2471 lib.
557 2425 599 2483 ι,
635 2425 765 2487 cap.
803 2408 902 2479 12,
933 2404 1140 2484 refert,
1172 2403 1474 2483 aliquanto
1537 2400 1823 2479 temporis
1855 2399 2068 2479 spatio,

420 2507 736 2577 antequam
771 2495 828 2555 id
864 2493 1072 2556 litteris
1102 2493 1324 2553 ibidezn
1386 2490 1711 2563 mandaret,
1751 2491 2068 2577 ipsaisacra

419 2576 606 2649 sancti
656 2584 945 2646 Demetrii
1006 2583 1164 2654 luce,
1199 2579 1539 2660 quotannis,
1576 2589 1639 2636 ut
1686 2577 1788 2650 ait,
1841 2576 1936 2636 die
1992 2577 2069 2638 D6

420 2673 698 2738 Octobris
725 2671 1024 2734 celebrari
1057 2677 1180 2730 tum
1232 2668 1425 2740 solita,
1459 2665 1725 2727 evenisse
1783 2665 2063 2745 declarat,

421 2782 608 2844 eaque
639 2762 846 2824 eodem
881 2761 1011 2821 loco
1034 2757 1323 2837 adiungit,
1362 2774 1395 2818 e
1421 2755 1636 2836 quibus
1667 2753 1869 2816 Sancti
1904 2754 2067 2815 festi-

420 2854 660 2915 vitatem
695 2869 811 2911 non
843 2869 960 2910 uno
1005 2849 1288 2910 duntaxat
1317 2846 1411 2907 die
1459 2844 1897 2907 Thessalonica
1930 2853 2068 2906 tunc

423 2942 671 3004 durasse
703 2938 1056 3017 intelligitur
1087 2959 1102 3014 ;
1140 2949 1200 2998 ut
1230 2954 1397 3014 sane,
1433 2935 1575 3015 quin
1608 2933 1864 2996 Sanctus
1893 2935 2069 2994 Joan-

422 3031 515 3093 nis
568 3029 1120 3094 Thessalonicensis
1164 3036 1331 3088 atate
1363 3045 1467 3086 seu
1521 3025 1735 3085 saculo
1789 3025 2066 3103 septimo,

422 3121 542 3181 imo
575 3120 778 3198 etiam,
810 3137 946 3180 cum
1000 3119 1224 3180 dictum
1258 3115 1604 3177 incendium
1655 3112 1871 3174 saculo
1903 3123 2068 3173 sexto

421 3218 523 3271 aut
570 3210 874 3288 sequentis
931 3208 1126 3279 initio,
1172 3215 1236 3267 ut
1282 3206 1342 3265 in
1387 3203 1696 3266 Adnotatis
1750 3220 1874 3281 cap.
1938 3221 2069 3262 mox

425 3298 584 3359 dicto
636 3295 962 3358 subdendis
1013 3293 1265 3365 docebo,
1306 3292 1594 3366 evenerit,
1649 3291 1865 3351 saculo
1907 3300 2070 3350 sexto

423 3387 582 3449 culto
643 3383 1050 3447 ecclesiastico
1114 3383 1288 3462 plane
1332 3380 1550 3458 insigni
1582 3380 1756 3441 fuerit
1803 3381 2066 3457 aﬁ‘ectus,

422 3477 585 3538 nulla
617 3475 844 3536 ratione
868 3472 1291 3551 ambigendum
1325 3471 1422 3534 sit.

499 3562 830 3627 74.Verum
858 3580 1054 3624 nonne
1079 3562 1254 3624 etiam
1279 3570 1414 3621 ante
1431 3558 1710 3620 saculum
1755 3566 1972 3620 textum
1992 3559 2071 3618 ita

424 3654 678 3717 Sanctus
729 3656 786 3716 in
823 3654 1053 3716 civitate
1101 3669 1207 3711 sua
1263 3649 1444 3711 natali
1502 3649 1779 3709 honorari
1841 3648 2072 3729 capit?

419 3746 775 3824 Antequam,
807 3761 939 3822 qua
959 3760 1090 3804 mea
1120 3741 1229 3801 hac
1259 3741 1334 3801 de
1358 3758 1422 3800 re
1453 3739 1530 3798 sit
1560 3739 1784 3818 opinio,
1811 3738 2066 3815 edicam,

423 3833 707 3894 nonnulla
724 3832 914 3894 adhuc
932 3832 1158 3909 juverit
1189 3829 1566 3909 praemisisse.
1602 3829 1819 3890 A‘Idem
1837 3846 2066 3889 sacram

422 3932 644 4000 sancto,
667 3921 968 3983 Demetrio
1009 3918 1470 3988 Thessalonica,
1502 3937 1636 3980 cum
1670 3935 1904 3978 sacrum
1938 3918 2068 3996 ejus

423 4030 638 4092 corpus
667 4011 776 4071 sub
824 4020 981 4071 terra
1007 4009 1354 4088 aliquandiu
1387 4008 1698 4088 jacuisset,
1733 4027 1766 4068 a
1801 4009 2063 4083 Leontio,

421 4099 641 4181 Illyrici
686 4099 983 4180 prafecto,
1019 4118 1088 4160 eo
1121 4099 1250 4179 ipso
1293 4117 1410 4178 quo
1462 4107 1635 4159 terra
1663 4098 1853 4158 fuerat
1905 4115 2067 4158 man-

423 4190 622 4252 datum
655 4189 784 4250 loco
814 4187 996 4249 fuisse
1055 4197 1438 4260 exstructam,
1472 4186 1863 4248 Anastasiana
1893 4184 2066 4246 simul

423 4288 481 4341 et
499 4278 784 4341 Pbotiana
806 4277 1006 4344 Sancti
1037 4276 1238 4338 Passio
1265 4285 1534 4336 testatum
1571 4275 1726 4334 iacit.
1761 4274 2066 4335 Posterio-

422 4373 502 4430 ris
536 4372 708 4443 hujus
742 4369 1277 4431 lucubratiunculas.
1300 4384 1329 4424 a
1363 4382 1470 4438 qua
1496 4371 1649 4438 prior
1680 4367 1736 4422 in
1757 4368 2068 4424 substantia

423 4457 579 4518 haud
613 4456 898 4528 dissonat,
951 4455 1130 4516 verba
1189 4454 1304 4514 huc
1357 4452 1683 4531 spectantia
1727 4452 1853 4513 hac
1881 4461 2020 4514 sunt
2046 4462 2066 4515 ':

2155 726 2299 768 sane
2349 717 2618 787 apparet,
2653 709 2764 770 etsi
2815 707 3080 786 interim,
3131 705 3289 785 quod
3352 705 3556 768 forsan
3615 708 3796 788 reipsa

2159 797 2460 870 Leontius,
2490 817 2522 857 a
2556 796 2784 858 codicis
2812 794 3215 858 Theodosiani
3243 794 3488 858 Leontio
3515 795 3792 873 diversus,

2159 904 2267 947 nec
2302 895 2497 946 tamen
2556 886 2615 946 in
2651 884 3051 946 monumentis
3104 882 3241 946 ullis
3270 884 3536 963 antiquis
3593 905 3797 947 memo-

2153 985 2340 1051 ratus,
2375 975 2680 1053 Illyricum
2713 975 2906 1036 serius
2937 973 3204 1056 prafecti
3264 991 3517 1035 munere
3545 975 3795 1037 admini-

2153 1064 2374 1138 strarit,
2399 1083 2496 1126 res
2527 1065 2922 1145 undequaque
2970 1071 3132 1126 certa
3165 1082 3280 1122 non
3312 1064 3408 1124 sit.
3449 1065 3698 1140 Verum,
3723 1074 3799 1126 ut-

2152 1172 2388 1236 cunque
2420 1155 2515 1228 sit,
2561 1173 2789 1216 sacram
2836 1154 3111 1234 equidem
3164 1151 3467 1213 Demetrio
3501 1154 3718 1228 adem,
3749 1164 3798 1216 et

2151 1243 2388 1323 quidem
2449 1261 2581 1323 qua
2612 1262 2729 1304 non
2789 1261 2984 1322 parva
3028 1242 3318 1303 duntaxat
3377 1241 3586 1318 molis,
3622 1243 3702 1303 uti
3742 1261 3800 1304 ex

2151 1333 2540 1394 Anastasiana
2589 1331 2790 1394 Sancti
2846 1334 2998 1405 Vita,
3032 1331 3094 1391 in
3146 1349 3261 1410 qua
3293 1328 3645 1392 Oratorium
3696 1342 3802 1392 tan-

2155 1421 2462 1482 tummodo
2490 1431 2749 1496 vocatur,
2788 1441 2905 1482 non
2937 1439 3114 1482 nemo
3145 1419 3295 1480 forte
3323 1420 3586 1500 colligat,
3626 1421 3800 1481 adiﬁ-

2159 1510 2320 1572 cium
2354 1519 2532 1584 esset,
2569 1511 2674 1572 sed
2708 1511 2937 1588 insigne
2973 1509 3149 1588 plane
3183 1508 3802 1588 templum,Thessalo—

2159 1599 2308 1660 nica
2325 1601 2446 1680 jam
2503 1600 2604 1662 diu
2637 1609 2772 1660 ante
2823 1600 3064 1661 Joannis
3107 1597 3670 1660 Thessalonicensis
3713 1617 3799 1660 ar-

2157 1689 2547 1768 chiepiscopi,
2581 1690 2709 1769 qui,
2747 1698 2809 1750 ut
2841 1708 3020 1769 supra
3075 1689 3272 1759 docui,
3309 1689 3533 1749 saculo
3562 1691 3799 1768 septimo

2158 1779 2378 1852 ﬂoruit,
2414 1787 2644 1840 atatem
2682 1777 2971 1839 exstitisse
3007 1797 3074 1838 ex
3137 1777 3209 1837 iis
3240 1795 3369 1857 qua
3398 1778 3498 1838 hic
3562 1779 3801 1858 scriptor

2162 1868 2462 1928 memoria
2496 1867 2689 1947 predit
2719 1867 3114 1928 indubitatum
3149 1881 3258 1928 est.

2243 1957 2337 2018 75.
2375 1956 2605 2018 Etenim
2637 1957 2696 2017 in
2741 1955 3112 2037 panegyrica,
3138 1974 3311 2035 quam
3346 1954 3720 2017 l’ral‘ationis
3745 1962 3794 2016 in

2160 2045 2400 2106 modum
2425 2046 2547 2124 (adi
2579 2065 2746 2109 num.
2780 2047 2844 2123 4)
2877 2045 3130 2106 narratis
3160 2064 3193 2106 a
3228 2063 3292 2106 se
3329 2045 3642 2107 miraculis
3666 2063 3791 2125 pra-

2161 2136 2359 2209 mittit,
2396 2136 2668 2200 oratione
2703 2135 2776 2196 de
2811 2135 3023 2214 primo,
3054 2134 3210 2214 quod
3231 2134 3480 2213 jamjam
3505 2135 3794 2216 relaturus

2157 2232 2266 2299 est,
2304 2225 2592 2287 miraculo
2646 2226 2706 2285 in
2765 2225 2973 2286 codice
3031 2224 3176 2285 olim
3225 2224 3605 2300 Mazarinao,
3638 2243 3795 2305 supra

2153 2314 2480 2393 sapissime
2505 2315 2905 2394 laudato,pag.
2929 2315 2999 2376 l7
3027 2330 3202 2376 versa
3226 2324 3284 2376 et
3312 2332 3481 2393 seqq.
3519 2313 3604 2374 ita
3632 2313 3790 2394 loqui-

2154 2410 2248 2464 tur
2279 2425 2297 2463 .‘
2332 2404 2675 2478 Ἀκούσωμεν
2723 2410 2920 2474 τοίνυν,
2956 2405 3000 2459 εἰ
3050 2402 3224 2484 δοκεῖ,
3259 2406 3393 2478 μετὰ
3421 2405 3697 2468 συντονίας
3724 2403 3795 2460 καὶ

2153 2493 2481 2559 κατανύξεως
2569 2495 2784 2572 πρώτου
2859 2492 3006 2551 τοῦδε
3087 2503 3178 2552 τοῦ
3258 2495 3554 2568 θαύματος,
3633 2495 3658 2548 ὃ
3722 2489 3794 2547 καὶ

2153 2582 2382 2646 πολλοὺς
2445 2585 2592 2657 ὑμῶν
2653 2585 2942 2657 πέπεισμαι
2995 2583 3070 2657 μὴ
3130 2583 3347 2659 ἀγνοεῖν
3408 2581 3492 2637 διὰ
3554 2585 3616 2638 τὸ
3673 2581 3794 2658 mpi-

2152 2694 2347 2750 φαντον
2418 2671 2471 2726 ἐν
2539 2671 2639 2747 ὅλῃ
2697 2678 2764 2748 τῇ
2833 2669 3127 2741 Μακεδονίᾳ
3189 2673 3274 2726 καὶ
3333 2677 3401 2745 τῇ
3454 2671 3789 2746 βασιλευούσῃ

2151 2760 2303 2816 πόλει
2362 2761 2658 2839 γεγονέναι,
2720 2761 2815 2817 καῖ
2865 2761 3029 2840 μέχρι
3085 2767 3170 2814 νῦν
3221 2759 3434 2830 ᾄδεσθαι
3488 2761 3636 2838 παρὰ
3690 2770 3785 2817 τοῖς

2149 2851 2396 2909 ἁπάντων
2472 2852 2698 2926 στόμασι
2770 2850 2970 2907 παίδων
3027 2851 3086 2905 ἐκ
3147 2849 3389 2927 πατέρων
3474 2849 3785 2928 παρειληφό-

2150 2964 2254 2996 των
2332 2943 2429 3007 τὴν
2491 2941 2686 3016 ἐναργῆ
2758 2941 2850 2996 τοῦ
2921 2941 3184 3016 μάρχυρος
3245 2940 3338 2995 καί
3402 2939 3786 3016 ἀπροσδόκητον

2149 3028 2743 3107 θαυματουργῖαν.ου33
2764 3028 2967 3090 Graca
2989 3029 3167 3090 verba
3190 3028 3267 3088 ita
3295 3036 3561 3090 sonnant
3583 3030 3784 3088 Latine:

2161 3119 2520 3179 «Audiamus
2547 3117 2810 3197 igitur,si
2849 3118 3067 3196 placet,
3102 3136 3237 3177 cum
3267 3116 3452 3176 animi
3481 3115 3788 3178 attentione

2154 3207 2330 3267 simul
2363 3216 2419 3266 et
2469 3207 2932 3287 compunctione
2965 3207 3220 3287 primum
3256 3204 3394 3266 illud
3431 3205 3784 3276 miraculum,

2155 3296 2310 3376 quod
2357 3306 2614 3358 vestrum
2651 3297 2888 3370 multos,
2923 3296 3025 3376 qui
3058 3296 3117 3356 in
3167 3302 3285 3356 tota
3316 3294 3662 3356 Macedonia
3701 3295 3789 3354 im-

2154 3393 2518 3465 peranteque
2549 3385 2784 3446 civitate
2817 3386 2920 3465 (ita
2944 3384 3132 3446 Graci
3161 3384 3492 3464 scriptores
3526 3387 3787 3448 Constan-

2151 3475 2465 3554 tinopolim
2515 3476 2730 3554 passim
2765 3474 3096 3554 appellant)
3135 3473 3509 3534 notissimum
3547 3483 3654 3548 est,
3683 3489 3787 3531 om-

2153 3563 2434 3644 niumque
2462 3583 2589 3642 ore,
2625 3584 2657 3625 e
2712 3563 2980 3645 patribus
3012 3583 3117 3643 per
3167 3563 3322 3624 ﬁlios
3357 3563 3618 3625 evidenti
3650 3563 3784 3622 inex-

2151 3661 2534 3733 spectataque
2560 3654 2829 3732 martyris
2858 3652 3172 3732 (Demetrii
3199 3651 3494 3720 videlicet;
3534 3647 3784 3712 miraculi

2152 3743 2477 3821 patratione
2505 3743 2725 3823 audita,
2766 3743 2822 3803 in
2859 3761 3120 3822 prasens
3151 3760 3338 3822 usque
3374 3758 3612 3820 tempus
3640 3738 3780 3801 cele—

2151 3830 2380 3912 bratur,
2415 3851 2531 3892 non
2564 3833 2837 3911 ignorare
2889 3833 3191 3894 existimo.
3224 3857 3250 3887 ι)
3281 3833 3344 3891 In
3399 3831 3582 3909 hujus
3609 3838 3779 3892 autem

2153 3921 2614 4001 miraculi,quod
2638 3921 3079 3986 Miraculorum
3096 3921 3461 3983 edendorum
3486 3919 3598 3984 lib.
3617 3935 3769 3996 i,cap.

2154 4011 2181 4071 1
2211 4011 2704 4090 refert,quodque
2733 4011 2808 4071 de
2833 4011 3160 4090 desperata
3190 4008 3462 4071 sanitatis
3493 4010 3768 4089 pral‘ecto,

2151 4100 2419 4161 Mariano
2492 4118 2734 4180 nempe,
2795 4099 2998 4162 Graece
3071 4103 3185 4178 περὶ
3241 4109 3334 4156 τοὺ
3390 4096 3770 4156 ἀπελπισθέντος

2155 4189 2394 4268 ἐπάρχου
2425 4188 2728 4264 inscribit,
2765 4189 3106 4250 narratione
3152 4188 3402 4267 insignis
3433 4188 3608 4267 plane
3640 4196 3768 4247 tem-

2153 4277 2256 4357 pli,
2291 4279 2448 4358 quod
2499 4279 2960 4352 Thessalonica,
2991 4279 3132 4339 dum
3167 4288 3468 4338 narratum
3530 4278 3606 4339 ab
3634 4294 3696 4338 eo
3723 4271 3768 4332 in

2153 4369 2416 4428 Mariano
2479 4368 2756 4448 prafecto
2793 4378 3126 4448 patraretur
3187 4367 3566 4444 miraculum,
3598 4370 3765 4428 sancto

2153 4456 2454 4518 Demetrio
2478 4477 2714 4519 sacrum
2749 4458 3067 4533 exstiterit,
3095 4459 3225 4520 loco
3253 4477 3370 4518 non
3403 4477 3521 4520 uno
3554 4458 3767 4518 mentio-

428 4545 716 4617 «Quidam
749 4563 887 4604 vero
914 4543 1195 4605 Leontius
1227 4542 1313 4602 vir
1345 4544 1496 4621 pius,
1535 4550 1738 4623 postea
1771 4543 2070 4621 prafectu-
2091 4533 2289 4607 Dnem
2324 4546 2487 4609 facit.
2521 4546 2721 4618 Quare
2750 4567 2884 4608 cum
2932 4547 3284 4611 miraculum
3318 4547 3479 4608 istud
3537 4547 3632 4607 diu
3659 4550 3764 4604 ante

420 4653 573 4710 ram,
609 4651 724 4714 qua
754 4634 1053 4712 Illyricum
1085 4631 1542 4706 administravit,
1567 4631 1840 4712 adeptus,
1873 4632 2072 4692 locum

423 4725 691 4804 expians,
727 4724 786 4784 in
815 4741 930 4804 quo
963 4720 1152 4784 sancti
1191 4721 1464 4800 martyris
1493 4721 1763 4801 reliquia
1793 4720 2074 4801 conquie-

421 4825 658 4890 verant,
709 4821 768 4875 et
806 4812 1124 4893 amplians,
1165 4808 1432 4873 excitavit
1483 4811 1766 4889 templum
1817 4830 1886 4871 eo
1941 4813 2072 4872 loco

427 4905 688 4984 martyri,
727 4920 1046 4964 commune
1090 4899 1563 4981 propitiatorium
1598 4910 1655 4960 et
1713 4901 2069 4979 perfugium,

418 5012 538 5054 non
562 4991 1000 5054 Thessalonica
1017 4989 1345 5064 solum,sed
1371 4997 1428 5050 et
1445 4988 1724 5050 omnibus
1741 4988 2028 5049 ﬁnitimis.
2043 5012 2065 5045 υ

418 5081 667 5163 Verum,
701 5092 762 5145 ut
813 5102 928 5163 quo
982 5090 1249 5159 tempore
1297 5078 1356 5140 id
1407 5079 1625 5141 factum
1677 5078 2074 5141 verosimilius

420 5172 600 5236 fuerit
656 5172 1033 5246 deﬁniamus,
1074 5169 1135 5230 in
1183 5168 1392 5230 codice
1440 5167 1882 5244 Theodosiano,
1933 5187 2067 5228 cum

419 5261 768 5326 Gothofredi
784 5257 1242 5324 Commentariis
1257 5276 1414 5319 anno
1430 5265 1452 5318 l
1469 5258 1588 5320 665
1602 5259 1870 5337 Lugduni
1883 5259 1974 5320 edi
1987 5266 2063 5333 to,

420 5361 563 5414 tom.
601 5350 696 5414 VI.
726 5369 853 5432 pag.
891 5350 1007 5413 369
1041 5346 1347 5420 Leontius,
1380 5349 1481 5427 qui
1526 5367 1680 5409 anno
1708 5348 1826 5409 412
1859 5357 1917 5409 et
1948 5347 2068 5408 413

418 5441 633 5520 Illyrici
697 5441 1004 5520 prafectus
1051 5436 1180 5513 fuit,
1219 5446 1605 5500 memoratur.
1674 5441 1894 5515 Quare,
1931 5457 2068 5500 cum

420 5531 704 5590 Leontius
734 5530 906 5604 alter,
937 5526 1165 5608 Illyrici
1212 5526 1549 5607 prafectus,
1586 5530 1707 5610 cui,
1736 5529 1894 5609 quod
1922 5529 2071 5591 reci-

425 5616 555 5677 tatis
608 5617 797 5678 Photii
828 5617 1040 5693 verbis.
1073 5623 1373 5694 narratur,
1407 5618 1726 5680 convenire
1776 5619 1980 5701 possit,
2013 5623 2071 5695 in

2157 4644 2386 4695 atatem
2423 4654 2586 4696 suam
2621 4636 2912 4698 accidisse
2971 4655 3078 4717 per
3107 4637 3289 4698 verba
3319 4637 3592 4717 proxime
3635 4629 3761 4694 reci-

2160 4732 2274 4784 tata
2331 4726 2614 4801 Joannes,
2675 4726 3229 4788 Thessalonicensis
3289 4726 3757 4807 archiepiscopus,

2156 4811 2630 4876 luculentissinte
2660 4815 2894 4889 deceat,
2915 4817 3351 4878 consectarium
3381 4826 3493 4891 est,
3526 4826 3587 4876 ut
3609 4823 3660 4875 et
3683 4809 3761 4870 diu

2157 4912 2292 4964 ante
2321 4904 2473 4964 hanc
2506 4923 2572 4965 ac
2598 4904 2768 4984 proin
2800 4913 2936 4965 ante
2969 4905 3248 4967 saculum
3295 4923 3421 4978 vni,
3454 4924 3571 4985 quo
3598 4921 3658 4964 ex
3683 4897 3758 4985 dif

2157 4999 2264 5053 etis
2295 4992 2346 5052 is
2374 4993 2631 5073 scriptor
2663 4995 2886 5070 ﬂoruit,
2916 4993 3356 5058 Thessalonica
3384 4984 3609 5073 ingens,
3633 4984 3757 5071 quod

2156 5092 2358 5144 sancto
2421 5083 2725 5144 Demetrio
2785 5101 3017 5146 sacrum
3080 5099 3260 5162 esset,
3325 5086 3605 5166 templum
3658 5080 3755 5158 jam

2155 5171 2335 5233 fuerit
2363 5180 2753 5234 exstructum.

2238 5263 2417 5324 76.At
2435 5263 3317 5343 vero,inquies,miraculum,in
3342 5263 3599 5326 Mariano
3624 5274 3756 5343 prwf

2152 5351 2306 5413 fecto
2341 5353 2532 5412 sancti
2578 5341 2862 5416 Demetrii
2911 5354 3237 5431 patrocinio
3292 5363 3602 5435 patratum,
3631 5341 3756 5427 apud

2155 5441 2585 5518 Mabillonium,
2615 5450 2758 5505 tom.
2794 5445 2819 5504 Ι
2858 5443 3294 5506 Analectorum
3334 5451 3619 5521 veterum,
3645 5451 3751 5519 pag-

2153 5535 2216 5592 71
2251 5547 2305 5593 et
2335 5535 2488 5594 binis
2511 5549 2672 5608 seqq.
2705 5537 2875 5592 etiam
2909 5545 3105 5594 narrat
3130 5539 3464 5598 Anastasius
3492 5528 3757 5594 Bibliothe‘

2154 5620 2652 5703 carius,tumque,
2686 5639 2822 5684 cum
2843 5620 2992 5686 illud
3026 5623 3244 5703 evenit,
3279 5624 3514 5705 insigne
3538 5621 3756 5700 Thessa;
