4056 6152
349 317 505 388 1125

1427 321 1486 388 S.
1534 317 1912 388 DEMETRII
1953 312 2351 383 MARTYRIS
2390 315 2612 386 ACTA.

3548 319 3701 386 1126

330 458 544 521 Ionicae
592 460 876 542 templum
909 468 1112 524 sancto
1153 460 1456 524 Demetrio
1499 459 1762 522 nondum
1791 457 1970 519 fuisse
1993 480 2029 517 Α
2055 455 2280 530 scribit,
2316 456 2606 518 ciborium
2641 475 2744 518 seu
2777 455 2895 536 (adi
2919 455 2990 517 ad
3024 455 3178 518 hanc
3202 473 3404 518 vocem
3431 457 3493 517 in
3523 457 3695 521 Glos-

327 562 842 635 exstructum,non
869 555 1126 617 obscure
1156 554 1370 618 innuit.
1394 555 1628 626 Fateor,
1655 553 1739 614 sic
1771 551 1970 613 habet.

325 640 558 702 Etenim
615 644 964 705 Anastasius
993 643 1124 706 loco
1183 645 1358 709 citato
1388 643 1467 705 ita
1497 642 1744 704 scribit:
1813 667 1837 696 α
1873 640 1978 702 His

326 731 505 793 dictis
535 732 850 793 confestim
887 733 1232 814 (Marianus)
1266 751 1475 795 somno
1507 731 1827 812 corripitur
1858 747 1977 809 praa

327 819 535 882 dolore
565 829 622 882 et
653 822 913 897 tristitia;
945 841 1077 902 quae
1105 841 1236 884 cum
1273 818 1978 901 obdormisset,apparuit

327 909 384 970 ei
415 909 621 972 beatus
654 911 996 973 Demetrius
1045 911 1252 973 dicens
1285 932 1300 987 ;
1333 910 1518 988 Surge
1549 917 1607 972 et
1644 909 1829 970 servis
1861 908 1978 970 tuis

326 999 748 1078 impera,quod
774 1012 832 1062 te
857 1000 1125 1062 deferant
1154 1001 1210 1062 in
1245 1001 1484 1062 domum
1517 998 1973 1068 Demetrii;nam

326 1085 680 1167 ibi.juvante
716 1090 864 1169 Deo,
899 1089 1158 1169 recipies
1187 1089 1523 1152 sanitatem.
1558 1091 1824 1167 Cumque
1849 1088 1975 1149 evi-

323 1175 520 1254 gilans
540 1177 1113 1239 acircumstantibus
1137 1179 1377 1240 domum
1400 1178 1686 1241 Demetrii
1706 1176 1979 1257 martyris

323 1265 772 1345 requireret,ait
798 1267 1038 1347 quidam
1075 1267 1218 1346 ;Est
1248 1267 1460 1328 domus
1485 1268 1765 1328 vilissima
1795 1285 1979 1346 prope

325 1356 609 1436 stadium,
644 1356 706 1416 in
729 1375 844 1436 qua
869 1357 1071 1418 dicunt
1097 1358 1301 1438 jacere
1323 1357 1710 1432 Demetrium,
1738 1359 1834 1436 qui
1864 1356 1975 1416 du-

325 1443 468 1505 dum
495 1446 715 1507 lanceis
741 1446 1088 1508 interfectus
1114 1448 1386 1526 estjussu
1408 1446 1748 1510 Maximiani
1779 1447 1976 1526 impe-

321 1535 562 1597 ratoris.
591 1532 742 1597 Tum
780 1535 926 1598 ille:
962 1535 1108 1597 Illuc
1142 1555 1236 1598 me
1266 1536 1436 1612 ferte,
1473 1537 1612 1617 quia
1640 1535 1700 1596 in
1724 1535 1850 1596 visu
1883 1535 1962 1595 div

323 1631 484 1683 ctum
519 1632 606 1684 est
637 1623 806 1698 mihi,
833 1623 961 1685 illic
995 1627 1309 1687 sanitatem
1346 1644 1440 1686 me
1471 1643 1647 1706 posse
1679 1626 1972 1704 recipere.

324 1709 492 1773 Tunc
542 1712 746 1774 famuli
775 1713 1042 1775 tulerunt
1086 1715 1392 1775 dominum
1447 1733 1645 1789 suum,
1679 1714 1780 1774 ubi
1824 1714 1976 1793 jussi

321 1801 589 1892 fuerant,
617 1803 876 1882 etjussit
929 1821 996 1865 se
1044 1822 1268 1883 ponere
1324 1804 1699 1892 solummodo
1734 1803 1793 1863 in
1822 1802 1978 1883 pavi-
2003 1842 2038 1892 Β

320 1890 820 1972 mento.Cumque
845 1894 1338 1972 jaceret,sommo
1364 1892 1562 1954 subito
1584 1891 1886 1970 arripitur,
1919 1900 1978 1953 et

329 1995 471 2039 ecce
501 1977 711 2041 beatus
743 1981 1084 2042 Demetrius
1107 1982 1322 2043 iterum
1355 1983 1624 2060 apparuit
1655 1980 1709 2041 ei
1743 1981 1971 2042 dicens:

320 2065 435 2128 Per
463 2085 560 2129 me
589 2069 785 2130 sanari
817 2077 1010 2148 potes,
1039 2071 1145 2132 sed
1173 2070 1340 2145 time,
1378 2090 1450 2131 ne
1475 2070 1624 2131 forte
1654 2077 1784 2149 post
1813 2071 1975 2130 sani-

324 2164 504 2218 tatem
527 2159 688 2220 curis
712 2158 890 2237 hujus
915 2159 1124 2220 mundi
1148 2168 1204 2221 te
1226 2160 1605 2239 implices.At
1635 2159 1971 2220 Marianas:

319 2243 408 2306 Tu
467 2247 603 2322 scis,
659 2247 926 2318 domine,
965 2248 1105 2324 quia
1163 2267 1462 2328 nunquam
1526 2249 1639 2309 hoc
1697 2249 1809 2326 egi,
1866 2265 1973 2308 nec

319 2353 496 2413 agere
529 2336 722 2414 cupio.
761 2335 831 2396 Et
861 2337 962 2398 ille
992 2358 1005 2399 :
1041 2336 1306 2398 Christus
1341 2346 1396 2399 te
1429 2348 1616 2418 sanat,
1655 2337 1753 2416 qui
1803 2337 1976 2415 erigit

319 2424 522 2486 elisos.
561 2424 632 2485 Et
661 2426 943 2504 evigilans
973 2425 1271 2488 Marianus
1303 2428 1480 2506 erepit
1521 2444 1762 2487 narrare
1793 2426 1973 2486 visio-

317 2531 484 2587 nem,
519 2532 776 2594 cumque
805 2515 876 2575 ad
912 2515 1024 2575 hoc
1060 2525 1296 2576 ventum
1353 2515 1588 2592 fuisset,
1624 2515 1724 2575 ubi
1759 2524 1977 2596 martyr

317 2603 472 2663 dixit
509 2621 522 2665 :
554 2603 823 2664 Christus
875 2612 933 2664 te
973 2615 1164 2676 sanat,
1202 2605 1304 2685 qui
1359 2605 1531 2683 erigit
1562 2605 1762 2681 elisos,
1794 2623 1976 2665 sanus

320 2693 821 2772 surrexitgratias
851 2711 1031 2772 agens
1064 2693 1184 2756 Deo
1217 2714 1348 2755 cum
1383 2693 1686 2774 omnibus,
1723 2695 1824 2774 qui
1857 2694 1977 2755 illic

314 2781 585 2844 aderant.
611 2806 637 2838 »
671 2784 818 2843 Cum
841 2791 1039 2844 autem
1089 2782 1375 2844 Demetrii
1409 2783 1679 2862 martyris
1711 2783 1975 2858 domum,

2059 545 2214 606 sario
2263 548 2574 626 Cangium)
2607 547 2882 609 eductum
2935 545 2992 605 in
3028 547 3375 622 fastigiatam
3421 547 3694 625 formam,

2059 633 2170 693 sub
2190 653 2305 714 quo
2329 635 2514 697 sancti
2543 635 2826 697 Demetrii
2857 653 3072 715 corpus
3098 635 3467 696 reconditum
3496 637 3699 716 jacere

2059 723 2433 795 credebatur,
2457 726 2658 786 altaris
2680 724 3089 786 umbraculum
3123 743 3185 786 ex
3214 733 3459 803 argento
3489 727 3696 789 confe-

2060 819 2218 872 ctum
2253 813 2562 875 extititisse
2592 813 2815 874 scribit.
2852 812 3004 885 Quin
3029 830 3164 873 vero
3188 813 3603 886 existimet,vel
3639 817 3699 877 in

2060 899 2579 964 Thessalonicensi
2633 905 2780 974 mde,
2827 921 3024 964 sacras
3074 903 3358 964 Demetrii
3416 903 3702 984 reliquias

2060 991 2432 1067 continente,
2464 1000 2520 1053 in
2556 1011 2728 1071 quam
2761 991 3057 1053 Marianus
3087 990 3284 1053 illatus
3317 991 3446 1072 fuit,
3473 995 3697 1072 pretio-

2061 1097 2192 1140 sum
2217 1080 2558 1159 hujusmodi
2582 1091 2993 1143 ornamentum
3019 1080 3278 1142 fuiurum
3308 1081 3700 1154 fuisse,velde

2063 1189 2122 1228 ea
2146 1173 2416 1230 Joannem
2441 1175 3012 1231 Thessalonicensem
3042 1184 3152 1229 tam
3186 1174 3594 1244 magniﬁce,uti
3628 1191 3700 1233 ex

2061 1257 2234 1318 dictis
2258 1257 2786 1332 facit,locuturum,
2817 1257 2865 1317 si
2897 1257 3028 1317 vilis
3049 1257 3353 1333 duntaxat,
3383 1257 3505 1318 imo
3535 1259 3696 1321 vilis-

2060 1346 2232 1425 sima,
2269 1347 2458 1427 qualis
2486 1351 2780 1408 exstitisse
2813 1346 2884 1409 ab
2919 1346 3232 1408 Anastasio
3264 1346 3550 1422 innuitur,
3589 1348 3699 1410 do-

2063 1453 2190 1496 mus
2214 1435 2467 1498 fuisset?
2497 1439 2622 1496 Jam
2657 1454 2793 1497 vero
2826 1454 2960 1496 cum
2990 1436 3112 1496 hanc
3142 1434 3222 1495 ita
3243 1434 3518 1511 habeant,
3557 1437 3701 1516 quin

2054 1525 2180 1604 jam
2233 1533 2377 1598 tum,
2411 1544 2544 1586 cum
2605 1534 2896 1605 patratum
2963 1525 3023 1584 in
3054 1523 3313 1585 Mariano
3349 1525 3701 1588 miraculum

2060 1613 2296 1686 accidit,
2330 1613 2559 1693 insigne
2584 1615 3109 1694 templum,sancto
3134 1612 3433 1675 Demetrio
3465 1631 3700 1677 sacrum

2061 1701 2502 1764 Thessalonicae
2534 1702 2848 1775 exstiterit,
2888 1702 3279 1763 dubitandum
3321 1721 3438 1764 non
3469 1712 3576 1764 est.

2149 1794 2218 1853 78
2251 1792 2310 1854 Id
2336 1811 2508 1873 porro
2535 1811 2566 1853 e
2589 1790 2818 1853 Joanne
2848 1791 3706 1868 Stauracio,'l‘hessalonicensi

2061 1882 2536 1964 chartophylace,
2595 1882 2700 1959 qui
2753 1882 3126 1962 quandonam
3187 1882 3476 1961 ﬂoruerit,
3525 1902 3707 1960 supra

2059 1972 2296 2052 edocui,
2332 1980 2635 2052 utcunque
2667 1972 3078 2032 confirmatur.
3113 1969 3348 2030 Etenim
3381 1980 3440 2033 et
3473 1972 3568 2032 hic
3597 1973 3703 2034 mi-

2059 2061 2328 2124 raculum
2361 2061 2418 2121 in
2450 2062 2716 2123 Mariano
2747 2068 3034 2139 patratum
3070 2058 3131 2118 in
3164 2077 3328 2118 suam
3365 2077 3544 2139 supra
3576 2078 3706 2121 me—

2063 2159 2346 2214 moratam
2375 2151 2448 2210 de
2480 2150 2666 2212 sancti
2693 2150 2977 2211 Demetrii
3005 2149 3310 2210 miraculis
3338 2148 3701 2210 lucubratio-

2059 2257 2195 2299 nem
2220 2239 2443 2317 intulit,
2477 2237 2822 2317 ibidemque
2845 2237 2903 2296 in
2933 2237 3141 2297 codice
3164 2245 3364 2297 nostro
3395 2236 3624 2315 signato
3655 2237 3705 2316 -ιι

2061 2347 2169 2390 ms.
2206 2311 2320 2388 193
2339 2327 2529 2389 sancti
2549 2311 2836 2389 Demetrii
2856 2327 3066 2406 aedem,
3091 2327 3151 2386 in
3183 2343 3357 2403 quam
3385 2311 3702 2403 Marianus,

2059 2418 2291 2479 sanitati
2320 2417 2752 2492 restituendus,
2790 2417 2896 2476 fuit
2919 2416 3173 2490 delatus,
3199 2417 3486 2494 ἀνάκτορον
3514 2418 3706 2478 azdem

2059 2511 2292 2588 regiam
2336 2527 2440 2568 seu
2471 2506 2782 2570 basilicam
2812 2506 3094 2586 appellat.
3135 2505 3247 2566 Nec
3297 2513 3380 2580 ut,
3407 2507 3562 2585 quod
3595 2522 3707 2567 nos

2061 2600 2152 2660 his
2187 2597 2432 2659 multum
2469 2605 2700 2658 moveat
2723 2594 3017 2658 Anastasii
3051 2594 3465 2656 Bibliothecari
3496 2602 3706 2656 aucto-

2060 2687 2466 2749 ritasEtenim
2499 2686 2926 2766 interpretatio,
2954 2704 3067 2764 qua
3088 2685 3162 2758 is,
3187 2701 3321 2760 qum
3342 2685 3413 2745 ad
3437 2693 3704 2746 sanctum

2065 2777 2423 2839 Demetrium
2447 2776 2601 2856 apud
2625 2775 3028 2837 Mabillonium
3051 2775 3226 2835 tom.l
3264 2774 3529 2834 Veterum
3556 2791 3710 2836 ana-

318 2870 384 2932 in
415 2890 533 2948 qua
552 2869 754 2934 Sancti
790 2879 972 2933 nostri
1005 2891 1243 2952 corpus,
1277 2891 1411 2934 eum
1443 2873 1674 2934 delatus
1698 2872 1769 2933 ad
1802 2873 1960 2934 illam
2049 2872 2504 2945 lectorum,pag.
2533 2866 2612 2925 65
2635 2877 2694 2927 et
2717 2864 2985 2945 pluribus
3008 2881 3205 2944 seqq.,
3233 2869 3569 2952 spectant,e
3594 2863 3708 2924 liu-

320 2959 616 3023 Marianus
645 2961 954 3023 sanitatem
991 2961 1169 3041 hujus
1200 2961 1534 3041 patrocinio
1567 2962 1961 3040 recuperavit,

2052 2975 2164 3038 gua
2215 2957 2423 3017 Graeca
2471 2956 2533 3016 in
2584 2955 2846 3016 Latinam
2905 2952 3214 3028 convertit,
3251 2951 3412 3012 omni
3461 2971 3708 3032 prorsus

315 3049 554 3128 jacebat
583 3050 959 3112 reconditum
1020 3051 1376 3112 vilissimum
1408 3051 1502 3111 hic
1545 3049 1825 3130 appellet,
1855 3070 1965 3112 nec
2047 3045 2264 3108 mendo
2285 3045 2661 3108 siveinterim
2687 3045 2744 3104 id
2779 3045 3027 3104 incuriae
3056 3041 3438 3122 imperitimve
3468 3042 3696 3122 ipsius-

321 3146 444 3198 tum
493 3138 928 3200 Thessalonicae
975 3138 1187 3200 domus
1243 3140 1378 3214 alia,
1413 3149 1616 3200 sancto
1665 3138 1964 3202 Demetrio

320 3226 563 3308 martyri
592 3246 786 3308 sacra,
822 3245 998 3307 quam
1031 3227 1092 3288 in
1124 3246 1240 3304 qua
1272 3246 1506 3290 socrum
1555 3229 1732 3307 hujus
1762 3247 1977 3310 corpus

313 3317 561 3398 jacebat
592 3317 992 3391 reconditum,
1031 3317 1340 3393 exstiterit,
1376 3318 1609 3398 insigne
1649 3336 1792 3380 sane
1824 3327 1977 3381 tem-

322 3405 513 3487 plum,
548 3407 704 3487 quod
739 3404 1043 3469 Demetrio
1081 3425 1312 3468 sacrum
1341 3417 1522 3487 esset,
1544 3409 1980 3470 Thessalonicae

318 3495 581 3558 rondum
640 3495 825 3557 fuisse
885 3505 1025 3557 tunc
1087 3503 1481 3571 exstructum,
1517 3498 1574 3556 in
1638 3497 1979 3560 narratione

321 3586 437 3647 huc
471 3585 852 3665 transcripta,
881 3584 943 3646 in
965 3604 1079 3666 qua
1110 3595 1421 3666 praeterea,
1447 3605 1622 3666 quam
1655 3587 1831 3666 longa
1862 3595 1972 3663 est,

317 3675 464 3736 nihil
514 3675 686 3753 plane
717 3675 874 3736 unde
906 3675 1067 3736 aliud
1099 3677 1404 3756 suspicere
1433 3675 1799 3756 suppeditat,
1835 3679 1978 3738 satis

321 3770 530 3845 aperte
558 3762 806 3825 indicat.

403 3851 501 3914 Ἤ.
559 3855 780 3918 Verum
814 3852 1072 3934 ipsemet
1104 3855 1386 3934 Joannes,
1419 3853 1979 3916 Thessalonicensis

322 3948 816 4018 archiepiscopus,
841 3950 939 4019 qui
974 3949 1316 4005 miraculum
1348 3949 1495 4006 istud
1528 3949 1729 4007 litteris
1761 3951 1980 4020 primus

322 4031 644 4106 mandavit,
672 4032 1120 4094 Miraculorum
1150 4033 1519 4094 edendorum
1552 4033 1655 4093 lib.
1687 4051 1729 4108 ι,
1763 4051 1892 4113 cap.
1919 4038 1978 4108 1,

323 4119 919 4185 Thessalonicensem
948 4122 1137 4184 sancti
1161 4121 1447 4184 Demetrii
1479 4123 1690 4197 aedem,
1723 4122 1860 4182 dum
1882 4124 1980 4202 qui

327 4212 388 4272 in
422 4211 580 4273 hunc
611 4211 936 4274 Marianum
972 4211 1303 4290 patrocinio
1330 4213 1519 4273 sancti
1542 4211 1853 4292 Demetrii,
1881 4213 1982 4292 qui

323 4301 383 4364 ei
430 4302 492 4362 in
552 4301 780 4363 somnis
820 4311 1196 4382 apparuerat,
1241 4300 1477 4362 sanitati
1537 4301 1976 4362 restituendum

327 4391 493 4454 servi
515 4390 846 4464 intulerint,
876 4391 1179 4451 memoriae
1210 4391 1427 4471 prodit,
1453 4393 1797 4448 Πάνασεπτον
1830 4394 1975 4465 ναὸν,

336 4485 642 4556 «templum
673 4487 922 4541 maxime
952 4488 1372 4541 venerandum»
1435 4484 1701 4556 appellat,
1734 4499 1982 4557 moxque

2062 3145 2182 3198 met
2213 3135 2389 3214 hujus
2420 3133 2883 3213 scriptoris,sive
2905 3131 3116 3210 Graeci,
3143 3129 3302 3210 quod
3326 3131 3463 3192 huic
3486 3131 3710 3211 praelu~

2061 3226 2233 3299 xerit,
2257 3222 2611 3303 exemplaris
2631 3221 2886 3284 delectui
2918 3219 3340 3282 ascribendum
3367 3220 3463 3297 sit,
3498 3238 3708 3282 carere

2062 3333 2180 3376 non
2210 3312 2462 3375 videtur.
2499 3311 2644 3373 Rem
2670 3329 2788 3373 uno
2818 3311 3081 3372 alterove
3101 3309 3373 3389 exemplo
3401 3310 3706 3390 probatam

2062 3404 2162 3466 do.
2197 3410 2422 3464 Auctor
2441 3401 2899 3482 auonymus,qui
2925 3398 3129 3462 Sancti
3153 3399 3340 3461 nostri
3369 3398 3564 3460 Vitam
3598 3417 3708 3461 seu

2062 3491 2708 3572 Passionem,secundo
2731 3491 2862 3551 loco
2885 3509 2918 3551 a
2938 3489 3110 3550 nobis
3135 3488 3710 3562 edendsm,concin—

2060 3583 2241 3655 navit,
2267 3589 2502 3642 narrato
2527 3579 2810 3642 Demetrii
2846 3579 3148 3658 martyrio,
3183 3578 3364 3637 fuisse
3397 3577 3560 3636 illum
3593 3577 3702 3638 sub

2060 3680 2296 3752 aggesta
2325 3671 2506 3731 humo
2529 3687 2560 3730 a
2582 3668 2936 3731 Christianis
2961 3665 3314 3746 quibusdam
3349 3665 3702 3727 tumulatum
3789 3671 3794 3673 ’

2061 3762 2340 3833 affirmat,
2371 3778 2443 3820 ac
2473 3759 2695 3820 deinde
2725 3757 3035 3836 subjungit
3069 3773 3082 3816 :
3118 3754 3295 3813 Οὒδενὶ
3325 3753 3376 3810 δὲ
3409 3758 3546 3830 μετὰ
3591 3759 3711 3813 τοῦ-

2059 3873 2124 3907 “cz
2181 3853 2389 3929 φροντὶς
2444 3850 2654 3927 ἐγένετο
2713 3860 2996 3924 μετεγκεϊν
3051 3848 3114 3901 τὸ
3175 3851 3329 3920 σῶμα
3382 3852 3474 3901 τοῦ
3533 3847 3702 3926 ἁγίου,

2063 3939 2186 3996 ἀλλ’
2244 3939 2448 4015 ἔμεινεν
2506 3938 2590 3995 ἐπὶ
2639 3940 2949 4018 σχήματος.
3021 3933 3200 3995 Hisce
3245 3941 3440 3995 autem
3487 3933 3708 3998 Graecis

2064 4028 2260 4091 verbis
2309 4027 2624 4108 sequentia
2654 4027 2858 4087 isthaac
2904 4026 3060 4105 apud
3107 4023 3507 4086 Mabillonium
3559 4033 3704 4090 tom.

2065 4121 2494 4182 Analectorum
2521 4125 2791 4179 ceterum
2813 4115 2913 4176 cit.
2942 4133 3073 4194 pag.
3105 4115 3271 4190 70,in
3301 4115 3500 4178 Sancti
3519 4117 3710 4176 nostri

2066 4209 2199 4270 Vita
2246 4226 2356 4270 seu
2387 4207 2692 4278 Passione,
2725 4205 2799 4266 ab
2857 4205 3165 4267 Anastasio
3219 4203 3422 4264 Latine
3449 4205 3705 4278 reddita,

2063 4299 2430 4378 respondent
2465 4316 2480 4358 :
2547 4319 2573 4350 α
2608 4293 2766 4356 Nulli
2818 4309 3016 4356 autem
3051 4302 3181 4373 post
3231 4293 3357 4354 haec
3388 4311 3545 4354 cura;
3601 4292 3710 4354 fuit

2067 4386 2387 4448 transferre
2417 4384 2836 4465 corpusculum
2871 4381 3095 4457 Sancti,
3130 4381 3234 4443 sed
3294 4380 3569 4442 manebat
3598 4381 3708 4442 sub

2067 4478 2260 4556 signo,
2299 4499 2321 4533 ι)
2363 4474 2433 4540 At
2464 4493 2769 4549 vero,cum
2805 4473 2900 4533 hic
2932 4473 3217 4533 duntaxat
3241 4469 3442 4533 Sancti
3467 4489 3705 4552 corpus,

329 4570 652 4641 sequentia,
679 4583 807 4640 qua:
827 4569 1016 4626 addita
1051 4570 1522 4638 interpretatione
1542 4569 1764 4634 Latina,
1790 4581 1984 4628 trans-
2006 4567 2228 4646 unod
2259 4567 2369 4626 sub
2400 4571 2641 4643 aggesta
2674 4565 2857 4625 humo
2891 4562 3243 4624 tumulatum
3291 4561 3504 4642 fuerat,
3537 4580 3711 4624 man-

328 4654 550 4731 scriho,
584 4655 765 4718 verba
795 4654 1108 4733 subjungit
1143 4674 1157 4716 :
1221 4653 1278 4711 ’0
1311 4654 1363 4710 δὲ
1417 4655 1686 4736 εἰσελθὼν,
1720 4658 1806 4712 καὶ
1860 4655 1982 4713 ἰδὼν

327 4748 428 4814 τὴν
473 4745 791 4825 εὐπρέπειαν
849 4751 944 4801 τοῦ
1002 4743 1155 4800 οἴκου
1212 4745 1310 4799 καῖ
1367 4746 1463 4813 τὴν
1520 4747 1574 4800 ἑν
1631 4749 1771 4816 αὐτῷ
1822 4768 1982 4803 πνευ-

329 4838 564 4906 ματικὴν
618 4833 860 4909 εὐωδίαν,
893 4833 994 4901 τὴν
1050 4834 1342 4912 τρέφουσαν
1384 4833 1478 4897 τοὶς
1538 4836 1716 4914 ψυχὰς
1745 4842 1852 4892 τῶν
1898 4859 1986 4892 πι-

327 4929 495 5003 στῶν,
559 4924 632 4989 ὡς
698 4927 726 4980 ὁ
786 4923 1107 5002 παράδεισος
1165 4926 1257 4980 τοῦ
1320 4927 1468 4998 Θεοῦ,
1527 4925 1653 4981 εἷπε
1710 4939 1827 4990 τοῖς
1883 4927 1985 5002 βα-

327 5017 609 5086 στάζουσιν
659 5016 816 5074 αὒτὸν
868 5015 1122 5087 οἰκέταις,
1155 5014 1368 5090 Ῥίψοιτὲ
1427 5035 1495 5090 με
1549 5013 1762 5072 πλωτὸν
1793 5017 1866 5078 εἰς
1926 5019 1986 5072 τὸ

329 5103 548 5183 ἔδαφος.
589 5125 612 5160 ι
647 5101 755 5166 Hic
800 5109 995 5165 autem
1034 5101 1356 5183 (Marianus
1391 5102 1632 5184 nempe)
1668 5122 1801 5164 cum
1842 5103 1984 5181 (De-

333 5192 534 5254 metrii
559 5191 1183 5273 templumjingressus
1207 5201 1389 5274 esset,
1412 5193 1678 5273 aedisque
1709 5202 1982 5256 ornatum

331 5301 405 5345 ac
435 5281 807 5363 spiritualem
832 5281 1126 5363 illius,qui
1150 5281 1416 5342 fidelium
1438 5282 1858 5355 animas,velut
1879 5282 1984 5345 Dei

333 5370 664 5453 paradisus,
697 5370 800 5432 alit
853 5369 1099 5432 odorem
1132 5370 1552 5451 comperisset,
1584 5371 1656 5432 iis
1683 5372 1784 5451 qui
1814 5370 1982 5432 illum

331 5460 602 5524 ferebant
635 5459 980 5521 domesticis
1024 5459 1194 5521 dixit:
1217 5457 1283 5519 In
1318 5460 1477 5520 nudo
1525 5461 1857 5540 pavimento
1889 5479 1984 5523 me

333 5550 676 5631 deponite.)
712 5548 935 5611 Adhaac
964 5549 1025 5610 in
1055 5548 1345 5611 Demetrii
1374 5549 1524 5627 aede,
1557 5549 1618 5611 in
1640 5568 1820 5631 quam
1852 5551 1981 5614 Ma-

331 5641 598 5723 rianum,
630 5637 868 5702 sanitati
928 5638 1390 5718 restituendum,
1421 5659 1458 5702 a
1510 5639 1697 5704 servis
1752 5640 1980 5708 illatum

2066 4657 2214 4718 sisse
2263 4653 2374 4715 sub
2407 4654 2518 4715 hac
2548 4655 2841 4734 sepultum
2868 4652 3187 4732 significari
3240 4670 3273 4713 e
3302 4669 3515 4714 sensus
3572 4671 3711 4714 con-

2067 4753 2224 4806 textu
2253 4749 2532 4823 patescat,
2561 4743 2694 4802 voci
2725 4741 2972 4822 ultimae,
3008 4761 3139 4822 quae
3165 4741 3223 4802 in
3255 4741 3519 4804 recitatis
3559 4744 3712 4803 Ausa

2068 4834 2228 4896 stasii
2263 4831 2455 4894 verbis
2485 4835 2762 4904 occurrit,
2797 4831 3149 4891 vocabulum
3201 4840 3360 4892 terra
3391 4849 3498 4892 seu
3529 4833 3712 4894 Immo

2069 4921 2548 4985 substituendum
2583 4929 2744 5001 puto.
2811 4921 2930 4980 Vox
2963 4919 3204 4999 quidem
3237 4922 3548 4999 σχήματος,
3581 4938 3714 4999 quas

2069 5013 2277 5076 Latine
2308 5012 2509 5073 forsan
2537 5027 2642 5088 per
2664 5027 2863 5070 vocem
2896 5013 3140 5086 signum
3163 5027 3283 5070 non
3313 5009 3510 5086 inepte
3538 5009 3714 5071 reddi

2069 5101 2353 5180 potest,in
2376 5101 2646 5180 proxime
2662 5097 2929 5159 recitatis
2947 5098 3256 5177 biographi
3275 5099 3551 5177 anonymi
3573 5116 3714 5160 ver-

2066 5192 2160 5253 bis
2193 5191 2453 5272 ponitur.
2487 5187 2708 5250 Verum
2741 5187 2815 5248 ob
2841 5187 2963 5266 jam
2998 5187 3240 5262 dictam,
3275 5205 3407 5267 quae
3435 5206 3469 5248 a
3498 5205 3712 5249 sensus

2065 5289 2340 5344 contextu
2371 5277 2687 5360 repetitur,
2713 5295 2948 5338 causam
2977 5295 3288 5356 perperam
3309 5276 3470 5338 illam
3501 5277 3576 5337 ibi
3604 5295 3710 5357 pro

2066 5389 2208 5433 voce
2241 5370 2521 5451 χώματος,
2549 5385 2681 5448 quas
2702 5368 2948 5429 humum
2971 5384 3077 5428 seu
3099 5366 3277 5427 etiam
3303 5364 3600 5428 tumulum
3621 5365 3710 5428 si-

2067 5461 2325 5542 gnificat,
2352 5455 2815 5520 describentium
2839 5456 3070 5517 incuria
3097 5455 3478 5517 oscitantiave
3509 5474 3712 5518 exara-

2067 5561 2182 5615 tam
2235 5549 2508 5611 existimo
2544 5570 2560 5626 ;
2607 5556 2692 5623 ut,
2729 5546 2994 5627 quamvis
3023 5545 3264 5626 quidem
3322 5552 3584 5608 erratum
3614 5546 3713 5609 hic

2062 5641 2266 5724 cubet,
2283 5638 2343 5701 id
2376 5645 2577 5702 tamen
2608 5655 2727 5702 non
2747 5636 3083 5719 Anastasio,
3104 5635 3212 5702 sed
3238 5633 3468 5716 Grmco,
3492 5655 3607 5720 quo
3637 5635 3712 5704 ad
