4020 6132
467 277 618 346 1127
1820 278 2467 347 SUPPLEMENTUM.
3675 293 3788 359 1128

462 415 798 478 versionem
842 433 1005 477 suam
1061 413 1468 477 adornandant
1506 433 1644 476 usus
1701 414 1792 475 hic
1838 416 2154 497 scriptura
2178 433 2356 496 porro
2389 413 2926 480 Thessalonicensc
2977 419 3180 482 Sancti
3215 421 3504 500 templum
3533 423 3680 484 inter
3717 445 3792 486 or-

464 515 576 576 est.
608 505 958 568 amanuensi
985 503 1162 566 debet
1190 503 1450 566 attribui.
2186 513 2466 566 namenta
2496 521 2607 565 sua
2639 523 2756 566 non
2791 512 3014 568 tantum
3044 508 3200 589 quod
3238 509 3360 588 jam
3393 528 3580 590 supra
3605 529 3795 576 memo-

544 597 644 661 79.
678 597 896 657 Verum
941 613 1014 654 en
1049 613 1208 654 nunc
1237 594 1440 665 etiam,
1471 593 1626 675 quod
1661 594 2103 658 verosimillime
2183 591 2305 654 ravi
2339 591 2628 655 cibarium
2660 612 2767 654 seu
2795 593 3003 660 forma:
3032 596 3336 676 fastigiataa
3353 599 3558 660 altaris
3587 601 3796 663 umbra-

462 704 583 748 non
617 685 689 747 ab
715 685 1034 764 alio,quam
1055 683 1132 743 ob
1157 683 1267 744 hoc
1292 683 1620 763 profectum
1646 693 1757 756 est,
1780 703 2103 747 occurrens
2186 680 2488 754 culum,ex
2517 691 2761 762 argento
2777 685 3290 761 confectum,tunc
3303 687 3797 767 complectebatur,

459 775 522 838 in
556 775 829 837 versione
850 772 1050 834 Latina
1077 773 1377 834 mendum.
1405 774 2102 854 Joannes,archiepisco-
2186 789 2388 832 verum
2417 772 2592 834 etiam
2629 771 2898 834 fortassis
2932 774 3237 852 thronum,
3264 795 3335 836 ex
3361 778 3580 838 eodem
3601 781 3799 841 metallo

460 883 569 946 pus
619 861 1189 941 Thessalonicensis,
1243 861 1676 924 Miraculorum
1729 863 2094 924 edendorum
2179 868 2604 922 constructum.
2641 859 2766 924 Hoc
2799 870 2963 924 certe
3006 874 3359 926 ornamento
3391 884 3629 927 sacrum
3676 867 3800 930 istud

459 951 1268 1032 lib.t,cap.3,visionem,qua
1288 951 1864 1013 sanctusDemetrius
1880 951 2094 1013 civitati
2178 948 2493 1010 aediﬁcium
2538 950 2662 1028 jam
2699 950 2841 1012 inde
2873 969 2905 1012 a
2936 953 3153 1014 smculo
3209 961 3376 1016 sexto
3408 963 3515 1015 aut
3546 955 3738 1017 saitem
3777 977 3802 1019 a

456 1039 1159 1114 Thessalonicensi,fame
1187 1059 1363 1120 quam
1398 1041 1651 1102 maxime
1682 1059 1923 1121 pressae,
1952 1060 2092 1102 suc-
2178 1039 2479 1117 sequentis
2513 1039 2681 1100 initio
2709 1040 2951 1102 ditatem
2979 1040 3365 1122 fuisse,lidem
3399 1043 3545 1104 facit
3579 1047 3799 1106 Miracu-

454 1150 760 1206 cursurus,
795 1129 922 1191 viro
968 1129 1202 1191 cuidam
1236 1130 1420 1210 probo
1455 1133 1514 1190 in
1546 1130 1740 1192 insula
1787 1131 1931 1193 Chio
1961 1149 2094 1193 sese
2176 1125 2370 1188 lorum
2395 1126 2758 1189 edendorum
2783 1127 2883 1190 lih.
2913 1146 2949 1203 ι,
2985 1148 3112 1210 cap.
3141 1129 3200 1193 6.
3233 1131 3323 1194 Ibi
3354 1133 3520 1193 enim
3546 1131 3800 1213 Joannes,

454 1219 842 1302 Spectandum
869 1219 1126 1300 dederit,
1151 1228 1387 1280 enarrat
1417 1237 1486 1281 ac
1517 1219 1738 1282 deinde
1767 1219 2090 1300 subjungit:
2176 1213 2733 1278 Thessalonicensis
2757 1219 3267 1300 archiepiscOpus,
3305 1222 3718 1282 miraculcsam
3747 1223 3802 1283 de

451 1312 512 1368 Ὀ
571 1309 624 1366 δὲ
674 1309 950 1374 διανοστὰς
982 1311 1068 1366 καὶ
1125 1309 1399 1386 πορευθεὶς
1432 1309 1523 1365 Eni
1576 1312 1638 1366 τὸ
1669 1314 1952 1389 μαρτύριον
2003 1333 2038 1365 τι

2213 1314 2382 1366 ancto
2409 1304 2712 1368 Demetrio
2736 1308 3303 1390 narrationem,qoaa
3329 1309 3403 1371 ad
3427 1309 3694 1386 Eusebli,
3715 1315 3800 1372 sub

454 1399 764 1458 καλλινὶκου
815 1401 1072 1478 μάρτυρος
1124 1397 1411 1477 Ἰσιδώρου,
1458 1399 1680 1478 ὀφείλων
1728 1399 2041 1476 ἀκριϐέστερς

2212 1396 2449 1456 lauritio
2509 1397 2870 1476 imperatore
2927 1417 3084 1460 anno
3129 1399 3245 1462 602
3303 1417 3336 1460 e
3388 1399 3543 1461 vivis
3601 1410 3799 1481 erepto,

454 1493 783 1565 καταμαθεῖν
854 1489 960 1545 ἀπὸ
1028 1495 1132 1545 τῶν
1191 1491 1470 1566 ἐγχωρίων
1540 1490 1618 1552 τίς
1695 1492 1721 1545 ὁ
1785 1493 2041 1566 Δημήτριε

2212 1481 2735 1547 ῗὴθεεειοηίεθηείε
2793 1487 3231 1569 archiepiscopi
3285 1497 3521 1550 aetatem
3584 1499 3799 1569 spectat,

453 1580 627 1642 οὗτος.
682 1578 860 1640 Hisce
888 1582 1086 1640 autem
1120 1575 1341 1640 Graecis
1382 1578 1578 1638 verbis
1608 1577 1766 1657 apud
1823 1578 2092 1640 Mabillo-
2177 1574 2544 1654 suppeditat,
2604 1576 2995 1654 argenteique
3069 1577 3290 1658 throni,
3347 1579 3451 1658 qui
3525 1578 3803 1658 archiepi-

451 1667 614 1728 nium
660 1675 809 1729 tom.
869 1665 1292 1728 Analectorum
1352 1666 1570 1746 saepius
1616 1667 1744 1739 cit.,
1797 1684 1927 1746 pag.
1990 1668 2092 1747 81,
2177 1679 2362 1741 scopo
2424 1666 2531 1724 hoc
2563 1663 2796 1726 vivente
2857 1666 2914 1724 in
2969 1664 3498 1728 Thessalonicensi
3552 1667 3806 1729 Demetrii

448 1759 757 1838 sequentia
801 1754 1004 1817 isthaac
1035 1754 1422 1818 Anastasiana
1465 1754 1833 1835 respondent
1868 1777 1882 1819 :
1923 1779 1944 1811 α
1981 1756 2092 1828 Qui
2121 1751 2436 1843 I,ecclesia
2495 1754 2811 1830 exstiterit,
2850 1756 3212 1816 mentionem
3275 1756 3432 1818 facit.
3468 1763 3662 1837 Atque
3705 1757 3807 1818 haec

448 1846 556 1923 (vir
579 1847 826 1922 scilicet,
861 1846 957 1906 cui
986 1845 1048 1906 in
1078 1845 1268 1906 insula
1307 1845 1452 1908 Chio
1482 1851 1721 1906 sanctus
1756 1844 2094 1908 Demetrius
2121 1839 2148 1843 ⁷
2177 1839 2418 1919 quidem
2453 1852 2826 1917 ornamenta,
2861 1845 3078 1923 quibus
3108 1843 3309 1906 Sancti
3338 1845 3679 1922 ecclesiam,
3707 1846 3804 1907 imo

447 1936 828 2016 apparuerat)
857 1953 1104 2014 surgens
1129 1935 1390 2016 perrexit
1411 1935 1486 1996 ad
1507 1934 1818 1996 ecclesiam
1851 1945 2056 1999 sancto
2075 1970 2094 1983 ο
2176 1931 2316 1990 forte
2347 1936 2419 1990 ob
2450 1935 2595 1991 intra
2629 1936 2866 1992 dicenda
2891 1938 3096 1994 tioium
3125 1937 3322 2003 altero,
3357 1937 3587 1995 ciborio
3610 1952 3804 2008 nempe,

446 2042 580 2086 rum
612 2021 868 2086 Victoris
897 2032 958 2086 et
988 2024 1230 2098 Isidori,
1264 2024 1465 2086 volens
1496 2023 1730 2086 discere
1763 2043 1796 2086 a
1825 2026 2087 2100 rusticis,
2177 2017 2352 2077 etiam
2385 2020 2676 2081 tumulum
2710 2039 2948 2082 ornare.
2984 2021 3627 2083 Tltessalonicensibus
3671 2038 3804 2082 cura!

445 2112 584 2193 quis
617 2113 862 2194 iste,qui
892 2113 948 2174 ei
979 2115 1258 2176 nimirum
1289 2122 1667 2197 apparuerat,
1687 2122 1846 2176 esset
1869 2114 2090 2178 Deme-
2176 2105 2307 2197 fuit,
2341 2109 2616 2170 eximiam
2659 2127 2923 2190 prorsus,
2962 2127 3079 2191 qua
3105 2112 3166 2170 hi
3198 2111 3260 2171 in
3289 2110 3453 2171 illum
3489 2110 3801 2191 antiquibus

445 2204 614 2266 tritta.
649 2227 677 2259 ι»
712 2200 977 2266 Ecclesia
1027 2222 1191 2284 ergo,
1217 2204 1288 2265 ad
1321 2194 1517 2283 quam,
1553 2204 1648 2265 cui
1677 2213 1916 2266 sanctus
1965 2208 2089 2268 De-
2174 2194 2440 2284 fuerunt,
2468 2207 2914 2260 venerattonem
2947 2211 3253 2278 utcunque
3286 2207 3558 2262 testatam
3582 2201 3797 2277 faciunt;

445 2292 772 2356 metrinsin
794 2293 986 2356 insula
1006 2282 1150 2356 Chio
1169 2282 1545 2375 apparuerat,
1571 2294 1658 2355 vir
1691 2293 1910 2374 probus
1928 2315 2084 2372 sese,
2173 2282 2339 2348 Hanc
2371 2306 2547 2368 Ροιτο
2574 2288 2828 2369 amplius
2849 2289 3068 2368 adhuc,
3103 2309 3237 2371 quae
3255 2290 3382 2370 jam
3417 2309 3584 2352 nunc
3609 2289 3794 2364 subdo)

442 2401 561 2464 quo
591 2382 748 2462 quis,
780 2383 880 2462 qui
908 2383 963 2444 ei
994 2383 1388 2464 apparuisset,
1424 2383 1758 2446 Demetrius
1801 2393 1960 2447 esset
1987 2386 2086 2447 in—
2170 2377 2519 2441 ostendent.

442 2472 740 2551 telligerit,
771 2473 1045 2547 contulit,
1080 2473 1236 2535 binis
1250 2475 1494 2555 sanctis,
1515 2471 1739 2536 Victori
1771 2475 1999 2537 scilicet
2030 2483 2090 2538 et
2252 2465 2352 2527 81·
2407 2468 2662 2548 Conligit
2719 2476 2782 2530 ul
2825 2467 3328 2548 quemadmodum
3360 2469 3494 2531 loco
3558 2468 3796 2550 proxime

442 2569 677 2637 Isidoro,
707 2570 1024 2628 secundum
1047 2567 1328 2623 Anastasii
1363 2569 1895 2638 interpretationem
1923 2583 2083 2626 sacra
2170 2556 2272 2618 cit.
2297 2558 2562 2618 Joannes
2591 2558 3141 2620 Thessalonicensis
3169 2559 3682 2635 refert,ciborium
3709 2577 3794 2619 seu

439 2663 589 2718 erat.
621 2657 843 2717 Verum
879 2651 1147 2734 proxime
1177 2651 1444 2726 recitata,
1479 2670 1511 2714 e
1542 2652 1781 2734 quibus,
1816 2655 1977 2734 quod
2008 2655 2084 2716 de
2166 2645 2230 2706 in
2263 2645 2612 2724 lastigiatam
2639 2647 2893 2708 formam
2927 2650 3232 2721 eductum,
3257 2647 3371 2709 sub
3402 2667 3554 2731 quo,
3590 2647 3793 2708 utmul-

435 2745 696 2808 ecclesia
724 2743 826 2806 illa
857 2741 1013 2823 apud
1041 2740 1422 2803 Anastasium
1455 2742 1772 2822 reperitur,
1810 2743 2084 2824 primitus
2167 2734 2244 2798 tis
2271 2734 2652 2817 credebatur,
2677 2737 2882 2799 Sancti
2910 2755 3128 2817 corpus
3150 2737 3389 2817 iacebat
3415 2737 3791 2812 reconditum,

437 2838 702 2895 haustum
725 2846 832 2903 est,
854 2836 1090 2893 Joannis
1114 2833 1642 2892 Thessalonicensis
1667 2837 1852 2894 Graeca
1883 2841 2081 2906 verba,
2165 2827 2362 2886 eilarls
2393 2829 2794 2887 umbraculum
2825 2840 2995 2887 nocte
3025 2829 3452 2895 incenderetur.
3488 2838 3791 2902 argentum-

434 2938 556 2983 non
582 2920 764 2996 binis,
801 2920 905 2982 sed
940 2920 1043 2980 nni
1071 2917 1358 2980 duntaxat
1387 2928 1590 2982 sancto
1623 2919 1849 2983 Isidoro
1881 2922 2084 2984 eccle-
2165 2933 2306 2996 que,
2339 2933 2372 2977 θ
2429 2933 2544 2996 quo
2604 2914 2688 2990 id,
2747 2924 2810 2976 ut
2863 2916 3006 2993 dixi,
3061 2923 3191 2977 erat
3236 2917 3605 2993 confectum,
3638 2916 3789 2976 vehe-

433 3008 606 3091 siam,
629 3009 702 3071 ad
729 3027 930 3091 quam,
957 3013 1047 3070 cui
1073 3017 1316 3070 sanctus
1338 3010 1672 3072 Demetrius
1699 3026 2077 3091 apparuerat,
2167 3003 2351 3066 menti
2375 3002 2527 3082 ignis
2549 3004 2745 3066 calore
2777 3005 2973 3066 fu5um
3023 3005 3342 3066 maximam
3373 3018 3614 3087 partem
3647 3003 3785 3086 peri-

431 3099 522 3161 vir
545 3089 768 3180 probus
796 3117 930 3161 sese
959 3098 1228 3172 contulit,
1263 3107 1668 3161 consecratam
1720 3089 1903 3162 fuisse
1933 3120 2142 3182 pro-ﬁ
2165 3101 2275 3155 ἴθι·
2331 3092 2646 3168 Eusebius.
2682 3093 3258 3167 ThessalonicenSiS.
3293 3113 3478 3174 quem
3505 3097 3629 3174 jam
3678 3111 3787 3153 ωοι

431 3164 602 3250 ἁυιιί.
631 3188 890 3262 Etenim,
909 3187 1063 3268 quod
1095 3187 1155 3248 in
1187 3164 1405 3249 Graecis
1429 3187 1675 3250 Joannis
1704 3164 2018 3253 Thessalou

2197 3183 2420 3259 audavi,
2444 3164 2952 3264 archiepiscopus,
2985 3201 3131 3246 casu
3165 3164 3539 3266 inexpectato
3576 3183 3784 3264 percul-

433 3280 637 3340 Censis
656 3276 856 3338 verbis
873 3276 1140 3356 proxime
1161 3275 1420 3337 recitatis
1441 3285 1700 3340 occurrit
1723 3279 2075 3344 vocabulum
2160 3290 2288 3348 sus,
2326 3272 2396 3336 de
2427 3291 2577 3334 novo
2637 3274 3098 3353 quamprimem,
3160 3292 3277 3354 qua
3304 3293 3449 3336 sane
3506 3292 3574 3336 re
3605 3272 3788 3334 eximia

430 3367 736 3430 καλλίνικος
755 3365 1099 3446 neutiquam
1125 3366 1367 3444 est,cui,
1389 3367 1893 3443 quemadmodum
1917 3374 2017 3433 An;

2195 3362 2292 3441 jus
2326 3380 2466 3440 erga
2509 3363 2794 3424 Sanctum
2852 3361 3160 3426 veneratio
3210 3363 3412 3439 eluxit,
3450 3360 3782 3425 exstruendo

430 3456 646 3518 stasius
675 3455 1049 3530 existimavit,
1085 3473 1304 3517 nomen
1337 3456 1606 3518 Latinum
1642 3459 1946 3538 proprium
1979 3462 2079 3524 Vi.
2159 3451 2390 3514 ciborio
2443 3451 2601 3514 serio
2644 3451 2958 3532 cogitabat,
2994 3471 3251 3533 cumque
3295 3452 3458 3514 hunc
3492 3453 3555 3515 in
3607 3452 3784 3528 ﬁnem,

427 3555 554 3608 ctor
575 3545 1186 3627 respondeat,nomen
1217 3543 1418 3608 Sancti
1443 3547 1778 3628 proprium,
1799 3549 1904 3612 sed
1937 3560 2077 3614 tan-
2160 3561 2279 3603 non
2345 3541 2578 3604 modica
2633 3542 2885 3622 argenti,
2941 3562 2975 3605 e
3033 3561 3150 3624 quo
3208 3542 3587 3605 combustum
3642 3540 3786 3603 cibo-

426 3645 573 3710 tum,
611 3635 767 3716 quod
818 3644 1084 3698 sanctum
1137 3633 1429 3697 lsidorum
1491 3645 1806 3718 martyrem
1870 3641 2072 3718 afﬁcit,
2160 3636 2314 3694 rium
2363 3632 2560 3694 luerat
2613 3632 2972 3707 confectum,
3027 3642 3194 3714 parte
3251 3631 3497 3714 amissa,
3533 3646 3784 3694 necessa-

426 3724 812 3806 adjectivum,
847 3724 1003 3787 idem
1037 3726 1266 3802 Graece,
1300 3725 1458 3801 quod
1490 3725 1714 3803 Latine,
1757 3753 1783 3785 α
1811 3730 2078 3810 pulchris
2159 3721 2311 3782 riam
2337 3721 2451 3782 sibi
2475 3723 2684 3784 deesse
2710 3723 3349 3798 materiant,cerneret,
3374 3723 3781 3810 ciboriumque,

423 3813 690 3876 victoriis
731 3822 996 3894 ornatus,
1035 3838 1061 3870 ι»
1099 3814 1464 3894 signiﬁcans,
1503 3815 1586 3878 uti
1646 3809 1861 3900 passim
1898 3822 2075 3883 modo
2159 3811 2317 3891 quod
2349 3829 2550 3874 sacras
2579 3810 2778 3874 Sancti
2839 3813 3122 3892 reliquias
3149 3813 3461 3875 continere
3520 3813 3581 3876 id
3609 3809 3780 3873 existi-

427 3901 645 3983 linguaa
674 3903 894 3966 Graecas
914 3903 1122 3983 peritis
1151 3914 1354 3967 notum
1390 3914 1499 3967 est.
2161 3907 2450 3982 maretur,
2511 3903 2910 3964 necessariam
2972 3903 3182 3982 magis,
3238 3921 3416 3983 quam
3469 3911 3779 3982 argenteus,

509 3991 920 4081 80.Quidquid
948 3992 1144 4074 itaque
1168 3995 1520 4057 Anastasius
1542 3993 1605 4058 in
1638 3998 1930 4077 miraculi,
1958 4019 2074 4081 quo
2161 3991 2333 4069 cujus
2373 4009 2508 4052 mox
2541 3991 2946 4068 meminimus,
2970 3992 3222 4054 thronus
3244 4000 3425 4073 esset,
3461 3988 3778 4074 supellecti-

423 4081 659 4144 sanitati
681 4080 976 4145 Matienus
995 4085 1302 4145 restitutus
1315 4083 1620 4158 luit,n.=rra
1633 4087 1793 4150 tione
1822 4080 2010 4152 astrua

2188 4099 2278 4142 em
2310 4088 2564 4161 putaret,
2601 4082 2880 4144 thronum
2913 4081 3096 4144 istum
3128 4082 3437 4145 destruere
3467 4090 3775 4162 acceptum-

420 4170 564 4252 quin
593 4179 792 4234 tamen
821 4171 942 4250 jam
979 4181 1128 4248 tum,
1165 4191 1297 4234 cum
1330 4173 1391 4234 id
1425 4182 1780 4254 patraretur,
1803 4197 1871 4239 ac
1899 4181 2068 4259 proin
2155 4189 2272 4251 que
2322 4190 2393 4232 ex
2445 4190 2517 4233 eo
2549 4180 2857 4250 argentum
2888 4172 2961 4232 ad
3021 4171 3156 4234 novi
3186 4171 3400 4234 ciborii
3455 4182 3773 4235 structuram

417 4260 521 4322 dtu
578 4262 752 4323 etiam
786 4269 926 4324 ante
979 4262 1224 4324 Joannis
1256 4262 1805 4326 Thessalonicensis
1835 4276 2068 4331 aetatem
2155 4260 2443 4324 adbibere
2468 4260 3139 4341 meditabatur-Verum,
3169 4277 3240 4322 ne
3257 4261 3316 4322 id
3343 4262 3538 4338 fieret,
3563 4260 3775 4342 ἱρεθωθι

415 4350 654 4430 insigne
685 4350 861 4432 plane
892 4351 1208 4433 templum,
1245 4361 1448 4414 sancto
1478 4354 1777 4416 Demetrio
1807 4374 2065 4436 sacrum,
2155 4359 2395 4414 sanctus
2443 4349 2804 4426 Demetrius,
2838 4369 2947 4432 per
2979 4351 3414 4432 presbyterum,
3449 4353 3546 4414 cui
3595 4344 3767 4417 semel,

412 4441 857 4504 Thessalonicae
907 4441 1223 4516 exstiterit,
1257 4441 1332 4504 ob
1381 4441 1606 4518 omnia,
1642 4463 1773 4525 quae
1828 4447 1951 4528 jam
2011 4451 2069 4512 in
2153 4442 2372 4504 iterum
2403 4459 2473 4502 ac
2507 4442 2680 4503 tertio
2709 4441 3002 4520 apparuit,
3034 4439 3292 4504 Eusebio
3335 4440 3767 4528 archiepiscopo,

415 4530 679 4626 medium
710 4530 954 4626 adduxi,
976 4529 1372 4626 dubitandum
1403 4549 1524 4626 non
1553 4524 1674 4596 est,
1702 4524 1896 4618 Atque
1931 4540 2071 4604 hinc
2091 4531 2474 4626 Dvoluntatis
2504 4549 2629 4594 sua;
2655 4530 2803 4626 illud
2837 4549 2952 4592 non
2986 4547 3117 4593 esse
3140 4529 3473 4606 declarans,
3509 4524 3763 4626 impediit.

406 4620 535 4713 j_am
589 4621 754 4713 ﬁuit,
777 4629 843 4682 ut
892 4619 1287 4713 dubitandum
1330 4621 1549 4701 pariter
1605 4641 1725 4687 non
1784 4615 1884 4704 sit,
1931 4615 2368 4713 quin'Neque
2399 4641 2540 4685 vero
2593 4622 2900 4713 praefatum
2955 4628 3216 4713 tronum,
3249 4629 3314 4682 ut
3365 4640 3578 4713 novum
3633 4615 3766 4713 cibo-

415 4708 799 4802 Sanctusdiu
831 4709 1009 4802 etiam
1042 4717 1179 4802 ante
1209 4711 1269 4772 id
1314 4721 1550 4794 tempus
1580 4717 1742 4779 cultu
1772 4704 2077 4802 plane-5n:
2159 4714 2315 4776 rium
2348 4715 2772 4787 conﬁceretur,
2795 4709 3024 4772 destrui
3058 4710 3175 4802 fuit
3192 4727 3462 4774 necesse.
3496 4704 3763 4800 Thessalo-

414 4799 568 4878 signi
622 4799 1046 4863 Thessalonica
1095 4791 1453 4864 honoratus
1487 4804 1688 4872 fuerit.
1723 4791 1848 4876 [mo
1903 4791 2067 4885 vero.
2157 4806 2437 4868 nicenses
2467 4806 2629 4866 enim
2663 4805 2822 4865 cives
2874 4818 2986 4862 nec
3019 4801 3228 4863 moniti
3291 4803 3514 4864 aﬁ'atim
3551 4791 3757 4879 argenti,

415 4875 558 4983 cum
585 4908 656 4953 ex
695 4908 876 4971 supra
903 4889 1080 4953 dictis
1129 4893 1417 4972 tempium
1453 4893 1629 4958 etiam
1664 4875 2068 4983 insignern-g.’
2156 4906 2218 4958 ut
2251 4913 2465 4958 novum
2498 4900 2904 4956 exstrueretur
2940 4890 3258 4972 ciborium,
3291 4893 3364 4953 ad
3393 4875 3760 4983 archiepisco-

414 4979 562 5042 mini
591 4988 703 5043 suo
760 4990 1174 5044 consecratum
1206 4983 1662 5048 verosimillime
1684 4977 1812 5070 jam
1865 4977 2006 5063 inde
2034 5021 2068 5064 a
2154 5006 2293 5063 pum
2325 5007 2493 5048 suum
2517 4987 3037 5048 tuleruntJoannis
3064 4985 3588 5045 Thessalonicensis
3606 4977 3759 5070 verba,

411 5071 647 5164 saeculo,
683 5091 716 5133 v
747 5072 970 5134 ibidem
1021 5072 1324 5147 habuerit,
1359 5093 1497 5136 eum
1551 5069 1731 5141 etiam
1771 5084 1894 5164 jam
1936 5100 2066 5152 tum
2151 5076 2366 5157 quibus
2395 5078 2508 5140 hoc
2561 5084 2929 5157 postremum
2963 5073 3092 5164 loco
3123 5089 3311 5164 supra
3330 5074 3431 5164 cit.
3464 5069 3757 5164 exponitur,

410 5170 514 5223 aut
568 5161 776 5224 saltem
809 5169 948 5225 ante
993 5164 1283 5226 saeculum
1314 5181 1374 5226 v1
1417 5165 1733 5234 festivitate
1775 5161 1975 5242 annua

2175 5187 2211 5229 n
2242 5167 2667 5248 compendium
2700 5165 2774 5228 ab
2822 5163 3132 5226 Anastasio
3162 5161 3615 5225 Bibliothecario
3640 5169 3756 5218 con-

409 5250 514 5314 illa
559 5252 796 5314 civitate
824 5271 932 5315 sua
962 5253 1144 5315 natali
1174 5253 1406 5316 cultum
1459 5256 1646 5321 fuisse
1678 5267 1996 5331 verosimill

2173 5267 2356 5333 racta,
2394 5267 2566 5337 prout
2611 5256 2769 5337 apud
2816 5254 3224 5318 Mabillonium
3273 5260 3417 5313 tom.
3453 5254 3476 5315 l
3537 5251 3757 5337 Veterum

409 5359 574 5403 mum
606 5352 886 5424 apparet,
913 5342 1170 5406 maxime
1201 5363 1338 5405 cum
1364 5345 1489 5424 jam
1521 5347 1662 5412 inde
1692 5352 1765 5415 ab
1798 5355 1911 5420 hoc
1949 5377 2064 5420 sze-
2147 5333 2624 5426 Analectorum,
2737 5346 3100 5421 77,exstant,
3131 5343 3228 5405 hic
3258 5341 3535 5405 exhibeo.
3566 5337 3652 5402 Sic
3675 5333 3756 5394 ha-

409 5431 545 5491 culo
567 5450 672 5512 pro
688 5441 938 5512 patrono
966 5432 1148 5496 etiam
1177 5433 1462 5514 primario
1494 5456 1528 5500 a
1558 5438 2064 5512 Thessalonicen-
2149 5438 2292 5501 belli
2331 5459 2345 5500 ε
2387 5463 2414 5494 α
2445 5441 2596 5502 Dum
2629 5437 2828 5499 adhuc
2861 5436 3216 5516 (presbyter,
3247 5433 3347 5492 ουί
3377 5449 3511 5494 sese
3537 5431 3757 5510 δΡθίίίω·

413 5517 578 5579 sibus
607 5521 844 5582 habitus
873 5524 1322 5587 verosimillime
1362 5524 1567 5601 fuerit,
1604 5532 1691 5592 uti
1718 5533 1780 5595 in
1836 5537 2059 5605 Adnot.
2152 5529 2294 5591 dum
2327 5537 2569 5591 sanctus
2597 5526 2946 5590 Demetrius
2977 5526 3247 5598 dederat,
3277 5530 3334 5585 et
3361 5521 3638 5585 Eusebius
3673 5525 3751 5575 ιι·

407 5611 1192 5694 1th.tMiraculorumcep.2
1221 5625 1538 5687 subdendis
1567 5627 1802 5692 doceba.
1837 5635 2067 5695 Dictum
2151 5620 2599 5707 chiepiscopus)
2654 5617 2728 5682 de
2786 5617 2884 5683 his
2940 5616 3336 5702 loquerentur
3384 5616 3458 5678 ad
3516 5609 3752 5679 invicem,
