4020 6132
246 304 401 372 1133

1323 305 1383 372 S.
1432 310 1807 376 DEMETRII
1850 314 2246 379 MARTYRIS
2287 311 2507 378 ACTA.

3451 304 3604 379 1134

237 441 549 505 smaticam
571 441 1037 506 inobedientiam
1061 443 1277 506 summi
1302 445 1460 525 regis
1482 445 1737 508 vindicta
1759 455 1872 509 ter-
1893 456 1931 505 A
1955 447 2268 529 injungent
2287 446 2448 526 quod
2474 445 2812 509 nullatenus
2841 443 3143 525 aliquibus
3167 444 3228 506 in
3246 452 3607 510 testamento

238 550 369 592 ram
404 533 746 595 Gracorum
779 533 1166 595 correctionis
1195 533 1458 596 funiculo
1490 535 1873 615 ﬂagellasset,

235 630 299 682 et
324 621 512 702 ipsam
560 622 634 683 de
679 631 909 684 secreto
964 630 1141 702 atque
1195 622 1595 687 inastimabili
1629 626 1875 687 consilio

232 728 347 771 suo
365 711 435 772 ad
466 729 673 771 manus
690 710 1029 773 reduxisset
1050 710 1389 773 Latinorum
1402 714 1593 792 ,multi
1616 714 1876 792 religiosi

233 800 313 861 de
337 799 588 861 diversis
622 799 885 880 partibus
914 801 1271 862 accedentes
1304 802 1537 863 diversa
1588 802 1875 865 beneficia

236 894 361 948 tam
393 906 503 969 per
532 888 807 949 dominos
835 889 1166 950 cardinales
1211 907 1384 970 quam
1423 910 1527 970 per
1580 892 1877 972 principes

236 986 296 1038 et
328 976 581 1038 barones
611 991 669 1040 et
695 977 841 1039 alios
873 979 1081 1039 fideles
1111 979 1305 1059 adepti
1338 989 1498 1041 sunt.

321 1066 420 1128 88.
454 1091 479 1122 ι
519 1065 680 1128 Inter
709 1085 862 1144 quos
907 1068 1271 1129 sacrosancti
1306 1067 1573 1148 Sepulcri
1606 1070 1878 1131 canonici

240 1156 552 1217 ecclesiam
568 1158 753 1218 sancti
768 1155 1876 1239 DemetriiTliessalonicensis,quoquo

243 1245 426 1306 modo
447 1244 630 1324 gavisi
652 1245 1077 1325 suntadipisci,
1115 1264 1289 1325 quam
1326 1265 1509 1326 usque
1541 1246 1613 1309 ad
1644 1249 1877 1309 inthro-

242 1335 597 1395 nizatiouem
662 1352 852 1395 meam
909 1352 1043 1395 cum
1097 1334 1297 1395 multis
1346 1335 1649 1399 laboribus
1680 1344 1760 1412 et,
1819 1347 1881 1399 ut

239 1442 444 1485 verum
471 1424 677 1497 fatear,
710 1423 796 1483 illi
815 1431 988 1484 terra
1013 1423 1259 1484 multum
1288 1424 1643 1487 necessariis
1668 1444 1877 1505 posse-

238 1512 638 1576 dcrunt.Sane
662 1516 930 1593 quamvis
956 1515 1233 1595 pradicta
1257 1515 1510 1577 ecclesia
1537 1517 1724 1579 sancti
1757 1517 1877 1579 De-

236 1602 438 1665 metrii
459 1602 1018 1682 adjurisdictionem
1038 1621 1231 1663 meam
1260 1610 1559 1684 pertinere
1578 1614 1877 1681 noscatur,

232 1701 430 1752 tamen
463 1692 536 1752 ob
570 1694 963 1752 reverentiam
992 1691 1283 1752 Dominici
1317 1694 1741 1775 sepulcriJubi
1774 1714 1875 1758 re-

1964 539 2051 599 vel
2080 538 2223 599 alias
2252 535 2722 618 persuadebunt,
2762 543 2825 596 ut
2854 534 3002 615 ipsis
3050 533 3357 597 canonicis
3392 535 3602 613 magis,

1961 645 2134 707 quam
2159 626 2502 689 ecclesiaiu
2529 623 2939 705 prajudicium
2975 633 3034 685 et
3058 623 3341 685 damnum
3367 624 3605 686 archie-

1961 716 2188 796 piscopi
2231 715 2487 777 debeant
2536 732 2812 792 erogare,
2864 712 3165 794 expensis,
3201 723 3486 793 quantum
3528 713 3606 775 ad

1958 812 2116 866 sarta
2138 811 2289 865 tecta
2310 805 2396 865 vel
2422 802 2717 864 luminare
2752 800 3021 863 ecclesia
3042 812 3100 862 et
3128 802 3348 882 justam
3385 799 3606 863 tumba

1958 892 2395 972 custodiam,de
2418 889 2718 953 communi
2746 908 2852 970 pro
2887 899 3010 951 rata
3027 889 3604 954 faciendis.Prater-

1960 999 2029 1042 ea
2060 983 2242 1061 prior,
2276 980 2377 1061 qui
2411 982 2468 1041 in
2501 979 2756 1041 ecclesia
2808 979 3126 1059 sapedicta
3157 988 3345 1041 sancti
3377 978 3605 1043 Deme-

1961 1070 2059 1131 trii
2091 1088 2194 1149 pro
2229 1079 2498 1148 tempore
2539 1087 2572 1129 a
2614 1067 2949 1149 patriarcha
2978 1066 3512 1150 Hierosolymitano
3544 1079 3607 1133 et

1960 1160 2220 1240 capitulo
2243 1178 2350 1219 suo
2367 1157 2547 1219 fuerit
2570 1156 3052 1236 delegatus,mihi
3072 1165 3129 1218 et
3151 1159 3609 1224 successoribus

1963 1251 2114 1310 meis
2131 1249 2415 1310 canonice
2443 1246 2799 1307 intrantibus
2822 1245 3220 1307 obedientiam
3246 1257 3308 1311 et
3329 1267 3608 1313 reveren-

1964 1342 2101 1399 tiam
2132 1338 2433 1399 tenebitur
2465 1335 2778 1411 exhibere;
2804 1336 3032 1397 matrici
3057 1336 3305 1417 insuper
3335 1340 3608 1403 ecclesia

1959 1425 2480 1489 Thessalonicensi
2513 1435 2570 1487 et
2603 1425 2753 1485 mihi
2779 1425 3047 1505 meisque
3072 1427 3519 1492 successoribus
3545 1431 3610 1492 in

1962 1515 2120 1578 dicta
2153 1516 2412 1578 ecclesia
2444 1514 2609 1576 omni
2636 1515 2772 1593 jure
2807 1523 2864 1576 et
2896 1514 3166 1576 libertate
3198 1525 3419 1594 nostra,
3455 1518 3613 1581 sicut

1963 1616 2020 1667 et
2050 1606 2108 1665 in
2138 1605 2271 1667 aliis
2300 1602 2576 1667 ecclesiis
2606 1602 2925 1683 ejusmodi,
2960 1603 3227 1683 plenarie
3250 1608 3608 1690 reservatis;

1960 1694 2117 1755 salva
2138 1693 2363 1755 domini
2397 1693 2749 1773 patriarcha
2804 1690 3319 1772 Hierosolymitani
3349 1704 3409 1757 et
3438 1696 3608 1777 capi-

230 1781 504 1872 demptio
538 1780 781 1843 humani
814 1781 1051 1872 generis
1082 1794 1324 1861 operata
1376 1790 1485 1857 est,
1522 1792 1577 1844 et
1605 1784 1674 1845 ad
1708 1786 1878 1865 cujus
1901 1818 1942 1872 Β
1964 1784 2067 1845 tuli
2099 1783 2190 1844 sui
2223 1784 2283 1844 in
2318 1780 2602 1872 omnibus
2632 1779 2975 1872 obedientia
3017 1780 3319 1872 indipsum
3345 1783 3611 1864 priorem

231 1870 689 1931 subventionem
742 1871 1290 1949 crucesignatorum
1329 1876 1627 1934 exercitus
1659 1882 1877 1935 terram
1902 1869 1932 1872 ⁷
1965 1884 2022 1934 et
2048 1873 2370 1935 canonicos
2404 1883 2465 1933 et
2522 1870 2673 1932 alios
2728 1869 3046 1949 religiosos
3080 1869 3302 1933 ibidem
3335 1891 3613 1937 commo-

238 1957 551 2022 Romania
576 1959 797 2021 dicitur
835 1959 1184 2039 acquisisse,
1221 1978 1294 2020 ne
1326 1960 1504 2022 etiam
1533 1962 1674 2024 dicti
1700 1983 1880 2025 cano-

240 2048 358 2109 nici
392 2067 497 2110 sua
524 2067 629 2129 spe
661 2057 719 2110 et
750 2049 1060 2111 laboribus
1088 2049 1329 2129 penitus
1351 2049 1790 2128 fraudarentur,
1828 2060 1887 2114 et

244 2146 308 2199 ut
340 2138 533 2199 omnis
562 2140 810 2215 quastio
840 2147 897 2201 et
924 2140 1354 2213 controversia,
1388 2138 1578 2219 qualis
1608 2145 1760 2203 inter
1792 2162 1886 2206 me

255 2236 316 2289 et
349 2226 507 2307 ipsos
537 2245 721 2307 super
777 2229 887 2290 hoc
937 2236 1165 2307 exorta,
1220 2245 1353 2308 qua
1381 2231 1455 2288 de
1486 2228 1647 2290 facili
1678 2233 1889 2295 ordine

247 2316 567 2395 judiciario
618 2336 734 2378 non
793 2326 1022 2398 poterat
1079 2326 1348 2397 tempore
1377 2316 1619 2380 instanti
1654 2332 1894 2402 propter

253 2424 448 2468 causa
481 2406 924 2486 perplexitatem
958 2406 1222 2482 diftiuiri,
1248 2425 1356 2486 per
1386 2425 1589 2488 pacem
1623 2418 1680 2470 et
1707 2414 1893 2488 aqui-

254 2505 433 2557 tatem
489 2496 721 2556 facilius
767 2496 1055 2577 sopiatur,
1106 2497 1440 2576 prasertiin
1476 2516 1608 2559 cum
1643 2499 1703 2560 in
1732 2519 1890 2581 sape

252 2586 410 2647 dicta
470 2586 721 2647 ecclesia
775 2586 921 2646 tanti
981 2585 1249 2664 martyris
1307 2604 1558 2666 corpore
1610 2588 1889 2654 decorata

254 2687 373 2737 tam
400 2675 735 2736 favorabilis
770 2675 1041 2736 ecclesia
1073 2674 1344 2735 canonici
1375 2677 1676 2752 regulares
1707 2678 1889 2740 hono—

251 2766 587 2828 rificentius
619 2782 796 2845 quam
817 2764 1137 2824 saculares
1161 2764 1397 2825 valeant
1420 2766 1891 2848 deservire,pru-

252 2858 501 2917 dentum
561 2856 820 2914 virorum
870 2852 1055 2914 fretus
1117 2853 1393 2928 consilio,
1456 2853 1730 2916 videlicet
1787 2864 1887 2923 Ar.

253 2943 719 3023 CermOpilensis
749 2943 1013 3023 episcopi
1070 2943 1378 3003 Sarrensis
1436 2946 1737 3026 postulati,
1799 2946 1888 3009 W.

256 3033 679 3096 Nazarocensis
709 3033 885 3095 electi
915 3030 1316 3112 Philippensis
1345 3033 1646 3115 postulati,
1682 3044 1739 3095 et
1762 3055 1893 3098 ma-

257 3122 428 3205 gistri
459 3124 531 3187 R.
577 3120 865 3185 Citrensis
926 3121 1122 3195 electi,
1186 3120 1353 3201 mihi,
1386 3131 1671 3201 quantum
1704 3124 1763 3185 in
1799 3144 1896 3186 me

257 3222 371 3288 est,
406 3213 592 3273 visum
624 3219 712 3272 est
744 3211 889 3272 utile
921 3209 1145 3291 pariter
1194 3217 1253 3271 et
1297 3210 1633 3285 honestum,
1669 3222 1735 3273 ut
1767 3234 1894 3276 me-

259 3304 469 3363 morati
502 3300 772 3361 canonici
819 3297 1117 3360 Duminici
1167 3298 1440 3379 Sepulcri
1495 3300 1569 3362 de
1604 3302 1896 3365 universis

258 3387 762 3473 possessionibus,
798 3386 1208 3468 proventibus,
1234 3388 1546 3465 fructibus,
1579 3392 1891 3469 reditibus,

259 3483 498 3559 legatis,
525 3491 585 3539 et
616 3477 1007 3557 eleemosynis
1036 3495 1393 3557 quocunque
1428 3478 1588 3557 justo
1618 3482 1792 3542 modo
1823 3483 1896 3543 ad

264 3571 482 3631 dictam
516 3568 831 3629 ecclesiam
865 3568 1053 3628 sancti
1100 3566 1383 3627 Demetrii
1435 3570 1894 3652 pertinentibus,

268 3660 421 3721 sicut
454 3676 558 3738 per
589 3657 984 3718 instrumenta
1030 3656 1119 3717 vel
1154 3674 1260 3736 per
1287 3664 1470 3718 testes
1500 3658 1746 3722 idoneos
1778 3662 1898 3723 sive

265 3749 383 3810 alio
414 3752 575 3827 justo
610 3748 785 3807 modo
817 3745 1054 3826 probari
1085 3744 1347 3825 legitime
1378 3747 1621 3825 poterit,
1655 3749 1902 3829 insuper

264 3841 343 3901 de
374 3836 648 3899 omnibus
676 3835 817 3915 illis,
849 3853 983 3915 qua
1028 3835 1225 3915 aliquo
1273 3843 1539 3915 tempore
1565 3839 1898 3918 archiepis-

260 3923 1070 4009 copisThessalonicensibus
1087 3924 1330 3985 nomine
1347 3926 1616 3988 ecclesia
1638 3929 1899 4008 pradicti

265 4016 458 4079 sancti
505 4014 793 4079 Demetrii
824 4014 1039 4074 collata
1087 4015 1347 4089 fuerunt,
1384 4016 1471 4076 vel
1502 4015 1563 4076 in
1596 4027 1899 4096 posterum

266 4106 674 4181 conferentur,
710 4103 887 4180 sicut,
923 4114 985 4164 ut
1013 4121 1193 4183 supra
1233 4103 1454 4164 dictum
1498 4115 1609 4179 est,
1642 4106 1902 4185 legitime

261 4195 502 4279 probari
559 4197 799 4276 poterit,
861 4192 1042 4254 talem
1103 4209 1210 4273 pro
1242 4194 1483 4254 servitio
1515 4212 1673 4276 sape
1731 4196 1904 4257 dicta

1963 1972 2188 2025 rantes.
2226 1987 2252 2018 ››

2045 2053 2147 2114 90.
2186 2048 2399 2128 «Igitur
2429 2067 2564 2111 cum
2598 2048 3005 2112 ordinationes
3035 2049 3450 2130 ecclesiarum,
3483 2069 3616 2135 qua

1974 2159 2080 2221 per
2107 2141 2420 2202 inferiores
2451 2139 2725 2220 pralatos
2773 2139 2903 2200 ﬁeri
2946 2150 3270 2217 nequeunt,
3329 2140 3615 2205 Ecclesia

1973 2229 2419 2307 Romana,qua
2450 2229 2811 2308 disponente
2841 2228 3094 2291 Domino
3126 2230 3393 2292 omnium
3422 2231 3617 2294 eccle-

1974 2322 2197 2382 siarum
2253 2328 2438 2379 mater
2460 2328 2549 2378 est
2578 2325 2638 2378 et
2669 2316 2972 2396 magistra,
3010 2318 3269 2381 debeant
3293 2321 3610 2403 reservari,

1975 2409 2190 2471 dictam
2225 2406 2720 2488 compositionem
2752 2411 2879 2467 sive
2930 2407 3403 2488 dispositionem,
3435 2428 3613 2490 quam

1977 2516 2083 2579 per
2114 2518 2211 2560 me
2232 2498 2426 2559 facere
2460 2496 2552 2557 vel
2586 2495 2825 2558 firmare
2856 2514 2973 2556 non
2997 2499 3616 2578 prasumpsi,sancti-

1975 2587 2077 2649 tati
2106 2597 2317 2649 vestra
2346 2585 2484 2647 duxi
2517 2585 3477 2666 transuiittendam,paternitatem
3500 2605 3616 2651 ve-

1973 2687 2151 2737 stram
2185 2675 2355 2737 ﬂexis
2382 2673 2635 2754 genibus
2667 2674 2883 2734 mentis
2935 2692 3185 2735 exorans
3236 2679 3525 2739 attentius
3555 2684 3615 2739 et

1973 2767 2513 2845 obnixe,quatenus
2536 2781 2715 2841 causa
2734 2761 2844 2824 Dei
2861 2771 2918 2824 et
2938 2763 3013 2824 ob
3035 2762 3328 2826 Dominici
3345 2766 3620 2846 Sepulcri

1973 2856 2365 2917 reverentiam
2392 2861 2449 2915 et
2474 2871 2715 2934 precum
2742 2870 3008 2914 mearum
3034 2857 3450 2933 interventu,si
3472 2873 3621 2916 san-

1975 2944 2161 3006 ctitati
2195 2952 2402 3005 vestra
2459 2951 2808 3023 competens
2858 2951 2916 3002 et
2945 2941 3261 3003 honestum
3294 2942 3615 3023 videbitur,

1976 3033 2164 3113 ipsam
2189 3033 2541 3095 auctoritate
2565 3039 2757 3092 vestra
2780 3031 2979 3093 facere
3001 3030 3094 3092 vel
3111 3032 3406 3112 inceptam
3428 3034 3618 3113 perfi-

1978 3142 2115 3185 cere
2139 3120 2495 3202 diguemini,
2517 3130 2576 3182 et
2605 3131 2669 3182 ut
2696 3121 2980 3198 maiorem
3010 3119 3221 3182 habeat
3249 3121 3619 3203 ﬁrmitatem,

1978 3212 2249 3275 eamdem
2276 3211 2623 3273 auctoritate
2652 3210 2935 3289 pradicta
2956 3209 3329 3271 roborantes.
3360 3233 3382 3269 ι
3416 3212 3621 3273 lstbac

1980 3301 2179 3377 modo,
2215 3301 2430 3382 quibus
2461 3300 2690 3361 dictum
2741 3299 3204 3361 instrumentum
3258 3300 3619 3379 concipitur.

1978 3391 2158 3453 verba
2175 3390 2512 3461 considera,
2537 3387 2891 3468 videbisque
2909 3406 2979 3449 eo
3004 3398 3271 3468 tempore
3292 3407 3397 3450 seu
3421 3388 3624 3451 saculi

1978 3481 2138 3543 tertii
2162 3480 2381 3541 decimi
2408 3478 2722 3557 initio,quo
2748 3478 2946 3538 datum
2981 3478 3038 3538 id
3070 3478 3196 3557 fuit,
3232 3477 3622 3539 Thessaloni-

1981 3588 2161 3634 cense
2193 3572 2378 3630 sancti
2413 3566 2700 3629 Demetrii
2729 3567 3014 3645 templum
3040 3566 3303 3627 fidelium
3325 3565 3399 3626 ad
3429 3563 3625 3645 id,qui

1982 3676 2039 3723 et
2074 3659 2363 3720 tumulum
2395 3657 2526 3736 ejus
2556 3655 2769 3717 oblatis
2802 3653 3073 3715 donariis
3105 3654 3481 3729 honorarint,
3514 3672 3622 3715 ac-

1983 3768 2154 3812 cessu
2188 3747 2345 3808 haud
2376 3764 2511 3807 raro
2541 3745 2906 3824 frequentari
2934 3741 3336 3806 soluisse.Nec
3362 3745 3477 3805 hoc
3502 3750 3626 3803 tan-

1986 3848 2105 3901 tum
2141 3857 2173 3898 a
2204 3837 2401 3897 charta
2435 3836 2536 3896 illa
2580 3833 2799 3909 disces,
2832 3851 3034 3894 verum
3065 3834 3245 3895 etiam
3294 3833 3411 3893 alia
3466 3850 3624 3893 non-

1985 3928 2167 4003 nulla,
2202 3942 2333 4006 qua
2362 3942 2468 3985 seu
2511 3923 2584 3985 ad
2634 3924 2827 4003 ipsum
2879 3924 3159 3984 Sanctum
3194 3930 3484 4001 nostrum,
3516 3937 3625 3983 seu

1984 4035 2116 4095 qua
2148 4017 2221 4076 ad
2268 4012 2606 4076 dedicatum
2661 4012 2719 4073 ei
2772 4010 3305 4073 Thessalonicense
3336 4008 3625 4091 templum

1983 4116 2275 4188 spectant.

2065 4197 2131 4259 91
2149 4195 2461 4257 .Caterum
2488 4192 2599 4252 hoc
2613 4190 2715 4253 diu
2727 4190 2921 4253 adhuc
2940 4197 3071 4272 post
3088 4190 3369 4252 saeculum
3384 4189 3626 4252 tertium

263 4284 537 4348 ecclesia
572 4284 907 4364 percipient
964 4286 1320 4363 portionem,
1357 4283 1593 4363 qualem
1627 4282 1905 4346 canonici
1988 4286 2286 4348 decimum
2320 4302 2354 4343 a
2384 4282 2631 4362 Gracis,
2689 4290 2822 4341 utut
2873 4281 3291 4358 schismaticis,
3342 4299 3458 4341 non
3489 4294 3627 4341 raro

262 4385 488 4438 sancta
537 4373 775 4454 Sophia
816 4371 1377 4433 Thessalonicensis
1435 4374 1781 4455 metropolis
1828 4375 1905 4437 de
1988 4372 2648 4451 etiam,utDemetriiin
2678 4369 3135 4432 necessitatibus
3157 4371 3280 4430 suis
3302 4388 3475 4450 opem
3505 4367 3628 4430 im-

268 4463 749 4546 possessionibus
780 4462 1048 4541 ejusdem
1082 4459 1573 4542 percipient,cum
1594 4482 1721 4525 eam
1755 4482 1902 4526 con-
1935 4542 1952 4546 _
1992 4473 2315 4546 plorarent,
2351 4464 2715 4544 frequentari
2744 4463 3020 4538 soiuisse,
3069 4460 3467 4522 indubitatum
3513 4466 3628 4524 est.

271 4542 476 4635 tigerit
502 4551 789 4614 ordinari.
828 4575 856 4607 ιι
1924 4542 1968 4595 ί)
1991 4542 2075 4619 Ac
2097 4554 2444 4617 nominatim
2460 4542 2711 4632 quidem
2738 4553 2796 4613 id
2818 4549 3501 4613 aTbessaloniceusibus
3521 4566 3634 4610 sae

356 4644 456 4707 89.
493 4644 746 4705 «Demos
766 4640 1244 4720 siquidem,quas
1265 4640 1470 4702 clerici
1490 4642 1677 4703 sancti
1699 4641 1910 4704 Deme-
1992 4647 2123 4708 culo
2150 4645 2356 4726 quinto
2378 4643 2611 4704 decimo
2635 4642 2954 4703 factitatum
2989 4641 3183 4703 adhuc
3212 4641 3417 4713 fuisse,
3450 4656 3630 4719 argu-

274 4734 372 4797 trii
394 4742 665 4814 tempore
688 4731 1025 4794 Gracorum
1052 4731 1206 4791 intra
1225 4728 1705 4792 Thessalonicam
1730 4732 1912 4793 habe-
1994 4746 2191 4797 mento
2221 4740 2359 4795 sunt
2394 4731 2639 4793 minime
2667 4732 3011 4811 dubio,qua
3041 4742 3163 4792 tum
3199 4731 3258 4791 in
3285 4749 3392 4793 sua
3426 4729 3503 4791 de
3525 4747 3635 4790 ex-

275 4824 437 4900 bant,
465 4821 735 4885 canonici
757 4822 945 4882 sancti
970 4818 1241 4900 Sepulcri
1263 4830 1427 4882 extra
1466 4830 1689 4898 partem
1716 4823 1910 4902 possi-
1993 4827 2115 4887 cisa
2142 4842 2249 4906 per
2274 4826 2493 4884 Turcas
2524 4840 2678 4883 anno
2719 4822 2870 4883 1499
2901 4820 3327 4884 Thessalonica
3351 4818 3634 4882 lucubra-

276 4914 524 4988 debuut;
540 4912 869 4974 oblationes
892 4928 1130 4992 quoque
1152 4911 1455 4971 manuales
1474 4920 1529 4972 et
1547 4928 1914 4992 quacunque

275 5005 365 5067 eis
395 5004 585 5083 legata
614 5002 834 5063 fuerint
885 4999 1264 5075 nominatim,
1291 4999 1421 5061 sive
1451 5001 1695 5061 nomine
1728 5000 1913 5060 sancti

274 5092 855 5175 Sepulcri,similiter
882 5098 1050 5151 extra
1070 5097 1294 5169 partem
1318 5089 1724 5170 recipient.Ea
1746 5108 1912 5171 vero,

274 5202 409 5265 qua
427 5200 607 5263 super
630 5179 890 5242 tumbam
915 5179 1101 5241 sancti
1125 5178 1413 5240 Demetrii
1446 5179 1795 5254 offerentur,
1823 5182 1913 5241 vel

274 5275 549 5336 ecclesia
578 5271 845 5351 ejusdem
872 5270 1220 5330 nominatim
1244 5268 1434 5347 legata
1449 5269 1914 5344 fuerint,secun-

274 5364 418 5426 dum
440 5363 846 5442 supradictam
880 5358 1228 5421 divisionem
1260 5358 1914 5439 pat'tienturAdjuncto

2000 4916 2183 4993 tione,
2219 4913 2436 4976 Leonis
2460 4912 2661 4973 Allatii
2686 4910 3060 4991 Symmictis,
3108 4912 3371 4974 Colonia
3406 4908 3635 4989 Agrip-

2002 5007 2155 5085 pina
2169 5021 2324 5064 anno
2349 5004 2506 5064 1653
2520 5022 2554 5062 a
2575 5000 2894 5062 Bertholdo
2908 5000 3158 5064 Nihusio
3180 5000 3635 5080 editis,inserta,

1997 5091 2900 5171 JoannesAnagnosta,scriptor
2915 5090 3639 5170 synchronus,rerumque

1999 5202 2154 5264 pene
2182 5184 2474 5255 omnium,
2511 5198 2653 5261 quas
2684 5197 2754 5240 ea
2784 5181 3092 5261 describit,
3146 5178 3414 5240 oculatus
3444 5176 3638 5255 testis,

1998 5276 2073 5335 de
2102 5270 2763 5342 ’l‘hessalonicensibus,
2789 5271 2863 5331 ad
2896 5271 3085 5331 sancti
3120 5268 3403 5331 Demetrii
3437 5284 3637 5348 opem,

1994 5381 2130 5425 cum
2162 5362 2382 5423 civitati
2411 5377 2534 5422 sua
2564 5357 2788 5420 Turcas
2829 5360 2951 5440 jam
3004 5360 3319 5420 imminere
3367 5366 3638 5435 nossent,

272 5461 529 5529 tantum,
567 5450 727 5530 quod
763 5467 898 5511 cum
948 5449 1092 5510 dicti
1140 5449 1410 5510 canonici
1442 5449 1503 5509 in
1534 5449 1789 5510 ecclesia
1818 5450 1917 5511 illa
1998 5449 2500 5532 confugientibus,
2561 5469 2725 5513 num.
2779 5453 2853 5511 it)
2924 5448 3227 5511 memoria
3257 5449 3475 5529 prodit,
3512 5456 3640 5510 tum

276 5544 618 5625 capellanos
639 5542 732 5603 vel
753 5542 1000 5601 clericos
1027 5554 1136 5620 pro
1167 5548 1437 5619 tempore
1468 5540 1915 5621 instituent,sub
2000 5543 2198 5618 etiam,
2237 5559 2394 5618 qua,
2448 5538 2955 5620 quemadmodum
3005 5538 3285 5599 Analecta
3333 5536 3643 5601 miraculis

279 5638 493 5698 eadem
548 5633 685 5694 tidei
737 5631 1050 5708 religione,
1091 5647 1208 5707 qua
1257 5629 1369 5709 ipsi
1400 5630 1779 5706 tenebuntur,
1831 5634 1920 5697 eis
2004 5628 3643 5710 edendissubjiciendadocebunt,Detnett-iusChrysalo-
