4056 6152
252 299 403 368 1137

1326 298 1387 361 S.
1425 296 1808 360 DEMETRII
1849 295 2249 360 MARTYRIS
2289 294 2512 359 ACTA.

3451 291 3602 361 1138

243 434 508 500 Joannes
559 431 928 507 Cameniata,
963 430 1064 512 qui
1122 432 1337 493 saculo
1369 431 1604 494 decimo
1662 432 1885 513 ﬂoruit,
1909 438 1950 490 A
1973 433 2122 493 datis
2152 431 2504 514 scriptorem
2533 431 2740 511 alium,
2768 429 3034 492 omnium
3068 429 3374 494 tusissime
3402 431 3477 494 de
3497 451 3605 495 un-

246 526 612 606 civitatisque
651 521 1206 586 Thessalonicensis
1251 541 1355 602 per
1383 523 1686 602 Agarenos
1732 540 1886 583 anno
1969 531 2186 601 guento
2217 542 2322 584 seu
2364 521 2518 597 oleo,
2555 521 2709 602 quod
2746 539 2779 582 e
2807 521 2996 582 sancti
3038 519 3323 581 Demetrii
3354 525 3619 602 corpore

246 616 365 680 904
396 614 766 676 obsidionem
822 612 1438 693 expugnationemque
1471 630 1539 673 ac
1589 611 1888 674 excidium
1971 630 2076 673 seu
2114 612 2336 673 tumulo
2389 611 2722 692 prodigiose
2775 609 3032 685 stillavit,
3067 610 3355 684 locutum,
3390 612 3604 692 adjun-

243 705 578 785 descripsit,
612 723 743 785 pag.
801 703 916 765 181-
962 701 1242 763 editionis
1291 700 1686 774 Coloniensis,
1732 719 1886 764 anno
1969 720 2123 780 gam,
2155 700 2414 763 Joannes
2464 703 2827 780 Anagnosta,
2859 717 3039 779 supra
3093 699 3290 762 adhuc
3335 701 3609 766 laudatus

239 795 397 858 4653
444 794 634 874 facta,
669 801 937 854 sanctum
969 790 1330 852 Demetrium
1383 790 1636 871 appellat
1671 808 1880 869 myro-

240 883 484 965 blytam,
535 882 618 945 ita
665 888 1055 961 unguentum.
1107 880 1263 960 quod
1310 879 1512 944 Graece
1563 882 1722 958 μωρὰν
1771 898 1878 940 vo-

237 982 423 1053 catur,
457 992 526 1034 ex
559 973 686 1052 ejus
717 990 821 1032 seu
849 986 1098 1049 corpore
1131 988 1234 1030 seu
1270 969 1494 1031 tumulo
1519 970 1725 1032 saltem
1751 986 1880 1030 sca-

237 1063 448 1137 turire,
482 1061 688 1125 Greece
716 1061 946 1138 βλύζειν,
981 1078 1100 1121 non
1131 1061 1382 1121 obscure
1410 1059 1772 1140 significans.

255 1211 264 1214 _
315 1154 415 1216 95.
449 1151 711 1214 Joannes
741 1150 1041 1229 Scylitzes,
1077 1150 1180 1230 qui
1215 1149 1428 1211 saculo
1474 1168 1527 1210 x1
1561 1150 1783 1225 ﬂoruit,
1820 1151 1881 1213 in

235 1246 507 1302 Michaele
534 1243 896 1314 Paphlagone
926 1242 1115 1298 oleum
1147 1257 1248 1297 seu
1266 1252 1626 1314 unguentum
1652 1258 1680 1298 e
1700 1245 1880 1300 sancti

236 1319 520 1394 Demetrii
544 1327 817 1408 sepulcro
839 1326 1127 1387 scaturire
1153 1324 1376 1387 diserte
1396 1325 1797 1388 afﬁrmatNec
1823 1327 1880 1388 id

233 1421 433 1481 minus
465 1419 621 1480 clare
650 1417 821 1478 Anna
869 1414 1190 1486 Comnena,
1227 1435 1360 1495 qua
1389 1417 1604 1477 saculo
1646 1415 1878 1478 duode-

232 1509 390 1571 cimo
415 1507 646 1582 claruit,
671 1523 886 1586 resque
912 1524 944 1566 a
966 1515 1138 1584 patre
1167 1524 1298 1579 suo,
1315 1505 1523 1567 Alexio
1546 1505 1874 1580 Comneno,

230 1609 374 1661 tunc
427 1609 643 1678 gestas,
678 1594 1086 1658 lucubratione
1140 1613 1174 1655 a
1231 1613 1295 1655 se
1352 1603 1647 1674 contexta,
1701 1613 1876 1674 quam

226 1688 597 1750 Alexiadem
630 1685 950 1764 inscripsit,
980 1683 1052 1745 ad
1085 1684 1489 1764 posteritatem
1526 1684 1869 1758 transmisit,

1969 790 2171 851 saculi
2229 809 2304 852 xv
2351 790 2605 870 scriptor
2657 791 2918 870 Gracus,
2979 789 3083 867 qui
3142 789 3602 874 Thessalonica,

1963 879 2163 958 patria
2192 899 2335 960 sua,
2370 898 2525 941 anno
2558 879 2714 941 14929
2745 877 3000 939 aTurcis
3027 877 3286 939 obsessae
3315 897 3609 960 expugna-

1963 969 2483 1049 taque,excidium
2506 968 2714 1030 litteris
2735 966 3078 1046 complexus
3093 973 3266 1047 est,in
3289 970 3600 1048 opusculo,

1961 1058 2112 1138 quod
2131 1059 2200 1119 ad
2223 1059 2555 1119 luctuosum
2582 1058 2746 1118 illum
2773 1055 3605 1140 eventum,cuiipsemetpra-

1965 1165 2102 1208 sens
2123 1146 2964 1221 interfuerat,describendum
2987 1145 3385 1218 concinnavit,
3408 1149 3601 1228 quod-

1967 1237 2151 1315 quein
2171 1238 2384 1299 Leonis
2407 1236 2604 1300 Allatii
2625 1237 3092 1317 Symmictorum
3115 1235 3269 1298 libro
3292 1238 3606 1318 posteriori

1967 1326 2114 1405 typis
2142 1327 2432 1405 vulgatum
2471 1335 2686 1399 exstat,
2717 1345 2846 1405 pag.
2875 1326 2992 1386 355
3024 1334 3082 1388 et
3104 1345 3298 1407 seqq.,
3324 1346 3459 1388 cum
3477 1328 3599 1406 jam

1965 1423 2138 1475 antea
2186 1414 2244 1474 in
2280 1415 2486 1476 eodem
2524 1415 2807 1494 opusculo
2859 1433 2986 1493 pag.
3023 1413 3134 1474 327
3169 1413 3514 1492 μυροϐλύτου,
3543 1416 3606 1477 id

1965 1510 2074 1581 est,
2119 1503 2472 1583 myroblylce
2526 1522 2632 1564 seu
2666 1509 3044 1583 unguentum
3089 1501 3396 1571 stillantis,
3438 1503 3606 1566 titulo

1961 1587 2243 1652 Sanctum
2279 1599 2569 1672 ornasset,
2605 1593 2680 1652 ita
2710 1610 2743 1653 e
2777 1589 2988 1652 Leonis
3016 1590 3215 1652 Allatii
3244 1591 3607 1674 interpreta—

1963 1680 2121 1741 tione
2155 1681 2457 1742 memoria
2491 1681 2687 1761 prodit
2719 1702 2732 1744 :
2798 1705 2821 1734 α
2859 1679 3007 1752 Quid
3043 1699 3216 1760 porro
3268 1680 3502 1744 diceres
3531 1682 3607 1745 de

227 1775 407 1854 hujus
437 1775 527 1835 sui
558 1775 754 1854 operis
787 1770 890 1832 lib.
927 1790 990 1850 lt,
1031 1789 1161 1852 pag.
1197 1772 1274 1833 60
1305 1772 1610 1834 memoria
1653 1771 1870 1852 prodit,
1900 1802 1936 1851 Β
1963 1771 2143 1830 nostri
2198 1771 2492 1852 tropaalis
2525 1779 2581 1831 et
2639 1769 2906 1851 martyris
2939 1769 3256 1850 (Demetrii
3299 1770 3604 1854 videlicet)

227 1857 310 1926 ita
342 1863 562 1925 ibidem
591 1862 860 1923 scribens
891 1879 904 1922 :
948 1885 974 1916 cc
1009 1863 1073 1924 In
1105 1880 1222 1940 quo
1263 1859 1437 1939 (urbe
1482 1860 1868 1923 Thessaloni-

223 1956 390 2017 censi
439 1953 737 2024 nimirum)
773 1949 1123 2032 praclarum
1181 1951 1464 2030 templum
1512 1951 1570 2011 in
1631 1951 1874 2014 nomine

229 2043 430 2123 magni
466 2042 736 2122 martyris
767 2039 1053 2102 Demetrii
1086 2048 1448 2101 exstructum
1490 2039 1736 2103 visitur:
1773 2039 1871 2101 ubi

229 2148 291 2196 et
320 2141 690 2211 unguentum
715 2150 785 2192 ex
811 2129 1132 2191 venerabili
1164 2130 1296 2209 ejus
1327 2129 1518 2190 loculo
1541 2130 1872 2191 scaturiens

223 2231 514 2286 maximas
562 2219 830 2302 quotidie
861 2222 1198 2281 curationes
1255 2227 1533 2300 operatur
1562 2220 1622 2280 in
1669 2219 1742 2280 iis
1773 2219 1872 2300 qui

221 2332 359 2373 cum
386 2311 503 2374 ﬁde
525 2310 840 2374 accedunt.
875 2331 902 2368 ›
940 2307 1180 2370 Nicetes
1212 2308 1548 2385 Chaniates,
1583 2310 1683 2390 qui
1715 2328 1871 2370 anno

224 2402 386 2464 1205
416 2401 590 2467 vitam
623 2420 758 2469 cum
796 2408 986 2460 morte
1019 2406 1418 2469 commutavit,
1445 2396 1505 2459 in
1536 2399 1872 2461 Annalibus

220 2510 259 2554 a
305 2510 370 2553 se
403 2490 752 2570 conscriptis
797 2489 1026 2550 scelera
1077 2507 1110 2549 a
1146 2488 1361 2552 Siculis
1409 2488 1870 2564 Thessalonica,

220 2599 358 2643 cum
393 2581 690 2642 civitatem
717 2580 868 2640 hanc
893 2597 1047 2640 anno
1073 2578 1229 2638 1185
1251 2587 1682 2658 expugnassent
1705 2598 1872 2640 com-

221 2670 408 2733 missa
431 2670 715 2750 graphice
746 2668 1121 2742 describens,
1145 2686 1216 2729 ea
1244 2667 1417 2728 simul
1445 2669 1661 2748 prodit,
1694 2688 1726 2730 e
1747 2669 1875 2750 qui-

221 2759 335 2822 bus
393 2768 534 2821 tunc
563 2760 735 2821 etiam
784 2764 1154 2837 unguentum
1188 2775 1294 2818 seu
1346 2757 1541 2817 oleum
1598 2777 1630 2820 e
1683 2758 1873 2821 sancti

223 2849 516 2912 Demetrii
538 2848 812 2926 sepulcro
839 2846 1092 2907 maxima
1121 2845 1292 2926 copia
1313 2845 1636 2918 ebulliisse,
1675 2849 1868 2908 mani-

226 2938 439 3000 festum
465 2937 550 3000 ﬁt.
575 2938 659 2999 Ita
681 2938 839 2997 enim
864 2934 1089 2996 ibidem
1115 2935 1176 2996 in
1199 2935 1540 2996 Andronico
1570 2934 1872 2997 Comneno

229 3027 338 3090 lib.
370 3044 412 3101 ι,
447 3044 614 3091 num.
647 3026 708 3107 9,
744 3024 963 3086 habet:
1004 3049 1030 3080 οι
1057 3023 1178 3085 Nec
1209 3024 1385 3086 editis
1418 3043 1525 3106 per
1553 3044 1654 3087 eos
1688 3026 1872 3087 mira-

227 3121 375 3178 culis
400 3120 1008 3190 movebantur,quibus
1039 3117 1297 3176 Christus
1320 3133 1418 3176 eos
1445 3127 1871 3185 remuneratur,

223 3207 326 3290 qui
357 3207 416 3268 in
449 3205 574 3268 suis
605 3203 892 3267 membris
923 3205 1032 3284 ipsi
1058 3205 1346 3265 honorem
1389 3203 1726 3266 habuerunt
1761 3225 1777 3282 ;
1806 3212 1874 3266 ut

219 3305 616 3376 unguentum,
640 3294 794 3375 quod
828 3313 898 3356 ex
929 3293 1302 3355 celeberrimi
1349 3294 1626 3375 martyris
1649 3296 1874 3357 Deme-

219 3385 320 3456 trii
345 3391 728 3446 monumento
748 3382 1147 3457 ebullit,cadis
1169 3392 1228 3445 et
1249 3381 1547 3446 lebetibus
1570 3385 1871 3459 haustum,

221 3473 458 3557 patellis
489 3474 736 3554 piscium
769 3472 1177 3548 infunderent,
1213 3492 1283 3534 eo
1328 3472 1728 3534 calceamenta
1759 3494 1875 3535 un~

222 3573 460 3644 gerent,
489 3573 545 3624 et
571 3563 642 3624 ad
665 3571 880 3625 caetera
905 3562 1256 3633 ministeria,
1285 3563 1501 3642 quibus
1526 3565 1721 3624 oleum
1741 3565 1873 3624 usui

228 3661 337 3726 est,
363 3662 586 3714 temere
617 3660 676 3715 et
705 3653 979 3733 nequiter
1011 3652 1425 3716 obuterentur.
1460 3651 1522 3712 Id
1556 3671 1716 3727 vero,
1748 3660 1810 3712 ut
1840 3670 1873 3712 e

229 3741 392 3804 fonte
447 3741 800 3804 inexhausto
831 3742 1137 3818 prodiens,
1171 3749 1273 3802 aut
1324 3759 1392 3802 ex
1427 3741 1638 3820 abysso
1673 3749 1872 3802 scatu—

226 3831 414 3909 riens,
440 3829 738 3910 copiosius
759 3830 1054 3905 adluebat,
1083 3839 1140 3892 et
1173 3849 1318 3891 nova
1343 3831 1571 3892 ratione
1602 3830 1873 3892 exunda-

229 3919 354 3992 bat,
388 3929 452 3980 ut
489 3929 549 3982 et
582 3919 818 3981 barbari
865 3939 1045 3981 unum
1087 3919 1143 3980 id
1186 3920 1566 3993 mirarentur,
1602 3929 1660 3981 et
1690 3920 1878 3998 gratia

230 4015 472 4090 martyri
503 4009 780 4070 divinitus
811 4028 1094 4071 concessa
1126 4007 1637 4089 obstupescerent.
1676 4033 1702 4065 ››

312 4099 413 4161 96.
443 4097 702 4162 Joannes
733 4102 1198 4170 Cantacuzenus,
1232 4099 1354 4179 qui,
1389 4098 1673 4160 abdicatis
1720 4117 1874 4158 anno

224 4188 385 4254 1355
417 4189 644 4268 imperii
679 4187 964 4260 fascibus,
998 4206 1198 4248 rerum
1222 4206 1255 4249 a
1283 4207 1349 4249 se
1397 4187 1646 4269 aliisque
1676 4197 1874 4266 gesta-

222 4295 361 4338 rum
397 4277 646 4339 historia
704 4276 1134 4338 conscribenda
1163 4287 1531 4338 senectutem
1567 4278 1870 4354 transegit,

219 4365 566 4429 concinnati
591 4387 627 4428 a
655 4386 719 4428 se
751 4368 925 4447 hujus
955 4367 1153 4445 operis
1191 4367 1293 4428 lib.
1331 4385 1371 4438 ι,
1413 4387 1541 4446 cap.
1579 4367 1674 4437 53,
1707 4369 1876 4428 item-

221 4474 342 4536 que
367 4455 471 4517 lib.
499 4473 587 4537 ill,
606 4475 736 4537 cap.
763 4458 800 4518 9
820 4455 1167 4537 μυροϐλύῖου,
1193 4457 1400 4518 Latine
1425 4455 1871 4536 myroblytajd

223 4543 544 4618 est,oleum
569 4563 676 4607 seu
703 4552 1079 4622 unguentum
1099 4548 1486 4608 scaturientia
1512 4545 1876 4608 stillantisve

226 4633 402 4694 titulo
454 4643 722 4695 sanctum
775 4633 1168 4709 Demetrium,
1201 4635 1339 4696 dum
1373 4635 1445 4695 de
1491 4634 1875 4696 Thessaloni-

227 4720 400 4784 censi
431 4721 606 4801 hujus
628 4741 734 4784 seu
760 4723 979 4802 templo
1012 4741 1114 4785 seu
1149 4723 1480 4783 conditorio
1514 4723 1874 4784 mentionem

230 4809 396 4885 facit,
459 4812 835 4873 condecorat.
896 4813 1057 4874 idem
1127 4812 1304 4873 etiam
1370 4811 1591 4873 faciunt
1666 4821 1880 4892 prater

229 4900 522 4963 Joannem
586 4899 989 4963 Comenialam
1045 4919 1226 4980 supra
1289 4901 1413 4980 jam
1486 4910 1878 4963 memoratum

232 4988 554 5068 scriptores
611 4991 804 5056 Graeci
860 4991 960 5053 alii
1020 5009 1137 5052 non
1200 4991 1394 5071 pauci,
1430 4997 1508 5052 ita
1561 5000 1781 5064 tamen,
1817 4999 1879 5050 ut

231 5077 418 5140 hosce
449 5081 604 5140 inter
634 5082 804 5142 etiam
839 5085 975 5157 sint,
1007 5079 1130 5160 qui,
1164 5081 1428 5161 quamvis
1459 5080 1697 5161 quidem
1723 5082 1877 5142 San-

229 5176 392 5229 ctum
444 5187 562 5229 non
609 5170 939 5249 μυροὸλύτου
983 5189 1090 5230 seu
1144 5170 1506 5250 myroblita,
1543 5169 1877 5249 μυροϐλήτου

231 5255 645 5334 nihilominus,
677 5257 835 5340 quod
868 5259 1076 5320 eodem
1102 5259 1341 5333 recidit,
1369 5279 1474 5321 seu
1505 5257 1872 5340 myrobleta,

233 5343 297 5406 id
349 5353 458 5420 est,
492 5347 686 5408 oleum
743 5366 848 5409 seu
907 5357 1270 5426 unguentum
1321 5348 1648 5410 emittentis
1681 5346 1874 5417 titulo,

236 5437 718 5498 nomenclatione
751 5456 784 5498 a
810 5437 1053 5498 vocibus
1084 5438 1304 5500 Graecis
1329 5440 1514 5516 μυρὸν,
1547 5437 1740 5500 oleum
1773 5454 1878 5497 seu

235 5534 638 5604 unguentum,
679 5537 737 5586 et
765 5526 998 5602 βάλλειν,
1031 5527 1273 5588 mittere
1306 5546 1407 5588 seu
1440 5529 1732 5607 emittere,
1768 5525 1875 5586 de-

242 5609 445 5695 duCta,
467 5614 747 5676 afficiant.
786 5616 1077 5679 Caterum
1097 5623 1159 5676 ut
1180 5615 1572 5696 scriptoribus
1590 5617 1713 5696 jam
1745 5615 1877 5678 lau-

1959 1861 2320 1938 myrothecio
2349 1860 2373 1922 ζ’
2406 1885 2433 1916 »

2035 1993 2134 2054 97.
2177 1992 2430 2073 «Neque
2459 1992 2604 2054 illud
2641 1993 2952 2054 immotum
2987 2009 3183 2072 neque
3207 1992 3604 2073 imperturba~

1957 2087 2076 2140 tum
2103 2081 2316 2141 furoris
2341 2082 2759 2161 exsuperantia
2781 2088 3236 2153 conservarunt,
3261 2082 3366 2158 qui
3395 2091 3604 2147 contra

1956 2188 2064 2231 nos
2115 2171 2293 2231 veluti
2360 2171 2564 2232 bestiae
2617 2171 3033 2233 immansueta
3061 2173 3423 2250 savierant;
3483 2193 3603 2237 non

1956 2261 2227 2321 eamdem
2256 2266 2454 2321 tamen
2485 2259 2561 2320 ob
2593 2277 2858 2334 causam,
2888 2259 2962 2321 ob
2994 2279 3172 2341 quam
3197 2261 3312 2322 alia
3340 2261 3603 2344 antiqui-

1957 2357 2050 2410 tus
2101 2368 2207 2430 per
2236 2369 2343 2410 nos
2391 2349 2664 2430 sepulcra
2713 2358 3007 2412 exstructa
3062 2359 3329 2412 reserata
3358 2361 3496 2414 sunt
3539 2361 3604 2415 et

1956 2437 2195 2518 dijecta,
2233 2447 2289 2500 et
2332 2439 2681 2500 cadaverum
2742 2439 3031 2519 reliquia,
3067 2439 3126 2500 in
3176 2441 3262 2502 eis
3309 2442 3598 2520 jacentes,

1959 2545 2138 2607 super
2164 2538 2378 2589 terram
2404 2529 2687 2609 dispersa
2714 2550 2726 2586 :
2761 2535 2820 2589 in
2854 2529 2972 2590 illis
2996 2530 3154 2590 enim
3177 2529 3389 2591 Turca
3413 2549 3601 2610 pecu-

1957 2618 2090 2678 nias
2138 2636 2172 2678 a
2203 2617 2428 2680 civibus
2476 2619 2786 2699 repositas,
2821 2637 2998 2680 causa
3046 2619 3164 2698 iam
3216 2628 3596 2700 pranarrata,

1959 2724 2261 2786 reperere,
2301 2715 2733 2788 proptereaque
2763 2707 2888 2768 fere
2940 2707 3139 2768 omnia
3168 2716 3227 2768 et
3254 2718 3601 2772 reserarunt

1959 2805 2015 2856 et
2044 2795 2503 2878 subverterunt;
2539 2805 2596 2858 at
2627 2799 2721 2858 hic
2751 2796 2975 2877 duplici
3003 2797 3079 2859 de
3108 2816 3286 2859 causa
3317 2807 3437 2859 tum
3467 2817 3602 2878 pro-

1957 2895 2092 2965 pter
2138 2905 2206 2946 ex
2239 2905 2358 2946 non
2411 2905 2594 2966 parvo
2625 2904 2767 2947 auro
2814 2895 2871 2946 et
2926 2895 3171 2964 argento
3198 2897 3257 2948 et
3304 2887 3599 2968 lapidibus

1957 2973 2238 3054 pretiosis
2268 2993 2380 3037 nec
2412 2995 2530 3037 non
2562 2985 2619 3039 et
2649 2975 2903 3054 gemmis
2957 2977 3113 3038 circa
3143 2976 3288 3038 illud
3347 2996 3598 3057 compo-

1955 3063 2135 3125 situm
2190 3073 2486 3138 ornatum,
2524 3074 2642 3126 tum
2681 3072 2921 3144 propter
2968 3067 3278 3128 sanitatem
3310 3066 3600 3129 exhibens

1895 3169 1934 3220 α
1958 3151 2218 3214 divinum
2253 3165 2648 3232 unguentum.
2683 3154 2970 3216 Nonnulli
2997 3157 3155 3216 enim
3189 3162 3433 3216 ornatus
3461 3165 3599 3218 tan-

1961 3251 2078 3302 tum
2107 3245 2290 3321 gratia
2307 3243 2454 3304 illud
2478 3244 2906 3325 despoliarunt;
2927 3243 3048 3318 alii,
3078 3243 3252 3305 nobis
3271 3254 3604 3320 unguento-

1961 3349 2089 3394 rum
2115 3333 2476 3395 afﬂuentiam
2500 3332 2860 3406 invidentes,
2883 3341 2941 3394 et
2963 3351 3094 3410 qua
3112 3333 3253 3394 inde
3282 3333 3604 3411 subsequi-

1961 3429 2075 3497 tur,
2104 3424 2356 3485 sanitate
2374 3441 2480 3484 nos
2506 3429 2729 3502 private
2746 3423 3083 3502 cupientes,
3111 3432 3178 3482 ut
3207 3423 3266 3483 in
3291 3431 3596 3502 posterum

1960 3511 2060 3571 illa
2089 3513 2257 3573 nobis
2290 3513 2607 3591 medicina,
2633 3531 2766 3573 cum
2801 3530 2949 3591 opus
2980 3518 3160 3587 esset,
3195 3511 3356 3572 nulla
3374 3529 3601 3592 suppe-

1956 3600 2508 3682 teret.Quapropter
2540 3601 2916 3680 superstratis
2948 3599 3346 3660 marmoribus
3376 3599 3596 3678 disjec-

1956 3688 2050 3761 tis,
2073 3699 2372 3768 unguenta
2402 3710 2522 3751 non
2555 3691 2671 3750 levi
2703 3689 2836 3750 nisu
2865 3689 3240 3767 exhauriunt,
3270 3698 3327 3750 et
3357 3701 3595 3750 sacrum

1956 3777 2340 3858 divinumque
2378 3783 2646 3859 martyris
2670 3795 2887 3857 corpus
2908 3795 3257 3857 expromere
3274 3785 3588 3840 conantur.

1962 3866 2374 3945 Opinabantur
2393 3868 2685 3944 siquidem
2720 3865 3086 3945 propositum
3120 3865 3592 3946 cousequi,nos-

1960 3975 2077 4032 que
2101 3965 2536 4032 unguentorum
2566 3956 3048 4016 inexhaustorum
3071 3954 3130 4015 in
3155 3953 3470 4017 orbitatem
3504 3974 3598 4017 re-

1959 4045 2184 4124 digere.
2199 4044 2825 4124 Verumtamen,quem
2843 4044 2957 4104 sibi
2972 4053 3198 4106 temere
3211 4053 3604 4125 proposuerat

1961 4153 2164 4194 eorum
2200 4134 2405 4214 libido,
2434 4136 2608 4195 tinem
2637 4153 2752 4194 non
2786 4131 3010 4195 habuit.
3047 4135 3160 4195 Per
3188 4134 3600 4214 pluresitaque

1959 4224 2089 4285 dies
2118 4223 2402 4285 ambabus
2425 4224 2698 4284 manibus
2722 4231 3085 4302 unguentum
3113 4223 3594 4299 exhauriebatur,

1961 4323 2020 4375 et
2049 4312 2400 4394 quibusdam
2437 4313 2609 4394 plane
2655 4311 2973 4374 ridiculum
3003 4311 3352 4387 videbatur;
3383 4321 3462 4388 at,
3496 4313 3600 4394 qui

1960 4403 2090 4484 plus
2143 4402 2274 4464 aliis
2305 4403 2632 4483 sepiebant,
2667 4419 2826 4463 cura
2877 4408 3003 4462 erat
3052 4401 3197 4462 illud
3243 4402 3303 4462 in
3351 4401 3598 4482 patriam

1895 4492 2308 4578 Dperducere,
2343 4502 2566 4554 etcum
2624 4489 2962 4554 reverentia
3001 4491 3406 4572 religioneque
3453 4509 3600 4552 con-

1961 4590 2232 4642 trectare.
2269 4581 2414 4643 Nam
2447 4583 2520 4645 ah
2551 4585 2818 4663 expertis
2866 4581 3232 4655 audiverant,
3267 4582 3336 4643 ad
3369 4580 3601 4662 quosli-

1963 4671 2062 4731 bet
2095 4671 2334 4731 morbos
2383 4672 2836 4732 medicinalibus
2867 4671 3012 4748 ipsis
3053 4670 3384 4751 pharmacis
3415 4671 3600 4731 multo

1961 4758 2262 4820 efﬁcacius
2288 4777 2442 4822 esse.
2476 4759 2871 4820 Nihilominus
2905 4768 3345 4837 unguentorum
3378 4759 3598 4820 fontem

1963 4867 2080 4909 non
2134 4856 2376 4927 potuere
2427 4867 2620 4928 neque
2677 4847 2998 4927 exsiccare,
3030 4867 3223 4928 neque
3272 4851 3599 4922 exinanire,

1966 4938 2230 5017 quamvis
2261 4938 2320 4999 id
2351 4937 2778 5000 contentiosius
2829 4937 3202 5013 multumque
3234 4955 3340 5016 per
3369 4947 3602 5017 tempus

1963 5027 2316 5109 niterentur,
2341 5037 2398 5089 et
2427 5028 2716 5090 merito...
2749 5044 2942 5107 neque
2959 5025 3119 5087 enim
3149 5027 3410 5086 humana
3438 5043 3599 5087 exa-

1961 5124 2165 5196 quant,
2203 5136 2334 5197 qua
2363 5117 2520 5179 Deus
2550 5117 2744 5196 dignis
2791 5115 3091 5194 elargitur,
3125 5114 3301 5178 sicuti
3333 5133 3443 5176 nec
3489 5113 3600 5175 iis-

1961 5207 2093 5267 dem
2130 5205 2399 5268 terminis
2427 5206 2758 5286 subjacent.

2046 5343 2146 5406 98.
2184 5347 2374 5424 Atque
2406 5344 2533 5406 hac
2563 5351 2702 5404 sunt
2731 5342 3048 5424 pracipua,
3080 5359 3215 5419 qua
3242 5339 3302 5400 in
3335 5338 3599 5401 medium

1966 5432 2064 5494 hic
2095 5432 2442 5494 adducendo
2477 5433 2638 5508 duxi,
2673 5433 3027 5513 scriptorum
3057 5431 3130 5492 de
3163 5437 3462 5508 unguento
3493 5447 3600 5490 seu

1966 5524 2118 5597 oleo,
2148 5523 2300 5602 quod
2338 5541 2369 5584 e
2391 5522 2590 5585 Sancti
2616 5541 2720 5583 seu
2744 5538 2993 5601 corpore
3022 5538 3128 5582 seu
3163 5519 3389 5581 tumulo
3411 5518 3600 5580 stilla-

1962 5615 2065 5692 vit,
2101 5614 2459 5690 testimonia;
2492 5630 2667 5676 nemo
2697 5621 2916 5689 autem,
2940 5618 3222 5692 quantum
3246 5610 3598 5692 opinor,est,
