4020 6132
498 302 653 371 1139

1858 306 2503 369 SUPI‘LEMENTUM.

3708 311 3833 376 lliO

501 438 633 523 qui,
656 436 827 499 hisce
851 434 1152 515 expensis,
1186 435 1263 495 de
1294 436 1381 496 rei
1412 435 1659 496 veritate
1691 444 1990 515 utcunque
2020 448 2209 499 ειη-Α
2236 438 2490 520 positum
2551 445 3041 519 exsequerentur,
3103 440 3539 518 unguentorum
3613 440 3767 503 illinc
3809 455 3835 497 ο

494 529 677 610 bigat.
705 528 950 597 Verum,
978 533 1041 585 ut
1069 523 1141 585 ad
1168 542 1260 597 ea,
1288 542 1419 603 qua
1452 524 1630 585 dubia
1652 524 2144 609 discutiendaque

492 627 785 699 praterea
806 614 901 676 hic
921 614 1202 693 sunt,jam
1228 614 1480 687 veniam,
1506 614 1881 694 quandonam
1918 618 2147 696 insigne

491 708 644 771 illud
670 725 739 768 ac
758 709 1104 766 continuum
1142 702 1257 764 olei
1287 722 1389 765 seu
1424 705 1787 782 unguenti,e
1820 705 2015 767 Sancti
2040 725 2144 768 seu

493 811 751 875 corpore
780 812 883 853 seu
920 792 1148 852 tumulo
1195 792 1599 863 scaturientia,
1639 793 1969 873 prodigium
2020 796 2145 855 ﬁeri

493 886 749 967 primum
784 882 1053 961 incepit?
1083 883 1225 944 Cum
1254 882 1511 943 Joannes
1539 881 1902 958 Cameniata,
1937 892 1998 944 ut
2021 884 2143 963 jam

494 972 693 1052 docui,
725 969 941 1033 saculo
962 968 1194 1030 decimo
1217 970 1504 1043 floruerit,
1531 971 1934 1048 Sanctumque
1950 971 2142 1052 Myro-

492 1062 665 1143 blyta
688 1060 856 1121 titulo
880 1058 1271 1139 afﬁciat,quin
1289 1060 1410 1138 jam
1442 1058 1586 1120 inde
1607 1058 1678 1120 ab
1694 1058 1903 1121 eodem
1930 1062 2144 1122 saculo

494 1150 729 1213 decimo
759 1158 1127 1227 unguentum
1193 1166 1296 1209 seu
1330 1150 1527 1209 oleum
1563 1166 1596 1209 e
1647 1149 1835 1211 sancti
1862 1148 2144 1215 Demetrii

492 1238 722 1301 tumulo
773 1237 1036 1310 stillarit,
1073 1236 1463 1298 dubitandum
1502 1255 1619 1297 non
1665 1246 1754 1298 est
1791 1259 1806 1314 ;
1840 1239 1959 1299 imo
2007 1257 2145 1299 vero

492 1346 629 1389 cum
658 1327 862 1388 titulus
890 1325 990 1386 ille
1020 1344 1136 1385 non
1168 1333 1305 1385 tunc
1339 1325 1621 1404 primum,
1643 1343 1776 1386 cum
1809 1338 2019 1387 auctor
2044 1328 2145 1389 ille

490 1417 752 1493 ﬂoreret,
776 1417 989 1478 Sancto
1020 1414 1276 1476 tributus
1301 1414 1484 1476 fuisse
1508 1414 2003 1487 videatur,oleum
2040 1434 2143 1477 seu

492 1514 858 1585 unguentum
914 1523 983 1565 ex
1014 1505 1144 1584 ejus
1175 1521 1279 1564 seu
1327 1522 1578 1583 corpore
1616 1522 1719 1564 seu
1754 1504 1977 1565 tumulo
2020 1506 2141 1584 jam

488 1594 629 1656 inde
649 1613 680 1654 a
698 1593 913 1655 saculo
939 1611 1094 1653 nono
1119 1601 1220 1653 aut
1240 1592 1415 1653 etiam
1440 1602 1643 1654 octavo
1664 1592 1999 1672 prodigiose
2024 1593 2145 1654 stil-

489 1683 669 1760 lassa,
695 1683 853 1744 haud
887 1682 1207 1743 difﬁculter
1232 1681 1616 1745 crediderim.
1654 1685 1865 1742 Verum
1892 1700 2031 1742 num
2058 1682 2146 1741 ci-

2228 538 2482 610 martyre
2528 529 2788 590 stillante
2846 528 3018 609 c0pia
3063 529 3478 607 obruerentur,
3513 530 3838 593 abscindere

2225 626 2575 697 satagentes.
2618 642 2639 675 ι

2309 698 2621 771 100.ουοά
2646 698 2696 760 si
2718 717 2858 778 ergo
2878 698 3110 763 Joanne
3138 699 3448 763 Staurocio
3468 699 3741 763 standum
3757 702 3839 782 sit,

2222 789 2345 868 jam
2367 788 2506 849 inde
2531 807 2564 849 a
2586 788 2902 851 Justiniani
2932 789 2956 850 Ι
2988 789 3391 869 imperatoris,
3417 792 3518 871 qui
3552 791 3627 851 ab
3652 791 3840 871 aliqui-

2232 877 2339 937 bus
2371 877 2562 955 Magni
2586 877 2753 938 titulo
2784 878 3242 957 condecoratur,
3265 886 3439 940 atate
3466 898 3538 941 ac
3563 879 3727 959 proin
3740 879 3841 958 jam

2228 965 2371 1027 inde
2400 985 2433 1027 a
2467 966 2686 1028 saculo
2731 974 2919 1047 sexto,
2951 968 3122 1047 cujus
3171 986 3327 1029 anno
3358 968 3439 1029 65
3467 968 3521 1028 is
3556 967 3719 1045 obiit,
3750 988 3842 1028 un-

2230 1066 2512 1133 guentum
2539 1074 2643 1117 seu
2675 1056 2869 1117 oleum
2895 1075 2927 1118 e
2958 1057 3184 1119 tumulo
3207 1075 3313 1117 seu
3342 1058 3537 1133 potius
3567 1059 3841 1138 spectatis,

2229 1163 2362 1225 qua
2380 1147 2501 1225 jam
2536 1153 2781 1209 recitata
2811 1156 2970 1220 sunt,
2992 1146 3212 1227 verbis,
3234 1147 3433 1209 Sancti
3455 1165 3715 1228 corpore
3734 1166 3843 1207 sca-

2228 1235 2413 1309 turiit,
2442 1244 2499 1295 et
2522 1234 2788 1311 quidem,
2819 1243 2883 1295 ut
2904 1235 3382 1298 luculentissima
3402 1236 3577 1298 hisce
3600 1236 3838 1313 traditur,

2227 1324 2882 1404 ingenticopia.Verum
2907 1334 3306 1406 sunt,qua,an
3323 1328 3444 1405 jam
3465 1332 3595 1387 tum
3622 1326 3841 1388 eDeme-

2229 1415 2323 1475 trii
2347 1430 2599 1494 corpore
2620 1423 2986 1492 unguentum
3016 1432 3122 1476 seu
3148 1433 3320 1494 parva
3335 1433 3441 1476 seu
3466 1434 3687 1493 magna
3705 1416 3843 1494 copia

2227 1503 2485 1582 stillarit,
2516 1502 2764 1563 dubium
2794 1502 3138 1576 admodum,
3166 1523 3242 1565 ne
3272 1504 3410 1583 quid
3436 1504 3618 1583 pejus
3653 1505 3839 1583 dicam,

2227 1592 2608 1654 efﬁciunt.Ac
2624 1592 2813 1671 primo
2831 1592 3075 1669 quidem
3102 1594 3845 1659 Joannes.Thessalonicen-

2227 1682 2308 1743 sis
2339 1681 2846 1761 archiepiscopus,
2882 1681 2983 1742 lib.
3020 1700 3034 1742 l
3071 1682 3539 1759 Miracuiorum,
3568 1688 3770 1764 cap.5,
3794 1685 3840 1744 in

491 1776 607 1834 tius
657 1774 833 1833 etiam
893 1773 1162 1832 miraculi
1215 1770 1392 1850 hujus
1420 1770 1658 1831 initium
1703 1772 1876 1831 statui
1908 1778 2089 1851 possit
2120 1771 2203 1855 ΥΒ
2228 1771 2490 1830 medium
2516 1769 3108 1849 adducitepistolam,
3133 1772 3203 1831 ad
3236 1772 3580 1833 Mauritium
3617 1775 3843 1851 impera-

488 1862 718 1925 Poterit
742 1879 906 1935 sane,
935 1869 1111 1941 atque
1138 1860 1317 1922 etiam
1347 1859 1614 1939 debebit,
1642 1860 1691 1921 si
1724 1860 1898 1921 modo
1930 1860 2142 1923 Joanni

490 1950 799 2012 Stauracio
825 1951 883 2010 in
913 1968 1042 2023 sua,
1072 1966 1203 2028 qua
1224 1948 1417 2028 qualis
1438 1950 1535 2027 sit,
1564 1967 1744 2028 supra
1773 1958 2039 2030 exposui,
2067 1951 2142 2012 de

489 2039 733 2121 patratis
757 2047 1011 2099 asancto
1050 2037 1351 2100 Demetrio
1385 2039 1693 2100 miraculis
1726 2038 2142 2102 lucubratione

488 2128 568 2190 sit
595 2128 987 2191 credendum.
1021 2126 1261 2189 Etenim
1299 2128 1543 2190 Gracus
1576 2128 1625 2188 is
1657 2128 1938 2208 scriptor,
1972 2130 2142 2206 cujus

488 2218 747 2297 proinde
778 2217 957 2278 verba
986 2236 1105 2277 una
1127 2235 1260 2277 cum
1285 2217 1588 2295 adjuncta,
1621 2235 1797 2297 quam
1829 2217 2135 2290 adornavi,

486 2307 762 2370 versione
813 2306 994 2367 latina
1028 2306 1143 2367 huc
1174 2306 1488 2381 transfero,
1526 2308 1583 2367 in
1615 2307 1821 2368 codice
1863 2317 2066 2369 nostro
2092 2308 2140 2387 1-

487 2415 604 2459 ms.
663 2398 803 2467 193,
837 2414 969 2476 pag.
1007 2396 1105 2469 73,
1143 2396 1223 2457 ita
1257 2396 1505 2457 scribit:
1570 2396 1964 2455 Μετοκαλεῖται
1993 2399 2136 2470 ἡμᾶς

485 2488 553 2543 τὰ
610 2490 725 2565 περὶ
786 2485 1157 2544 Ἰουστινιανὸν
1221 2486 1310 2541 τὸν
1364 2485 1530 2561 μέγαν
1590 2486 1969 2563 αὐτοκράτορα.
2030 2486 2133 2543 Οὖσ-

484 2597 577 2641 τος
629 2575 927 2656 ἀφύλακτον
984 2574 1160 2636 ἄλλως
1214 2574 1366 2653 ἔχειν
1416 2575 1475 2630 τὸ
1527 2579 1625 2641 τῆς
1669 2574 1941 2650 βασιλείας
2006 2580 2136 2642 σκῆ-

486 2687 648 2743 πτρον
701 2663 1061 2742 ὑπὲλογίζετο.
1122 2664 1167 2719 εἰ
1198 2664 1274 2738 μή
1323 2665 1425 2720 πού
1482 2685 1530 2719 τι
1575 2669 1680 2720 τῶν
1741 2671 2137 2742 Δημητριακῶν

486 2751 757 2829 λειψάνων
815 2759 1213 2830 σοστρατηγοῦν
1284 2754 1450 2828 αὐτῷ,
1516 2750 1721 2827 μᾶλΑον
1792 2752 1847 2809 δὲ
1920 2775 2133 2833 προμα-

485 2842 617 2922 χὸὖν
646 2843 970 2919 ἱπιφέροιτο.

566 2927 664 2991 99.
747 2930 1039 3007 Γράμματα
1110 2930 1283 2987 τοίνυν
1341 2930 1500 2987 αὐτοῦ
1575 2933 1664 2989 καὶ
1724 2932 2030 3009 προθέματα
2099 2934 2133 3000 ἡ

491 3019 923 3075 Θεσσαλονικέων
1004 3033 1160 3099 εἶχεν
1214 3021 1288 3083 εἰς
1346 3019 1603 3090 ἐπήκοον,
1665 3021 1823 3098 μέρος
1883 3044 1985 3077 που
2038 3021 2133 3089 τῆς

486 3109 814 3186 μαρωρικῆς
904 3107 1133 3187 διαρτίας
1234 3116 1327 3165 τοῦ
1428 3109 1675 3184 σώματος
1768 3109 2131 3185 ἐξαιτούμενοι,

486 3202 929 3275 Γνωσιμαχοῦσιν
1010 3201 1045 3265 ἡ
1097 3196 1254 3259 πόλις
1332 3204 1499 3269 πᾶσα,
1568 3200 1655 3254 καὶ
1712 3205 1790 3273 τῷ
1867 3199 2136 3276 πράγματι

487 3281 909 3364 δυσχεραίνουσι,
963 3286 1297 3360 κάμπτονται
1334 3281 1394 3341 δὲ
1454 3285 1601 3360 ὅμως
1656 3292 1725 3362 τῇ
1783 3288 1989 3358 αἰτήσει
2047 3294 2139 3344 τοῦ

486 3372 874 3451 αὐτοκράτορος
959 3376 1034 3437 ὡς
1118 3375 1178 3431 ἐκ
1261 3375 1488 3438 πίστεως
1568 3375 1846 3449 ὲληλυθυίᾳ
1924 3376 2137 3454 ειλικροο

486 3464 629 3525 νοῦς·
688 3465 777 3519 καὶ
807 3462 871 3531 δή
921 3468 1167 3537 παρῆσαν
1219 3463 1317 3539 μὲν
1381 3464 1429 3520 οἱ
1476 3464 1576 3530 τὴν
1633 3466 1823 3542 ὀρυκὴν
1875 3465 1935 3522 ἐκ
1991 3465 2138 3523 πλα-

484 3554 598 3629 γὲον
667 3556 768 3618 τῆς
843 3559 1176 3630 μαρτυρικής
1257 3560 1416 3628 σοροῦ
1482 3556 1880 3630 σκευαζόμενοι·
1963 3553 2137 3618 ἄλλως

481 3641 583 3718 γὰρ
638 3647 753 3704 πῶς
785 3641 852 3717 τῇ
894 3644 1121 3718 τοσαύτῃ
1179 3647 1285 3698 τῶν
1317 3640 1494 3720 μόρων
1548 3642 1847 3721 πλημμύρᾳ
1917 3648 1944 3701 ὁ
1997 3668 2139 3721 μαρ-

482 3751 702 3794 τυπικος
756 3733 1017 3805 θησαυρὸς
1100 3732 1479 3809 ἀνηρεύνητο;
1552 3741 1654 3791 Τοῦ
1715 3734 2024 3811 πράγματος
2084 3734 2138 3789 δὲ

482 3818 636 3882 ὅλαις
698 3819 921 3900 εἴχοντο
979 3834 1103 3885 ταῖς
1184 3822 1362 3900 χερσὶ,
1416 3820 1671 3879 δάκτυλόν
1720 3846 1819 3879 που
1870 3824 2037 3903 τυχὸν
2102 3826 2138 3892 ἢ

483 3909 768 3988 βραχίονα,
804 3909 840 3977 ἢ
885 3907 1017 3967 ἄλλο
1070 3931 1122 3965 τι
1178 3909 1339 3988 μέρος
1393 3911 1490 3979 τῆς
1552 3934 1876 3991 μαρτυρικης
1935 3914 2137 3987 ὁλομε-

482 3995 626 4062 λείας
698 4000 814 4072 μεθ’
879 3998 1005 4056 ὅσου
1062 4007 1154 4056 τοῦ
1224 4001 1423 4079 τάχους
1494 4000 1771 4075 ἀρπαὶέως
1840 4002 2135 4081 τεμαχιζό-

483 4106 660 4161 μενοι.
721 4088 794 4151 ὡς
868 4088 945 4161 μὴ
1002 4089 1190 4167 φθάσοι
1253 4091 1465 4152 τούτους
1541 4088 1865 4149 κατακλῦσαι
1924 4093 1958 4158 ἡ
2028 4091 2135 4146 τῶν

484 4175 660 4253 μύρων
720 4176 926 4233 ἐκεῖθεν
999 4185 1089 4234 τοῦ
1160 4179 1416 4256 μάρτυρος
1480 4177 1816 4244 ἐκπηδάουσα
1874 4177 2122 4242 ἄϐυσσος.

2229 1867 2440 1932 torem,
2472 1877 2604 1920 cum
2634 1858 2731 1920 hic
2753 1878 2988 1940 quoque
3011 1859 3393 1938 reliquiarum
3435 1869 3630 1923 sancti
3656 1862 3841 1924 Deme-

2226 1949 2321 2011 trii
2340 1957 2567 2029 partem
2590 1946 3045 2028 postulasset,ab
3062 1947 3844 2023 Eusebio,Thessalonicensi

2225 2037 2334 2099 sub
2360 2036 2558 2098 saculi
2581 2037 2729 2097 sexti
2753 2037 2929 2098 ﬁnem
2959 2038 3843 2121 archiepiscopo,scriptam,qua

2224 2128 2319 2189 hic
2349 2127 2449 2207 qui
2481 2125 2618 2187 olim
2652 2144 2757 2207 per
2784 2126 3183 2189 Justinianum
3216 2127 3694 2209 [imperatorem
3727 2130 3845 2191 reli-

2222 2217 2496 2298 quiarum
2522 2218 2711 2280 sancti
2735 2217 3020 2279 Demetrii
3048 2237 3185 2299 pars
3205 2219 3501 2298 postulata
3528 2221 3732 2282 fuisset
3758 2238 3844 2281 nec

2223 2322 2433 2378 tamen,
2458 2311 2731 2367 miraculo
2756 2325 2888 2367 mox
2923 2312 3292 2369 memorando
3326 2312 3841 2378 obstante.obtenta.

2218 2396 2529 2475 signiﬁcat,
2563 2396 2916 2476 rationeque
2971 2397 3112 2458 inde
3169 2398 3351 2478 petita
3401 2417 3541 2460 sese
3571 2400 3645 2460 ab
3687 2400 3838 2462 adim-

2219 2485 2437 2564 plendo
2463 2486 2720 2547 Mauritii
2743 2486 3031 2565 postulato
3046 2490 3835 2562 excusat.Verum,lieettunc

2218 2572 2463 2631 bumum
2496 2572 2637 2647 loci,
2669 2592 2787 2653 quo
2814 2572 3015 2635 Sancti
3036 2594 3249 2654 corpus
3261 2576 3465 2655 jacere
3492 2579 3829 2640 reconditum

2216 2659 2598 2742 credeqatur,
2630 2680 2663 2723 a
2694 2662 2833 2722 viris
2865 2664 3187 2738 nonnullis,
3238 2685 3354 2745 quo
3385 2684 3627 2728 sacrum
3661 2669 3831 2747 pignus

2219 2749 2579 2831 invenirent,
2601 2751 2789 2813 fuisse
2821 2752 3119 2828 effossam,
3145 2754 3431 2817 Eusebius
3456 2756 3523 2816 in
3558 2758 3711 2819 dicta
3730 2757 3829 2836 epi-

2218 2840 2370 2900 stola
2402 2851 2853 2917 commemoret,
2887 2861 2963 2904 ne
3004 2843 3095 2904 vel
3126 2842 3305 2905 verbo
3340 2852 3543 2906 tamen
3581 2844 3827 2926 unguenti

2219 2947 2323 2989 seu
2356 2929 2495 3005 olei,
2529 2930 2687 3011 quod
2719 2951 2750 2990 e
2784 2931 2912 2994 loco
2964 2933 3105 3007 iato,
3140 2930 3415 2995 Sanctive
3446 2953 3702 3017 corpore
3729 2944 3830 2995 tunc

2220 3018 2846 3095 stillarit,mentionem
2870 3021 3027 3083 focit.
3063 3025 3275 3085 Parum
3299 3032 3501 3085 autem
3534 3025 3831 3086 verosimilo

2220 3116 2487 3189 apparet,
2524 3109 2774 3188 prodigii
2822 3110 3187 3192 hujusmodi,
3220 3131 3337 3193 quo
3394 3112 3551 3175 adeo
3611 3122 3672 3174 ut
3710 3111 3833 3173 nulla

2221 3216 2357 3275 sane
2382 3215 2447 3261 re
2479 3204 2681 3273 magis,
2707 3202 2973 3261 Demetrii
3008 3205 3339 3275 sepulcrum
3363 3221 3465 3263 seu
3489 3207 3834 3265 conditorium

2220 3274 2427 3344 fuisset
2452 3283 2709 3362 illustre,
2744 3274 3110 3348 mentionem
3154 3286 3376 3367 ipsum,
3409 3288 3456 3348 si
3488 3288 3685 3350 locum
3714 3284 3837 3349 istud

2213 3372 2340 3452 jam
2367 3380 2491 3433 tum
2517 3372 2844 3448 habuisset,
2870 3374 3162 3437 facturum
3198 3394 3318 3437 non
3352 3375 3623 3440 fuissein
3650 3376 3837 3439 laudata

2222 3460 2494 3542 epistola,
2528 3462 2589 3523 in
2620 3481 2733 3543 qua
2765 3481 2883 3524 non
2908 3482 3095 3544 pauca
3120 3465 3195 3527 de
3216 3465 3554 3529 conditorio
3579 3467 3704 3540 isto,
3733 3484 3835 3536 seu,

2222 3559 2286 3611 ut
2334 3550 2620 3631 loquitur,
2653 3552 2727 3613 de
2787 3553 2943 3634 loco,
2978 3573 3099 3629 quo
3133 3572 3367 3615 sacrum
3420 3554 3629 3618 Sancti
3658 3569 3834 3633 corpus

2214 3640 2421 3720 jacere
2444 3640 2818 3703 reconditum
2846 3642 3294 3717 credebatur,in
3318 3644 3586 3707 medium
3610 3643 3829 3707 adducit.

2303 3731 2440 3792 101.
2467 3729 2707 3792 Adhac.
2742 3731 2900 3792 viros
2930 3732 3031 3812 qui
3057 3733 3246 3794 sancti
3269 3752 3484 3815 corpus
3505 3744 3825 3815 quarentes,

2222 3819 2471 3880 humum
2528 3819 2791 3881 effodere
2822 3830 3145 3903 coeperant,
3183 3823 3319 3901 igne
3348 3841 3384 3885 e
3426 3834 3590 3885 terra
3619 3827 3671 3884 in
3700 3824 3826 3901 ipsos

2223 3908 2555 3988 prodigiose
2588 3920 2963 3990 erumpente,
2987 3910 3059 3972 ab
3091 3930 3273 3991 opere
3304 3912 3547 3992 incepto
3582 3913 3825 3975 desistere

2218 3998 2401 4059 fuisse
2420 3998 2780 4078 compulsos,
2795 3999 2950 4061 idem
2974 3999 3266 4062 Eusebius
3288 4002 3344 4061 in
3368 4002 3605 4063 laudata
3620 3998 3821 4082 epistola

2218 4085 2421 4165 refert,
2455 4087 2738 4167 additque
2769 4089 2936 4149 humi
2978 4098 3231 4170 partem,
3256 4109 3388 4170 qua
3419 4110 3491 4153 ex
3515 4096 3820 4169 igneerum-

2220 4184 2395 4256 pente
2409 4176 2789 4255 fragrantiam
2809 4176 3171 4240 ineffabilem
3195 4180 3553 4243 mirabiliter
3567 4189 3817 4241 contraxe-

488 4265 911 4361 ilustinianus
951 4267 1199 4344 Magnus
1227 4266 1556 4347 imperator
1586 4267 1760 4327 modo
1794 4284 1901 4326 nos
1932 4276 2122 4329 vocat.
2207 4272 2316 4361 rat,
2342 4265 2877 4361 adjustinianum,
2911 4268 3010 4347 qui
3038 4276 3094 4329 et
3128 4268 3310 4345 illam,
3343 4289 3462 4331 non
3487 4289 3661 4335 secus
3679 4278 3817 4361 atque

480 4350 593 4415 Hic
622 4372 754 4414 sese
786 4354 1028 4435 imperii
1051 4367 1359 4433 sceptrum
1393 4354 1549 4414 haud
1577 4363 1766 4416 tutum
1786 4354 2123 4418 habiturum
2208 4354 2400 4434 ipsum
2426 4354 2623 4417 Sancti
2646 4373 2884 4435 corpus,
2912 4376 3044 4418 cum
3078 4358 3281 4419 laetitia
3301 4350 3813 4440 acceperit,postu-i

481 4442 875 4518 existimabat,
914 4443 1029 4505 nisi
1058 4443 1201 4522 quid
1233 4442 1622 4518 reliquiarum
1653 4442 2121 4525 Demetrii,quod

2212 4453 2462 4514 latarum
2497 4453 2887 4533 reliquiarum
2918 4458 3043 4517 loco
3069 4457 3311 4519 missam
3340 4458 3553 4533 fuisse,
3579 4456 3796 4533 tinguent

480 4548 686 4591 secum
718 4530 815 4591 hic
877 4531 1207 4592 exercitum
1242 4530 1509 4627 duceret,
1543 4549 1649 4593 seu
1703 4533 1899 4613 potius
1932 4553 2036 4615 pro
2065 4554 2129 4597 se
2155 4533 2408 4605 Dantem
2449 4562 2556 4603 seu
2587 4530 2727 4621 olei,
2761 4564 2793 4605 e
2827 4544 3028 4607 Sancti
3060 4565 3166 4607 seu
3200 4566 3453 4627 corpore
3503 4530 3605 4611 seu
3635 4530 3805 4607 tumulo

481 4628 793 4698 pagnaret,
828 4626 1323 4698 consequeretur.
1376 4617 1635 4682 Litteras
1694 4640 1855 4699 ergo,
1892 4633 1952 4684 et
2001 4644 2132 4704 qua

479 4707 687 4768 audire
712 4707 1476 4789 posset,mandata,partem
1499 4711 1839 4791 quampiam
1863 4715 2131 4794 corporis

482 4795 758 4876 martyris
788 4795 1107 4877 exigentia,
1139 4795 1694 4860 Thessalonicensis
1723 4800 1927 4863 civitas
1955 4802 2029 4864 ab
2058 4822 2131 4865 eo

477 4886 718 4964 accipit.
750 4882 904 4948 Urbs
927 4894 1046 4947 tota
1071 4897 1388 4968 repugnat,
1417 4906 1666 4968 remque
1690 4907 1848 4968 agre
1869 4890 2126 4965 fert;im-

480 4976 991 5057 peratoristamen
1015 4976 1512 5056 petitione,veluti
1536 4996 1569 5038 e
1592 4978 1822 5041 sincera
1849 4980 1965 5041 ﬁde
1990 5000 2131 5060 pro-

476 5064 753 5138 cedente,
779 5064 1065 5140 flectitur,
1096 5066 1451 5147 adsuntque,
1488 5067 1590 5145 qui
1619 5084 1652 5127 a
1681 5067 1920 5130 sinistro
1954 5070 2133 5132 loculi

477 5154 753 5233 martyris
785 5154 972 5216 latere
1019 5156 1227 5218 fodere
1260 5156 1729 5235 aggrediuntur;
1762 5157 1909 5219 alias
1967 5160 2127 5222 enim

477 5244 603 5324 qui,
640 5250 803 5305 tanta
856 5253 1292 5323 unguentorum
1328 5245 1656 5307 exsistente
1709 5246 2034 5322 affluentia,
2069 5249 2128 5311 in

476 5332 748 5412 martyris
779 5331 1123 5393 thesaurum
1148 5342 1327 5412 queat
1351 5334 1617 5414 inquiri?
1644 5334 1753 5398 Rei
1772 5345 1968 5398 autem
1996 5341 2130 5399 totis

478 5422 755 5481 manibus
780 5420 1387 5497 instabant,alicunde
1407 5424 1652 5503 digitum
1686 5426 1841 5488 forte
1862 5427 1950 5488 vel
1982 5427 2127 5489 bra-

476 5507 701 5582 chium,
720 5510 817 5568 vel
841 5509 1016 5571 aliam
1043 5517 1381 5590 quampiam
1414 5514 1681 5593 corporis
1703 5518 1976 5596 martyris
1999 5535 2127 5597 par-

475 5600 595 5654 tem
625 5602 843 5674 quanta
866 5607 1159 5679 poterant,
1185 5598 1520 5675 celeritate,
1548 5620 1623 5663 ne
1648 5610 1965 5683 antequam
1995 5624 2126 5685 pro.

2217 4632 2554 4725 prodigiose
2578 4633 2882 4725 stillantis,
2917 4635 3076 4711 quod
3110 4636 3179 4696 ad
3212 4632 3615 4698 Iustinianum
3644 4632 3805 4725 paritel:

2217 4722 2466 4783 missum
2521 4730 2659 4783 tunc
2708 4724 2908 4799 fuerit,
2948 4743 3064 4785 non
3116 4727 3412 4787 meminit.
3446 4726 3517 4788 Et
3559 4722 3799 4791 tamenni

2215 4811 2574 4890 prodigiosa
2615 4811 2710 4872 isti
2741 4814 3086 4891 scaturigini
3110 4813 3233 4895 jam
3267 4823 3389 4875 tum
3425 4815 3593 4878 locus
3625 4813 3799 4877 fuisset.

2211 4900 2473 4961 futurum
2508 4901 2691 4962 fuisse
2738 4901 2994 4976 videtur,
3034 4910 3098 4963 ut
3138 4922 3306 4985 aque
3334 4914 3434 4965 aut
3458 4905 3627 4966 etiam
3657 4897 3801 4981 potius

2214 5004 2596 5065 unguentum,
2621 4996 2837 5052 morbis
2863 4996 3136 5053 sanandis
3160 4996 3601 5070 salutare,quam
3620 4997 3799 5053 humus.

2215 5076 2368 5139 bono
2393 5078 2674 5140 duntaxat
2695 5078 2881 5141 odore
2905 5098 2974 5141 ex
2999 5081 3280 5142 miraculo
3307 5082 3539 5155 affecta,
3569 5081 3635 5142 ad
3661 5070 3798 5140 Justi-

2215 5169 2453 5228 nianum
2478 5169 2907 5249 postulatamm
2934 5170 3320 5252 reliquiarum
3346 5172 3477 5234 loco
3496 5172 3800 5257 mitteretur;

2212 5258 2482 5333 Accedit,
2512 5257 2706 5319 locum
2744 5269 2929 5334 certe,
2959 5278 3074 5341 quo
3098 5279 3329 5322 sacrum
3358 5260 3544 5323 sanczi
3576 5258 3800 5321 Demetri!

2213 5365 2429 5426 corpus
2460 5348 2520 5408 in
2544 5346 2740 5411 dicata
2774 5350 2829 5410 ei
2860 5349 3303 5412 Thessalonica
3332 5352 3576 5413 ecclesia
3588 5342 3792 5427 jacebal.

2213 5454 2331 5496 non
2373 5438 2638 5513 potuisse
2669 5457 2787 5499 non
2821 5457 2953 5501 esse
2997 5440 3397 5514 notissimum,
3433 5441 3484 5502 si
3508 5457 3573 5501 ex
3602 5456 3683 5515 eo,
3706 5435 3781 5493 alll

2209 5525 2262 5585 si
2295 5525 2495 5601 mavis,
2532 5545 2565 5587 e
2596 5528 2820 5609 Sancti,
2856 5529 3011 5609 quod
3061 5528 3112 5591 is
3160 5530 3664 5611 complectebatur,
3694 5535 3781 5581 cor-

2212 5631 2353 5695 pore
2388 5623 2753 5696 unguentum
2782 5619 3065 5681 coutinuo
3098 5637 3307 5700 magna
3361 5620 3527 5704 copia
3552 5612 3767 5680 Stillabal
