4020 6132
437 267 588 338 1147
1785 265 2087 332 SUPPLE]

2178 265 2434 330 lNTUM.
3668 261 3797 328 1148

433 406 461 476 §
506 403 597 488 Ιξ.
631 403 808 488 Quam
852 405 1086 488 ᾔρείσηξε
1120 409 1320 488 Sancto
1360 409 1540 488 cultus
1583 401 2065 488 Quartantinopoli,
2092 417 2128 469 Α
2151 399 2479 480 troparium
2517 399 2815 480 martyris,
2848 400 3008 479 quod
3064 399 3206 476 Leo,
3241 397 3732 488 sapientissimus
3757 404 3807 460 et

504 476 604 571 ab“
626 475 762 571 ipsis
813 475 979 534 otium'
1030 480 1270 571 Osismi:
1299 478 1726 571 imperat-oribus,
1772 475 1942 550 fuerit
1977 475 2072 532 de-

2178 475 2424 570 iptirrtus
2452 475 2812 569 imperator,
2840 475 3196 570 composuit,
3228 475 3414 571 usque
3477 487 3560 550 ad
3593 487 3804 552 verba:

505 547 672 659 mf“:
710 552 762 606 °‘
793 566 961 622 9W“
990 551 1194 623 αυίάενη
1225 547 1481 625 αηητίυω
1511 553 1558 608 ί³
1588 551 1678 608 ""-
1773 547 1782 550 ⁷
2017 655 2054 659 __
2160 547 3810 659 naeniae};aristaeus};misceas".

510 657 846 746 ῃεηουείω
871 662 1078 746 insigni
1115 663 1357 720 Sanctus
1381 662 1542 720 cultu
1563 655 2078 746 Constantinopoli,

2178 668 2483 730 :riclinium
2514 686 2784 738 aureum,
2819 655 3136 746 tr'opariam
3191 655 3632 740 encaeniorum,
3667 665 3805 727 sciti:

434 742 508 838 ab
541 742 690 838 ipsis
721 745 894 838 etiam
938 745 1197 838 Orientis
1238 745 1718 838 imperatoribus,
1752 761 2083 838 eorumque

2178 769 2258 819 :et
2291 757 2513 820 Gratia
2547 757 2677 830 tibi,
2705 742 2948 819 Christe
2970 756 3582 838 Deus,apostolorum
3599 755 3808 835 gloria,

437 832 498 894 in
529 833 661 895 aula
690 834 938 898 affectus
967 835 1105 899 olim
1159 837 1360 913 fuerit,
1397 837 1778 899 manifestum
1812 837 1873 896 fit
1926 834 2014 895 vel
2049 851 2082 894 e
2164 846 2442 910 recitare,

437 921 582 982 solis
602 923 648 983 A
665 924 782 986 alae
798 925 1161 1006 Byzantina?
1183 928 1582 1002 caremoniis,
1611 945 1726 987 non
1746 925 1964 1004 serius,
1996 929 2080 992 uti

437 1011 589 1071 infra
616 1010 866 1083 docebo.
893 1034 1069 1096 quam
1095 1018 1297 1079 saeculi
1327 1035 1384 1079 x1
1416 1017 1584 1078 initio
1611 1015 2079 1094 scriptis,anno-

437 1100 734 1180 que175l
790 1103 1000 1184 Lipsiae
1055 1106 1330 1184 vulgatis.
1392 1106 1610 1170 Harum
1674 1105 1832 1165 enim
1891 1103 1995 1166 lib.
2034 1120 2074 1176 ι,

437 1208 568 1270 cap.
616 1189 715 1265 21,
749 1195 1084 1272 exponitur,
1120 1196 1218 1276 qui
1281 1195 1596 1275 quotannis
1623 1194 1835 1254 festum
1891 1191 2079 1254 sancti

440 1280 750 1361 Demetrii,
775 1282 958 1344 solen'.
974 1283 1030 1344 ni
1053 1285 1124 1346 ad
1159 1285 1472 1347 ecclesiam
1506 1283 1642 1346 huic
1673 1301 1900 1345 sacram
1934 1301 2076 1363 pro-

437 1369 709 1432 cessione
741 1373 1035 1448 instituta,
1067 1373 1458 1454 imperatores
1489 1393 1606 1438 una
1637 1393 1768 1434 cum
1806 1373 1942 1434 aula
1972 1391 2077 1434 sua

439 1461 737 1522 honorare
788 1462 1104 1528 soluerint.
1160 1465 1223 1526 ld
1283 1464 1532 1546 proinde
1609 1470 1902 1541 integrum
1969 1463 2081 1524 huc

439 1550 791 1614 transcribo.
827 1555 924 1615 Sic
955 1553 1136 1616 habet
1163 1573 1176 1617 :
1219 1581 1245 1612 α
1273 1555 1476 1618 Pridie
1507 1556 1680 1617 unius
1705 1553 1825 1615 diei
1846 1553 2081 1614 Domini

2249 937 2386 1000 114.
2429 960 2455 991 α
2493 937 2822 1014 lmperator
2856 935 3017 1012 inde,
3053 955 3169 1016 quo
3201 934 3448 1010 abierat,
3486 935 3812 1015 digressas,

2165 1045 2270 1107 per
2301 1025 2562 1087 medium
2598 1025 3133 1106 chrysotriclinium
3171 1026 3379 1107 pergit,
3413 1034 3479 1088 et
3514 1044 3594 1087 ex
3627 1025 3814 1085 orien-

2163 1116 2378 1178 talibus
2405 1115 2592 1196 portis
2615 1133 2748 1176 cum
2777 1114 3156 1194 processione
3189 1116 3524 1195 egreditur,
3565 1114 3712 1175 dum
3742 1114 3814 1173 in-

2164 1212 2327 1267 terea
2361 1203 2652 1283 magistri,
2688 1205 3097 1283 proconsules,
3132 1203 3361 1283 patricii
3412 1213 3472 1266 et
3511 1201 3813 1281 ofﬁciales,

2161 1314 2193 1353 e
2217 1293 2462 1372 regione
2491 1291 2700 1372 templi
2737 1299 2921 1353 sancti
2948 1291 3252 1373 Demetrii,
3279 1310 3383 1354 seu
3411 1293 3488 1353 ad
3520 1291 3812 1353 sinistram

2161 1393 2386 1463 partem
2443 1381 2792 1444 cubicularii
2849 1399 2988 1442 vero
3051 1382 3121 1442 ad
3183 1382 3514 1444 orientales
3588 1379 3813 1448 Solarii,

2164 1473 2390 1535 domini
2422 1490 2554 1534 cum
2609 1470 2943 1550 patriarcha
2985 1469 3044 1531 in
3075 1471 3227 1533 atrio
3274 1471 3484 1552 templi
3541 1478 3728 1543 stant,
3757 1487 3814 1529 ac

2166 1561 2529 1623 solemnibus
2579 1560 2976 1621 enczeniorum
3017 1560 3227 1621 ritibus
3255 1562 3514 1642 peractis
3551 1560 3816 1621 introitus

438 1644 772 1723 praepositis
830 1645 1116 1721 indicant,
1151 1647 1244 1709 die
1296 1655 1582 1728 sequente
1613 1665 1744 1709 cum
1794 1643 2086 1709 allaximis
2167 1651 2252 1712 ﬁt.
2287 1650 2635 1713 Patriarcha
2666 1650 2989 1710 sacrarium
3049 1650 3256 1724 intrat,
3290 1650 3527 1710 domini
3568 1667 3681 1730 per
3711 1666 3815 1708 me-

441 1741 711 1795 senatum
746 1734 1089 1797 universum
1143 1737 1404 1817 prodire,
1443 1756 1616 1798 mane
1671 1746 1864 1797 autem
1927 1734 2085 1795 circa

2178 1740 2322 1802 diam
2376 1739 2689 1800 ecclesiam
2748 1746 3146 1818 transeuntes,
3207 1740 3630 1818 egrediuntur,
3665 1748 3718 1799 et
3766 1742 3817 1796 in

443 1823 650 1907 horam
681 1825 1004 1886 secundum
1040 1827 1387 1906 prmpositus
1442 1825 1672 1906 ingredi
1699 1826 1930 1905 jubent,
1966 1842 2081 1904 quo
2108 1823 2144 1845 "
2168 1840 2480 1903 tetrasero,
2509 1828 2665 1906 quod
2701 1827 2781 1888 ibi
2814 1837 2922 1898 est,
2962 1828 3274 1889 lectionem
3305 1827 3624 1907 Evangelii
3657 1827 3814 1888 audi-

439 1906 621 1992 Ῐεοίο,
645 1927 780 1972 cum
814 1914 1017 1992 ρᾶυοίε
1039 1915 1441 1988 CDbiCUlal‘iiS.
1473 1933 1620 1996 Papa
1649 1915 1872 1988 (GI‘EBCE
1893 1913 2080 1974 habe-
2166 1920 2305 1998 turi,
2338 1926 2426 1980 ast
2449 1927 2551 1978 vnt.
2605 1917 2814 1978 Postea
2847 1935 2951 1996 per
3001 1927 3310 1996 argenteas
3361 1906 3693 1991 Macronis,
3722 1933 3817 1976 seu

440 2008 535 2062 ιυτ
586 2004 783 2077 πππία,
844 2003 903 2063 id
962 2012 1054 2066 est
1108 2023 1176 2065 ex
1233 2006 1436 2084 Cangii
1493 2005 1565 2066 ad
1617 2024 1817 2066 Vocem
1880 2005 2080 2068 παπίας
2169 2008 2430 2088 porticus
2480 2006 3012 2086 oblongaejanuas
3045 2007 3345 2086 progressi
3402 2007 3648 2068 tunicas
3692 2020 3816 2065 suas

443 2089 663 2162 Gloss.,
688 2091 866 2170 palati
919 2094 1185 2168 custode)
1217 2104 1274 2156 et
1321 2095 1715 2156 hetaeriarcha
1745 2093 1987 2175 abeunt,
2026 2100 2085 2153 et
2167 2097 2445 2170 induunt,
2480 2113 2848 2176 aureumque
2874 2096 3195 2157 triclinium
3232 2097 3634 2176 ingressi,pro
3667 2112 3813 2156 more

447 2181 836 2258 patriarcham
861 2200 994 2244 cum
1032 2185 1422 2265 metropolitis
1445 2193 1502 2246 et
1532 2185 1762 2265 reliquo
1791 2185 1919 2263 ejus
1948 2183 2083 2244 ofﬁ-
2168 2190 2489 2254 consident,
2517 2192 2564 2246 ei
2587 2191 2742 2246 brevi
2775 2200 2898 2258 rost
2922 2193 3091 2246 missa
3126 2190 3311 2247 datur.
3338 2190 3620 2248 Convivio
3641 2197 3811 2246 autem

447 2268 539 2329 cio
561 2269 882 2333 adducunt.
920 2274 1028 2346 Qui
1054 2293 1159 2355 per
1191 2275 1481 2356 porticum
1510 2275 1818 2337 triconchii
1851 2276 2086 2353 ingres-
2170 2277 2284 2338 hoc
2313 2275 2410 2336 die
2442 2275 2858 2356 patriarcham,
2888 2273 3320 2354 metrOpolitas,
3346 2283 3403 2335 et
3428 2288 3810 2354 quoscunque

448 2376 574 2438 sus,
607 2359 670 2421 in
699 2379 934 2424 camera
962 2366 1123 2425 aurei
1177 2365 1444 2446 triclinii,
1476 2384 1607 2445 quae
1641 2365 1906 2445 proxima
1939 2383 2090 2444 pan-
2171 2365 2393 2434 volunt,
2446 2374 2777 2445 senatores,
2831 2363 3137 2426 adhibent.
3179 2389 3201 2423 1
3249 2365 3461 2440 Magna
3519 2363 3809 2424 enimvero

447 2449 582 2510 theo
614 2461 726 2524 est,
763 2453 1052 2515 considet.
1094 2456 1393 2535 Praepositi
1427 2466 1624 2518 autem
1650 2455 1925 2535 ingressi,
1970 2455 2088 2514 im-
2173 2454 2551 2516 solemnitate
2579 2455 2769 2514 sancti
2795 2453 3307 2515 Demetriifestum
3341 2453 3414 2514 ab
3437 2451 3808 2533 imperatori-

445 2540 818 2618 peratoribus
849 2544 978 2624 ejus
1011 2544 1324 2607 adventum
1359 2547 1651 2621 nuntiant,
1678 2547 1776 2626 qui
1810 2553 2083 2623 surgunt,
2170 2545 2286 2605 bus
2337 2542 3010 2623 Coustantinopolitanis
3057 2560 3383 2623 eorumque
3410 2543 3554 2604 aula
3585 2548 3806 2622 quotan-

444 2639 498 2689 ct
531 2647 826 2693 cameram
856 2635 1047 2696 sancti
1069 2633 1365 2696 Theodori
1399 2636 1673 2714 ingressi,
1700 2636 1930 2697 tunicas
1952 2653 2089 2696 suas
2170 2635 2264 2696 nis
2316 2633 2606 2695 celebrari
2674 2631 3185 2712 Constantinopoli
3249 2632 3529 2712 soluisse,
3596 2651 3665 2694 ex
3723 2629 3801 2690 hic

446 2719 724 2795 induunt,
768 2729 828 2782 et
884 2731 1054 2786 extra
1109 2725 1304 2786 velum
1356 2730 1484 2802 ejus
1534 2744 1788 2787 camerae
1838 2725 2088 2806 egressi,
2171 2724 2508 2803 descriptis,
2545 2723 2782 2803 quibus,
2821 2735 2957 2782 tunc
2992 2740 3025 2783 e
3059 2721 3316 2782 triclinio
3347 2740 3676 2797 aureo,seu
3705 2721 3802 2806 imf

441 2817 654 2871 astant.
686 2809 920 2873 Interea
974 2815 1267 2894 praepositi
1301 2815 1695 2896 patriarcham
1752 2805 2082 2888 adducunt,
2172 2821 2508 2892 peratorum
2567 2813 2625 2872 in
2659 2812 2877 2890 palatio
2911 2829 3016 2872 suo
3064 2812 3560 2873 commorationis
3590 2811 3713 2872 loco
3744 2805 3799 2868 ad

445 2916 620 2977 quem
653 2899 878 2962 domini
911 2921 1015 2982 pro
1062 2923 1228 2966 more
1257 2907 1627 2979 osculantur,
1662 2913 1720 2967 et
1775 2904 2080 2986 paululum

447 2989 504 3047 in
527 3007 706 3050 aureo
731 2989 990 3053 triclinio
1011 3011 1145 3053 cum
1169 3013 1239 3056 eo
1265 2995 1600 3074 consident,
1625 2997 1924 3074 rebusque
1947 3014 2084 3054 om--

446 3077 622 3138 nibus
680 3079 835 3141 bene
885 3081 1194 3154 ordinatis,
1229 3087 1524 3164 praepositi
1547 3085 1786 3152 intrant,
1827 3083 2083 3144 dominis

446 3264 680 3335 gunl,et
712 3259 829 3318 ritu
869 3261 982 3338 ipsi
1007 3261 1260 3322 solemni
1289 3264 1537 3344 egressi,
1573 3281 1676 3342 per
1708 3264 2086 3342 tripetonem,

450 3346 840 3421 Lausiacum,
899 3348 1376 3426 .lustinianeum,
1439 3352 1595 3432 scyla
1652 3361 1710 3413 et
1767 3353 2092 3414 exteriores

452 3435 728 3498 Marciani
763 3440 1039 3518 {porticus
1093 3448 1488 3514 transeuntes,
1523 3442 1844 3503 oratorium
1905 3438 2095 3502 sancti

442 3525 625 3599 Petri,
661 3528 817 3606 quod
852 3528 934 3590 ibi
963 3529 1139 3591 situm
1174 3539 1282 3605 est,
1313 3539 1537 3610 petunt.

527 3615 668 3685 413,
713 3640 735 3675 α
775 3616 1094 3680 Sciendum
1129 3631 1240 3697 est,
1272 3620 1530 3683 dominis
1588 3640 1720 3685 cum
1755 3619 2094 3703 patriarcha

445 3724 511 3766 ex
543 3724 723 3769 aureo
749 3708 1008 3769 triclinio
1033 3711 1520 3789 procedentibus,
1555 3724 1695 3775 ante
1728 3719 1929 3792 portas
1963 3711 2095 3788 ejus

444 3805 754 3874 argenteas
785 3799 1059 3860 eunucho
1097 3802 1618 3881 protospatharios,
1654 3811 1713 3862 et
1735 3801 2088 3880 logothelam

446 3904 656 3948 cursus
686 3887 1073 3966 publici,cum
1099 3892 1608 3970 protoscriniario,
1628 3902 1684 3953 et
1709 3899 1897 3972 primo
1924 3899 2087 3952 nota-

442 3976 690 4050 riorum,
755 3977 1058 4039 ministros
1109 3990 1306 4041 autem
1368 3982 1617 4043 triclinii
1679 3986 1868 4058 aurei,
1907 3998 2093 4063 prope

452 4065 822 4142 horologium
855 4076 1066 4130 astare.
1107 4073 1283 4131 Porro
1319 4073 1614 4144 dominos,
1651 4093 1720 4134 ex
1750 4073 1932 4134 aeneis
1967 4090 2097 4151 por-

453 4156 525 4214 tis
549 4154 622 4216 ad
646 4155 993 4219 Lausiacum
1028 4178 1324 4236 egressos,
1363 4162 1726 4222 manclavitae
1758 4172 1814 4222 et
1845 4162 2089 4225 cubicu-

453 4245 582 4306 larii
611 4265 820 4307 omnes
870 4248 1192 4330 excipiunt,
1227 4261 1284 4310 et
1314 4251 1695 4313 comitantur.
1727 4254 1883 4312 Intra
1911 4253 2088 4331 s-yla,

451 4353 550 4395 sec
570 4335 632 4396 in
650 4345 910 4399 extrema
939 4339 1288 4400 Justinianei
1316 4338 1552 4399 triclinii
1588 4350 1771 4419 parte,
1803 4341 2088 4418 magistri,

453 4426 834 4502 proconsules
888 4435 945 4488 et
999 4427 1284 4489 officiales
1333 4428 1572 4508 adsunt,
1611 4437 1668 4490 et
1716 4439 2093 4492 transeuntes

2164 2901 2354 2964 sancti
2386 2901 2672 2964 Demetrii
2696 2901 2982 2982 templum
3010 2900 3391 2979 pergebatur,
3429 2897 3793 2962 caaremoniis

2167 2990 2546 3052 manifestum
2587 2990 2642 3052 ﬁt
2660 3039 2673 3053 .

2256 3081 2389 3141 115.
2429 3079 2650 3142 Verum
2675 3081 2973 3160 quodnam
3004 3079 3149 3141 illud
3171 3078 3277 3140 fuit
3307 3079 3497 3140 sancti
3539 3073 3800 3141 Demetrii

445 3167 504 3228 id
539 3169 883 3244 nuntiaturi,
915 3173 1014 3246 qui
1049 3162 1368 3233 confestim
1406 3193 1538 3235 cum
1573 3173 1903 3254 patriarcha
1960 3162 2147 3233 sur-r3
2172 3169 2883 3250 templum?Codinus,De
2907 3170 3198 3232 Ecclesia:
3219 3177 3272 3230 et
3295 3169 3458 3231 aula?
3478 3166 3795 3232 Constanti-

2173 3259 2538 3339 nopolitanae
2557 3258 2934 3338 oﬂicit’s,cap.
2957 3267 2980 3320 —l
2998 3260 3220 3331 5,hunc
3242 3258 3449 3319 scribit
3469 3259 3530 3319 in
3557 3256 3796 3318 modum:

2182 3375 2208 3406 α
2237 3349 2302 3410 In
2359 3349 2647 3408 memoria
2682 3349 2879 3428 magni
2912 3347 3194 3408 Demetrii
3243 3345 3366 3407 abit
3394 3347 3719 3426 imperator
3739 3339 3796 3402 ad

2177 3438 2578 3500 venerandum
2642 3440 3066 3498 monasterium
3125 3435 3614 3516 Palaeologorum,
3665 3428 3797 3514 quod

2180 3527 2421 3590 nomine
2455 3526 2714 3606 praedicti
2749 3529 3025 3606 martyris
3056 3525 3390 3604 insignitur.
3432 3549 3454 3583 υ
3483 3516 3798 3586 Monasterii

2183 3617 2666 3694 Palaeologorum,
2703 3614 2773 3675 ad
2809 3614 2968 3694 quod
3005 3621 3394 3694 imperatores
3437 3613 3515 3675 926
3548 3608 3798 3677 Octobris

2179 3708 2298 3779 die,
2333 3715 2538 3767 sancto
2573 3705 2869 3765 Demetrio
2896 3721 3349 3784 sacra,pergere
3381 3701 3694 3783 quotannis
3714 3715 3796 3758 so-

2178 3795 2394 3868 lerent,
2431 3793 2824 3872 Pachymcres
2875 3811 3112 3872 quoque
3145 3800 3288 3853 tom.
3324 3791 3397 3865 II,
3436 3791 3538 3852 lib.
3576 3808 3654 3864 tv,
3685 3805 3794 3863 cap.

2177 3890 2269 3958 12,
2310 3886 2604 3947 meminit.
2640 3885 2751 3945 Vix
2810 3904 2877 3946 ac
2911 3903 2984 3945 ne
3017 3885 3106 3945 vix
3142 3883 3387 3962 quidem
3419 3883 3648 3955 dubito,
3677 3877 3795 3960 quin

2178 3979 2350 4050 hujus
2389 3977 2848 4048 Palaeologorum
2885 3977 3216 4034 monasterii
3250 3976 3521 4046 trmplum
3548 3987 3713 4032 unum
3738 3969 3794 4024 sit

2178 4077 2356 4147 atque
2387 4065 2542 4127 idem
2569 4083 2700 4124 cum
2739 4063 2984 4139 templo,
3013 4063 3069 4124 in
3098 4065 3248 4123 aula:
3278 4061 3611 4142 Byzantina;
3637 4072 3790 4147 caere-

2185 4142 2397 4216 moniis
2434 4154 2696 4234 proxime
2728 4162 3084 4223 memorato,
3121 4152 3212 4212 cui
3269 4151 3522 4231 primum
3557 4169 3592 4210 a
3639 4142 3788 4207 Bard:

2175 4246 2408 4307 Caesare
2441 4263 2508 4305 ex
2538 4243 2811 4303 dicendis
2843 4242 3131 4304 mdiﬁtato
3172 4241 3602 4302 monasterium
3625 4242 3788 4319 postea

2176 4337 2648 4407 turritadjiotum
2709 4335 2818 4389 Res
2854 4334 3103 4404 amplius
3125 4347 3195 4389 ex
3231 4332 3488 4389 diuendis
3518 4331 3783 4389 elucescct.

2174 4421 2348 4501 Apud
2381 4418 2748 4490 Bandurum,
2783 4417 3039 4496 Imperii
3072 4414 3418 4478 Orientalis
3442 4425 3587 4478 tom.
3624 4415 3784 4501 [,attti-

452 4497 744 4589 dominos,
810 4516 1186 4595 procidentes
1243 4520 1302 4578 in
1376 4497 1620 4592 terram,
1680 4520 1948 4582 adorant.
2002 4497 2411 4591 IlliDnjmus,
2446 4509 2930 4587 Antiquitatum,
2969 4525 3074 4567 seu
3128 4515 3190 4564 ut
3214 4515 3496 4566 vocantur
3539 4504 3617 4566 ab
3663 4497 3780 4595 aliis,

448 4611 669 4676 autem,
702 4612 768 4664 ut
827 4623 1005 4684 supra
1035 4605 1406 4667 observatum
1441 4617 1550 4682 est,
1583 4609 1655 4670 ad
1688 4610 1874 4671 sancti
1934 4611 2092 4672 Petri

452 4692 692 4765 abeunt,
728 4692 828 4753 ubi
889 4695 1225 4773 patriarcha
1267 4698 1590 4759 sacrarium
1653 4699 2003 4778 ingreditur,
2038 4706 2095 4760 et

453 4789 585 4859 post
611 4798 818 4860 preces
866 4783 1168 4846 solemnes
1200 4797 1489 4866 peractas,
1524 4788 1724 4868 psaltte
1771 4790 2092 4868 tropariutn

450 4870 761 4950 incipiunt.
797 4871 1134 4937 Patriarclta
1168 4876 1386 4938 deinde
1417 4897 1488 4939 ex
1517 4879 1776 4939 sacrario
1823 4886 2091 4940 sanctum

452 4961 835 5039 Evangelium
881 4982 1054 5025 manu
1086 4973 1318 5039 tenens,
1348 4968 1418 5027 ad
1453 4976 1651 5046 portas
1680 4966 2094 5046 imperatorias

453 5051 723 5130 ejusdem
756 5054 996 5114 oratorii
1019 5054 1680 5133 procedit,subdiacono
1702 5075 1940 5118 crucem
1963 5075 2094 5137 pro-

453 5141 841 5203 cessionalem
876 5143 1250 5225 praeferente,
1288 5146 1521 5208 Domini
1571 5165 1780 5208 cereos
1810 5165 1841 5206 a
1870 5165 2093 5227 praepo-

453 5231 584 5292 sitis
611 5231 934 5310 accipiunt,
967 5242 1173 5312 terque
1203 5253 1358 5310 genu
1417 5235 1591 5312 ﬂexo,
1627 5236 1700 5297 ad
1734 5237 1918 5298 Deum
1951 5255 2090 5315 pre-

448 5329 678 5392 cantur,
713 5329 853 5383 tunc
906 5319 1286 5400 Evangelium
1320 5332 1380 5385 et
1420 5344 1662 5386 crucem
1721 5328 2085 5401 osculantur,

448 5418 506 5470 el
535 5410 788 5472 diacono
819 5412 1190 5486 incensaute,
1228 5415 1570 5493 imperator,
1608 5417 1959 5494 patriarcha:
2009 5416 2090 5476 in-

452 5497 647 5573 nixus,
680 5516 712 5559 e
746 5499 968 5578 templo
1001 5501 1324 5578 egreditur.
1373 5505 1821 5589 Observandum
1857 5524 2091 5586 quoque

452 5597 564 5664 est,
602 5603 818 5665 pompa
849 5605 882 5648 a
935 5591 1125 5653 sancti
1173 5591 1336 5656 Petri
1381 5593 1769 5677 procedente,
1819 5604 2092 5659 cantores

2179 4585 2512 4681 Originum
2551 4585 3370 4675 Censtantinopolitanarum
3391 4601 3666 4674 scriptor.
3686 4585 3780 4681 qui.

2178 4679 2682 4767 quemadmodum
2716 4685 2988 4745 laudatus
3045 4685 3359 4747 Bandurus
3390 4683 3449 4743 in
3482 4679 3784 4767 Praefatione

2180 4765 2338 4841 temo
2364 4777 2482 4850 isti,
2516 4792 2696 4854 opera
2715 4773 3094 4854 pptissimum
3119 4781 3292 4833 antea
3315 4773 3536 4833 inedita
3555 4765 3781 4854 complef

2179 4869 2381 4940 ctenti,
2406 4884 2440 4927 a
2474 4883 2536 4925 se
2559 4851 3107 4943 'prteinissa,docet,
3130 4860 3348 4923 sacculo
3381 4860 3713 4922 duodecimo
3729 4851 3782 4950 ad

2179 4957 2432 5021 mediam
2453 4954 2693 5016 circiter
2714 4952 2808 5012 sui
2832 4963 3053 5030 partem
3080 4958 3355 5030 provecto
3374 4949 3598 5023 ﬂoruit,
3632 4949 3781 5040 operis

2177 5052 2264 5110 sui
2300 5053 2428 5127 part
2479 5061 2540 5114 ll,
2561 5061 2728 5102 num.
2761 5043 2838 5105 68
2861 5040 2948 5102 sic
2978 5040 3209 5102 scribit:
3251 5064 3278 5095 α
3308 5038 3508 5129 sancti
3541 5038 3780 5129 Demetrii

2177 5137 2528 5214 aedem,quae
2553 5149 2734 5208 supra
2758 5149 2960 5191 muros
2985 5128 3431 5200 exstat,Bardas
3455 5127 3646 5190 Caesar
3666 5127 3779 5217 cant.-

2176 5226 2387 5293 ticavit,
2419 5221 2748 5284 avimculus
2779 5219 3108 5299 Michaelis,
3135 5236 3313 5298 quem
3343 5217 3640 5278 interfecit
3665 5214 3784 5275 Basi-

2175 5319 2289 5379 lius
2313 5311 2467 5394 apud
2496 5321 2763 5371 sanctum
2791 5309 3174 5386 Mamautem,
3195 5308 3318 5386 jam
3350 5313 3526 5366 antea
3548 5307 3664 5385 ipso
3683 5300 3778 5394 Cte-

2171 5423 2326 5479 sare,
2352 5385 2488 5463 dum
2521 5417 2638 5458 una
2668 5415 2801 5457 cum
2849 5395 3137 5457 Michaele
3165 5385 3543 5457 ’Orientalem
3579 5385 3779 5472 expedi-

2170 5503 2381 5557 tionem
2405 5494 2746 5562 susciperet,
2785 5491 3147 5546 membratim
3200 5490 3500 5546 concisoin
3521 5485 3777 5554 conspectu

2172 5581 2476 5662 Michaelis
2506 5595 2575 5642 ex
2595 5591 2799 5637 sorore
2841 5593 2946 5636 sua
2971 5574 3187 5658 geniti.
3217 5573 3423 5640 Frater
3455 5571 3667 5658 quippe
3688 5568 3779 5627 erat
