4056 6152
304 319 448 383 1177

1378 316 1419 378 S
1484 313 1862 378 DEMETBII
1919 311 2319 376 MABTYRIS
2361 311 2581 374 ACTA.

3524 304 3675 370 1178

293 453 393 520 τὴν
423 451 600 527 ἀκμὴν
629 447 724 518 τῆς
782 448 993 518 ἡλικίας
1041 449 1224 528 αῦτοῦ,
1283 449 1369 504 καὶ
1423 449 1493 513 εἷς
1545 449 1646 516 τὴν
1703 448 1928 528 περιφά-

2024 451 2218 508 autem
2245 461 2314 505 ac
2347 441 2674 505 mirabatur
2702 441 2886 504 aetatis
2908 440 3041 521 ejus
3067 441 3471 520 vigorem,nec
3495 439 3670 503 aliter

293 564 438 598 νειαν
488 539 644 598 αὖτοῦ
673 539 1009 614 ἐσεμνύνετο.
1055 526 1178 597 "Ora
1216 536 1281 606 δὴ
1308 536 1533 604 πλησίον
1583 539 1791 615 ἐίένετο
1842 547 1935 598 τοῦ

289 630 524 706 σταδίου,
558 629 836 691 κατιόντος
869 631 1030 687 αὺτοῦ
1059 627 1119 683 ἐιι
1147 635 1240 684 τοῦ
1299 628 1606 706 ὀχήματος,
1666 629 1784 685 τότε
1818 651 1932 704 μη-

288 721 536 784 νύσαντες
594 719 952 796 προσάγουσιν
1024 721 1102 790 τῷ
1159 717 1472 790 Μαξιμιανῷ
1528 718 1620 772 τὸν
1676 718 1934 794 μακάριον

288 813 338 865 οἱ
381 809 760 888 συνειληφότες
797 807 1128 884 Δημήτριον,
1172 804 1491 879 Πειθόμενος
1523 802 1577 860 δὲ
1623 807 1666 860 εί
1697 805 1934 881 ἐπιμένει

287 901 381 954 τὸν
441 899 661 977 Χριστὸν
690 903 1022 974 προσκυνῶν,
1059 897 1145 951 καὶ
1199 895 1380 969 μαθὼν
1425 894 1512 950 καὶ
1573 894 1781 971 ἐτέρους
1837 897 1936 951 αῦ-

288 989 382 1045 τὸν
440 984 702 1043 διδάσκειν
760 986 850 1042 τὸν
917 984 1315 1063 ἐσταυρωμένον
1371 980 1567 1059 σέϐειν,
1631 981 1779 1064 ἤχθη
1841 983 1936 1060 μὲν

291 1079 425 1154 πρὸς
456 1077 636 1136 αὐτόν.

375 1253 444 1318 ς’.
479 1254 622 1312 Ἰδὼν
677 1253 732 1312 δὲ
785 1255 878 1322 τὴν
924 1252 1219 1332 παρῤησίαν
1262 1260 1355 1310 τοῦ
1407 1250 1616 1331 ἀνδρὸς,
1680 1258 1937 1331 Χριστια-

295 1345 385 1400 νὸν
438 1345 622 1402 ἑαυτὸν
651 1343 1066 1416 ἀποκαλοῦντος,
1127 1341 1224 1398 καὶ
1283 1348 1387 1398 πᾶν
1448 1343 1623 1398 ὁτιοῦν
1678 1343 1809 1421 ῦπὲρ
1846 1350 1940 1401 τοῦ

291 1435 558 1508 ὀνόματος
616 1441 708 1491 τοῦ
757 1434 941 1508 Κυρίου
984 1433 1141 1509 ἡμῶν
1180 1429 1360 1499 Ἰησοῦ
1417 1439 1644 1510 Χριστοῦ
1697 1433 1934 1508 ὑπομεῖ-

2019 552 2194 613 quam
2229 534 2303 594 de
2339 551 2550 612 magna
2582 551 2674 606 re,
2708 534 2784 595 de
2834 532 2944 592 viri
2977 531 3255 611 superbia
3285 528 3670 609 gloriabatur.

2019 622 2161 684 Cum
2197 641 2372 702 porro
2409 624 2481 683 ad
2513 622 2764 683 stadium
2785 621 2909 700 jam
2933 620 3211 693 venisset,
3238 629 3414 700 atque
3438 638 3470 680 e
3493 639 3673 681 curru

2017 713 2456 784 descendisset,
2488 712 2726 774 beatum
2767 710 3158 784 Demetrium,
3191 711 3293 790 qui
3327 728 3460 771 eum
3495 729 3670 791 cepe-

2021 809 2179 876 rant,
2215 801 2286 861 ad
2316 801 2752 873 Maximianum,
2791 800 2879 861 rei
2911 799 3351 880 priemonitum,
3389 808 3528 862 tunc
3558 800 3669 862 ad-

2023 890 2274 953 ducunt.
2337 889 2653 970 Inquirens
2685 898 2906 961 autem,
2943 907 3013 949 an
3061 891 3360 956 Christum
3420 889 3672 950 adorare

2021 988 2320 1060 pergeret,
2356 997 2616 1061 eumque
2647 980 2822 1042 etiam
2851 978 3019 1053 alios,
3055 989 3117 1038 ut
3149 977 3506 1040 Cruciﬁxum
3531 979 3671 1042 ado-

2021 1078 2179 1142 rent,
2214 1069 2486 1132 doctrina
2516 1088 2624 1131 sno
2654 1068 2990 1150 impellere,
3018 1068 3286 1150 edoctus,
3304 1069 3481 1149 jussit
3503 1069 3669 1132 illum

2022 1161 2096 1222 ad
2122 1179 2186 1222 se
2209 1160 2369 1222 duci.

2102 1251 2162 1311 6.
2199 1251 2322 1311 Viri
2355 1259 2576 1331 autem,
2611 1247 3010 1312 Christianum
3044 1267 3180 1312 sese
3207 1248 3587 1328 agnoscentis
3611 1257 3668 1311 et

2019 1358 2416 1421 quaecumque
2440 1359 2546 1420 pro
2568 1340 2806 1403 Domini
2829 1340 3012 1400 nostri
3035 1338 3176 1401 Jesu
3191 1338 3408 1401 Christi
3429 1339 3671 1403 nomine

2021 1432 2276 1493 sufferre
2323 1431 2623 1504 audentis,
2691 1430 3108 1502 constantiam,
3147 1429 3482 1510 vultumque
3542 1433 3671 1510 ejus

291 1545 380 1578 ναι
423 1523 752 1604 θαῤῥοῦντος,
799 1523 922 1580 εἶτα
973 1524 1060 1578 καὶ
1117 1524 1177 1578 τὸ
1234 1521 1522 1600 πρόσωπον
1581 1521 1738 1577 αὐτοῦ
1799 1523 1928 1578 πάνυ

2024 1522 2280 1582 maxime
2309 1528 2625 1581 venustum
2656 1518 3216 1600 conspicatus,quod
3249 1527 3403 1580 totus
3433 1527 3670 1599 specta-

289 1613 490 1682 ὡραῖον
549 1615 857 1691 γενόμενον,
917 1613 1004 1669 καὶ
1063 1613 1170 1669 τῶν
1227 1610 1592 1690 προκειμένων
1651 1612 1928 1687 θεαμάτων

2024 1611 2167 1672 culis
2197 1608 2554 1670 exhibendis
2588 1617 2748 1670 esset
2772 1609 3058 1676 intentus,
3092 1608 3491 1670 venerandum
3520 1627 3669 1670 mar-

289 1701 417 1765 ὅλος
473 1701 568 1776 ὢν,
614 1703 706 1759 τὸν
763 1702 862 1777 μὲν
911 1699 1150 1773 ἀοίδιμον
1201 1701 1438 1778 μάρτυρα
1473 1699 1742 1759 ἐκέλευσεν
1777 1703 1928 1759 αὐτὸν

2024 1701 2396 1778 tyremjuxta
2452 1699 2642 1778 ipsum
2677 1716 2864 1778 prope
2921 1697 3219 1776 publicum
3273 1697 3548 1759 balneum
3609 1699 3668 1760 in

285 1792 432 1867 παρὰ
486 1793 546 1848 τὸ
630 1789 840 1848 στάδιον
912 1789 1168 1868 δημοσίου
1243 1794 1580 1868 γειτνιῶντος
1652 1788 1928 1866 βαλανείου

2024 1788 2426 1850 subterraneis
2455 1787 2810 1860 fornicibus,
2846 1787 3069 1848 ibidem
3103 1787 3542 1862 exsistentibus,
3565 1807 3667 1849 cu-

287 1883 408 1958 περὶ
465 1882 557 1944 τὰς
603 1886 707 1938 τῶν
761 1881 937 1937 ἐκεῖσε
1016 1881 1250 1955 καμίνων
1311 1883 1616 1960 φρουρεῖσθε
1668 1879 1930 1956 καμάρας,

287 1969 457 2026 ’Ἔνθα
501 1972 912 2049 φυλαττόμενος,
971 1971 1066 2047 ὁρᾷ
1114 1967 1364 2048 σκορπίον
1410 1967 1468 2024 ἐκ
1523 1973 1622 2036 τῆς
1681 1968 1779 2046 γῆς
1836 1970 1938 2026 ὑπὸ

286 2060 413 2123 τοὺς
472 2057 639 2122 πόδας
705 2059 864 2117 αὐτοῦ
906 2059 1212 2132 ἀνελθόντα,
1261 2061 1536 2130 πειρᾶσθαι
1570 2057 1623 2113 δὲ
1678 2063 1755 2132 τῷ
1808 2059 1935 2114 κέν-

293 2171 401 2226 τρῳ
453 2147 648 2217 πλῆξαι
685 2150 774 2205 τὸν
819 2149 996 2227 ἅγιον,
1046 2140 1104 2207 Ὀ
1135 2146 1190 2204 δὲ
1221 2149 1281 2204 τὸ
1317 2159 1548 2223 σημεῖον
1590 2154 1683 2204 τοῦ
1713 2155 1935 2227 σταυροῦ

289 2247 386 2296 τοῦ
429 2246 658 2316 Χριστοῦ
709 2240 941 2308 ποιήσας
975 2239 1109 2295 κατὰ
1140 2245 1234 2294 τοῦ
1265 2238 1540 2310 σκορπίου,
1575 2239 1663 2294 καὶ
1695 2253 1932 2314 προσαρη-

289 2329 461 2396 τήσας
523 2329 680 2386 αὐτὸν
738 2329 922 2405 νεκρὸν
978 2326 1266 2393 ἀπέδειξεν.
1335 2328 1678 2406 Παραχρῆμα
1727 2325 1780 2382 δὲ
1830 2327 1932 2403 ἅγ-

290 2417 448 2495 γελος
503 2418 687 2495 Κυρίου
731 2416 895 2474 ἐλθὼν
943 2417 1200 2496 στέφανον
1258 2415 1485 2482 ἐπέθηκε
1516 2423 1582 2492 τῇ
1612 2422 1815 2495 κορυφῇ
1844 2423 1936 2472 τοῦ

283 2509 572 2586 μάρτυρος,
612 2509 699 2564 καὶ
747 2511 902 2563 εἶπεν
950 2509 1114 2582 αῦτῶ,
1169 2508 1368 2586 Εἰρήνη
1417 2528 1527 2587 σοι,
1577 2505 1782 2574 ὰθλητὰ
1837 2507 1931 2563 τοῦ

283 2599 536 2674 Χριστοῦ,
570 2594 730 2675 ἴσχυε
761 2597 848 2652 καὶ
878 2594 1138 2672 ἀνδρίζου.

364 2686 410 2757 ζ’
446 2677 502 2744 Ὀ
559 2684 612 2742 δὲ
664 2684 910 2762 βασιλεὺς
944 2685 1190 2742 εἰσελθὼν
1219 2685 1275 2742 ἐν
1304 2691 1382 2758 τῷ
1422 2684 1620 2742 σταὸίω
1659 2687 1748 2742 καὶ
1790 2709 1928 2764 προσ·

282 2777 527 2848 καθίσας,
588 2777 679 2831 τόν
731 2796 790 2831 τε
846 2781 1046 2832 Λυαῖον
1102 2775 1402 2852 εἰσαγαγὼν
1451 2774 1628 2832 ἐκάλει
1683 2775 1768 2831 διὰ
1823 2783 1928 2832 τῶν

280 2867 529 2942 κηρύκων
582 2866 676 2921 τὸν
744 2863 1068 2940 βουλόμενον
1141 2870 1551 2943 μονομαχῆσαι,
1634 2868 1928 2944 προστιθεὶς

284 2956 420 3030 μετὰ
476 2960 582 3012 τῶν
640 2953 881 3011 ἐπάθλων
936 2958 1024 3011 καὶ
1082 2955 1343 3034 χρήματα
1373 2955 1548 3015 πολλά
1587 2973 1600 2989 ⁸
1635 2955 1724 3010 καί
1754 2977 1839 3020 τις
1871 2955 1929 3011 ἐκ

283 3056 377 3104 τοῦ
432 3043 600 3120 δήμου
655 3045 932 3107 νεανίσκος
987 3046 1189 3122 ὡραῖος
1223 3043 1382 3118 πάνυ,
1432 3043 1630 3118 κομιδῆ
1666 3044 1782 3107 νέος
1827 3044 1924 3116 ὢν,

284 3134 499 3211 Νέστωρ
555 3134 747 3209 ὄνομα,
794 3133 908 3211 ἄρτι
953 3135 1042 3189 τὸν
1107 3132 1292 3191 ἴουλον
1347 3133 1669 3190 ἐπανθοῦντα
1729 3135 1900 3214 φέρων

282 3226 524 3301 γνωστὸς
574 3224 830 3303 ὑπάρχων
883 3227 956 3298 τῷ
1007 3223 1307 3298 πανενδόξῳ
1363 3225 1582 3302 μάρτυρι
1638 3227 1932 3302 Δημητρίῳ

287 3314 522 3392 (ἐθεώρει
566 3315 665 3392 γὰρ
694 3317 760 3370 τὰ
807 3313 894 3369 ὑπ’
947 3315 1105 3369 αῦτοῦ
1155 3315 1418 3392 γενόμενα
1448 3315 1714 3394 θαύματα,
1764 3315 1930 3371 πολύν

283 3425 344 3459 τε
389 3402 518 3459 λαὸν
549 3403 951 3483 προστρέχοντα
1008 3403 1171 3481 αὐτῷ,
1207 3407 1294 3459 καὶ
1324 3401 1700 3478 διδασκόμενον
1733 3403 1928 3484 σέϐειν,

284 3494 374 3548 καὶ
434 3505 752 3570 προσκυνεῖν
809 3493 901 3548 τὸν
949 3491 1202 3572 Χριστὸν)
1259 3491 1534 3570 ἐκδραμὼν
1592 3493 1646 3549 ἐν
1709 3495 1754 3568 ᾦ
1810 3493 1926 3572 ἔφυν

285 3582 508 3639 λάττετο
566 3583 736 3654 τόπῳ,
789 3582 879 3638 καὶ
937 3582 1113 3638 πεσὼν
1165 3583 1236 3643 εἷς
1280 3584 1401 3647 τοὺς
1429 3580 1595 3648 πόδας
1621 3583 1782 3640 «tm
1809 3583 1930 3638 ἔλε-

284 3692 377 3748 γεν
411 3689 428 3706 ο
478 3669 642 3730 Δοῦλε
677 3677 767 3728 τοῦ
799 3676 928 3727 Θεοῦ
960 3668 1260 3749 Δημήτριε,
1315 3669 1575 3747 βούλομαι
1623 3676 1697 3743 τῷ
1757 3672 1932 3745 Λυαίῳ

282 3761 697 3839 μονομαχῆσαι,
733 3759 855 3815 ἀλλ’
901 3758 1042 3824 εὖξαι
1074 3781 1165 3832 μοι
1225 3762 1315 3816 τὸν
1364 3761 1587 3833 Χριστὸν
1631 3760 1922 3835 ὀνομάσας.

285 3839 344 3905 Ὀ
398 3848 452 3904 δὲ
495 3849 644 3928 ἅγιος
675 3851 907 3919 ποιήσας
966 3853 1066 3915 τὴν
1114 3856 1205 3906 τοῦ
1266 3851 1491 3926 Χριστοῦ
1525 3848 1789 3928 σφραγῖδα
1847 3850 1928 3915 εἴς

280 3959 338 3994 τε
387 3940 449 3994 τὸ
480 3938 728 4014 μέτωπον
772 3940 860 3996 καὶ
894 3939 991 4004 τὴν
1025 3943 1239 4016 καρνίαν
1271 3943 1451 4011 αὐτοῦ,
1510 3938 1770 3994 ἀπέλυσεν
1829 3943 1928 3998 αῦ-

280 4029 374 4083 τὸν
431 4027 680 4106 εἰρηκώς.
746 4029 842 4086 Καὶ
897 4028 990 4085 τὸν
1047 4033 1244 4084 Λυαῖον
1307 4030 1580 4108 νικήσεις,
1642 4038 1730 4085 καὶ
1802 4029 1931 4107 ὑπὲρ

234 4144 244 4148 -
285 4123 510 4196 Χριστοῦ
541 4119 919 4196 μαρτυρήσεις.

1908 3182 1988 3234 ’C

2025 1879 2235 1940 stodiae
2283 1878 2612 1958 manciperi
2652 1877 2834 1956 jussit
2887 1877 3032 1957 (tt).
3069 1876 3294 1938 Ibidem
3341 1877 3672 1940 custoditus

2019 1969 2344 2048 scorpium,
2379 1987 2412 2029 e
2443 1976 2601 2030 terra
2632 1966 2744 2028 sub
2784 1965 3036 2046 pedibus
3066 1965 3210 2041 suis,
3246 1965 3347 2047 qui
3397 1974 3454 2027 et
3482 1967 3670 2028 cauda

2017 2068 2288 2119 sanctum
2351 2065 2664 2139 percutere
2722 2056 3069 2131 conabatur,
3105 2055 3513 2134 egredientem
3571 2075 3670 2118 as-

2019 2146 2200 2228 pexit.
2233 2144 2346 2208 Hie
2377 2155 2602 2220 autem,
2640 2147 2795 2208 facto
2828 2147 2886 2207 in
2921 2145 3220 2226 scorpium
3255 2146 3452 2208 crucis
3475 2148 3666 2226 signo,

2017 2237 2328 2316 suspendit
2359 2243 2419 2296 et
2451 2245 2750 2296 mortuum
2787 2235 2948 2297 illico
2981 2235 3244 2296 reddidit
3273 2233 3422 2316 (02).
3458 2236 3668 2298 Statim

2018 2325 2265 2403 angelus
2308 2325 2547 2388 Domini
2581 2325 2904 2386 adveniens
2955 2342 3238 2386 coronam
3269 2325 3451 2405 capiti
3507 2344 3668 2386 mar-

2018 2417 2161 2494 tyris
2192 2415 2498 2495 imposuit.
2532 2417 2649 2476 Pax
2684 2424 2903 2488 tecum,
2934 2414 3092 2495 pugil
3122 2413 3360 2490 Christi,
3389 2413 3670 2476 robustus

2020 2504 2102 2565 sis
2123 2512 2184 2565 et
2213 2505 2572 2566 confortare.
3540 2529 3544 2534 -

2093 2597 2306 2660 7.Cum
2337 2615 2514 2678 porro
2535 2596 2863 2677 imperator
2879 2596 3135 2658 stadium
3159 2603 3315 2658 esset
3334 2595 3664 2676 ingressus,

2014 2686 2330 2767 locumque
2381 2705 2552 2749 suum
2586 2695 2958 2766 occupasset,
2993 2686 3225 2766 Lyaeum
3273 2687 3666 2748 introducens

2014 2795 2121 2856 per
2152 2777 2414 2856 nuntios,
2439 2778 2538 2857 qui
2571 2796 2706 2838 cum
2741 2795 2810 2838 eo
2843 2777 3142 2856 singulare
3166 2784 3469 2838 certamen
3503 2778 3658 2838 inire

2013 2865 2212 2941 vellet,
2243 2866 2587 2941 advocabal,
2613 2886 2744 2926 cum
2779 2867 2974 2947 donis,
3008 2865 3315 2928 victoriam
3359 2867 3668 2929 referenti-

2014 2954 2184 3016 tibus
2215 2955 2342 3015 dari
2377 2955 2842 3029 solitis,multam
2869 2957 3044 3016 etiam
3076 2956 3386 3035 pecuniam
3415 2959 3668 3036 promit-

2014 3051 2169 3105 tens.
2205 3043 2460 3116 Quidam
2488 3053 2686 3106 autem
2715 3063 2747 3106 e
2777 3045 2946 3124 vulgo
2967 3045 3318 3106 adolescens
3348 3045 3667 3107 admodum

2013 3135 2333 3208 formosus,
2372 3134 2476 3214 qui
2527 3133 2720 3196 adhuc
2749 3134 2920 3195 valde
2973 3136 3217 3214 juvenis
3245 3143 3392 3209 erat,
3426 3135 3668 3196 nomine

2013 3223 2246 3298 Nestor,
2285 3224 2536 3302 primam
2601 3222 2776 3285 modo
2825 3224 3162 3302 lanuginem
3218 3224 3416 3286 ferens
3493 3233 3668 3286 notus

2016 3313 2318 3374 exsistens
2378 3312 2814 3392 gloriosissimo
2861 3313 3102 3392 martyri
3135 3314 3436 3376 Demetrio
3490 3313 3671 3391 (facta

2016 3403 2176 3464 enim
2211 3401 2284 3464 ab
2318 3420 2388 3464 eo
2424 3403 3116 3482 miraculamultumque
3154 3402 3564 3483 populum,qui
3594 3403 3668 3465 ad

2017 3511 2154 3554 eum
2209 3492 2586 3566 accurrebat,
2644 3492 2918 3553 venerari
2981 3499 3040 3553 et
3088 3493 3242 3571 quod
3303 3493 3573 3567 docebat,
3609 3499 3670 3554 et

2016 3582 2316 3645 Christum
2350 3581 2603 3642 odorare
2657 3581 2908 3658 videbat)
2942 3581 3012 3641 ad
3048 3581 3272 3653 locum,
3306 3581 3366 3641 in
3399 3600 3516 3659 quo
3549 3601 3663 3642 cu-

2014 3669 2408 3748 stodiebatur,
2443 3671 2784 3749 cadensqne
2808 3671 2880 3730 ad
2907 3670 3090 3750 pedes
3112 3669 3244 3747 ejus
3268 3669 3413 3730 dixit
3445 3690 3458 3730 :
3487 3668 3666 3732 Serve

2013 3758 2120 3820 Dei
2180 3757 2469 3834 Demetri,
2506 3758 2638 3818 volo
2704 3768 2908 3818 contra
2964 3761 3189 3839 Lyaeum
3224 3758 3507 3836 singulari
3564 3779 3667 3838 pu-

2012 3866 2194 3928 guare
2232 3847 2580 3920 certamine,
2619 3847 2722 3908 sed
2772 3865 2874 3907 ora
2907 3867 3012 3927 pro
3066 3865 3183 3922 me,
3221 3847 3519 3908 Christum
3565 3849 3663 3910 in-

2016 3955 2254 4000 vocans.
2292 3939 2509 3997 Verum
2547 3936 2819 4012 Sanctus,
2854 3945 2914 3999 et
2963 3937 3024 3998 in
3059 3936 3252 3998 fronte
3280 3936 3468 4017 ipsius
3517 3946 3574 3999 et
3602 3945 3663 3999 in

2015 4027 2196 4088 corde
2248 4025 2464 4087 Christi
2509 4023 2678 4103 signo
2730 4025 2980 4087 formato
3032 4025 3181 4105 ‘13),
3216 4025 3383 4086 illum
3441 4027 3667 4088 dimisit

2016 4115 2224 4179 dicens
2261 4139 2276 4178 :
2309 4115 2380 4177 Et
2413 4116 2650 4197 Lywum
2685 4115 2908 4193 vinces,
2941 4123 2999 4177 et
3039 4133 3146 4196 pro
3175 4114 3410 4177 Christo
3444 4124 3659 4196 marty-

2015 4213 2171 4267 rium
2203 4204 2453 4268 subibis.

1803 4365 2029 4426 CAPUT
2064 4366 2139 4424 ΙΙ.

283 4516 672 4583 Maximianus,
709 4516 769 4590 ob
797 4533 970 4574 necem
1001 4519 1160 4590 Lyaeo
1194 4519 1398 4575 illatam
1444 4517 1634 4590 iratus,
1671 4515 1942 4575 Nestorem
1983 4520 2156 4590 primo
2188 4534 2250 4574 ac
2290 4518 2415 4574 dein
2452 4518 2929 4590 etiam'sanctumi
2950 4516 3275 4572 Demetrium
3296 4514 3442 4588 iubet
3491 4519 3662 4579 inter-

708 4589 820 4661 ﬁci.
873 4589 1084 4663 Meque,
1110 4596 1294 4663 postea
1322 4589 1600 4647 miraculis
1629 4589 2009 4660 indurescens,
2048 4591 2176 4646 locis
2225 4591 2398 4646 sacris
2429 4591 2540 4647 sibi
2583 4591 2874 4647 exstructis
2911 4589 3235 4645 honoratur.

361 4739 446 4807 η’.
508 4738 781 4797 Ἀπελθὼν
839 4742 927 4796 οῦν
988 4740 1042 4797 ἐν
1071 4743 1148 4816 τῷ
1177 4739 1392 4820 σταδίῳ,
1427 4742 1513 4797 καὶ
1545 4739 1631 4796 διά
1661 4746 1766 4796 τῶν
1794 4742 1929 4818 βαθ-

279 4829 450 4904 μίδων
524 4828 938 4910 καταπηδήσας,
1003 4831 1159 4909 ῥίψας
1234 4851 1290 4887 τε
1347 4836 1453 4887 τῶν
1503 4836 1713 4910 χιτῶνα
1743 4829 1924 4909 αὗτοῦ,

278 4921 504 4987 ἔστησεν
561 4919 857 4998 ἔμπροσθεν
902 4926 994 4977 τοῦ
1040 4919 1393 5000 Μαξιμιανοῦ,
1455 4922 1528 4985 ὡς
1589 4917 1926 4998 ἐκπλαγέντα

351 5079 469 5148 (tt)
502 5080 586 5138 Ab
614 5079 782 5136 initio
811 5079 982 5137 modo
1010 5079 1079 5135 ad
1139 5079 1294 5134 hunc
1337 5092 1519 5148 usque
1568 5078 1760 5136 locum
1792 5093 1928 5135 san-

282 5154 356 5207 cti
383 5153 590 5218 nostri,
619 5166 789 5221 quam
823 5152 915 5207 hic
945 5152 1167 5221 damus,
1210 5149 1540 5206 Passionem
1563 5150 1763 5206 confer
1794 5164 1926 5206 cum

283 5225 380 5288 iis,
410 5237 538 5294 quas
563 5223 618 5280 in
638 5220 919 5280 ’Passione
943 5220 1196 5294 ejusdem
1219 5221 1417 5294 altera.
1446 5223 1623 5290 priori
1657 5221 1784 5278 loco
1810 5222 1923 5292 iam

281 5294 408 5351 data
423 5292 445 5357 ,ἡ
468 5309 497 5350 a
532 5296 814 5364 principio
849 5308 1040 5364 usque,
1089 5293 1162 5364 ad
1187 5305 1349 5364 num.
1379 5292 1409 5364 7
1443 5295 1556 5364 tere
1588 5300 1920 5364 occurrunt,

287 5361 618 5436 videbisque
656 5361 1000 5436 antiquioris
1029 5363 1202 5436 hujus
1247 5361 1658 5436 lucubrationis
1683 5365 1922 5420 alteram

279 5437 472 5494 Sancti
505 5433 708 5499 nostri.
759 5433 929 5505 quam
987 5435 1081 5490 hic
1111 5433 1360 5505 'damus,
1409 5433 1744 5492 Passionem
1795 5448 1925 5490 esse

280 5509 562 5563 duntaxat
580 5507 651 5562 ad
675 5504 828 5562 hunc
851 5507 1046 5562 saltem
1070 5520 1252 5576 usque
1285 5504 1918 5578 locumparaphrasim,

279 5577 853 5656 variis-adiunctisab
876 5585 1108 5634 auctore
1138 5577 1220 5633 vel
1248 5591 1351 5649 pro
1377 5577 1614 5656 arbitrio
1634 5577 1921 5656 conﬁctis,

283 5648 369 5710 vel
409 5647 639 5708 aliunde
667 5647 859 5708 ascitis
887 5657 1131 5716 auctam,
1182 5647 1348 5720 prout
1397 5647 1457 5706 in
1491 5647 1922 5708 Commentario

2093 4738 2316 4802 Abiens
2364 4755 2504 4817 ergo
2536 4737 2609 4799 ad
2671 4739 2948 4813 stadium,
2983 4756 3118 4799 cum
3171 4745 3226 4799 et
3264 4737 3338 4799 de
3379 4739 3661 4818 gradibus

2011 4826 2366 4907 desiliisset,
2404 4827 2783 4906 tunicamque
2826 4844 2993 4886 suam
3026 4825 3423 4905 deposuisset,
3460 4845 3658 4889 coram

2011 4916 2375 4978 Maximiano
2406 4917 2591 4990 stetit,
2629 4917 2707 4976 ita
2733 4923 2798 4976 ut
2823 4915 3276 4994 obstupesceret
3311 4917 3654 4995 imperator.

2011 5077 2225 5149 praevio
2249 5075 2522 5149 ,ωηο-16
2550 5078 2666 5149 jam
2701 5073 2965 5131 iudicavi.

2083 5147 2198 5216 (ιε)
2233 5147 2396 5215 Quod
2432 5147 2526 5203 hic
2550 5143 2849 5209 larratur,
2886 5161 2915 5202 a
2977 5143 3255 5200 Photlana
3309 5154 3366 5216 et
3415 5147 3663 5202 Anasta-

2011 5214 2184 5276 sia'na'
2205 5214 2394 5294 sancti
2420 5217 2692 5275 Passione
2734 5216 2926 5294 abest.
2948 5223 3245 5294 potestque
3286 5214 3370 5294 vel
3399 5217 3659 5294 _idc_irco,

2007 5303 2146 5346 num
2174 5291 2396 5346 veritati
2439 5298 2740 5354 consonet,
2782 5286 3242 5344 haudlmmerito
3277 5286 3547 5344 dubitari.

2081 5361 2197 5431 (t3)
2228 5361 2468 5422 Verene.
2504 5361 2584 5418 uti
2637 5359 2744 5415 hac
2791 5370 3084 5416 narratur.
3111 5356 3357 5431 Sanctus
3403 5359 3658 5424 Nestori.

2007 5429 2292 5504 singulari
2322 5433 2635 5489 certamine
2665 5431 2890 5504 Lyaeum
2928 5443 3296 5504 aggressum,
3341 5429 3655 5504 benedixe-

2009 5500 2350 5586 ritfstatues
2381 5517 2450 5560 ex
2489 5504 2556 5558 iis
2588 5500 3139 5576 qtiae'Commentarii
3193 5501 3382 5570 praevil
3413 5500 3442 5575 §
3471 5504 3502 5557 4
3532 5501 3655 5559 dis-

2006 5589 2184 5633 86H".
