4056 6152
425 298 446 363 1
469 295 579 364 183
1771 298 2048 363 SUPPLE

2139 300 2427 366 ENTUM.
3640 305 3783 372 1184

419 443 543 499 met
591 442 651 498 et
680 435 791 518 illi,
822 435 920 520 qui
952 434 1008 499 ei
1061 434 1328 509 aderant,
1360 431 1736 496 celerrimam
1783 433 2048 514 martyris

2140 434 2424 516 ἐπέτυχεν,
2483 435 2620 494 ὥστε
2677 436 2962 513 θαυμάζειν
3015 437 3170 518 αρτόν
3224 463 3283 498 τε
3341 443 3432 500 καὶ
3484 443 3608 507 τοὺς
3671 444 3787 522 περὶ

420 526 810 590 visitationem
864 527 1241 597 mirarentur,
1275 522 1612 605 gratiasque
1652 523 1774 585 Deo
1812 531 1871 584 et
1921 523 2048 602 glo-

2139 525 2297 581 αὒτδν
2353 526 2453 594 τὴν
2510 527 2777 607 ταχίστην
2834 535 2927 584 τοῦ
2988 530 3251 609 μάρτυρος
3311 531 3638 607 ἐπισκοπὴν,
3699 535 3784 591 καὶ

415 617 651 679 sissimo
697 617 935 697 martyri
978 615 1284 677 Demetrio
1333 621 1626 691 agerent;
1684 614 1784 694 qui
1828 613 2048 693 statim,

2139 614 2365 693 χάριτας
2425 615 2712 694 ὁμολογεῖν
2767 624 2844 691 τῷ
2875 624 3012 692 Θεῷ,
3050 621 3136 676 καὶ
3190 621 3266 696 τῷ
3315 620 3612 696 πανενδόξῳ
3636 624 3778 699 μάρο

413 725 552 769 cum
575 715 954 770 arcuatorum
984 723 1230 785 operum
1263 704 1524 767 fornices
1555 721 1673 765 una
1700 721 1834 765 cum
1867 722 2048 784 aqua-

2139 725 2250 781 τυρι
2313 706 2604 782 Δημητρίῳ
2636 721 2650 736 ’
2712 708 2768 770 ὃς
2811 709 2995 765 αὖτίκα
3054 711 3192 768 κατὰ
3250 711 3341 776 τὰς
3391 719 3498 768 τῶν
3542 714 3779 788 καμίνων

411 814 544 857 rum
594 795 918 858 calidarum
975 794 1154 854 domo
1206 792 1604 874 publicisque,
1653 811 1782 872 quas
1829 791 2048 853 ibidem

2149 794 2414 873 καμάρας,
2469 795 2581 870 ἅμα
2637 796 2725 853 καὶ
2781 805 2875 853 τοῦ
2931 803 3040 854 τῶν
3106 802 3312 878 θερμῶν
3373 800 3575 858 ὑδάτων
3631 802 3783 859 οἴκου

415 891 606 961 erant,
643 883 908 966 portibus
957 882 1347 945 destruxisset
1391 901 1462 944 ac
1515 890 1921 963 expurgasset,
1958 900 2048 942 ve-

2149 883 2386 940 καθελὼν
2449 886 2536 941 καὶ
2581 889 2933 966 περικαθάρας
2971 889 3106 962 μετὰ
3159 891 3246 945 καὶ
3301 894 3408 946 τῶν
3460 890 3635 948 ἐκεῖσε
3693 892 3783 947 ὄν-

419 973 749 1036 nerandum
779 983 987 1036 sancto
1039 972 1278 1052 martyri
1335 973 1622 1053 templum
1657 971 1811 1033 inter
1862 969 2062 1051 publi-

414 1082 550 1125 cum
601 1064 898 1124 lavacrum
959 1068 1018 1126 et
1075 1062 1330 1124 stadium
1395 1061 1711 1137 exstruxit,
1748 1078 2059 1123 munerum

410 1153 584 1236 copia
611 1153 672 1216 id
705 1170 1029 1217 exornans.

496 1333 596 1397 16.
628 1331 774 1396 Cum
807 1339 1004 1393 autem
1036 1332 1096 1392 in
1153 1330 1452 1411 Illyricum
1485 1330 1601 1407 (2οι
1643 1339 1803 1394 esset
1830 1328 2064 1391 disces-

415 1441 616 1499 surus,
667 1433 898 1502 partem
947 1421 1260 1503 quamdam
1320 1421 1710 1501 reliquiarum
1765 1421 2059 1502 martyris,

411 1521 475 1574 ut
531 1521 592 1574 et
638 1512 719 1572 ibi
775 1511 1062 1593 templum
1123 1511 1232 1572 sub
1294 1512 1421 1590 ejus
1481 1513 1729 1574 nomine
1775 1509 2060 1588 erigeret,

407 1605 685 1683 accipere
743 1602 976 1678 voluit;
1036 1618 1211 1681 quem
1271 1600 1738 1680 gloriosissimus
1809 1609 2058 1683 martyr,

2145 993 2253 1028 των
2326 971 2600 1048 δημοσίων
2674 974 2921 1051 ἐμϐόλων
2977 979 3066 1036 καὶ
3118 986 3391 1056 προπινῶν
3418 1028 3434 1053 ,
3513 981 3786 1059 ἀνήγειρεν

2147 1063 2453 1120 πάνσεπτον
2498 1069 2652 1121 οἷκον
2712 1072 2789 1140 τῷ
2833 1066 3078 1145 μάρτυρι,
3133 1066 3379 1143 δαψιλείᾳ
3443 1070 3790 1143 κατακοσμή-

2152 1175 2250 1214 σας
2283 1161 2513 1234 χερειῶν
2558 1154 2721 1231 μέσον
2749 1165 2842 1214 του
2871 1153 3127 1233 δημοσίου
3149 1157 3368 1238 λουτροῦ
3394 1161 3479 1216 καὶ
3510 1169 3605 1219 τοῦ
3657 1181 3789 1216 στα-

2147 1239 2277 1304 δίου.

2229 1328 2321 1397 ις’.
2384 1331 2609 1390 Μέλλων
2691 1333 2746 1391 δὲ
2822 1335 3151 1416 ἀπέρχεσθαι
3230 1337 3286 1394 έν
3355 1345 3432 1412 τῷ
3509 1337 3784 1415 Ἰλλυρικῷ

2145 1419 2418 1493 ἠϐουλήθη
2477 1425 2595 1479 τινὰ
2656 1431 2762 1481 τῶν
2815 1425 3082 1500 λειψάνων
3135 1426 3320 1485 λαϐεῖν
3374 1437 3468 1486 τοῦ
3526 1431 3783 1506 μάρτυρος

2148 1513 2277 1589 πρὸς
2308 1513 2368 1568 τὸ
2416 1513 2641 1570 κάκεῖσε
2700 1516 2823 1570 ναὸν
2881 1517 3022 1588 αὐτῷ
3070 1517 3423 1592 οἰκοδομῆσαι
3481 1523 3567 1584 εἰς
3616 1520 3784 1592 ὄνομα

2143 1608 2236 1658 τοῦ
2293 1603 2441 1681 ἁγίου
2478 1619 2492 1632 ⁸
2527 1608 2675 1678 ᾧτινι
2710 1607 2737 1660 ὁ
2784 1603 3096 1671 πανένδοξος
3157 1606 3445 1685 ἀεθλοφόρος
3503 1615 3596 1665 τοῦ
3655 1617 3782 1682 Χρισ-

410 1702 594 1756 noctu
615 1701 836 1770 astans,
871 1691 930 1752 id
963 1693 1211 1772 exsequi
1242 1690 1566 1772 prohibuit.
1600 1691 1859 1771 Accepta
1890 1695 2048 1773 igitut

2147 1701 2272 1750 στοῦ
2347 1695 2653 1772 Δημήτριος
2711 1697 2896 1759 νυκτὸς
2984 1695 3202 1758 ἐπιστὰς
3254 1706 3439 1754 τοότον
3499 1697 3783 1775 προελθεῖν

410 1782 745 1864 chlamyde,
778 1781 1064 1861 sanguine
1089 1770 1275 1860 ipsius
1307 1779 1513 1853 tincta,
1543 1770 1826 1863 parteque
1855 1770 2048 1864 orat-ii,

2147 1779 2483 1842 διεγώλυσεν.
2546 1782 2734 1840 Λαϐὼν
2791 1785 2876 1841 οὖν
2934 1784 3034 1852 τὴν
3083 1785 3334 1864 χλαμύδα
3385 1790 3543 1846 αὐτοῦ
3576 1789 3671 1855 τὴν
3728 1787 3786 1843 ἐκ

412 1873 468 1933 in
501 1873 910 1951 Iipsanolheca
938 1879 1236 1949 argentea,
1276 1889 1410 1930 eum
1459 1873 1516 1931 in
1551 1871 1729 1933 tinem
1765 1875 2059 1954 confecta,

408 1981 478 2021 ea
534 1961 810 2042 deposuit
845 1980 860 2033 ;
910 1978 1045 2020 cum
1079 1967 1274 2020 autem
1338 1959 1449 2020 iter
1475 1958 1718 2040 faceret,
1751 1963 2064 2044 hiemsque

404 2069 616 2130 aspera
646 2056 824 2122 esset,
859 2067 1257 2129 egressusque
1310 2049 1476 2111 alveo
1511 2049 1820 2113 Danubius
1850 2052 2062 2115 diebus

403 2140 838 2201 sufﬁcientibus
887 2139 1063 2199 etiam
1119 2137 1366 2198 navibus
1399 2138 1512 2198 iter
1554 2139 1707 2201 haud
1743 2141 2056 2222 retinque-

409 2239 528 2304 ret,
559 2229 833 2309 viamque
884 2245 1232 2308 promovere
1283 2227 1626 2309 impediret,
1662 2230 1859 2292 animo
1913 2233 2056 2294 des-

406 2320 613 2401 pondit
644 2319 981 2401 prafectus.

482 2591 580 2654 17.
631 2589 827 2670 Ipsum
861 2595 1055 2650 autem
1108 2589 1252 2649 vidit
1284 2587 1780 2668 gloriosissimum
1833 2599 2054 2670 marty-

398 2701 527 2744 rem
561 2681 954 2761 Demetrium,
988 2680 1102 2759 ipsi
1140 2680 1470 2758 dicentem,
1504 2679 1843 2741 Difﬁdentia
1888 2681 2051 2742 omni

405 2771 1016 2851 pusillanimitateque
1046 2769 1334 2848 deposita,
1362 2767 1685 2847 accipiens,
1719 2770 1871 2848 quod
1905 2769 2050 2850 fers,

403 2861 646 2924 ﬂuvium
680 2860 903 2940 absque
949 2860 1326 2920 cunctatione
1358 2858 1695 2936 ingredere.
1731 2860 1906 2920 Mane
1937 2859 2050 2937 igi-

403 2962 518 3026 tur,
550 2969 731 3012 curru
784 2968 1098 3022 consenso,
1135 2948 1508 3011 venerandas
1541 2948 1826 3029 reliquias
1873 2968 2050 3010 manu

399 3049 644 3120 gestans
698 3041 939 3102 ﬂuvium
1000 3038 1274 3099 innoxius
1335 3039 1608 3099 transivit
1657 3037 1816 3117 (21),
1852 3038 2050 3118 itaque

402 3142 769 3194 transvectus
830 3127 1033 3191 Sirmii
1091 3130 1220 3208 (2‘2)
1295 3145 1521 3188 sacram
1580 3127 2048 3207 lipsanotltecam

401 3239 536 3281 cum
587 3220 897 3290 thesauro,
934 3221 993 3278 in
1041 3217 1151 3278 hac
1181 3224 1484 3296 contento,
1518 3215 1576 3276 in
1611 3216 1795 3276 sancti
1830 3215 2048 3277 Deme-

402 3309 498 3371 trii
531 3307 813 3384 ecclesia,
849 3325 1034 3386 prope
1059 3305 1459 3365 venerandum
1496 3303 1760 3382 pulchris
1793 3304 2051 3366 victoriis

399 3401 696 3461 decoratae
727 3396 1005 3477 martyris
1051 3393 1379 3456 Anastasius
1409 3394 1696 3472 templum
1727 3401 2045 3471 exstructa,

399 3487 701 3570 deposuit.
753 3486 935 3549 Multa
963 3493 1161 3546 autem
1196 3492 1254 3544 et
1305 3483 1589 3544 miracula
1619 3491 1679 3544 et
1707 3482 2047 3545 sanationes

397 3579 456 3639 in
517 3579 627 3650 via,
662 3595 798 3638 cum
858 3585 916 3636 et
967 3591 1180 3636 currus
1212 3581 1270 3634 et
1317 3571 1594 3634 animalia
1644 3575 2041 3652 quiescerent,

401 3666 636 3728 Domini
680 3665 868 3728 nostri
901 3664 1041 3727 Jesu
1097 3663 1312 3724 Christi
1343 3669 1400 3722 et
1448 3662 1639 3742 gratia
1666 3669 1722 3722 et
1761 3662 2038 3738 longani-

397 3758 602 3820 mitate
634 3765 694 3819 et
725 3753 1142 3817 misericordia
1178 3751 1333 3814 Deus
1365 3751 1612 3831 patravit
1643 3771 1660 3828 ;
1693 3752 1788 3813 cui
1847 3751 2040 3829 gloria

395 3856 453 3908 ct
485 3849 667 3909 virtus
697 3864 856 3908 nunc
886 3852 944 3907 et
973 3861 1212 3925 semper
1236 3850 1294 3904 et
1323 3841 1384 3903 in
1406 3842 1622 3904 saecula
1660 3842 2037 3904 saeculorum.

394 3939 610 4001 Amen.

464 4113 580 4182 (20)
612 4110 976 4171 Occidentale
1036 4112 1345 4173 nimirum;
1403 4109 1828 4168 Thessalonicae
1860 4109 2038 4174 enim,

392 4200 518 4257 quae
551 4185 763 4257 Illyrici
795 4183 1096 4242 orientalis
1126 4184 1326 4257 civitas
1357 4183 1894 4257 erat,_ver_sabatur.

463 4257 579 4328 (21)
603 4251 718 4314 Nec
749 4256 921 4328 hujus
983 4255 1271 4322 miraculi,
1314 4267 1422 4311 nec
1473 4253 1710 4328 alterius
1741 4268 1912 4324 supra
1936 4251 2040 4328 hic

392 4325 579 4399 relati,
608 4343 723 4400 quo
771 4325 1060 4400 Leontius:
1092 4328 1320 4400 Sancto
1371 4326 1791 4400 patrocinante,
1824 4325 2040 4400 sanna-7

392 4411 503 4456 tem
543 4396 918 4471 recuperarit,
945 4396 1321 4471 inAPbotiana
1355 4403 1411 4451 et
1445 4398 1811 4453 Anastasiana
1843 4397 2038 4454 Sancti

391 4473 571 4527 nostri
602 4469 724 4528 Vita
760 4472 973 4526 mentio
1005 4469 1084 4526 ﬁt.

459 4539 574 4611 (22)
607 4541 878 4598 Sirmium
931 4556 1067 4610 ergo
1118 4535 1521 4611 Thessalonica
1575 4536 1849 4611 Leontius
1893 4553 2034 4609 per-

389 4615 575 4688 rexit;
600 4626 819 4688 verum.
845 4627 974 4688 cum
999 4611 1130 4688 inde
1167 4610 1304 4666 illuc
1331 4610 1704 4688 pergentibus
1733 4611 2033 4688 Danubius

387 4677 757 4755 trajiciendus
787 4683 941 4739 haud
973 4680 1065 4748 sit,
1099 4677 1449 4739 rectene’hic
1483 4677 1698 4736 ﬂumen
1732 4682 1888 4742 istud
1919 4685 2033 4741 Le-

2143 1878 2248 1928 τῶν
2321 1873 2482 1949 ἁγίων
2552 1874 2795 1948 αἱμάτων
2875 1875 3215 1952 πεφυρμένην
3301 1877 3390 1932 καὶ
3459 1877 3617 1952 μέρος
3694 1885 3785 1933 τοῦ

2144 1961 2374 2040 ὀραρίου,
2461 1964 2547 2017 καὶ
2622 1961 2854 2028 ποιήσας
2927 1965 3318 2039 γλωσσόκομον
3396 1965 3668 2044 ἀργύριον,
3729 1966 3783 2022 ἒν

2145 2050 2286 2124 αὐτῷ
2329 2051 2572 2109 ἀπέθετο.
2637 2044 3070 2130 Ὀδοιποροῦντος
3154 2054 3206 2109 δὲ
3264 2058 3445 2127 αὖτοὺ,
3513 2057 3600 2112 καὶ
3649 2079 3780 2134 atpo-

2143 2137 2264 2217 δροῦ
2294 2144 2569 2219 χειμῶνος
2601 2141 2908 2219 γεγονότος,
2956 2142 3043 2199 καί
3099 2151 3190 2199 τοὺ
3225 2142 3512 2200 Λανουϐίου
3542 2154 3783 2221 ποταμοῦ

2139 2228 2507 2308 καχλάζοντος
2538 2238 2613 2304 τῷ
2641 2232 2884 2310 ῥεύματι,
2937 2235 3008 2297 ὡς
3060 2231 3195 2308 μηδέ
3231 2235 3384 2289 ναυσί
3444 2235 3609 2313 πόρον
3664 2244 3783 2292 τοῦ-

2138 2339 2231 2374 τον
2276 2321 2540 2399 ὑπάρχειν
2585 2321 2671 2377 ἐπὶ
2715 2322 2898 2384 ἱκανάς
2953 2343 3011 2378 τε
3066 2322 3272 2402 ἡμέρας
3333 2326 3410 2398 μὴ
3467 2323 3776 2382 ὑπολείπον-

2137 2430 2228 2471 τος
2260 2413 2441 2483 αὐτοῦ,
2473 2410 2594 2466 ἀλλ’
2627 2411 2903 2488 ετῖργοντος
2936 2412 3034 2480 τήν
3057 2412 3141 2469 ἐπὶ
3171 2414 3233 2468 τὸ
3264 2416 3689 2494 προσωπορείαν,
3725 2415 3776 2472 ἐν

2137 2498 2329 2572 ἀθυμίᾳ
2359 2498 2657 2578 ἐτύγχανεν
2699 2503 2724 2556 ὁ
2757 2500 3019 2580 ἔπαρχος,

2218 2591 2305 2659 ιζί,
2344 2592 2440 2646 Καὶ
2496 2587 2560 2657 δὴ
2603 2591 2742 2669 ἑώρα
2794 2592 2884 2647 τὸν
2944 2591 3256 2658 πανένδοξον
3317 2594 3629 2671 Δημήτριον
3677 2593 3771 2650 λέ-

2133 2699 2296 2755 γοντα
2348 2683 2510 2752 αύτῷ,
2570 2685 2750 2735 Πᾶσαν
2822 2679 3068 2737 ἀπιστίαν
3123 2682 3210 2738 καὶ
3269 2684 3494 2757 ἀθυμίαν
3550 2683 3770 2740 ἀπωσάο

2137 2787 2318 2846 μενος,
2353 2766 2532 2823 λαϐὼν
2578 2769 2706 2843 ὅπερ
2737 2769 3038 2848 ἐπιφέρεις,
3099 2769 3325 2849 πάρελθε
3383 2773 3474 2828 τὸν
3533 2777 3774 2848 ποταμὸν

2135 2854 2489 2921 ἂδιστάκτως.
2539 2857 2743 2914 ἻΞωθεν
2796 2861 2885 2914 οὖν
2946 2856 3131 2921 ἐπιϐὰς
3161 2867 3237 2930 τῷ
3267 2861 3513 2940 ὀχήματι
3541 2861 3689 2942 ἔχων
3722 2864 3774 2920 ἐν

2136 2948 2290 3023 χερσὶ
2340 2947 2437 3012 τὴν
2481 2949 2659 3020 τιμίαν
2716 2948 2892 3025 σορὸν,
2937 2946 3145 3015 διῆλθεν
3179 2947 3415 3018 ἀϐλαϐὴς
3468 2953 3560 3007 τὸν
3613 2974 3772 3010 ποταο

2136 3037 2259 3109 μον,
2317 3037 2404 3092 καὶ
2435 3035 2602 3099 οὕτως
2627 3035 2894 3110 ἀπελθὼν,
2929 3036 2981 3092 έν
3014 3045 3089 3112 τῷ
3139 3041 3350 3116 Σερμίῳ
3401 3040 3627 3099 ἀπέθετο
3674 3043 3769 3110 τὴν

2134 3126 2288 3202 ξαγίαν
2345 3128 2500 3202 σορὸν
2559 3127 2694 3200 μετὰ
2766 3127 2857 3182 τοῦ
2943 3127 2998 3182 έν
3074 3129 3208 3204 αὖτῇ
3263 3133 3530 3207 θησαυροῦ
3581 3130 3638 3186 ἐν
3696 3139 3770 3206 τῷ

2134 3215 2259 3292 παρ’
2323 3219 2480 3274 αὐτοῦ
2561 3215 2820 3272 κτισθέντι
2899 3215 3076 3272 ἐκεῖσε
3146 3219 3434 3293 πανσέπτῳ
3515 3227 3625 3293 ναῷ
3676 3225 3768 3278 τοῦ

2133 3303 2285 3379 ἁγίου
2341 3305 2598 3382 μάρτυρος
2673 3306 2979 3381 Δημητρίου
3050 3305 3276 3373 πλησίον
3337 3319 3428 3368 τού
3478 3307 3764 3384 σεϐασμίου

2133 3393 2286 3449 οἴκου
2339 3399 2436 3460 τῆς
2493 3393 2808 3450 καλλινίκου
2854 3396 3113 3472 μάρτυρος
3158 3395 3535 3461 ’Λναστασίας.
3587 3399 3764 3455 Πολλά

2131 3505 2188 3538 τε
2219 3484 2484 3558 θαύματα,
2527 3488 2612 3539 καὶ
2661 3485 2828 3547 ἰάσεις
2886 3486 2912 3539 ὁ
2960 3486 3145 3562 Κύριος
3191 3489 3464 3560 εποίησεν,
3531 3488 3649 3546 ’ἔνθα
3679 3488 3761 3545 διὰ

2129 3577 2227 3638 τῆς
2287 3572 2407 3629 ὁδοῦ
2437 3575 2498 3629 τὸ
2528 3573 2717 3652 ὄχημα
2748 3575 2833 3629 καὶ
2875 3574 2942 3628 τὰ
2977 3580 3088 3643 ζῶα
3137 3577 3523 3652 ἀνεπαύσαντο,
3581 3580 3761 3659 χάριτι

2129 3664 2216 3719 καὶ
2274 3665 2598 3741 οἱκτειρμοϊς
2654 3665 2741 3719 καὶ
2797 3662 3156 3740 φιλανθρωπίᾳ
3214 3675 3303 3723 τοῦ
3365 3669 3551 3747 Κυρίου
3609 3670 3760 3742 ἡμῶν

2128 3751 2308 3819 Ἰησοῦ
2367 3760 2616 3832 Χριστοῦ,
2673 3756 2719 3826 ᾧ
2773 3751 2803 3818 ἦ
2847 3751 2990 3824 δόξα,
3052 3755 3139 3808 καὶ
3199 3757 3259 3811 τὸ
3315 3757 3496 3834 (ράτος
3549 3765 3636 3815 νῦν
3673 3759 3757 3814 καὶ

2123 3842 2227 3916 ἀεὶ,
2253 3843 2339 3899 καὶ
2370 3845 2442 3906 είς
2473 3845 2594 3907 τοὺς
2628 3845 2819 3906 αἰῶνας
2851 3844 2954 3897 τῶν
2977 3841 3204 3904 αίώνων.
3240 3844 3436 3922 ’Δμή-α,

2123 4111 2312 4168 οῐιιῖυε
2347 4109 2632 4182 traiecisse
2668 4109 3002 4184 indicatur?
3053 4111 3116 4168 In
3148 4111 3400 4184 Daciam.
3432 4127 3563 4184 qua
3583 4113 3752 4170 Thes-

2123 4185 2396 4251 salonica,
2434 4179 2547 4239 nisi
2580 4179 2812 4252 traiecto
2841 4183 2988 4240 lstro
3019 4198 3120 4240 seu
3151 4179 3614 4246 Danubiofadiri
3640 4199 3748 4242 non

2123 4263 2330 4323 potest,
2362 4255 2649 4325 profectus
2683 4253 2880 4325 fuisse,
2930 4269 3102 4325 supra
3132 4258 3448 4324 asseritur;
3481 4270 3612 4312 cum
3651 4271 3748 4312 au-

2124 4336 2235 4381 tem
2267 4324 2385 4382 ﬁeri
2420 4326 2619 4398 p0§sit,
2665 4331 2726 4380 ut
2781 4324 3140 4398 Leontiusﬁin
3173 4325 3467 4398 Daciam,e
3494 4341 3608 4398 qua
3632 4325 3746 4398 ειν

2123 4399 2322 4460 mium,
2358 4399 2468 4453 nisi
2498 4395 2643 4454 Istro
2673 4396 2882 4463 pariter
2912 4412 3011 4452 seu
3044 4397 3304 4454 Danubio
3326 4395 3584 4469 traiecto.
3609 4397 3742 4455 adiri

2116 4481 2231 4527 non
2267 4477 2464 4532 potest,
2501 4471 2748 4537 primum
2780 4481 2904 4522 sese
2933 4470 3261 4534 contulerit,
3285 4484 3350 4525 ac
3381 4471 3588 4526 deinde
3626 4478 3743 4526 tan-

2118 4551 2235 4599 tum
2267 4539 2537 4613 Sirmium
2571 4538 2793 4613 adierit.
2843 4541 3059 4613 erroris
3096 4538 3186 4613 hic
3216 4542 3379 4612 argui
3410 4555 3524 4599 non
3568 4549 3739 4613 potest

2116 4625 2435 4682 anonymus
2459 4610 2651 4668 Sancti
2683 4609 2862 4666 nostri
2895 4609 3268 4682 biographus.
