4056 6152
354 235 508 304 1185

1543 239 1604 306 S.
1651 233 2029 306 DEMETRII
2086 233 2485 304 MARTYRIS
2526 233 2750 303 ACTA.

3557 229 3708 301 ll86

859 527 1343 638 PASSIO
1427 529 1944 638 TERTIA
2035 528 2146 637 S.
2252 525 2933 634 DEMETRII
3027 527 3172 636 M.

1357 760 1710 827 AUCTORE
1753 760 2090 826 SlMEONE
2137 756 2690 824 METAPHRASTE

458 939 508 1000 Ε
561 939 771 1004 Grch
824 941 1194 1008 bibliotheca!
1248 941 1764 1006 Christianissimi
1808 942 1968 1021 regis
2005 937 2305 1021 ﬁMedicceo
2355 937 2724 1021 exemplari,
2759 954 2898 1001 cum
2957 935 3282 1019 Lipomam'
3325 943 3382 1002 et
3417 937 3591 1001 Surit'

1290 1023 1661 1087 editionibus
1703 1019 1948 1086 collato.
1992 1020 2329 1100 Interprele
2367 1019 2733 1100 Lipomano.

1859 1296 2090 1356 CAPUT
2130 1299 2176 1356 Ι.

321 1453 514 1512 Sancti
557 1457 772 1529 patria,
812 1473 998 1530 genus,
1042 1457 1333 1529 institutio,
1385 1460 1644 1533 dignitas,
1707 1459 1914 1518 Christi
1960 1457 2296 1532 pradicatio,
2357 1457 2706 1531 apprehensio
2763 1463 2920 1533 atque
2978 1459 3035 1514 in
3093 1474 3367 1517 carcerem
3421 1461 3706 1542 conjectio.

404 1607 481 1668 α’.
550 1610 695 1690 Εἶχε
757 1611 854 1687 μὲν
896 1611 962 1668 τὰ
995 1603 1270 1690 Ῥωμαίων
1301 1619 1546 1696 σκῆπτρα
1577 1614 1903 1691 Μαξιμιανὸς
1935 1617 1962 1670 ὂ

2127 1612 2186 1671 l.
2220 1610 2487 1672 Tenebat
2524 1610 2761 1692 quidem
2795 1609 3200 1672 Romanorum
3235 1620 3472 1692 sceptra
3516 1612 3701 1677 Maxi-

316 1697 655 1777 Ἐρκούλιος,
731 1699 896 1764 πολὺς
950 1703 1086 1762 κατὰ
1146 1710 1478 1783 Χριστιανῶν
1536 1705 1708 1762 πνέων
1777 1726 1834 1760 τε
1878 1705 1968 1760 καὶ

323 1788 618 1866 φερόμενος
654 1805 668 1819 ⁸
728 1788 1010 1859 εἷδωλικῆς
1085 1789 1140 1847 δὲ
1193 1792 1404 1860 πλάνης
1461 1794 1563 1860 τὴν
1613 1796 1703 1850 ὑπ’
1748 1794 1967 1863 οὐρανὸν

322 1874 537 1934 ἅπασαν
590 1877 854 1934 ἐκάλυπτε
910 1879 1090 1955 νέφος,
1174 1883 1218 1937 εἰ
1299 1884 1388 1938 καὶ
1444 1881 1679 1962 λαμπροὶ
1738 1883 1970 1960 καθάπερ

325 1965 542 2044 ἀστέρες
571 1969 770 2049 ταύτην
802 1967 1152 2048 διαλαχόντες
1184 1973 1231 2026 οἱ
1289 1969 1374 2026 διὰ
1434 1974 1660 2049 Χριστὸν
1717 1972 1972 2038 παθόντες

324 2053 646 2130 ἐξέλαμπον.
680 2044 776 2111 Ὠν
808 2057 894 2122 εἷς
927 2044 1048 2114 τότε
1093 2061 1181 2115 καὶ
1222 2061 1250 2115 ὃ
1294 2044 1597 2135 θαυμαστὸς
1663 2063 1976 2139 Δημήτριος

338 2142 648 2222 ἐγνωρίζετο
681 2161 696 2176 ⁸
736 2149 1068 2223 Δημήτριος,
1129 2149 1157 2205 ὁ
1213 2151 1300 2206 καὶ
1340 2151 1436 2217 τὴν
1481 2156 1553 2216 εἰς
1606 2153 1828 2228 Χριστὸν
1872 2150 1976 2206 πί-

335 2255 450 2288 στιν
481 2233 853 2316 περίϐλεπτος,⁷
907 2239 995 2293 καὶ
1055 2250 1172 2301 τοῖς
1227 2239 1281 2294 ἐν
1341 2246 1552 2315 Χριστῴ
1600 2241 1829 2315 θαύμασι
1874 2261 1978 2296 πε·-

336 2319 610 2398 ριϐόητος.
666 2324 767 2382 "Ov
824 2325 1014 2402 ἤνεγκε
1074 2327 1170 2401 μὲν
1230 2329 1264 2395 ἡ
1321 2328 1530 2406 μεγάλη
1567 2330 1969 2396 Θεσσαλονίκη’

333 2411 396 2467 τό
427 2433 488 2489 γε
517 2412 616 2480 τήν
645 2414 721 2478 εἰς
750 2414 982 2493 πατέρας
1009 2417 1143 2481 ἠκον
1171 2417 1434 2492 ἐπίσημος
1482 2418 1570 2489 ἦν,
1632 2421 1720 2475 καὶ
1755 2421 1852 2487 τὴν
1905 2422 1974 2485 εἷς

333 2508 455 2566 τοὺς
501 2499 610 2558 ἅνω
639 2509 734 2560 τοῦ
763 2502 944 2581 γένους
991 2504 1254 2584 ἀναφορὰν
1312 2513 1415 2563 τῶν
1475 2506 1794 2564 Μακεδόνων
1851 2508 1974 2565 ἐπι-

333 2594 680 2668 φανὲστατος,

412 2765 487 2842 β’.
523 2763 675 2824 Ἀλλ’
704 2767 808 2849 οὐχ
839 2769 974 2827 οὕτω
1004 2774 1312 2851 περιφανείᾳ
1351 2778 1652 2855 προγόνων,
1687 2778 1760 2840 ὡς
1792 2777 1968 2848 οἰκείῳ

330 2855 520 2931 κόσμῳ
566 2862 666 2924 τῆς
704 2858 898 2936 ἀρετῆς
954 2859 1341 2939 ἐλαμπρύνετο.
1393 2873 1654 2922 Τοσοῦτον
1713 2867 1812 2944 γὰρ
1873 2869 1966 2922 εὖ·

2053 1703 2287 1762 mianus
2316 1697 2638 1762 Herculius
2672 1700 2782 1780 (1),
2805 1718 3135 1781 magnoque
3159 1700 3384 1782 impetu
3407 1711 3466 1763 et
3488 1704 3711 1783 spiritu

2052 1789 2355 1852 ferebatur
2373 1789 2430 1850 in
2451 1790 2840 1870 Christianos,
2866 1791 3088 1852 erroris
3110 1799 3309 1853 autem
3345 1791 3708 1856 simulacro-

2053 1899 2188 1941 rum
2235 1880 2423 1941 nubes
2454 1879 2686 1958 tegebat
2735 1898 2973 1940 omnem
3021 1888 3264 1960 terram,
3296 1898 3428 1961 quae
3457 1891 3542 1943 est
3597 1884 3709 1945 sub

2058 1970 2205 2031 coelo
2240 1991 2256 2046 ;
2309 1970 2544 2031 etiamsi
2577 1969 2753 2030 veluti
2798 1968 3014 2030 lucidas
3042 1969 3311 2049 quaedam
3363 1970 3547 2031 stella:
3577 1990 3708 2034 eam

2060 2065 2303 2131 sortita},
2341 2058 2830 2138 resplendebant,
2864 2059 2964 2139 qui
2997 2059 3154 2138 passi
3197 2058 3440 2119 fuerunt
3470 2069 3714 2139 propter

2061 2147 2385 2211 Christum.
2421 2147 2682 2220 Quorum
2712 2156 2854 2208 tunc
2872 2166 3026 2208 unus
3057 2147 3492 2226 agnoscebatur
3511 2151 3581 2209 ad
3594 2151 3710 2209 mi-

2062 2237 2269 2296 rabilis
2314 2235 2652 2298 Demetrius
2687 2258 2700 2294 :
2735 2235 3099 2316 Demetrius,
3132 2236 3232 2316 qui
3267 2245 3508 2317 propter
3530 2239 3708 2298 (idem

2059 2327 2120 2387 in
2155 2326 2455 2388 Christum
2491 2325 2761 2404 insignis,
2789 2343 2859 2386 ac
2889 2323 3224 2386 celebratus
3256 2335 3500 2406 propter
3516 2327 3705 2388 mira-

2059 2417 2212 2495 cula,
2243 2434 2376 2493 quae
2407 2415 2660 2476 faciebat
2690 2414 2752 2475 in
2783 2415 3039 2478 Christo.
3091 2414 3261 2476 lllum
3297 2415 3430 2475 tulit
3458 2417 3702 2492 quidem

2060 2522 2270 2583 magna
2310 2505 2514 2566 civitas
2545 2503 2971 2565 Thessalonica
3006 2504 3089 2583 (9)
3124 2526 3137 2561 :
3195 2503 3353 2583 quod
3384 2512 3580 2566 autem
3632 2505 3706 2566 ad

2058 2603 2336 2674 parentes
2385 2593 2618 2667 attinet,
2653 2601 2778 2653 erat
2808 2592 3060 2670 insignis
3101 2603 3163 2654 et
3191 2610 3409 2671 genere
3441 2593 3705 2654 clarissi-

2054 2701 2206 2763 mus,
2241 2683 2437 2763 ipsum
2489 2683 2754 2744 referens
2785 2683 2857 2742 ad
2889 2682 3165 2760 antiquos
3206 2681 3564 2743 Macedones
3598 2683 3706 2763 t3).

2131 2776 2189 2832 2.
2245 2774 2361 2836 Sed
2396 2791 2513 2833 non
2547 2781 2673 2833 erat
2705 2779 2819 2832 tam
2873 2770 3069 2831 clarus
3100 2769 3422 2850 splendore
3463 2789 3706 2832 suorum

2051 2861 2371 2940 majorum,
2407 2880 2582 2941 quam
2623 2869 2973 2922 ornamento
3003 2878 3126 2922 sum
3156 2859 3414 2924 virtutis.
3448 2862 3704 2922 Tantum

332 2947 723 3036 Ieveiqrqwxﬁc
755 2949 876 3013 τοὺς
908 2949 994 3006 ἐπὶ
1050 2952 1217 3026 τούτῳ
1270 2953 1544 3032 λαμπροὺς
1606 2953 1964 3036 παρέδραμεν³

2062 2951 2215 3012 enim
2270 2951 2483 3012 animae
2530 2948 2842 3011 nobilitate
2899 2947 3203 3029 superavit
3252 2966 3355 3010 eos
3387 2949 3488 3030 qui
3534 2958 3710 3011 erant.

335 3033 458 3090 ὅσον
501 3035 613 3113 ὥρᾳ
683 3038 934 3114 σώματος
986 3042 1106 3105 τοῖις
1151 3041 1238 3098 ἐπὶ
1305 3043 1492 3100 κάλλει
1550 3033 1968 3121 σεμνυνομένους

332 3121 658 3214 ξιπερϐάλετο
693 3147 707 3160 ⁸
741 3128 892 3208 φύσις
940 3130 1040 3207 γὰρ
1087 3133 1230 3206 αὐτῷ
1288 3135 1580 3209 μαθήματα
1637 3136 1734 3210 μὲν
1794 3159 1975 3214 παρα-

332 3210 521 3270 λαϐεῖν
576 3217 758 3291 ἷιιτνη,
819 3217 1061 3284 συλλέξαι
1105 3218 1160 3275 δὲ
1191 3219 1293 3288 ἤθη
1327 3223 1414 3278 καὶ
1463 3223 1679 3301 κεράσαι
1725 3210 1884 3303 πρὸς-
1915 3227 1976 3282 τὸ

332 3304 697 3382 χρηστότερον
726 3307 900 3384 ἀγαθή
936 3325 951 3340 ⁸
1011 3309 1072 3366 τό
1113 3331 1172 3366 τε
1213 3320 1305 3369 τοῦ
1340 3313 1628 3390 προσώπου
1686 3313 1801 3371 λίαν
1853 3315 1974 3372 ἐπί-

334 3414 467 3471 χαρι
524 3397 622 3462 τὴν
679 3396 776 3463 τῆς
834 3401 1020 3477 ψυχῆς
1076 3399 1350 3476 εὐγένειαν
1407 3401 1693 3472 δπεδήλου,
1732 3406 1828 3462 Τὸν
1876 3405 1974 3481 μὲν

332 3481 422 3538 οὖν
456 3481 514 3537 ἐκ
559 3482 755 3540 παίδων
783 3487 856 3550 εἰς
886 3485 1022 3554 ἥϐην
1053 3491 1252 3568 χρόνον
1300 3490 1514 3548 πάντων
1544 3494 1680 3566 ὁμοῦ
1709 3500 1816 3549 τῶν
1846 3493 1973 3562 ἡλί-

332 3592 444 3628 κων
501 3571 706 3649 ἐκράτει
742 3593 756 3608 ’
822 3575 916 3630 οιαὶ
971 3576 1036 3645 ἦν
1088 3576 1234 3634 οὐδὲν
1300 3581 1406 3634 τῶν
1462 3579 1676 3646 cii-(.0034
1733 3582 1968 3662 ἀγαθῶν,

331 3658 416 3749 ecp’
471 3664 517 3735 ᾧ
559 3663 636 3735 μὴ
677 3665 784 3720 τῶν
827 3662 1004 3720 ἄλλων
1032 3665 1218 3736 πολλῷ
1240 3673 1316 3741 τῷ
1345 3668 1493 3742 μέσῳ
1525 3667 1756 3749 διέφερεν
1784 3658 1799 3702 λ
1834 3658 1973 3727 ἆλλόι

332 3746 496 3840 δῆλον
544 3755 611 3819 ἦν
668 3751 720 3817 ἐξ
767 3753 947 3832 ἀρχῆς
988 3755 1050 3811 τὸ
1079 3756 1264 3836 φυτὸν,
1309 3755 1456 3822 ὅπως
1501 3779 1599 3837 μξν
1618 3746 1837 3836 γένοιτο
1869 3782 1974 3840 χα-

332 3838 633 3921 ριέστατον,
685 3840 828 3907 ὅπως
886 3841 941 3899 δὲ
993 3843 1159 3902 πολύν
1209 3867 1265 3901 τε
1315 3847 1402 3903 καὶ
1431 3845 1628 3924 ἀγαθὸν
1657 3850 1719 3904 τὸ
1769 3838 1970 3928 καρπὸν

331 3928 560 4009 ἐνέγκοι.

411 4105 485 4187 γ’.
521 4111 608 4176 Εἰς
661 4108 850 4189 ἄνδρας
908 4110 963 4168 δὲ
1019 4111 1190 4194 ἥκων,
1238 4114 1443 4193 φύσεως
1496 4117 1594 4192 μὲν
1623 4116 1782 4196 ἰσχὺν
1835 4117 1966 4174 ἐπει

2059 3039 2332 3120 praeclari
2387 3040 2498 3101 hoc
2550 3039 2815 3113 nomine,
2851 3046 3137 3118 quantum
3189 3039 3461 3120 corporis
3507 3039 3709 3119 specie

2060 3128 2377 3210 superabat
2407 3147 2508 3190 eos
2539 3133 2642 3209 qui
2664 3145 2832 3189 suam
2846 3126 3150 3207 jactabant
3168 3127 3705 3208 pulchritudinem.

2059 3216 2204 3279 Nam
2258 3227 2384 3281 erat
2421 3218 2660 3300 quidem
2721 3218 2776 3280 ei
2808 3217 2950 3279 satis
2997 3225 3234 3279 acutum
3267 3219 3572 3297 ingenium
3631 3218 3706 3278 ad

2060 3309 2382 3389 capiendas
2452 3307 2824 3388 disciplinas,
2884 3317 3086 3389 aptum
3166 3325 3306 3369 vero
3361 3307 3435 3369 ad
3509 3326 3708 3370 mores

2060 3398 2428 3478 colligendos
2485 3406 2547 3460 et
2577 3398 2940 3477 benignitate
2998 3397 3588 3477 contemperandos;
3651 3408 3708 3460 et

2057 3488 2260 3550 vultus
2292 3487 2530 3568 elegans
2561 3497 2843 3566 aspectus
2872 3485 3243 3565 signiﬁcabat
3268 3486 3453 3547 animi
3484 3487 3705 3547 nobili-

2059 3585 2256 3641 tatem.
2291 3579 2342 3639 A
2397 3577 2646 3656 pueritia
2696 3575 2938 3657 quidem
2991 3593 3178 3653 usque
3207 3575 3280 3634 ad
3331 3574 3705 3654 pubertatem

2056 3675 2181 3725 erat
2211 3665 2487 3744 superior
2515 3662 2792 3723 omnibus
2816 3661 3182 3742 aequalibus;
3212 3678 3408 3742 neque
3440 3670 3565 3722 erat
3590 3661 3706 3721 ali-

2054 3753 2196 3832 quid
2228 3770 2303 3814 ex
2333 3753 2406 3813 iis
2436 3771 2568 3832 quae
2593 3761 2730 3812 sunt
2759 3768 2898 3812 vere
2930 3752 3107 3824 bona,
3139 3751 3201 3810 in
3231 3768 3346 3830 quo
3378 3768 3494 3811 non
3527 3751 3704 3829 longo

2052 3843 2364 3904 intervallo
2399 3843 2530 3902 aliis
2561 3847 2889 3922 praestaret,
2923 3839 3425 3920 manifestumque
3451 3849 3583 3902 erat
3626 3841 3700 3901 ab

2051 3931 2248 4007 initio,
2273 3949 2445 4012 quam
2480 3939 2639 3993 esset
2669 3929 2910 4010 quidem
2939 3929 3122 3991 arbor
3145 3929 3606 4009 jucundissima,
3638 3942 3698 3993 et

2052 4039 2232 4098 quam
2283 4021 2590 4100 copiosum
2623 4028 2682 4080 et
2714 4019 2937 4080 bonum
2983 4019 3241 4080 fructum
3271 4018 3462 4081 latura
3513 4029 3693 4086 esset.

2130 4112 2192 4174 3.
2245 4110 2390 4174 Cum
2422 4117 2618 4172 autem
2648 4110 2720 4170 ad
2751 4107 2982 4170 virilem
3039 4115 3408 4190 pervenisset
3437 4120 3697 4184 aetatem,

330 4195 586 4274 δείκνυτο,
639 4199 848 4280 ἀνδρίαν
896 4199 952 4257 δὲ
997 4200 1152 4269 ἤσκει
1201 4206 1288 4261 καὶ
1324 4204 1535 4286 ῥώμην,
1569 4195 1965 4286 προςίμάθησιν

2062 4201 2212 4264 vires
2263 4200 2622 4263 ostendebat
2655 4199 2904 4277 ingenii,
2939 4210 3001 4259 et
3049 4198 3366 4261 exercebat
3411 4202 3594 4261 robur
3643 4209 3701 4263 et

328 4308 388 4342 τε
444 4293 551 4344 τῶν
608 4289 918 4366 πολεμικῶν
974 4291 1159 4350 ἑαυτὸν
1207 4292 1468 4374 ἐξεπόνει²
1527 4298 1664 4371 μετὰ
1723 4303 1968 4376 χρηστοῦ

2062 4291 2484 4372 fortitudinem,
2510 4300 2686 4368 atque
2719 4289 2776 4349 in
2801 4299 2928 4350 arte
2952 4287 3194 4349 militari
3217 4289 3502 4351 discenda
3527 4289 3699 4352 labo-

330 4386 426 4436 τοῠ
481 4377 637 4445 ἤθους
681 4379 776 4436 καὶ
818 4385 918 4448 τῆς
962 4379 1176 4448 ἥδιστον
1220 4383 1363 4456 αὐτῷ
1403 4382 1735 4453 ἐπανθούσης
1799 4385 1972 4451 αἰδοῦς

2062 4381 2219 4444 rabat
2273 4383 2379 4462 (4),
2411 4380 2587 4444 bonis
2634 4385 2879 4441 ornatus
2927 4377 3219 4456 moribus,
3256 4387 3314 4440 et
3359 4397 3491 4459 quae
3536 4380 3598 4440 in
3629 4397 3701 4443 eo

332 4487 392 4556 τε
448 4469 536 4523 καὶ
578 4469 935 4545 κοσμιότητος
963 4491 976 4506 ·
1039 4471 1166 4527 αὐτό
1209 4493 1266 4528 τε
1304 4475 1366 4528 τὸ
1417 4470 1788 4541 διαϐεϐοῆσθαι
1842 4478 1972 4556 πρὸς

2062 4470 2404 4534 suavissime
2455 4470 2730 4546 ﬂorebat,
2757 4469 3120 4530 verecundia
3165 4476 3224 4530 et
3254 4471 3658 4532 moderatione
3685 4489 3698 4532 :

333 4553 602 4633 ἅπαντας,
632 4559 902 4637 γνώριμον
952 4561 1043 4616 τὸν
1097 4558 1255 4638 ἄνδρα
1312 4564 1400 4618 καὶ
1456 4563 1672 4638 βασιλεῖ
1725 4553 1969 4638 καθιστᾷ.

2062 4562 2202 4623 adeo
2238 4570 2298 4622 ut
2327 4560 2596 4623 omnium
2629 4560 2705 4621 de
2735 4576 2807 4621 eo
2835 4576 3036 4620 sermo
3056 4557 3486 4620 celeberrimus
3507 4561 3702 4641 ipsum

332 4649 592 4726 Λαμπρᾶς
627 4648 715 4704 οὖν
759 4650 845 4705 καὶ
875 4647 1360 4728 μεγαλογνώμονος
1391 4650 1558 4714 οὕτως
1617 4652 1814 4732 ἔχοντα
1869 4660 1972 4734 φύ-

2062 4659 2266 4713 notum
2291 4649 2620 4712 reddiderit
2648 4649 3018 4727 imperatori.
3051 4647 3196 4710 Cum
3231 4665 3370 4728 ergo
3394 4659 3508 4711 tam
3544 4668 3702 4731 pree-

333 4755 470 4799 σεως
527 4739 554 4792 ὁ
611 4737 856 4814 βασιλεὺς
900 4741 992 4795 τὸν
1041 4740 1352 4819 Δημήτριον
1406 4739 1689 4822 ἐννοήσας,
1718 4745 1804 4800 ὲπὶ
1837 4744 1972 4800 πολὺ

2062 4743 2216 4804 claro
2275 4747 2332 4801 et
2393 4757 2604 4819 magno
2663 4738 2902 4816 ingenio
2963 4739 3274 4818 praeditum
3336 4740 3704 4804 Demetrium

332 4823 489 4913 δόξης
534 4826 594 4884 ἐκ
653 4826 870 4906 πρώτης
930 4829 1076 4892 εὖθϋς
1136 4827 1304 4910 αἴρει,
1365 4833 1453 4887 καὶ
1491 4831 1784 4889 ἀνθύπατον
1833 4856 1970 4913 προ-

2062 4829 2576 4894 animadvertisset
2607 4827 2958 4907 imperator,
2991 4826 3063 4888 ab
3095 4827 3270 4890 initio
3322 4829 3396 4890 ad
3430 4847 3703 4909 magnam

331 4912 587 4974 ϐάλλεται
643 4919 743 4984 τῆς
797 4916 1052 4984 Ἐλλᾶδος
1086 4933 1101 4949 ⁹
1149 4920 1222 4982 ὼς
1275 4921 1362 4976 καὶ
1391 4921 1644 4978 δπατικὸν
1674 4921 1786 4999 ἅμα
1815 4912 1970 5003 περι-

2062 4941 2192 4988 eum
2224 4920 2422 4984 evehit
2449 4918 2724 4998 gloriam,
2749 4923 2810 4977 et
2831 4934 2970 4978 eum
2993 4926 3154 4978 creat
3184 4919 3425 4981 Graeciaa
3450 4937 3706 5000 procon-

403 5094 486 5175 gt)
519 5092 655 5152 Vide
677 5093 983 5163 Adnotata,
1007 5095 1266 5155 Passioni
1291 5097 1628 5168 praecedenti
1649 5099 1721 5158 ad
1744 5102 1982 5160 num.15
2065 5115 2235 5175 quam
2269 5097 2583 5175 contexuit.
2633 5093 2922 5175 ξξειειιὶοιιιιΔ
2958 5095 3502 5175 ωθιιιοῐίωηρινοάὶιε
3532 5095 3706 5154 ﬁdem

330 5167 630 5240 sub_n6§a-_
863 5237 876 5240 _
1118 5239 1125 5240 ί
1160 5239 1165 5240 ί
1292 5167 1309 5168 ί
2067 5167 2386 5232 merentur,
2419 5170 2502 5226 uti
2534 5181 2603 5240 ea
2633 5169 2704 5240 iis
2727 5181 2856 5240 quae
2884 5167 3506 5240 commentarit'prazvii
3539 5181 3700 5224 num.

405 5235 488 5306 (2)
519 5235 816 5294 Civitatem
863 5237 1014 5296 hanc
1061 5239 1172 5298 sibi
1212 5239 1464 5298 natalem
1509 5254 1572 5299 re
1623 5243 1791 5300 etiam
1851 5257 1980 5302 vera
2065 5245 2129 5302 31
2171 5249 2225 5301 in
2267 5242 2518 5299 medium
2539 5235 2772 5305 adduxi,
2806 5239 3106 5311 intelliges.

328 5317 731 5387 nactum‘esse.
751 5319 1016 5367 sanctum
1049 5311 1431 5387 Demetrium,
1463 5313 1848 5387 indubitatum
1880 5329 1984 5386 ap-
2141 5316 2222 5387 (Δ)
2253 5314 2540 5387 Veiumne
2576 5313 2672 5376 sit,
2700 5311 2864 5387 quod
2897 5309 3011 5387 hie'
3037 5309 3379 5387 depositus
3405 5309 3614 5387 sancto
3643 5310 3702 5368 in

329 5379 1182 5454 paret._t\dl_Commentarium
1216 5379 1491 5453 praevium
1523 5398 1686 5442 num.
1721 5385 1810 5442 33.
1916 5379 1936 5386 “
2068 5379 2452 5444 ιιῐι’θ’ωὶιιιθι·ι
2485 5379 2755 5454 discenda
2783 5382 2975 5440 studio
3015 5379 3278 5454 traditur,
3319 5383 3470 5441 haud
3503 5385 3704 5438 imme-

405 5449 484 5519 (3)
520 5451 684 5527 Haud
736 5455 1034 5527 majorem,
1091 5449 1235 5525 quae
1271 5455 1367 5512 hic
1416 5458 1486 5514 de
1529 5458 1740 5514 illustri
1788 5457 1982 5515 Sancti
2068 5460 2188 5516 rito
2216 5469 2448 5516 tevoces
2477 5457 2537 5511 in
2569 5453 2830 5520 dubium,
2878 5454 3206 5527 utiﬂliquet
3257 5449 3428 5514 exiis
3466 5469 3589 5527 quae
3645 5455 3706 5514 in

334 5535 551 5602 genere
593 5523 1026 5602 metaphrastes,
1057 5523 1231 5602 quam
1263 5539 1389 5602 quae
1417 5527 1488 5585 de
1531 5528 1732 5602 eodem
1762 5543 1984 5602 anony-
2069 5528 2498 5589 Commentario
2529 5529 2739 5598 praevio
2767 5539 2931 5584 num.
2961 5525 3036 5585 35
3061 5523 3118 5586 εἰ
3143 5541 3264 5600 seq.
3294 5523 3562 5588 disserui.

334 5592 463 5652 inus
492 5592 689 5653 Sancti
709 5592 892 5654 nostri
920 5592 1354 5669 biogr'aphus'in
1388 5599 1647 5670 proxime
1665 5592 1981 5672 praemissa,
