4020 6132
239 304 395 370 1189

1313 291 1374 361 S.
1420 287 1798 361 DEMETRII
1842 283 2246 358 MARTYRIS
2279 281 2500 358 ACTA.

3445 301 3598 367 1190

232 439 353 497 τότε
411 436 541 517 παρ’
595 438 758 502 ἑαυτῆ
803 435 955 515 εἶχε,
1014 433 1183 512 μέγαν
1243 434 1341 510 μὲν
1383 439 1459 506 τῷ
1490 431 1576 487 ἐπὶ
1605 429 1878 509 Σαυρομάο

1974 427 2252 490 Sarmatas
2283 436 2340 488 et
2371 429 2621 508 Scythas
2643 427 2950 509 (7),multo
2982 433 3171 490 actem
3207 433 3394 510 magis
3414 447 3590 496 Γοθο-⁸

236 550 328 593 τας
389 526 611 600 πολέμῳ
665 526 752 582 καὶ
813 525 1013 588 Σκύθας
1047 523 1358 603 γενόμενον,
1391 519 1576 594 πολλῷ
1625 519 1680 576 δὲ
1711 521 1876 595 μείζω

230 623 304 695 τῇ
346 616 483 673 κατὰ
519 621 625 671 τῶν
680 610 908 670 εὐσεϐῶν
958 613 1200 686 ὠμότητι
1252 610 1661 690 γνωριζόμενον,
1696 607 1876 664 Ἀκού-

231 727 399 761 σαντα
429 703 603 762 τοίνυν
635 701 824 764 εὒθέως
858 702 946 757 τὸν
999 699 1222 776 βασιλέα
1272 699 1442 755 πάντα
1502 697 1662 776 εἶχεν
1719 698 1873 770 ὁμοῦ,

232 791 514 866 ἔκπληξις,
575 791 720 870 ἁνία,
752 789 888 861 δέος,
922 790 1058 868 ὀργή
1096 809 1108 822 ⁸
1154 785 1523 854 ἒξεπέπληκτο
1567 785 1663 852 τῆς
1707 785 1874 851 ἀκοῆς

231 885 335 951 τὴν
389 883 704 954 καινότητα,
767 884 956 950 ἦνιᾶτο
1001 883 1068 955 τῇ
1122 887 1213 936 τοῦ
1261 875 1446 956 ἀνδρὸς
1475 879 1640 950 ζημίᾳ
1694 873 1875 930 ἒδεδίει

229 973 312 1048 μὴ
361 970 451 1028 καί
483 969 676 1034 ἄλλους
706 975 940 1030 τοιοῦτος
993 967 1065 1024 ὢν
1115 967 1313 1043 ἐλκύσῃ
1366 967 1496 1041 πρὸς
1552 961 1873 1039 θεοσέϐειαν,

228 1059 300 1117 δι’
334 1061 500 1139 ὀργῆς
533 1059 695 1138 εἶχεν
723 1061 796 1121 ὡς
828 1058 926 1126 τῆς
970 1055 1096 1134 παρ’
1127 1060 1285 1114 αὐτοι)
1315 1054 1472 1129 τιμῆς
1507 1052 1869 1130 ἂλογήσαντα,

231 1149 383 1216 Πλὴν
431 1147 569 1205 ἀλλὰ
611 1147 878 1204 πιστεύειν
937 1145 1074 1222 ἀκοῇ
1122 1150 1374 1200 τοσοῦτον
1427 1144 1523 1198 οὐκ
1571 1141 1740 1222 ἔχων,
1787 1139 1878 1197 ἅτε

231 1236 374 1316 μηδὲ
433 1237 605 1317 φέρων
659 1235 797 1299 ὅλως
857 1233 1016 1313 ἄνδρα
1079 1239 1318 1290 τοιοῦτον
1376 1231 1710 1304 ζημιωθῆναι
1765 1231 1880 1306 (διαὶ

231 1328 337 1406 γὰρ
391 1327 419 1382 ὅ
475 1327 554 1401 μὴ
614 1323 859 1402 βούλεταί
886 1345 992 1398 τις,
1045 1320 1159 1382 οὐδὲ
1211 1320 1398 1400 ῥᾳδίως
1426 1321 1690 1377 πιστεύειν
1721 1318 1878 1376 δύνα-

233 1415 373 1496 τοι),
427 1414 584 1483 ἤθελε
638 1415 726 1470 καὶ
786 1411 1085 1492 ὀφθαλμούς
1139 1412 1405 1490 μάρτυρας
1455 1417 1546 1465 τοῦ
1605 1409 1880 1465 ἀκουσθέν-

234 1526 331 1568 τος
389 1501 750 1584 παραλαϐεῖν.
804 1500 1010 1580 ’Ἄγειν
1042 1500 1132 1556 οὖν
1175 1499 1383 1557 κελεύει
1430 1501 1523 1555 τὸν
1554 1496 1712 1578 ἄνδρα
1755 1497 1878 1577 παρ’

236 1596 400 1652 αὐτόν
413 1645 424 1658 ,

322 1685 396 1757 ζ’.
431 1675 488 1742 Ὀ
532 1682 588 1739 δὲ
647 1681 920 1761 παραστὰς
953 1683 1048 1740 οὐκ
1074 1677 1246 1758 ἔφριξε
1280 1679 1342 1734 τὸ
1393 1679 1613 1755 μέγεθος
1664 1680 1760 1745 τῆς
1791 1677 1881 1755 ἀρ.

1957 521 2354 602 gnoscebatnr
2375 539 2444 584 ex
2467 521 3023 603 crudelitate,qnam
3049 523 3365 586 exercebat
3385 527 3595 590 adver-

1957 629 2056 671 sus
2093 611 2241 690 pios.
2284 613 2429 672 Cum
2466 614 2718 690 primum
2753 629 2892 689 ergo
2926 611 3049 672 haec
3081 611 3368 674 audiisset
3397 614 3592 696 impe-

1956 711 2144 779 rator,
2170 699 2326 760 varie
2346 698 2454 761 fuit
2476 699 2763 762 aﬂ‘ectus:
2798 698 3094 780 stupebat,
3128 700 3386 778 dolebat,
3413 705 3595 767 time-

1959 786 2078 867 bat,
2103 786 2815 867 irrascebatur.Stupebat
2835 797 3074 868 propter
3096 791 3414 852 novitatem
3443 794 3593 872 ejus,

1960 878 2115 956 quod
2169 875 2446 938 audiebat
2481 896 2497 952 ;
2536 876 2776 938 dolebat
2824 885 3066 958 propter
3095 879 3202 939 viri
3245 880 3539 958 jacturam
3578 905 3595 956 ;

1959 965 2226 1040 timebat,
2262 983 2360 1044 ne,
2412 983 2544 1026 cum
2599 965 2730 1026 talis
2785 974 2969 1047 esset,
3003 967 3148 1029 alios
3205 970 3468 1032 traheret
3523 975 3598 1033 ad

1959 1073 2124 1118 suam
2180 1054 2527 1133 religionem
2565 1073 2580 1129 ;
2630 1054 3017 1134 irascebatur,
3053 1057 3208 1137 quod
3240 1058 3486 1122 honoris
3541 1061 3596 1122 ei

1965 1144 2140 1206 delati
2168 1145 2387 1204 nullam
2413 1144 2676 1206 duxisset
2698 1144 3008 1209 rationem.
3037 1147 3150 1208 Sed
3175 1166 3308 1209 cum
3333 1167 3450 1210 non
3487 1169 3597 1231 po-

1965 1245 2056 1296 set
2080 1234 2190 1295 soli
2215 1233 2462 1295 credere
2485 1232 2732 1312 auditui,
2762 1242 2823 1293 ut
2851 1235 2950 1314 qui
2974 1235 3131 1298 ferre
3163 1256 3280 1298 non
3307 1249 3504 1318 posset
3533 1258 3599 1302 se

1966 1323 2108 1384 tanti
2158 1323 2266 1382 viri
2316 1323 2514 1384 facere
2558 1323 2848 1400 jacturam
2914 1323 3072 1405 (nam
3128 1328 3282 1406 quod
3317 1346 3435 1389 non
3480 1331 3602 1391 vult

1963 1412 2197 1493 aliquis.
2252 1430 2361 1473 nec
2417 1411 2589 1472 facile
2644 1420 2834 1491 potest
2891 1415 3139 1476 credere
3194 1417 3378 1478 voluit
3426 1424 3600 1479 etiam

1965 1503 2168 1564 oculos
2224 1519 2525 1564 assumere
2559 1509 2740 1562 testes
2789 1506 2942 1580 ejus,
2975 1505 3132 1584 quod
3183 1505 3377 1570 fuerat
3427 1507 3600 1570 audi-

1963 1599 2110 1654 tum.
2142 1590 2318 1654 Jubet
2345 1609 2485 1668 ergo
2515 1592 2702 1651 virum
2735 1594 2805 1653 ad
2839 1611 2903 1654 se
2931 1595 3169 1658 adduci.

2043 1685 2102 1743 7.
2158 1679 2213 1742 ls
2241 1688 2460 1761 autem,
2495 1698 2691 1742 coram
2751 1687 3126 1758 constitutus,
3162 1702 3280 1746 non
3333 1687 3603 1748 extimuit

238 1780 376 1856 χῆς,
438 1777 499 1832 οὒ
552 1773 645 1835 τὰς
706 1769 1028 1844 ἐλπιζομὲνα
1084 1766 1359 1856 ύπεστάλη
1393 1766 1662 1856 κολάσεις,
1697 1769 1756 1824 ού
1785 1768 1879 1834 τὴν

1974 1770 2208 1850 imperii
2243 1769 2707 1849 magnitudinem
2744 1790 2760 1846 ;
2801 1789 2916 1831 non
2950 1781 3040 1833 est
3066 1775 3359 1835 reveritus
3384 1795 3451 1837 ea
3474 1794 3604 1855 qua)

238 1854 541 1944 expiet-qu
570 1868 663 1918 τοῦ
711 1859 1015 1930 δικάζοντος
1062 1855 1350 1913 ὲδειλίασεν
1387 1875 1398 1888 ·
1439 1854 1573 1911 ἄλλα
1604 1857 1700 1924 τὴν
1733 1857 1886 1930 ὡμό-

233 1975 378 2021 τητα
420 1952 620 2019 ταύτην
679 1948 813 2016 ὕλην
875 1949 1078 2008 ἐκεῖνος
1139 1952 1230 2003 ιοῦ
1290 1945 1516 2024 φανῆναι
1561 1945 1764 2019 μᾶλλον
1797 1948 1886 2000 τὸν

233 2045 372 2122 πρὸς
405 2043 532 2099 Θεὸν
565 2041 722 2096 αὖ)τοῦ
763 2036 922 2094 πόθον
976 2036 1222 2110 νομίσας,
1286 2033 1422 2090 λέων
1455 2033 1599 2098 εὐθὺς
1631 2039 1714 2098 εἷς
1744 2034 1886 2112 ἀγῶ-

234 2155 303 2189 να
334 2131 522 2208 εἰσῄει,
557 2127 799 2206 μαλακὸν
825 2125 970 2186 οὕδέν
1001 2126 1060 2181 οὒ
1093 2125 1330 2200 βλέπων,
1388 2128 1447 2182 ού
1494 2123 1688 2202 λέγων,
1748 2122 1885 2180 ἀλλὰ

236 2223 592 2296 πιστούμενος
646 2216 850 2295 μᾶλλον
906 2228 1024 2278 τοϊς
1075 2211 1202 2292 παρ’
1262 2213 1449 2270 ἑαυτοῦ
1493 2212 1672 2292 λόγοις
1716 2213 1782 2268 τὰ
1810 2217 1886 2285 τῷ

234 2311 475 2388 τυράννῳ
556 2305 1024 2387 προακουσοέντα,
1104 2306 1178 2365 ὡς
1243 2303 1335 2369 εἴη
1398 2302 1494 2378 μὲν
1554 2304 1884 2380 στρατιώτης

239 2406 473 2480 Χριστοῦ
505 2399 591 2455 καὶ
649 2396 806 2453 αὐτοῦ
858 2396 1022 2470 μόνου
1053 2393 1426 2480 προσκυνητής
1463 2411 1477 2425 ·
1517 2392 1636 2454 τοὺς
1674 2389 1728 2446 δὲ
1760 2389 1886 2469 παρ’

239 2479 417 2549 αύτῶν
471 2487 796 2566 λεγομένους
879 2485 967 2541 καὶ
1049 2479 1365 2555 σεϐομένους
1436 2483 1581 2546 θεοὺς
1635 2489 1886 2538 τοσοῦτον

239 2578 440 2658 ἀπέχει
468 2583 650 2652 τιμᾷν,
685 2573 766 2630 ὅτι
795 2575 885 2631 καὶ
935 2571 1241 2649 μυκτηρίζει
1295 2576 1475 2650 σαφῶς
1527 2570 1623 2626 καί
1675 2569 1888 2646 βδελύτο

241 2691 392 2726 τεται
426 2687 442 2702 ⁶
507 2669 579 2728 ὡς
640 2662 827 2720 δὲκαὶ
883 2659 1189 2717 ἀπειλοῦσιν
1249 2659 1395 2715 αὐτοὶ
1452 2660 1738 2737 βασάνους,
1769 2660 1888 2716 τότε

241 2755 589 2824 ἂνιαθήσεται
622 2753 877 2832 πάσχων,
913 2749 1037 2807 ὅταν
1069 2746 1181 2817 εί.δῇ
1213 2750 1334 2812 τοὺς
1381 2749 1648 2812 κολαστὰς
1691 2749 1726 2817 ἣ
1772 2748 1891 2829 φιλ-

1973 1861 2456 1940 expectabantur,
2489 1859 2806 1939 supplicia,
2843 1879 2959 1921 non
2986 1862 3208 1940 judicis
3267 1864 3603 1928 formidavit

1969 1950 2248 2010 saevitiam
2282 1967 2294 2010 :
2353 1949 2457 2010 sed
2491 1949 2644 2010 hanc
2696 1949 3111 2012 crudelitatem
3142 1953 3243 2014 ille
3281 1965 3444 2015 ratus
3473 1973 3606 2016 esse

1970 2039 2276 2100 materiam
2300 2044 2560 2117 apertius
2575 2038 3116 2100 ostendendisuum
3144 2043 3201 2102 in
3226 2041 3409 2104 Deum
3435 2063 3604 2106 amo-

1965 2145 2118 2201 rem,
2152 2137 2427 2207 tanquam
2462 2129 2552 2189 leo
2582 2125 2852 2206 protinus
2897 2131 3147 2190 accessit
3174 2133 3246 2192 ad
3279 2143 3605 2208 certamen,

1967 2233 2081 2275 non
2109 2216 2352 2274 molliter
2376 2226 2474 2273 aut
2500 2214 2824 2272 effeminate
2847 2220 3152 2287 aspiciens,
3179 2234 3360 2292 neque
3392 2222 3610 2293 abjecte

1968 2302 2191 2382 aliquid
2223 2301 2453 2375 dicens,
2488 2300 2588 2360 sed
2622 2301 2748 2360 suis
2779 2301 2972 2380 potius
3003 2305 3198 2364 verbis
3250 2307 3611 2368 conﬁrmans

1969 2410 2038 2453 ea
2069 2411 2199 2472 qua:
2231 2391 2393 2471 prius
2424 2398 2702 2470 tyrannus
2732 2389 2806 2451 de
2838 2408 2905 2450 eo
2929 2392 3239 2474 audierat;
3275 2399 3430 2474 quod
3457 2404 3614 2457 esset

1970 2483 2210 2562 quidem
2271 2480 2442 2540 miles
2493 2478 2732 2550 Christi,
2768 2487 2827 2540 et
2878 2481 3007 2558 ejus
3065 2482 3252 2543 solius
3282 2485 3604 2546 adorator:

1971 2569 2125 2650 quod
2150 2577 2371 2630 tantum
2404 2567 2657 2648 abesset,
2691 2577 2752 2627 ut
2781 2566 2951 2648 deos,
2988 2569 3084 2649 qui
3117 2570 3189 2631 ab
3221 2590 3290 2632 eo
3323 2571 3611 2634 diceban-

1974 2669 2068 2719 tur
2101 2667 2159 2719 et
2191 2658 2560 2737 colebantur,
2592 2659 2937 2729 honoraret,
2963 2670 3025 2719 ut
3056 2677 3157 2721 eos
3192 2663 3367 2722 etiam
3408 2672 3612 2744 aperte

1973 2747 2250 2809 irrideret
2273 2758 2330 2808 et
2352 2747 2814 2809 abominaretur:
2842 2748 3118 2829 quodque
3143 2761 3456 2829 tormenta,
3482 2772 3613 2834 quae

245 2847 539 2922 ανθρώπως
596 2844 778 2916 «hac,
837 2841 872 2910 ἢ
928 2839 1177 2902 ἐλάττους
1258 2839 1556 2915 ἐπάγοντας
1615 2844 1711 2906 τῆς
1771 2839 1886 2894 ἐπι-

1974 2837 2069 2898 ille
2119 2837 2464 2912 minaretur,
2500 2844 2638 2897 tunc
2672 2837 2788 2916 pati
2819 2854 2972 2915 aegre
3000 2837 3201 2919 ferret,
3232 2842 3464 2920 quando
3518 2844 3607 2902 vi-

243 2937 458 3012 θυμίας.
517 2935 678 3010 Τιμαὶ
720 2931 799 3011 δὲ,
845 2931 1026 3009 φησὶν,
1078 2929 1129 2983 αἱ
1181 2930 1324 3006 παρὰ
1368 2935 1482 3002 σοῦ,
1516 2927 1754 3008 βασιλεῦ,
1801 2931 1886 2984 καὶ

1974 2925 2125 2987 derit
2157 2935 2403 2986 tortores
2433 2933 2533 2986 aut
2564 2925 2917 2986 clementius
2947 2934 3044 2987 aut
3075 2930 3310 3008 parcius
3360 2931 3608 3012 inferre,

243 3026 381 3102 όίπερ
423 3021 574 3087 δίδως
634 3034 751 3083 τοῖς
830 3017 1164 3094 πειθομένοις
1241 3039 1322 3073 σοι
1381 3017 1574 3093 ἀγαθὰ,
1635 3024 1752 3080 πῶς
1826 3019 1886 3073 ἃν

1974 3033 2145 3094 quam
2170 3013 2489 3076 desideret.
2523 3013 2792 3076 Honores
2813 3022 3008 3075 autem
3031 3022 3134 3092 tui,
3174 3018 3388 3094 inquit,
3417 3039 3448 3080 ο
3482 3038 3606 3096 rex,

243 3114 464 3180 θὲλξωσι
521 3114 612 3169 τὸν
671 3111 758 3167 καὶ
808 3110 963 3168 αὐτὸν
1000 3108 1087 3163 σοὶ
1132 3108 1220 3163 τὸν
1251 3106 1524 3186 ἐπίφθονον
1555 3111 1651 3173 τῆς
1685 3107 1884 3185 ἀρχῆς,

288 3209 300 3212 -
356 3209 364 3212 _
472 3202 486 3212 .
567 3202 576 3212 .
890 3199 916 3212 η
1014 3196 1032 3212 κ
1083 3198 1092 3212 ,
1275 3197 1286 3212 ,
1559 3195 1577 3212 κ
1637 3197 1648 3212 ι
1877 3197 1886 3212 .

1975 3113 2032 3164 et
2085 3103 2263 3212 bona,
2299 3121 2430 3203 quae
2477 3103 2580 3164 das
2614 3103 2703 3203 .iis
2727 3192 2738 3203 _
2762 3105 2861 3184 qui
2894 3105 2998 3165 tibi
3050 3117 3278 3185 parent,
3314 3113 3611 3190 quomodo

242 3209 413 3271 αὐτὴν
470 3202 676 3267 ἐκείνην
733 3212 853 3260 τατς
888 3196 1180 3273 βασιλείαν,
1229 3197 1320 3251 σύν
1365 3218 1475 3268 αμα
1516 3195 1763 3260 πλούτοις
1794 3197 1886 3252 καί

1975 3211 2108 3254 eum
2160 3193 2494 3267 allexerint,
2530 3192 2630 3273 qui
2661 3192 2742 3253 tui
2793 3195 3025 3272 imperii
3057 3197 3401 3259 invidiosam
3435 3217 3609 3261 coro-

237 3298 559 3370 θησαυροϊς,
599 3289 719 3346 τίσον
795 3288 882 3343 καὶ
940 3285 1113 3362 λεπτῇ
1172 3286 1314 3341 κόνει
1361 3286 1776 3363 πεκιφρονοῡθτά
1833 3308 1889 3341 τε

238 3384 334 3441 καὶ
381 3381 754 3457 ἀτιμάζοντας
810 3378 868 3434 Εἰ
924 3374 979 3431 δὲ
1028 3376 1117 3430 καὶ
1145 3375 1364 3431 θάνατον
1409 3373 1722 3453 ὶπαγοίγοις,
1771 3374 1890 3431 τότε

237 3495 338 3550 μοι
381 3472 442 3527 τὸ
470 3467 839 3526 εὒκταιότατον
883 3463 992 3522 ἴσθι
1052 3471 1218 3520 ποιῶν
1249 3466 1336 3520 καὶ
1387 3466 1518 3540 πρὸς
1570 3465 1669 3531 τὴν
1717 3463 1891 3532 ἀληθῆ

238 3561 414 3634 ζωὴν,
465 3560 552 3615 καὶ
609 3560 699 3614 τὸν
758 3555 922 3621 αὒτῖις
984 3553 1146 3611 πλέον
1194 3557 1313 3628 ἰεμοὶ
1361 3554 1684 3628 ποθούμενον
1715 3577 1891 3634 παρα-

238 3651 475 3726 πέμπων
507 3645 756 3726 Χριστόν.

1975 3300 2136 3362 nam,
2163 3281 2305 3343 illud
2339 3282 2554 3361 ipsum,
2590 3281 2858 3362 inquam,
2892 3285 3206 3364 imperium
3233 3305 3366 3348 cum
3402 3289 3615 3369 opibus

1975 3379 2034 3432 et
2067 3371 2380 3444 thesauris,
2416 3389 2584 3451 reque
2613 3390 2684 3431 ac
2731 3380 2967 3432 tenuem
3001 3375 3325 3453 pulverem,
3360 3379 3616 3458 despicit

1975 3468 2034 3521 et
2064 3459 2241 3521 habet
2269 3461 2635 3541 contemptui
2669 3460 2692 3520 ἲ
2742 3459 2908 3531 Quod
2942 3463 2990 3521 si
3024 3465 3198 3524 etiam
3232 3483 3482 3527 mortem
3513 3467 3612 3528 in-

1977 3549 2357 3627 tuleris,tunc
2382 3549 2536 3610 scias
2562 3559 2618 3609 te
2641 3551 2782 3610 mihi
2815 3551 3032 3631 facere,
3059 3555 3216 3628 quod
3249 3563 3338 3615 est
3360 3557 3613 3620 maxime

1976 3638 2324 3720 Optandum,
2361 3649 2421 3700 ut
2450 3640 2549 3719 qui
2582 3658 2674 3699 me
2703 3640 2776 3700 ad
2807 3656 3000 3701 veram
3037 3642 3210 3704 vitam
3244 3653 3302 3706 et
3331 3648 3402 3706 ad
3435 3647 3612 3709 Chri-

1975 3738 2130 3791 stum
2165 3728 2552 3809 transmittas,
2585 3747 2760 3808 quem
2809 3729 2992 3808 magis
3021 3750 3194 3811 quam
3225 3733 3414 3813 ipsam
3447 3736 3612 3797 desi-

1974 3817 2144 3883 dero.

334 3914 416 3983 η’.
475 3914 683 3974 Τούτων
719 3910 903 3980 ἐπειδὴ
950 3909 1276 3987 Μαξιμιανὸς
1333 3909 1550 3985 ἤκουσε,
1597 3910 1730 3986 μετὰ
1759 3931 1886 3991 φρο-

2057 3913 2113 3969 8.
2149 3906 2287 3969 Hzec
2318 3917 2623 3990 postquam
2657 3909 2873 3970 audivit
2921 3913 3330 3991 Maximianus,
3360 3937 3493 3993 quae
3519 3919 3614 3980 in-

247 4009 491 4082 νήματος
546 4003 804 4082 ἇτρέπτου
866 4002 956 4059 καὶ
1017 4002 1258 4079 γενναίου
1301 4006 1392 4056 τοῦ
1447 4001 1886 4079 παραστήματος,

1977 3997 2138 4078 genii
2183 3997 2394 4078 spiritu
2427 4018 2776 4080 summaque
2807 4001 3138 4064 constantia
3169 4011 3230 4067 et
3254 4015 3506 4068 maxima
3535 4011 3614 4070 li-

247 4094 520 4172 ὲλευθέρου
567 4114 626 4149 τε
708 4091 974 4166 στόματος
1054 4088 1370 4169 εἰρημένων,
1458 4090 1518 4144 τό
1601 4090 1886 4166 παραυτίκα

1980 4087 2210 4149 bertate
2241 4087 2396 4149 dicta
2418 4088 2674 4169 fuerant,
2705 4100 2841 4151 tunc
2864 4092 3102 4170 quidem
3137 4093 3333 4157 differt
3357 4104 3619 4162 tormen-

247 4186 352 4255 τὰν
437 4183 663 4260 βάσανον
751 4177 1129 4258 ἂναϐάλλεται,
1211 4179 1509 4257 σοφωτερόν
1578 4201 1629 4234 τι
1694 4177 1886 4254 μᾶλλοι

1981 4185 2150 4268 tum,_
2178 4176 2389 4238 callide
2444 4178 2502 4238 id
2549 4183 2742 4268 potius
2799 4177 3046 4256 faciens,
3092 4201 3267 4263 quam
3329 4185 3610 4268 benigne,

249 4279 450 4350 ποιῶν,
511 4275 570 4331 οὒ
649 4268 1164 4348 φιλανθρωπότερον,
1221 4265 1509 4325 Ἠϐούλετο
1570 4269 1670 4346 γὰρ
1726 4268 1886 4343 μετά-

1984 4265 2235 4328 Volebat
2286 4268 2444 4328 enim
2478 4268 2532 4328 ei
2564 4267 2814 4348 injicere
2845 4269 3278 4349 paenitentiam,
3315 4284 3368 4336 et
3415 4265 3619 4344 effiere

251 4385 405 4422 νοιαν
460 4365 602 4435 αὒτῷ
633 4357 889 4435 ἐμϐαλεῖν
919 4360 1007 4415 καὶ
1050 4358 1268 4435 πάρεσιν
1310 4362 1408 4425 τῆς
1465 4361 1663 4435 θερμῆς
1707 4357 1886 4415 ἐνστά-

1983 4366 2048 4418 ut
2069 4357 2441 4435 interjectatn
2470 4364 2704 4437 tempus
2722 4367 2835 4420 tam
2858 4360 3268 4424 vehementem
3289 4367 3618 4434 remitteret

250 4474 393 4517 σεως
451 4452 541 4508 τὸν
595 4448 789 4527 μεταξὺ
847 4450 1066 4527 χρόνον,
1125 4449 1212 4504 καὶ
1255 4445 1338 4502 διὰ
1380 4446 1533 4504 τοῦτο
1579 4450 1639 4504 τό
1693 4469 1755 4526 γε
1814 4448 1886 4504 ut»

1984 4446 2405 4536 constantiam,
2436 4445 2505 4506 Et
2527 4447 2659 4508 ideo
2683 4448 2743 4509 in
2767 4452 3080 4528 praesentia
3096 4452 3362 4531 jubet,ut
3394 4459 3620 4536 publici

250 4542 390 4621 ἔχον
434 4539 591 4597 αὒτοῦ
631 4559 734 4595 που
789 4538 880 4594 τὸν
918 4537 1226 4615 Δημήτριον
1257 4534 1510 4610 δημοσίου
1539 4544 1886 4614 γειτονοῦντοι

1984 4533 2367 4614 batnei,quod
2393 4535 2451 4595 in
2472 4516 2803 4618 propinquo
2817 4516 3338 4617 erat,caminoruin

253 4630 478 4710 λουτροῦ
540 4629 776 4706 καμάραι
843 4627 1082 4701 καμίνων
1159 4627 1232 4689 εἰς
1291 4623 1518 4704 φρουράν
1573 4623 1886 4700 ἐλάμϐανον

1983 4625 2354 4687 Demetrium
2385 4625 2728 4705 acciperent
2755 4628 2816 4689 in
2849 4632 3197 4693 custodiam.
3233 4635 3622 4702 Maximianus

257 4719 592 4795 Μαξιμιανὸς
646 4715 700 4772 δὲ
759 4718 852 4772 τοῦ
905 4717 1121 4793 θεάτρου
1176 4711 1370 4776 ἐπιϐὰς
1405 4761 1421 4789 ,
1477 4715 1504 4769 ὃ
1561 4714 1678 4772 κατ’
1728 4715 1904 4774 ἐκεῖνο

258 4809 562 4886 συνεκρότει
604 4812 702 4884 τῇς
761 4805 925 4884 ὥρας,
981 4805 1104 4868 τοὺς
1163 4804 1596 4882 παγκρατιαστάς
1654 4827 1710 4862 τε
1774 4829 1902 4862 συν-

259 4899 502 4978 αγαγὼν,
561 4897 662 4964 τὴν
719 4894 875 4953 πόλιν
919 4893 1285 4964 ἰκκλησιάζων
1327 4893 1416 4966 ἦν,
1464 4896 1552 4950 καὶ
1608 4895 1706 4962 τὴν
1751 4895 1901 4974 ἀγω-

261 4989 378 5046 νίαν
434 4987 818 5066 διατιθέμενος,
860 4985 1020 5049 αὐτὸς
1067 4983 1155 5040 ἐπὶ
1202 4981 1472 5062 μετεώρου
1514 4993 1608 5043 τοῦ
1662 4986 1904 5062 βήματος

261 5079 668 5156 προκαθήμενος
679 5123 695 5139 .

343 5167 423 5230 θ’.
485 5160 542 5227 Ὀ
601 5166 802 5247 μάρτυς
855 5162 911 5221 δὲ
967 5163 1100 5244 πρὸς
1144 5163 1245 5232 τὴν
1297 5162 1506 5242 εἱρκτὴν
1563 5163 1901 5245 ἆπᾶγόμενος

335 5388 416 5473 (7)
444 5384 999 5473 Anonymus__Sapcti
1028 5385 1208 5473 nostri
1238 5383 1604 5473 biographns,
1641 5389 1904 5473 “quem-

259 5457 538 5539 uph’rasti
572 5457 850 5539 pfglugtit.
883 5457 1100 5515 bellum
1135 5458 1240 5514 hoc
1272 5472 1385 5539 nep
1419 5457 1617 5516 contra
1640 5457 1902 5532 Scythas,

259 5527 364 5595 sed
399 5527 596 5590 contra
648 5530 862 5589 Gothos
914 5539 1154 5601 gestam.
1193 5527 1414 5598 scribit,
1462 5543 1572 5587 nec
1608 5527 1906 5603 propterea

261 5617 459 5668 tamen
491 5604 586 5661 hie
615 5615 744 5659 cum
785 5600 886 5658 illo
917 5613 1174 5672 pugnare
1203 5608 1288 5657 est
1320 5599 1757 5668 dicendus,cum
1793 5604 1908 5664 Go-

1982 4729 2120 4773 vero
2150 4711 2211 4772 in
2264 4713 2555 4804 theatrum
2610 4715 2934 4794 ingressus,
2968 4720 3123 4800 quod
3177 4739 3249 4783 eo
3281 4723 3412 4804 ipso
3464 4737 3618 4788 tem-

1987 4820 2129 4882 pore
2189 4801 2539 4884 instruebat,
2571 4806 2817 4869 athletas
2865 4827 3218 4887 convocans,
3264 4801 3623 4898 omnemque

1985 4909 2350 4984 congregans
2371 4895 2678 4977 p0pulum,
2697 4904 2752 4958 et
2785 4901 3109 4961 certamina
3133 4902 3470 4981 instituens,
3495 4895 3622 4984 ipse

1985 4981 2044 5043 in
2074 4982 2318 5044 sublimi
2349 4984 2636 5046 consedit.

2067 5163 2128 5228 9.
2152 5166 2368 5248 Martyr
2397 5170 2593 5226 autem
2617 5185 2750 5230 cum
2776 5165 3180 5237 abduceretur
3203 5171 3264 5235 in
3287 5191 3617 5257 carcerem,

1987 5388 2535 5476 thinetiatnpatione
2564 5393 2782 5476 Scythae
2828 5397 3170 5457 exstiterint.
3204 5399 3476 5476 Caeterum
3507 5418 3622 5476 quo

1989 5463 2202 5538 bellum
2237 5464 2384 5520 illud
2413 5479 2564 5524 anno
2596 5463 2825 5538 circiter
2854 5478 3076 5538 gestum
3095 5473 3480 5533 verosimilius
3511 5463 3626 5538 fue-

1989 5532 2080 5600 rit,
2115 5534 2513 5594 Commentarii
2548 5537 2740 5608 prmvii
2770 5532 2931 5596 nufn.
2964 5541 3037 5597 60
3058 5545 3318 5613 exposui.
