4056 6152
430 249 572 313 19H
1785 245 2446 310 SUPPLEMENTUM.
3658 241 3802 306 “9?

421 382 598 447 simul
623 377 934 442 laetabatur
963 385 1023 440 et
1073 376 1440 442 afﬁciebatur
1468 378 1715 441 dolore:
1753 377 2065 440 laetabatur

2158 377 2309 449 ἥδετό
2369 405 2424 437 τε
2483 383 2615 457 ὁμοῦ
2659 382 2745 436 καὶ
2798 379 3025 458 ἀνιαρῶς
3072 378 3296 437 διέκειτο
3334 401 3342 411 ’
3380 379 3536 447 ἥδετο
3569 377 3689 452 μὲν,
3723 377 3798 433 ὅτι

425 471 692 552 quidem,
726 467 884 547 quod
909 467 1251 548 martyrium
1280 487 1412 529 mox
1437 475 1598 529 esset
1619 477 2065 541 consecuturus;

2161 472 2350 548 μικρὸν
2431 470 2553 528 ὅσον
2640 468 2787 526 οὔπω
2865 475 2958 526 τοῦ
3058 470 3339 547 μαρτυρίου
3422 466 3798 534 ἀξιωθήσεσθαι

428 579 582 640 aegre
614 555 838 619 ferebat
871 563 1090 626 autem,
1128 555 1287 636 quod
1321 575 1437 617 non
1471 556 1700 620 videret
1727 564 1980 618 tortores
2003 557 2065 619 ad

2160 558 2382 634 ἔμελλεν
2417 575 2430 591 ⁸
2491 561 2677 629 ἠνιᾶτο
2748 558 2826 638 δὲ,
2887 559 2968 615 δτι
3029 559 3107 634 μὴ
3165 559 3252 616 καὶ
3305 561 3494 615 θᾶττον
3554 556 3796 618 ἐπιόντας

427 668 493 712 se
550 649 727 710 citius
756 644 1064 719 accedere,
1132 656 1189 707 et
1249 664 1365 707 non
1391 647 1515 725 jam
1573 647 1644 708 ad
1678 655 1970 708 tormenta
2021 656 2065 707 et

2159 653 2303 724 αὒτῷ
2333 651 2452 707 τοὺς
2502 647 2768 712 κολαστὰς
2829 647 3036 729 ἐθεᾶτο,
3067 649 3152 705 καὶ
3207 649 3337 726 πρὶς
3380 647 3642 724 βασάνους
3696 642 3796 713 ἤδη

427 747 678 802 mortem
711 734 1135 814 corriperetur.
1174 733 1425 796 Tantum
1487 737 1646 797 enim
1678 735 2065 798 contendebat

2158 739 2246 794 καὶ
2305 741 2394 796 τὸν
2438 738 2656 795 θάνατον
2718 737 3099 813 συνηρπάζετο.
3150 743 3407 799 Τοσοῦτος
3448 736 3548 812 γὰρ
3601 743 3796 808 Δημη-

425 825 766 890 Demetrius
799 823 948 884 mori
983 831 1224 903 propter
1255 823 1578 907 Christum,
1616 836 1895 902 quantum
1943 835 2065 888 stu-

2158 829 2282 904 τρίῳ
2323 838 2416 887 τοῦ
2447 826 2531 883 διὰ
2577 827 2800 903 Χριστὸν
2838 825 3125 883 ἀποθανεῖν
3178 825 3323 902 ἁγὼν
3368 829 3459 898 ἦν,
3515 821 3617 890 ὅση
3679 831 3794 879 Μα-

425 917 602 979 debat
624 912 1012 976 Maximianus
1030 932 1162 974 eum
1186 933 1220 974 a
1243 914 1588 977 melioribus
1613 916 2065 978 revocare.Cum

2158 915 2378 990 ξιμιανῷ
2407 916 2566 974 πάλιν
2600 925 2694 974 τοῦ
2739 917 2828 971 τὸν
2873 913 3031 991 ἄνδρα
3073 914 3219 971 ελεῐν
3275 912 3359 970 διὰ
3400 916 3503 970 τῶν
3551 933 3794 993 χρηστο-

422 1025 563 1084 ergo
598 1013 818 1084 martyr
837 1005 1104 1065 venisset
1126 1003 1186 1064 in
1213 1022 1544 1078 carcerem,
1575 1005 1834 1066 dicebat:
1877 1007 2065 1068 «Deus

2158 1005 2317 1077 τέρων
2373 1003 2597 1074 σπουδή.
2666 1005 2775 1070 Τὴν
2819 1005 3030 1070 εἱρκτὴν
3075 1004 3247 1060 τοίνυν
3306 1005 3332 1059 ὁ
3363 1004 3562 1080 μάρτυς
3612 1023 3796 1058 κατει-

425 1097 484 1158 in
535 1094 896 1175 adjutorium
933 1111 1128 1154 meum
1162 1094 1430 1165 intende,
1469 1095 1739 1170 Domine,
1774 1095 1847 1156 ad
1892 1095 2068 1175 adju-

422 1184 678 1247 vandum
714 1199 808 1243 me
857 1181 1100 1244 festina.
1142 1206 1164 1242 ι
1223 1180 1512 1254 Quoniam
1575 1192 1634 1245 tu
1667 1202 1731 1246 es
1789 1183 2071 1264 patientia

427 1292 579 1348 mea,
617 1272 890 1346 Domine,
927 1290 1067 1352 spes
1118 1291 1250 1333 mea
1277 1291 1311 1332 a
1354 1273 1664 1351 juventute
1701 1292 1851 1334 mea.
1907 1275 1971 1336 1n
2014 1281 2071 1336 te

424 1364 807 1426 conﬁrmatus
837 1379 970 1422 sum
1021 1361 1094 1422 ab
1125 1370 1290 1424 utero
1330 1385 1344 1426 :
1376 1382 1408 1422 a
1440 1372 1642 1424 ventre
1676 1363 1880 1425 matris
1924 1381 2072 1424 meae

426 1462 486 1514 tu
517 1471 580 1514 es
610 1459 908 1533 protector
940 1469 1129 1512 meus.
1161 1449 1224 1512 In
1259 1461 1312 1512 te
1356 1451 1612 1514 laudatio
1649 1469 1780 1512 mea
1808 1471 2071 1531 semper.

423 1543 679 1606 Psallam
715 1544 838 1604 Deo
865 1559 1018 1616 meo,
1041 1541 1302 1621 quandiu
1324 1540 1841 1620 fuero.Propterea
1871 1543 2072 1604 exsul-

2153 1092 2363 1173 ληφὼς,
2432 1118 2454 1150 ί
2517 1085 2574 1152 Ὀ
2638 1095 2788 1172 Θεὸς³
2853 1092 3058 1170 ἔλεγεν,
3123 1095 3194 1157 εἰς
3236 1092 3337 1160 τὴν
3384 1093 3637 1168 βοήθειάν
3697 1114 3797 1165 μου

2153 1186 2426 1263 πρότσχες
2460 1202 2475 1216 ’
2537 1184 2709 1263 Κύριε,
2765 1184 2836 1248 εἷς
2921 1184 2980 1238 τὸ
3065 1183 3328 1258 βοηθῆσαί
3387 1205 3480 1257 μοι
3544 1189 3794 1244 σπεύσον,

2152 1273 2277 1331 "Ott
2321 1276 2381 1330 σὺ
2427 1276 2456 1342 ἡ
2501 1274 2744 1343 ὑπομονή
2789 1294 2914 1351 μου,
2967 1272 3142 1351 Κύριε,
3175 1273 3209 1341 ἡ
3242 1270 3389 1335 ἐλπίς
3441 1295 3542 1346 μου
3580 1273 3644 1326 εκ
3674 1272 3793 1326 νεό-

2154 1365 2316 1430 τητός
2377 1384 2500 1439 μου.
2539 1362 2660 1419 Ἐπὶ
2700 1363 2758 1417 σε
2803 1362 3196 1440 ἓπεστηρίχθην
3240 1361 3345 1417 ἀπὸ
3402 1361 3631 1439 γαστρός
3666 1380 3680 1394 ·
3739 1358 3795 1414 ἐκ

2155 1452 2358 1518 κοιλίας
2419 1453 2622 1528 μητρός
2666 1474 2767 1525 μου
2798 1450 2859 1506 σύ
2902 1471 3002 1526 μου
3033 1454 3089 1506 εἷ
3119 1453 3445 1519 σκεπαστής.
3480 1449 3570 1506 Ἐν
3630 1451 3711 1505 σοὶ
3759 1451 3793 1516 ἡ

2155 1541 2379 1616 ὕμνησίς
2438 1563 2538 1615 μου
2597 1539 2903 1604 διαπαντός.
2982 1537 3150 1594 Ψαλῶ
3207 1545 3283 1613 τῷ
3341 1547 3456 1613 Θιῷ
3513 1561 3637 1617 μου⁷
3694 1537 3792 1600 ἕως

423 1631 633 1694 tabunt
677 1630 830 1692 labia
860 1648 1014 1703 mea,
1053 1648 1184 1690 cum
1251 1641 1562 1691 cantavero
1597 1630 1719 1698 tibi,
1761 1640 1814 1692 et
1875 1631 2065 1711 lingua

2158 1632 2403 1712 ὑπάρχω.
2467 1629 2564 1688 Διᾶ
2648 1636 2801 1686 τοῦτο
2876 1627 3254 1708 ἂγαλλιάσεται
3312 1630 3376 1686 τὰ
3446 1628 3608 1708 χείλη
3669 1649 3788 1701 μου,

426 1741 558 1786 mea
592 1730 704 1782 tota
739 1719 832 1782 die
866 1718 1246 1782 meditabitur
1274 1720 1560 1799 justitiam
1599 1729 1752 1780 tuam
1797 1721 1907 1798 (8).

508 1905 606 1967 10.
667 1900 931 1963 Peractis
963 1907 1160 1961 autem
1208 1902 1504 1982 precibus,
1547 1902 1704 1963 videt
1735 1903 2060 1982 scorpium,

420 2010 528 2074 per
559 2002 772 2053 terram
801 1991 1388 2070 proserpentem,qui
1419 1999 1475 2051 et
1497 1991 1770 2052 aculeum
1797 1991 2062 2054 sustule-

417 2089 598 2155 rat,et
619 2079 748 2159 ejus
771 2076 982 2158 pedem
1009 2087 1134 2138 erat
1159 2086 1508 2159 puncturus.
1545 2078 1648 2140 Ille
1670 2089 1864 2141 autem
1889 2099 2066 2143 cruce

421 2169 708 2244 munitus,
747 2186 881 2229 cum
915 2185 1051 2228 eum
1083 2167 1442 2244 invocasset,
1469 2169 1570 2249 qui
1601 2168 1763 2229 dedit
1815 2187 1922 2230 suo
1953 2171 2065 2249 lig-

423 2267 623 2322 mento
654 2257 886 2319 calcare
919 2274 1091 2336 posse
1123 2267 1437 2337 serpentes
1480 2267 1540 2319 et
1571 2257 1860 2339 scorpios,
1897 2259 2060 2320 illum

419 2348 618 2411 reddit
653 2354 976 2418 mortuum,
1013 2346 1101 2406 vel
1152 2346 1347 2426 potius
1374 2354 1508 2408 eum
1543 2348 1640 2428 qui
1673 2348 2065 2428 intelligentia

423 2437 780 2520 percipitur,
809 2433 1132 2515 scorpium,
1161 2435 1260 2516 qui
1285 2437 1344 2497 in
1369 2456 1437 2498 eo
1465 2436 1702 2498 latebat.
1731 2435 1940 2499 Statim
1963 2457 2064 2499 au-

423 2536 539 2590 tem
565 2526 800 2588 divinus
832 2523 885 2584 ei
914 2542 1206 2603 apparens
1236 2526 1487 2605 angelus
1517 2526 1648 2605 ejus
1680 2527 1857 2606 capiti
1887 2546 2063 2588 coro-

423 2635 557 2680 nam
613 2614 884 2696 imponit,
923 2615 1130 2674 dicens
1167 2631 1180 2675 :
1221 2613 1332 2674 Pax
1387 2615 1517 2688 tibi,
1553 2615 1765 2677 Christi
1817 2616 2058 2678 athleta.

422 2708 564 2770 Esto
615 2705 808 2783 fortis,
843 2709 903 2762 et
937 2714 991 2762 te
1021 2702 1210 2762 virum
1255 2702 1452 2783 praebe
1485 2703 1588 2780 (9).
1624 2703 1721 2765 Sic
1751 2704 1853 2784 qui
1889 2706 2061 2768 velox

420 2804 511 2858 est
565 2795 636 2855 ad
679 2791 1145 2854 consolationem
1181 2809 1388 2853 eorum
1422 2793 1521 2873 qui
1574 2793 1769 2873 ipsum
1828 2794 2058 2871 timent,

2153 1721 2278 1778 ὅταν
2336 1719 2527 1795 ψάλλω
2560 1741 2666 1799 σοι³
2713 1720 2798 1774 καὶ
2845 1719 2880 1786 ἡ
2912 1717 3127 1795 γλῶσσά
3158 1741 3260 1794 μου
3289 1717 3420 1784 ὅλην
3466 1719 3564 1784 τὴν
3593 1719 3792 1795 ἡμέραν

2151 1809 2435 1887 μετελήσει
2466 1809 2564 1876 τὴν
2595 1807 2930 1874 δικαιοσύνην
2965 1829 3079 1865 σου.
3120 1828 3143 1864 ι)

2231 1900 2291 1961 ι’.
2355 1900 2450 1957 Καὶ
2505 1904 2600 1965 τῆς
2660 1900 2830 1977 εὐχῆς
2875 1897 3017 1972 αὒτῴ
3080 1895 3443 1975 τελεσθείσης,
3490 1897 3586 1971 δρᾷ
3629 1908 3791 1974 σκορ-

2147 1993 2264 2048 πίον
2326 1989 2557 2065 ἓρποντα
2599 1990 2737 2044 κατὰ
2777 1992 2881 2064 γῆς
2934 1989 2994 2042 τὸ
3040 1986 3254 2062 κέντρον
3308 2007 3366 2041 τε
3424 1985 3646 2065 ἡρκότα³
3709 1988 3793 2042 καὶ

2150 2083 2306 2138 αὐτοῦ
2364 2080 2453 2134 τοι
2515 2076 2648 2134 πόδα
2706 2075 2895 2153 βαλεῖν
2954 2075 3246 2150 μέλλοντα,
3287 2067 3344 2132 Ὀ
3395 2074 3448 2130 δὲ
3480 2076 3557 2149 τῷ
3585 2082 3792 2153 σταυρῷ

2149 2169 2597 2249 σφραγισάμενος,
2651 2167 2739 2223 καὶ
2791 2172 2880 2221 τον
2939 2166 3119 2224 ἐπάνω
3166 2164 3336 2244 ὄφεων
3389 2168 3477 2220 καὶ
3525 2166 3790 2244 σκορπίων

2148 2262 2223 2332 τῷ
2277 2260 2454 2332 οἰκείῳ
2499 2257 2770 2331 πλάσματι
2847 2254 3001 2312 δύ’ντα
3060 2269 3254 2312 πατεῖν
3309 2253 3788 2333 ἐπικαλεσάμενος²

2147 2350 2328 2426 νεκρὸν
2388 2348 2595 2403 ἐκεῖνον
2641 2346 2854 2417 εὐθέως,
2902 2344 3104 2420 μᾶλλον
3159 2343 3213 2400 δὲ
3262 2346 3352 2401 τὸν
3402 2346 3458 2400 ἐν
3487 2346 3630 2419 αὖτῷ
3656 2367 3790 2410 νοη-

2145 2440 2237 2494 τὸν
2319 2437 2568 2512 σκορπίον
2655 2435 3122 2514 ὕποκρυπτόμενον
3160 2481 3176 2507 ,
3255 2433 3630 2512 ἀπεργάζεται.
3697 2434 3791 2490 Καὶ

2148 2533 2482 2607 παραχρῆμα
2540 2525 2685 2589 θεῖος
2729 2522 2954 2602 ἄγγελος
3036 2523 3338 2602 ἐπιφανεῖς,
3383 2523 3639 2602 στέφανον
3694 2524 3787 2579 αὖο-

2146 2628 2237 2676 τοῠ
2281 2624 2348 2693 τῇ
2406 2621 2610 2695 κορυφῇ
2666 2616 2958 2688 ἐπιτίθησι,
3034 2614 3358 2691 προσειπὼν,
3423 2614 3621 2690 Εἰρήνη
3683 2634 3786 2687 σοι,

2147 2705 2352 2773 ἀθλητόι
2407 2712 2500 2761 τοῦ
2559 2709 2808 2780 Χριστοῦ,
2871 2701 3035 2782 ἴσχυε
3080 2703 3166 2758 καὶ
3217 2701 3479 2779 ἀνδρίζου.
3528 2701 3704 2763 Οὕτως
3764 2704 3791 2756 ὁ

2148 2797 2319 2876 ταχὺς
2363 2796 2435 2860 εἰς
2491 2791 2828 2871 παράκλησιν
2883 2798 2989 2847 τῶν
3047 2789 3389 2870 φοϐουμένων
3461 2792 3618 2848 ἀύτὸν
3683 2790 3787 2848 Κύ-

420 2883 732 2962 Dominus,
765 2880 942 2941 simul
975 2888 1153 2961 atque
1185 2881 1291 2942 fuit
1321 2882 1586 2944 inclusus
1620 2884 1676 2943 in
1710 2902 1970 2959 carcere,
2009 2894 2065 2948 et

2158 2909 2256 2964 ato;
2311 2885 2426 2960 ἅμα
2478 2891 2545 2957 τῇ
2601 2888 2698 2948 τῆς
2760 2881 2970 2960 εἱρκτῆς
3013 2880 3347 2937 κατακλείσει
3401 2881 3497 2937 καῖ
3554 2882 3685 2958 πρὸς
3730 2882 3788 2934 τὸ

419 2974 481 3034 in
506 2968 899 3053 praesentibus
916 2969 1150 3050 placide
1180 2970 1499 3032 admodum
1521 2972 1860 3035 consolatur
1880 2975 2063 3036 athle-

2158 2977 2314 3054 παρὸν
2358 2974 2569 3052 ἡμέρως
2605 2969 2738 3048 ἄγαν
2797 2974 3185 3050 παραμυθεῖται
3229 2971 3318 3026 τὸν
3381 2969 3645 3047 ἀθλητὴν,
3705 2969 3790 3023 καὶ

419 3069 561 3138 tam,
597 3069 654 3122 et
707 3059 778 3120 ad
831 3059 1024 3120 futura
1075 3057 1286 3140 implet
1332 3061 1512 3121 animi
1563 3061 1887 3126 alacritate.
1941 3068 2062 3128 Sed

2158 3069 2276 3146 πρὸς
2310 3066 2368 3120 τὸ
2399 3061 2596 3140 μέλλον
2627 3061 2912 3139 προθυμίας
2972 3059 3326 3135 ἒμπιπλησιν,
3377 3058 3545 3116 Ἀλλὰ
3592 3061 3788 3134 Δημή-

419 3149 757 3214 Demetrius
786 3147 1025 3228 quidem
1049 3147 1134 3208 sic
1158 3155 1285 3210 erat
1308 3151 1367 3210 in
1401 3149 1697 3214 custodia.

2158 3179 2289 3235 εριον
2321 3155 2418 3230 μὲν
2450 3152 2616 3214 οὕτως
2646 3153 2680 3218 ἡ
2713 3150 2908 3230 φρουρὰ
2939 3153 3088 3228 εἶχε,

1927 3261 2157 3323 CAPUT
2195 3264 2266 3321 Il.

417 3354 616 3428 Lyraus
667 3368 705 3410 a
732 3350 955 3411 Nestore
999 3352 1288 3420 occiditur,
1339 3353 1734 3432 Maximianus,
1777 3355 1903 3414 hinc
1949 3361 2152 3432 iratus,
2195 3361 2470 3418 Nestorem
2524 3362 2573 3432 e_t
2630 3353 2969 3432 Demetrium
2991 3352 3142 3425 jubet
3192 3350 3450 3424 interﬁci,
3509 3351 3692 3426 Ιιίοᾳκο
3736 3358 3791 3412 et

1341 3425 1614 3483 miraculis
1647 3427 1818 3484 claret
1867 3437 1919 3489 et
1965 3425 2230 3508 tanquam
2268 3436 2486 3491 sanctus
2533 3428 2860 3485 honoratur.

504 3541 890 3604 Maximianus
921 3550 1116 3603 autem
1151 3542 1472 3606 exhibebat
1500 3547 2065 3630 spectaculum,g|a-

2235 3550 2330 3615 ια’,
2392 3549 2702 3625 Μαξιμιανῷ
2748 3545 2802 3602 δὲ
2869 3547 2926 3603 τὸ
2984 3553 3088 3604 τῶν
3149 3544 3484 3624 μονόμάχων
3541 3563 3792 3619 συνεκρο-

423 3633 747 3706 diatorum,
781 3639 839 3692 et
870 3631 1321 3711 complebantur
1357 3653 1567 3696 omnes
1598 3638 1885 3715 pentathli
1914 3639 2064 3704 ludi.

2158 3656 2298 3698 τεῖτο
2340 3640 2579 3720 θέατρον,
2628 3639 2716 3694 καὶ
2771 3635 2942 3693 τᾶλλα
2998 3635 3094 3692 ὅσα
3124 3637 3190 3690 τὰ
3220 3642 3312 3691 τοῦ
3335 3630 3631 3690 πεντάθλου
3661 3653 3789 3688 συν-

419 3722 568 3812 (t0).
602 3721 707 3783 llle
737 3739 876 3782 vero
907 3721 1154 3783 sedebat
1188 3723 1250 3783 in
1283 3723 1523 3784 sublimi
1552 3727 1816 3806 specula,
1843 3728 2065 3808 jucun-

2158 3731 2384 3812 επλήρου
2425 3718 2687 3805 θεάματα.
2723 3730 2783 3785 ‘0
2829 3725 2882 3782 δὲ
2943 3725 3002 3782 ἐκ
3040 3729 3318 3804 περιωπῆς
3364 3726 3622 3795 καθῆστο,
3672 3718 3786 3776 δια-

425 3811 738 3900 dlssimum
774 3827 904 3900 esse
935 3819 1202 3873 statuens
1232 3813 1459 3874 versari
1481 3813 1541 3873 in
1572 3820 1897 3894 spectando
1930 3837 2064 3880 cer-

2158 3809 2334 3900 τριϐην
2393 3818 2604 3888 ἡδίστην
2647 3819 2739 3873 τὸν
2795 3815 2978 3894 ἀγῶνα
3032 3817 3377 3890 ποιούμενος.
3424 3809 3620 3869 ’Ἡδετο
3664 3811 3784 3888 γὰρ,

423 3901 670 3962 tamine.
698 3898 1034 3962 Ltetabatnr
1063 3903 1246 3982 enim,
1285 3910 1350 3964 ut
1371 3902 1627 3979 videtur,
1662 3905 1905 3968 humani
1936 3926 2065 3969 san-

2158 3914 2222 3976 ὣς
2280 3911 2473 3984 ἔοικεν,
2521 3909 2760 3983 αἱμάτων
2817 3905 3153 3984 ἀνθρωπίνων
3211 3907 3345 3980 ὁρῶν
3403 3901 3647 3981 ἔκχυσιν,
3692 3894 3786 3956 Ἦν

424 3993 620 4073 guinis
652 3994 857 4054 videns
887 3993 1269 4058 oﬁusionem.
1304 3995 1447 4056 Erat
1475 4004 1676 4058 autem
1712 4000 1948 4079 quidam
1976 4003 2065 4063 vir

2158 3999 2205 4056 δέ
2259 4023 2346 4063 τις
2391 3999 2524 4076 ἀνὴρ
2578 3994 2839 4075 βάρϐαρος
2902 4001 3006 4051 τῶν
3081 3991 3396 4060 ἓπιτηδείων
3452 3990 3781 4067 Μαξιμιανῷ,

425 4083 714 4144 barbarus
746 4100 818 4143 ex
863 4081 1196 4146 Maximiani
1239 4085 1614 4162 necessariis,
1653 4106 1827 4150 manu
1874 4090 2065 4165 fortis,

2158 4090 2282 4171 πρός
2313 4111 2370 4148 τε
2413 4101 2579 4170 χεῖρα
2610 4098 2880 4163 γενναῖος,
2914 4085 3003 4140 καὶ
3046 4085 3177 4162 πρὸς
3221 4084 3398 4149 πάλην
3442 4082 3546 4160 οὐχ
3577 4083 3784 4171 μήκιστα

424 4181 484 4236 et
511 4171 738 4234 validus
768 4171 841 4234 ad
871 4171 1115 4254 luctam,
1141 4183 1198 4235 et
1221 4175 1650 4258 magnitudine,
1674 4196 1804 4258 quae
1826 4180 2065 4241 modum

2158 4167 2367 4257 ἂναθὸς,
2416 4167 2636 4255 μέγεθός
2693 4195 2750 4228 τε
2799 4176 2893 4229 τοῦ
2939 4171 3154 4249 μετρίου
3211 4171 3444 4258 μείζων,
3502 4170 3594 4224 καὶ
3649 4167 3784 4258 παρὰ

425 4261 750 4343 superabat
775 4279 790 4325 :
820 4269 880 4324 et
909 4261 1042 4324 ideo
1071 4253 1202 4325 erat
1223 4270 1277 4326 ei
1305 4253 1475 4325 valde
1494 4253 1781 4343 gratus,et
1801 4268 2065 4331 habeba-

2158 4253 2303 4325 τοῦτο
2335 4253 2530 4346 σφόδρα
2559 4262 2951 4344 κεχαρισμένος
3011 4261 3175 4336 αὐτῷ³
3227 4260 3315 4315 καὶ
3371 4257 3535 4346 λόγου
3589 4253 3780 4346 κομιδῆ

424 4360 524 4414 tur
551 4352 613 4413 in
647 4368 856 4429 magna
887 4351 1581 4414 existimatione.Nomen
1608 4365 1732 4415 erat
1764 4356 1819 4417 ei
1840 4355 2064 4437 Lyaeus:

425 4441 614 4522 patria
642 4458 780 4502 vero
812 4451 940 4502 erat
963 4439 1289 4502 Wandalus
1319 4443 1462 4520 (11).

509 4529 610 4592 1‘2.
660 4531 716 4591 ls
747 4529 1077 4590 insolenter
1097 4529 1330 4608 jactans
1359 4547 1423 4590 se
1453 4547 1660 4592 omnes
1697 4531 1932 4596 vincere
1959 4553 2062 4598 ro-

426 4616 572 4680 bore
621 4617 914 4698 corporis,
945 4625 1227 4697 stansque
1276 4619 1336 4680 in
1370 4619 1619 4700 pulpito,
1655 4632 1722 4684 ut
1751 4624 1857 4685 toti
1907 4637 2066 4690 esset

423 4704 656 4771 theatro
677 4705 1301 4783 manifestus,caateros
1326 4709 1680 4789 gladiatores
1707 4716 2065 4793 provocabat

501 4885 578 4958 (8)
611 4885 771 4944 Hanc
798 4885 871 4944 ad
903 4885 1076 4946 Deum
1106 4888 1448 4960 orationem,
1487 4903 1611 4960 quas
1640 4905 1672 4948 a
1704 4892 1892 4952 Sancti
1927 4895 2063 4956 Pas-

427 4955 603 5041 siona
623 4959 1299 5041 proaimeantecedenti,
1346 4955 1441 5017 ab'
1467 4955 1701 5041 auctore
1749 4980 2061 5041 anonymo,

428 5031 924 5112 qu_i_atetapbrasti
985 5033 1269 5112 praelugtit.
1326 5038 1676 5112 conscripta,
1743 5031 2064 5112 abest'pro

431 5103 674 5178 arbitrio
698 5116 803 5160 suo
835 5107 1118 5178 posterior
1165 5106 1257 5159 hic
1312 5103 1574 5178 scriptor
1609 5105 1908 5178 Demetrio,
1959 5103 2068 5169 'cu-

427 5174 628 5231 stadia:
655 5173 774 5244 jam
807 5175 1144 5245 mancipata,
1177 5173 1609 5234 verosimitlime
1642 5173 1946 5240 aﬂlnxerit.
1984 5184 2066 5243 Ita

428 5255 690 5310 autumo,
721 5248 873 5316 quod
902 5247 1121 5304 similes
1170 5248 1379 5302 sanctis
1425 5251 1713 5306 orationes
1755 5254 2068 5313 attribuere

428 5318 479 5372 is
513 5317 694 5373 soleat
718 5318 784 5399 in
801 5320 1096 5399 omniqus
1115 5320 1230 5375 tere
1257 5317 1462 5376 horum
1508 5321 1684 5388 Actis,
1742 5336 1863 5394 qua
1916 5327 2064 5399 stylo

430 5400 537 5446 suo
565 5387 908 5457 expolivisso
939 5387 1220 5445 noscitur.

499 5459 578 5527 (9)
608 5459 690 5541 De
720 5462 976 5541 angelica
1011 5459 1210 5541 istbac,
1265 5473 1388 5530 quae
1419 5459 1638 5541 _$anc_to
1669 5463 1832 5541 fuerit
1858 5469 2066 5541 oblata,

429 5531 809 5612 apparitione,
838 5532 1214 5612 miraculique
1243 5533 1479 5602 scorpii,
1511 5550 1539 5612 a
1567 5537 1854 5612 Demetrio
1879 5531 2072 5612 prodi2

431 5603 589 5672 giose
629 5605 837 5666 necati,
863 5603 1016 5672 quod
1046 5603 1171 5661 eain
1199 5608 1573 5676 praecesserit,
1609 5603 1928 5677 patratione
1960 5613 2070 5672 du-

2149 4357 2354 4416 πολλοῦ
2383 4344 2688 4432 ἂξιούμενος
2725 4368 2738 4383 ⁸
2802 4358 3000 4416 Λυαῖος
3057 4349 3224 4426 ὄνομα
3251 4349 3329 4424 τῷ
3381 4345 3560 4426 ἆνδρῖ,
3593 4344 3781 4422 πατρῖς

2083 4486 2134 4542 D
2151 4445 2444 4542 Obévb‘zlat‘.

2229 4536 2324 4615 ιβ’.
2361 4537 2525 4599 Οὗτος
2555 4533 2620 4592 τά
2650 4553 2711 4610 γε
2743 4533 2814 4594 εἷς
2847 4530 3034 4610 ρώμην
3081 4529 3330 4606 σώματος
3375 4526 3592 4587 πάντων
3648 4545 3779 4596 κρα-

2147 4640 2262 4685 τεῖι
2320 4625 2792 4701 ἀλαζονευόμενρς,
2834 4620 2921 4677 ἐπ’
2978 4617 3281 4700 ὀκρίϐαντος
3337 4618 3459 4674 τότε
3502 4616 3654 4694 στὰς,
3713 4615 3781 4677 ὡς

2147 4715 2392 4786 ἐπίδηλος
2439 4713 2532 4782 ι’ίη
2583 4718 2660 4787 τῷ
2715 4713 2917 4790 θεάτρῳ
2971 4712 3151 4785 παντὶ,
3210 4709 3300 4765 τὸν
3339 4705 3665 4785 βουλόμενον
3712 4704 3782 4765 είς

2147 4895 2315 4954 bitarl
2348 4892 2501 4952 haud
2539 4889 2817 4949 immerito
2846 4887 2936 4946 vel
2965 4887 3177 4945 idcirco
3220 4891 3426 4957 potest,
3474 4882 3629 4956 quod
3673 4889 3783 4940 tam

2147 4969 2293 5033 haec,
2325 4980 2498 5040 quam
2558 4965 2654 5040 illa
2675 5037 2688 5040 _
2713 4979 2742 5020 a
2771 4960 2894 5040 solo
2923 4959 3329 5040 AMetaphraste,
3359 4967 3782 5040 anpnymoque,

2146 5043 2245 5112 qui
2280 5030 2417 5112 huic
2449 5033 2736 5112 prmluxit,
2768 5033 2958 5090 Sancti
2980 5030 3164 5089 nostri
3195 5030 3534 5101 biographo,
3569 5038 3785 5087 memo-

2147 5106 2246 5168 riae
2275 5106 2885 5184 prodijainveniatur;
2987 5174 2998 5184 _
3091 5172 3103 5184 _
3381 5171 3400 5184 _
3483 5171 3518 5184 Α,

2220 5169 2334 5254 (ιῦ)
2365 5179 2468 5254 Adi
2499 5179 2794 5254 Adnotata,
2844 5172 3140 5234 Passionis
3183 5171 3553 5244 praecedentis
3589 5183 3714 5240 cap.
3755 5169 3777 5222 t

2145 5253 2218 5312 ad
2245 5252 2405 5310 num.
2439 5252 2467 5306 7
2501 5252 2864 5322 subnexa.___
2958 5317 2976 5322 _
3019 5317 3055 5322 __
3354 5315 3368 5322 _
3638 5311 3670 5322 λ,

2223 5327 2336 5395 (11)
2387 5323 2656 5395 Fueritne
2713 5335 2743 5377 θ
2795 5317 3144 5395 Wandalica,
3177 5331 3270 5395 ρο
3317 5315 3492 5395 altera
3555 5315 3782 5370 natione

2146 5387 2370 5470 Lyaeus,
2399 5394 2752 5470 antiquiores
2783 5391 2910 5470 duae
2937 5387 3500 5470 S_a_nc.ti__Passiones_,
3536 5396 3778 5470 qp‘arum

2148 5453 2508 5538 ailiera’apud
2536 5453 2806 5538 'Photium
2839 5466 2898 5538 in
2952 5460 3276 5538 Bibtiptlteca
3312 5453 3721 5538 πείθῃ-ἐμεῖο
3750 5468 3781 5510 o

2147 5539 2340 5612 lingua
2366 5528 2685 5612 Erae-cabin
2739 5534 3001 5594 Latinam
3051 5531 3124 5592 ab
3162 5532 3460 5591 Anastasio
3510 5528 3614 5587 fuit
3643 5539 3780 5584 con-

2146 5607 2332 5684 ver'sa,
2363 5608 2515 5668 haud
2543 5607 2792 5667 edicunt.
