4056 6152
248 301 402 376 1193

1325 300 1385 370 S.
1432 294 1808 370 DEMETRII
1863 304 2264 371 MARTYRIS
2303 305 2523 371 ACTA.

3469 307 3625 376 1194

241 447 423 514 πάλην
485 442 861 525 προεκαλεῖτο.
896 440 1164 521 Εἵργαστο
1207 439 1261 497 δέ
1319 437 1420 518 ἄρα
1446 445 1522 514 τῷ
1581 440 1893 515 Μαξιμιαδῷ

1997 439 2048 502 ιιι
2103 447 2431 502 certamen.
2485 438 2656 501 Tﬁnc
2709 445 2904 502 autem
2965 438 3156 502 factus
3191 439 3384 504 fuerat
3434 443 3622 506 Maxi-

244 536 437 600 κύκλος
491 535 657 591 σανίσι
692 531 1066 608 διειλημμένος
1109 542 1361 610 συχναῖς⁶
1396 527 1479 609 ἐφ’
1524 529 1581 586 ὃν
1613 531 1671 585 οὑ
1731 553 1897 605 μονο-

244 639 452 706 μαχεῖν
512 623 794 700 μέλλοντες
854 621 1119 697 εἰσῄεσαν,
1153 621 1242 676 καὶ
1297 619 1358 674 τὸ
1414 618 1738 696 παγκράτιον
1794 620 1896 674 ὑπ-

242 716 482 794 ήρχοντο
538 715 626 770 καὶ
681 713 784 780 τὴν
829 710 1032 778 πάλην.
1068 709 1220 766 Ἐπεὶ
1258 709 1420 765 τοίνυν
1479 713 1548 784 τῇ
1576 715 1665 764 τοῦ
1717 707 1898 779 σώμα-

244 825 334 870 τος
390 804 546 881 ῥώμῃ
578 803 791 859 πάντων
823 800 1028 875 ἐκράτει
1083 804 1308 871 Λυαῖος,
1342 797 1430 853 καὶ
1460 803 1558 858 πᾶς
1623 795 1768 860 ὅστις
1823 798 1896 861 εἷς

245 906 443 972 χεῖρας
476 892 619 966 αὖτῷ
663 891 981 972 ἐρχόμενος,
1017 888 1192 968 χαμαὶ
1222 887 1465 961 κείμενος
1513 886 1656 949 εὗθὺς
1689 886 1893 958 ἐθεᾶτο,

245 984 282 1049 ὴ
339 984 425 1038 καὶ
472 982 696 1037 θάνατον
749 981 809 1036 ἐκ
848 988 940 1037 106
990 981 1326 1056 παραχρῆμα
1362 975 1729 1052 σπασάμενος,
1775 996 1896 1031 τοσ-

247 1079 400 1129 οῦτον
456 1069 670 1138 ἥδεσθαι
733 1076 808 1144 τῷ
866 1068 1102 1146 τυράννῳ
1145 1077 1433 1144 παρεῖχεν,
1480 1066 1566 1129 οὒς
1602 1061 1894 1120 κατέϐαλλε

248 1163 373 1224 τοὺς
426 1159 916 1234 συμπλεκομένους,
953 1157 1075 1213 ὅσον
1129 1158 1188 1214 οὗ
1240 1152 1424 1228 πολλῷ
1479 1152 1695 1232 ὕστερον
1753 1153 1894 1229 λύπη

246 1238 554 1320 περιϐαλεῖν
586 1240 736 1296 αὐτὸν
770 1237 1011 1314 ἔμελλεν.
1297 1237 1300 1240 ’

333 1417 430 1497 ιγ’,
484 1415 646 1496 Ἀνὴρ
704 1420 801 1496 γάρ
855 1437 958 1490 τις³
993 1412 1160 1489 ὅνομα
1219 1411 1454 1491 Νέστωρ,
1495 1412 1586 1477 τὴν
1634 1410 1729 1487 μὲν
1781 1410 1897 1478 ἡλι-

245 1507 366 1564 κίαν
413 1504 608 1582 κομιδῆ
660 1506 800 1585 νέος,
834 1503 949 1573 ἄρτι
1003 1504 1095 1558 τὸν
1126 1500 1308 1558 ἴουλον
1353 1502 1671 1558 ἐπανθοῦντα
1700 1499 1895 1579 φὲρῶν,

250 1595 386 1652 ἰδεῖν
416 1594 470 1651 δὲ
521 1593 755 1668 ἥδιστος,
791 1595 878 1650 καὶ
909 1590 1093 1650 κάλλει
1154 1589 1627 1670 διαπρεπέστατος,
1660 1591 1896 1666 γνωστὸς

251 1692 330 1759 τῷ
383 1684 643 1764 περιδόξῳ
697 1685 915 1760 μάρτυρι
979 1682 1270 1757 Δημητρίῳ
1312 1678 1504 1754 τελῶν,
1567 1681 1703 1757 ὁρῶν
1761 1677 1898 1735 οὕτω

1982 529 2174 591 miano
2226 535 2442 605 circus,
2489 528 2691 590 multis
2751 528 3224 608 comprehensus
3275 529 3514 605 tabulis,
3562 534 3626 594 in

1980 637 2161 695 quem
2181 619 2436 698 ingressi
2464 617 2767 695 erant,qui
2786 625 2956 680 erant
2978 618 3267 698 singulari
3298 621 3626 683 certamine

1978 710 2262 774 certaturi,
2285 720 2339 766 et
2373 709 2729 779 pancratium
2760 708 3112 780 incipiebant
3141 725 3208 767 ac
3240 711 3452 768 luctam
3486 713 3621 782 (12).

1981 793 2126 856 Cum
2148 811 2286 873 ergo
2310 791 2534 854 viribus
2557 793 2824 872 corporis
2839 811 3048 854 omnes
3069 797 3620 876 superaretLyaaus,

1981 892 2032 943 et
2089 888 2429 962 quicunque
2461 900 2671 942 manus
2723 899 2858 942 cum
2894 901 2963 943 eo
3015 883 3392 960 conserebat,
3427 887 3622 948 statim

1980 980 2327 1032 cerneretur
2378 969 2540 1031 humi
2591 978 2938 1052 prostratus,
2975 979 3080 1033 aut
3135 971 3312 1034 etiam
3367 984 3623 1036 mortem

1979 1059 2116 1121 inde
2167 1059 2363 1120 statim
2409 1065 2723 1139 oppetens,
2779 1067 2998 1121 tantam
3056 1070 3301 1140 tyranno
3342 1062 3628 1125 afferebat

1977 1149 2332 1228 voluptatem
2388 1148 2546 1228 quod
2580 1156 2987 1228 prosterneret
3045 1169 3148 1211 eos
3181 1150 3282 1231 qui
3327 1170 3464 1213 cum
3495 1152 3627 1232 ipso

1977 1237 2535 1314 congrediebantur,
2569 1245 2786 1317 quanta
2835 1257 2969 1300 eum
3034 1239 3195 1300 haud
3255 1242 3439 1302 multo
3496 1246 3629 1320 post

1979 1345 2336 1408 Oppressura
2369 1335 2494 1387 erat
2525 1326 2783 1388 tristitia.

2065 1415 2159 1479 13.
2195 1414 2445 1488 Quidam
2473 1415 2633 1476 enim
2666 1417 2908 1477 nomine
2931 1415 3172 1497 Nestor,
3198 1425 3366 1480 mtale
3389 1418 3630 1499 quidem

1979 1504 2147 1565 valde
2173 1504 2439 1584 juvenis,
2470 1513 2531 1565 ut
2562 1506 2662 1584 qui
2699 1504 2874 1567 modo
2897 1514 3094 1567 natam
3125 1505 3373 1569 haberet
3403 1507 3635 1586 lanugi-

1982 1612 2142 1668 nem,
2202 1602 2447 1674 aspectu
2506 1602 2705 1654 autem
2762 1594 3267 1673 jucundissimus,
3329 1604 3386 1658 et
3445 1597 3636 1660 forma

1981 1682 2528 1763 praaslantissimns,
2564 1684 2662 1762 qui
2717 1697 2845 1744 erat
2882 1693 3057 1746 notus
3112 1685 3333 1766 inclyto
3391 1689 3637 1768 martyri

250 1772 587 1850 Μαξιμιανὸν
669 1776 795 1849 περὶ
880 1773 969 1827 τὸν
1057 1766 1313 1848 βάρϐαρον
1390 1768 1739 1843 διακείμενον,
1812 1768 1896 1824 καὶ

1997 1774 2308 1852 Demetrio,
2346 1791 2482 1834 cum
2516 1771 2744 1834 videret
2773 1773 3195 1837 Maximianum
3233 1778 3319 1838 sic
3357 1766 3634 1839 affectum

250 1863 428 1920 πολλὰ
491 1864 621 1940 πρὸς
682 1874 797 1926 τοῖς
857 1859 1195 1938 μονομαχίας
1254 1856 1432 1921 ἄθλοις
1503 1859 1590 1914 καὶ
1640 1859 1898 1936 χρήματα

1997 1882 2043 1922 ιη
2078 1861 2395 1922 barbarum
2431 1869 2490 1922 et
2520 1860 2918 1940 gladiatorum
2964 1864 3394 1927 certaminibus
3423 1866 3638 1927 multas

248 1953 581 2032 προτιθέντα,
633 1954 788 2009 τοῦτο
835 1951 932 2026 μὲν
986 1950 1046 2004 τὸ
1104 1950 1438 2027 ὑπερήφανον
1492 1945 1683 2002 Λυαίυυ
1740 1944 1901 2021 μισή-

249 2065 372 2122 σας,
406 2044 559 2099 τοῦτο
611 2040 663 2096 δὲ
718 2041 806 2097 καὶ
862 2041 926 2095 τὰ
973 2038 1074 2094 ὑπὸ
1124 2043 1217 2093 τοῦ
1244 2037 1382 2092 θείου
1440 2035 1696 2112 μάρτυρος
1747 2035 1898 2111 γινὸο

251 2153 386 2207 μενα
442 2135 683 2205 θαὺματα
756 2126 1007 2206 κατιδὼν,
1068 2127 1157 2182 καὶ
1225 2125 1371 2187 ὅπως
1429 2126 1570 2198 αὐτῷ
1653 2122 1899 2179 πλεῖστοι

248 2219 559 2300 προσιόντες
599 2219 698 2285 τὴν
756 2219 828 2280 εἷς
885 2216 1105 2296 χριστὸν
1176 2210 1476 2269 θεοσέϐειαν
1541 2210 1898 2287 ἐδιδάσκοντο,

249 2308 309 2365 ἓν
366 2307 420 2363 δὲ
450 2316 601 2364 τοῦτο
655 2305 885 2377 θελήσας
914 2305 1151 2382 γενέσθαι
1181 2307 1286 2358 τῶν
1336 2301 1641 2380 Δημητρίου
1695 2301 1901 2376 θαυμαί-

246 2419 378 2471 των,
414 2398 472 2453 τὸ
526 2409 648 2460 ταῖς
703 2397 895 2476 εὐχαῖς
932 2393 1131 2450 ἐκείνου
1179 2390 1594 2448 καθοπλισθέντα
1650 2388 1804 2446 λῦσαί
1845 2411 1901 2445 τε

248 2487 445 2542 Δυαίου
504 2488 564 2541 τὸ
594 2485 781 2565 θράσος
833 2485 920 2538 καὶ
970 2483 1066 2549 τὴν
1099 2482 1254 2561 ὀφρὺν
1306 2480 1465 2536 αὐτὸν
1492 2488 1584 2539 τοῦ
1641 2475 1902 2556 βαρϐαρου

245 2573 600 2648 καταϐαλεῖν,
634 2574 955 2652 προστρέχει
1010 2571 1088 2645 τῷ
1133 2571 1378 2649 μάρτυρι,
1433 2569 1527 2625 καῖ
1580 2575 1678 2625 τῶν
1729 2566 1903 2623 ποδῶν

245 2666 450 2722 ἐκείνου
484 2669 588 2722 τῶν
632 2664 796 2740 ἆγίων
848 2663 1214 2739 προκείμενος,
1252 2659 1413 2716 Δοῦλε
1469 2658 1562 2715 τοῦ
1594 2664 1725 2714 Θεοῦ
1786 2667 1902 2724 Δη-

246 2755 465 2832 μήτριε,
514 2752 683 2830 λέγει,
715 2753 982 2830 προθυμός
1034 2751 1142 2825 εἶμι
1189 2751 1278 2806 καὶ
1331 2750 1462 2826 ὀργᾷ
1517 2771 1607 2824 μοι
1667 2747 1812 2804 ἔνδον
1869 2749 1903 2815 ἡ

246 2845 403 2922 ψυχὴ
468 2843 641 2915 Λυαίῳ
703 2843 833 2916 πρὸς
891 2839 1212 2916 συμπλοκὼν
1287 2836 1571 2911 συνελθειν,
1635 2837 1678 2890 εἰ
1745 2835 1906 2911 μόνον

253 2932 410 2996 αὒτὸς
465 2930 700 2995 ὁπλίσεις
729 2950 796 3005 με
840 2943 960 2993 ναῖς
990 2931 1209 3007 εὐχαῖς,
1256 2928 1344 2984 καὶ
1375 2924 1585 2990 ταύταις
1615 2925 1712 2992 τὴν
1771 2947 1906 3004 κρα-

255 3022 407 3078 ταιὰν
442 3033 606 3100 χεῖρα
637 3025 1028 3098 συμμαχοῦσαν
1059 3016 1372 3096 παράσχῃς.

341 3109 429 3172 ιδ’.
484 3112 544 3167 Τί
603 3111 690 3164 οὖν
740 3109 938 3172 ὀθεῖος
998 3107 1356 3185 Δημήτριος,
1419 3103 1627 3182 ’Ὠσπερ
1687 3104 1908 3174 αἰτήσας

259 3201 416 3263 αὐτὸς
462 3197 635 3274 μᾶλλο
694 3198 728 3265 ἢ
787 3196 1048 3271 αἰτηθεῖς,
1108 3203 1296 3274 μικροῦ
1355 3195 1424 3274 ’τΙῆ
1481 3192 1751 3250 τελειώσει
1811 3193 1906 3261 τὴν

260 3291 486 3356 αἴτησιν
545 3286 837 3367 ἐπιφθάνει·
901 3287 988 3341 καὶ
1055 3284 1260 3364 ταχέως
1314 3280 1579 3340 ἐπιϐαλὼν
1611 3285 1753 3358 αὒτῷ
1807 3283 1907 3350 τὴν

258 3383 317 3435 ἒν
349 3385 563 3456 Χριστῷ
609 3375 875 3455 σφραγῖδα
906 3377 979 3438 είς
1013 3377 1071 3430 τὸ
1103 3373 1351 3451 μέτωπόν
1408 3395 1463 3428 τε
1493 3376 1590 3430 καὶ
1622 3373 1720 3440 τὴν
1770 3395 1904 3452 καρ-

263 3469 401 3548 δίαν,
460 3469 698 3548 ἀφίησιν,
754 3466 1010 3522 ἐπειπών·
1091 3466 1185 3522 Καὶ
1238 3465 1326 3520 τὸν
1387 3469 1586 3519 Λυαῖον
1644 3461 1902 3536 νικήσεις,

262 3562 356 3615 καὶ
408 3559 538 3636 ὑπὲρ
569 3564 800 3634 Χριστοῦ
854 3555 1242 3633 μαρτυρήσεις·
1277 3551 1440 3630 ὅσπερ
1494 3553 1678 3608 ταυτὸν
1709 3554 1777 3617 ἦν
1833 3553 1912 3607 εἷ-

263 3661 411 3705 πεῖν
471 3648 567 3704 Καὶ
625 3649 716 3702 τὸν
749 3647 972 3725 φανερὸν
1024 3641 1310 3699 ἀντίπαλον
1366 3642 1574 3697 καὶτὸν
1604 3640 1779 3721 ἀτρανῆ
1827 3664 1914 3697 νι-

258 3738 468 3807 κήσεις.
530 3733 708 3799 Οὕτως
739 3735 798 3790 03
828 3738 985 3809 μόνον
1043 3733 1223 3810 θέρσος
1255 3731 1440 3798 ἐνῆκεν
1496 3731 1654 3785 αὐτοῦ
1682 3735 1749 3806 τῇ
1808 3734 1915 3802 ψυ-

259 3833 363 3907 χῇ,
400 3823 535 3881 ἀλλὰ
587 3825 672 3880 καὶ
702 3825 819 3900 περὶ
875 3829 967 3878 τοῦ
1001 3820 1291 3898 μέλλοντος
1323 3817 1694 3898 ἀσφαλέστατα
1745 3840 1916 3898 προσ-

261 3912 567 3994 εφθέγξατο.
622 3913 816 3969 Αότίκα
881 3919 1006 3990 γοῦν
1079 3914 1106 3966 ὁ
1166 3911 1379 3988 Νέστωρ
1452 3907 1770 3986 ἀφικόμενος
1842 3909 1916 3973 εἷς

259 4008 324 4061 τὸ
383 4002 592 4060 στάδιον
622 4005 711 4059 καὶ
767 4003 850 4061 διὰ
906 4007 1012 4059 τῶν
1063 3997 1326 4078 βαθμίδων
1384 3997 1794 4070 καταπηδήσας,
1827 3998 1916 4054 τόν

263 4115 324 4150 τε
395 4100 611 4172 χιτῶνα
655 4093 980 4169 ἀποτίθεται,
1032 4093 1118 4146 καὶ
1178 4089 1362 4144 ἑαυτὸν
1421 4086 1582 4153 δῆλον
1637 4089 1914 4154 καθίστησι

265 4189 345 4255 τῷ
417 4181 634 4257 βασιλεῖ
702 4179 993 4259 παροστάς,
1052 4175 1378 4254 Μαξιμιανὸς
1434 4174 1487 4231 δὲ
1538 4176 1635 4244 τὴν
1705 4176 1912 4244 πολλὴν

267 4271 477 4346 τόλμαν
521 4270 726 4338 ὲκείνῆν
755 4276 846 4326 τοῦ
889 4268 1160 4324 νεανίσκου
1220 4265 1604 4345 καταπλαγεὶς,
1640 4268 1727 4322 καὶ
1784 4265 1914 4322 ἄλλο

1925 3163 1968 3218 C

1983 1950 2265 2013 exhibere
2300 1952 2582 2030 pecunias
2617 1969 2631 2026 ;
2687 1952 2898 2032 partim
2934 1953 3175 2034 quidem
3209 1954 3348 2015 odio
3407 1954 3636 2017 habens

1983 2040 2136 2120 Lymi
2186 2040 2554 2117 superbiam,
2590 2043 2799 2122 partim
2849 2049 3044 2104 autem
3095 2042 3396 2123 aspiciens
3448 2044 3637 2106 mira-

1985 2129 2138 2204 cula,
2169 2147 2304 2205 quae
2333 2129 2556 2190 ﬁebant
2586 2147 2619 2189 a
2657 2129 2857 2190 divino
2911 2139 3194 2210 martyre,
3233 2140 3290 2193 et
3317 2135 3474 2213 quod
3501 2133 3641 2213 plu-

1983 2217 2144 2292 rimi,
2179 2218 2252 2278 ad
2283 2237 2415 2279 eum
2451 2217 2831 2300 accedentes,
2864 2219 3237 2282 docebantur
3265 2221 3544 2302 pietatem
3574 2221 3638 2282 in

1985 2306 2708 2387 Christum,cupiensque
2767 2308 2879 2368 hoc
2929 2309 3106 2369 etiam
3163 2327 3298 2372 esse
3327 2330 3510 2371 unum
3568 2329 3642 2372 ex

1986 2395 2295 2458 miraculis
2351 2396 2664 2468 Demetrii,
2699 2404 2762 2456 ut
2811 2396 3093 2477 precibus
3142 2397 3304 2460 illius
3351 2407 3635 2480 armatus,

1985 2485 2136 2565 Lyazi
2194 2485 2494 2564 frangeret
2551 2485 2885 2562 audaciam,
2937 2495 2994 2548 et
3057 2486 3296 2548 barbari
3355 2489 3642 2568 dejiceret

1986 2573 2370 2654 supercilium
2400 2596 2414 2655 ;
2451 2576 2711 2635 accurrit
2741 2575 2813 2636 ad
2847 2584 3192 2656 martyrem,
3218 2585 3275 2638 et
3302 2578 3374 2638 ad
3402 2588 3638 2641 sanctos

1988 2663 2119 2742 ejus
2153 2663 2334 2743 pedes
2369 2664 2713 2745 procidens,
2747 2663 2890 2724 dicit
2922 2678 2936 2723 ε
2999 2664 3178 2726 Serve
3209 2665 3314 2727 Dci
3347 2667 3636 2742 Demetri,

1989 2772 2119 2814 sum
2148 2764 2410 2834 paratus,
2438 2762 2494 2814 et
2526 2753 2666 2814 mihi
2699 2753 2894 2832 gliscit
2913 2754 3149 2816 animus
3178 2756 3462 2834 congredi
3495 2774 3630 2818 cum

1987 2843 2176 2922 Lyaeo,
2213 2843 2262 2903 si
2318 2861 2411 2903 me
2444 2843 2637 2903 solum
2697 2843 3029 2905 armaveris
3073 2843 3375 2924 precibus,
3413 2863 3639 2928 perque

1991 2949 2089 2993 eas
2121 2931 2376 2993 validam
2412 2949 2650 2992 manum
2681 2931 3118 2994 auxiliatricem
3151 2932 3506 3013 praebueris.

2077 3109 2172 3168 14.
2210 3107 2364 3180 Quid
2399 3127 2536 3188 ergo
2563 3109 2797 3170 divinus
2825 3107 3165 3170 Demetrius
3195 3111 3221 3172 ἰν
3278 3085 3538 3172 βετὶιιὰε
3567 3129 3640 3174 ac

1991 3195 2042 3258 si
2072 3196 2204 3278 ipse
2234 3206 2521 3276 rogasset,
2555 3216 2672 3260 non
2705 3207 2902 3259 autem
2932 3198 3141 3260 fuisset
3171 3208 3432 3278 rogatus,
3468 3217 3641 3262 exse-

1993 3288 2231 3368 quendo
2265 3287 2699 3368 propemodum
2728 3287 3013 3369 praevenit
3043 3288 3386 3366 petitionem
3421 3307 3434 3353 :
3498 3301 3556 3351 et
3590 3300 3644 3360 ei

1992 3377 2274 3438 velociter
2306 3377 2585 3457 imposito
2603 3377 2825 3438 Christi
2852 3378 3156 3456 signaculo
3185 3387 3299 3439 tam
3325 3379 3386 3438 in
3419 3377 3639 3455 fronte,

1989 3484 2170 3546 quam
2207 3466 2267 3526 in
2302 3470 2510 3546 corde,
2545 3484 2682 3529 eum
2717 3467 2983 3547 dimittit,
3014 3467 3218 3527 dicens
3252 3485 3265 3528 :
3302 3470 3374 3528 Et
3407 3467 3640 3546 Lyreum

1995 3556 2221 3635 vinces,
2260 3563 2317 3616 et
2346 3556 2466 3616 eris
2498 3564 2714 3636 martyr
2747 3555 2963 3616 Christi
2998 3557 3147 3634 (13).
3183 3553 3351 3625 Quod
3398 3553 3642 3634 quidem

1999 3645 2248 3724 perinde
2310 3655 2422 3720 est,
2457 3663 2524 3706 ac
2556 3646 2606 3705 si
2653 3645 2855 3706 dicas:
2916 3644 2987 3704 Et
3019 3643 3398 3706 manifestum
3445 3641 3646 3703 vinces
3711 3647 3714 3649 λ

2000 3733 2430 3814 adversarium,
2481 3741 2537 3795 et
2598 3753 2758 3810 eum,
2795 3732 2900 3809 qui
2958 3751 3076 3794 non
3122 3739 3210 3794 est
3267 3730 3642 3793 manifestus.

2002 3822 2097 3884 Sic
2156 3823 2287 3901 ejus
2343 3823 2539 3883 animo
2599 3840 2719 3881 non
2763 3822 2956 3883 solum
3003 3819 3254 3882 immisit
3307 3819 3643 3896 audaciam,

2001 3910 2108 3971 sed
2179 3916 2357 3972 etiam
2421 3911 2495 3970 de
2569 3910 2767 3972 futuro
2829 3909 3238 3990 pronuntiavit
3285 3909 3646 3972 certissime.

2002 3999 2207 4061 Statim
2241 4018 2381 4077 ergo
2422 3997 2638 4060 Nestor
2667 3999 2914 4061 veniens
2962 4000 3023 4060 in
3055 3999 3337 4075 stadium,
3375 4017 3507 4061 cum
3541 4016 3650 4079 per

1998 4091 2216 4167 gradus
2271 4089 2616 4165 desiliisset,
2653 4097 2713 4150 et
2742 4089 2988 4170 deponit
3047 4089 3332 4166 tunicam,
3367 4096 3427 4150 et
3464 4087 3652 4150 assis-

1998 4187 2130 4240 tens
2189 4179 2454 4261 seipsum
2521 4179 2778 4240 ostendit
2832 4179 3201 4258 imperatori.
3261 4177 3653 4239 Maximianus

2000 4277 2198 4330 autem
2235 4268 2679 4349 obstupefactus
2709 4268 2813 4329 illa
2848 4268 3094 4330 audacia
3138 4266 3560 4348 adolescentis,
3594 4274 3654 4328 et

270 4384 322 4418 τι
375 4361 517 4418 εἶναι
547 4356 826 4417 ὑπολαϐὼν
882 4358 918 4425 ἣ
948 4355 1154 4436 ἀνδρίας
1212 4353 1455 4421 ἐπίδειξιν
1487 4357 1548 4413 τὸ
1608 4356 1908 4433 γινόμενον,

2003 4376 2138 4420 esse
2169 4359 2394 4439 aliquid
2427 4357 2586 4420 aliud
2648 4357 2927 4439 opinatus
2956 4377 3133 4438 quam
3196 4356 3654 4420 ostentationem

272 4451 536 4530 ἐγγυτέρω
607 4448 939 4528 παραστῆναι
1009 4445 1252 4526 κελεύει,
1315 4446 1448 4518 καί,
1508 4445 1584 4499 Ὠ
1656 4449 1908 4518 νεανίσκε¹

2004 4449 2263 4529 virtutis,
2291 4447 2465 4529 jubet
2521 4467 2658 4511 eum
2710 4447 2838 4508 sisti
2886 4448 3148 4528 propius,
3185 4456 3282 4509 et:
3319 4445 3366 4509 Ο
3425 4445 3658 4509 adoles-

272 4538 645 4617 συμϐουλεύων
702 4539 885 4619 φησὶν,
950 4533 1056 4592 οἶδ’
1117 4534 1197 4592 ὅτι
1270 4534 1570 4614 χρημάτων
1627 4535 1796 4592 ἔνδεια
1851 4537 1908 4590 ait

2011 4556 2174 4612 cens,
2237 4539 2447 4617 inquit,
2482 4539 2535 4599 ei
2584 4536 2922 4611 consulens,
2978 4537 3124 4617 scio,
3178 4536 3337 4617 quod
3389 4535 3659 4617 pecuniae

271 4629 428 4690 τοῦτό
463 4651 521 4685 σε
569 4627 776 4703 τόλμης
835 4627 1136 4705 ἠνάγκασεν
1194 4624 1507 4702 ἐπαρθῆναι,
1538 4624 1630 4680 ’ίνα
1686 4624 1722 4692 ἢ
1771 4646 1927 4705 περι-

274 4719 561 4800 γενόμενος
633 4717 862 4774 πλοῦτον
919 4719 1126 4787 σεαυτῷ
1223 4714 1407 4793 ἁθρόον
1474 4715 1826 4794 περιποιήσω
1892 4713 1928 4781 ἢ

273 4810 629 4889 ἀποστυχὼν,
664 4808 849 4863 πενίαν
878 4807 950 4870 ὡς
1008 4805 1204 4886 ἒχγρὸν
1234 4801 1490 4860 ἄσπονδον
1544 4804 1679 4878 μετᾶ
1705 4805 1792 4860 καὶ
1834 4809 1930 4880 ζῇν

275 4899 580 4979 ἆποιρύγῃς.
641 4895 786 4974 Ἐγὼ
845 4893 899 4950 δέ
956 4917 1015 4950 σε
1074 4895 1161 4951 καὶ
1213 4893 1311 4961 τῆς
1366 4892 1622 4964 ἡλικίας,
1680 4893 1768 4950 καὶ
1831 4895 1927 4960 τῆς

274 4985 441 5045 καλὸν
511 4985 924 5062 ὶπιλαμπούσης
995 5006 1076 5039 σοι
1141 4982 1281 5061 ὥρας
1359 4979 1661 5058 οἱκνείρων,
1718 4981 1928 5061 παρέξω

273 5080 363 5136 καὶ
394 5079 524 5158 ὑπὲρ
573 5078 743 5151 μόνης
772 5097 832 5155 γε
888 5079 986 5142 τῆς
1022 5073 1225 5150 τόλμης
1274 5071 1390 5137 ἄξια
1448 5075 1536 5129 καὶ
1565 5071 1722 5129 ἱκανὰ
1777 5073 1927 5153 χρή-

278 5189 446 5246 ματα.

353 5360 467 5431 (12)
493 5359 684 5417 Genus
709 5356 766 5431 id
798 5365 922 5416 erat
959 5357 1407 5431 exercitationis,
1439 5371 1511 5431 ex
1541 5355 1689 5415 lucta
1720 5363 1776 5414 et
1811 5373 1932 5431 pu-

281 5428 461 5506 gilatu
495 5429 900 5506 compositum,
935 5428 1414 5506 quemadmodum
1446 5429 1509 5506 in
1535 5428 1933 5506 antiquitatum

280 5501 669 5564 Romanarum
702 5502 912 5559 Lexico
947 5521 976 5559 θ
1030 5504 1199 5558 variis
1232 5501 1603 5571 scriptoribus
1644 5501 1809 5558 docet
1839 5501 1938 5560 Sa-

282 5575 442 5640 muel
467 5574 734 5632 Pitiscus.

731 5697 999 5760 Parnon.
1044 5698 1162 5761 Gn.
1206 5696 1416 5762 CXVI.

2012 4626 2213 4708 inopia
2260 4628 2452 4704 coegit
2483 4635 2538 4688 te
2569 4627 2639 4687 ad
2691 4629 2845 4688 hanc
2874 4643 3269 4706 prorumpere
3319 4624 3658 4704 audaciam,

2013 4723 2076 4778 ut
2129 4715 2221 4777 vel
2278 4715 2328 4776 si
2389 4715 2623 4790 viceris,
2660 4716 2878 4775 multas
2934 4733 3078 4795 cpes
3131 4715 3236 4776 tibi
3294 4733 3660 4796 compares;

2013 4819 2113 4867 aut
2142 4804 2193 4865 si
2243 4804 2431 4866 farris
2464 4813 2800 4884 superatus,
2837 4803 3280 4883 implacabilem
3323 4805 3658 4882 inimicum,

2015 4903 2419 4976 paupertatem
2469 4893 2649 4954 simul
2678 4910 2811 4956 cum
2845 4893 2960 4953 vita
3010 4895 3280 4972 etiugias.
3312 4893 3433 4973 Ego
3464 4902 3662 4956 autem

2014 4994 2128 5046 tua:
2188 4987 2372 5047 aetatis
2430 4992 2493 5046 et
2551 4979 3017 5064 pulchritudinis
3067 4984 3370 5061 misertus,
3406 4984 3497 5045 vel
3556 5003 3666 5065 pro

2014 5076 2140 5138 sola
2168 5073 2415 5137 audacia
2448 5072 2555 5135 tibi
2583 5069 2862 5153 praebebo
2892 5071 3049 5150 quod
3076 5072 3220 5135 satis
3254 5080 3342 5135 est
3371 5075 3662 5155 pecunia).

2089 5357 2205 5430 (13)
2260 5358 2480 5416 Nestori
2509 5357 2842 5429 praestitisse
2880 5357 3229 5430 dixissetque
3262 5364 3526 5430 sanctum
3558 5358 3672 5418 De-

2019 5427 2304 5498 metrium,
2337 5443 2466 5502 quae
2501 5427 2594 5485 hic
2633 5436 2960 5502 narrantur,
2995 5427 3269 5502 credibile
3308 5429 3459 5489 haud
3499 5445 3668 5502 appa‘

2023 5513 2128 5562 ret.
2162 5503 2266 5560 Adi
2297 5501 2782 5560 Cdmmentarium
2819 5501 3091 5572 praevium
3125 5503 3150 5571 §
3183 5501 3236 5558 4.

3194 5696 3268 5762 38
