4020 6132
516 310 668 388 1195
1871 305 2103 380 SUPPL

2228 306 2521 382 ENTUM.
3698 317 3806 387 H%

596 456 696 518 15.
755 453 882 528 Qua
927 457 1199 532 accepta,
1231 442 1325 511 abi
1383 447 1560 510 simul
1610 466 1744 510 cum
1777 450 1895 510 vita
1945 451 2183 512 fruensi

2314 454 2380 509 ιε’
2441 455 2537 512 Καὶ
2568 453 2744 512 λαϐὼν
2802 455 2946 512 ἄπιθι
3003 455 3140 530 μετᾶ
3168 456 3279 535 ιτοῦ
3336 462 3430 533 ζῇν
3460 455 3711 513 ἀπολαύων
3752 471 3812 522 ιιιὲ

513 563 756 629 quoque
811 543 1102 624 pecuniis.
1136 541 1235 629 Ne
1269 545 1462 629 autem
1511 556 1643 629 cum
1676 540 1842 619 Lyaeo
1903 541 2100 601 omnin

2232 541 2337 598 τῶν
2398 543 2723 621 χρημάτων.
2794 545 2971 617 Λυαίῳ
3023 541 3078 600 δὲ
3128 546 3348 601 σεαυτὸν
3390 547 3449 601 τὸ
3499 546 3717 622 παράπαν
3759 551 3814 620 μὴ

516 627 962 715 congrediaris;
991 633 1108 709 jam
1142 628 1300 689 enim
1333 627 1552 715 multos
1581 627 1694 688 vita
1727 630 1993 709 privavit,
2029 648 2098 690 eo

2236 629 2585 707 ἁντιστήσῃς’
2657 631 2888 694 πολλοὺς
2959 633 3059 710 γὰρ
3127 641 3219 690 τοῦ
3288 639 3382 709 ζῇν
3453 633 3719 712 ἀπήλλαξε,
3753 638 3816 691 ni

515 714 652 807 que,
679 733 735 785 te
766 723 939 798 longe
986 717 1376 807 robustiores.
1411 714 1514 778 His
1532 717 1762 807 auditis
1812 720 2026 780 Nestor
2053 738 2102 780 nt

2237 725 2343 774 τῶν
2403 720 2673 778 καταπολὺ
2732 731 2826 781 σοῦ
2882 723 3333 801 ῥωμαλεωτέρων.
3380 725 3604 780 Ταῦταὸ
3655 725 3819 802 Νέστωρ

517 805 632 894 que
661 808 1036 891 imperatoris
1062 806 1310 887 arripuit
1342 805 1779 881 liberalitatem,
1806 826 1998 887 neque
2028 826 2094 868 ru

2240 807 2490 890 ἀκούσας,
2527 809 2643 867 οὔτε
2699 809 2904 890 ἥρπασε
2955 812 3052 878 τὴν
3108 819 3200 868 τοῦ
3241 811 3500 888 βασιλέως
3554 809 3821 892 φιλοτιμία-ι,

516 923 617 966 sus
686 899 836 980 Lyaei
932 895 1206 957 laudibus
1283 895 1393 956 fuit
1468 894 1731 957 territus.
1806 898 2098 976 Imperato

2238 896 2355 953 οὕτε
2431 897 2589 955 πάλιν
2623 901 2754 977 πρὸς
2800 901 2890 956 τὸν
2934 908 3026 957 τοῦ
3086 903 3276 957 Λυαίου
3333 899 3547 958 ἔπαινον
3601 898 3819 962 ἐδειλίασε.

517 999 736 1065 autem,
772 987 902 1049 Non
934 987 1131 1066 cupio,
1165 984 1377 1065 inquit,
1415 983 1720 1064 pecunias,
1753 1004 1948 1066 neque
1979 1003 2048 1047 ea
2079 986 2104 1045 d

2239 993 2325 1060 Τῷ
2382 985 2434 1042 δὲ
2496 988 2736 1069 βασιλεῖ,
2797 993 2869 1048 Οὔ
2927 990 3226 1069 χρημάτων
3287 989 3541 1065 ἐπιθυμῶ,
3577 988 3689 1069 ἔφη,
3739 991 3822 1047 uitii

517 1099 696 1144 causa
757 1077 981 1158 prodeo
1013 1076 1075 1136 in
1130 1083 1431 1136 certamen
1469 1091 1485 1148 ;
1520 1074 1623 1135 sed
1656 1073 1899 1152 gloriam
1960 1077 2104 1154 poti:

2239 1077 2378 1147 παρὰ
2422 1084 2576 1134 τοῦτο
2637 1077 2865 1154 ἐμαυτὸν
2909 1081 2984 1143 εἷς
3054 1078 3203 1136 τόνδε
3261 1081 3353 1136 τὸν
3412 1078 3590 1158 ἀγῶνα
3640 1084 3819 1152 καθῆκα,

517 1171 790 1250 cupiens,
823 1175 882 1229 et
936 1168 1106 1246 Lyazo
1154 1163 1363 1226 volens
1407 1182 1695 1244 apparere
1752 1167 2104 1244 praestantia]

2241 1165 2377 1222 ἀλλὰ
2435 1165 2590 1234 δόξης
2636 1168 2764 1245 ἔρών
2809 1167 3037 1245 μᾶλλον,
3069 1171 3157 1226 καὶ
3203 1170 3395 1226 Λυαίου
3454 1171 3688 1248 κρείττων
3727 1173 3825 1224 ἁνα-

515 1259 644 1324 Non
674 1257 865 1320 solum
917 1255 1076 1318 enim
1111 1254 1367 1329 divitias,
1397 1253 1502 1314 sed
1535 1253 1711 1314 etiam
1755 1254 1941 1333 ipsam
1973 1254 2102 1318 vita:

2238 1257 2466 1335 φανῆναι
2523 1256 2870 1332 βουλόμενος,
2917 1258 3234 1334 Ἀπώμοτον
3279 1260 3379 1336 γὰρ
3408 1257 3526 1336 ἐμοὶ
3573 1260 3645 1334 μὴ
3674 1258 3741 1315 ὅτι
3784 1280 3824 1335 τε

515 1347 692 1411 statui
723 1346 1002 1426 rejicere,
1035 1341 1082 1403 si
1128 1342 1296 1422 Lyaeo
1351 1341 1537 1420 gloria
1586 1341 1830 1404 inferior
1877 1343 2102 1418 fuero“

2239 1347 2297 1399 τὸ
2359 1343 2628 1426 πλοῦτεῖν,
2661 1346 2796 1403 ἀλλὰ
2849 1350 2938 1404 καὶ
2996 1351 3122 1408 αὐτὸ
3181 1350 3240 1404 τὸ
3303 1355 3419 1426 ζῇν,
3473 1346 3624 1414 δὸξῆς
3673 1348 3826 1413 εἴξαντι

515 1439 738 1519 primas
765 1435 851 1496 illi
884 1429 1292 1495 cessero.Hazc
1322 1431 1410 1492 sic
1439 1430 1682 1505 dicta,et
1709 1432 2102 1512 imperatoren

2242 1435 2438 1508 Λυαίῳ,
2497 1437 2584 1491 καὶ
2641 1443 2747 1492 τῶν
2817 1438 3088 1515 πρωτείων
3161 1437 3344 1511 ἐκείνῳ
3406 1440 3827 1518 παραχωρὴσαντι,

521 1538 580 1593 et
631 1548 734 1590 eos
765 1543 971 1588 omnes
1025 1523 1126 1604 qui
1155 1523 1406 1585 aderant
1457 1523 1616 1584 circa
1643 1522 1861 1603 ipsum,
1888 1525 1957 1585 ad
2007 1525 2108 1586 irai

2244 1530 2412 1579 Ταῦτα
2471 1523 2609 1580 οὕτω
2637 1523 2896 1604 λεχθέντα
2955 1527 3041 1582 καὶ
3069 1525 3292 1603 βασιλέα
3336 1527 3424 1582 καὶ
3464 1527 3586 1591 τοὺς
3636 1529 3740 1603 περὶ
3763 1527 3831 1580 αὒ-

519 1623 936 1700 provocarunt:
966 1615 1063 1694 qui
1099 1613 1423 1692 (quomodo
1449 1612 1608 1673 enim
1635 1622 1919 1689 armatus,
1953 1621 2011 1674 et
2041 1633 2106 1694 qu

2245 1612 2332 1666 τὸν
2378 1610 2612 1677 ἇπκντας
2645 1615 2891 1692 ἠρέθισαν
2934 1616 3007 1680 εἷς
3055 1616 3237 1694 ὀργήνο
3292 1613 3436 1681 ὅπως
3467 1617 3568 1693 γὰρ
3620 1614 3832 1687 ὡπλίσθη,

520 1717 678 1770 esset
706 1708 915 1784 fretus,
940 1703 1040 1765 ille
1073 1701 1335 1763 nondum
1371 1702 1617 1772 dixerat)
1651 1702 2005 1780 arrogantia:
2023 1712 2107 1763 tau

2248 1701 2331 1755 καὶ
2387 1701 2463 1780 ίφ’
2493 1705 2538 1774 ᾧ
2600 1705 2871 1766 πεποιθὼς
2929 1705 3135 1768 ἐκεῖνος
3194 1705 3359 1767 οὕτως
3405 1705 3703 1784 ἐφθέγγετο,
3731 1706 3835 1760 αὒτοὶ

519 1808 643 1859 tum
677 1805 736 1859 et
761 1813 926 1857 vanae
951 1793 1155 1872 gloriae
1205 1790 1382 1852 verba
1411 1808 1543 1850 esse
1576 1790 2016 1853 existimabant.
2049 1791 2106 1852 A1

2249 1789 2576 1863 Ξιγνοοῦντες,
2625 1790 2933 1870 αλαζονειας
2992 1794 3165 1868 μόνης
3222 1793 3316 1850 καί
3375 1803 3530 1853 κενοῦ
3596 1793 3740 1872 τύφου
3791 1793 3836 1847 fit

520 1905 638 1964 que
670 1887 1000 1964 imperator
1028 1880 1271 1960 quidem
1328 1879 1561 1958 Lyaeum
1593 1879 1980 1942 vehementer
2005 1881 2100 1941 inc

2247 1878 2454 1954 ῥήμανα
2501 1877 2894 1953 ὑπελάμϐανον.
2963 1872 3019 1940 Ὀ
3053 1883 3152 1956 μὲν
3207 1883 3296 1939 οὗν
3320 1881 3570 1959 βασιλεὺς
3601 1883 3747 1945 πολὺς
3791 1882 3834 1947 ἦν

520 1976 679 2038 tabat
709 1973 781 2034 ad
815 1981 1140 2040 certamen,
1173 1969 1523 2048 impetuque
1550 1976 1610 2030 et
1637 1968 1885 2031 audacia
1915 1970 2107 2050 plenui

2249 1971 2314 2029 εἷς
2375 1969 2463 2022 τὸν
2531 1968 2714 2044 ἀγῶνα
2771 1967 2972 2036 διείρων
3018 1977 3216 2029 Λυαῖον
3275 1973 3363 2028 καὶ
3407 1973 3505 2039 τὴν
3563 1974 3722 2050 ὁρμῆς
3775 1970 3836 2026 αἱ

521 2065 652 2145 ejus
685 2063 946 2125 animum
981 2058 1266 2120 reddebat
1295 2057 1613 2118 acriorem.

2239 2057 2459 2134 θάρσους
2491 2055 2737 2131 ἔμπλεων
2769 2059 3067 2137 παροξύνων
3100 2063 3308 2141 ψυχήν,

602 2153 700 2216 16.
734 2149 975 2216 Nestori
998 2155 1195 2209 autem
1219 2146 1481 2208 animum
1513 2145 1814 2208 addebant
1835 2145 2010 2210 verba
2038 2147 2154 2210 De-

2323 2144 2450 2218 ig".
2513 2146 2726 2224 Νέστορι
2759 2145 2813 2202 δὲ
2845 2150 2905 2204 τὸ
2961 2150 3148 2225 θάρσος
3183 2152 3228 2206 οἳ
3263 2150 3574 2226 Δημητρίου
3602 2148 3737 2225 λόγοι
3763 2150 3831 2201 καὶ

519 2242 810 2316 metrii,et
833 2237 1124 2300 Christus.
1150 2235 1237 2297 Ad
1265 2253 1440 2315 quem
1462 2235 1736 2298 attollens
1766 2237 1970 2298 oculos
2000 2237 2106 2299 ἀίει

2246 2236 2463 2312 Χριστὸς
2519 2235 2606 2309 ἦν,
2641 2238 2770 2314 πρὸς
2827 2237 2884 2292 ὃν
2941 2239 3212 2300 ἀνατείνας
3267 2239 3389 2302 τοὺς
3449 2238 3755 2318 ὀφθαλμοὺςΙ
3792 2236 3833 2293 ’0

519 2330 666 2394 bat:
716 2329 874 2391 Deus
921 2323 1522 2404 Demetrii,concede
1577 2325 1746 2404 mihi,
1778 2334 1840 2386 ut
1892 2345 2023 2406 ego,
2056 2345 2106 2406 qt

2248 2325 2395 2395 Θεὸς,
2456 2322 2626 2404 ἔλεγε,
2695 2329 3021 2404 Δημητρίου,
3082 2325 3168 2392 δὸς
3226 2325 3320 2401 ἐμὲ
3377 2329 3470 2384 τὸν
3527 2329 3720 2407 βραχὺν
3764 2326 3835 2391 τὴν

518 2439 652 2483 sum
687 2424 858 2481 aetate
891 2415 1086 2476 brevis
1116 2412 1322 2489 David,
1361 2421 1635 2494 tanquam
1669 2414 1845 2474 alium
1898 2415 2105 2478 Goliatl

2247 2411 2448 2480 ἠλικίαν
2510 2410 2671 2470 Λαϐὶδ
2749 2413 2934 2471 Γολιᾶθ
3005 2414 3165 2473 ἄλλον
3241 2424 3600 2496 καταισχῧναι
3657 2422 3834 2476 Λυαῖον,

519 2511 746 2590 pudore
778 2515 835 2570 et
855 2503 1180 2584 ignominia
1197 2505 1440 2582 Lyaeum
1467 2501 1834 2564 afficiam.Te
1866 2504 2023 2564 enim
2050 2505 2106 2565 [ιη

2250 2502 2343 2557 Eoi
2372 2503 2471 2580 γὰρ
2515 2503 2783 2567 πεποιθὼς
2814 2505 2903 2560 τὸν
2955 2503 3137 2581 ἀγῶνα
3167 2515 3351 2564 τοῦτον
3395 2505 3450 2561 ἐν
3495 2505 3642 2579 μέσῳ
3670 2503 3837 2559 πολλῶν

520 2608 615 2660 tus
641 2596 877 2675 suscepi
909 2596 1019 2656 hoc
1051 2599 1351 2653 certamen
1378 2590 1439 2650 in
1471 2591 1666 2651 medio
1709 2591 2062 2665 multorum,
2098 2616 2107 2654 ι

2250 2591 2476 2668 ἦραμην,
2509 2591 2602 2646 ’ἕνα
2654 2594 2714 2647 τὸ
2743 2595 2836 2648 σὸν
2890 2593 3056 2668 ὄνομα
3101 2591 3323 2670 δοξασθῇ
3379 2603 3474 2652 τοῦ
3523 2597 3680 2668 μόνου
3735 2591 3837 2656 ἰιλη-

518 2695 682 2748 tuum
714 2701 935 2746 nomen
965 2680 1350 2761 gloriﬁcetnr,
1385 2679 1485 2759 qui
1522 2681 1683 2742 solus
1715 2698 1781 2742 es
1809 2699 1944 2742 vere
1976 2682 2098 2744 Deu

2251 2683 2342 2744 δὼς
2401 2688 2555 2753 Θεοῦ,
2587 2682 2670 2736 καὶ
2723 2694 2837 2746 τοῖς
2871 2681 2922 2736 ἐν
2972 2705 3052 2738 σοι
3113 2680 3330 2756 δύναμιν
3363 2683 3698 2757 ποιουμένοις
3749 2681 3838 2736 ἑπι-

518 2776 670 2838 etiis
692 2772 794 2854 qui
821 2771 882 2832 in
910 2779 966 2832 te
989 2769 1262 2830 virtutem
1288 2768 1530 2842 faciunt,
1555 2769 1738 2830 mittis
1764 2769 2049 2832 auxilium
2084 2772 2105 2832 c'

2249 2767 2546 2837 πέμποντος
2603 2770 2854 2845 βοήθειαν
2900 2769 2951 2836 ἐξ
3013 2770 3186 2848 ἆγίου,
3235 2773 3414 2835 Οὕτως
3475 2771 3601 2852 ἔφη,
3647 2772 3724 2827 καὶ
3760 2769 3836 2843 ἅμα

516 2873 722 2926 sancto
756 2861 896 2941 (ti).
924 2857 1022 2922 Sic
1046 2857 1214 2933 dixit,
1241 2865 1321 2932 et,
1347 2857 1551 2918 stricto
1584 2859 2103 2937 acinace,ingressu

2247 2858 2330 2912 τὸν
2386 2857 2644 2924 ἀκινάκην
2688 2859 3053 2936 σπασάμενος,
3087 2862 3175 2916 καὶ
3229 2863 3290 2917 τὸ
3346 2861 3567 2938 θέατρον
3627 2859 3834 2926 εἰσπηδή-

519 2953 839 3024 theatrum,
875 2960 934 3010 et
966 2966 1097 3009 cum
1131 2945 1382 3008 barbaro
1415 2964 1790 3024 congressns,
1824 2948 2000 3010 infert
2023 2951 2106 3029 ejt

2247 2968 2360 3019 σας,
2423 2946 2516 3014 τῆς
2574 2945 2848 3017 συκπλκῆς
2889 2947 2992 3016 ἤδη
3054 2949 3348 3027 γενομένης
3407 2949 3600 3026 βάλλει
3665 2949 3834 3028 καιρίων

514 3041 681 3102 cordi
719 3047 945 3101 certam
971 3036 1221 3118 plagam.
1255 3034 1326 3097 Et
1365 3038 1560 3097 statim
1586 3035 1751 3097 illum
1787 3036 2027 3099 buidem
2058 3039 2101 3098 ir

2248 3037 2370 3092 ιιατὰ
2412 3041 2511 3102 τῆς
2567 3036 2777 3114 καρδίας
2822 3037 2910 3092 τὸν
2952 3036 3232 3117 βάρϐαρον·
3293 3041 3382 3096 καὶ
3439 3040 3590 3105 εὐθὺς
3632 3043 3716 3096 τὸν
3765 3038 3835 3112 μὲν

516 3128 763 3200 terimit,
801 3128 926 3188 fere
970 3134 1163 3184 autem
1213 3123 1407 3203 ipsum
1447 3141 1681 3203 quoque
1733 3125 2103 3188 Maximiannl

2249 3124 2463 3204 ἱναιρετ,
2524 3123 2718 3206 σχεδὺν
2773 3123 2828 3181 δὲ
2878 3127 2966 3182 καὶ
3037 3127 3364 3203 Μαξιμιανὸν
3419 3135 3492 3206 τῇ
3551 3132 3664 3208 περὶ
3715 3127 3836 3186 αὐτὸν

516 3215 744 3289 dolore,
778 3231 955 3294 quem
989 3211 1061 3272 de
1092 3230 1162 3272 eo
1194 3213 1444 3291 accepit:
1475 3213 1658 3273 multo
1680 3231 1817 3274 vero
1843 3214 2027 3293 magis
2057 3215 2103 3296 i;

2247 3213 2403 3291 λύπῃ·
2461 3211 2646 3288 πολλῷ
2702 3213 2758 3270 δὲ
2801 3213 3004 3281 μᾶλλον
3050 3218 3220 3275 εἰπεῖν
3277 3219 3365 3274 καὶ
3419 3217 3631 3287 πλάνην
3685 3219 3834 3289 αὐτὴν,

513 3323 641 3365 sum
694 3320 928 3382 quoque
959 3317 1250 3375 errorem,
1286 3307 1343 3360 et
1383 3319 1516 3360 cum
1550 3320 1620 3361 eo
1665 3302 1794 3380 ejus
1822 3310 2100 3366 auctoren

2250 3304 2321 3359 ιαὶ
2352 3318 2441 3359 συν
2506 3303 2680 3380 ἐκείνῃ
2710 3305 2798 3360 τὸν
2829 3305 3026 3372 ταύτης
3060 3302 3258 3382 αἴτιον,
3304 3308 3396 3364 τὸν
3424 3317 3677 3388 κρυπτὸν,
3708 3307 3837 3387 φημὶ,

512 3393 834 3466 occultum,
869 3392 1136 3470 inquam,
1178 3388 1596 3452 Maximiannm
1628 3400 1816 3452 morte
1847 3392 2050 3456 afﬁcit.

1252 3388 1596 3450 tximianum
1628 3400 1816 3452 morte
1847 3392 2050 3456 afﬁcit.
2238 3390 2566 3467 Μαξιμιανὸν
2597 3397 2839 3456 θανατοῖ.

589 3484 688 3544 17.
750 3479 1136 3542 Maximianus
1166 3485 1361 3538 autem
1417 3477 1744 3557 imperator
1798 3497 1917 3542 non
1965 3482 2154 3562 potuit

2319 3481 2446 3556 ις’.
2516 3481 2829 3558 Μαξιμιανῷ
2885 3484 3066 3560 μέντοι
3137 3492 3213 3559 τῷ
3269 3485 3488 3562 βασιλεῖ
3546 3490 3638 3545 οὖκ
3686 3487 3742 3554 ἦν
3781 3483 3839 3540 ἔτι

505 3572 761 3648 amplius
809 3568 1040 3642 sedere,
1075 3567 1178 3628 sed
1212 3566 1411 3628 statim
1455 3569 1710 3630 surrexit
1738 3569 1826 3631 ira
1859 3572 2066 3650 plenus

2254 3573 2456 3629 ἱνεκτὸν
2512 3574 2546 3640 ἡ
2579 3571 2820 3650 καθέδρα³
2885 3573 3022 3630 ἀλλὰ
3076 3573 3290 3653 πλήρης
3351 3577 3515 3654 ὀργῆς
3560 3579 3645 3634 καὶ
3695 3597 3841 3639 zum-

505 3660 768 3737 tristilia,
802 3667 861 3720 et
892 3658 952 3718 in
983 3656 1176 3718 aulam
1215 3655 1361 3719 abiit
1393 3657 1642 3735 regiam,
1671 3659 1869 3737 gravia
1897 3659 2057 3740 apud
2089 3685 2092 3721 :

2250 3663 2382 3743 ρείας
2436 3661 2580 3723 εΰθὺς
2613 3661 2886 3743 ἐξανέστη·
2948 3666 3195 3743 καὶπρὸς
3247 3670 3340 3730 τὰς
3369 3667 3664 3742 βασιλείους
3707 3662 3837 3722 αὐλὰς

505 3686 768 3737 lrlsuua,
802 3686 861 3720 ει
894 3686 952 3718 ΙΙΙ
983 3686 1176 3718 aunuu
1215 3686 1361 3719 unus
1395 3686 1642 3735 ιτκωιιι,
1671 3686 1869 3737 grana
1897 3686 2057 3740 apuu
2089 3686 2092 3721 ἕ

505 3756 838 3824 versans,et
862 3745 1120 3809 veritatis
1145 3745 1453 3824 splendori
1482 3746 1685 3807 volens
1708 3747 1924 3827 impius
1951 3749 2092 3811 offut

2248 3686 2382 3759 ρειας
2436 3686 2580 3723 aueo;
2613 3686 2886 3730 εςανεστη·
2948 3687 3036 3721 και
3065 3686 3195 3743 προς
3247 3687 3340 3730 τας
3369 3686 3664 3742 ρατιΑειους
3707 3686 3835 3722 αυλις

2248 3744 2375 3798 >εινὰ
2431 3745 2650 3822 στρέψον
2717 3739 2834 3798 καθ’
2903 3745 3088 3800 ἑαυτὸν
3158 3746 3458 3825 ἀπεχώρει,
3522 3745 3835 3812 ἐπισκοτῆσαι

509 3839 653 3901 dere
687 3836 988 3908 tenebras,
1021 3834 1410 3915 Nestorisque
1459 3833 1765 3896 victoriam
1800 3835 2096 3898 obscurar.

2251 3832 2309 3905 τῷ
2365 3830 2549 3911 φέγγει
2579 3835 2675 3900 τῆς
2736 3831 2980 3900 ἀληθείας
3024 3837 3051 3890 ὁ
3083 3831 3339 3902 δυσσεϐὴς
3388 3835 3726 3914 βουλομενος,
3754 3833 3838 3891 Νέ-

505 3947 574 3990 ac
602 3947 708 4008 per
736 3925 882 3988 illud
916 3924 1146 3986 cultum
1182 3923 1428 3998 Christi,
1464 3941 1586 4003 prie
1617 3923 1799 3986 multa
1822 3925 2092 4004 ignorant

2250 3922 2420 4000 ττορός
2455 3943 2512 3976 τε
2556 3922 2652 3988 τὴν
2687 3922 2835 3988 νίκην
2879 3926 2976 3978 καὶ
3009 3921 3074 3979 δι’
3107 3922 3306 3979 ἐκείνου
3368 3927 3429 3980 τὸ
3460 3929 3594 4006 πρὸς
3651 3923 3837 3998 Χριστὸν

499 4033 628 4079 rem
662 4033 876 4077 vocans
922 4011 1267 4094 praestigias.
1301 4011 1507 4092 Neque
1538 4014 1722 4088 enim,
1757 4013 1975 4090 aiebat,
2009 4015 2085 4076 ali

2246 4009 2546 4089 Ξιμαυρῶσαι
2620 4008 2802 4089 σέϐας,
2861 4012 3110 4088 γοητείαν
3167 4011 3227 4068 ἐκ
3297 4012 3507 4083 πολλῆς
3561 4015 3726 4075 ἀνοίας
3787 4010 3833 4064 τὸ

502 4105 578 4168 ab
631 4123 702 4166 eo
756 4103 964 4164 fuisset
1013 4102 1403 4181 interemptus
1453 4102 1665 4181 is,'qui
1710 4111 1826 4162 tam
1870 4105 2089 4183 praecla:

2242 4105 2456 4177 πρᾶγμα
2511 4097 2712 4170 καλῶν,
2772 4097 2920 4156 Ἐπεὶ
2978 4105 3072 4159 οὒκ
3122 4103 3206 4175 ἂν,
3268 4105 3420 4183 φησὶ,
3481 4105 3622 4177 παρὰ
3666 4097 3829 4159 τοιοῦδε

501 4195 784 4259 effecerat
831 4192 1109 4254 facinora.
1168 4189 1394 4269 Itaque,
1428 4208 1718 4268 generoso
1771 4189 2019 4254 Nestore
2050 4211 2082 4253 a

2241 4189 2468 4251 εοῖαύτας
2514 4187 2854 4267 ἀνδραγαθίας
2911 4188 3300 4266 ἐπιδειξάμενος
3369 4194 3642 4272 ἀνῃρεῖτο,
3695 4188 3828 4264 Ἀμέ-

498 4285 744 4358 cersito,
783 4291 1057 4362 tanquam
1113 4298 1211 4341 res
1255 4285 1416 4340 esset
1471 4287 1658 4359 certa,
1694 4286 1752 4340 et
1791 4279 1952 4341 nulla
2000 4301 2085 4361 0p1

2238 4279 2308 4334 λει
2368 4279 2453 4334 καὶ
2499 4278 2731 4354 Νέστορα
2793 4280 2884 4334 τὸν
2929 4293 3174 4357 γενναῖον
3231 4284 3727 4360 μεταπεμψάμενος,
3767 4279 3825 4339 ὡς

497 4373 745 4437 haberet
798 4370 1234 4452 inquisitione:
1302 4366 1406 4428 Dic
1464 4367 1633 4440 mihi,
1683 4367 1848 4442 dicit,
1908 4369 2080 4431 adole

2232 4368 2312 4424 ἐπὶ
2372 4367 2635 4446 πρέγματι
2699 4366 3112 4446 ὀμολογουμένῳ
3167 4372 3255 4426 καὶ
3311 4369 3559 4446 οὐδεμιᾶς
3613 4369 3819 4445 δεομένου

498 4483 665 4540 cens,
722 4479 978 4542 quanam
1032 4466 1159 4520 arte
1214 4473 1356 4516 usus
1411 4455 1655 4534 magica,
1692 4464 1788 4517 aut
1852 4476 2082 4534 quosna

2228 4459 2526 4532 ζητήσεως,
2583 4455 2707 4513 Εἰπέ
2764 4480 2879 4536 μοι,
2928 4458 3188 4534 νεανίσκε,
3250 4458 3415 4541 λέγει,
3467 4461 3572 4517 τίσι
3616 4458 3815 4536 μαγείαις

497 4517 771 4623 ιιαὺέηεἸ,
790 4550 1116 4628 adjutores,
1149 4545 1407 4625 Lymum,
1442 4517 1631 4606 virum
1664 4517 1912 4626 tantum,
1949 4548 2084 4611 inte}

2239 4517 2293 4529 a-
2355 4517 2363 4527 Ι
2489 4517 2526 4532 -1
2764 4517 2776 4532 ι
2866 4517 2879 4536 1
3171 4517 3188 4534 ι
3325 4517 3335 4539 ι
3400 4517 3415 4541 ι
3616 4517 3626 4536 ι
3697 4517 3706 4536 ι

2229 4548 2574 4627 χρησάμενος
2637 4545 2672 4614 ἢ
2716 4547 2859 4608 τίνας
2918 4546 3061 4627 ἔχων
3126 4549 3244 4614 τοὺς
3303 4553 3600 4631 συνεργοὺς,
3657 4550 3813 4606 Λυαῖον

495 4639 750 4704 fecisti?
799 4641 899 4699 Cui
959 4635 1174 4697 Nestor
1223 4634 1369 4694 nihil
1432 4635 1692 4712 territus,
1745 4637 1850 4698 sed
1901 4640 2082 4700 omnii

2226 4635 2499 4714 ἀνῂρηκας
2543 4636 2636 4691 τὶν
2664 4642 2914 4691 τοσοῦτον
2951 4656 2967 4707 ;
3025 4639 3159 4716 Πρὸς
3203 4641 3365 4695 ταῦτα
3395 4642 3421 4695 ὁ
3472 4640 3677 4715 Νέστωρ
3703 4633 3811 4693 οὐδὲν

494 4729 828 4804 confidens,
883 4723 1062 4806 quod,
1097 4724 1199 4805 qui
1258 4723 1424 4785 dedit
1481 4724 1648 4785 illum
1705 4731 2027 4805 superbum

2224 4723 2615 4798 ὑποδειλιάσας,
2680 4724 2815 4780 ἀλλὰ
2867 4723 3124 4803 θαῤῥήσας
3206 4726 3435 4799 παντως,
3497 4728 3576 4784 ὅτι
3643 4731 3667 4783 ὁ
3725 4723 3811 4783 δοὺς

492 4819 850 4882 insolentem
883 4818 958 4876 de
1007 4814 1206 4875 medio
1255 4813 1486 4889 tollere,
1519 4813 1647 4893 ipse
1696 4833 1933 4894 quoque
1964 4815 2036 4878 de
2069 4837 2079 4877 ι

2226 4815 2430 4871 ἐκεῖνον
2488 4815 2576 4870 τὸν
2633 4814 2965 4893 ὑπερήφανον
3019 4813 3256 4896 ἀνελεῖν,
3331 4817 3482 4880 αὐτὸς
3547 4816 3690 4874 δώσει
3747 4810 3813 4868 καὶ

491 4908 946 4974 convenientem
981 4902 1146 4965 dabit
1174 4901 1627 4982 responsionem
1659 4925 1670 4967 :
1705 4903 1891 4978 Nihil,
1921 4904 2078 4987 inqui

2246 4904 2592 4980 προσήκουσαν
2675 4903 2773 4970 τὴν
2857 4904 2972 4981 περὶ
3044 4904 3200 4961 αὖτοῦ
3289 4905 3462 4962 θέσθαι
3544 4897 3833 4980 ἀπολογίας

491 5019 525 5062 o
570 4998 917 5078 imperator,
953 4993 1090 5067 tale,
1126 5010 1238 5053 nec
1299 4991 1470 5067 mihi,
1506 5009 1617 5052 nec
1648 4990 1750 5052 ulli
1783 5001 1872 5052 est
1931 4993 2078 5056 Chri:

2224 4989 2400 5071 Οὒῖἒν,
2452 4990 2577 5069 ἔφη,
2633 4989 2867 5066 ζασιλεῦ,
2914 4999 3146 5050 τοιοῦτον
3193 4990 3309 5049 οὐδὲ
3367 4994 3505 5070 ἐμοὶ,
3539 4994 3650 5051 οὗτε
3700 4988 3811 5059 ἄλλῳ

468 5077 672 5148 ἰὶαηοί
700 5084 868 5146 utile.
901 5079 1112 5142 Nullus
1141 5089 1339 5142 autem
1396 5080 1574 5141 homo
1607 5079 1753 5140 mihi
1783 5079 1890 5141 fuit
1917 5080 1989 5142 ad
2021 5081 2055 5142 h

2220 5086 2572 5159 Χριστιανῶν·
2629 5083 2876 5159 συνεργὸς
2910 5081 2964 5137 δέ
2996 5105 3088 5155 μοι
3141 5085 3272 5158 πρὸς
3302 5091 3457 5140 τοῦτο
3515 5089 3615 5140 τῶν
3641 5077 3807 5157 ἀνθρώ-

489 5176 746 5258 adjutor,
779 5172 896 5235 nisi
926 5170 1094 5233 solus
1127 5171 1284 5233 Deus
1313 5168 1624 5246 Demetrii,
1656 5169 1834 5247 Deus,
1868 5188 1902 5232 o
1935 5169 2076 5252 imp:

2217 5193 2328 5226 πων
2360 5168 2543 5244 οὒδεὶς,
2575 5168 2653 5228 ὅτι
2687 5171 2764 5246 μὴ
2822 5173 2982 5246 μόνος
3014 5174 3041 5227 ὁ
3077 5173 3385 5250 Δημητρίου
3432 5173 3583 5250 Θεὸς,
3614 5175 3640 5227 ὁ
3684 5170 3804 5241 Θεὸς,

487 5275 672 5344 rator,
705 5260 1208 5326 Christianorum.

2207 5258 2449 5336 βασιλεῦ,
2481 5265 2587 5316 τῶν
2633 5266 2981 5340 Χριστιανῶν.

561 5510 684 5593 ψῃ
709 5508 856 5593 Qum
884 5522 1214 5593 anonymus
1235 5507 2126 5593 sepeli.Demetriibiographus,
2209 5506 2593 5593 dubitandum
2653 5511 2752 5593 vix
2782 5517 3042 5593 apparet,
3082 5509 3183 5593 qui
3240 5521 3366 5566 eam
3415 5495 3811 5593 posterloi

488 5567 587 5656 qui
645 5567 1016 5656 Stetaphrasti
1049 5567 1364 5656 praelusit,
1427 5579 1577 5656 hanc
1617 5567 2124 5656 Festori§,_ciintra
2211 5581 2485 5656 scriptor.
2517 5567 3228 5656 verosimili'conjec'tura
3269 5567 3437 5651 usus;
3468 5590 3563 5652 pro
3603 5567 3808 5632 arbitrio

487 5645 718 5718 Lyaeum
749 5645 1124 5716 certaturi,ad
1143 5649 1328 5707 Deum
1349 5653 1674 5707 orationem
1694 5663 1811 5707 non
1835 5651 2136 5750 exhibeat,‘
2208 5645 2577 5712 conﬁnxerit.
