4020 6132
219 303 360 375 1197

285 444 382 513 ιη”
433 445 624 504 Τούτον
682 447 904 524 φανερὸς
963 446 1120 511 ἆθλος
1163 450 1191 504 ὁ
1249 446 1442 504 Λυαίου
1501 448 1742 521 Θάνατος,
1779 449 1897 512 ὃςᾹ

208 537 259 592 ἐν
311 538 450 618 χειρὶ
509 537 732 614 κραταιιᾷ
773 537 860 592 καὶ
889 537 943 591 ’sv
1002 538 1246 618 βραχίονι
1305 537 1498 613 ὑψηλῷ
1541 541 1627 595 καὶ
1687 539 1843 605 Σηὼν

207 609 447 683 καὶ
476 609 560 682 καί
615 626 826 698 μυρίους
857 609 1049 684 ἄλλους
1107 609 1290 700 πολλῷ
1321 609 1527 702 μᾶλλον
1556 627 1591 694 ἢ
1645 633 1844 683 Λυαῖον

203 716 299 777 τὴν
339 713 526 791 ῥώμην
587 713 864 792 ἐπιφανεῖς
923 713 1158 794 εὒχερῶς
1212 715 1449 795 ἀνεῖλεν,
1481 717 1539 773 οὗ
1590 715 1705 772 καθ’
1750 716 1840 772 ἕνα

204 803 387 882 μόνον,
432 802 571 859 ἀλλὰ
628 805 713 858 καὶ
756 803 894 860 κατᾶ
947 803 1147 872 πλῆθος
1205 804 1728 882 συναθροισαμένους.
1785 807 1843 863 Τί

201 893 276 966 μὴ
320 891 462 970 λέγω
514 892 581 947 τὰ
633 891 831 948 ἐκείνου
895 894 1057 966 μόνου
1116 893 1326 961 ἀληθῶς
1385 894 1524 974 ἄξια,
1575 898 1634 952 οὗ
1689 895 1840 974 ἔργον

201 982 415 1053 οὐρανὸς
447 982 534 1036 καὶ
564 980 634 1059 γῆ
663 983 751 1037 καὶ
797 1003 862 1038 τα
894 981 948 1037 ἐν
978 982 1161 1046 αὐτοῖς
1206 984 1413 1042 ἅπαντα
1441 1003 1458 1064 ς
1491 983 1597 1041 Οὔκ
1651 984 1841 1060 ἤνεγκε

197 1072 260 1126 τὰ
315 1069 523 1147 μεγάλα
568 1077 730 1127 ταῦτα
774 1073 810 1138 ἡ
866 1070 1041 1150 φαύλη
1103 1072 1430 1147 Μαξιμιανου
1481 1073 1645 1146 ἀκοὴ,
1705 1071 1842 1129 ἀλλὰ

197 1165 300 1216 τῶν
327 1158 507 1216 καλῶν
541 1158 711 1236 λόγων
779 1162 1018 1234 μισθοὺς,
1051 1164 1138 1218 καὶ
1186 1167 1285 1228 τῆς
1335 1163 1488 1229 νίκης
1532 1165 1672 1236 αὐτῴ
1701 1163 1834 1241 βρα-

198 1246 319 1304 δεῖα
347 1249 438 1304 τὸν
483 1246 567 1304 διὰ
611 1248 784 1327 ξίφους
828 1249 1014 1327 ἐπαγει
1044 1250 1288 1309 θάνατον.
1347 1251 1562 1329 Νέστωρ
1594 1254 1692 1326 μὲν
1750 1251 1838 1307 οὖν

199 1336 336 1394 οὕτω
385 1345 476 1394 τοῦ
505 1335 588 1394 διὰ
648 1340 870 1416 Χριστὸν
923 1340 1180 1417 μακαρίου
1225 1338 1411 1403 τέλους
1468 1339 1834 1420 ἐπιτυγχάνει,

196 1429 282 1483 καὶ
330 1428 410 1500 τῷ
436 1425 546 1500 ἰδίῳ
589 1426 718 1506 ξίφει
768 1424 984 1507 δέχεται
1036 1429 1132 1496 τὴν
1179 1428 1374 1508 τομὴν,
1409 1428 1546 1485 οὕτω
1577 1429 1673 1503 μὲν
1721 1437 1839 1484 Μα-

196 1515 440 1589 ξιμιανοῦ
487 1514 853 1590 κελεύσαντος,
912 1516 1004 1574 ἵνα
1062 1516 1281 1574 κάκεῖνο
1335 1518 1482 1597 τάχα
1543 1525 1844 1596 μαρτυρικῴ

194 1605 390 1679 α’ἷματι
491 1608 758 1683 καγιασθῇ
793 1653 808 1680 ,
888 1612 1234 1665 Μινουκιανοῦ
1327 1605 1381 1662 δὲ
1491 1609 1844 1684 προτίγτωρος

191 1695 320 1772 πρὸς
382 1694 478 1762 τὴν
537 1693 750 1772 σφαγὴν
807 1695 1268 1772 ὑπουργήσαντος.
1335 1698 1432 1753 Καὶ
1490 1694 1628 1752 οὕτω
1713 1697 1841 1773 πρὸς

1284 311 1344 374 S.
1392 310 1767 376 DEMETRII
1813 313 2212 377 MARTYRIS
2255 315 2472 378 ACTA.

3419 323 3573 390 1198

2003 447 2102 511 18.
2141 445 2509 509 Manifestum
2554 446 2686 526 ejus
2713 454 3014 511 certamen
3047 449 3157 512 fuit
3187 469 3349 514 mors
3379 455 3564 534 Lyaei,

1926 537 2028 612 qui
2057 537 2116 596 in
2150 555 2326 596 manu
2348 535 2484 597 forti
2507 543 2566 597 et
2595 535 2837 598 brachio
2865 539 3098 601 excelso
3123 541 3324 603 Schon
3349 549 3409 603 et
3437 541 3568 623 Ogi,

1925 633 1984 684 et
2011 624 2160 686 alios
2190 625 2863 706 innumerabiles,longe
2889 634 3098 707 magis,
3125 649 3303 705 quam
3329 632 3566 710 Lyaeus,

1923 713 2135 775 virtute
2159 715 2418 793 insignes
2449 714 2621 777 facile
2640 715 2716 776 de
2739 716 2934 778 medio
2965 718 3352 797 sustulit,non
3375 721 3567 785 solum

1925 805 2200 876 singulos,
2227 805 2324 863 sed
2340 807 2510 864 etiam
2532 821 2736 878 magna
2769 809 3155 868 circumdatos
3187 812 3570 872 multitudine.

1926 889 2041 954 Sed
2074 911 2178 953 cur
2202 911 2320 953 non
2354 890 2489 952 dico
2519 910 2590 954 ea
2614 910 2746 972 quae
2762 902 2897 955 sunt
2919 893 3022 956 illo
3054 895 3182 956 solo
3214 914 3353 960 vere
3369 897 3568 977 digna,

1925 982 2095 1060 cujus
2124 1001 2273 1061 opus
2305 989 2392 1042 est
2417 981 2636 1043 coelum
2669 990 2726 1043 et
2758 989 2935 1059 terra,
2975 991 3031 1046 et
3061 1003 3196 1065 qua;
3229 995 3368 1047 sunt
3395 987 3456 1049 in
3489 989 3575 1050 eis

1925 1071 2155 1133 omnia?
2185 1071 2313 1132 Non
2335 1071 2596 1132 tulerunt
2625 1072 2747 1132 haec
2774 1091 2982 1152 magna
3009 1091 3183 1136 aures
3206 1074 3352 1137 viles
3378 1078 3572 1140 Maxi-

1923 1159 2126 1235 miani,
2163 1161 2267 1222 sed
2291 1160 2675 1240 pulchrorum
2701 1161 3020 1225 verborum
3046 1164 3388 1227 mercedem
3411 1173 3472 1227 et
3494 1167 3573 1228 vi-

1925 1253 2123 1311 ctoriae
2154 1250 2488 1330 praemium,
2523 1251 2574 1310 ei
2611 1260 2862 1312 mortem
2894 1252 3064 1313 affert
3090 1253 3317 1331 gludio.
3358 1253 3430 1315 Et
3477 1255 3564 1317 sic

1923 1338 2162 1416 quidem
2183 1339 2396 1402 Nestor
2417 1339 2654 1400 beatum
2688 1340 2868 1402 finem
2891 1349 3136 1421 propter
3157 1344 3452 1404 Christum
3478 1351 3574 1406 est

1932 1438 2307 1490 consecutus:
2332 1435 2388 1489 et
2412 1446 2518 1489 suo
2542 1446 2684 1489 ense
2708 1429 2935 1508 plagam
2961 1430 3304 1510 accepit,sic
3318 1431 3572 1511 jubente

1925 1518 2303 1591 Maximiano,
2341 1517 2489 1577 forte
2538 1525 2600 1577 ut
2629 1517 2730 1579 ille
2788 1537 3023 1599 quoque
3067 1521 3379 1601 martyrico
3435 1540 3571 1584 san-

1926 1607 2104 1684 guine
2133 1605 2622 1666 sanctificaretur.
2657 1607 2805 1667 Cum
2839 1607 3021 1686 igitur
3049 1609 3410 1672 Minutianus
3441 1629 3576 1690 pro-

1930 1704 2116 1756 tector
2161 1693 2336 1756 caedis
2365 1693 2573 1755 fuisset
2605 1694 2976 1770 administer,
3010 1697 3097 1760 sic
3126 1702 3345 1765 Nestor
3377 1707 3574 1762 trans-

191 1783 442 1860 Χριστὸν,
474 1783 532 1838 ὃν
577 1781 820 1863 ἐφίλησε,
853 1783 1289 1864 παραπέμπεται,
1327 1783 1447 1862 παρ’
1508 1788 1568 1840 οὗ
1596 1788 1682 1842 καὶ
1741 1791 1836 1852 τῆς

1929 1785 2177 1846 mittitur
2205 1784 2278 1845 ad
2308 1782 2632 1862 Christum,
2663 1801 2838 1862 quem
2873 1783 3107 1861 dilexit,
3145 1795 3204 1848 et
3233 1807 3268 1848 a
3295 1807 3412 1868 quo
3443 1798 3573 1852 erat

189 1870 383 1939 διπλῆς
429 1872 577 1938 νίκης
604 1871 944 1946 ἀπολήψεται
969 1873 1090 1936 τοὺς
1123 1875 1432 1953 στεφάνους.

269 1961 363 2023 ιθ’.
438 1959 705 2018 Ἐντεῦθεν
777 1959 1030 2018 ὕποϐολαὶ
1103 1963 1238 2020 κατὰ
1301 1963 1608 2040 Δημητρίου
1673 1963 1834 2026 πάλιν

189 2052 273 2108 καὶ
335 2051 578 2108 διακολαὶ
627 2050 1004 2129 πιθανώτεραι,
1036 2053 1109 2114 ὡς
1170 2053 1326 2115 αὐτὸς
1373 2051 1464 2119 εἴη
1495 2059 1587 2109 τοῦ
1643 2055 1834 2110 Λυαίου

185 2145 403 2219 σφαγῆς
482 2137 680 2204 αἴτιος.
756 2138 951 2196 Αὐτίκα
1028 2141 1154 2218 γοῦν
1209 2139 1536 2214 Μαξιμιανὸς
1612 2141 1833 2208 ὀξύτατα

185 2230 475 2309 χολωθεὶς,
507 2231 596 2286 καὶ
638 2228 755 2303 ἅμα
789 2229 1166 2305 οἰωνισάμενος
1198 2232 1270 2294 ὡς
1330 2231 1425 2288 οὒκ
1453 2231 1649 2309 ἀγαθὸν
1699 2232 1842 2306 αὐτῷ

185 2320 504 2394 συνάντημα
592 2320 899 2397 Δημήτριος
981 2319 1192 2397 γένοιτο
1271 2321 1400 2399 πρὸς
1483 2322 1544 2376 τὸ
1633 2319 1840 2379 στάδιον

183 2407 414 2482 ἀνιόντι,
447 2406 650 2465 κελεύει
709 2409 798 2464 τὸν
859 2408 1095 2488 μάρτυρα
1138 2409 1194 2465 ἐν
1255 2409 1440 2488 αὒτᾳϊς
1504 2413 1594 2474 αἶς
1650 2409 1838 2488 ἐφρου-

184 2510 336 2576 ρεῖτο
398 2499 640 2573 καμίνοις
673 2497 904 2577 λόγχαις
964 2487 1324 2577 ἀναιρεθῆναι.
1356 2487 1420 2557 ﬂ0
1459 2497 1524 2565 δὴ
1557 2500 1644 2556 καὶ
1691 2487 1838 2578 vivs-

184 2609 294 2645 ται.
367 2589 464 2645 Καὶ
507 2590 534 2643 ὁ
583 2586 745 2648 καλὸς
804 2588 866 2643 σὺ
909 2588 976 2643 τὰ
1034 2589 1232 2662 πάντα,
1269 2590 1602 2664 Δημήτριος,
1636 2590 1663 2644 ὁ
1722 2588 1839 2645 λίαν

184 2676 278 2734 ἰοὖ
313 2677 590 2734 Δεσπότου
647 2678 1057 2756 περιεχόμενος,
1088 2677 1282 2752 ὁμοίως
1343 2680 1483 2749 αὖτῷ
1525 2679 1621 2746 τὴν
1669 2676 1837 2735 πλευ-

183 2766 280 2843 ρὲιν
331 2765 614 2845 λογχεύει,
647 2767 735 2822 καὶ
785 2772 942 2822 τοῦτο
974 2765 1222 2845 ἀφορμὴν
1279 2769 1366 2824 καὶ
1421 2765 1538 2822 ὁῗὸν
1582 2768 1836 2846 εὑρίσκεις

183 2859 282 2923 τῆς
333 2859 481 2933 πρῶς
539 2855 747 2912 ἐκεῖνον
801 2855 1047 2933 ἀφίξεως·
1105 2858 1364 2934 μακάριος
1421 2857 1517 2932 μὲν
1546 2863 1640 2912 τοῦ
1695 2859 1832 2937 βίον),

1919 1882 2273 1952 accepturus
2303 1889 2558 1933 coronas
2589 1869 2848 1951 duplicis
2878 1873 3144 1935 victoriae
3165 1876 3323 1956 (15).

2005 1964 2096 2026 19.
2119 1962 2270 2024 Hinc
2291 1960 2530 2022 fraudes
2555 1960 2616 2020 in
2637 1959 3004 2024 Demetrium
3032 1981 3263 2041 rursus,
3293 1966 3574 2028 crimina-

1920 2053 2110 2114 tiones
2134 2049 2525 2112 intenduntur
2573 2049 3031 2132 probabiliores,
3065 2053 3221 2134 quod
3255 2055 3386 2134 ipse
3415 2063 3576 2118 esset

1924 2161 2099 2203 causa
2123 2140 2300 2202 caadis
2320 2137 2496 2218 Lyaei.
2530 2139 2826 2201 Continuo
2846 2140 3021 2219 igitur
3044 2143 3430 2207 vehementer
3447 2145 3572 2210 ira-

1924 2242 2014 2291 tus
2035 2233 2426 2298 Maximianus,
2451 2239 2508 2288 et
2533 2231 2703 2289 simul
2729 2242 3042 2305 auguratus
3073 2249 3187 2292 non
3214 2236 3334 2293 fore
3355 2237 3574 2295 bonum

1925 2318 2170 2386 omen,si
2195 2317 2245 2379 ei
2271 2325 2612 2380 occurreret
2635 2318 3053 2380 Demetriusin
3077 2319 3331 2382 stadium
3354 2311 3574 2383 ascen-

1923 2408 2112 2487 denti,
2146 2407 2217 2468 ad
2252 2407 2406 2487 quod
2444 2424 2549 2485 per
2579 2407 2876 2469 lavacrum
2921 2417 3044 2470 erat
3071 2427 3370 2486 accessus,
3397 2410 3572 2490 jubet

1924 2506 2242 2577 martyrem
2277 2495 2532 2557 interﬁci
2565 2495 2789 2558 lanceis
2818 2497 2878 2558 in
2924 2496 2998 2558 iis
3026 2497 3174 2578 ipsis
3203 2500 3478 2576 caminis,
3506 2500 3572 2564 in

1923 2588 2136 2668 quibus
2168 2584 2639 2648 custodiebatur.
2671 2585 2838 2656 Quod
2863 2587 2930 2647 ﬁt
2958 2588 3157 2649 etiam.
3191 2590 3266 2650 Et
3289 2589 3394 2650 tibi
3425 2591 3568 2668 qui-

1922 2677 2080 2752 dem,
2116 2677 2212 2756 qui
2249 2693 2322 2738 ex
2374 2674 2539 2735 omni
2569 2693 2640 2736 ex
2673 2685 2838 2754 parte
2863 2676 3116 2756 pulcher
3167 2686 3222 2739 et
3251 2679 3567 2756 honestus,

1920 2764 2317 2844 Demetri,qui
2339 2763 2658 2826 Dominum
2681 2765 3005 2844 diligenter
3024 2767 3354 2839 sectaris,et
3372 2770 3576 2831 omnia

1919 2856 2079 2916 illius
2103 2853 2612 2933 diligis,similiter
2630 2861 2804 2934 atque
2837 2860 2949 2935 ipsi
2975 2855 3182 2918 lancea
3205 2855 3357 2918 latus
3377 2857 3571 2920 conﬁ-

185 2946 591 3023 μακαριώτερος
644 2943 698 2999 δὲ
728 2951 820 3001 τοῦ
869 2942 1051 3010 τέλους
1093 2946 1180 3001 καί
1210 2952 1314 3001 τῶν
1346 2946 1616 3025 στεφάνων
1672 2947 1831 3025 γενό-

1929 2945 2372 3024 gitur,hancque
2411 2941 2640 3004 invenis
2671 2944 3048 3006 occasionem
3079 2953 3140 3006 et
3168 2946 3344 3008 vitam
3377 2947 3460 3008 tui
3489 2947 3566 3009 ad

182 3055 375 3114 μενος,
409 3035 497 3090 καὶ
556 3039 650 3099 τῆς
681 3035 754 3099 εἷς
811 3035 1005 3098 αἰῶνας
1036 3033 1180 3109 αὐτῷ
1234 3042 1310 3108 τῷ
1339 3035 1646 3111 ποθουμένῳ
1699 3059 1834 3114 συγ-

181 3124 581 3193 κατοικήσεως,

257 3381 338 3455 κ’,
410 3391 552 3472 Εἶχε
585 3389 682 3466 μὲν
737 3391 825 3449 οὗν
882 3389 1020 3449 οὒτω
1076 3397 1264 3467 ταῦτα,
1311 3393 1426 3471 mi;
1457 3395 1484 3448 ὁ
1524 3393 1704 3472 νεκρὸς
1746 3400 1838 3450 τοῦ

173 3482 449 3561 μάρτυρος
508 3482 644 3537 κατὰ
687 3487 788 3559 γῆς
847 3480 1080 3561 ἕῤῥιπτο,
1117 3483 1202 3538 καὶ
1262 3479 1424 3548 οὐδεὶς
1468 3483 1626 3541 αὐτοῦ
1679 3481 1836 3560 λόγος

172 3574 348 3652 μέχρι
409 3570 579 3635 τινός.
643 3574 855 3636 Πάντως
899 3569 954 3626 δὲ
1014 3571 1129 3628 οὔτε
1190 3570 1334 3627 ὅσιον
1392 3575 1482 3644 ἦν,
1529 3569 1644 3628 οὔτε
1704 3578 1833 3629 Θεοῦ

173 3661 321 3727 ὅλως
383 3659 550 3732 ἄξιον,
585 3661 716 3738 ὑπὲρ
748 3663 807 3717 οὗ
848 3661 1104 3718 πέπονθεν
1139 3660 1316 3717 ἐκεῖνο
1365 3660 1424 3715 τὸ
1458 3661 1597 3737 ἱερὸν
1653 3664 1830 3734 σῶμα,

173 3751 353 3816 οὕτως
413 3752 538 3807 aut?)
580 3748 846 3826 παριδεῖν.
905 3748 1102 3809 Οὔκουν
1156 3747 1273 3805 οὐδὲ
1333 3746 1608 3827 παρεῖδεν,
1670 3746 1837 3804 Ἀλλὰ

173 3847 286 3898 τῶν
365 3838 748 3919 φιλοχρίστων.
808 3839 945 3905 τινὲς
1012 3836 1305 3900 ὑποϐολαῖς
1382 3837 1580 3895 ἐκείνου
1653 3839 1835 3900 νυκτὸς

173 3928 587 4009 προσελθοντες,
623 3929 710 3984 καὶ
770 3927 972 4004 ἀτίμως
1027 3929 1266 4004 κείμενον
1326 3928 1385 3983 τὸ
1416 3926 1612 4003 κομιδῆ
1664 3926 1837 4002 τίμιον

172 4018 500 4094 ἀνελόμενοι
561 4013 798 4080 εὐλαϐῶς
859 4016 1314 4094 περιστέλλουσιν.
1377 4019 1512 4073 Εἶτα
1570 4017 1658 4074 καὶ
1693 4016 1838 4073 κόνιν

172 4106 533 4171 ἐπιϐαλόντες
603 4106 656 4162 ἐν
714 4106 856 4180 αὐτῷ
910 4114 985 4181 τῷ
1042 4105 1190 4181 τόπῲ
1243 4105 1362 4162 ἔνθα
1419 4105 1483 4174 δὴ
1555 4107 1649 4163 καί
1695 4127 1838 4162 τετε-

167 4196 377 4254 λείωτο
422 4195 680 4274 θεοφιλῶς
753 4196 1045 4253 θάπτουσιν
1096 4195 1195 4260 Εἷς
1228 4195 1282 4250 δέ
1334 4217 1416 4259 τις
1447 4201 1553 4251 τῶν
1616 4196 1834 4252 οἰκετῶν

165 4299 268 4348 τοῦ
328 4289 483 4367 ἁγίου
524 4288 796 4367 παραστὰς
851 4291 992 4361 αὖτῷ
1053 4287 1150 4355 τῆν
1182 4287 1441 4365 μακαρίαν
1499 4287 1835 4368 ὅφισταμένῳ

161 4378 424 4459 σφαγὴν,
455 4379 541 4434 καὶ
599 4379 670 4441 ὡς
704 4377 822 4434 οἷόν
853 4398 909 4433 τε
963 4376 1056 4456 ἧν,
1086 4378 1146 4434 τὸ
1177 4380 1322 4433 θετον
1354 4376 1531 4433 ἐκεῖνο
1586 4377 1730 4453 αἷμα
1761 4379 1833 4440 εἰς

99 4493 102 4508 ι
161 4471 229 4525 τὸ
305 4468 452 4545 ἱερὸν
507 4473 600 4522 τοῦ
657 4466 917 4545 μάρτυρος
976 4463 1296 4541 ἀνελόμενος
1363 4466 1625 4540 ἑπωμιον,
1695 4465 1834 4522 ἀλλά

1918 3053 2054 3096 eum
2077 3033 2387 3105 adventus;
2415 3031 2625 3093 beatus
2655 3031 2898 3112 quidem
2930 3041 3176 3114 propter
3209 3041 3409 3108 vitam,
3433 3035 3571 3098 bea-

1853 3169 1894 3220 c
1918 3125 2032 3186 tior
2061 3131 2258 3185 autem
2298 3129 2538 3201 propter
2587 3120 2899 3220 decessum
2930 3129 2989 3183 et
3030 3138 3305 3200 coronas,
3335 3131 3394 3184 et
3421 3141 3570 3205 pro-

1920 3221 2050 3296 pter
2079 3220 2356 3274 aaternam
2392 3219 2552 3272 tuam
2586 3208 3086 3274 cohabitationem
3121 3229 3257 3274 cum
3287 3230 3358 3274 eo
3387 3230 3568 3293 quem

1923 3300 2306 3366 desiderabas
2338 3299 2474 3379 (16).

2000 3392 2099 3454 90.
2133 3389 2272 3452 Haec
2303 3388 2543 3469 quidem
2577 3387 2664 3449 sic
2686 3405 2751 3450 se
2777 3387 3100 3463 habebant,
3131 3396 3188 3449 et
3209 3388 3376 3450 humi
3396 3389 3568 3468 jace-

1923 3483 2022 3545 bat
2070 3497 2286 3560 corpus
2317 3477 2617 3556 martyris,
2656 3495 2851 3556 neque
2903 3476 3246 3556 aliquandiu
3287 3475 3410 3537 ulla
3439 3478 3571 3556 ejus

1917 3570 2244 3633 habebatur
2264 3569 2438 3629 ratio.
2475 3564 2734 3627 Omnino
2758 3575 2952 3626 autem
2986 3583 3098 3627 nec
3116 3573 3244 3626 erat
3269 3573 3562 3644 sanctum,

1919 3680 2030 3723 nec
2047 3660 2168 3721 Deo
2194 3657 2366 3737 plane
2389 3656 2776 3735 dignum,pro
2802 3673 2916 3734 quo
2942 3672 3184 3735 passum
3211 3662 3337 3715 erat
3359 3672 3568 3716 sacro-

1921 3758 2191 3812 sanctum
2220 3745 2366 3806 illud
2392 3742 2727 3823 corpus,sic
2752 3743 2950 3822 ipsum
2984 3742 3324 3824 despicere.
3355 3745 3568 3823 Neque

1923 3858 2059 3918 ergo
2092 3835 2407 3916 despexit:
2456 3833 2559 3893 sed
2610 3831 2848 3911 quidam
2897 3848 2968 3894 ex
3020 3833 3094 3896 iis
3123 3833 3221 3912 qui
3271 3831 3569 3894 Christum

1921 3929 2223 4000 amabant,
2259 3924 2386 4002 ejus
2427 3921 2733 3995 instinctu,
2789 3930 2963 3984 nocte
3019 3921 3398 3996 accedentes,
3431 3939 3564 3984 cum

1923 4018 2088 4080 valde
2127 4013 2377 4094 turpiter
2399 4011 2608 4089 jacens
2649 4027 2862 4090 corpus
2910 4011 3232 4092 pretiosum
3285 4009 3566 4072 sustulis-

1924 4116 2078 4182 sent,
2100 4105 2159 4167 id
2194 4102 2288 4184 pie
2319 4108 2708 4179 componunt.
2727 4099 2958 4162 Deinde
2985 4101 3160 4162 etiam
3193 4100 3416 4180 injecto
3441 4099 3568 4180 pul-

1917 4216 2079 4276 vere,
2104 4195 2164 4256 in
2197 4212 2268 4254 eo
2301 4191 2430 4271 ipso
2463 4190 2613 4264 loco,
2649 4189 2710 4248 in
2737 4208 2850 4269 quo
2882 4189 3072 4251 fuerat
3094 4197 3562 4268 consummatus,

1917 4286 2218 4371 sepeliunt
2270 4281 2362 4371 pie
2421 4297 2489 4340 ac
2537 4277 2840 4357 religiose.
2919 4278 3169 4351 Quidam
3227 4285 3428 4371 autem
3493 4296 3568 4342 ex

1917 4365 2115 4444 Sancti
2146 4370 2405 4444 famulis,
2439 4375 2601 4430 stans
2633 4385 2818 4447 prope
2863 4386 3025 4449 eum,
3059 4369 3295 4448 quando
3327 4365 3564 4432 beatam

1918 4471 2076 4532 illam
2111 4463 2291 4526 subiit
2320 4458 2565 4535 caedem,
2601 4475 2760 4534 cum,
2797 4465 2859 4518 ut
2888 4458 3106 4538 potuit,
3131 4458 3401 4526 divinum
3421 4479 3567 4526 san-

161 4561 259 4616 καὶ
314 4557 378 4612 ὃν
409 4554 582 4636 ἐφόρει
639 4557 776 4611 κατὰ
819 4568 984 4634 χεῖρα
1040 4553 1340 4630 δακτύλιον,
1376 4557 1462 4610 καὶ
1496 4553 1653 4610 αὐτὸν
1699 4554 1830 4613 συλ-

1929 4558 2158 4640 guinem
2189 4548 2527 4627 collegisset
2567 4545 2626 4607 in
2659 4564 2826 4640 sacro
2862 4535 3138 4627 martyris
3165 4555 3567 4631 superhume-

163 4644 365 4704 λαϐὼν
423 4635 510 4701 καὶ
561 4649 638 4717 τῷ
686 4650 992 4723 μαρτυρικῷ
1051 4643 1244 4724 αἵματι
1302 4644 1618 4723 περιχρίσας
1698 4643 1834 4702 πολύ

1929 4635 2050 4723 Pali,
2081 4653 2139 4706 et
2169 4659 2346 4723 quem
2375 4655 2552 4697 manu
2573 4635 2860 4717 gestabat,
2895 4637 3180 4699 annulum
3213 4643 3565 4724 accepisset,

162 4760 222 4794 τι
255 4741 463 4816 ⁸κερ-ἦρα
493 4735 779 4814 τεραστίων
812 4734 1079 4812 εἰργάζετο
1108 4723 1179 4789 δι’
1207 4733 1386 4793 αὐτοῦ.

1929 4748 1975 4802 et
2025 4731 2292 4812 martyris
2323 4726 2610 4805 sanguine
2663 4725 2956 4801 tinxisset,
2991 4745 3103 4806 per
3143 4727 3272 4809 ipsa
3311 4723 3570 4795 faciebat

1917 4828 2169 4911 plurima
2198 4818 2506 4881 miracula.

258 4911 385 4976 κα⁹.
433 4912 538 4970 Καῖ
586 4909 731 4970 οὐδὲν
760 4911 826 4980 ἦν
881 4909 996 4967 οὔτε
1026 4916 1131 4968 τῶν
1189 4912 1530 4989 νοσημάτων,
1578 4913 1696 4970 οὕτε
1727 4913 1832 4970 τῶν

1929 4903 1935 4911 ’
1993 4919 2095 4980 21.
2129 4911 2333 4992 Neque
2358 4915 2484 4969 erat
2506 4904 2662 4967 ullus
2695 4903 2962 4981 morbus,
2995 4923 3193 4987 neque
3224 4909 3412 4971 malus
3437 4909 3561 4972 dai-

164 5007 440 5083 πονηρῶν
497 5006 814 5080 πνευμάτων
871 4999 1035 5067 οὕτως
1093 5003 1333 5081 ἰσχυρὸν,
1366 5002 1504 5060 ὥστε
1564 5005 1637 5068 εἷς
1690 5004 1797 5062 ἐκεί
1809 5041 1831 5053 ο

1929 5026 2058 5071 mon
2091 5011 2202 5066 tam
2237 4997 2427 5073 fortis,
2455 4997 2599 5076 quin
2619 4994 2842 5072 statim,
2869 4998 2917 5056 si
2951 4995 3108 5058 illius
3139 4996 3379 5062 fecisset
3403 4999 3565 5082 peri-

1920 5224 2235 5298 accepisse,
2265 5219 2534 5288 exiguam
2579 5212 2894 5298 admodum
2924 5213 3098 5298 fidem
3146 5223 3462 5298 merentur,
3485 5216 3570 5276 uti

1921 5284 2076 5356 satis'
2114 5284 2529 5367 progbant,‘quae
2577 5284 2985 5344 Commentarii
3016 5289 3190 5358 pravi
3237 5289 3264 5357 §
3295 5290 3328 5344 4
3357 5288 3413 5346 in
3447 5284 3570 5346 me-

1923 5371 2082 5427 dium
2116 5365 2355 5424 adduxi.

1998 5441 2113 5509 (16)
2149 5436 2297 5496 Haec.
2329 5445 2462 5505 quae
2493 5427 2563 5485 ad
2587 5428 2936 5509 Demetrium
2967 5429 3062 5486 hic
3089 5429 3468 5509 ﬂtkallocutio
3495 5431 3566 5488 ab

247 5219 381 5292 (15)
410 5217 580 5297 Multa
611 5218 729 5284 hic,
761 5232 830 5274 ex
863 5229 1150 5297 anonymo
1169 5218 1360 5297 Sancti
1393 5224 1573 5297 nostri
1607 5225 1840 5297 biogra-

158 5291 295 5368 pho
361 5291 672 5348 maximam
697 5298 915 5368 partem
948 5293 1232 5368 haustae
1268 5292 1646 5368 Metaphraste
1701 5291 1840 5356 nar-

155 5359 650 5436 rantur,quae_a
700 5359 983 5436 Demetrii
1044 5360 1321 5419 Passione
1377 5359 1495 5421 tum
1535 5366 1836 5436 Photiana,

158 5445 302 5511 tum
340 5431 717 5511 Anastasiapa
763 5434 974 5511 absunt
999 5446 1020 5502 ;
1051 5446 1251 5511 verum
1281 5449 1344 5491 ea
1387 5449 1453 5511 ac
1482 5431 1840 5511 nominatum
1998 5441 2113 5509 (16)
2149 5436 2297 5511 Haec.
2329 5445 2462 5511 quae
2493 5431 2563 5485 ad
2587 5431 2746 5511 Damt

152 5506 614 5584 Nestoremqui
637 5505 864 5584 hvmum
900 5497 1181 5573 singulari
1205 5507 1836 5584 certamineinterfecit,
1925 5497 2052 5583 ipso
2085 5497 2462 5584 Metaphraste
2489 5497 2920 5582 verosimillime‘
2951 5509 3036 5584 est
3054 5501 3296 5584 conficta
3333 5521 3346 5567 ;
3378 5515 3569 5584 neque

157 5579 457 5656 effectum
489 5572 615 5656 esse
645 5572 854 5656 Christi
888 5572 1220 5656 martyrem,
1251 5577 1610 5656 duplicisque
1632 5582 1704 5638 ab
1731 5572 1841 5640 hoc
1922 5572 2076 5656 enim
2100 5580 2207 5656 _vel
2230 5572 2638 5656 'inhanonymo,
2679 5574 2775 5642 qui
2798 5572 3076 5656 scriptori
3111 5573 3246 5654 huic
3283 5572 3565 5656 praeluxit,

159 5648 466 5720 victoriae,
505 5645 586 5704 uti
644 5646 738 5704 hic
803 5641 1208 5716 Metaphrastes
1275 5641 1550 5720 loquitur,
1593 5667 1838 5713 coronas
1919 5651 2115 5714 Sancti
2145 5649 2322 5710 nostri
2354 5641 2709 5717 biographo,’
2727 5642 2814 5700 vel
2839 5641 2973 5699 alibi
3006 5645 3230 5715 uspiam
3258 5641 3566 5716 reperitur,
