4020 6132
245 304 387 371 1201

1319 305 1359 368 S
1425 306 1800 371 DEMETRII
1855 304 2253 370 MARTYRIS
2293 303 2514 370 ACTA.

3448 305 3602 378 1202

237 444 326 507 νὸς
381 447 484 498 τῶν
541 439 721 498 ἄλλων
776 440 888 498 ὅσοι
919 440 1052 520 πρὸς
1092 442 1266 514 θαῦμα
1310 439 1392 498 κσὶ
1435 439 1631 511 ἡδονὴν
1662 443 1864 525 ὀφθαλο

1960 440 2396 523 pnlcliritudine
2421 441 2579 503 enim
2612 448 2671 503 et
2691 441 3102 521 magnitudine
3132 441 3282 507 nulli
3311 442 3409 506 alii
3437 445 3596 508 cedit

235 533 366 604 μοὺς
417 539 620 588 κινοῦσι
691 529 918 595 κάλλους
989 531 1024 600 ἢ
1077 531 1358 610 μεγέθους,
1417 530 1868 610 ἀπολειπόμενος·

240 621 461 678 Μέλλων
504 617 559 676 δὲ
603 623 630 676 ὁ
675 617 992 700 φιλευσεὸὶ,ς
1025 620 1174 686 οὗτος
1203 622 1292 677 καὶ
1323 623 1451 698 πρὸς
1491 622 1552 676 τὸ
1579 620 1874 703 Ἰλλυρικὸν

236 711 474 785 ἀπιέναι,
505 711 594 768 καί
635 733 754 767 τινα
811 717 916 767 τῶν
975 715 1151 788 μερῶν
1200 715 1293 766 τοῦ
1321 711 1462 781 ἱεροῦ
1492 711 1743 778 σώματος
1773 712 1875 770 λα-

234 799 351 856 ϐεῖν
392 799 694 877 βουληθεὶς,
750 799 888 857 ὥστε
931 799 1154 856 κά-ιεῖσε
1210 800 1335 856 ναὸν
1376 804 1454 873 τῷ
1493 799 1674 858 ἐκλεεῖ
1728 801 1870 879 μάρ-

231 912 347 968 τυρι
395 889 718 969 ἀναστῆσαι,
780 881 874 947 οῦκ
930 889 1061 969 ’έσχε
1121 885 1528 948 συνευδοκοῦντα
1569 891 1661 947 τὸν
1691 891 1868 969 ἅγιον,

231 978 367 1036 ἀλλὰ
427 991 756 1058 νυκτεριναῖς
817 981 972 1036 αὐτὸν
1017 977 1346 1057 ἐπιφανείαις
1405 978 1574 1058 εἴργει
1618 988 1712 1038 τοῦ
1742 983 1868 1038 ἐπι-

231 1070 594 1149 χειρήματος.
633 1069 730 1124 Δια
760 1074 926 1124 ταῦτα
959 1068 1043 1124 καὶ
1075 1065 1315 1140 δεύτερον
1347 1067 1538 1143 πλοῦν,
1571 1071 1598 1126 ὃ
1628 1068 1868 1151 λέγεται,

1956 550 2025 596 ex
2051 531 2122 593 iis
2142 549 2272 613 quae
2296 539 2539 594 movent
2562 531 2765 594 oculos
2787 535 2857 594 ad
2873 534 3334 597 admirationem
3357 542 3417 597 et
3435 536 3597 599 volu-

1958 623 2504 705 ptatem.Abiturus
2536 632 2732 685 autem
2764 625 2862 686 hic
2893 625 2986 686 vir
3013 627 3144 707 pius
3175 627 3236 688 in
3257 625 3592 707 Illyricum,

1956 728 2086 772 cum
2110 715 2280 772 vellet
2304 715 2547 787 aliquam
2589 725 2810 787 partem
2841 717 2989 774 sacri
3020 719 3280 788 corporis
3309 719 3592 790 accipere,

1957 800 2154 862 utillic
2175 818 2413 882 quoque
2435 801 2720 864 excitaret
2741 802 3025 882 templum
3051 803 3310 882 glorioso
3323 806 3590 886 martyri.

1957 887 2206 952 Sanctus
2229 908 2348 951 non
2377 898 2470 951 est
2517 889 2571 951 ei
2603 908 2906 966 assensus,
2935 891 3040 953 sed
3074 893 3381 955 nocturnis
3403 912 3594 975 appa-

1954 978 2270 1040 ritionibus
2295 997 2429 1040 eum
2457 987 2616 1041 arcet
2639 997 2672 1040 a
2703 988 2916 1060 coepto.
2950 979 3276 1062 Propterea
3304 983 3591 1062 secunda,

1955 1079 2024 1130 ut
2054 1069 2290 1141 dicitur,
2320 1067 2692 1148 navigatione
2715 1087 2847 1130 cum
2881 1069 3255 1150 chlamydem
3292 1073 3587 1153 martyris,

233 1158 332 1224 τὴν
358 1155 610 1237 χλαμΰδα
653 1164 745 1212 τοῦ
788 1157 1048 1236 μάρτυρος
1083 1169 1301 1222 σεπτοῖς
1347 1156 1541 1233 α’ίμασι
1572 1173 1692 1224 τοῖς
1733 1160 1869 1216 ἐκεί-

1960 1156 2262 1238 [ιυιυίΙΙὶιιε
2289 1157 2623 1220 venerando
2653 1159 2943 1237 sanguine
2960 1158 3066 1220 fuit
3095 1168 3488 1236 cruentata,et
3519 1181 3592 1224 ex

148 1320 153 1328 _
233 1267 322 1303 νου
362 1246 810 1327 πεφοινιγμένην,
868 1247 954 1303 καί
1000 1247 1091 1302 τοῦ
1143 1245 1379 1321 ἐπωμίου
1411 1245 1609 1328 λαϐὼν,
1644 1249 1671 1304 ὃ
1700 1249 1870 1316 σύνη-

1960 1248 2084 1328 ejus
2105 1246 2579 1326 superhumerali
2600 1246 2826 1324 aliquid
2849 1247 3371 1330 accepisset,quod
3394 1250 3592 1313 solent

226 1340 311 1402 θες
348 1337 558 1416 ὁράριον
588 1337 891 1412 ὀνομάζειν,
921 1335 1006 1394 καὶ
1037 1331 1251 1409 κιϐωτῷ
1280 1336 1430 1411 τιμίᾳ
1457 1337 1518 1394 τὸ
1553 1337 1766 1405 ἀληθῶς
1797 1339 1871 1395 τί-

1960 1338 2242 1412 appellare
2264 1341 2602 1405 orarium,et
2622 1339 2679 1396 in
2702 1341 2950 1412 pretiosa
2982 1342 3293 1412 arca,quod
3316 1356 3446 1400 vere
3468 1352 3592 1402 erat

227 1448 350 1502 μιον
409 1425 786 1501 καταθέμενος,
839 1424 976 1481 οὕτω
1015 1430 1091 1498 τῷ
1134 1425 1353 1503 μάρτυρι
1402 1425 1500 1500 μὲν
1529 1427 1749 1506 ἀφοσιοῖ
1773 1429 1868 1484 τὸν

1960 1423 2763 1496 pretiosum,deposuisset.sic
2776 1425 3046 1497 martyris
3068 1425 3298 1496 quidem
3320 1427 3594 1486 satisfecit

225 1516 414 1589 πόθον,
447 1517 618 1587 ἑαυτῷ
650 1513 701 1570 δὲ
731 1515 830 1582 τὴν
863 1515 1121 1590 μεγίστην
1153 1527 1514 1590 περιποιεῖται
1546 1515 1864 1596 ἀσφάλειαν.

1960 1508 2118 1571 desid
2131 1509 2346 1583 erio,et
2367 1509 2482 1570 sibi
2507 1511 2818 1571 maximam
2843 1510 3161 1587 acquisivit
3178 1513 3583 1578 securitatem.

306 1603 418 1663 κδ’.
450 1603 669 1678 Ἀμέλει
722 1605 808 1660 καὶ
839 1604 939 1672 τὴν
971 1603 1064 1660 ἐπΐ
1093 1605 1156 1661 τὸ
1212 1604 1431 1681 Σίρμιον
1488 1603 1599 1682 ὥρᾳ
1651 1612 1870 1685 χειμῶ-

2031 1601 2132 1667 24.
2158 1605 2336 1667 Gerte
2361 1623 2496 1665 cum
2524 1603 2738 1666 hiemis
2771 1611 3036 1684 tempore
3061 1623 3411 1668 reversurus
3431 1606 3492 1668 in
3515 1606 3592 1668 Il-

227 1715 314 1759 νος
367 1691 650 1750 διαϐαίνειν
707 1692 943 1769 μέλλων,
999 1691 1103 1760 ἤδη
1159 1692 1300 1769 παρὰ
1343 1704 1467 1757 ταῖς
1529 1692 1724 1774 ὄχθαις
1779 1704 1872 1754 τοῦ

1960 1693 2197 1774 lyricum
2234 1692 2380 1774 (21),
2412 1692 2489 1754 ob
2519 1693 2677 1754 seria
2720 1693 2988 1772 quadam
3033 1694 3273 1774 negotia
3299 1696 3583 1760 Sirmium

227 1781 440 1861 Ἴστρου
483 1767 795 1861 γενόμενος,
853 1780 948 1838 ἐπὶ
1006 1779 1172 1848 πολὺς
1229 1767 1294 1848 ἦν
1351 1767 1603 1862 ἐκεῖνος,
1636 1783 1724 1840 καὶ
1785 1782 1870 1840 ἐπὶ

1960 1767 2388 1864 properaret,et
2410 1783 2535 1863 jam
2570 1767 2934 1862 pervenisset
2962 1783 3036 1844 ad
3063 1767 3220 1864 ripas
3252 1784 3406 1859 Istri,
3443 1804 3590 1865 quo-

227 1872 369 1950 μέγα
428 1874 490 1929 τὸ
548 1871 754 1951 ῥεῖθρον
810 1868 1026 1950 ἐξαίρων
1096 1872 1331 1928 ἐντεῦθεν
1416 1891 1474 1926 τε
1529 1868 1705 1928 οῦδενί
1761 1874 1868 1930 τῶν

1960 1871 2110 1934 niam
2129 1871 2179 1933 is
2197 1878 2629 1945 excreverat,et
2645 1889 2918 1951 magnum
2933 1871 3586 1954 attollebat,iluentum,

226 1962 444 2019 πάντων
487 1958 736 2024 διαϐατὸς
779 1961 1056 2038 γινόμενος
1088 1973 1102 1989 ⁶
1137 1959 1228 2014 καὶ
1256 1961 1283 2014 ὁ
1319 1959 1418 2034 μὲν
1461 1957 1658 2040 χρόνος
1703 1960 1868 2025 πολὺς

1960 1969 2012 2022 et
2045 1970 2356 2041 propterea
2385 1979 2418 2022 a
2448 1960 2610 2023 nullo
2633 1959 3127 2041 poteratomnino
3162 1963 3590 2039 transmitti,et

227 2050 424 2125 μεταξὺ
471 2051 559 2125 ἦν,
606 2049 770 2126 ἔληγε
830 2047 884 2104 δὲ
927 2047 1170 2124 οὒδκμῶς
1234 2049 1293 2105 τὸ
1336 2047 1565 2128 ῥεῖθρον,
1603 2047 1740 2108 ἆλλά
1783 2053 1870 2108 καὶ

1960 2047 2202 2110 multum
2235 2049 2476 2128 quidem
2509 2049 2795 2131 temporis
2827 2050 3268 2124 intercesserat,
3303 2051 3590 2114 ﬂuentem

227 2138 303 2198 ἔτι
358 2153 479 2204 τοῖς
562 2137 904 2216 βοολομέιοις
964 2137 1266 2216 ἀπηγόρευε
1322 2137 1420 2207 τὴν
1491 2135 1752 2214 διάϐασιν,
1816 2139 1871 2195 ἐν

1960 2145 2147 2198 autem
2182 2137 2428 2201 minime
2459 2139 2749 2212 cessabat,
2805 2138 2912 2200 sed
2949 2138 3021 2200 iis
3052 2139 3156 2220 qui
3188 2142 3592 2204 transmittere

227 2229 472 2306 ἀθυμίαις
517 2231 545 2285 ὁ
589 2229 723 2307 ἀνὴρ
763 2227 828 2296 ἧν
856 2226 1144 2305 λογισμοῖς
1175 2249 1232 2283 τε
1290 2223 1544 2284 ἐϐάλλετο
1599 2230 1687 2285 καὶ
1724 2229 1866 2286 ἀπο-

231 2319 314 2396 ρίᾳ
369 2317 1012 2398 συνείχετο.Ἐπιφανεὶς
1058 2315 1146 2372 οὗν
1205 2318 1231 2373 ὃ
1287 2319 1435 2380 θεῖος
1490 2319 1631 2392 αὖτῷ
1668 2319 1870 2394 Δημή-

227 2429 395 2484 τριος,
432 2412 612 2463 Πᾶσαν
671 2406 916 2478 ἀθυμίαν,
975 2405 1100 2486 ἔφη,
1148 2405 1235 2462 καὶ
1291 2401 1548 2462 ἀπιστίαν
1579 2404 1659 2463 ὅτι
1690 2407 1870 2487 πόρῤω

1953 2226 2611 2308 volebant,prohibebat
2631 2227 2940 2289 transitum
2965 2227 3118 2308 (22);
3139 2228 3190 2290 is
3209 2229 3589 2293 afﬁciebatur

1954 2335 2165 2396 magna
2184 2316 2368 2378 animi
2399 2317 2769 2398 aegritudine,
2793 2325 2851 2379 et
2879 2326 3005 2378 erat
3039 2318 3206 2379 valde
3230 2318 3590 2398 cogitabun-

1953 2405 2151 2482 dus,et
2184 2406 2524 2469 versabatur
2545 2407 2604 2468 in
2637 2406 2913 2487 perplexa
2947 2407 3420 2471 dubitatione.Ei
3450 2427 3587 2472 vero

227 2495 449 2571 θέμενος
480 2497 585 2553 ἀπὸ
630 2500 727 2562 τῆς
762 2499 972 2575 ψυχῆς,
1020 2496 1047 2551 ὁ
1076 2493 1300 2574 ἐπιφέρῃ
1331 2494 1468 2570 μετά
1498 2508 1692 2576 χεῖρας
1725 2494 1870 2577 ἔχων

230 2583 446 2656 διάϐηθι
478 2587 568 2644 τὸν
599 2607 841 2665 ποταμόν
871 2583 1228 2651 ἀδιστάκτως.

1953 2513 2246 2576 apparens
2268 2495 2504 2558 divinus
2523 2494 2861 2558 Demetrius
2893 2513 2906 2556 :
2944 2497 3140 2571 Omni,
3175 2496 3591 2578 inquit,animi

1953 2585 2303 2664 aegritudine
2326 2593 2385 2647 et
2403 2584 2818 2649 incredulitate
2835 2585 3040 2666 procul
3065 2586 3256 2666 ejecta
3272 2584 3344 2647 ab
3363 2587 3588 2663 animo,

1955 2673 2111 2755 quod
2145 2683 2340 2737 tecum
2372 2674 2751 2755 fers,gestans
2783 2674 3083 2752 manibus,
3120 2674 3307 2738 transi
3339 2676 3588 2739 ﬂuvium

1954 2763 2102 2825 citra
2135 2762 2584 2827 dubitationem.

306 2855 390 2912 κε’
404 2903 420 2918 ,
469 2855 708 2912 Πείθεται
759 2855 836 2928 τῷ
893 2852 1107 2934 φανέντι
1174 2856 1202 2912 ὁ
1260 2853 1527 2934 ἔπαρχος,
1571 2855 1664 2911 καὶ
1711 2853 1870 2912 ἕωθεν

2032 2852 2132 2915 25.
2165 2851 2338 2915 Paret
2365 2853 2677 2934 praefectus
2709 2853 2764 2914 ei
2796 2853 2898 2931 qui
2929 2861 3288 2934 apparuerat
3317 2876 3331 2918 :
3367 2863 3422 2918 et
3455 2873 3593 2918 cum

232 2953 320 3003 τοῦ
372 2947 664 3025 ὀχήματος
720 2941 908 3005 ἐπιϐὰς
963 2941 1160 3022 ἐχώρει
1205 2941 1290 3001 διὰ
1331 2950 1424 3002 τοῦ
1474 2944 1672 3023 ῥείθρου
1736 2944 1872 3020 μετά

1960 2961 2127 3004 mane
2157 2942 2523 3005 ascendisset
2559 2943 2924 3018 vehiculum,
2963 2961 3070 3024 per
3097 2945 3324 3007 ﬂumen
3353 2964 3591 3026 capsam

232 3047 426 3115 χεῖρας
481 3035 577 3102 τὴν
642 3034 799 3110 σορὸν
855 3030 1026 3112 ἔχων,
1086 3030 1195 3089 ἅνω
1273 3029 1327 3088 δέ
1386 3033 1510 3091 τοὺς
1567 3031 1870 3114 ὀφθαλμοὺς

1960 3039 2194 3114 portans
2226 3031 2522 3108 manibus,
2558 3041 2781 3094 etcum
2830 3031 3032 3094 animo
3085 3042 3300 3096 tenens
3359 3043 3592 3098 erectos

232 3123 364 3189 μετά
422 3127 523 3190 τῆς
567 3123 778 3202 ψυχῆς,
823 3121 1008 3200 ἡσυχῆ
1048 3127 1143 3178 τοῦ
1174 3120 1430 3198 ῥεύματος
1459 3123 1869 3202 ὑποχωροῦντος

1960 3140 2184 3203 quoque
2211 3121 2443 3198 oculos,
2476 3121 2882 3203 gradiebatur,
2915 3122 3136 3184 ﬂuento
3187 3125 3363 3187 tacite
3414 3143 3591 3188 rece-

229 3211 398 3288 αὒτῷ,
432 3209 524 3268 καί
569 3208 810 3276 εἴκοντος
839 3210 1094 3286 νεύμασιν
1141 3210 1402 3284 ἀθεάτοις,
1435 3211 1583 3277 ἀξίαν
1613 3211 1711 3286 μὲν
1739 3211 1869 3268 θαύ-

1960 3211 2155 3288 dente,
2191 3219 2250 3274 et
2279 3211 2534 3275 cedente
2596 3211 2860 3292 nutibus,
2894 3212 2995 3292 qui
3055 3231 3176 3275 non
3233 3215 3450 3276 cadunt
3479 3214 3591 3278 sub

230 3323 419 3377 ματος,
454 3299 514 3357 οὗ
542 3299 650 3374 μὴν
676 3298 887 3364 ἀναξίαν
917 3297 1012 3356 καῖ
1044 3303 1142 3368 τῆς
1171 3301 1302 3378 πρὸς
1350 3301 1442 3356 τὸν
1472 3300 1732 3379 ῖμάρτυρα
1774 3299 1869 3357 πί-

1960 3308 2254 3380 aspectum
2283 3322 2302 3380 ;
2332 3301 2576 3380 dignum
2605 3301 2843 3382 quidem
2876 3300 3300 3378 admiratione,
3335 3304 3452 3366 ﬁde
3480 3324 3592 3367 au-

232 3412 428 3465 στεως,
454 3389 550 3456 τὴν
575 3386 814 3444 διάϐασιν
842 3388 1100 3449 ὕποστάς.
1133 3389 1313 3453 Οὕτως
1345 3388 1431 3446 οὖν
1462 3385 1702 3455 ἀϐλαϐὴς
1731 3387 1867 3445 διελ-

1960 3399 2097 3464 tem,
2126 3407 2301 3472 quam
2350 3389 2608 3452 habebat
2655 3389 2717 3452 in
2751 3399 3093 3471 martyrem,
3131 3411 3249 3453 non
3281 3392 3594 3472 indignum

229 3482 357 3559 θὼν,
389 3480 480 3536 καὶ
510 3480 640 3555 πρὸς
671 3485 747 3553 τῷ
788 3479 991 3556 Σιρμίῳ
1046 3477 1332 3557 γενόμενος
1364 3479 1460 3546 τὴν
1487 3478 1629 3555 ἱερὰν
1661 3477 1867 3544 ἐκείνην

1960 3479 2196 3540 subiens
2227 3478 2537 3541 transitum
2568 3478 2720 3560 (‘23).
2751 3477 2896 3542 Cum
2931 3480 3016 3542 sic
3047 3497 3185 3560 ergo
3220 3481 3442 3544 illaisus
3479 3490 3596 3544 tra-

232 3572 384 3648 σορὸν
431 3568 567 3644 μετὰ
621 3574 714 3625 τοῦ
769 3567 823 3623 ἐν
882 3567 1015 3644 αὐτῇ
1071 3571 1336 3637 θησαυροῦ
1379 3572 1456 3640 τῷ
1525 3565 1648 3646 παρ’
1710 3570 1871 3626 αὐτοῦ

1960 3569 2216 3650 iecisset,
2246 3576 2305 3631 et
2335 3565 2620 3630 Sirmium
2684 3570 3072 3649 pervenisset,
3133 3586 3364 3631 sacram
3425 3570 3592 3632 illam

233 3657 602 3739 νεουργηθέντι
647 3661 757 3730 ναῷ
785 3663 861 3730 τῷ
905 3657 1125 3736 μάρτυρι
1175 3653 1408 3716 δίδωσιν.
1469 3655 1560 3714 Ἐν
1617 3655 1870 3734 γειτόνων

232 3747 286 3804 δὲ
345 3745 501 3812 οὗτος
559 3751 634 3818 τῷ
687 3750 787 3812 τῆς
838 3743 1142 3802 καλλινίκου
1198 3743 1488 3824 μάρτυρος,
1522 3741 1871 3808 Ἀναστασίας

234 3835 441 3910 ἵδρυται
498 3842 650 3910 σηκῷ
683 3851 698 3866 ⁹
753 3835 846 3892 ’ίνα
905 3837 992 3892 καὶ
1050 3834 1306 3914 μάρτυρες
1365 3835 1621 3912 μάρτυσιν
1671 3831 1780 3890 ἄνω
1814 3855 1871 3890 τε

234 3929 317 3984 καὶ
346 3927 498 3984 κάτω
542 3939 664 3990 ταῖς
695 3938 924 3992 σκηναῖς
969 3922 1344 3995 πλησιάζουσι,
1392 3921 1607 3980 Πολλῶν
1637 3922 1736 3998 μὲν
1767 3925 1872 3979 τῶν

234 4018 514 4092 θαυμάτων
572 4013 778 4082 δηλαδῆ
836 4013 929 4070 καί
989 4015 1207 4088 ἱάσεων,
1251 4015 1339 4069 καὶ
1407 4010 1534 4090 παρ’
1592 4013 1756 4082 αῦτήν
1811 4033 1873 4091 γε

235 4107 332 4173 τὴν
362 4105 484 4162 ὁδὸν
514 4103 761 4162 πλεῖστοι
816 4108 914 4170 τῆς
967 4102 1282 4181 ἀγιαστικῆς
1332 4101 1538 4170 ἐκείνης
1576 4100 1871 4181 φερομένης

235 4193 510 4276 χλαμύδος
583 4191 885 4250 ἀπέλαυσαν
962 4193 1142 4273 χάριτι
1195 4193 1281 4248 καὶ
1363 4190 1583 4267 δυνάμει
1644 4199 1874 4270 Χριστοῦ

1954 3675 2194 3738 capsam
2227 3674 2361 3718 cum
2395 3657 2692 3732 thesauro,
2729 3674 2906 3734 quam
2943 3656 3243 3730 servabat,
3293 3658 3351 3720 in
3383 3676 3597 3722 recens

1959 3753 2264 3809 exstructo
2296 3744 2427 3808 istic
2466 3745 2685 3826 templo
2717 3744 2981 3826 deponit.
3013 3745 3152 3808 Erat
3179 3755 3374 3810 autem
3413 3767 3597 3830 prope

1956 3833 2239 3915 templum
2265 3833 2538 3913 gloriosae
2561 3835 2829 3914 martyris
2849 3834 3182 3897 Anastasite
3203 3835 3420 3915 (24),ut
3445 3855 3595 3898 mar-

1954 3937 2106 4001 tyres
2138 3927 2482 4000 martyribus
2506 3928 2932 4000 quodammodo
2959 3942 3214 3992 sursum,
3246 3929 3329 3985 sic
3348 3938 3404 3988 et
3428 3929 3598 3988 deor-

1955 4032 2087 4074 sum
2118 4013 2306 4075 vicina
2353 4010 2642 4074 haberent
2703 4011 3102 4078 tabernacula.
3159 4013 3346 4077 Multa
3395 4024 3597 4077 autem

1957 4102 2245 4165 miracula
2279 4111 2335 4165 et
2369 4101 2712 4164 curationes
2745 4102 2920 4163 etiam
2945 4101 3006 4164 in
3033 4103 3160 4184 ipsa
3188 4103 3450 4184 via,dum
3485 4104 3600 4167 fer-

1955 4205 2113 4253 retur
2139 4194 2234 4252 illa
2268 4192 2525 4267 chlamys
2551 4193 2940 4260 sanctiﬁcans,
2972 4194 3205 4264 plurimi
3228 4204 3360 4253 sunt
3392 4210 3597 4253 conse-

235 4286 328 4341 τοῦ
381 4283 634 4351 ἀληθινοῦ
708 4288 840 4339 θεοῦ
892 4283 1072 4361 ἡμῶν,
1157 4284 1203 4356 ᾧ
1272 4280 1460 4349 πρέπει
1522 4286 1663 4338 πᾶσα
1721 4278 1868 4353 δόξα,

1960 4278 2077 4341 cuti
2113 4277 2456 4374 (2b),gratia
2488 4287 2544 4374 e_t
2577 4277 2790 4374 virtute
2839 4279 3060 4342 Christi
3086 4281 3208 4342 veri
3240 4279 3344 4342 Dei
3379 4280 3593 4374 nostri,

234 4374 366 4448 τιμὴ
396 4374 483 4430 καὶ
517 4371 904 4449 προσκόνησις,
965 4379 1054 4427 νῦν
1109 4374 1206 4428 καὶ
1239 4371 1310 4434 είς
1343 4370 1464 4433 τοὺς
1494 4369 1872 4441 ἀτελευτήτους

1960 4386 2134 4450 quem
2166 4367 2339 4431 decet
2367 4367 2564 4430 omnis
2617 4367 2802 4446 gloria
2833 4386 2991 4430 nunc
3021 4375 3080 4430 et
3137 4386 3379 4451 semper
3429 4376 3488 4431 et
3536 4368 3601 4431 in

237 4463 432 4527 αἰῶνας
462 4462 567 4519 τῶν
613 4462 836 4520 αἰώνων.
881 4459 1082 4537 Ἀμήν.

307 4631 420 4703 (21)
457 4629 806 4703 Occidentali
832 4629 1104 4703 nimirum
1140 4650 1153 4684 :
1188 4627 1280 4703 adi
1321 4627 1624 4703 Adnotata_
1641 4627 1870 4685 Passio-

237 4699 327 4758 nis
358 4699 734 4770 praecedentis
756 4700 920 4770 capi!
939 4699 1010 4758 ad
1035 4699 1271 4757 num.20
1295 4700 1652 4757 subnexa.Et
1673 4713 1872 4770 porro,

237 4770 388 4844 quod
418 4773 940 4844 beneuotandum.
993 4785 1114 4844 non
1148 4786 1410 4844 reversus,
1461 4781 1527 4844 ut
1576 4770 1871 4844 Lipomani

241 4839 634 4914 interpretatio
664 4844 854 4914 habet,
914 4839 1012 4898 sed
1062 4843 1249 4900 iturus
1291 4842 1469 4899 fuisse
1502 4839 1775 4900 Leontius
1812 4844 1871 4897 in

238 4913 433 4972 Graeco
467 4913 850 4986 Metaphrastis
878 4922 1033 4986 textu
1075 4914 1377 4986 asseritur.

305 4986 423 5056 (22)
453 4985 518 5044 υς
553 4983 826 5044 Leontius
874 4983 1278 5042 Thessalonica
1320 4983 1592 5056 Sirmium
1641 4989 1872 5056 peteret,

237 5055 382 5129 Ister
403 5054 459 5114 'ei
486 5073 586 5114 seu
619 5056 1326 5129 Danubius_trajlciendus
1366 5054 1518 5129 haud
1549 5054 1674 5129 iuit,
1703 5054 1874 5129 idque

240 5128 621 5186 nihilominus
643 5131 693 5186 ei
731 5127 1054 5186 faciendum
1079 5129 1274 5192 fuisse,
1309 5143 1338 5184 a
1376 5127 1875 5198 Metaphraste'hic

239 5198 545 5267 indicatur,
575 5210 628 5257 et
665 5206 819 5257 recte
850 5213 984 5256 sane
1012 5218 1024 5254 :
1059 5197 1328 5256 Leontius
1359 5197 1534 5267 enim,
1567 5206 1874 5268 antequam

239 5268 509 5328 Sirmium
541 5272 742 5342 adiret,
775 5285 901 5328 sese
930 5270 1183 5342 primum
1223 5272 1280 5326 in
1340 5270 1611 5342 Daciam,
1649 5283 1776 5341 quze
1805 5270 1876 5325 ad

240 5343 532 5399 sinistram
577 5341 813 5400 Danubii
847 5339 1023 5413 ripam
1069 5343 1172 5399 sita
1206 5349 1349 5410 erat,
1397 5339 1711 5398 contulisse
1741 5353 1878 5413 nar-

241 5424 402 5469 ratur
429 5429 449 5483 ;
507 5415 642 5472 inde
695 5412 1203 5471 autem’Sirmium
1255 5413 1502 5484 petituro
1551 5412 1877 5469 necessario

245 5494 367 5556 erat
386 5485 768 5556 injiciendus
799 5483 1114 5542 Danubius.

316 5553 431 5623 (23)
460 5552 646 5614 l'sthoc
674 5555 863 5614 Sancti
897 5555 1261 5619 miraculum,
1285 5552 1664 5626 apparitione,
1691 5553 1873 5612 Leon-

262 5625 317 5685 io
344 5626 567 5695 oblata.
595 5642 716 5705 quae
751 5627 809 5685 id
834 5627 1071 5701 ptaaivit,
1102 5641 1132 5686 a
1156 5626 1280 5686 solo
1311 5625 1711 5698 Metaphraste,
1738 5638 1881 5685 ano-

1953 4456 2169 4519 saecula
2198 4456 2582 4519 saeculorum.
2615 4460 2836 4522 Amen.

1955 4640 2247 4707 nymoque
2276 4626 2375 4698 qui
2435 4626 2486 4682 ei
2522 4625 2814 4707 prmluxit,
2857 4625 3048 4707 sancti
3093 4625 3416 4707 biographo
3462 4642 3603 4688 nar-

1954 4696 2196 4769 rantur;
2234 4696 2414 4769 quare
2445 4696 2580 4769 quid
2610 4708 2729 4754 tum
2762 4697 2831 4769 de
2863 4699 2991 4762 hac,
3024 4707 3148 4755 tum
3201 4696 3270 4754 de
3301 4696 3422 4756 'illo
3465 4715 3600 4758 sen-

1956 4768 2211 4896 gendum
2245 4767 2345 4896 fit,
2401 4767 2615 4826 statues
2672 4783 2743 4825 ex
2781 4767 2855 4825 iis
2911 4784 3034 4841 quae
3091 4784 3226 4828 mox
3258 4770 3315 4829 in
3367 4781 3488 4830 not.
3532 4773 3600 4828 19

1998 4857 2043 4895 tc
2072 4855 2102 4896 a
2132 4855 2240 4896 sun
2277 4881 2289 4895 .

1998 4841 2102 4897 icta
2132 4848 2289 4898 sunt.

2029 4911 2140 4981 (2t)
2171 4911 2451 4981 Tempore
2480 4909 2602 4975 illo,
2647 4924 2762 4984 quo
2797 4911 3095 4984 Leontius,
3139 4910 3358 4984 Illyrici
3392 4913 3601 4983 printe-

1956 4991 2082 5055 ctus
2120 4996 2291 5054 supra
2325 4991 2696 5055 memoratus,
2727 4981 2942 5055 ﬂoruit,
2983 4996 3086 5039 seu
3126 4981 3354 5055 saeculo
3394 4981 3600 5055 quinto

1954 5051 2360 5111 ineunte'vere
2411 5052 2606 5110 Sirmii
2672 5051 2964 5111 exstitisse
3020 5051 3352 5120 ecclesiam,
3388 5051 3599 5113 sanctae

1956 5125 2266 5198 Anastasis
2320 5138 2562 5198 sacram,
2616 5134 2909 5198 utcunque
2953 5124 3338 5198 conﬁrmatur
3399 5139 3472 5198 ex
3527 5127 3602 5185 iis

1957 5194 2527 5322 ggfufiommentarii
2592 5194 3001 5267 pravii'num.
3062 5196 3165 5254 133
3224 5197 3285 5254 in
3347 5197 3602 5256 medium

1958 5282 2194 5325 acaum.

2028 5337 2142 5408 (25)
2173 5335 2340 5394 Fides
2365 5343 2647 5409 quantum
2678 5337 2749 5394 ad
2795 5337 3070 5398 miracula
3105 5337 3208 5396 ista
3240 5339 3603 5396 curationes-

1958 5423 2069 5479 que
2097 5419 2208 5465 stet
2235 5422 2424 5495 penes.
2462 5420 2774 5495 auctorem,
2827 5413 2924 5482 qui
2950 5410 3192 5495 interim
3230 5419 3431 5478 praeter
3461 5424 3605 5495 ano-

1960 5494 2209 5554 nymumi
2235 5480 2437 5554 Sancti
2471 5483 2652 5537 nostri
2701 5480 3108 5554 biograpbum,
3142 5495 3174 5538 ε
3203 5496 3318 5554 quo
3365 5495 3468 5538 sua
3499 5480 3600 5554 de-

1961 5550 2264 5630 prompsit,
2319 5550 2544 5630 nullum
2581 5550 2828 5623 prorsus
2873 5550 3430 5630 scriptorem'allum
3490 5552 3602 5620 sibi

1961 5621 2373 5698 suﬂragantem
2408 5621 2599 5681 habet}
