4056 6152
282 266 310 334 1
323 267 440 335 205

1362 273 1422 335 S.
1470 271 1846 370 DEMETRII
1888 268 2287 336 MARTYRIS
2340 273 2560 336 ACTA.

3492 273 3645 344 1206

279 403 445 472 πέρας
501 403 568 461 τὰ
639 403 714 478 τῷ
767 406 916 479 θυμῷ
995 402 1365 481 μελετώμενα.
1427 405 1727 487 Ἀποτυχία
1783 403 1908 486 γὰρ,

1999 419 2127 480 quae
2157 406 2352 466 animo
2378 404 2696 468 meditatus
2726 411 2872 483 erat,
2905 403 2978 467 ad
3011 404 3194 469 ﬁnem
3213 403 3371 469 haud
3405 407 3630 488 perdu-

281 494 464 572 φησὶν,
501 492 707 564 ἀμύνης
737 491 910 562 λύπην
943 499 1124 572 γεννᾷ,

398 669 416 697 ¹
492 659 583 725 Ὠ·
629 668 675 725 δ’
781 671 874 727 id:
1035 671 1046 686 '
1293 675 1352 716 ἰ-
1493 675 1504 698 ’
1776 674 1789 698 ’
1858 697 1866 718 ι

360 695 394 748 γ
428 716 444 732 .
559 709 582 729 η
661 692 684 726 ε
715 692 782 725 κα
879 694 1170 751 μφοτερους
1229 697 1350 740 του..
1410 676 1642 756 βροχους
1703 696 1916 752 τουτοδς

278 758 491 835 διέκοψε
544 765 611 834 τῇ
671 763 933 838 πραΰτητι
991 763 1076 818 καὶ
1147 767 1216 839 τῇ
1261 763 1624 844 φιλανθρωπίᾳ
1681 763 1765 821 διὰ
1825 771 1916 821 τοῦ

275 849 557 929 γινώσκειν
603 849 695 917 τὴν
738 851 1036 917 ταυτότητα
1083 859 1175 910 τοῦ
1232 854 1348 910 καθ’
1408 855 1615 928 ἑαυτὸν,
1676 856 1765 910 καὶ
1823 860 1915 910 τοῦ

273 945 382 996 τῶν
437 939 688 1004 ὑπηκόων
747 940 1074 1020 φυράματος,
1135 949 1211 1018 τῷ
1288 949 1386 1010 τῆς
1445 942 1666 1011 ἀκηδίας
1727 942 1912 1000 λοιπὸν

273 1027 412 1102 ἕκτῳ
467 1033 564 1094 τῆς
630 1028 818 1090 κακίας
868 1028 1208 1106 βλαστήματι
1261 1037 1555 1090 καθεστῶτι
1625 1040 1811 1091 τοῦτον
1886 1035 1913 1090 ὁ

276 1115 522 1195 ἀλάστωρ
567 1116 880 1195 συνέτριϐειν
943 1126 1208 1200 Σατανᾶς,
1254 1123 1343 1177 καὶ
1396 1121 1657 1178 ὑπέϐαλεν
1687 1125 1759 1186 ὡς
1821 1127 1913 1181 οὖ-

275 1205 380 1273 δεὶς
436 1207 582 1264 ἔσται
640 1207 744 1262 τῶν
802 1207 984 1264 κόπων
1039 1211 1237 1266 τούτων
1313 1213 1516 1291 μισθὸς,
1581 1212 1915 1290 ὑποσπείρων

274 1302 377 1363 τὴν
420 1297 664 1353 ἀπιστίαν
720 1302 826 1352 τῶν
898 1305 989 1355 τοῦ
1064 1300 1309 1378 Σωτῆρος
1365 1302 1518 1377 ἡμῶν
1580 1301 1913 1381 ἐπαγγελιῶν

276 1389 366 1443 καὶ
396 1385 532 1462 λήθη
565 1391 658 1454 τῆς
687 1391 792 1441 τῶν
825 1386 1098 1461 ἑπομένων
1143 1389 1413 1468 ἀμηρύτου
1457 1388 1612 1457 δόξης
1659 1394 1910 1470 ἒπιχων-

275 1478 365 1540 νὺς
398 1475 574 1552 ὥσπερ
606 1474 701 1530 καί
755 1474 968 1531 θάπτων
1021 1477 1110 1532 τὸν
1163 1486 1283 1534 νοῦν
1318 1494 1333 1508 '
1389 1480 1499 1552 ἅμα
1529 1477 1581 1534 δὲ
1611 1481 1697 1536 καὶ
1730 1481 1910 1536 ὃπετί-

275 1570 397 1624 θετο
445 1578 561 1630 τσϊς
618 1567 901 1642 λογισμοῖς
969 1571 1062 1621 τοῦ
1145 1566 1356 1645 ἀρίστου
1439 1569 1638 1624 ἐκείνου
1699 1567 1907 1646 ἀνδρὸς,

274 1658 350 1719 ὡς
397 1657 554 1712 ὁτῶν
612 1655 810 1722 ἀρετῶν
870 1654 1110 1728 κάματος
1159 1656 1343 1736 πολὺς,
1378 1655 1475 1714 καί
1518 1655 1668 1732 ἱδρὼς
1726 1662 1910 1737 ψυχῆς

2001 501 2299 557 cerentur.
2349 493 2488 576 Spei
2521 496 2684 556 enim
2733 495 3061 574 frustratio,
3097 495 3354 574 dicebat,
3388 497 3632 560 ultionis

2001 581 2266 644 dolorem
2299 591 2566 662 generat.

2079 671 2216 734 3.Ut
2248 681 2442 734 autem
2478 673 2655 735 etiam
2690 673 2837 736 duos
2858 675 3044 737 hosce
3074 674 3318 755 laqueos
3343 693 3631 739 mansue-

1999 761 2231 837 tudine,
2267 770 2512 842 ortaque
2534 783 2600 824 ex
2628 763 2888 844 eo,quod
2922 772 2980 825 et
3008 765 3098 825 sui
3130 763 3319 844 ipsius
3342 774 3399 826 et
3423 786 3630 828 eorum

1997 848 2096 929 qui
2127 850 2184 912 ei
2213 849 2683 922 suberant,idem
2718 871 2849 914 esse
2873 852 3221 931 ﬁgmentum
3256 863 3478 935 nosset,
3514 857 3631 918 hu-

1999 938 2284 1000 manitate
2317 939 2663 1016 disciderat,
2698 942 2937 1005 tandem
2987 941 3154 1003 illum
3205 943 3432 1020 acedia,
3467 954 3632 1006 sexto

2000 1028 2236 1089 malitia:
2287 1031 2560 1107 germine
2595 1081 2610 1106 ,
2666 1031 2956 1093 scelestus
3006 1031 3231 1104 afflixit,
3288 1033 3631 1116 nullamque

1997 1116 2272 1178 laborum
2309 1119 2546 1179 illorum
2602 1119 2859 1182 futuram
2916 1120 3254 1181 mercedem
3316 1127 3632 1204 suggessit,

1998 1207 2456 1285 promissionum
2491 1207 2822 1270 Servatoris
2874 1210 3058 1271 nostri
3103 1209 3493 1272 difﬁdentiam
3529 1231 3633 1275 oc-

1996 1295 2154 1356 culte
2185 1297 2510 1371 seminans,
2550 1306 2930 1379 mentemque
2962 1307 3266 1380 perpetum
3299 1299 3629 1361 futurorum

1997 1384 2200 1461 gloriae
2230 1385 2527 1448 oblivione
2549 1388 2812 1448 obruens
2835 1407 2900 1450 ac
2924 1390 3083 1450 velut
3106 1388 3629 1468 sepeliens.Simul

1995 1483 2189 1534 autem
2223 1483 2281 1535 et
2330 1476 2436 1536 viri
2492 1475 2652 1536 illius
2707 1479 2912 1556 optimi
2947 1477 3404 1556 cogitationibus
3433 1479 3628 1559 subji-

1995 1560 2211 1642 ciebat,
2244 1566 2490 1626 multum
2525 1565 2752 1646 requiri
2811 1567 2881 1628 ad
2915 1567 3161 1628 virtutes
3208 1567 3425 1629 animae
3454 1567 3624 1630 labo-

1995 1667 2120 1710 rem
2151 1652 2549 1733 sudoremque
2583 1654 2738 1715 haud
2771 1654 3094 1725 modicum,
3127 1662 3308 1734 atque
3335 1657 3494 1718 hunc
3522 1676 3627 1718 so-

274 1749 372 1804 οὖκ
401 1742 605 1822 ὀλίγος,
637 1743 725 1799 καὶ
755 1749 939 1800 τοῦτον
995 1743 1158 1817 μόνον
1213 1748 1398 1819 μισθὸν
1440 1749 1529 1803 καὶ
1576 1747 1908 1822 ἀνάπαυλαν,

1999 1738 2114 1800 lum
2149 1741 2576 1822 hominumque
2606 1760 2679 1804 ex
2712 1742 2866 1804 fama
2913 1743 3177 1825 quietem
3224 1763 3356 1806 esse
3389 1763 3627 1807 merce-

272 1836 373 1902 τὴν
431 1833 484 1898 ἐξ
540 1832 827 1910 ἀνθρώπων
887 1833 1147 1912 εὐφημίαν
1189 1855 1200 1867 ·
1246 1834 1478 1891 ἐντεῦθεν
1537 1835 1708 1892 ἓλκων
1755 1837 1912 1893 αὑτὸν

275 1925 351 1988 εἷς
401 1924 464 1978 τὸ
522 1921 792 1992 σαλπίζειν
834 1922 928 1983 τὰς
973 1922 1161 1998 ἀρετὰς
1217 1924 1398 1997 αὑτοῦ,
1457 1927 1542 1981 καὶ
1587 1931 1729 2003 φανῇ
1771 1929 1820 1980 τί
1849 1926 1911 1981 ἃν

272 2019 343 2089 τῇ
397 2013 538 2090 παρά
596 2023 711 2075 τοῖς
755 2010 1010 2077 ὑπηκόοις
1069 2010 1290 2086 εὖδοξίᾳ,
1337 2015 1423 2069 καὶ
1458 2017 1533 2087 τῷ
1563 2011 1772 2089 ἑϐδόμῳ
1803 2021 1911 2070 τῶν

273 2105 454 2158 παθῶν
507 2099 737 2174 δαίμονι,
801 2098 944 2178 λέγω
976 2099 1040 2168 δὴ
1071 2106 1146 2174 τῷ
1189 2111 1284 2167 τῆς
1330 2101 1652 2174 κενοδοξίας,
1697 2103 1904 2160 εὐάλω-

273 2213 366 2248 τον
397 2191 553 2246 αὑτὸν
583 2210 980 2268 μηχανωμενος
1015 2193 1287 2263 καθιστᾷν,

352 2278 421 2344 δ’,
485 2278 635 2337 Ἐπεὶ
692 2277 746 2333 δὲ
801 2285 892 2334 τοῦ
961 2286 1183 2358 Χριστςῦ
1269 2281 1485 2357 βοηθείᾳ
1564 2281 1768 2347 ἐκεῖνος
1850 2285 1909 2341 οὗ

269 2372 378 2427 τῶν
434 2369 684 2435 ὑπηκόων
727 2370 1000 2443 τοσοῦτον,
1056 2367 1180 2425 ὅσον
1234 2368 1420 2426 ἑαυτοῦ
1447 2376 1653 2448 κρατῶν
1690 2367 1907 2428 ἀπεδεί-

271 2481 449 2532 κνυτο,
515 2457 611 2514 καί
685 2478 790 2512 των
862 2457 1286 2536 ἀπηγγελμένων
1343 2460 1552 2538 ἀγαθῶν
1620 2461 1760 2540 παρὰ
1816 2471 1910 2521 τοῦ

275 2557 407 2607 Θεοῦ
437 2561 554 2609 τοῖς
590 2549 646 2602 ἒν
696 2553 772 2620 τῷ
822 2547 1006 2621 κόσμῳ
1049 2548 1219 2621 τούτῳ
1263 2548 1721 2630 κακοδχουμένοις
1747 2550 1908 2607 ἐκου-

269 2638 399 2702 σίως
442 2635 527 2692 διὰ
576 2637 770 2697 παντὸς
814 2637 1178 2716 μεμνημένος,
1227 2639 1318 2694 καί
1361 2646 1467 2694 τῶν
1528 2637 1909 2713 ἠπειλημένων

269 2727 494 2784 αἰωνίων
549 2725 792 2802 βασάνων
851 2737 967 2786 τοῖς
1027 2727 1269 2800 ῥᾳθύμως
1322 2727 1376 2783 ἐν
1427 2729 1505 2802 τῷ
1548 2728 1767 2806 παρόντι
1811 2729 1909 2804 βίῳ

270 2813 663 2894 διαγενομένοις
749 2812 1099 2877 ἀδιαλείπτως
1179 2816 1356 2893 ὥσπερ
1419 2818 1736 2892 ποιούμενος
1808 2817 1907 2884 τὴν

271 2904 528 2983 μελέτην,
572 2904 671 2970 τὴν
728 2903 825 2976 μὲν
877 2901 1098 2970 ἂκηδίαν
1156 2910 1226 2981 τῇ
1255 2907 1498 2982 ὑπομονῇ
1527 2905 1611 2963 διὰ
1642 2911 1740 2974 τῆς
1771 2927 1904 2962 στα-

271 2998 421 3073 θερᾶς
479 2993 704 3055 πίστεως
737 2989 1012 3064 ἀπεσόϐει,
1049 2993 1148 3061 τὴν
1200 2992 1256 3050 δὲ
1301 2994 1594 3062 κενοδοξίαν
1625 2999 1702 3070 τῷ
1759 2993 1905 3075 φόϐῳ

1995 1830 2131 1890 dem
2160 1851 2174 1911 ;
2211 1830 2348 1892 hinc
2383 1849 2516 1892 sese
2547 1831 2618 1892 ad
2651 1833 2781 1911 ejus
2803 1833 3206 1894 decantandas
3223 1833 3469 1896 virtutes
3491 1854 3630 1896 con-

1993 1925 2230 1980 vertens
2257 1919 2428 1980 bona:
2459 1919 2624 1981 illum
2655 1920 2810 2000 apud
2843 1939 2946 1982 eos
2977 1921 3078 2000 qui
3112 1921 3164 1981 ei
3199 1920 3628 2001 parebant,no-

1995 2007 2176 2070 minis
2207 2010 2628 2071 existimationi
2660 2010 3038 2091 septimoque
3069 2010 3388 2073 affectuum
3412 2011 3629 2074 daemo-

1992 2097 2078 2178 ni,
2123 2096 2255 2159 dico
2287 2108 2507 2173 autem,
2571 2116 2730 2160 vanae
2784 2099 3010 2178 glorize,
3071 2099 3247 2161 facile
3295 2109 3630 2181 expugnatu

1991 2186 2233 2248 efﬁcere
2266 2195 2354 2248 est
2386 2187 2648 2250 molitus.

2070 2279 2130 2335 4.
2166 2274 2309 2338 Cum
2343 2285 2537 2337 autem
2573 2277 2673 2338 ille
2705 2276 2924 2339 Christi
2972 2277 3217 2358 auxilio,
3255 2297 3374 2339 non
3402 2285 3519 2339 tam
3555 2279 3629 2340 iis

1991 2365 2092 2448 qui
2115 2365 2170 2427 ei
2196 2365 2501 2445 suberant,
2539 2383 2712 2445 quam
2749 2364 2862 2426 sibi
2894 2364 3030 2445 ipsi,
3065 2365 3364 2446 imperare
3390 2367 3626 2428 videre-

1994 2463 2107 2526 tur,
2133 2455 2684 2531 promissorumque
2715 2472 2748 2514 a
2779 2453 2901 2514 Deo
2931 2455 3004 2515 iis
3033 2454 3133 2535 qui
3166 2455 3227 2514 in
3259 2456 3372 2517 hoc
3405 2456 3626 2516 mundo

1993 2561 2285 2606 aerumnas
2318 2544 2612 2624 patienter
2638 2542 3196 2618 fuerunt,bonorum
3228 2543 3466 2605 assidue
3497 2563 3628 2605 me-

1995 2651 2143 2709 mor,
2180 2651 2287 2693 nec
2322 2650 2441 2692 non
2474 2639 2856 2712 aeternorum,
2892 2650 3026 2711 quae
3055 2632 3415 2695 desidiosam
3447 2633 3623 2694 vitam

1994 2723 2088 2784 hic
2109 2723 2466 2784 ducentibus
2515 2720 2675 2783 Deus
2724 2721 3003 2795 minatur,
3041 2721 3469 2802 suppliciorum
3503 2739 3629 2782 me-

1991 2810 2342 2874 ditationem
2400 2812 2622 2890 absque
2675 2810 3125 2872 intermissione
3184 2810 3625 2891 quodammodo

1989 2899 2235 2980 faciens,
2269 2900 2536 2962 acediam
2577 2899 2811 2980 quidem
2847 2901 3158 2961 tolerantia
3191 2918 3295 2979 per
3325 2899 3501 2960 ﬁdem
3532 2898 3626 2958 ﬁr-

1989 3007 2144 3050 mam
2174 2988 2394 3067 abegit,
2448 3007 2655 3050 vanam
2710 2996 2906 3050 autem
2941 2988 3192 3066 gloriam
3221 2989 3511 3067 gehennae
3546 2987 3625 3047 ti-

269 3088 366 3152 τῆς
398 3083 618 3160 γεέννης
679 3082 945 3160 μαραίνων
994 3083 1066 3146 εἰς
1111 3086 1598 3164 ταπεινοφροσύνην
1654 3085 1906 3163 μετὲτρε-

1999 3096 2160 3139 more
2189 3077 2471 3156 subigens
2496 3097 2625 3140 eam
2676 3077 2736 3138 in
2781 3077 3171 3139 humilitatem
3204 3079 3508 3152 convertit,
3545 3077 3628 3138 ita

269 3193 391 3244 πεν,
439 3174 512 3234 ὠς
569 3170 759 3226 λοιπὸν
804 3169 961 3226 αὑτοῦ
1005 3171 1126 3234 τοὺς
1171 3172 1306 3228 ἑπτὰ
1361 3196 1460 3240 της
1519 3175 1702 3240 κακίας
1743 3174 1908 3252 ὑπερ-

1999 3175 2055 3227 ut
2087 3167 2348 3240 tandem,
2385 3175 2610 3247 septem
2673 3166 2918 3229 malitia:
2971 3168 3130 3228 illius
3161 3167 3457 3245 superatis
3483 3183 3626 3243 sug-

267 3259 463 3324 ϐαντος
509 3259 820 3338 λογισμοὺς,
870 3261 959 3315 καὶ
1015 3260 1110 3323 τὰς
1168 3262 1364 3317 τούτων
1407 3263 1606 3343 πάγας,
1640 3262 1907 3343 ἀχυρμιᾶς

1999 3257 2382 3337 gestionibus,
2411 3258 2740 3337 harumque
2773 3256 3402 3336 decipulis,palearum
3431 3255 3626 3317 acervi

266 3346 418 3416 δίκην
477 3348 544 3424 τῇ
604 3356 830 3427 Χριστοῦ
887 3349 1104 3424 βοηθείᾳ
1160 3353 1658 3428 καταπατήσαντος,
1717 3354 1906 3431 τρίζειν

1999 3351 2051 3407 in
2111 3347 2377 3427 modum,
2437 3346 2655 3409 Christi
2716 3364 2829 3426 ope
2887 3345 3283 3426 conculcatis,
3343 3344 3625 3408 dentibus

267 3439 388 3496 κατ’
449 3438 608 3494 αὑτοῦ
664 3439 786 3500 τοὺς
845 3436 1058 3500 ὀδόντας
1116 3443 1202 3495 τὸν
1261 3439 1644 3517 ἀντικείμενον,
1706 3445 1792 3499 καὶ
1839 3442 1902 3511 δὴ

266 3530 368 3597 τὴν
423 3526 511 3584 ὑπ’
567 3526 810 3608 ὀμφαλοῦ
865 3529 1114 3605 γαστρὸς,
1167 3531 1229 3584 τὸ
1277 3527 1341 3596 δὴ
1385 3528 1696 3606 λεγόμενον,
1743 3537 1902 3588 una-

270 3619 428 3677 πλίαν
487 3621 643 3676 αὑτοῦ
687 3629 849 3688 κινεῖ,
904 3616 1002 3684 τὴν
1052 3616 1296 3674 ἑλέπολιν
1350 3621 1451 3674 τῶν
1494 3618 1788 3696 λογισμῶν,
1841 3623 1902 3676 τὸ

272 3707 616 3788 πρωτόφυτον
667 3712 762 3774 τῆς
821 3707 1007 3769 κακίας
1067 3705 1376 3784 βλάστημα,
1544 3709 1632 3765 καὶ
1675 3711 1830 3771 αὐτὸς
1876 3712 1902 3765 ὃ

277 3798 579 3878 ἀρχέκακος
613 3796 728 3876 ὄφις
762 3797 860 3875 πρὸ
893 3795 1102 3852 πάντων
1135 3795 1319 3852 ἑαυτὸν
1359 3799 1426 3873 τῇ
1473 3803 1578 3854 τῶν
1631 3796 1905 3875 λογισμῶν

272 3885 561 3967 διαστροφῇ
591 3885 944 3965 περιέπειρενδ
976 3881 1056 3940 διὸ
1088 3884 1172 3941 καὶ
1205 3891 1311 3941 τῶν
1341 3885 1573 3962 οὒρανῶν
1616 3887 1906 3944 κατέπεσεν

273 3979 344 4042 εἷς
373 3978 474 4053 γῆν
503 3976 690 4055 ῥιφείς.

383 4065 400 4092 ι
506 4053 594 4086 νίς
695 4070 719 4080 ..
815 4066 826 4085 .
1063 4053 1079 4074 ο
1216 4063 1232 4082 ς
1292 4063 1305 4084 ε
1580 4064 1613 4084 υ
1773 4067 1786 4086 9

353 4088 378 4122 ε
413 4111 427 4127 .
460 4066 520 4123 Τί
549 4082 602 4120 οε
633 4065 786 4121 τουτό
818 4086 958 4120 εστιν
995 4082 1010 4139 ;
1087 4070 1127 4120 Η
1186 4063 1237 4118 δε
1287 4085 1704 4144 υπερηνρανειας,
1765 4089 1902 4144 αγα-

269 4159 454 4230 πητοὶ,
517 4155 751 4222 δυσίατος
793 4153 1062 4228 σηπεδὼν,
1096 4156 1132 4223 ἦ
1173 4156 1378 4236 κορυφὴ
1429 4158 1515 4212 καὶ
1547 4161 1768 4236 κορωνὶς
1807 4164 1906 4226 τῆς

169 4261 174 4264 ’
269 4246 480 4327 κακίας,
529 4247 563 4313 ἡ
620 4246 804 4323 πρώτη
861 4247 958 4311 τῆς
1019 4249 1240 4322 λογικῆς
1294 4244 1494 4320 οὐσίας,
1558 4247 1645 4302 καὶ
1696 4247 1904 4328 ἐσχάτη

271 4337 425 4401 νόσος
462 4354 475 4371 ο
508 4334 693 4413 πρώτη
722 4335 819 4409 μὲν
844 4331 927 4390 διὰ
958 4336 1020 4390 τὸ
1063 4335 1227 4409 ταύτῃ
1288 4341 1519 4413 πρῶτον,
1555 4338 1628 4401 ὡς
1661 4337 1903 4418 εἴρηται,

1991 3445 2194 3499 contra
2227 3437 2418 3517 ipsum
2453 3436 2730 3497 inimicus
2761 3435 3064 3515 strideret,
3100 3453 3387 3515 suamque
3428 3453 3462 3496 a
3489 3452 3626 3494 ven-

1993 3529 2096 3588 tris
2127 3525 2432 3600 umbilico,
2467 3533 2530 3586 ut
2559 3527 2746 3599 aiunt,
2783 3535 3164 3606 armaturam,
3195 3526 3409 3585 animis
3432 3541 3622 3602 expu-

1987 3615 2240 3693 gnandis
2297 3614 2729 3676 validissimum
2777 3621 3164 3687 tormentum,
3225 3612 3462 3674 malitiae
3493 3611 3618 3692 pri-

1992 3705 2355 3782 mogenitum
2407 3721 2676 3780 germen,
2733 3721 2850 3782 quo
2882 3711 2940 3763 et
2987 3703 3113 3781 ipse
3163 3702 3454 3762 malorum
3484 3709 3621 3762 ante

1989 3812 2199 3855 omnes
2229 3801 2439 3854 auctor
2467 3810 2717 3872 serpens
2747 3791 3009 3872 seipsum
3059 3809 3368 3872 pravarum
3402 3790 3618 3869 cogita-

1991 3884 2216 3946 tionum
2249 3881 2600 3943 distortione
2633 3881 3194 3961 transfixit,propter
3217 3879 3374 3962 quod
3408 3887 3467 3942 et
3496 3898 3621 3941 ca:-

1991 3972 2064 4035 Iis
2095 3972 2334 4044 excidit,
2365 3973 2426 4032 in
2458 3978 2673 4032 terram
2707 3971 3035 4049 conjectus.

2069 4061 2286 4134 5.Quid
2316 4068 2511 4122 autem
2538 4060 2595 4121 id
2629 4059 2749 4122 est?
2781 4057 3346 4139 Superbiae,dilecti,
3380 4059 3622 4120 incura-

1993 4152 2128 4214 bilis
2161 4151 2435 4232 putredo,
2471 4159 2648 4230 caput
2681 4159 2744 4210 et
2773 4167 2994 4210 corona
3018 4148 3510 4229 malitiaa,primus
3531 4166 3622 4209 ra-

1993 4240 2234 4304 tionalis
2259 4238 2604 4300 substantiae
2628 4247 2687 4298 et
2716 4254 3030 4316 supremus
3063 4237 3305 4298 morbus
3339 4253 3352 4295 :
3397 4237 3623 4316 primus

1992 4331 2259 4408 quidem,
2290 4330 2427 4410 quia
2453 4327 2708 4407 primum
2729 4335 2893 4403 eo,ut
2914 4327 3100 4408 aiunt,
3131 4328 3378 4389 Satanas
3409 4327 3623 4386 volun-

271 4425 623 4504 περιπαρῆναι
654 4426 743 4480 τὸν
777 4431 1016 4481 Σατανᾶν
1060 4424 1230 4480 ἑκοντί
1264 4441 1280 4459 ⁸
1337 4424 1545 4504 ἐσχάτη
1605 4423 1660 4481 δὲ
1721 4424 1805 4483 διὰ
1848 4415 1908 4484 τὺ

1999 4421 2141 4483 tarie
2170 4420 2279 4481 fuit
2323 4419 2631 4496 conﬁxus;
2694 4435 3010 4496 supremus
3068 4435 3228 4497 vero,
3263 4415 3405 4497 quia
3462 4415 3625 4476 nulla

269 4514 439 4592 μηδὲν
487 4516 651 4578 πάθος
707 4513 1050 4592 ὑπερνικῆσαι
1108 4514 1304 4580 ταύτην
1345 4517 1422 4588 τῷ
1465 4523 1613 4589 κακῷ
1649 4531 1662 4545 ·
1708 4518 1910 4584 ταύτην

270 4606 466 4683 ἐγείρει
527 4617 644 4667 τοϊς
701 4603 986 4682 λογισμοῖς
1036 4613 1126 4661 τοῦ
1182 4600 1366 4681 ἀνδρὸς
1422 4602 1724 4661 τελευταίαν
1770 4628 1909 4682 συμ-

271 4696 505 4766 πλοκὴν,
566 4695 653 4749 καὶ
713 4690 1205 4769 δυσκαταγώνιστον
1259 4695 1285 4748 ὃ
1331 4697 1431 4760 τῆς
1463 4699 1649 4761 κοινῆς
1702 4695 1907 4775 φύσεως

273 4791 380 4841 τῶν
431 4783 716 4861 ἀοθρώπων
794 4781 985 4861 ἐχθρὸς
1070 4783 1402 4860 ὑποσπείρων
1485 4786 1626 4858 αὐτῷ
1696 4783 1906 4840 τοιάσδε

273 4875 418 4935 τινὰς
470 4875 715 4936 ὑπονοίας
753 4889 768 4906 ’
816 4870 971 4944 Ἰδοὺ,
1007 4873 1158 4951 φησὶ,
1204 4872 1556 4948 κατηγωνίσω
1611 4878 1679 4948 τῇ
1708 4873 1906 4952 ἐγκρπ-

274 4965 390 5036 τείᾳ
430 4983 523 5018 σου
551 4963 638 5018 καὶ
676 4966 746 5038 τῇ
800 4961 1002 5017 συνέσει
1053 4960 1120 5016 τὰ
1164 4960 1305 5026 ποίθη
1347 4965 1444 5027 τῆς
1487 4961 1667 5041 ψυχῆς
1704 4964 1910 5018 καὶτοῦ

274 5053 548 5128 σώματος,
581 5056 658 5120 τῷ
687 5049 977 5128 λογιστικῶ
1026 5048 1188 5115 αὗτῆς
1247 5048 1394 5123 μέρει
1430 5050 1604 5130 σοφῶς
1638 5051 1724 5107 καὶ
1751 5074 1907 5107 νουν-

274 5149 422 5222 εχῶς
482 5143 544 5196 τὰ
599 5147 692 5197 τοῦ
747 5143 912 5214 θυμοῦ
955 5141 1039 5196 καὶ
1094 5142 1192 5206 τῆς
1243 5137 1519 5213 ἐπιθυμίας
1563 5141 1724 5208 αὑτῆς
1754 5142 1906 5208 ἡνιο-

274 5234 456 5313 χήσας
513 5231 853 5310 φρυάγματα,
915 5231 1001 5286 καὶ
1044 5231 1138 5292 τὰς
1196 5231 1303 5285 τὼν
1344 5230 1590 5287 ἁπάντων
1646 5230 1910 5307 δαιμόνων

1995 4530 2130 4573 eum
2163 4509 2354 4590 passio
2380 4507 2600 4569 malitia
2625 4507 2832 4587 vincit;
2863 4514 3219 4586 postremam
3243 4507 3395 4570 hanc
3417 4504 3627 4567 difﬁci-

1993 4605 2212 4675 lemque
2241 4615 2490 4672 pugnam
2520 4597 2981 4671 suggestionibus
3002 4599 3122 4655 suis
3144 4599 3417 4656 adversus
3439 4599 3624 4655 virum

1991 4689 2210 4752 excitat
2230 4686 2562 4748 communis
2587 4685 2896 4746 hominum
2922 4694 3145 4747 natura;
3168 4685 3376 4757 hostis,
3410 4685 3626 4764 hujus-

1995 4778 2154 4840 modi
2186 4777 2241 4837 ei
2268 4775 2660 4854 cogitationes
2692 4773 2924 4834 occulte
2968 4775 3234 4836 inferens
3267 4796 3279 4836 :
3316 4773 3488 4846 Ecce,
3516 4773 3621 4848 ait,

1995 4867 2359 4928 continentia
2381 4872 2478 4925 tua
2500 4862 2931 4944 prudentiaque
2954 4862 3167 4925 animae
3187 4881 3397 4924 omnes
3420 4881 3626 4942 corpo-

1993 4959 2197 5038 risque
2218 4955 2462 5017 allectus
2485 4951 3078 5033 superasti,rationali
3110 4951 3268 5013 illius
3290 4959 3454 5032 parte
3475 4951 3624 5012 scite

1993 5065 2062 5109 ac
2095 5044 2421 5127 prudenter
2449 5042 2654 5116 animi,
2691 5041 3121 5122 ipsiusquemet
3150 5040 3416 5102 libidinis
3444 5049 3623 5102 aestus

1993 5135 2330 5207 refrenasti,
2386 5131 2774 5210 omniumque
2822 5129 3156 5190 daemonum
3209 5137 3369 5190 astus
3397 5130 3458 5190 in
3487 5145 3626 5190 aera

1993 5226 2158 5288 abire
2188 5223 2378 5286 fecisti
2405 5245 2421 5296 ;
2447 5231 2552 5282 ate
2592 5219 2882 5298 ingluvies
2915 5219 2974 5279 in
3006 5217 3351 5280 servitutem
3381 5216 3624 5279 redacta

273 5305 634 5401 innxavc'zsuei;
665 5305 807 5398 degat
865 5317 1104 5382 διέλυσας
1142 5334 1155 5347 ⁸
1208 5317 1351 5398 παραὶ
1381 5327 1474 5376 σοῦ
1505 5322 1539 5388 ἡ
1573 5305 1908 5400 γαστριμαρ-

1999 5313 2312 5386 est,carnis
2335 5308 3024 5383 incontinentia,amoris
3047 5309 3405 5388 voluptatum
3433 5305 3624 5404 passio

274 5392 754 5490 γίαηδεδοῦλωται,
779 5410 840 5465 τὸ
870 5409 966 5476 τῆς
993 5409 1186 5486 σαρκὸς
1241 5392 1468 5486 ἀκρατὲς
1530 5392 1629 5478 της
1687 5392 1908 5492 ιριληδ-ο-

1999 5404 2245 5468 subacta
2299 5410 2412 5483 est,
2464 5399 2708 5461 avaritia
2757 5397 3100 5460 conculcata
3154 5405 3266 5476 est,
3325 5392 3630 5458 iracundia

276 5484 410 5563 νίας
448 5504 609 5562 πάθος
655 5497 975 5572 πεπεδηται,
1131 5484 1444 5578 φιλαργυρία
1507 5484 1840 5574 πεπάτηται,
1886 5503 1908 5557 ὁ

2000 5493 2458 5557 mansuetudine
2511 5489 2792 5567 absorpta
2845 5499 2963 5578 est,
3019 5486 3256 5578 tristitia
3288 5486 3388 5578 Ade
3446 5484 3628 5547 rebus

274 5592 440 5673 θυμὸς
494 5589 595 5647 ὑπὸ
651 5591 748 5656 τῆς
802 5589 1102 5676 πραότητος
1147 5576 1458 5670 κατεπόθη,
1521 5591 1555 5658 ἡ
1616 5588 1754 5660 λύπη
1808 5597 1908 5651 τῶι

2003 5582 2320 5658 mundanis
2371 5599 2478 5674 spe
2531 5576 3107 5668 incorruptibilitatis
3163 5576 3458 5650 confracta
3515 5583 3627 5658 est,
