4056 6152
471 304 625 374 120⁵7

1826 292 2450 358 SUPPLEMENTUM
2461 339 2474 356 .

3676 277 3798 345 1208

465 445 755 508 virtutum
787 439 1094 520 neglectus
1151 453 1257 516 per
1307 433 1512 512 ﬁdem,
1546 432 1840 512 hujusque
1871 431 2133 520 faculta-.

2219 433 2464 504 ιοσμικῶν
2493 431 2561 494 τῆ
2590 428 2689 493 τῆς
2745 425 3032 507 ἀφθαρσίας
3084 421 3254 479 ἐλπίδι
3301 421 3526 501 ἐρράγη,
3576 424 3610 489 ἣ
3639 423 3800 489 ἀκηδία

471 541 616 607 tem,
645 519 988 614 patientiam
1022 527 1176 599 dico,
1213 530 1526 614 superatus
1581 530 1696 614 est,
1721 530 1869 614 vana
1899 519 2111 614 gloria,

472 623 603 698 sed,
637 611 721 696 ut,
757 618 914 702 quod
945 633 1043 678 res
1073 615 1199 696 ipsa
1231 621 1346 702 est,
1393 611 1609 702 dicam,
1645 611 1847 690 gloriae
1871 611 2110 702 placen-

473 713 654 792 dique
689 701 1031 770 hominibus
1079 701 1370 784 cupiditas
1400 701 1682 763 virtutum
1717 701 2117 764 occultatione

472 802 631 881 jacet
661 797 910 860 devicta.
1188 857 1190 859 .

559 890 618 950 6.
654 887 830 948 Hisce
853 883 1036 963 igitur
1065 880 1722 956 omnibus,beatissime
1753 886 1928 961 atque
1956 877 2116 957 apud

477 980 666 1038 Deum
703 983 760 1037 et
781 974 1056 1036 homines
1079 967 2120 1050 gloriosissimejpraafecte,superior

480 1064 691 1139 factus,
747 1061 1045 1144 quomodo
1098 1060 1341 1134 sanctis,
1392 1060 1706 1141 ipsiusmet
1736 1058 1950 1118 animae
2007 1065 2121 1119 tum

479 1154 844 1229 virtute,non
877 1149 1105 1212 caelesti
1138 1148 1355 1210 auxilio
1393 1149 1622 1228 (neque
1645 1147 1830 1227 enim,
1856 1146 2119 1208 sialieno

482 1243 652 1304 fieret
682 1239 978 1313 subsidio,
1015 1256 1232 1300 corona
1284 1237 1390 1298 tibi
1437 1236 1836 1317 impenderet)
1874 1252 2122 1315 magnus

482 1331 752 1402 effectus,
787 1329 1015 1392 vicinus
1068 1327 1223 1389 haud
1255 1327 1336 1386 sis
1360 1332 1387 1387 ?
1443 1324 1581 1386 Haec
1613 1326 1900 1386 scelestus
1934 1325 2123 1386 consi-

483 1421 687 1482 liarius
707 1417 1018 1480 memorati
1042 1416 1372 1477 beatissimi
1400 1415 1651 1478 Mariani
1677 1414 1940 1494 praefecti
1963 1413 2123 1491 cogi-

485 1509 807 1571 tationibus
851 1524 1180 1586 suggerens
1213 1505 1285 1565 ad
1341 1507 1552 1565 fastum
1586 1502 1876 1565 excitabat
1904 1504 2118 1584 virum,

484 1599 853 1678 virtutesque
872 1614 1016 1677 quas
1048 1594 1325 1665 diximus,
1360 1594 1554 1674 ipsum
1585 1613 1652 1654 ex
1685 1612 1899 1667 se,non
1927 1601 2123 1654 autem

2195 525 2301 574 τῶν
2331 517 2528 596 ἆρετων
2560 514 2644 572 διὰ
2686 515 2791 583 τῆς
2829 514 3086 586 πίστεως,
3116 513 3206 569 καὶ
3237 517 3336 580 τῆς
3379 513 3595 590 θεωρίας
3639 513 3801 592 αὖτῆς,

2197 605 2339 685 λέγω
2368 604 2423 662 δὲ
2455 610 2550 672 τῆς
2580 605 2881 682 ὑπομονῆς,
2917 603 3179 684 ἐνευρώθη
3215 618 3229 634 ⁸
3282 605 3317 670 ἡ
3367 599 3653 677 κενοδοξία,
3694 624 3805 659 ταυ-

2197 697 2287 752 τὸν
2359 693 2413 750 δὲ
2468 696 2639 752 εἷπεϊν
2664 742 2680 773 ,
2742 691 3034 775 φιλοδοξία,
3094 695 3181 749 καὶ
3237 691 3694 772 ἆνθρωπαρὲσκεια
3747 698 3809 766 τῷ

2197 785 2397 864 κρυφίῳ
2425 787 2530 842 τῶν
2573 785 2773 862 ἀρετῶν
2805 781 3163 848 ἐξαπόλωλεν.

2278 873 2381 948 ς’.
2430 874 2637 931 Τούτων
2670 874 2759 930 οὖν
2792 871 3040 933 ἁπάντων
3089 870 3374 948 ὑπέρτερος
3421 873 3679 949 γεγονὼς,
3719 893 3814 945 μα-

2201 962 2503 1040 καριώτατε
2559 961 2791 1043 ὕπαρχε,
2867 963 2954 1018 καὶ
3011 959 3314 1027 ἐνδοξότατε
3393 961 3540 1040 παρὰ
3583 965 3693 1033 Θεῷ
3742 963 3816 1017 καὶ

2203 1051 2519 1128 ἀνθρώποις,
2569 1057 2684 1115 πῶς
2727 1055 2821 1110 οὒκ
2876 1050 3034 1128 ἐγγὺς
3086 1050 3143 1106 εἳ
3197 1055 3301 1106 τῶν
3332 1051 3518 1128 ἁγίων,
3556 1055 3624 1124 τῇ
3664 1047 3818 1126 ἀνδρίᾳ

2203 1141 2298 1207 τῆς
2333 1141 2516 1199 ἑαυτοῦ
2576 1139 2760 1219 ψυχῆς
2814 1138 3156 1218 μεγαλυνθεὶς
3198 1139 3283 1217 (0-5
3330 1140 3430 1217 γὰρ
3477 1137 3543 1206 δή
3578 1138 3641 1214 τῇ
3675 1141 3816 1215 οὖρα-

2204 1230 2347 1285 νόθεν
2383 1229 2633 1306 βοηθείᾳ)
2667 1247 2682 1305 ;
2714 1229 2772 1286 Εί
2805 1229 2902 1307 γὰρ
2954 1228 3005 1293 ἐξ
3041 1228 3203 1286 ἄλλου
3236 1229 3297 1296 ἧν
3327 1230 3362 1296 ἡ
3389 1227 3692 1304 ἀντίληψις,
3721 1226 3816 1282 οὔεί

2204 1317 2458 1397 στέφανός
2517 1340 2605 1373 σοι
2661 1317 2934 1377 ἀπέκειτο.
2997 1324 3172 1374 Ταῦτα
3227 1319 3253 1373 ὁ
3311 1317 3502 1395 μιαρός
3549 1313 3815 1392 σύμϐουλος

2203 1419 2322 1469 τοῖς
2380 1406 2664 1484 λογισμοῖς
2723 1405 3036 1464 ὑποϐαλλωδ
3084 1414 3175 1464 1:06
3221 1405 3676 1482 μνημονευθέντος
3724 1429 3815 1481 μα·

2204 1497 2530 1573 καριωτάτου
2615 1504 2882 1575 Μαριανου
2967 1505 3059 1553 1:06
3139 1497 3399 1577 ἐπάρχου,
3493 1499 3567 1560 εἰς
3628 1495 3817 1574 ἔπαρσιν

2203 1584 2558 1665 προεκαλεῖτο
2602 1589 2694 1642 τὸν
2743 1584 2921 1664 ἄνδρα.
2969 1588 3057 1643 καὶ
3115 1587 3310 1643 πείθειν
3345 1585 3600 1663 ἐπειρᾶτο
3631 1584 3815 1642 οἴκοθεν

486 1707 558 1750 ex
586 1687 694 1748 Dei
724 1675 944 1748 auxilio
999 1684 1244 1759 habere,
1281 1682 1532 1744 suadere
1592 1687 1644 1743 ei
1677 1682 2026 1756 conabatur,
2063 1689 2126 1743 ut

2219 1676 2362 1731 αὐτὸν
2394 1675 2683 1745 κτήσασθαι
2743 1675 2837 1737 τὰς
2881 1675 3093 1754 ἀρετὰς,
3139 1675 3200 1738 ἃς
3245 1675 3598 1752 προείπομεν,
3643 1676 3725 1730 καὶ
3773 1676 3821 1730 οὒ

485 1778 538 1838 si
565 1777 759 1857 ipsum
795 1773 1045 1836 consilio
1074 1775 1202 1852 ejus
1229 1771 1507 1833 assentiri
1548 1771 1833 1852 eveniret,
1869 1770 1940 1832 ad
1975 1772 2120 1832 iram

2219 1769 2272 1841 τῇ
2300 1773 2391 1822 τοῦ
2421 1771 2551 1820 Θεοῦ
2607 1765 2846 1840 βοηθείᾳ,
2899 1763 3014 1837 ἵνα,
3049 1765 3092 1819 εί
3149 1763 3340 1831 συνέϐη
3398 1771 3588 1821 τοῦτον
3645 1786 3820 1841 συγκα-

485 1851 662 1934 Deus,
703 1877 896 1938 utpote
926 1851 1235 1938 gratiarum
1266 1865 1493 1921 actione
1515 1862 1701 1920 debita
1721 1851 1874 1920 haud
1894 1872 2125 1935 accepta

2219 1853 2450 1910 ταθέσθαι
2503 1855 2570 1930 τῇ
2617 1853 2806 1930 βουλῇ,
2864 1851 3118 1919 λυπηθεὶς
3150 1855 3176 1908 ὁ
3210 1855 3340 1916 Θεὸς
3400 1855 3474 1916 ὡς
3537 1855 3820 1932 ἀχαριστη-

489 1962 865 2035 provocatus,
899 1950 1116 2012 auxilio
1171 1967 1278 2010 suo
1310 1948 1475 2008 illum
1530 1948 1786 2028 orbaret,
1817 1949 2128 2030 solumque

2219 1944 2340 2024 θεὶς,
2373 1941 2605 2020 στερήσῃ
2637 1943 2799 1998 αὐτὸν
2855 1947 2953 2010 τῆς
3011 1943 3195 1998 ἑαυτοῦ
3250 1943 3524 2018 βοηθείαις,
3560 1943 3654 1998 καῖ
3711 1941 3822 2019 ἐρη-

488 2049 698 2104 nactus
715 2040 1176 2103 scelestissimus
1201 2057 1370 2098 suum
1401 2038 1936 2111 omne,secundum
1971 2037 2126 2119 quod

489 2132 775 2212 scriptum
807 2137 916 2208 est,
949 2128 1314 2190 desiderium
1345 2128 1409 2189 in
1437 2145 1506 2188 eo
1537 2139 1988 2208 exsequeretur.

573 2225 631 2282 7.
656 2220 734 2284 Ut
762 2227 957 2282 autem
1018 2225 1081 2281 et
1129 2217 1191 2278 in
1242 2219 1357 2278 hoc
1387 2235 1420 2277 a
1447 2217 1679 2279 Christo
1716 2217 1989 2279 devictus
2023 2217 2131 2279 fuit

489 2311 699 2386 Belial,
727 2307 1070 2370 beatissimo
1103 2305 1361 2369 Mariano
1395 2304 1663 2367 divinum
1695 2305 1978 2368 auxilium
2023 2306 2132 2367 im-

493 2400 765 2480 plorante
793 2398 1176 2477 dicenteque,
1213 2395 1362 2467 Quia
1414 2403 1476 2456 tu
1507 2415 1570 2456 es
1603 2394 1782 2470 Deus,
1817 2396 1916 2476 qui
1950 2396 2130 2457 doces

491 2488 798 2550 hominem
826 2486 1162 2565 scientiam,
1197 2486 1409 2546 animae
1436 2484 1710 2546 conditor
1743 2485 2131 2566 corporisque

492 2586 745 2652 creator,
781 2575 1136 2654 unionisque
1169 2573 1519 2636 eorumdem
1543 2584 1980 2654 compactor,ac
2011 2575 2132 2636 dis-

489 2665 836 2746 junctionis,
863 2663 1196 2725 secundum
1221 2661 1378 2741 quod
1403 2660 1702 2736 convenit,
1730 2660 2128 2742 dispensator,

497 2771 860 2834 rursumque
890 2753 952 2813 in
985 2760 1352 2812 mortuorum
1385 2749 1828 2810 resurrectione
1873 2750 2133 2812 refictio-

495 2844 611 2920 nis,
645 2841 1212 2922 temperationisque
1239 2837 1397 2899 haud
1450 2839 1714 2901 confusae
1763 2857 1830 2901 ac
1894 2847 2134 2901 aeternae

495 2939 559 2995 in
589 2935 1122 3006 incorruptibilitate
1147 2935 1274 2990 vitae
1301 2933 1584 3004 provisor.
1610 2933 2135 3006 miraculorumque

495 3021 706 3102 factor,
738 3018 988 3099 aliisque
1020 3017 1289 3098 pluribus
1321 3016 1617 3079 similibus
1648 3018 1908 3098 seipsum
1940 3019 2137 3080 humi.

2214 2056 2310 2107 μον
2344 2033 2498 2089 αὐτὸν
2534 2029 2826 2108 λαϐόμενος
2873 2033 2900 2087 ὁ
2944 2034 3295 2107 παμπόνηρος
3344 2032 3737 2111 κατεργάσηται
3782 2031 3824 2085 ἐν

2215 2126 2356 2195 αὐτῷ
2380 2122 2514 2177 κατὰ
2539 2123 2601 2177 τὸ
2629 2120 2999 2200 γεγραμμένον
3029 2127 3202 2177 πᾶσαν
3235 2120 3539 2195 ἐπιθυμίαν,

2291 2211 2362 2282 ζ’,
2400 2202 2491 2274 Ὠς
2522 2208 2576 2266 δὲ
2606 2212 2693 2267 καὶ
2749 2209 2803 2265 ἐν
2845 2211 3014 2284 τούτῳ
3067 2210 3437 2288 κατηγωνίσθη
3487 2209 3574 2266 διὰ
3629 2217 3824 2288 Χριστοῦ

2213 2304 2240 2357 ὸ
2285 2299 2491 2380 Βελίαρ,
2553 2307 2645 2356 τοῦ
2689 2299 3095 2378 μακαριωτάτου
3156 2305 3423 2378 Μαριανοῦ
3468 2300 3569 2368 τὴν
3601 2300 3659 2356 ἐκ
3715 2307 3823 2356 Θεοῦ

2212 2392 2456 2469 βοήθειαν
2487 2388 2926 2464 ἐπικαλουμένου,
2952 2389 3048 2447 καί
3077 2387 3438 2466 λέγοντος,ὅτι
3464 2391 3541 2446 Σὺ
3573 2391 3626 2446 εἷ
3657 2392 3682 2447 ὁ
3710 2387 3824 2445 διδά-

2214 2501 2357 2537 σκων
2380 2478 2650 2558 ἄνθρωπον
2679 2483 3002 2556 γνῶσιν,τῆς
3026 2482 3213 2558 ψυχῆς
3246 2479 3480 2545 ποιητὴς
3504 2480 3594 2536 καὶ
3623 2488 3710 2537 τοῦ
3729 2478 3822 2534 σώ-

2213 2591 2382 2645 ματος
2440 2565 2709 2646 πλάστης,
2767 2569 2853 2623 καὶ
2925 2567 3018 2634 τῆς
3085 2567 3337 2646 ἁρμονίας
3395 2570 3570 2626 αὐτῶν
3629 2568 3821 2642 συμπή·

2212 2680 2374 2734 κτωρ,
2441 2657 2524 2714 καὶ
2567 2656 2664 2723 τῆς
2721 2655 3027 2728 διαζεύξεως
3088 2660 3260 2715 αὐτῶν
3309 2657 3437 2736 πρὸς
3498 2658 3562 2712 τὸ
3592 2655 3822 2736 συμφέρον

2216 2747 2517 2822 οἶκονόμος,
2605 2747 2697 2802 καὶ
2770 2745 2928 2803 πάλιν
3007 2751 3104 2814 τῆς
3189 2743 3544 2811 ἀναπλάσεως
3613 2752 3706 2813 τῆς
3780 2745 3822 2801 ἑν

2215 2844 2284 2914 τῇ
2318 2834 2601 2893 ἀναστάσει
2632 2833 2729 2891 καΐ
2759 2839 2856 2902 τῆς
2909 2835 3210 2915 ἆσυγχύτου
3271 2836 3612 2913 συγκράσεως
3654 2835 3819 2907 αὐτῶν,

2216 2929 2306 2984 καὶ
2350 2926 2447 2993 τῆς
2503 2923 2558 2979 ἐν
2601 2923 2857 3005 ἀφθαρσίᾳ
2907 2929 3047 2996 ζωῆς
3103 2925 3312 2982 αἶωνὶου
3381 2925 3708 3003 προνοητῆς,
3753 2924 3826 2980 καὶ

2218 3013 2635 3092 θαυματουργὸς,
2669 3014 2755 3070 καὶ
2785 3011 2972 3077 ἄλλοις
3001 3012 3207 3070 πλείοσι
3253 3014 3512 3078 τοιούτοις
3540 3024 3823 3072 ταπεινοῦν-

496 3101 702 3186 liante,
760 3109 1004 3188 Deoque
1073 3125 1312 3168 omnem
1379 3106 1629 3184 gloriam
1689 3126 1759 3168 ac
1815 3109 2130 3186 gratiarum

2220 3127 2308 3170 τος
2354 3103 2563 3177 ἐαυτὸν,
2621 3103 2708 3158 καὶ
2757 3109 2834 3177 τῷ
2878 3109 2992 3177 Θεῷ
3033 3103 3131 3169 τὴν
3173 3101 3385 3158 ἅπασαν
3428 3101 3584 3168 δόξαν
3635 3106 3714 3160 καὶ
3752 3105 3825 3160 εὖ·-

498 3207 792 3262 actionem
842 3196 1229 3275 attribuente,
1260 3195 1507 3256 invidus
1543 3197 1798 3276 daemon,
1823 3214 1956 3258 cum
1982 3196 2138 3258 deci-

500 3289 704 3369 pulam
727 3287 1007 3347 adversus
1031 3284 1165 3363 ejus
1192 3285 1451 3345 animam
1479 3285 1635 3346 haud
1657 3285 1974 3360 inveniret,
2008 3304 2142 3348 sese

499 3377 741 3439 tandem
772 3375 845 3436 ad
878 3391 1094 3453 corpus
1124 3374 1251 3452 ejus
1300 3374 1761 3453 oppugnandum
1825 3375 2140 3451 convertit,

500 3474 676 3547 atque
702 3467 916 3546 ipsum,
954 3481 1069 3523 non
1103 3480 1276 3524 secus
1330 3472 1506 3542 atque
1561 3462 1672 3524 Job
1709 3462 1928 3544 (neque
1979 3463 2137 3525 enim

501 3555 617 3618 nisi
638 3557 798 3618 Deus
824 3551 1230 3625 concedat,vel
1264 3562 1468 3613 contra
1517 3554 1841 3634 porcos,uti
1875 3553 2141 3633 Evange-

500 3645 646 3708 lium
677 3642 960 3718 ostendit,
1018 3642 1239 3703 nedum
1273 3646 1482 3702 contra
1529 3642 1830 3704 hominem
1886 3660 2141 3724 eumque

502 3734 688 3815 pium,
724 3737 1078 3813 potestatem
1113 3729 1312 3807 habet)
1350 3729 2020 3811 examinans,percussit
2051 3736 2140 3790 vl-

500 3841 634 3885 rum
659 3819 941 3903 paralysis
971 3837 1279 3900 corporeae
1311 3820 1502 3900 plaga,
1536 3821 1617 3881 ita
1665 3829 1728 3880 ut
1777 3821 1977 3882 omnia
2008 3823 2140 3902 ejus

502 3911 772 3975 membra
820 3912 880 3971 in
911 3911 1062 3972 lecto
1084 3911 1357 3990 jacerent
1390 3909 1696 3988 praeclusa,
1733 3929 1845 3972 nec
1895 3914 2138 3973 omnino

505 4002 608 4063 ulli
640 4019 673 4061 e
703 4000 966 4080 corporis
997 3998 1263 4080 partibus
1313 3999 1533 4060 moveri
1563 4018 1597 4061 a
1645 3999 1840 4080 seipsa
1870 4003 2135 4076 daretur,

504 4090 610 4152 sed
638 4096 697 4151 et
741 4089 834 4151 ori
881 4090 1009 4168 ejus
1061 4087 1231 4150 cibus
1289 4087 1501 4150 alienis
1532 4087 1810 4151 manibus
1837 4089 2138 4152 admoveri

504 4179 777 4242 debereL

583 4270 644 4336 8.
675 4267 900 4330 Adhaec
958 4266 1233 4347 medicis,
1282 4285 1400 4328 non
1443 4265 1694 4328 civitatis
1728 4274 1977 4342 tantum,
2041 4269 2147 4330 sed

2222 3193 2504 3274 χαριστίαν
2563 3191 2950 3271 ἀπονέμοντος,
3023 3192 3109 3248 καὶ
3179 3193 3430 3270 εὑρίσκων
3492 3195 3520 3249 ὁ
3596 3193 3827 3269 βάσκανος

2224 3282 2424 3359 δαίμων
2467 3280 2662 3360 παγίδα
2690 3280 2809 3337 τινὰ
2837 3281 2971 3338 κατᾶ
3002 3285 3100 3348 τῆς
3150 3283 3337 3361 ψυχῆς
3394 3283 3579 3355 αὗτοῦ,
3623 3282 3826 3361 ἐστράφη

2225 3373 2414 3430 λοιπὸν
2455 3379 2532 3445 τῷ
2591 3371 2799 3445 σώματι
2844 3372 3001 3427 αὐτοῦ
3043 3369 3326 3444 πολεμεῖν.
3382 3373 3489 3429 Καὶ
3537 3371 3827 3446 ἐξετασαμε-

2226 3485 2313 3525 νος
2365 3463 2518 3518 αὺτὸν
2564 3460 2742 3537 ὥσπερ
2802 3461 2892 3516 τὸν
2945 3457 3066 3517 Ἰὼϐ
3119 3460 3259 3540 (οὐδὲ
3315 3460 3414 3540 γὰρ
3471 3462 3607 3518 κατὰ
3659 3461 3827 3542 χοίρων

2222 3552 2336 3633 ἔχει
2383 3550 2638 3629 ἐξουσίαν,
2680 3547 2819 3618 πλὴν
2863 3551 2907 3605 εἰ
2951 3550 3030 3624 μὴ
3075 3551 3203 3612 Θεὸς
3272 3551 3608 3630 συγχωρείη,
3665 3553 3732 3614 ὡς
3778 3551 3826 3604 τὸ

2223 3639 2547 3720 Εὖαγγέλιον
2597 3637 2875 3713 δείκνυσιν,
2923 3641 3054 3713 μήτι
3114 3660 3175 3716 γε
3231 3639 3367 3695 κατὰ
3407 3639 3697 3719 ἀνθρώπου,
3750 3639 3824 3695 κάξ

2219 3738 2384 3789 ταῦτα
2412 3725 2736 3808 θεοσεϐοῦς),
2773 3727 2967 3796 ἔπληξε
2999 3729 3088 3784 τὸν
3146 3727 3304 3805 ἄνδρα
3346 3727 3538 3807 πληγῇ
3584 3729 3824 3805 παρέσεως

2221 3824 2556 3899 σωματικῆς,
2619 3821 2690 3882 ὡς
2741 3840 2911 3875 παντα
2970 3822 3128 3878 αὒτοῦ
3182 3819 3248 3874 τὰ
3308 3817 3445 3892 μέλη
3499 3817 3824 3893 συλλελυμένα

2220 3914 2429 3969 κεῖσθαι
2485 3912 2572 3965 ἐπὶ
2627 3907 2853 3988 κλίνης,
2915 3908 3000 3964 καὶ
3072 3905 3200 3983 μηδ’
3257 3905 3395 3972 ὅλως
3456 3911 3711 3964 κινεῖσθαι
3748 3906 3820 3986 ἄρ’

2221 4002 2408 4056 ἑαυτοῦ
2467 3996 2653 4074 μηδενὶ
2711 4005 2817 4054 τῶν
2872 4003 2964 4054 τοῦ
3021 3998 3270 4072 σώματος
3330 3998 3532 4077 μερῶν,
3580 3996 3707 4056 ἀλλὰ
3751 3997 3822 4053 καὶ

2223 4088 2322 4158 τήν
2351 4088 2550 4168 τροφὴν
2582 4085 2645 4144 δι’
2701 4086 2992 4167 ἀλλοτρίων
3035 4089 3233 4167 χειρῶν
3276 4090 3352 4162 τῷ
3397 4087 3622 4164 στόματι
3664 4087 3822 4144 τούτου

2225 4181 2580 4258 προσάγεσθαι
2591 4223 2604 4238 .

2307 4267 2388 4336 η’,
2452 4269 2589 4325 Εἶτα
2644 4271 2751 4324 τῶν
2797 4269 2988 4345 ἰατρῶν
3019 4267 3078 4324 οὔ
3110 4272 3209 4335 τῆς
3254 4266 3465 4332 πόλεως
3513 4271 3689 4344 μόνον,
3717 4265 3825 4322 illi

507 4366 565 4421 et
611 4356 876 4437 regionis
929 4355 1107 4417 totius
1160 4364 1398 4436 propter
1447 4372 1715 4435 personae
1773 4355 2133 4418 nobilitatem

2231 4357 2325 4414 καῖ
2381 4358 2478 4425 τῆς
2509 4356 2693 4438 χώρας
2733 4357 2947 4424 ἁπάσης
2992 4357 3076 4413 διὰ
3117 4359 3177 4414 τὸ
3224 4365 3314 4416 τοῦ
3346 4360 3633 4436 προσώπου
3662 4355 3827 4417 ἔνδοξον

503 4427 1049 4526 convocatis,totius
1071 4427 1211 4505 artis
1237 4427 1486 4504 medicae
1511 4443 1817 4522 specimen
1845 4444 2133 4508 diversum

2230 4427 2657 4527 συγκληθέντων,
2690 4446 2818 4514 ὅλης
2876 4449 2949 4510 εἷς
3007 4447 3165 4503 αὐτὸν
3209 4451 3304 4515 τῆς
3362 4427 3604 4527 ἰατρικῇς
3633 4445 3827 4505 παιδείας

502 4542 563 4597 in
586 4540 710 4609 ipso
732 4547 817 4596 est
843 4538 1338 4602 factum,exterius
1366 4537 1808 4606 pharmacorum
1831 4540 2147 4611 omnigenae

504 4625 767 4686 misturae
814 4622 1082 4691 artificia,
1149 4621 1428 4683 duritiem
1506 4629 1812 4684 externam
1874 4625 2146 4706 corporis

505 4711 888 4787 emollientia,
926 4710 1234 4790 potionum
1268 4727 1301 4772 e
1338 4710 1536 4772 multis
1568 4714 1903 4776 commistis
1940 4733 2048 4794 per
2079 4733 2145 4775 os

508 4801 858 4864 donationes
889 4799 1161 4874 diversae,
1199 4799 1454 4862 interius
1480 4802 1962 4865 constitutionem
1992 4803 2145 4864 male

508 4892 776 4954 affectam
801 4907 869 4952 ac
895 4887 1392 4951 collabascentem
1423 4891 1705 4952 conflictu
1729 4892 2023 4955 contrario
2054 4911 2145 4955 re-

508 4980 864 5043 suscitantes
914 4986 1091 5058 atque
1150 4979 1590 5055 confortantes;
1652 4979 1900 5042 inferius
1948 4990 2144 5043 autem

506 5068 978 5131 immittebantur
1030 5065 1201 5129 mista
1242 5069 1498 5130 remissu
1550 5069 1766 5146 facilia,
1827 5070 2146 5134 scitissime

508 5159 772 5234 inventa,
824 5155 1239 5218 intestinorum
1279 5157 1474 5232 flatus,
1529 5158 1749 5220 exitum
1786 5159 1942 5220 haud
1969 5159 2145 5222 inve-

507 5247 764 5320 nientes,
798 5245 975 5308 facile
1028 5245 1334 5320 solventia,
1395 5247 1682 5328 illamque
1729 5247 1844 5309 late
1876 5267 2144 5331 sparsam

509 5350 678 5413 atque
699 5340 770 5398 ad
800 5340 990 5410 ipsum
1022 5339 1323 5396 cerebrum
1356 5339 1597 5397 delatam
1638 5351 1816 5399 atram
1851 5344 2145 5401 materiem

511 5443 620 5504 per
650 5429 845 5504 partes
871 5423 1184 5484 inferiores
1203 5421 1520 5501 abigentia.
1558 5425 1749 5506 Atque
1772 5427 1897 5489 haec
1914 5427 2146 5510 aliaque

513 5512 748 5587 similia,
784 5529 916 5574 cum
953 5511 1110 5573 circa
1139 5511 1328 5572 virum
1384 5513 1533 5574 facta
1565 5515 1834 5586 fuissent,
1867 5517 2142 5578 morbum

513 5601 778 5683 corporis
804 5599 1735 5686 augebant,desperationemque
1762 5605 1961 5668 animo
1994 5607 2142 5688 inji-

2229 4525 2472 4616 διάφορος
2559 4535 2802 4603 ἐπίδειξις
2901 4536 3118 4616 γέγονεν
3151 4585 3165 4612 ,
3252 4525 3600 4614 ἀλειμμάτιῖν
3677 4535 3824 4601 ἔξωθεν

2228 4627 2527 4704 παμμιγετς
2585 4626 2853 4706 εὐτεχνιαι
2890 4674 2908 4707 ,
2977 4627 3037 4684 τὸ
3115 4626 3348 4703 σκληρὸν
3408 4633 3508 4695 τῆς
3567 4624 3825 4706 ἐπιφανείας

2229 4718 2320 4773 τοῦ
2401 4718 2648 4792 σώματος
2730 4715 3019 4795 ἀοχλήτως
3094 4717 3614 4797 καταμαλάττουσαι,
3681 4719 3822 4771 ποτῶν

2229 4803 2667 4884 συγκεκραμένων
2715 4805 3070 4879 παμποίκιλοι
3115 4805 3199 4862 διὰ
3244 4805 3510 4882 στόματος
3547 4805 3725 4877 δόσεις,
3773 4801 3818 4856 τὸ

2227 4895 2542 4974 κακόχυμον
2589 4901 2689 4961 τῆς
2741 4893 2888 4953 ἔνδον
2944 4894 3223 4958 διαθέσεως
3280 4898 3370 4953 καὶ
3431 4897 3724 4973 νεκροποιὸν
3768 4889 3818 4963 τῇ

2229 4983 2482 5058 ἀντιδότῳ
2538 4983 2822 5062 συμπλοκῇ
2891 4987 3322 5063 ἀναζωπυροῦσαί
3359 5007 3416 5042 τε
3465 4987 3552 5044 καὶ
3597 4982 3815 5063 ῥωννύον-

2229 5090 2367 5131 σαι·
2439 5075 2528 5131 καὶ
2605 5074 2836 5132 κάτωθεν
2897 5073 2952 5131 δὲ
3022 5075 3380 5150 ἀναπόμπιμα
3453 5074 3817 5156 παρεπέμποντο

2228 5165 2473 5240 κράματα
2528 5164 2811 5240 πανσόφως
2890 5164 3285 5245 τετεχνημένα,
3345 5167 3435 5222 τὸν
3491 5172 3594 5222 τῶν
3638 5159 3816 5234 ἐντέρων

2229 5250 2578 5318 ἂδιεξόδευτον
2645 5251 3008 5311 διευλυτοῦντα
3108 5251 3468 5334 βορϐορυγμὸν
3509 5301 3526 5330 ,
3592 5253 3669 5310 καὶ
3739 5248 3817 5310 τὴν

2229 5340 2543 5409 ἂναδοτικὴν
2602 5341 2806 5409 ἐκείνην
2889 5341 3168 5419 δυσθυμίαν
3199 5387 3216 5415 ,
3297 5347 3383 5400 καὶ
3442 5345 3629 5424 μέχρις
3693 5337 3818 5395 αὒτοῦ

2225 5429 2675 5507 διακομιζομένην
2728 5439 2819 5488 τοῦ
2870 5431 3165 5514 ἐγκεφάλου
3221 5433 3306 5490 ἐπὶ
3335 5435 3400 5491 τὰ
3430 5423 3574 5491 κάτω
3627 5423 3816 5508 προτρέ-

2223 5544 2413 5602 ποντα,
2464 5522 2549 5578 καὶ
2581 5520 2754 5578 πάντα
2784 5520 2848 5592 δὴ
2878 5530 3046 5580 ταῦτα
3075 5523 3172 5579 καῖ
3215 5525 3279 5578 τὰ
3337 5530 3553 5581 τοιαῦτα
3604 5519 3815 5599 γινόμενι

2223 5612 2340 5690 περὶ
2370 5613 2460 5668 τὸν
2488 5608 2645 5689 ἄνδρα
2680 5610 2776 5684 τὴν
2824 5612 2978 5671 νόσον
3021 5615 3113 5670 τοῦ
3170 5618 3417 5692 σώματος
3469 5612 3693 5688 ηὔξανον,
3742 5602 3810 5660 καί
