  <div class='ocr_page' id='page_1' title='image "/cluster/home/n/w/nwhite01/storage/ocr_20150623/116/mdp.39015008903554/612.png"; bbox 0 0 4056 6152; ppageno 0'>
   <div class='ocr_carea' id='block_1_1' title="bbox 301 314 453 382">
    <p class='ocr_par' dir='ltr' id='par_1_1' title="bbox 301 314 453 382">
     <span class='ocr_line' id='line_1_1' title="bbox 301 314 453 382; baseline -0.02 0"><span class='ocrx_word' id='word_1_1' title='bbox 301 317 323 382; x_wconf 89' lang='grc'><strong>1</strong></span> <span class='ocrx_word' id='word_1_2' title='bbox 336 314 453 382; x_wconf 77' lang='lat'><strong>209</strong></span> 
     </span>
    </p>
   </div>
   <div class='ocr_carea' id='block_1_2' title="bbox 1383 314 2577 381">
    <p class='ocr_par' dir='ltr' id='par_1_2' title="bbox 1383 314 2577 381">
     <span class='ocr_line' id='line_1_2' title="bbox 1383 314 2577 381; baseline -0.002 0"><span class='ocrx_word' id='word_1_3' title='bbox 1383 319 1443 381; x_wconf 78' lang='lat' dir='ltr'><strong>S.</strong></span> <span class='ocrx_word' id='word_1_4' title='bbox 1491 315 1872 381; x_wconf 85' lang='lat' dir='ltr'><strong>DEMETRII</strong></span> <span class='ocrx_word' id='word_1_5' title='bbox 1914 316 2315 380; x_wconf 83' lang='lat' dir='ltr'><strong>MARTYRIS</strong></span> <span class='ocrx_word' id='word_1_6' title='bbox 2357 314 2577 381; x_wconf 79' lang='lat' dir='ltr'><strong>ACTA.</strong></span> 
     </span>
    </p>
   </div>
   <div class='ocr_carea' id='block_1_3' title="bbox 3508 265 3661 375">
    <p class='ocr_par' dir='ltr' id='par_1_3' title="bbox 3508 265 3661 375">
     <span class='ocr_line' id='line_1_3' title="bbox 3508 265 3661 375; baseline 0.02 -3"><span class='ocrx_word' id='word_1_7' title='bbox 3508 265 3661 375; x_wconf 74' lang='lat'><strong>1216</strong></span> 
     </span>
    </p>
   </div>
   <div class='ocr_carea' id='block_1_4' title="bbox 293 439 1929 532">
    <p class='ocr_par' dir='ltr' id='par_1_4' title="bbox 293 447 1929 532">
     <span class='ocr_line' id='line_1_4' title="bbox 293 447 1929 532; baseline 0 -23"><span class='ocrx_word' id='word_1_8' title='bbox 293 453 384 509; x_wconf 77' lang='grc' dir='ltr'>τὸν</span> <span class='ocrx_word' id='word_1_9' title='bbox 446 450 786 526; x_wconf 79' lang='grc' dir='ltr'>ἆπελπισμὸν</span> <span class='ocrx_word' id='word_1_10' title='bbox 818 447 1111 508; x_wconf 72' lang='grc' dir='ltr'>δπὲὄαλλον</span> <span class='ocrx_word' id='word_1_11' title='bbox 1158 457 1227 529; x_wconf 78' lang='grc' dir='ltr'>τῇ</span> <span class='ocrx_word' id='word_1_12' title='bbox 1275 455 1451 532; x_wconf 77' lang='grc' dir='ltr'>ψυχῇ,</span> <span class='ocrx_word' id='word_1_13' title='bbox 1483 454 1555 517; x_wconf 67' lang='grc' dir='ltr'>ὡς</span> <span class='ocrx_word' id='word_1_14' title='bbox 1588 452 1647 509; x_wconf 78' lang='grc' dir='ltr'>ἐκ</span> <span class='ocrx_word' id='word_1_15' title='bbox 1675 458 1774 520; x_wconf 78' lang='grc' dir='ltr'>τῆς</span> <span class='ocrx_word' id='word_1_16' title='bbox 1805 452 1929 510; x_wconf 79' lang='grc' dir='ltr'>ἄθυ-</span> 
     </span>
    </p>
   </div>
   <div class='ocr_carea' id='block_1_5' title="bbox 2017 439 3655 532">
    <p class='ocr_par' dir='ltr' id='par_1_5' title="bbox 2021 439 3655 529">
     <span class='ocr_line' id='line_1_5' title="bbox 2021 439 3655 529; baseline -0.002 -18"><span class='ocrx_word' id='word_1_17' title='bbox 2021 449 2280 523; x_wconf 85' lang='lat' dir='ltr'><strong>ciebant,</strong></span> <span class='ocrx_word' id='word_1_18' title='bbox 2309 451 2460 513; x_wconf 82' lang='lat' dir='ltr'><strong>adeo</strong></span> <span class='ocrx_word' id='word_1_19' title='bbox 2491 455 2643 513; x_wconf 80' lang='lat' dir='ltr'><strong>utex</strong></span> <span class='ocrx_word' id='word_1_20' title='bbox 2673 446 2859 511; x_wconf 89' lang='lat' dir='ltr'><strong>animi</strong></span> <span class='ocrx_word' id='word_1_21' title='bbox 2886 444 3223 529; x_wconf 83' lang='lat' dir='ltr'><strong>dejectione</strong></span> <span class='ocrx_word' id='word_1_22' title='bbox 3252 439 3433 527; x_wconf 85' lang='lat' dir='ltr'><strong>duplo</strong></span> <span class='ocrx_word' id='word_1_23' title='bbox 3462 447 3655 522; x_wconf 84' lang='lat' dir='ltr'><strong>majus</strong></span> 
     </span>
    </p>
   </div>
   <div class='ocr_carea' id='block_1_6' title="bbox 294 539 1931 619">
    <p class='ocr_par' dir='ltr' id='par_1_6' title="bbox 294 539 1931 619">
     <span class='ocr_line' id='line_1_6' title="bbox 294 539 1931 619; baseline 0.002 -22"><span class='ocrx_word' id='word_1_24' title='bbox 294 541 416 617; x_wconf 88' lang='grc' dir='ltr'>μίας</span> <span class='ocrx_word' id='word_1_25' title='bbox 468 540 793 604; x_wconf 83' lang='grc' dir='ltr'>διαπλασίως</span> <span class='ocrx_word' id='word_1_26' title='bbox 846 539 1121 619; x_wconf 72' lang='grc' dir='ltr'>τρέφεσθαι</span> <span class='ocrx_word' id='word_1_27' title='bbox 1185 543 1247 597; x_wconf 85' lang='grc' dir='ltr'>τὸ</span> <span class='ocrx_word' id='word_1_28' title='bbox 1293 544 1477 616; x_wconf 77' lang='grc' dir='ltr'>κακὸν,</span> <span class='ocrx_word' id='word_1_29' title='bbox 1514 542 1632 599; x_wconf 79' lang='grc' dir='ltr'>οὕτε</span> <span class='ocrx_word' id='word_1_30' title='bbox 1663 541 1718 598; x_wconf 64' lang='grc' dir='ltr'>δὲ</span> <span class='ocrx_word' id='word_1_31' title='bbox 1749 544 1931 609; x_wconf 81' lang='grc' dir='ltr'>πάσης</span> 
     </span>
    </p>
   </div>
   <div class='ocr_carea' id='block_1_7' title="bbox 295 630 1934 711">
    <p class='ocr_par' dir='ltr' id='par_1_7' title="bbox 295 630 1934 711">
     <span class='ocr_line' id='line_1_7' title="bbox 295 630 1934 711; baseline 0.001 -25"><span class='ocrx_word' id='word_1_32' title='bbox 295 630 624 705; x_wconf 69' lang='grc' dir='ltr'>ἀνθρωπίνης</span> <span class='ocrx_word' id='word_1_33' title='bbox 656 631 901 707; x_wconf 78' lang='grc' dir='ltr'>βοηθείας</span> <span class='ocrx_word' id='word_1_34' title='bbox 945 630 1178 687; x_wconf 76' lang='grc' dir='ltr'>ἀπεῖπεν</span> <span class='ocrx_word' id='word_1_35' title='bbox 1209 633 1237 686; x_wconf 98' lang='lat'><strong>6</strong></span> <span class='ocrx_word' id='word_1_36' title='bbox 1269 630 1425 711; x_wconf 79' lang='grc' dir='ltr'>ἀνὴρ,</span> <span class='ocrx_word' id='word_1_37' title='bbox 1479 633 1566 688; x_wconf 81' lang='grc' dir='ltr'><strong>καὶ</strong></span> <span class='ocrx_word' id='word_1_38' title='bbox 1622 631 1813 690; x_wconf 79' lang='grc' dir='ltr'>λοιπὸν</span> <span class='ocrx_word' id='word_1_39' title='bbox 1867 633 1934 688; x_wconf 79' lang='grc' dir='ltr'>τὰ</span> 
     </span>
    </p>
   </div>
   <div class='ocr_carea' id='block_1_8' title="bbox 295 718 1932 799">
    <p class='ocr_par' dir='ltr' id='par_1_8' title="bbox 295 718 1932 799">
     <span class='ocr_line' id='line_1_8' title="bbox 295 718 1932 799; baseline -0.001 -23"><span class='ocrx_word' id='word_1_40' title='bbox 295 722 421 799; x_wconf 71' lang='grc' dir='ltr'>περὶ</span> <span class='ocrx_word' id='word_1_41' title='bbox 468 722 557 775; x_wconf 78' lang='grc' dir='ltr'><strong>τὸν</strong></span> <span class='ocrx_word' id='word_1_42' title='bbox 615 719 837 775; x_wconf 85' lang='grc' dir='ltr'>θάνατον</span> <span class='ocrx_word' id='word_1_43' title='bbox 896 718 1085 776; x_wconf 70' lang='grc' dir='ltr'>τούτου</span> <span class='ocrx_word' id='word_1_44' title='bbox 1150 718 1462 797; x_wconf 74' lang='grc' dir='ltr'>ηὖτρέπιζον</span> <span class='ocrx_word' id='word_1_45' title='bbox 1522 724 1567 777; x_wconf 79' lang='grc' dir='ltr'><strong>οἱ</strong></span> <span class='ocrx_word' id='word_1_46' title='bbox 1626 724 1932 799; x_wconf 74' lang='grc' dir='ltr'>προσήγον-</span> 
     </span>
    </p>
   </div>
   <div class='ocr_carea' id='block_1_9' title="bbox 293 830 403 871">
    <p class='ocr_par' dir='ltr' id='par_1_9' title="bbox 293 830 403 871">
     <span class='ocr_line' id='line_1_9' title="bbox 293 830 403 871; baseline 0.045 -7"><span class='ocrx_word' id='word_1_47' title='bbox 293 830 403 871; x_wconf 82' lang='grc' dir='ltr'>τες.</span> 
     </span>
    </p>
   </div>
   <div class='ocr_carea' id='block_1_10' title="bbox 369 897 1929 976">
    <p class='ocr_par' dir='ltr' id='par_1_10' title="bbox 369 897 1929 976">
     <span class='ocr_line' id='line_1_10' title="bbox 369 897 1929 976; baseline 0 -21"><span class='ocrx_word' id='word_1_48' title='bbox 369 898 442 959; x_wconf 76' lang='grc' dir='ltr'><strong>θ’.</strong></span> <span class='ocrx_word' id='word_1_49' title='bbox 500 900 633 956; x_wconf 83' lang='grc' dir='ltr'><strong>Τότε</strong></span> <span class='ocrx_word' id='word_1_50' title='bbox 689 920 769 962; x_wconf 89' lang='grc' dir='ltr'><strong>τις</strong></span> <span class='ocrx_word' id='word_1_51' title='bbox 828 903 931 953; x_wconf 74' lang='grc' dir='ltr'>τῶν</span> <span class='ocrx_word' id='word_1_52' title='bbox 1018 897 1364 976; x_wconf 67' lang='grc' dir='ltr'>εὔνουστέρων</span> <span class='ocrx_word' id='word_1_53' title='bbox 1437 901 1581 973; x_wconf 77' lang='grc' dir='ltr'>αὖτῷ</span> <span class='ocrx_word' id='word_1_54' title='bbox 1637 898 1929 958; x_wconf 72' lang='grc' dir='ltr'>δοκούντων</span> 
     </span>
    </p>
   </div>
   <div class='ocr_carea' id='block_1_11' title="bbox 292 985 1925 1069">
    <p class='ocr_par' dir='ltr' id='par_1_11' title="bbox 292 985 1925 1069">
     <span class='ocr_line' id='line_1_11' title="bbox 292 985 1925 1069; baseline 0.001 -27"><span class='ocrx_word' id='word_1_55' title='bbox 292 987 553 1067; x_wconf 74' lang='grc' dir='ltr'>ὑπάρχειν</span> <span class='ocrx_word' id='word_1_56' title='bbox 636 987 764 1064; x_wconf 80' lang='grc' dir='ltr'>πρὸς</span> <span class='ocrx_word' id='word_1_57' title='bbox 841 988 901 1042; x_wconf 77' lang='grc' dir='ltr'>τὸ</span> <span class='ocrx_word' id='word_1_58' title='bbox 980 986 1068 1051; x_wconf 79' lang='grc' dir='ltr'><strong>οὖς</strong></span> <span class='ocrx_word' id='word_1_59' title='bbox 1144 988 1319 1062; x_wconf 77' lang='grc' dir='ltr'>ἡμέρα</span> <span class='ocrx_word' id='word_1_60' title='bbox 1375 985 1540 1069; x_wconf 74' lang='grc' dir='ltr'>ἔφησε</span> <span class='ocrx_word' id='word_1_61' title='bbox 1598 988 1925 1063; x_wconf 78' lang='grc' dir='ltr'>προσελθὼν,</span> 
     </span>
    </p>
   </div>
   <div class='ocr_carea' id='block_1_12' title="bbox 290 1074 1927 1155">
    <p class='ocr_par' dir='ltr' id='par_1_12' title="bbox 290 1074 1927 1155">
     <span class='ocr_line' id='line_1_12' title="bbox 290 1074 1927 1155; baseline 0.001 -21"><span class='ocrx_word' id='word_1_62' title='bbox 290 1075 447 1134; x_wconf 79' lang='grc' dir='ltr'>’Ἔστι</span> <span class='ocrx_word' id='word_1_63' title='bbox 492 1096 572 1141; x_wconf 88' lang='grc' dir='ltr'><strong>τις</strong></span> <span class='ocrx_word' id='word_1_64' title='bbox 630 1076 784 1155; x_wconf 77' lang='grc' dir='ltr'>ἀνὴρ,</span> <span class='ocrx_word' id='word_1_65' title='bbox 819 1076 877 1141; x_wconf 85' lang='grc' dir='ltr'>ὃς</span> <span class='ocrx_word' id='word_1_66' title='bbox 909 1074 1097 1153; x_wconf 70' lang='grc' dir='ltr'>εἴρηκέ</span> <span class='ocrx_word' id='word_1_67' title='bbox 1129 1098 1220 1152; x_wconf 91' lang='grc' dir='ltr'><strong>μοι</strong></span> <span class='ocrx_word' id='word_1_68' title='bbox 1264 1074 1509 1134; x_wconf 79' lang='grc' dir='ltr'>δύνασθαί</span> <span class='ocrx_word' id='word_1_69' title='bbox 1538 1100 1619 1151; x_wconf 89' lang='grc' dir='ltr'><strong>σε,</strong></span> <span class='ocrx_word' id='word_1_70' title='bbox 1654 1079 1700 1135; x_wconf 81' lang='grc' dir='ltr'>ὦ</span> <span class='ocrx_word' id='word_1_71' title='bbox 1730 1076 1927 1135; x_wconf 79' lang='grc' dir='ltr'>δέσπο-</span> 
     </span>
    </p>
   </div>
   <div class='ocr_carea' id='block_1_13' title="bbox 208 1163 1927 1247">
    <p class='ocr_par' dir='ltr' id='par_1_13' title="bbox 208 1163 1927 1247">
     <span class='ocr_line' id='line_1_13' title="bbox 208 1163 1927 1247; baseline 0.002 -27"><span class='ocrx_word' id='word_1_72' title='bbox 208 1178 211 1179; x_wconf 67' lang='grc'><strong><em>⁷</em></strong></span> <span class='ocrx_word' id='word_1_73' title='bbox 288 1187 379 1247; x_wconf 85' lang='grc' dir='ltr'><strong>τα,</strong></span> <span class='ocrx_word' id='word_1_74' title='bbox 424 1168 548 1243; x_wconf 79' lang='grc' dir='ltr'><strong>ὑγιῆ</strong></span> <span class='ocrx_word' id='word_1_75' title='bbox 601 1165 877 1245; x_wconf 83' lang='grc' dir='ltr'>καθιστᾷν,</span> <span class='ocrx_word' id='word_1_76' title='bbox 941 1167 986 1221; x_wconf 77' lang='lat' dir='ltr'><strong>si</strong></span> <span class='ocrx_word' id='word_1_77' title='bbox 1041 1163 1285 1235; x_wconf 81' lang='grc' dir='ltr'>θελήσεις</span> <span class='ocrx_word' id='word_1_78' title='bbox 1328 1170 1428 1234; x_wconf 82' lang='grc' dir='ltr'>τὴν</span> <span class='ocrx_word' id='word_1_79' title='bbox 1484 1169 1927 1247; x_wconf 74' lang='grc' dir='ltr'>ἓγγεγραμμὲνην</span> 
     </span>
    </p>
   </div>
   <div class='ocr_carea' id='block_1_14' title="bbox 290 1252 1932 1333">
    <p class='ocr_par' dir='ltr' id='par_1_14' title="bbox 290 1252 1932 1333">
     <span class='ocr_line' id='line_1_14' title="bbox 290 1252 1932 1333; baseline 0.004 -23"><span class='ocrx_word' id='word_1_80' title='bbox 290 1252 618 1333; x_wconf 73' lang='grc' dir='ltr'>μεμϐράναν,</span> <span class='ocrx_word' id='word_1_81' title='bbox 679 1254 743 1323; x_wconf 73' lang='grc' dir='ltr'>ἢν</span> <span class='ocrx_word' id='word_1_82' title='bbox 801 1253 978 1311; x_wconf 71' lang='grc' dir='ltr'>δίδωσί</span> <span class='ocrx_word' id='word_1_83' title='bbox 1033 1277 1162 1333; x_wconf 87' lang='grc' dir='ltr'>σοι,</span> <span class='ocrx_word' id='word_1_84' title='bbox 1227 1255 1439 1333; x_wconf 77' lang='grc' dir='ltr'>ἀφάψαι</span> <span class='ocrx_word' id='word_1_85' title='bbox 1513 1258 1649 1314; x_wconf 80' lang='grc' dir='ltr'>κατὰ</span> <span class='ocrx_word' id='word_1_86' title='bbox 1695 1264 1787 1315; x_wconf 80' lang='grc' dir='ltr'>τοῦ</span> <span class='ocrx_word' id='word_1_87' title='bbox 1839 1264 1932 1315; x_wconf 77' lang='grc' dir='ltr'>σοῦ</span> 
     </span>
    </p>
   </div>
   <div class='ocr_carea' id='block_1_15' title="bbox 293 1335 1932 1425">
    <p class='ocr_par' dir='ltr' id='par_1_15' title="bbox 293 1335 1932 1425">
     <span class='ocr_line' id='line_1_15' title="bbox 293 1335 1932 1425; baseline 0.002 -25"><span class='ocrx_word' id='word_1_88' title='bbox 293 1342 614 1425; x_wconf 80' lang='grc' dir='ltr'>τραχήλου,</span> <span class='ocrx_word' id='word_1_89' title='bbox 672 1345 760 1400; x_wconf 87' lang='grc' dir='ltr'><strong>καὶ</strong></span> <span class='ocrx_word' id='word_1_90' title='bbox 817 1356 1023 1424; x_wconf 77' lang='grc' dir='ltr'>φορεῖν,</span> <span class='ocrx_word' id='word_1_91' title='bbox 1086 1335 1142 1402; x_wconf 68' lang='grc' dir='ltr'><strong>Ὀ</strong></span> <span class='ocrx_word' id='word_1_92' title='bbox 1218 1341 1273 1401; x_wconf 79' lang='grc' dir='ltr'>δὲ</span> <span class='ocrx_word' id='word_1_93' title='bbox 1330 1344 1589 1424; x_wconf 82' lang='grc' dir='ltr'>μακάριος</span> <span class='ocrx_word' id='word_1_94' title='bbox 1665 1349 1932 1425; x_wconf 79' lang='grc' dir='ltr'>Μαριανὸς</span> 
     </span>
    </p>
   </div>
   <div class='ocr_carea' id='block_1_16' title="bbox 294 1432 1934 1514">
    <p class='ocr_par' dir='ltr' id='par_1_16' title="bbox 294 1432 1934 1514">
     <span class='ocr_line' id='line_1_16' title="bbox 294 1432 1934 1514; baseline 0.004 -27"><span class='ocrx_word' id='word_1_95' title='bbox 294 1432 615 1510; x_wconf 77' lang='grc' dir='ltr'>ἀπεκρίνατο</span> <span class='ocrx_word' id='word_1_96' title='bbox 650 1450 664 1466; x_wconf 87' lang='grc'><strong>·</strong></span> <span class='ocrx_word' id='word_1_97' title='bbox 721 1435 817 1490; x_wconf 79' lang='grc' dir='ltr'>Καί</span> <span class='ocrx_word' id='word_1_98' title='bbox 870 1433 918 1488; x_wconf 89' lang='grc' dir='ltr'><strong>τί</strong></span> <span class='ocrx_word' id='word_1_99' title='bbox 963 1436 1130 1502; x_wconf 64' lang='grc' dir='ltr'>ἔστιν,</span> <span class='ocrx_word' id='word_1_100' title='bbox 1183 1433 1211 1488; x_wconf 78' lang='grc' dir='ltr'>ὅ</span> <span class='ocrx_word' id='word_1_101' title='bbox 1256 1456 1418 1512; x_wconf 77' lang='grc' dir='ltr'>φησιν</span> <span class='ocrx_word' id='word_1_102' title='bbox 1462 1434 1814 1514; x_wconf 73' lang='grc' dir='ltr'><strong>ἐγγεγράφθαι</strong></span> <span class='ocrx_word' id='word_1_103' title='bbox 1866 1441 1934 1512; x_wconf 75' lang='grc' dir='ltr'>τῇ</span> 
     </span>
    </p>
   </div>
   <div class='ocr_carea' id='block_1_17' title="bbox 295 1519 1935 1601">
    <p class='ocr_par' dir='ltr' id='par_1_17' title="bbox 295 1519 1935 1601">
     <span class='ocr_line' id='line_1_17' title="bbox 295 1519 1935 1601; baseline 0.003 -25"><span class='ocrx_word' id='word_1_104' title='bbox 295 1519 575 1598; x_wconf 77' lang='grc' dir='ltr'>μεμϐράνῃ</span> <span class='ocrx_word' id='word_1_105' title='bbox 610 1541 625 1596; x_wconf 87' lang='grc'>;</span> <span class='ocrx_word' id='word_1_106' title='bbox 674 1520 813 1579; x_wconf 72' lang='lat' dir='ltr'><strong>Eine</strong></span> <span class='ocrx_word' id='word_1_107' title='bbox 845 1519 899 1578; x_wconf 80' lang='grc' dir='ltr'><strong>δὲ</strong></span> <span class='ocrx_word' id='word_1_108' title='bbox 931 1525 957 1578; x_wconf 89' lang='lat'><strong>6</strong></span> <span class='ocrx_word' id='word_1_109' title='bbox 988 1535 1118 1588; x_wconf 74' lang='grc' dir='ltr'>παῖς</span> <span class='ocrx_word' id='word_1_110' title='bbox 1153 1539 1167 1553; x_wconf 80' lang='grc'><strong>⁸</strong></span> <span class='ocrx_word' id='word_1_111' title='bbox 1223 1522 1627 1601; x_wconf 74' lang='grc' dir='ltr'>Ἐρωτήσαντός</span> <span class='ocrx_word' id='word_1_112' title='bbox 1675 1546 1776 1600; x_wconf 87' lang='grc' dir='ltr'><strong>μου</strong></span> <span class='ocrx_word' id='word_1_113' title='bbox 1836 1548 1935 1598; x_wconf 90' lang='grc' dir='ltr'>μι-</span> 
     </span>
    </p>
   </div>
   <div class='ocr_carea' id='block_1_18' title="bbox 294 1611 1928 1692">
    <p class='ocr_par' dir='ltr' id='par_1_18' title="bbox 294 1611 1928 1692">
     <span class='ocr_line' id='line_1_18' title="bbox 294 1611 1928 1692; baseline 0.002 -25"><span class='ocrx_word' id='word_1_114' title='bbox 294 1612 424 1688; x_wconf 88' lang='grc' dir='ltr'>κρόν</span> <span class='ocrx_word' id='word_1_115' title='bbox 478 1634 529 1668; x_wconf 88' lang='grc' dir='ltr'><strong>τι</strong></span> <span class='ocrx_word' id='word_1_116' title='bbox 559 1612 958 1690; x_wconf 83' lang='grc' dir='ltr'>περιεργότερον</span> <span class='ocrx_word' id='word_1_117' title='bbox 990 1611 1074 1669; x_wconf 75' lang='grc' dir='ltr'><strong>διὰ</strong></span> <span class='ocrx_word' id='word_1_118' title='bbox 1104 1613 1203 1680; x_wconf 73' lang='grc' dir='ltr'><strong>τὴν</strong></span> <span class='ocrx_word' id='word_1_119' title='bbox 1256 1611 1456 1692; x_wconf 77' lang='grc' dir='ltr'>ἄφατόν</span> <span class='ocrx_word' id='word_1_120' title='bbox 1517 1636 1617 1687; x_wconf 88' lang='grc' dir='ltr'><strong>μου</strong></span> <span class='ocrx_word' id='word_1_121' title='bbox 1674 1615 1791 1688; x_wconf 88' lang='grc' dir='ltr'>περὶ</span> <span class='ocrx_word' id='word_1_122' title='bbox 1847 1614 1928 1690; x_wconf 79' lang='grc' dir='ltr'><strong>σὲ,</strong></span> 
     </span>
    </p>
   </div>
   <div class='ocr_carea' id='block_1_19' title="bbox 292 1698 1930 1784">
    <p class='ocr_par' dir='ltr' id='par_1_19' title="bbox 292 1698 1930 1784">
     <span class='ocr_line' id='line_1_19' title="bbox 292 1698 1930 1784; baseline 0.003 -29"><span class='ocrx_word' id='word_1_123' title='bbox 292 1703 367 1755; x_wconf 57' lang='lat'><strong>63-</strong></span> <span class='ocrx_word' id='word_1_124' title='bbox 383 1698 636 1773; x_wconf 75' lang='grc' dir='ltr'><strong>δέσποτα,</strong></span> <span class='ocrx_word' id='word_1_125' title='bbox 683 1698 928 1780; x_wconf 75' lang='grc' dir='ltr'>φροντίδα</span> <span class='ocrx_word' id='word_1_126' title='bbox 962 1748 977 1773; x_wconf 91' lang='grc'><strong>,</strong></span> <span class='ocrx_word' id='word_1_127' title='bbox 1038 1699 1154 1760; x_wconf 66' lang='grc' dir='ltr'>οὔδε</span> <span class='ocrx_word' id='word_1_128' title='bbox 1213 1712 1370 1762; x_wconf 79' lang='grc' dir='ltr'>τοῦτο</span> <span class='ocrx_word' id='word_1_129' title='bbox 1439 1723 1505 1763; x_wconf 76' lang='grc' dir='ltr'><strong>με</strong></span> <span class='ocrx_word' id='word_1_130' title='bbox 1563 1702 1930 1784; x_wconf 72' lang='grc' dir='ltr'>ἀπεκρύψατο,</span> 
     </span>
    </p>
   </div>
   <div class='ocr_carea' id='block_1_20' title="bbox 2015 533 3657 615">
    <p class='ocr_par' dir='ltr' id='par_1_20' title="bbox 2015 533 3657 615">
     <span class='ocr_line' id='line_1_20' title="bbox 2015 533 3657 615; baseline -0.003 -14"><span class='ocrx_word' id='word_1_131' title='bbox 2015 540 2187 602; x_wconf 83' lang='lat' dir='ltr'><strong>ﬁeret</strong></span> <span class='ocrx_word' id='word_1_132' title='bbox 2217 541 2462 615; x_wconf 88' lang='lat' dir='ltr'><strong>malum,</strong></span> <span class='ocrx_word' id='word_1_133' title='bbox 2499 558 2609 601; x_wconf 87' lang='lat' dir='ltr'><strong>nec</strong></span> <span class='ocrx_word' id='word_1_134' title='bbox 2635 539 2813 601; x_wconf 84' lang='lat' dir='ltr'><strong>ullam</strong></span> <span class='ocrx_word' id='word_1_135' title='bbox 2846 539 2905 601; x_wconf 91' lang='lat' dir='ltr'><strong>in</strong></span> <span class='ocrx_word' id='word_1_136' title='bbox 2946 537 3110 600; x_wconf 90' lang='lat' dir='ltr'><strong>omni</strong></span> <span class='ocrx_word' id='word_1_137' title='bbox 3140 537 3401 600; x_wconf 88' lang='lat' dir='ltr'><strong>humano</strong></span> <span class='ocrx_word' id='word_1_138' title='bbox 3433 533 3657 598; x_wconf 80' lang='lat' dir='ltr'><strong>auxilio</strong></span> 
     </span>
    </p>
   </div>
   <div class='ocr_carea' id='block_1_21' title="bbox 2016 627 3653 711">
    <p class='ocr_par' dir='ltr' id='par_1_21' title="bbox 2016 627 3653 711">
     <span class='ocr_line' id='line_1_21' title="bbox 2016 627 3653 711; baseline -0.004 -21"><span class='ocrx_word' id='word_1_139' title='bbox 2016 628 2184 709; x_wconf 85' lang='lat' dir='ltr'><strong>spem</strong></span> <span class='ocrx_word' id='word_1_140' title='bbox 2216 629 2300 690; x_wconf 89' lang='lat' dir='ltr'><strong>vir</strong></span> <span class='ocrx_word' id='word_1_141' title='bbox 2330 629 2605 700; x_wconf 84' lang='lat' dir='ltr'><strong>haberet,</strong></span> <span class='ocrx_word' id='word_1_142' title='bbox 2637 630 2825 710; x_wconf 86' lang='lat' dir='ltr'><strong>iique,</strong></span> <span class='ocrx_word' id='word_1_143' title='bbox 2858 629 2962 711; x_wconf 87' lang='lat' dir='ltr'><strong>qui</strong></span> <span class='ocrx_word' id='word_1_144' title='bbox 3013 627 3069 690; x_wconf 92' lang='lat' dir='ltr'><strong>ei</strong></span> <span class='ocrx_word' id='word_1_145' title='bbox 3100 627 3426 689; x_wconf 81' lang='lat' dir='ltr'><strong>familiares</strong></span> <span class='ocrx_word' id='word_1_146' title='bbox 3456 630 3653 700; x_wconf 90' lang='lat' dir='ltr'><strong>erant,</strong></span> 
     </span>
    </p>
   </div>
   <div class='ocr_carea' id='block_1_22' title="bbox 2017 717 3281 800">
    <p class='ocr_par' dir='ltr' id='par_1_22' title="bbox 2017 717 3281 800">
     <span class='ocr_line' id='line_1_22' title="bbox 2017 717 3281 800; baseline 0.001 -21"><span class='ocrx_word' id='word_1_147' title='bbox 2017 717 2090 779; x_wconf 91' lang='lat' dir='ltr'><strong>ad</strong></span> <span class='ocrx_word' id='word_1_148' title='bbox 2125 725 2378 780; x_wconf 91' lang='lat' dir='ltr'><strong>mortem</strong></span> <span class='ocrx_word' id='word_1_149' title='bbox 2402 718 2592 800; x_wconf 86' lang='lat' dir='ltr'><strong>ipsius</strong></span> <span class='ocrx_word' id='word_1_150' title='bbox 2625 718 2957 799; x_wconf 90' lang='lat' dir='ltr'><strong>spectantia</strong></span> <span class='ocrx_word' id='word_1_151' title='bbox 2979 724 3281 800; x_wconf 89' lang='lat' dir='ltr'><strong>parerent.</strong></span> 
     </span>
    </p>
   </div>
   <div class='ocr_carea' id='block_1_23' title="bbox 2101 892 3701 979">
    <p class='ocr_par' dir='ltr' id='par_1_23' title="bbox 2101 892 3701 979">
     <span class='ocr_line' id='line_1_23' title="bbox 2101 892 3701 979; baseline -0.003 -20"><span class='ocrx_word' id='word_1_152' title='bbox 2101 896 2333 959; x_wconf 87' lang='lat' dir='ltr'><strong>9.Tunc</strong></span> <span class='ocrx_word' id='word_1_153' title='bbox 2354 897 2568 979; x_wconf 86' lang='lat' dir='ltr'><strong>aliquis</strong></span> <span class='ocrx_word' id='word_1_154' title='bbox 2590 912 2794 959; x_wconf 87' lang='lat' dir='ltr'><strong>eorum</strong></span> <span class='ocrx_word' id='word_1_155' title='bbox 2815 898 2918 973; x_wconf 87' lang='lat' dir='ltr'><strong>qui</strong></span> <span class='ocrx_word' id='word_1_156' title='bbox 2950 896 3161 977; x_wconf 83' lang='lat' dir='ltr'><strong>majori</strong></span> <span class='ocrx_word' id='word_1_157' title='bbox 3186 895 3246 958; x_wconf 89' lang='lat' dir='ltr'><strong>in</strong></span> <span class='ocrx_word' id='word_1_158' title='bbox 3273 910 3406 957; x_wconf 90' lang='lat' dir='ltr'><strong>eum</strong></span> <span class='ocrx_word' id='word_1_159' title='bbox 3431 893 3649 956; x_wconf 81' lang='lat' dir='ltr'><strong>affectu</strong></span> <span class='ocrx_word' id='word_1_160' title='bbox 3698 892 3701 901; x_wconf 75' lang='grc'>”</span> 
     </span>
    </p>
   </div>
   <div class='ocr_carea' id='block_1_24' title="bbox 2019 981 3653 1060">
    <p class='ocr_par' dir='ltr' id='par_1_24' title="bbox 2019 981 3653 1060">
     <span class='ocr_line' id='line_1_24' title="bbox 2019 981 3653 1060; baseline -0.002 -12"><span class='ocrx_word' id='word_1_161' title='bbox 2019 986 2176 1049; x_wconf 80' lang='lat' dir='ltr'><strong>ferre</strong></span> <span class='ocrx_word' id='word_1_162' title='bbox 2207 986 2891 1060; x_wconf 87' lang='lat' dir='ltr'><strong>videbantur,accedens</strong></span> <span class='ocrx_word' id='word_1_163' title='bbox 2923 986 3099 1049; x_wconf 86' lang='lat' dir='ltr'><strong>tacite</strong></span> <span class='ocrx_word' id='word_1_164' title='bbox 3122 985 3194 1048; x_wconf 90' lang='lat' dir='ltr'><strong>ad</strong></span> <span class='ocrx_word' id='word_1_165' title='bbox 3226 1002 3432 1047; x_wconf 90' lang='lat' dir='ltr'><strong>aurem</strong></span> <span class='ocrx_word' id='word_1_166' title='bbox 3467 981 3653 1045; x_wconf 81' lang='lat' dir='ltr'><strong>dixit:</strong></span> 
     </span>
    </p>
   </div>
   <div class='ocr_carea' id='block_1_25' title="bbox 2021 1072 3653 1157">
    <p class='ocr_par' dir='ltr' id='par_1_25' title="bbox 2021 1072 3653 1157">
     <span class='ocr_line' id='line_1_25' title="bbox 2021 1072 3653 1157; baseline -0.003 -18"><span class='ocrx_word' id='word_1_167' title='bbox 2021 1077 2124 1139; x_wconf 89' lang='lat' dir='ltr'><strong>Est</strong></span> <span class='ocrx_word' id='word_1_168' title='bbox 2153 1077 2242 1138; x_wconf 89' lang='lat' dir='ltr'><strong>vir</strong></span> <span class='ocrx_word' id='word_1_169' title='bbox 2268 1076 2500 1157; x_wconf 83' lang='lat' dir='ltr'><strong>aliquis,</strong></span> <span class='ocrx_word' id='word_1_170' title='bbox 2535 1077 2636 1156; x_wconf 90' lang='lat' dir='ltr'><strong>qui</strong></span> <span class='ocrx_word' id='word_1_171' title='bbox 2667 1076 2815 1137; x_wconf 83' lang='lat' dir='ltr'><strong>dixit</strong></span> <span class='ocrx_word' id='word_1_172' title='bbox 2855 1075 3025 1147; x_wconf 88' lang='lat' dir='ltr'><strong>mihi,</strong></span> <span class='ocrx_word' id='word_1_173' title='bbox 3060 1092 3270 1137; x_wconf 89' lang='lat' dir='ltr'><strong>sanum</strong></span> <span class='ocrx_word' id='word_1_174' title='bbox 3301 1082 3383 1148; x_wconf 89' lang='lat' dir='ltr'><strong>te,</strong></span> <span class='ocrx_word' id='word_1_175' title='bbox 3418 1093 3451 1134; x_wconf 97' lang='lat' dir='ltr'><strong>o</strong></span> <span class='ocrx_word' id='word_1_176' title='bbox 3483 1072 3653 1149; x_wconf 85' lang='lat' dir='ltr'><strong>here,</strong></span> 
     </span>
    </p>
   </div>
   <div class='ocr_carea' id='block_1_26' title="bbox 2021 1161 3647 1246">
    <p class='ocr_par' dir='ltr' id='par_1_26' title="bbox 2021 1161 3647 1246">
     <span class='ocr_line' id='line_1_26' title="bbox 2021 1161 3647 1246; baseline -0.003 -19"><span class='ocrx_word' id='word_1_177' title='bbox 2021 1165 2152 1227; x_wconf 82' lang='lat' dir='ltr'><strong>ﬁeri</strong></span> <span class='ocrx_word' id='word_1_178' title='bbox 2183 1166 2438 1245; x_wconf 87' lang='lat' dir='ltr'><strong>posse,si</strong></span> <span class='ocrx_word' id='word_1_179' title='bbox 2469 1165 2751 1246; x_wconf 83' lang='lat' dir='ltr'><strong>scriptam</strong></span> <span class='ocrx_word' id='word_1_180' title='bbox 2775 1166 3390 1246; x_wconf 89' lang='lat' dir='ltr'><strong>membranam,quam</strong></span> <span class='ocrx_word' id='word_1_181' title='bbox 3416 1163 3524 1224; x_wconf 85' lang='lat' dir='ltr'><strong>tibi</strong></span> <span class='ocrx_word' id='word_1_182' title='bbox 3547 1161 3647 1239; x_wconf 88' lang='lat' dir='ltr'><strong>do,</strong></span> 
     </span>
    </p>
   </div>
   <div class='ocr_carea' id='block_1_27' title="bbox 2016 1251 3653 1319">
    <p class='ocr_par' dir='ltr' id='par_1_27' title="bbox 2016 1251 3653 1319">
     <span class='ocr_line' id='line_1_27' title="bbox 2016 1251 3653 1319; baseline -0.003 -2"><span class='ocrx_word' id='word_1_183' title='bbox 2016 1273 2050 1317; x_wconf 88' lang='lat' dir='ltr'><strong>e</strong></span> <span class='ocrx_word' id='word_1_184' title='bbox 2101 1254 2257 1316; x_wconf 90' lang='lat' dir='ltr'><strong>collo</strong></span> <span class='ocrx_word' id='word_1_185' title='bbox 2315 1255 2476 1317; x_wconf 88' lang='lat' dir='ltr'><strong>ferre</strong></span> <span class='ocrx_word' id='word_1_186' title='bbox 2529 1254 2814 1319; x_wconf 87' lang='lat' dir='ltr'><strong>volueris.</strong></span> <span class='ocrx_word' id='word_1_187' title='bbox 2874 1256 3091 1317; x_wconf 87' lang='lat' dir='ltr'><strong>Beatus</strong></span> <span class='ocrx_word' id='word_1_188' title='bbox 3120 1261 3314 1317; x_wconf 87' lang='lat' dir='ltr'><strong>autem</strong></span> <span class='ocrx_word' id='word_1_189' title='bbox 3351 1251 3653 1314; x_wconf 82' lang='lat' dir='ltr'><strong>Marianos</strong></span> 
     </span>
    </p>
   </div>
   <div class='ocr_carea' id='block_1_28' title="bbox 2015 1338 3653 1424">
    <p class='ocr_par' dir='ltr' id='par_1_28' title="bbox 2015 1338 3653 1424">
     <span class='ocr_line' id='line_1_28' title="bbox 2015 1338 3653 1424; baseline -0.002 -20"><span class='ocrx_word' id='word_1_190' title='bbox 2015 1338 2628 1424; x_wconf 57' lang='lat' dir='ltr'><strong>responditﬁixitque</strong></span> <span class='ocrx_word' id='word_1_191' title='bbox 2652 1362 2667 1403; x_wconf 89' lang='lat'><strong>:</strong></span> <span class='ocrx_word' id='word_1_192' title='bbox 2687 1343 2839 1415; x_wconf 86' lang='lat' dir='ltr'><strong>Quid</strong></span> <span class='ocrx_word' id='word_1_193' title='bbox 2865 1342 3140 1424; x_wconf 91' lang='lat' dir='ltr'><strong>est,quod</strong></span> <span class='ocrx_word' id='word_1_194' title='bbox 3171 1340 3653 1418; x_wconf 71' lang='lat' dir='ltr'><strong>ait,membranaa</strong></span> 
     </span>
    </p>
   </div>
   <div class='ocr_carea' id='block_1_29' title="bbox 2017 1428 3657 1512">
    <p class='ocr_par' dir='ltr' id='par_1_29' title="bbox 2017 1428 3657 1512">
     <span class='ocr_line' id='line_1_29' title="bbox 2017 1428 3657 1512; baseline -0.004 -17"><span class='ocrx_word' id='word_1_195' title='bbox 2017 1450 2151 1495; x_wconf 87' lang='lat' dir='ltr'><strong>esse</strong></span> <span class='ocrx_word' id='word_1_196' title='bbox 2180 1432 2531 1512; x_wconf 84' lang='lat' dir='ltr'><strong>inscriptum</strong></span> <span class='ocrx_word' id='word_1_197' title='bbox 2555 1438 2584 1496; x_wconf 87' lang='lat'><strong>?</strong></span> <span class='ocrx_word' id='word_1_198' title='bbox 2608 1431 2765 1496; x_wconf 83' lang='lat' dir='ltr'><strong>Dixit</strong></span> <span class='ocrx_word' id='word_1_199' title='bbox 2788 1441 2986 1494; x_wconf 90' lang='lat' dir='ltr'><strong>autem</strong></span> <span class='ocrx_word' id='word_1_200' title='bbox 3010 1431 3264 1493; x_wconf 90' lang='lat' dir='ltr'><strong>famulus</strong></span> <span class='ocrx_word' id='word_1_201' title='bbox 3298 1452 3312 1495; x_wconf 88' lang='lat'><strong>:</strong></span> <span class='ocrx_word' id='word_1_202' title='bbox 3346 1428 3657 1494; x_wconf 81' lang='lat' dir='ltr'><strong>Curiosius</strong></span> 
     </span>
    </p>
   </div>
   <div class='ocr_carea' id='block_1_30' title="bbox 2018 1515 3654 1603">
    <p class='ocr_par' dir='ltr' id='par_1_30' title="bbox 2018 1515 3654 1603">
     <span class='ocr_line' id='line_1_30' title="bbox 2018 1515 3654 1603; baseline -0.001 -22"><span class='ocrx_word' id='word_1_203' title='bbox 2018 1539 2134 1602; x_wconf 87' lang='lat' dir='ltr'><strong>me,</strong></span> <span class='ocrx_word' id='word_1_204' title='bbox 2162 1539 2233 1583; x_wconf 82' lang='lat' dir='ltr'><strong>ex</strong></span> <span class='ocrx_word' id='word_1_205' title='bbox 2267 1540 2400 1583; x_wconf 90' lang='lat' dir='ltr'><strong>mea</strong></span> <span class='ocrx_word' id='word_1_206' title='bbox 2428 1539 2570 1603; x_wconf 81' lang='lat' dir='ltr'><strong>erga</strong></span> <span class='ocrx_word' id='word_1_207' title='bbox 2598 1529 2659 1584; x_wconf 87' lang='lat' dir='ltr'><strong>te</strong></span> <span class='ocrx_word' id='word_1_208' title='bbox 2710 1540 2852 1584; x_wconf 86' lang='lat' dir='ltr'><strong>cura</strong></span> <span class='ocrx_word' id='word_1_209' title='bbox 2902 1522 3328 1603; x_wconf 87' lang='lat' dir='ltr'><strong>inquirentem,</strong></span> <span class='ocrx_word' id='word_1_210' title='bbox 3366 1537 3562 1599; x_wconf 89' lang='lat' dir='ltr'><strong>neque</strong></span> <span class='ocrx_word' id='word_1_211' title='bbox 3589 1515 3654 1580; x_wconf 88' lang='lat' dir='ltr'><strong>id</strong></span> 
     </span>
    </p>
   </div>
   <div class='ocr_carea' id='block_1_31' title="bbox 2016 1608 3658 1692">
    <p class='ocr_par' dir='ltr' id='par_1_31' title="bbox 2016 1608 3658 1692">
     <span class='ocr_line' id='line_1_31' title="bbox 2016 1608 3658 1692; baseline -0.001 -22"><span class='ocrx_word' id='word_1_212' title='bbox 2016 1610 2205 1672; x_wconf 86' lang='lat' dir='ltr'><strong>latere</strong></span> <span class='ocrx_word' id='word_1_213' title='bbox 2238 1611 2447 1692; x_wconf 86' lang='lat' dir='ltr'><strong>voluit,</strong></span> <span class='ocrx_word' id='word_1_214' title='bbox 2472 1610 2578 1673; x_wconf 90' lang='lat' dir='ltr'><strong>sed</strong></span> <span class='ocrx_word' id='word_1_215' title='bbox 2632 1610 2801 1687; x_wconf 86' lang='lat' dir='ltr'><strong>dixit,</strong></span> <span class='ocrx_word' id='word_1_216' title='bbox 2854 1612 3080 1675; x_wconf 82' lang='lat' dir='ltr'><strong>litteras</strong></span> <span class='ocrx_word' id='word_1_217' title='bbox 3111 1609 3397 1692; x_wconf 87' lang='lat' dir='ltr'><strong>quasdam</strong></span> <span class='ocrx_word' id='word_1_218' title='bbox 3431 1626 3566 1670; x_wconf 92' lang='lat' dir='ltr'><strong>sese</strong></span> <span class='ocrx_word' id='word_1_219' title='bbox 3594 1608 3658 1669; x_wconf 89' lang='lat' dir='ltr'><strong>in</strong></span> 
     </span>
    </p>
   </div>
   <div class='ocr_carea' id='block_1_32' title="bbox 2015 1698 3652 1780">
    <p class='ocr_par' dir='ltr' id='par_1_32' title="bbox 2015 1698 3652 1780">
     <span class='ocr_line' id='line_1_32' title="bbox 2015 1698 3652 1780; baseline -0.001 -20"><span class='ocrx_word' id='word_1_220' title='bbox 2015 1716 2084 1760; x_wconf 88' lang='lat' dir='ltr'><strong>ea</strong></span> <span class='ocrx_word' id='word_1_221' title='bbox 2115 1698 2453 1780; x_wconf 86' lang='lat' dir='ltr'><strong>scripsisse,</strong></span> <span class='ocrx_word' id='word_1_222' title='bbox 2504 1707 2684 1780; x_wconf 87' lang='lat' dir='ltr'><strong>atque</strong></span> <span class='ocrx_word' id='word_1_223' title='bbox 2741 1700 3062 1764; x_wconf 89' lang='lat' dir='ltr'><strong>asteriscos</strong></span> <span class='ocrx_word' id='word_1_224' title='bbox 3114 1716 3183 1763; x_wconf 88' lang='lat' dir='ltr'><strong>ac</strong></span> <span class='ocrx_word' id='word_1_225' title='bbox 3213 1698 3652 1771; x_wconf 88' lang='lat' dir='ltr'><strong>semicirculos,</strong></span> 
     </span>
    </p>
   </div>
   <div class='ocr_carea' id='block_1_33' title="bbox 295 1786 1929 1871">
    <p class='ocr_par' dir='ltr' id='par_1_33' title="bbox 295 1787 1929 1871">
     <span class='ocr_line' id='line_1_33' title="bbox 295 1787 1929 1871; baseline 0.003 -27"><span class='ocrx_word' id='word_1_226' title='bbox 295 1787 416 1845; x_wconf 79' lang='grc' dir='ltr'>ἀλλ’</span> <span class='ocrx_word' id='word_1_227' title='bbox 475 1788 577 1868; x_wconf 77' lang='grc' dir='ltr'><strong>ἔφη</strong></span> <span class='ocrx_word' id='word_1_228' title='bbox 663 1790 807 1853; x_wconf 65' lang='grc' dir='ltr'>τινας</span> <span class='ocrx_word' id='word_1_229' title='bbox 893 1791 1142 1868; x_wconf 84' lang='grc' dir='ltr'>γραμμὰς</span> <span class='ocrx_word' id='word_1_230' title='bbox 1228 1791 1407 1848; x_wconf 73' lang='grc' dir='ltr'>ἐκεῖσε</span> <span class='ocrx_word' id='word_1_231' title='bbox 1463 1790 1793 1871; x_wconf 73' lang='grc' dir='ltr'><strong>διαγράφειν,</strong></span> <span class='ocrx_word' id='word_1_232' title='bbox 1849 1794 1929 1849; x_wconf 69' lang='grc' dir='ltr'>οιαὶ</span> 
     </span>
    </p>
   </div>
   <div class='ocr_carea' id='block_1_34' title="bbox 2017 1786 3655 1871">
    <p class='ocr_par' dir='ltr' id='par_1_34' title="bbox 2017 1786 3655 1871">
     <span class='ocr_line' id='line_1_34' title="bbox 2017 1786 3655 1871; baseline -0.001 -22"><span class='ocrx_word' id='word_1_233' title='bbox 2017 1796 2190 1869; x_wconf 89' lang='lat' dir='ltr'><strong>atque</strong></span> <span class='ocrx_word' id='word_1_234' title='bbox 2240 1790 2384 1850; x_wconf 88' lang='lat' dir='ltr'><strong>alias</strong></span> <span class='ocrx_word' id='word_1_235' title='bbox 2432 1789 2719 1871; x_wconf 87' lang='lat' dir='ltr'><strong>quasdam</strong></span> <span class='ocrx_word' id='word_1_236' title='bbox 2773 1788 2989 1868; x_wconf 80' lang='lat' dir='ltr'><strong>ﬁguras</strong></span> <span class='ocrx_word' id='word_1_237' title='bbox 3039 1788 3354 1851; x_wconf 83' lang='lat' dir='ltr'><strong>Hebraicis</strong></span> <span class='ocrx_word' id='word_1_238' title='bbox 3407 1786 3655 1868; x_wconf 85' lang='lat' dir='ltr'><strong>litteris,</strong></span> 
     </span>
    </p>
   </div>
   <div class='ocr_carea' id='block_1_35' title="bbox 294 1878 1933 1962">
    <p class='ocr_par' dir='ltr' id='par_1_35' title="bbox 294 1878 1933 1962">
     <span class='ocr_line' id='line_1_35' title="bbox 294 1878 1933 1962; baseline 0.003 -29"><span class='ocrx_word' id='word_1_239' title='bbox 294 1879 658 1958; x_wconf 71' lang='grc' dir='ltr'>ἀστερίσκους,</span> <span class='ocrx_word' id='word_1_240' title='bbox 725 1880 812 1935; x_wconf 90' lang='grc' dir='ltr'><strong>καὶ</strong></span> <span class='ocrx_word' id='word_1_241' title='bbox 870 1878 1185 1953; x_wconf 73' lang='grc' dir='ltr'>ἡμικύκλια,</span> <span class='ocrx_word' id='word_1_242' title='bbox 1244 1881 1333 1936; x_wconf 88' lang='grc' dir='ltr'><strong>καί</strong></span> <span class='ocrx_word' id='word_1_243' title='bbox 1388 1903 1506 1937; x_wconf 85' lang='grc' dir='ltr'>τινα</span> <span class='ocrx_word' id='word_1_244' title='bbox 1572 1881 1723 1959; x_wconf 80' lang='grc' dir='ltr'>ἕτερα</span> <span class='ocrx_word' id='word_1_245' title='bbox 1782 1883 1933 1962; x_wconf 79' lang='grc' dir='ltr'>σχή-</span> 
     </span>
    </p>
   </div>
   <div class='ocr_carea' id='block_1_36' title="bbox 291 1960 1932 2048">
    <p class='ocr_par' dir='ltr' id='par_1_36' title="bbox 291 1960 1932 2048">
     <span class='ocr_line' id='line_1_36' title="bbox 291 1960 1932 2048; baseline 0.002 -24"><span class='ocrx_word' id='word_1_246' title='bbox 291 1990 439 2042; x_wconf 83' lang='grc' dir='ltr'>ματα</span> <span class='ocrx_word' id='word_1_247' title='bbox 496 1968 809 2046; x_wconf 87' lang='grc' dir='ltr'>γράμμασιν</span> <span class='ocrx_word' id='word_1_248' title='bbox 876 1960 1209 2042; x_wconf 70' lang='grc' dir='ltr'>Ἑϐραϊκοῖς,</span> <span class='ocrx_word' id='word_1_249' title='bbox 1273 1971 1362 2026; x_wconf 86' lang='grc' dir='ltr'><strong>καὶ</strong></span> <span class='ocrx_word' id='word_1_250' title='bbox 1422 1971 1680 2045; x_wconf 78' lang='grc' dir='ltr'>ὀνόμασιν</span> <span class='ocrx_word' id='word_1_251' title='bbox 1750 1960 1932 2048; x_wconf 76' lang='grc' dir='ltr'><strong>ἀγνώ-</strong></span> 
     </span>
    </p>
   </div>
   <div class='ocr_carea' id='block_1_37' title="bbox 295 2056 1932 2139">
    <p class='ocr_par' dir='ltr' id='par_1_37' title="bbox 295 2056 1932 2139">
     <span class='ocr_line' id='line_1_37' title="bbox 295 2056 1932 2139; baseline 0.001 -24"><span class='ocrx_word' id='word_1_252' title='bbox 295 2079 437 2115; x_wconf 87' lang='grc' dir='ltr'>στων</span> <span class='ocrx_word' id='word_1_253' title='bbox 485 2069 602 2121; x_wconf 80' lang='grc' dir='ltr'>τοῖς</span> <span class='ocrx_word' id='word_1_254' title='bbox 657 2056 912 2138; x_wconf 77' lang='grc' dir='ltr'><strong>πολλοῖς,</strong></span> <span class='ocrx_word' id='word_1_255' title='bbox 974 2057 1165 2115; x_wconf 68' lang='grc' dir='ltr'>ἔσωθεν</span> <span class='ocrx_word' id='word_1_256' title='bbox 1221 2081 1277 2115; x_wconf 83' lang='grc' dir='ltr'><strong>τε</strong></span> <span class='ocrx_word' id='word_1_257' title='bbox 1334 2060 1422 2116; x_wconf 80' lang='grc' dir='ltr'><strong>καὶ</strong></span> <span class='ocrx_word' id='word_1_258' title='bbox 1482 2057 1669 2124; x_wconf 77' lang='grc' dir='ltr'>ἔξωθεν</span> <span class='ocrx_word' id='word_1_259' title='bbox 1712 2082 1932 2139; x_wconf 87' lang='grc' dir='ltr'>περιγε-</span> 
     </span>
    </p>
   </div>
   <div class='ocr_carea' id='block_1_38' title="bbox 293 2144 1933 2228">
    <p class='ocr_par' dir='ltr' id='par_1_38' title="bbox 293 2144 1933 2228">
     <span class='ocr_line' id='line_1_38' title="bbox 293 2144 1933 2228; baseline 0.003 -26"><span class='ocrx_word' id='word_1_260' title='bbox 293 2144 593 2226; x_wconf 80' lang='grc' dir='ltr'>γραμμὲνα.</span> <span class='ocrx_word' id='word_1_261' title='bbox 645 2145 707 2203; x_wconf 90' lang='grc' dir='ltr'><strong>Τί</strong></span> <span class='ocrx_word' id='word_1_262' title='bbox 747 2147 847 2225; x_wconf 79' lang='grc' dir='ltr'>γὰρ</span> <span class='ocrx_word' id='word_1_263' title='bbox 904 2148 1060 2226; x_wconf 85' lang='grc' dir='ltr'>χρεία</span> <span class='ocrx_word' id='word_1_264' title='bbox 1111 2149 1197 2204; x_wconf 71' lang='grc' dir='ltr'>καὶ</span> <span class='ocrx_word' id='word_1_265' title='bbox 1242 2157 1334 2206; x_wconf 77' lang='grc' dir='ltr'><strong>τοῦ</strong></span> <span class='ocrx_word' id='word_1_266' title='bbox 1377 2151 1570 2223; x_wconf 79' lang='grc' dir='ltr'>μαθεῖν</span> <span class='ocrx_word' id='word_1_267' title='bbox 1615 2150 1720 2205; x_wconf 77' lang='grc' dir='ltr'>τῶν</span> <span class='ocrx_word' id='word_1_268' title='bbox 1772 2149 1933 2228; x_wconf 72' lang='grc' dir='ltr'>ἐγγεο</span> 
     </span>
    </p>
   </div>
   <div class='ocr_carea' id='block_1_39' title="bbox 294 2234 1932 2316">
    <p class='ocr_par' dir='ltr' id='par_1_39' title="bbox 294 2234 1932 2316">
     <span class='ocr_line' id='line_1_39' title="bbox 294 2234 1932 2316; baseline 0.002 -25"><span class='ocrx_word' id='word_1_269' title='bbox 294 2235 618 2315; x_wconf 85' lang='grc' dir='ltr'>γραμμὲνων</span> <span class='ocrx_word' id='word_1_270' title='bbox 676 2235 772 2303; x_wconf 77' lang='grc' dir='ltr'>τὴν</span> <span class='ocrx_word' id='word_1_271' title='bbox 828 2234 1046 2308; x_wconf 88' lang='grc' dir='ltr'>δύναμιν</span> <span class='ocrx_word' id='word_1_272' title='bbox 1090 2238 1175 2292; x_wconf 84' lang='grc' dir='ltr'><strong>καὶ</strong></span> <span class='ocrx_word' id='word_1_273' title='bbox 1222 2237 1287 2293; x_wconf 81' lang='grc' dir='ltr'>τὰ</span> <span class='ocrx_word' id='word_1_274' title='bbox 1328 2238 1611 2316; x_wconf 78' lang='grc' dir='ltr'>σχήματα,</span> <span class='ocrx_word' id='word_1_275' title='bbox 1652 2238 1748 2302; x_wconf 76' lang='grc' dir='ltr'><strong>Εἷς</strong></span> <span class='ocrx_word' id='word_1_276' title='bbox 1799 2240 1932 2313; x_wconf 73' lang='grc' dir='ltr'>ἡμῖν</span> 
     </span>
    </p>
   </div>
   <div class='ocr_carea' id='block_1_40' title="bbox 289 2323 1931 2405">
    <p class='ocr_par' dir='ltr' id='par_1_40' title="bbox 289 2323 1931 2405">
     <span class='ocr_line' id='line_1_40' title="bbox 289 2323 1931 2405; baseline 0 -23"><span class='ocrx_word' id='word_1_277' title='bbox 289 2338 411 2388; x_wconf 82' lang='grc' dir='ltr'>τοϊς</span> <span class='ocrx_word' id='word_1_278' title='bbox 465 2323 670 2390; x_wconf 85' lang='grc' dir='ltr'>δούλοις</span> <span class='ocrx_word' id='word_1_279' title='bbox 730 2347 822 2383; x_wconf 79' lang='grc' dir='ltr'><strong>σου</strong></span> <span class='ocrx_word' id='word_1_280' title='bbox 878 2332 1039 2382; x_wconf 84' lang='grc' dir='ltr'>πᾶσιν</span> <span class='ocrx_word' id='word_1_281' title='bbox 1098 2327 1319 2404; x_wconf 82' lang='grc' dir='ltr'>σκοπὸς,</span> <span class='ocrx_word' id='word_1_282' title='bbox 1366 2328 1428 2383; x_wconf 88' lang='grc' dir='ltr'><strong>τό</strong></span> <span class='ocrx_word' id='word_1_283' title='bbox 1470 2348 1528 2382; x_wconf 89' lang='grc' dir='ltr'><strong>σε</strong></span> <span class='ocrx_word' id='word_1_284' title='bbox 1589 2332 1689 2394; x_wconf 74' lang='grc' dir='ltr'>τῆς</span> <span class='ocrx_word' id='word_1_285' title='bbox 1756 2329 1931 2405; x_wconf 77' lang='grc' dir='ltr'>ὑγείας</span> 
     </span>
    </p>
   </div>
   <div class='ocr_carea' id='block_1_41' title="bbox 291 2413 1934 2495">
    <p class='ocr_par' dir='ltr' id='par_1_41' title="bbox 291 2413 1934 2495">
     <span class='ocr_line' id='line_1_41' title="bbox 291 2413 1934 2495; baseline 0 -24"><span class='ocrx_word' id='word_1_286' title='bbox 291 2428 509 2495; x_wconf 75' lang='grc' dir='ltr'>τυχεῖν,</span> <span class='ocrx_word' id='word_1_287' title='bbox 563 2416 649 2471; x_wconf 82' lang='grc' dir='ltr'><strong>καὶ</strong></span> <span class='ocrx_word' id='word_1_288' title='bbox 704 2413 780 2489; x_wconf 74' lang='grc' dir='ltr'>μῆ</span> <span class='ocrx_word' id='word_1_289' title='bbox 837 2413 1037 2477; x_wconf 79' lang='grc' dir='ltr'>πάντας</span> <span class='ocrx_word' id='word_1_290' title='bbox 1087 2417 1249 2489; x_wconf 72' lang='grc' dir='ltr'>ἡμᾶς,</span> <span class='ocrx_word' id='word_1_291' title='bbox 1283 2416 1430 2495; x_wconf 76' lang='grc' dir='ltr'>τάχα</span> <span class='ocrx_word' id='word_1_292' title='bbox 1460 2413 1515 2471; x_wconf 76' lang='grc' dir='ltr'>δὲ</span> <span class='ocrx_word' id='word_1_293' title='bbox 1552 2417 1641 2472; x_wconf 80' lang='grc' dir='ltr'><strong>καὶ</strong></span> <span class='ocrx_word' id='word_1_294' title='bbox 1673 2418 1769 2484; x_wconf 76' lang='grc' dir='ltr'>τὴν</span> <span class='ocrx_word' id='word_1_295' title='bbox 1800 2415 1934 2484; x_wconf 77' lang='grc' dir='ltr'>ὅλην</span> 
     </span>
    </p>
   </div>
   <div class='ocr_carea' id='block_1_42' title="bbox 291 2501 1932 2586">
    <p class='ocr_par' dir='ltr' id='par_1_42' title="bbox 291 2501 1932 2586">
     <span class='ocr_line' id='line_1_42' title="bbox 291 2501 1932 2586; baseline 0.001 -26"><span class='ocrx_word' id='word_1_296' title='bbox 291 2502 454 2560; x_wconf 86' lang='grc' dir='ltr'>πόλιν</span> <span class='ocrx_word' id='word_1_297' title='bbox 493 2501 576 2559; x_wconf 82' lang='grc' dir='ltr'><strong>διὰ</strong></span> <span class='ocrx_word' id='word_1_298' title='bbox 618 2501 715 2571; x_wconf 77' lang='grc' dir='ltr'>τῆς</span> <span class='ocrx_word' id='word_1_299' title='bbox 759 2507 858 2569; x_wconf 80' lang='grc' dir='ltr'>σῆς</span> <span class='ocrx_word' id='word_1_300' title='bbox 910 2505 1210 2582; x_wconf 70' lang='grc' dir='ltr'>στερήσεως</span> <span class='ocrx_word' id='word_1_301' title='bbox 1261 2503 1463 2576; x_wconf 77' lang='grc' dir='ltr'>ζῶντας</span> <span class='ocrx_word' id='word_1_302' title='bbox 1522 2506 1592 2570; x_wconf 74' lang='grc' dir='ltr'>εἷς</span> <span class='ocrx_word' id='word_1_303' title='bbox 1638 2504 1763 2578; x_wconf 75' lang='grc' dir='ltr'>ᾅδου</span> <span class='ocrx_word' id='word_1_304' title='bbox 1817 2526 1932 2586; x_wconf 86' lang='grc' dir='ltr'>χω·</span> 
     </span>
    </p>
   </div>
   <div class='ocr_carea' id='block_1_43' title="bbox 290 2596 504 2662">
    <p class='ocr_par' dir='ltr' id='par_1_43' title="bbox 290 2596 504 2662">
     <span class='ocr_line' id='line_1_43' title="bbox 290 2596 504 2662; baseline 0.005 -14"><span class='ocrx_word' id='word_1_305' title='bbox 290 2596 504 2662; x_wconf 79' lang='grc' dir='ltr'>σθῆναι.</span> 
     </span>
    </p>
   </div>
   <div class='ocr_carea' id='block_1_44' title="bbox 375 2680 1933 2764">
    <p class='ocr_par' dir='ltr' id='par_1_44' title="bbox 375 2680 1933 2764">
     <span class='ocr_line' id='line_1_44' title="bbox 375 2680 1933 2764; baseline 0.003 -27"><span class='ocrx_word' id='word_1_306' title='bbox 375 2680 436 2741; x_wconf 83' lang='grc' dir='ltr'><strong>ι’.</strong></span> <span class='ocrx_word' id='word_1_307' title='bbox 483 2680 622 2738; x_wconf 82' lang='grc' dir='ltr'>Λάϐε</span> <span class='ocrx_word' id='word_1_308' title='bbox 666 2681 780 2756; x_wconf 76' lang='grc' dir='ltr'>οὖν,</span> <span class='ocrx_word' id='word_1_309' title='bbox 824 2684 870 2737; x_wconf 82' lang='grc' dir='ltr'>ὧ</span> <span class='ocrx_word' id='word_1_310' title='bbox 939 2681 1189 2756; x_wconf 85' lang='grc' dir='ltr'>δέσποτα,</span> <span class='ocrx_word' id='word_1_311' title='bbox 1247 2684 1307 2738; x_wconf 83' lang='grc' dir='ltr'>τὸ</span> <span class='ocrx_word' id='word_1_312' title='bbox 1351 2684 1526 2764; x_wconf 82' lang='grc' dir='ltr'>βραχὺ</span> <span class='ocrx_word' id='word_1_313' title='bbox 1569 2692 1725 2742; x_wconf 82' lang='grc' dir='ltr'>τοῦτο</span> <span class='ocrx_word' id='word_1_314' title='bbox 1769 2682 1933 2763; x_wconf 80' lang='grc' dir='ltr'>δέρμα</span> 
     </span>
    </p>
   </div>
   <div class='ocr_carea' id='block_1_45' title="bbox 289 2771 1933 2853">
    <p class='ocr_par' dir='ltr' id='par_1_45' title="bbox 289 2771 1933 2853">
     <span class='ocr_line' id='line_1_45' title="bbox 289 2771 1933 2853; baseline 0.001 -26"><span class='ocrx_word' id='word_1_315' title='bbox 289 2772 381 2828; x_wconf 81' lang='grc' dir='ltr'><strong>καὶ</strong></span> <span class='ocrx_word' id='word_1_316' title='bbox 434 2772 677 2850; x_wconf 81' lang='grc' dir='ltr'>φόρεσον,</span> <span class='ocrx_word' id='word_1_317' title='bbox 732 2771 821 2828; x_wconf 76' lang='grc' dir='ltr'><strong>καὶ</strong></span> <span class='ocrx_word' id='word_1_318' title='bbox 882 2772 1160 2849; x_wconf 82' lang='grc' dir='ltr'>ὑγιάσθητι</span> <span class='ocrx_word' id='word_1_319' title='bbox 1223 2773 1400 2846; x_wconf 68' lang='grc' dir='ltr'>αὐτὸς,</span> <span class='ocrx_word' id='word_1_320' title='bbox 1468 2775 1558 2831; x_wconf 78' lang='grc' dir='ltr'><strong>καὶ</strong></span> <span class='ocrx_word' id='word_1_321' title='bbox 1610 2775 1731 2839; x_wconf 85' lang='grc' dir='ltr'>τοὺς</span> <span class='ocrx_word' id='word_1_322' title='bbox 1787 2775 1933 2853; x_wconf 80' lang='grc' dir='ltr'>παρὰ</span> 
     </span>
    </p>
   </div>
   <div class='ocr_carea' id='block_1_46' title="bbox 290 2859 1933 2943">
    <p class='ocr_par' dir='ltr' id='par_1_46' title="bbox 290 2859 1933 2943">
     <span class='ocr_line' id='line_1_46' title="bbox 290 2859 1933 2943; baseline 0.002 -27"><span class='ocrx_word' id='word_1_323' title='bbox 290 2867 388 2917; x_wconf 73' lang='grc' dir='ltr'>σοό</span> <span class='ocrx_word' id='word_1_324' title='bbox 445 2861 644 2924; x_wconf 80' lang='grc' dir='ltr'>πάντας</span> <span class='ocrx_word' id='word_1_325' title='bbox 688 2865 787 2926; x_wconf 78' lang='grc' dir='ltr'>τῆς</span> <span class='ocrx_word' id='word_1_326' title='bbox 843 2863 1160 2940; x_wconf 77' lang='grc' dir='ltr'>φθοροποιοῦ</span> <span class='ocrx_word' id='word_1_327' title='bbox 1216 2859 1416 2935; x_wconf 82' lang='grc' dir='ltr'>λύπης,</span> <span class='ocrx_word' id='word_1_328' title='bbox 1447 2864 1535 2919; x_wconf 82' lang='grc' dir='ltr'>καὶ</span> <span class='ocrx_word' id='word_1_329' title='bbox 1579 2863 1676 2930; x_wconf 73' lang='grc' dir='ltr'>τῆς</span> <span class='ocrx_word' id='word_1_330' title='bbox 1707 2865 1827 2943; x_wconf 84' lang='grc' dir='ltr'>περὶ</span> <span class='ocrx_word' id='word_1_331' title='bbox 1874 2863 1933 2919; x_wconf 81' lang='grc' dir='ltr'>σὲ</span> 
     </span>
    </p>
   </div>
   <div class='ocr_carea' id='block_1_47' title="bbox 291 2948 1934 3029">
    <p class='ocr_par' dir='ltr' id='par_1_47' title="bbox 291 2948 1934 3029">
     <span class='ocr_line' id='line_1_47' title="bbox 291 2948 1934 3029; baseline 0.001 -23"><span class='ocrx_word' id='word_1_332' title='bbox 291 2948 480 3016; x_wconf 82' lang='grc' dir='ltr'>ὀδύνης</span> <span class='ocrx_word' id='word_1_333' title='bbox 523 2948 850 3015; x_wconf 76' lang='grc' dir='ltr'>ἀπάλλαξον.</span> <span class='ocrx_word' id='word_1_334' title='bbox 888 2950 1027 3006; x_wconf 79' lang='grc' dir='ltr'>Εῖπε</span> <span class='ocrx_word' id='word_1_335' title='bbox 1057 2949 1111 3005; x_wconf 78' lang='grc' dir='ltr'>δὲ</span> <span class='ocrx_word' id='word_1_336' title='bbox 1173 2950 1302 3029; x_wconf 71' lang='grc' dir='ltr'>πρὸς</span> <span class='ocrx_word' id='word_1_337' title='bbox 1346 2951 1503 3010; x_wconf 76' lang='grc' dir='ltr'>αὐτὸν</span> <span class='ocrx_word' id='word_1_338' title='bbox 1537 2953 1564 3007; x_wconf 89' lang='lat'><strong>6</strong></span> <span class='ocrx_word' id='word_1_339' title='bbox 1605 2953 1786 3016; x_wconf 80' lang='grc' dir='ltr'>πιστὸς</span> <span class='ocrx_word' id='word_1_340' title='bbox 1840 2952 1934 3009; x_wconf 75' lang='grc' dir='ltr'><strong>ὄν-</strong></span> 
     </span>
    </p>
   </div>
   <div class='ocr_carea' id='block_1_48' title="bbox 286 3036 1934 3120">
    <p class='ocr_par' dir='ltr' id='par_1_48' title="bbox 286 3036 1934 3120">
     <span class='ocr_line' id='line_1_48' title="bbox 286 3036 1934 3120; baseline 0.001 -24"><span class='ocrx_word' id='word_1_341' title='bbox 286 3061 422 3118; x_wconf 88' lang='grc' dir='ltr'>τως,</span> <span class='ocrx_word' id='word_1_342' title='bbox 456 3040 707 3095; x_wconf 77' lang='grc' dir='ltr'>καὶκατὰ</span> <span class='ocrx_word' id='word_1_343' title='bbox 738 3040 869 3095; x_wconf 74' lang='grc' dir='ltr'>Θεὸν</span> <span class='ocrx_word' id='word_1_344' title='bbox 917 3036 1251 3104; x_wconf 79' lang='grc' dir='ltr'>ἐνδοξότατος</span> <span class='ocrx_word' id='word_1_345' title='bbox 1301 3037 1547 3120; x_wconf 73' lang='grc' dir='ltr'>ὕπαρχος</span> <span class='ocrx_word' id='word_1_346' title='bbox 1606 3041 1789 3104; x_wconf 77' lang='grc' dir='ltr'>ἀτενὲς</span> <span class='ocrx_word' id='word_1_347' title='bbox 1847 3043 1934 3098; x_wconf 81' lang='grc' dir='ltr'><strong>ἑν-</strong></span> 
     </span>
    </p>
   </div>
   <div class='ocr_carea' id='block_1_49' title="bbox 2019 1876 3659 1958">
    <p class='ocr_par' dir='ltr' id='par_1_49' title="bbox 2019 1876 3659 1958">
     <span class='ocr_line' id='line_1_49' title="bbox 2019 1876 3659 1958; baseline 0 -20"><span class='ocrx_word' id='word_1_348' title='bbox 2019 1876 2342 1958; x_wconf 89' lang='lat' dir='ltr'><strong>multisque</strong></span> <span class='ocrx_word' id='word_1_349' title='bbox 2389 1876 2729 1958; x_wconf 85' lang='lat' dir='ltr'><strong>ignotorum</strong></span> <span class='ocrx_word' id='word_1_350' title='bbox 2781 1878 3126 1940; x_wconf 84' lang='lat' dir='ltr'><strong>nominibus</strong></span> <span class='ocrx_word' id='word_1_351' title='bbox 3175 1877 3429 1939; x_wconf 89' lang='lat' dir='ltr'><strong>interius</strong></span> <span class='ocrx_word' id='word_1_352' title='bbox 3479 1883 3659 1955; x_wconf 88' lang='lat' dir='ltr'><strong>atque</strong></span> 
     </span>
    </p>
   </div>
   <div class='ocr_carea' id='block_1_50' title="bbox 2016 1966 3655 2048">
    <p class='ocr_par' dir='ltr' id='par_1_50' title="bbox 2016 1966 3655 2048">
     <span class='ocr_line' id='line_1_50' title="bbox 2016 1966 3655 2048; baseline -0.001 -21"><span class='ocrx_word' id='word_1_353' title='bbox 2016 1967 2286 2029; x_wconf 85' lang='lat' dir='ltr'><strong>exterius</strong></span> <span class='ocrx_word' id='word_1_354' title='bbox 2318 1967 2823 2048; x_wconf 87' lang='lat' dir='ltr'><strong>circumscriptas.</strong></span> <span class='ocrx_word' id='word_1_355' title='bbox 2876 1966 3027 2039; x_wconf 86' lang='lat' dir='ltr'><strong>Quid</strong></span> <span class='ocrx_word' id='word_1_356' title='bbox 3073 1967 3232 2028; x_wconf 88' lang='lat' dir='ltr'><strong>enim</strong></span> <span class='ocrx_word' id='word_1_357' title='bbox 3267 1982 3517 2028; x_wconf 89' lang='lat' dir='ltr'><strong>necesse</strong></span> <span class='ocrx_word' id='word_1_358' title='bbox 3541 1972 3655 2039; x_wconf 91' lang='lat' dir='ltr'><strong>est,</strong></span> 
     </span>
    </p>
   </div>
   <div class='ocr_carea' id='block_1_51' title="bbox 2016 2051 3657 2136">
    <p class='ocr_par' dir='ltr' id='par_1_51' title="bbox 2016 2051 3657 2136">
     <span class='ocr_line' id='line_1_51' title="bbox 2016 2051 3657 2136; baseline -0.001 -20"><span class='ocrx_word' id='word_1_359' title='bbox 2016 2054 2441 2136; x_wconf 88' lang='lat' dir='ltr'><strong>inscriptorum</strong></span> <span class='ocrx_word' id='word_1_360' title='bbox 2470 2055 2710 2119; x_wconf 86' lang='lat' dir='ltr'><strong>discere</strong></span> <span class='ocrx_word' id='word_1_361' title='bbox 2739 2062 3015 2118; x_wconf 85' lang='lat' dir='ltr'><strong>virtutem</strong></span> <span class='ocrx_word' id='word_1_362' title='bbox 3065 2056 3408 2135; x_wconf 80' lang='lat' dir='ltr'><strong>ﬁgurasque</strong></span> <span class='ocrx_word' id='word_1_363' title='bbox 3430 2060 3460 2117; x_wconf 83' lang='lat'><strong>?</strong></span> <span class='ocrx_word' id='word_1_364' title='bbox 3489 2051 3657 2117; x_wconf 85' lang='lat' dir='ltr'><strong>Unus</strong></span> 
     </span>
    </p>
   </div>
   <div class='ocr_carea' id='block_1_52' title="bbox 2018 2143 3657 2226">
    <p class='ocr_par' dir='ltr' id='par_1_52' title="bbox 2018 2143 3657 2226">
     <span class='ocr_line' id='line_1_52' title="bbox 2018 2143 3657 2226; baseline -0.001 -20"><span class='ocrx_word' id='word_1_365' title='bbox 2018 2146 2190 2206; x_wconf 89' lang='lat' dir='ltr'><strong>nobis</strong></span> <span class='ocrx_word' id='word_1_366' title='bbox 2221 2143 2501 2207; x_wconf 90' lang='lat' dir='ltr'><strong>omnibus</strong></span> <span class='ocrx_word' id='word_1_367' title='bbox 2524 2145 2714 2208; x_wconf 80' lang='lat' dir='ltr'><strong>servis</strong></span> <span class='ocrx_word' id='word_1_368' title='bbox 2736 2146 2852 2208; x_wconf 87' lang='lat' dir='ltr'><strong>tuis</strong></span> <span class='ocrx_word' id='word_1_369' title='bbox 2875 2163 3096 2226; x_wconf 88' lang='lat' dir='ltr'><strong>scopus</strong></span> <span class='ocrx_word' id='word_1_370' title='bbox 3127 2153 3313 2219; x_wconf 91' lang='lat' dir='ltr'><strong>est,ut</strong></span> <span class='ocrx_word' id='word_1_371' title='bbox 3342 2143 3657 2205; x_wconf 83' lang='lat' dir='ltr'><strong>sanitatem</strong></span> 
     </span>
    </p>
   </div>
   <div class='ocr_carea' id='block_1_53' title="bbox 2016 2231 3656 2316">
    <p class='ocr_par' dir='ltr' id='par_1_53' title="bbox 2016 2231 3656 2316">
     <span class='ocr_line' id='line_1_53' title="bbox 2016 2231 3656 2316; baseline -0.002 -20"><span class='ocrx_word' id='word_1_372' title='bbox 2016 2236 2428 2315; x_wconf 87' lang='lat' dir='ltr'><strong>consequaris,</strong></span> <span class='ocrx_word' id='word_1_373' title='bbox 2464 2244 2522 2296; x_wconf 91' lang='lat' dir='ltr'><strong>et</strong></span> <span class='ocrx_word' id='word_1_374' title='bbox 2574 2253 2650 2297; x_wconf 90' lang='lat' dir='ltr'><strong>ne</strong></span> <span class='ocrx_word' id='word_1_375' title='bbox 2682 2253 2794 2297; x_wconf 90' lang='lat' dir='ltr'><strong>nos</strong></span> <span class='ocrx_word' id='word_1_376' title='bbox 2821 2254 3031 2298; x_wconf 90' lang='lat' dir='ltr'><strong>omnes</strong></span> <span class='ocrx_word' id='word_1_377' title='bbox 3060 2242 3298 2316; x_wconf 88' lang='lat' dir='ltr'><strong>totaque</strong></span> <span class='ocrx_word' id='word_1_378' title='bbox 3331 2233 3482 2295; x_wconf 87' lang='lat' dir='ltr'><strong>forte</strong></span> <span class='ocrx_word' id='word_1_379' title='bbox 3506 2231 3656 2294; x_wconf 90' lang='lat' dir='ltr'><strong>civi-</strong></span> 
     </span>
    </p>
   </div>
   <div class='ocr_carea' id='block_1_54' title="bbox 2015 2322 3660 2405">
    <p class='ocr_par' dir='ltr' id='par_1_54' title="bbox 2015 2322 3660 2405">
     <span class='ocr_line' id='line_1_54' title="bbox 2015 2322 3660 2405; baseline -0.001 -21"><span class='ocrx_word' id='word_1_380' title='bbox 2015 2329 2104 2384; x_wconf 87' lang='lat' dir='ltr'><strong>tas</strong></span> <span class='ocrx_word' id='word_1_381' title='bbox 2133 2341 2206 2384; x_wconf 84' lang='lat' dir='ltr'><strong>ex</strong></span> <span class='ocrx_word' id='word_1_382' title='bbox 2233 2322 2398 2384; x_wconf 87' lang='lat' dir='ltr'><strong>obitu</strong></span> <span class='ocrx_word' id='word_1_383' title='bbox 2434 2333 2533 2384; x_wconf 91' lang='lat' dir='ltr'><strong>tuo</strong></span> <span class='ocrx_word' id='word_1_384' title='bbox 2559 2323 2674 2384; x_wconf 82' lang='lat' dir='ltr'><strong>vivi</strong></span> <span class='ocrx_word' id='word_1_385' title='bbox 2701 2324 2774 2386; x_wconf 91' lang='lat' dir='ltr'><strong>ad</strong></span> <span class='ocrx_word' id='word_1_386' title='bbox 2808 2323 3102 2386; x_wconf 88' lang='lat' dir='ltr'><strong>tumulum</strong></span> <span class='ocrx_word' id='word_1_387' title='bbox 3134 2341 3322 2405; x_wconf 88' lang='lat' dir='ltr'><strong>usque</strong></span> <span class='ocrx_word' id='word_1_388' title='bbox 3347 2324 3660 2384; x_wconf 88' lang='lat' dir='ltr'><strong>contriste-</strong></span> 
     </span>
    </p>
   </div>
   <div class='ocr_carea' id='block_1_55' title="bbox 2017 2430 2173 2477">
    <p class='ocr_par' dir='ltr' id='par_1_55' title="bbox 2017 2430 2173 2477">
     <span class='ocr_line' id='line_1_55' title="bbox 2017 2430 2173 2477; baseline 0.019 -3"><span class='ocrx_word' id='word_1_389' title='bbox 2017 2430 2173 2477; x_wconf 89' lang='lat' dir='ltr'><strong>mur.</strong></span> 
     </span>
    </p>
   </div>
   <div class='ocr_carea' id='block_1_56' title="bbox 2100 2678 3653 2762">
    <p class='ocr_par' dir='ltr' id='par_1_56' title="bbox 2100 2678 3653 2762">
     <span class='ocr_line' id='line_1_56' title="bbox 2100 2678 3653 2762; baseline -0.001 -20"><span class='ocrx_word' id='word_1_390' title='bbox 2100 2678 2367 2743; x_wconf 85' lang='lat' dir='ltr'><strong>itl.Hanc</strong></span> <span class='ocrx_word' id='word_1_391' title='bbox 2394 2680 2595 2761; x_wconf 84' lang='lat' dir='ltr'><strong>igitur,</strong></span> <span class='ocrx_word' id='word_1_392' title='bbox 2629 2681 2799 2753; x_wconf 88' lang='lat' dir='ltr'><strong>here,</strong></span> <span class='ocrx_word' id='word_1_393' title='bbox 2833 2697 3071 2762; x_wconf 89' lang='lat' dir='ltr'><strong>parvam</strong></span> <span class='ocrx_word' id='word_1_394' title='bbox 3105 2679 3510 2742; x_wconf 86' lang='lat' dir='ltr'><strong>membranam</strong></span> <span class='ocrx_word' id='word_1_395' title='bbox 3544 2696 3653 2741; x_wconf 84' lang='lat' dir='ltr'><strong>ac-</strong></span> 
     </span>
    </p>
   </div>
   <div class='ocr_carea' id='block_1_57' title="bbox 2018 2770 3658 2851">
    <p class='ocr_par' dir='ltr' id='par_1_57' title="bbox 2018 2770 3658 2851">
     <span class='ocr_line' id='line_1_57' title="bbox 2018 2770 3658 2851; baseline -0.001 -21"><span class='ocrx_word' id='word_1_396' title='bbox 2018 2770 2148 2850; x_wconf 78' lang='lat' dir='ltr'><strong>cipe</strong></span> <span class='ocrx_word' id='word_1_397' title='bbox 2179 2778 2237 2831; x_wconf 83' lang='lat' dir='ltr'><strong>et</strong></span> <span class='ocrx_word' id='word_1_398' title='bbox 2290 2770 2403 2847; x_wconf 89' lang='lat' dir='ltr'><strong>fer,</strong></span> <span class='ocrx_word' id='word_1_399' title='bbox 2463 2779 2639 2851; x_wconf 88' lang='lat' dir='ltr'><strong>atque</strong></span> <span class='ocrx_word' id='word_1_400' title='bbox 2688 2771 2819 2850; x_wconf 87' lang='lat' dir='ltr'><strong>ipse</strong></span> <span class='ocrx_word' id='word_1_401' title='bbox 2867 2789 3102 2843; x_wconf 88' lang='lat' dir='ltr'><strong>sanare,</strong></span> <span class='ocrx_word' id='word_1_402' title='bbox 3164 2778 3418 2851; x_wconf 89' lang='lat' dir='ltr'><strong>tuosque</strong></span> <span class='ocrx_word' id='word_1_403' title='bbox 3446 2785 3658 2831; x_wconf 86' lang='lat' dir='ltr'><strong>omnes</strong></span> 
     </span>
    </p>
   </div>
   <div class='ocr_carea' id='block_1_58' title="bbox 2018 2857 3653 2941">
    <p class='ocr_par' dir='ltr' id='par_1_58' title="bbox 2018 2857 3653 2941">
     <span class='ocr_line' id='line_1_58' title="bbox 2018 2857 3653 2941; baseline 0.001 -22"><span class='ocrx_word' id='word_1_404' title='bbox 2018 2857 2195 2920; x_wconf 78' lang='lat' dir='ltr'><strong>nexio</strong></span> <span class='ocrx_word' id='word_1_405' title='bbox 2227 2858 2435 2921; x_wconf 89' lang='lat' dir='ltr'><strong>dolore</strong></span> <span class='ocrx_word' id='word_1_406' title='bbox 2465 2867 2876 2941; x_wconf 83' lang='lat' dir='ltr'><strong>conceptaque</strong></span> <span class='ocrx_word' id='word_1_407' title='bbox 2905 2860 2978 2922; x_wconf 90' lang='lat' dir='ltr'><strong>de</strong></span> <span class='ocrx_word' id='word_1_408' title='bbox 3011 2869 3067 2922; x_wconf 91' lang='lat' dir='ltr'><strong>te</strong></span> <span class='ocrx_word' id='word_1_409' title='bbox 3116 2859 3397 2921; x_wconf 73' lang='lat' dir='ltr'><strong>maestitia</strong></span> <span class='ocrx_word' id='word_1_410' title='bbox 3439 2858 3653 2921; x_wconf 82' lang='lat' dir='ltr'><strong>libera.</strong></span> 
     </span>
    </p>
   </div>
   <div class='ocr_carea' id='block_1_59' title="bbox 2017 2945 3655 3030">
    <p class='ocr_par' dir='ltr' id='par_1_59' title="bbox 2017 2945 3655 3030">
     <span class='ocr_line' id='line_1_59' title="bbox 2017 2945 3655 3030; baseline -0.002 -19"><span class='ocrx_word' id='word_1_411' title='bbox 2017 2945 2176 3011; x_wconf 87' lang='lat' dir='ltr'><strong>Vere</strong></span> <span class='ocrx_word' id='word_1_412' title='bbox 2206 2956 2401 3009; x_wconf 85' lang='lat' dir='ltr'><strong>autem</strong></span> <span class='ocrx_word' id='word_1_413' title='bbox 2435 2949 2629 3010; x_wconf 83' lang='lat' dir='ltr'><strong>ﬁdelis</strong></span> <span class='ocrx_word' id='word_1_414' title='bbox 2659 2967 2726 3010; x_wconf 91' lang='lat' dir='ltr'><strong>ac</strong></span> <span class='ocrx_word' id='word_1_415' title='bbox 2756 2952 2916 3030; x_wconf 90' lang='lat' dir='ltr'><strong>apud</strong></span> <span class='ocrx_word' id='word_1_416' title='bbox 2965 2949 3153 3012; x_wconf 91' lang='lat' dir='ltr'><strong>Deum</strong></span> <span class='ocrx_word' id='word_1_417' title='bbox 3186 2947 3655 3028; x_wconf 77' lang='lat' dir='ltr'><strong>gloriosissimus</strong></span> 
     </span>
    </p>
   </div>
   <div class='ocr_carea' id='block_1_60' title="bbox 2020 3036 3653 3119">
    <p class='ocr_par' dir='ltr' id='par_1_60' title="bbox 2020 3036 3653 3119">
     <span class='ocr_line' id='line_1_60' title="bbox 2020 3036 3653 3119; baseline 0 -21"><span class='ocrx_word' id='word_1_418' title='bbox 2020 3036 2333 3118; x_wconf 69' lang='lat' dir='ltr'><strong>praefectus</strong></span> <span class='ocrx_word' id='word_1_419' title='bbox 2364 3047 2528 3100; x_wconf 89' lang='lat' dir='ltr'><strong>torvo</strong></span> <span class='ocrx_word' id='word_1_420' title='bbox 2559 3040 2720 3101; x_wconf 93' lang='lat' dir='ltr'><strong>vultu</strong></span> <span class='ocrx_word' id='word_1_421' title='bbox 2772 3039 2919 3101; x_wconf 85' lang='lat' dir='ltr'><strong>dixit</strong></span> <span class='ocrx_word' id='word_1_422' title='bbox 2949 3039 3004 3101; x_wconf 91' lang='lat' dir='ltr'><strong>ei</strong></span> <span class='ocrx_word' id='word_1_423' title='bbox 3038 3061 3054 3100; x_wconf 90' lang='lat'><strong>:</strong></span> <span class='ocrx_word' id='word_1_424' title='bbox 3090 3038 3351 3101; x_wconf 89' lang='lat' dir='ltr'><strong>Primum</strong></span> <span class='ocrx_word' id='word_1_425' title='bbox 3382 3037 3653 3119; x_wconf 84' lang='lat' dir='ltr'><strong>quidem,</strong></span> 
     </span>
    </p>
   </div>
   <div class='ocr_carea' id='block_1_61' title="bbox 292 3127 1929 3211">
    <p class='ocr_par' dir='ltr' id='par_1_61' title="bbox 292 3127 1929 3211">
     <span class='ocr_line' id='line_1_61' title="bbox 292 3127 1929 3211; baseline 0.001 -26"><span class='ocrx_word' id='word_1_426' title='bbox 292 3127 423 3185; x_wconf 83' lang='grc' dir='ltr'>ιδὼν</span> <span class='ocrx_word' id='word_1_427' title='bbox 456 3147 471 3163; x_wconf 83' lang='grc'><strong>⁹</strong></span> <span class='ocrx_word' id='word_1_428' title='bbox 506 3131 721 3205; x_wconf 75' lang='grc' dir='ltr'>Πρῶτον</span> <span class='ocrx_word' id='word_1_429' title='bbox 782 3128 900 3204; x_wconf 77' lang='grc' dir='ltr'>μὲν,</span> <span class='ocrx_word' id='word_1_430' title='bbox 934 3132 979 3185; x_wconf 82' lang='grc' dir='ltr'><strong>ὦ</strong></span> <span class='ocrx_word' id='word_1_431' title='bbox 1025 3129 1311 3208; x_wconf 83' lang='grc' dir='ltr'>σαθρότατε</span> <span class='ocrx_word' id='word_1_432' title='bbox 1342 3128 1603 3205; x_wconf 76' lang='grc' dir='ltr'>σύμϐουλε</span> <span class='ocrx_word' id='word_1_433' title='bbox 1632 3133 1718 3187; x_wconf 83' lang='grc' dir='ltr'><strong>καὶ</strong></span> <span class='ocrx_word' id='word_1_434' title='bbox 1748 3136 1929 3211; x_wconf 65' lang='grc' dir='ltr'><strong>ψ.)χο-</strong></span> 
     </span>
    </p>
   </div>
   <div class='ocr_carea' id='block_1_62' title="bbox 2017 3127 3650 3211">
    <p class='ocr_par' dir='ltr' id='par_1_62' title="bbox 2017 3127 3650 3209">
     <span class='ocr_line' id='line_1_62' title="bbox 2017 3127 3650 3209; baseline 0 -21"><span class='ocrx_word' id='word_1_435' title='bbox 2017 3127 2360 3190; x_wconf 87' lang='lat' dir='ltr'><strong>futilissime</strong></span> <span class='ocrx_word' id='word_1_436' title='bbox 2392 3128 2727 3209; x_wconf 71' lang='lat' dir='ltr'><strong>animaeque</strong></span> <span class='ocrx_word' id='word_1_437' title='bbox 2778 3128 3286 3207; x_wconf 89' lang='lat' dir='ltr'><strong>perniciosissime</strong></span> <span class='ocrx_word' id='word_1_438' title='bbox 3317 3127 3650 3198; x_wconf 82' lang='lat' dir='ltr'><strong>consiliari,</strong></span> 
     </span>
    </p>
   </div>
   <div class='ocr_carea' id='block_1_63' title="bbox 287 3215 1934 3301">
    <p class='ocr_par' dir='ltr' id='par_1_63' title="bbox 287 3215 1934 3301">
     <span class='ocr_line' id='line_1_63' title="bbox 287 3215 1934 3301; baseline 0.002 -27"><span class='ocrx_word' id='word_1_439' title='bbox 287 3216 509 3293; x_wconf 75' lang='grc' dir='ltr'>ϐλαϐἒς,</span> <span class='ocrx_word' id='word_1_440' title='bbox 542 3220 701 3274; x_wconf 85' lang='grc' dir='ltr'>πόθεν</span> <span class='ocrx_word' id='word_1_441' title='bbox 733 3241 823 3292; x_wconf 90' lang='grc' dir='ltr'><strong>μοι</strong></span> <span class='ocrx_word' id='word_1_442' title='bbox 868 3215 1031 3285; x_wconf 73' lang='grc' dir='ltr'>δῆλον</span> <span class='ocrx_word' id='word_1_443' title='bbox 1061 3219 1135 3280; x_wconf 81' lang='grc' dir='ltr'>ὣς</span> <span class='ocrx_word' id='word_1_444' title='bbox 1168 3216 1421 3296; x_wconf 71' lang='grc' dir='ltr'>φεύξομαι</span> <span class='ocrx_word' id='word_1_445' title='bbox 1476 3228 1575 3287; x_wconf 84' lang='grc' dir='ltr'>τὴν</span> <span class='ocrx_word' id='word_1_446' title='bbox 1629 3219 1784 3277; x_wconf 87' lang='grc' dir='ltr'>νόσον</span> <span class='ocrx_word' id='word_1_447' title='bbox 1837 3244 1934 3301; x_wconf 75' lang='grc' dir='ltr'><strong>φο-</strong></span> 
     </span>
    </p>
   </div>
   <div class='ocr_carea' id='block_1_64' title="bbox 289 3305 1932 3387">
    <p class='ocr_par' dir='ltr' id='par_1_64' title="bbox 289 3305 1932 3387">
     <span class='ocr_line' id='line_1_64' title="bbox 289 3305 1932 3387; baseline 0.002 -25"><span class='ocrx_word' id='word_1_448' title='bbox 289 3306 450 3384; x_wconf 84' lang='grc' dir='ltr'>ρέσας</span> <span class='ocrx_word' id='word_1_449' title='bbox 504 3308 603 3375; x_wconf 78' lang='grc' dir='ltr'>τὴν</span> <span class='ocrx_word' id='word_1_450' title='bbox 655 3305 981 3387; x_wconf 76' lang='grc' dir='ltr'>μεμϐράναν,</span> <span class='ocrx_word' id='word_1_451' title='bbox 1034 3305 1239 3382; x_wconf 80' lang='grc' dir='ltr'>μᾶλλον</span> <span class='ocrx_word' id='word_1_452' title='bbox 1283 3305 1337 3387; x_wconf 80' lang='grc' dir='ltr'>δὲ</span> <span class='ocrx_word' id='word_1_453' title='bbox 1382 3311 1493 3373; x_wconf 78' lang='grc' dir='ltr'>πῶς</span> <span class='ocrx_word' id='word_1_454' title='bbox 1556 3310 1614 3365; x_wconf 78' lang='grc' dir='ltr'>οὐ</span> <span class='ocrx_word' id='word_1_455' title='bbox 1665 3307 1932 3380; x_wconf 74' lang='grc' dir='ltr'>πρόδηλον</span> 
     </span>
    </p>
   </div>
   <div class='ocr_carea' id='block_1_65' title="bbox 288 3386 1932 3478">
    <p class='ocr_par' dir='ltr' id='par_1_65' title="bbox 288 3386 1932 3478">
     <span class='ocr_line' id='line_1_65' title="bbox 288 3386 1932 3478; baseline 0.002 -27"><span class='ocrx_word' id='word_1_456' title='bbox 288 3394 462 3473; x_wconf 76' lang='grc' dir='ltr'>μηδὲν</span> <span class='ocrx_word' id='word_1_457' title='bbox 492 3396 687 3474; x_wconf 71' lang='grc' dir='ltr'>ἀγαθὸν</span> <span class='ocrx_word' id='word_1_458' title='bbox 742 3396 796 3452; x_wconf 78' lang='grc' dir='ltr'><strong>ἐν</strong></span> <span class='ocrx_word' id='word_1_459' title='bbox 849 3395 983 3473; x_wconf 80' lang='grc' dir='ltr'>αὒτῇ</span> <span class='ocrx_word' id='word_1_460' title='bbox 1032 3386 1429 3475; x_wconf 64' lang='grc' dir='ltr'>διαγεγράιρθαι,</span> <span class='ocrx_word' id='word_1_461' title='bbox 1460 3401 1553 3453; x_wconf 74' lang='grc' dir='ltr'><strong>τοῦ</strong></span> <span class='ocrx_word' id='word_1_462' title='bbox 1607 3401 1932 3478; x_wconf 73' lang='grc' dir='ltr'>γεγραφότος</span> 
     </span>
    </p>
   </div>
   <div class='ocr_carea' id='block_1_66' title="bbox 286 3484 1931 3567">
    <p class='ocr_par' dir='ltr' id='par_1_66' title="bbox 286 3484 1931 3567">
     <span class='ocr_line' id='line_1_66' title="bbox 286 3484 1931 3567; baseline 0.003 -27"><span class='ocrx_word' id='word_1_463' title='bbox 286 3487 371 3563; x_wconf 78' lang='grc' dir='ltr'>μὴ</span> <span class='ocrx_word' id='word_1_464' title='bbox 430 3484 750 3561; x_wconf 77' lang='grc' dir='ltr'><strong>βουλομένω</strong></span> <span class='ocrx_word' id='word_1_465' title='bbox 810 3486 908 3552; x_wconf 80' lang='grc' dir='ltr'><strong>τὴν</strong></span> <span class='ocrx_word' id='word_1_466' title='bbox 967 3485 1072 3542; x_wconf 80' lang='grc' dir='ltr'>τῶν</span> <span class='ocrx_word' id='word_1_467' title='bbox 1117 3487 1505 3565; x_wconf 76' lang='grc' dir='ltr'>γεγραμμένων</span> <span class='ocrx_word' id='word_1_468' title='bbox 1557 3486 1776 3564; x_wconf 74' lang='grc' dir='ltr'>δύναμιν</span> <span class='ocrx_word' id='word_1_469' title='bbox 1821 3511 1931 3567; x_wconf 77' lang='grc' dir='ltr'><strong>φα-</strong></span> 
     </span>
    </p>
   </div>
   <div class='ocr_carea' id='block_1_67' title="bbox 286 3575 1930 3655">
    <p class='ocr_par' dir='ltr' id='par_1_67' title="bbox 286 3575 1930 3655">
     <span class='ocr_line' id='line_1_67' title="bbox 286 3575 1930 3655; baseline 0.001 -24"><span class='ocrx_word' id='word_1_470' title='bbox 286 3578 516 3654; x_wconf 82' lang='grc' dir='ltr'>νερῶσαι</span> <span class='ocrx_word' id='word_1_471' title='bbox 551 3594 566 3654; x_wconf 69' lang='grc' dir='ltr'><strong>ς</strong></span> <span class='ocrx_word' id='word_1_472' title='bbox 632 3581 741 3630; x_wconf 85' lang='grc' dir='ltr'><strong>[Ιᾶν</strong></span> <span class='ocrx_word' id='word_1_473' title='bbox 802 3575 903 3653; x_wconf 76' lang='grc' dir='ltr'><strong>γὰρ</strong></span> <span class='ocrx_word' id='word_1_474' title='bbox 957 3576 1018 3631; x_wconf 82' lang='grc' dir='ltr'>τὸ</span> <span class='ocrx_word' id='word_1_475' title='bbox 1048 3576 1432 3655; x_wconf 82' lang='grc' dir='ltr'>φανερούμενον</span> <span class='ocrx_word' id='word_1_476' title='bbox 1464 3578 1602 3633; x_wconf 78' lang='grc' dir='ltr'>κατὰ</span> <span class='ocrx_word' id='word_1_477' title='bbox 1634 3578 1724 3633; x_wconf 82' lang='grc' dir='ltr'><strong>τὸν</strong></span> <span class='ocrx_word' id='word_1_478' title='bbox 1759 3577 1930 3633; x_wconf 75' lang='grc' dir='ltr'>Ἀπό-</span> 
     </span>
    </p>
   </div>
   <div class='ocr_carea' id='block_1_68' title="bbox 285 3663 1928 3743">
    <p class='ocr_par' dir='ltr' id='par_1_68' title="bbox 285 3663 1928 3743">
     <span class='ocr_line' id='line_1_68' title="bbox 285 3663 1928 3743; baseline -0.001 -21"><span class='ocrx_word' id='word_1_479' title='bbox 285 3664 482 3722; x_wconf 87' lang='grc' dir='ltr'>στολον</span> <span class='ocrx_word' id='word_1_480' title='bbox 525 3668 636 3743; x_wconf 76' lang='grc' dir='ltr'><strong>φῶς</strong></span> <span class='ocrx_word' id='word_1_481' title='bbox 700 3664 865 3726; x_wconf 77' lang='grc' dir='ltr'>ἐστιν.</span> <span class='ocrx_word' id='word_1_482' title='bbox 932 3666 988 3722; x_wconf 84' lang='grc' dir='ltr'><strong>Εἰ</strong></span> <span class='ocrx_word' id='word_1_483' title='bbox 1031 3663 1085 3719; x_wconf 74' lang='grc' dir='ltr'>δὲ</span> <span class='ocrx_word' id='word_1_484' title='bbox 1130 3666 1217 3720; x_wconf 88' lang='grc' dir='ltr'><strong>καὶ</strong></span> <span class='ocrx_word' id='word_1_485' title='bbox 1268 3666 1518 3731; x_wconf 79' lang='grc' dir='ltr'>ὑποτίθης</span> <span class='ocrx_word' id='word_1_486' title='bbox 1581 3688 1672 3740; x_wconf 90' lang='grc' dir='ltr'><strong>μοι</strong></span> <span class='ocrx_word' id='word_1_487' title='bbox 1716 3667 1928 3730; x_wconf 88' lang='grc' dir='ltr'>πάντως</span> 
     </span>
    </p>
   </div>
   <div class='ocr_carea' id='block_1_69' title="bbox 283 3754 1929 3834">
    <p class='ocr_par' dir='ltr' id='par_1_69' title="bbox 283 3754 1929 3834">
     <span class='ocr_line' id='line_1_69' title="bbox 283 3754 1929 3834; baseline -0.002 -24"><span class='ocrx_word' id='word_1_488' title='bbox 283 3756 543 3834; x_wconf 73' lang='grc' dir='ltr'>ὑγιαίδειν</span> <span class='ocrx_word' id='word_1_489' title='bbox 603 3755 740 3824; x_wconf 77' lang='grc' dir='ltr'>μετὰ</span> <span class='ocrx_word' id='word_1_490' title='bbox 794 3758 895 3820; x_wconf 79' lang='grc' dir='ltr'>τῆς</span> <span class='ocrx_word' id='word_1_491' title='bbox 952 3756 1309 3832; x_wconf 83' lang='grc' dir='ltr'>περιειργείας</span> <span class='ocrx_word' id='word_1_492' title='bbox 1369 3754 1577 3819; x_wconf 78' lang='grc' dir='ltr'>ἐκείνης</span> <span class='ocrx_word' id='word_1_493' title='bbox 1635 3756 1929 3834; x_wconf 70' lang='grc' dir='ltr'>φορέσαντα</span> 
     </span>
    </p>
   </div>
   <div class='ocr_carea' id='block_1_70' title="bbox 285 3840 1930 3923">
    <p class='ocr_par' dir='ltr' id='par_1_70' title="bbox 285 3840 1930 3923">
     <span class='ocr_line' id='line_1_70' title="bbox 285 3840 1930 3923; baseline -0.002 -21"><span class='ocrx_word' id='word_1_494' title='bbox 285 3845 604 3922; x_wconf 82' lang='grc' dir='ltr'>γράμματα,</span> <span class='ocrx_word' id='word_1_495' title='bbox 657 3845 717 3901; x_wconf 75' lang='grc' dir='ltr'><strong>οὗ</strong></span> <span class='ocrx_word' id='word_1_496' title='bbox 774 3840 1034 3919; x_wconf 87' lang='grc' dir='ltr'>βούλομαι</span> <span class='ocrx_word' id='word_1_497' title='bbox 1091 3845 1153 3898; x_wconf 80' lang='grc' dir='ltr'>τὸ</span> <span class='ocrx_word' id='word_1_498' title='bbox 1212 3844 1369 3917; x_wconf 69' lang='grc' dir='ltr'>σῶμα</span> <span class='ocrx_word' id='word_1_499' title='bbox 1420 3842 1710 3923; x_wconf 79' lang='grc' dir='ltr'>ῥωσθῆναι,</span> <span class='ocrx_word' id='word_1_500' title='bbox 1745 3844 1843 3911; x_wconf 76' lang='grc' dir='ltr'>τὴν</span> <span class='ocrx_word' id='word_1_501' title='bbox 1874 3841 1930 3899; x_wconf 76' lang='grc' dir='ltr'><strong>δὲ</strong></span> 
     </span>
    </p>
   </div>
   <div class='ocr_carea' id='block_1_71' title="bbox 285 3928 1931 4012">
    <p class='ocr_par' dir='ltr' id='par_1_71' title="bbox 285 3928 1931 4012">
     <span class='ocr_line' id='line_1_71' title="bbox 285 3928 1931 4012; baseline -0.001 -23"><span class='ocrx_word' id='word_1_502' title='bbox 285 3935 475 4012; x_wconf 78' lang='grc' dir='ltr'>ψυχήν</span> <span class='ocrx_word' id='word_1_503' title='bbox 506 3954 609 4008; x_wconf 80' lang='grc' dir='ltr'><strong>μου</strong></span> <span class='ocrx_word' id='word_1_504' title='bbox 666 3935 1030 4012; x_wconf 70' lang='grc' dir='ltr'>ζημιωθῆναι,</span> <span class='ocrx_word' id='word_1_505' title='bbox 1061 3928 1177 3987; x_wconf 76' lang='grc' dir='ltr'>οὒδὲ</span> <span class='ocrx_word' id='word_1_506' title='bbox 1205 3933 1246 3987; x_wconf 76' lang='grc' dir='ltr'><strong>εί</strong></span> <span class='ocrx_word' id='word_1_507' title='bbox 1293 3933 1384 3988; x_wconf 85' lang='grc' dir='ltr'><strong>τὸν</strong></span> <span class='ocrx_word' id='word_1_508' title='bbox 1415 3932 1618 4006; x_wconf 86' lang='grc' dir='ltr'>κόσμον</span> <span class='ocrx_word' id='word_1_509' title='bbox 1650 3931 1772 3989; x_wconf 85' lang='grc' dir='ltr'>ὅλον</span> <span class='ocrx_word' id='word_1_510' title='bbox 1803 3954 1931 4011; x_wconf 89' lang='grc' dir='ltr'>κερ-</span> 
     </span>
    </p>
   </div>
   <div class='ocr_carea' id='block_1_72' title="bbox 284 4008 1930 4098">
    <p class='ocr_par' dir='ltr' id='par_1_72' title="bbox 284 4008 1930 4098">
     <span class='ocr_line' id='line_1_72' title="bbox 284 4008 1930 4098; baseline 0.001 -20"><span class='ocrx_word' id='word_1_511' title='bbox 284 4020 446 4090; x_wconf 77' lang='grc' dir='ltr'>δῆσαί</span> <span class='ocrx_word' id='word_1_512' title='bbox 476 4043 568 4096; x_wconf 86' lang='grc' dir='ltr'><strong>μοι</strong></span> <span class='ocrx_word' id='word_1_513' title='bbox 611 4021 911 4097; x_wconf 71' lang='grc' dir='ltr'>προῦκειτο.</span> <span class='ocrx_word' id='word_1_514' title='bbox 943 4008 1149 4098; x_wconf 73' lang='grc' dir='ltr'>Ἀπαγε</span> <span class='ocrx_word' id='word_1_515' title='bbox 1194 4021 1308 4094; x_wconf 82' lang='grc' dir='ltr'>οὗν,</span> <span class='ocrx_word' id='word_1_516' title='bbox 1355 4022 1444 4076; x_wconf 84' lang='grc' dir='ltr'><strong>καὶ</strong></span> <span class='ocrx_word' id='word_1_517' title='bbox 1494 4023 1760 4084; x_wconf 78' lang='grc' dir='ltr'>τοιούτους</span> <span class='ocrx_word' id='word_1_518' title='bbox 1810 4017 1930 4098; x_wconf 75' lang='grc' dir='ltr'>ἐμοὶ</span> 
     </span>
    </p>
   </div>
   <div class='ocr_carea' id='block_1_73' title="bbox 283 4108 1924 4191">
    <p class='ocr_par' dir='ltr' id='par_1_73' title="bbox 283 4108 1924 4191">
     <span class='ocr_line' id='line_1_73' title="bbox 283 4108 1924 4191; baseline 0 -23"><span class='ocrx_word' id='word_1_519' title='bbox 283 4110 483 4191; x_wconf 83' lang='grc' dir='ltr'>λόγους</span> <span class='ocrx_word' id='word_1_520' title='bbox 544 4111 738 4185; x_wconf 80' lang='grc' dir='ltr'>μηκέτι</span> <span class='ocrx_word' id='word_1_521' title='bbox 797 4109 1087 4190; x_wconf 78' lang='grc' dir='ltr'>προσάξῃς.</span> <span class='ocrx_word' id='word_1_522' title='bbox 1122 4110 1278 4189; x_wconf 77' lang='grc' dir='ltr'>Λέγει</span> <span class='ocrx_word' id='word_1_523' title='bbox 1309 4108 1362 4166; x_wconf 75' lang='grc' dir='ltr'>δὲ</span> <span class='ocrx_word' id='word_1_524' title='bbox 1391 4113 1417 4167; x_wconf 91' lang='lat'><strong>6</strong></span> <span class='ocrx_word' id='word_1_525' title='bbox 1448 4122 1580 4174; x_wconf 73' lang='grc' dir='ltr'>παῖς</span> <span class='ocrx_word' id='word_1_526' title='bbox 1618 4130 1631 4145; x_wconf 80' lang='grc'><strong><em>⁸</em></strong></span> <span class='ocrx_word' id='word_1_527' title='bbox 1667 4110 1924 4191; x_wconf 79' lang='grc' dir='ltr'>Ἕκρινας</span> 
     </span>
    </p>
   </div>
   <div class='ocr_carea' id='block_1_74' title="bbox 284 4199 1925 4279">
    <p class='ocr_par' dir='ltr' id='par_1_74' title="bbox 284 4199 1925 4279">
     <span class='ocr_line' id='line_1_74' title="bbox 284 4199 1925 4279; baseline 0.001 -22"><span class='ocrx_word' id='word_1_528' title='bbox 284 4204 402 4275; x_wconf 78' lang='grc' dir='ltr'>οὖν,</span> <span class='ocrx_word' id='word_1_529' title='bbox 435 4201 480 4256; x_wconf 85' lang='grc' dir='ltr'><strong>ὦ</strong></span> <span class='ocrx_word' id='word_1_530' title='bbox 531 4201 776 4279; x_wconf 70' lang='grc' dir='ltr'>τρόφιμε,</span> <span class='ocrx_word' id='word_1_531' title='bbox 831 4202 1022 4256; x_wconf 82' lang='grc' dir='ltr'>σαυτὸν</span> <span class='ocrx_word' id='word_1_532' title='bbox 1069 4199 1364 4266; x_wconf 80' lang='grc' dir='ltr'>ἀπαλλάξαι</span> <span class='ocrx_word' id='word_1_533' title='bbox 1424 4204 1516 4257; x_wconf 76' lang='grc' dir='ltr'>τοῦ</span> <span class='ocrx_word' id='word_1_534' title='bbox 1543 4207 1664 4278; x_wconf 80' lang='grc' dir='ltr'>ζῇν,</span> <span class='ocrx_word' id='word_1_535' title='bbox 1695 4200 1789 4258; x_wconf 75' lang='grc' dir='ltr'>’ίνα</span> <span class='ocrx_word' id='word_1_536' title='bbox 1838 4204 1925 4259; x_wconf 80' lang='grc' dir='ltr'><strong>καὶ</strong></span> 
     </span>
    </p>
   </div>
   <div class='ocr_carea' id='block_1_75' title="bbox 281 4290 1071 4369">
    <p class='ocr_par' dir='ltr' id='par_1_75' title="bbox 281 4290 1071 4369">
     <span class='ocr_line' id='line_1_75' title="bbox 281 4290 1071 4369; baseline -0.001 -23"><span class='ocrx_word' id='word_1_537' title='bbox 281 4291 430 4365; x_wconf 67' lang='grc' dir='ltr'>τημᾶς</span> <span class='ocrx_word' id='word_1_538' title='bbox 459 4291 561 4369; x_wconf 77' lang='grc' dir='ltr'><strong>πρὸ</strong></span> <span class='ocrx_word' id='word_1_539' title='bbox 591 4297 684 4347; x_wconf 77' lang='grc' dir='ltr'>σοῦ</span> <span class='ocrx_word' id='word_1_540' title='bbox 710 4290 1018 4366; x_wconf 76' lang='grc' dir='ltr'>θανατώσῃς</span> <span class='ocrx_word' id='word_1_541' title='bbox 1054 4311 1071 4362; x_wconf 88' lang='lat'><strong>;</strong></span> 
     </span>
    </p>
   </div>
   <div class='ocr_carea' id='block_1_76' title="bbox 369 4368 1297 4458">
    <p class='ocr_par' dir='ltr' id='par_1_76' title="bbox 369 4368 1297 4458">
     <span class='ocr_line' id='line_1_76' title="bbox 369 4368 1297 4458; baseline -0.001 -24"><span class='ocrx_word' id='word_1_542' title='bbox 369 4375 466 4440; x_wconf 85' lang='grc' dir='ltr'>ια’,</span> <span class='ocrx_word' id='word_1_543' title='bbox 505 4368 587 4436; x_wconf 15' lang='lat'><strong>7&#39;0</strong></span> <span class='ocrx_word' id='word_1_544' title='bbox 640 4378 879 4458; x_wconf 44' lang='grc' dir='ltr'>ἔπαρχος</span> <span class='ocrx_word' id='word_1_545' title='bbox 927 4379 1244 4457; x_wconf 79' lang='grc' dir='ltr'>ἀπεκρίνατο</span> <span class='ocrx_word' id='word_1_546' title='bbox 1282 4397 1297 4413; x_wconf 74' lang='grc' dir='ltr'><strong>ο</strong></span> 
     </span>
    </p>
   </div>
   <div class='ocr_carea' id='block_1_77' title="bbox 282 4464 1925 4549">
    <p class='ocr_par' dir='ltr' id='par_1_77' title="bbox 282 4464 1925 4549">
     <span class='ocr_line' id='line_1_77' title="bbox 282 4464 1925 4549; baseline 0.001 -26"><span class='ocrx_word' id='word_1_547' title='bbox 282 4465 412 4523; x_wconf 77' lang='grc' dir='ltr'><strong>ἀλλ’</strong></span> <span class='ocrx_word' id='word_1_548' title='bbox 456 4464 560 4525; x_wconf 74' lang='grc' dir='ltr'>οὔδ’</span> <span class='ocrx_word' id='word_1_549' title='bbox 617 4467 868 4542; x_wconf 70' lang='grc' dir='ltr'>ἐμαυτὸν,</span> <span class='ocrx_word' id='word_1_550' title='bbox 903 4469 947 4523; x_wconf 80' lang='grc' dir='ltr'>εἰ</span> <span class='ocrx_word' id='word_1_551' title='bbox 998 4469 1084 4522; x_wconf 78' lang='grc' dir='ltr'><strong>καὶ</strong></span> <span class='ocrx_word' id='word_1_552' title='bbox 1116 4474 1208 4524; x_wconf 81' lang='grc' dir='ltr'>τοῦ</span> <span class='ocrx_word' id='word_1_553' title='bbox 1237 4467 1486 4542; x_wconf 80' lang='grc' dir='ltr'>σώματος</span> <span class='ocrx_word' id='word_1_554' title='bbox 1520 4468 1795 4549; x_wconf 82' lang='grc' dir='ltr'>χωρισθῶ,</span> <span class='ocrx_word' id='word_1_555' title='bbox 1827 4471 1925 4548; x_wconf 72' lang='grc' dir='ltr'>τὴν</span> 
     </span>
    </p>
   </div>
   <div class='ocr_carea' id='block_1_78' title="bbox 281 4544 1924 4636">
    <p class='ocr_par' dir='ltr' id='par_1_78' title="bbox 281 4544 1924 4636">
     <span class='ocr_line' id='line_1_78' title="bbox 281 4544 1924 4636; baseline 0.002 -25"><span class='ocrx_word' id='word_1_556' title='bbox 281 4554 340 4611; x_wconf 82' lang='grc' dir='ltr'>δὲ</span> <span class='ocrx_word' id='word_1_557' title='bbox 371 4556 558 4636; x_wconf 82' lang='grc' dir='ltr'>ψυχὴν</span> <span class='ocrx_word' id='word_1_558' title='bbox 587 4554 671 4615; x_wconf 78' lang='grc' dir='ltr'><strong>διὰ</strong></span> <span class='ocrx_word' id='word_1_559' title='bbox 701 4556 800 4624; x_wconf 77' lang='grc' dir='ltr'><strong>τὴν</strong></span> <span class='ocrx_word' id='word_1_560' title='bbox 853 4557 926 4621; x_wconf 80' lang='grc' dir='ltr'><strong>εἷς</strong></span> <span class='ocrx_word' id='word_1_561' title='bbox 967 4559 1192 4632; x_wconf 83' lang='grc' dir='ltr'>Χριστὸν</span> <span class='ocrx_word' id='word_1_562' title='bbox 1222 4556 1419 4630; x_wconf 88' lang='grc' dir='ltr'>πίστιν,</span> <span class='ocrx_word' id='word_1_563' title='bbox 1453 4544 1563 4614; x_wconf 30' lang='grc' dir='ltr'>καί*</span> <span class='ocrx_word' id='word_1_564' title='bbox 1589 4544 1650 4614; x_wconf 82' lang='grc' dir='ltr'>τὸ</span> <span class='ocrx_word' id='word_1_565' title='bbox 1697 4544 1791 4633; x_wconf 43' lang='grc' dir='ltr'><strong>μὴ-</strong></span> <span class='ocrx_word' id='word_1_566' title='bbox 1830 4544 1924 4615; x_wconf 69' lang='lat' dir='ltr'><strong>1s-</strong></span> 
     </span>
    </p>
   </div>
   <div class='ocr_carea' id='block_1_79' title="bbox 281 4642 1924 4726">
    <p class='ocr_par' dir='ltr' id='par_1_79' title="bbox 281 4642 1924 4726">
     <span class='ocr_line' id='line_1_79' title="bbox 281 4642 1924 4726; baseline 0.001 -26"><span class='ocrx_word' id='word_1_567' title='bbox 281 4642 566 4711; x_wconf 80' lang='grc' dir='ltr'>θεληκὲναι</span> <span class='ocrx_word' id='word_1_568' title='bbox 649 4666 717 4719; x_wconf 87' lang='grc' dir='ltr'><strong>με</strong></span> <span class='ocrx_word' id='word_1_569' title='bbox 777 4644 1076 4724; x_wconf 75' lang='grc' dir='ltr'>περιεργείᾳ</span> <span class='ocrx_word' id='word_1_570' title='bbox 1132 4644 1447 4719; x_wconf 77' lang='grc' dir='ltr'>δαιμονικῆς</span> <span class='ocrx_word' id='word_1_571' title='bbox 1508 4644 1711 4726; x_wconf 80' lang='grc' dir='ltr'>χλεύης</span> <span class='ocrx_word' id='word_1_572' title='bbox 1772 4648 1924 4722; x_wconf 70' lang='grc' dir='ltr'>εὔερ-</span> 
     </span>
    </p>
   </div>
   <div class='ocr_carea' id='block_1_80' title="bbox 281 4731 1924 4813">
    <p class='ocr_par' dir='ltr' id='par_1_80' title="bbox 281 4731 1924 4813">
     <span class='ocr_line' id='line_1_80' title="bbox 281 4731 1924 4813; baseline 0.002 -25"><span class='ocrx_word' id='word_1_573' title='bbox 281 4736 597 4813; x_wconf 78' lang='grc' dir='ltr'>γετηθῆναι,</span> <span class='ocrx_word' id='word_1_574' title='bbox 655 4734 760 4808; x_wconf 79' lang='grc' dir='ltr'>εἰμὶ</span> <span class='ocrx_word' id='word_1_575' title='bbox 818 4737 907 4790; x_wconf 86' lang='grc' dir='ltr'><strong>καὶ</strong></span> <span class='ocrx_word' id='word_1_576' title='bbox 978 4731 1130 4801; x_wconf 73' lang='grc' dir='ltr'>δίκην</span> <span class='ocrx_word' id='word_1_577' title='bbox 1202 4733 1355 4808; x_wconf 82' lang='grc' dir='ltr'>τίσω,</span> <span class='ocrx_word' id='word_1_578' title='bbox 1415 4735 1716 4813; x_wconf 70' lang='grc' dir='ltr'>εὐεργεσίαν</span> <span class='ocrx_word' id='word_1_579' title='bbox 1784 4733 1924 4800; x_wconf 73' lang='grc' dir='ltr'>ὅλως</span> 
     </span>
    </p>
   </div>
   <div class='ocr_carea' id='block_1_81' title="bbox 281 4819 1925 4900">
    <p class='ocr_par' dir='ltr' id='par_1_81' title="bbox 281 4819 1925 4900">
     <span class='ocr_line' id='line_1_81' title="bbox 281 4819 1925 4900; baseline 0.002 -23"><span class='ocrx_word' id='word_1_580' title='bbox 281 4819 623 4885; x_wconf 78' lang='grc' dir='ltr'>ἀποκαλέσας</span> <span class='ocrx_word' id='word_1_581' title='bbox 709 4823 807 4890; x_wconf 79' lang='grc' dir='ltr'><strong>τὴν</strong></span> <span class='ocrx_word' id='word_1_582' title='bbox 889 4822 988 4888; x_wconf 74' lang='grc' dir='ltr'>τῆς</span> <span class='ocrx_word' id='word_1_583' title='bbox 1071 4821 1351 4900; x_wconf 80' lang='grc' dir='ltr'>ἀλλοτρίας</span> <span class='ocrx_word' id='word_1_584' title='bbox 1411 4822 1683 4897; x_wconf 83' lang='grc' dir='ltr'>δυνάμεως</span> <span class='ocrx_word' id='word_1_585' title='bbox 1755 4847 1925 4897; x_wconf 83' lang='grc' dir='ltr'>παρα-</span> 
     </span>
    </p>
   </div>
   <div class='ocr_carea' id='block_1_82' title="bbox 281 4911 1923 4991">
    <p class='ocr_par' dir='ltr' id='par_1_82' title="bbox 281 4911 1923 4991">
     <span class='ocr_line' id='line_1_82' title="bbox 281 4911 1923 4991; baseline 0.002 -25"><span class='ocrx_word' id='word_1_586' title='bbox 281 4913 503 4978; x_wconf 79' lang='grc' dir='ltr'>σκευήν.</span> <span class='ocrx_word' id='word_1_587' title='bbox 566 4915 685 4973; x_wconf 82' lang='grc' dir='ltr'><strong>Πῶς</strong></span> <span class='ocrx_word' id='word_1_588' title='bbox 756 4912 861 4991; x_wconf 79' lang='grc' dir='ltr'>γὰρ</span> <span class='ocrx_word' id='word_1_589' title='bbox 916 4911 1345 4991; x_wconf 73' lang='grc' dir='ltr'>εὐεργετήσωσιν</span> <span class='ocrx_word' id='word_1_590' title='bbox 1401 4934 1529 4969; x_wconf 87' lang='grc' dir='ltr'>ποτε</span> <span class='ocrx_word' id='word_1_591' title='bbox 1558 4915 1606 4970; x_wconf 83' lang='grc' dir='ltr'>οἱ</span> <span class='ocrx_word' id='word_1_592' title='bbox 1649 4919 1748 4980; x_wconf 78' lang='grc' dir='ltr'>τῆς</span> <span class='ocrx_word' id='word_1_593' title='bbox 1779 4912 1923 4981; x_wconf 82' lang='grc' dir='ltr'>ἀλη-</span> 
     </span>
    </p>
   </div>
   <div class='ocr_carea' id='block_1_83' title="bbox 281 4999 1922 5080">
    <p class='ocr_par' dir='ltr' id='par_1_83' title="bbox 281 4999 1922 5080">
     <span class='ocr_line' id='line_1_83' title="bbox 281 4999 1922 5080; baseline 0.002 -24"><span class='ocrx_word' id='word_1_594' title='bbox 281 5003 402 5063; x_wconf 80' lang='grc' dir='ltr'>θοῦς</span> <span class='ocrx_word' id='word_1_595' title='bbox 454 4999 703 5077; x_wconf 86' lang='grc' dir='ltr'>προνοίας</span> <span class='ocrx_word' id='word_1_596' title='bbox 763 5001 978 5063; x_wconf 75' lang='grc' dir='ltr'>ἑαυτοὺς</span> <span class='ocrx_word' id='word_1_597' title='bbox 1038 5001 1368 5080; x_wconf 80' lang='grc' dir='ltr'>χωρίσαντες</span> <span class='ocrx_word' id='word_1_598' title='bbox 1414 4999 1509 5058; x_wconf 80' lang='grc' dir='ltr'><strong>διὰ</strong></span> <span class='ocrx_word' id='word_1_599' title='bbox 1538 5003 1724 5065; x_wconf 79' lang='grc' dir='ltr'>κακίας</span> <span class='ocrx_word' id='word_1_600' title='bbox 1756 5005 1922 5079; x_wconf 78' lang='grc' dir='ltr'>ὑπερ-</span> 
     </span>
    </p>
   </div>
   <div class='ocr_carea' id='block_1_84' title="bbox 279 5087 1925 5169">
    <p class='ocr_par' dir='ltr' id='par_1_84' title="bbox 279 5087 1925 5169">
     <span class='ocr_line' id='line_1_84' title="bbox 279 5087 1925 5169; baseline 0.002 -24"><span class='ocrx_word' id='word_1_601' title='bbox 279 5087 449 5158; x_wconf 79' lang='grc' dir='ltr'>ϐολήν</span> <span class='ocrx_word' id='word_1_602' title='bbox 486 5109 502 5165; x_wconf 81' lang='grc'>;</span> <span class='ocrx_word' id='word_1_603' title='bbox 533 5089 634 5154; x_wconf 74' lang='grc' dir='ltr'><strong>Οἷς</strong></span> <span class='ocrx_word' id='word_1_604' title='bbox 667 5112 765 5168; x_wconf 90' lang='grc' dir='ltr'><strong>γαρ</strong></span> <span class='ocrx_word' id='word_1_605' title='bbox 797 5091 858 5146; x_wconf 81' lang='grc' dir='ltr'>τὸ</span> <span class='ocrx_word' id='word_1_606' title='bbox 889 5090 945 5146; x_wconf 78' lang='grc' dir='ltr'><strong>εὖ</strong></span> <span class='ocrx_word' id='word_1_607' title='bbox 974 5090 1119 5148; x_wconf 76' lang='grc' dir='ltr'>εἶναι</span> <span class='ocrx_word' id='word_1_608' title='bbox 1172 5094 1250 5166; x_wconf 73' lang='grc' dir='ltr'>μὴ</span> <span class='ocrx_word' id='word_1_609' title='bbox 1304 5096 1583 5169; x_wconf 80' lang='grc' dir='ltr'>πρόσεσαι,</span> <span class='ocrx_word' id='word_1_610' title='bbox 1636 5098 1748 5154; x_wconf 81' lang='grc' dir='ltr'>πῶς</span> <span class='ocrx_word' id='word_1_611' title='bbox 1809 5092 1925 5149; x_wconf 79' lang='grc' dir='ltr'><strong>ἑτέ-</strong></span> 
     </span>
    </p>
   </div>
   <div class='ocr_carea' id='block_1_85' title="bbox 282 5177 1924 5261">
    <p class='ocr_par' dir='ltr' id='par_1_85' title="bbox 282 5177 1924 5261">
     <span class='ocr_line' id='line_1_85' title="bbox 282 5177 1924 5261; baseline 0.002 -27"><span class='ocrx_word' id='word_1_612' title='bbox 282 5200 395 5255; x_wconf 92' lang='grc' dir='ltr'>ροις</span> <span class='ocrx_word' id='word_1_613' title='bbox 452 5179 606 5233; x_wconf 70' lang='grc' dir='ltr'>τοῦτο</span> <span class='ocrx_word' id='word_1_614' title='bbox 664 5177 1032 5258; x_wconf 65' lang='grc' dir='ltr'>παρέξουσιν,</span> <span class='ocrx_word' id='word_1_615' title='bbox 1091 5177 1303 5246; x_wconf 84' lang='grc' dir='ltr'>Ἀπάτη</span> <span class='ocrx_word' id='word_1_616' title='bbox 1382 5182 1472 5234; x_wconf 71' lang='grc' dir='ltr'>οὖν</span> <span class='ocrx_word' id='word_1_617' title='bbox 1530 5181 1565 5248; x_wconf 77' lang='grc' dir='ltr'>ἡ</span> <span class='ocrx_word' id='word_1_618' title='bbox 1629 5180 1924 5261; x_wconf 79' lang='grc' dir='ltr'>ἐπαγγελία</span> 
     </span>
    </p>
   </div>
   <div class='ocr_carea' id='block_1_86' title="bbox 278 5266 1919 5349">
    <p class='ocr_par' dir='ltr' id='par_1_86' title="bbox 278 5266 1919 5349">
     <span class='ocr_line' id='line_1_86' title="bbox 278 5266 1919 5349; baseline 0.002 -26"><span class='ocrx_word' id='word_1_619' title='bbox 278 5267 503 5347; x_wconf 88' lang='grc' dir='ltr'>τούτων,</span> <span class='ocrx_word' id='word_1_620' title='bbox 566 5268 654 5324; x_wconf 87' lang='grc' dir='ltr'><strong>καὶ</strong></span> <span class='ocrx_word' id='word_1_621' title='bbox 710 5266 858 5325; x_wconf 73' lang='grc' dir='ltr'>οὒδὲν</span> <span class='ocrx_word' id='word_1_622' title='bbox 915 5266 1094 5347; x_wconf 75' lang='grc' dir='ltr'>ἕτερον</span> <span class='ocrx_word' id='word_1_623' title='bbox 1136 5268 1172 5336; x_wconf 71' lang='grc' dir='ltr'><strong>ἢ</strong></span> <span class='ocrx_word' id='word_1_624' title='bbox 1230 5270 1557 5349; x_wconf 73' lang='grc' dir='ltr'>φενακισμὸς</span> <span class='ocrx_word' id='word_1_625' title='bbox 1621 5271 1919 5349; x_wconf 75' lang='grc' dir='ltr'>προφανής.</span> 
     </span>
    </p>
   </div>
   <div class='ocr_carea' id='block_1_87' title="bbox 282 5356 1920 5437">
    <p class='ocr_par' dir='ltr' id='par_1_87' title="bbox 282 5356 1920 5437">
     <span class='ocr_line' id='line_1_87' title="bbox 282 5356 1920 5437; baseline 0.001 -23"><span class='ocrx_word' id='word_1_626' title='bbox 282 5356 502 5419; x_wconf 85' lang='grc' dir='ltr'>Τούτοις</span> <span class='ocrx_word' id='word_1_627' title='bbox 560 5357 1019 5435; x_wconf 79' lang='grc' dir='ltr'>ἀποπεμψάμενος</span> <span class='ocrx_word' id='word_1_628' title='bbox 1101 5359 1193 5414; x_wconf 76' lang='grc' dir='ltr'><strong>τὸν</strong></span> <span class='ocrx_word' id='word_1_629' title='bbox 1248 5357 1417 5415; x_wconf 78' lang='grc' dir='ltr'>παῖδα</span> <span class='ocrx_word' id='word_1_630' title='bbox 1485 5372 1605 5421; x_wconf 81' lang='grc' dir='ltr'>τοϊς</span> <span class='ocrx_word' id='word_1_631' title='bbox 1662 5360 1920 5437; x_wconf 78' lang='grc' dir='ltr'>ῥήμασιν,</span> 
     </span>
    </p>
   </div>
   <div class='ocr_carea' id='block_1_88' title="bbox 2018 3215 3656 3280">
    <p class='ocr_par' dir='ltr' id='par_1_88' title="bbox 2018 3215 3656 3280">
     <span class='ocr_line' id='line_1_88' title="bbox 2018 3215 3656 3280; baseline 0.001 -3"><span class='ocrx_word' id='word_1_632' title='bbox 2018 3216 2178 3277; x_wconf 90' lang='lat' dir='ltr'><strong>unde</strong></span> <span class='ocrx_word' id='word_1_633' title='bbox 2199 3216 2346 3277; x_wconf 91' lang='lat' dir='ltr'><strong>mihi</strong></span> <span class='ocrx_word' id='word_1_634' title='bbox 2368 3226 2598 3279; x_wconf 89' lang='lat' dir='ltr'><strong>constat</strong></span> <span class='ocrx_word' id='word_1_635' title='bbox 2621 3217 2745 3279; x_wconf 89' lang='lat' dir='ltr'><strong>fore</strong></span> <span class='ocrx_word' id='word_1_636' title='bbox 2769 3227 2830 3278; x_wconf 86' lang='lat' dir='ltr'><strong>ut</strong></span> <span class='ocrx_word' id='word_1_637' title='bbox 2850 3217 3257 3279; x_wconf 89' lang='lat' dir='ltr'><strong>membranam</strong></span> <span class='ocrx_word' id='word_1_638' title='bbox 3275 3215 3478 3280; x_wconf 86' lang='lat' dir='ltr'><strong>ferens</strong></span> <span class='ocrx_word' id='word_1_639' title='bbox 3501 3234 3656 3279; x_wconf 88' lang='lat' dir='ltr'><strong>mor-</strong></span> 
     </span>
    </p>
   </div>
   <div class='ocr_carea' id='block_1_89' title="bbox 2018 3304 3656 3389">
    <p class='ocr_par' dir='ltr' id='par_1_89' title="bbox 2018 3304 3656 3389">
     <span class='ocr_line' id='line_1_89' title="bbox 2018 3304 3656 3389; baseline 0.002 -23"><span class='ocrx_word' id='word_1_640' title='bbox 2018 3304 2157 3366; x_wconf 93' lang='lat' dir='ltr'><strong>bum</strong></span> <span class='ocrx_word' id='word_1_641' title='bbox 2180 3305 2434 3383; x_wconf 80' lang='lat' dir='ltr'><strong>abigam,</strong></span> <span class='ocrx_word' id='word_1_642' title='bbox 2468 3307 2589 3368; x_wconf 90' lang='lat' dir='ltr'><strong>imo</strong></span> <span class='ocrx_word' id='word_1_643' title='bbox 2613 3324 2775 3381; x_wconf 84' lang='lat' dir='ltr'><strong>vero,</strong></span> <span class='ocrx_word' id='word_1_644' title='bbox 2808 3306 3165 3389; x_wconf 89' lang='lat' dir='ltr'><strong>scriptorum</strong></span> <span class='ocrx_word' id='word_1_645' title='bbox 3190 3306 3251 3367; x_wconf 91' lang='lat' dir='ltr'><strong>in</strong></span> <span class='ocrx_word' id='word_1_646' title='bbox 3283 3323 3354 3368; x_wconf 88' lang='lat' dir='ltr'><strong>ea</strong></span> <span class='ocrx_word' id='word_1_647' title='bbox 3383 3305 3500 3366; x_wconf 88' lang='lat' dir='ltr'><strong>vim</strong></span> <span class='ocrx_word' id='word_1_648' title='bbox 3534 3324 3656 3369; x_wconf 88' lang='lat' dir='ltr'><strong>non</strong></span> 
     </span>
    </p>
   </div>
   <div class='ocr_carea' id='block_1_90' title="bbox 2020 3396 3655 3479">
    <p class='ocr_par' dir='ltr' id='par_1_90' title="bbox 2020 3396 3655 3479">
     <span class='ocr_line' id='line_1_90' title="bbox 2020 3396 3655 3479; baseline 0.002 -24"><span class='ocrx_word' id='word_1_649' title='bbox 2020 3398 2278 3476; x_wconf 87' lang='lat' dir='ltr'><strong>volente,</strong></span> <span class='ocrx_word' id='word_1_650' title='bbox 2313 3396 2412 3477; x_wconf 91' lang='lat' dir='ltr'><strong>qui</strong></span> <span class='ocrx_word' id='word_1_651' title='bbox 2442 3414 2510 3459; x_wconf 88' lang='lat' dir='ltr'><strong>ea</strong></span> <span class='ocrx_word' id='word_1_652' title='bbox 2540 3397 2801 3479; x_wconf 89' lang='lat' dir='ltr'><strong>scripsit,</strong></span> <span class='ocrx_word' id='word_1_653' title='bbox 2835 3397 3171 3471; x_wconf 79' lang='lat' dir='ltr'><strong>declarare,</strong></span> <span class='ocrx_word' id='word_1_654' title='bbox 3204 3396 3502 3479; x_wconf 78' lang='lat' dir='ltr'><strong>quomodo</strong></span> <span class='ocrx_word' id='word_1_655' title='bbox 3534 3415 3655 3458; x_wconf 89' lang='lat' dir='ltr'><strong>non</strong></span> 
     </span>
    </p>
   </div>
   <div class='ocr_carea' id='block_1_91' title="bbox 2017 3485 3660 3566">
    <p class='ocr_par' dir='ltr' id='par_1_91' title="bbox 2017 3485 3660 3566">
     <span class='ocr_line' id='line_1_91' title="bbox 2017 3485 3660 3566; baseline 0 -20"><span class='ocrx_word' id='word_1_656' title='bbox 2017 3485 2399 3547; x_wconf 89' lang='lat' dir='ltr'><strong>manifestum</strong></span> <span class='ocrx_word' id='word_1_657' title='bbox 2425 3485 2677 3557; x_wconf 88' lang='lat' dir='ltr'><strong>sit,nihil</strong></span> <span class='ocrx_word' id='word_1_658' title='bbox 2701 3488 2760 3548; x_wconf 90' lang='lat' dir='ltr'><strong>in</strong></span> <span class='ocrx_word' id='word_1_659' title='bbox 2784 3487 2885 3548; x_wconf 88' lang='lat' dir='ltr'><strong>illa</strong></span> <span class='ocrx_word' id='word_1_660' title='bbox 2907 3487 3049 3549; x_wconf 90' lang='lat' dir='ltr'><strong>boni</strong></span> <span class='ocrx_word' id='word_1_661' title='bbox 3067 3505 3199 3548; x_wconf 89' lang='lat' dir='ltr'><strong>esse</strong></span> <span class='ocrx_word' id='word_1_662' title='bbox 3217 3485 3660 3566; x_wconf 81' lang='lat' dir='ltr'><strong>conscriptum?</strong></span> 
     </span>
    </p>
   </div>
   <div class='ocr_carea' id='block_1_92' title="bbox 2015 3577 3650 3651">
    <p class='ocr_par' dir='ltr' id='par_1_92' title="bbox 2015 3577 3650 3651">
     <span class='ocr_line' id='line_1_92' title="bbox 2015 3577 3650 3651; baseline 0.001 -17"><span class='ocrx_word' id='word_1_663' title='bbox 2015 3577 2236 3635; x_wconf 85' lang='lat' dir='ltr'><strong>Lumen</strong></span> <span class='ocrx_word' id='word_1_664' title='bbox 2269 3580 2418 3636; x_wconf 88' lang='lat' dir='ltr'><strong>enim</strong></span> <span class='ocrx_word' id='word_1_665' title='bbox 2437 3580 2754 3637; x_wconf 88' lang='lat' dir='ltr'><strong>secundum</strong></span> <span class='ocrx_word' id='word_1_666' title='bbox 2786 3579 3125 3651; x_wconf 81' lang='lat' dir='ltr'><strong>Apostolum</strong></span> <span class='ocrx_word' id='word_1_667' title='bbox 3150 3593 3273 3635; x_wconf 88' lang='lat' dir='ltr'><strong>sese</strong></span> <span class='ocrx_word' id='word_1_668' title='bbox 3305 3578 3650 3636; x_wconf 81' lang='lat' dir='ltr'><strong>manifestat.</strong></span> 
     </span>
    </p>
   </div>
   <div class='ocr_carea' id='block_1_93' title="bbox 2014 3661 3656 3745">
    <p class='ocr_par' dir='ltr' id='par_1_93' title="bbox 2014 3661 3656 3745">
     <span class='ocr_line' id='line_1_93' title="bbox 2014 3661 3656 3745; baseline 0.001 -21"><span class='ocrx_word' id='word_1_669' title='bbox 2014 3661 2137 3726; x_wconf 87' lang='lat' dir='ltr'><strong>Etsi</strong></span> <span class='ocrx_word' id='word_1_670' title='bbox 2168 3672 2368 3726; x_wconf 86' lang='lat' dir='ltr'><strong>autem</strong></span> <span class='ocrx_word' id='word_1_671' title='bbox 2404 3666 2649 3727; x_wconf 90' lang='lat' dir='ltr'><strong>omnino</strong></span> <span class='ocrx_word' id='word_1_672' title='bbox 2682 3684 2800 3743; x_wconf 84' lang='lat' dir='ltr'><strong>me,</strong></span> <span class='ocrx_word' id='word_1_673' title='bbox 2847 3663 3293 3745; x_wconf 82' lang='lat' dir='ltr'><strong>superstitiosas</strong></span> <span class='ocrx_word' id='word_1_674' title='bbox 3325 3663 3457 3725; x_wconf 89' lang='lat' dir='ltr'><strong>illas</strong></span> <span class='ocrx_word' id='word_1_675' title='bbox 3487 3662 3656 3725; x_wconf 88' lang='lat' dir='ltr'><strong>litte-</strong></span> 
     </span>
    </p>
   </div>
   <div class='ocr_carea' id='block_1_94' title="bbox 2013 3754 3653 3831">
    <p class='ocr_par' dir='ltr' id='par_1_94' title="bbox 2013 3754 3653 3831">
     <span class='ocr_line' id='line_1_94' title="bbox 2013 3754 3653 3831; baseline 0 -19"><span class='ocrx_word' id='word_1_676' title='bbox 2013 3768 2109 3812; x_wconf 88' lang='lat' dir='ltr'><strong>ras</strong></span> <span class='ocrx_word' id='word_1_677' title='bbox 2132 3760 2955 3831; x_wconf 76' lang='lat' dir='ltr'><strong>gestantem,consecuturum</strong></span> <span class='ocrx_word' id='word_1_678' title='bbox 2981 3754 3294 3814; x_wconf 89' lang='lat' dir='ltr'><strong>sanitatem</strong></span> <span class='ocrx_word' id='word_1_679' title='bbox 3319 3769 3653 3827; x_wconf 87' lang='lat' dir='ltr'><strong>asseveres,</strong></span> 
     </span>
    </p>
   </div>
   <div class='ocr_carea' id='block_1_95' title="bbox 2013 3839 3654 3923">
    <p class='ocr_par' dir='ltr' id='par_1_95' title="bbox 2013 3839 3654 3923">
     <span class='ocr_line' id='line_1_95' title="bbox 2013 3839 3654 3923; baseline 0.001 -21"><span class='ocrx_word' id='word_1_680' title='bbox 2013 3858 2232 3920; x_wconf 88' lang='lat' dir='ltr'><strong>corpus</strong></span> <span class='ocrx_word' id='word_1_681' title='bbox 2253 3850 2414 3903; x_wconf 89' lang='lat' dir='ltr'><strong>recte</strong></span> <span class='ocrx_word' id='word_1_682' title='bbox 2440 3843 2926 3913; x_wconf 87' lang='lat' dir='ltr'><strong>valere,animam</strong></span> <span class='ocrx_word' id='word_1_683' title='bbox 2960 3850 3390 3923; x_wconf 86' lang='lat' dir='ltr'><strong>autem,neque</strong></span> <span class='ocrx_word' id='word_1_684' title='bbox 3411 3839 3462 3902; x_wconf 88' lang='lat' dir='ltr'><strong>si</strong></span> <span class='ocrx_word' id='word_1_685' title='bbox 3486 3859 3654 3903; x_wconf 90' lang='lat' dir='ltr'><strong>mun-</strong></span> 
     </span>
    </p>
   </div>
   <div class='ocr_carea' id='block_1_96' title="bbox 2013 3928 3642 4013">
    <p class='ocr_par' dir='ltr' id='par_1_96' title="bbox 2013 3928 3642 4013">
     <span class='ocr_line' id='line_1_96' title="bbox 2013 3928 3642 4013; baseline 0.001 -22"><span class='ocrx_word' id='word_1_686' title='bbox 2013 3928 2154 3991; x_wconf 88' lang='lat' dir='ltr'><strong>dum</strong></span> <span class='ocrx_word' id='word_1_687' title='bbox 2189 3929 2533 3991; x_wconf 83' lang='lat' dir='ltr'><strong>universum</strong></span> <span class='ocrx_word' id='word_1_688' title='bbox 2583 3930 2805 3994; x_wconf 85' lang='lat' dir='ltr'><strong>lucrari</strong></span> <span class='ocrx_word' id='word_1_689' title='bbox 2862 3930 3010 3994; x_wconf 88' lang='lat' dir='ltr'><strong>mihi</strong></span> <span class='ocrx_word' id='word_1_690' title='bbox 3058 3938 3218 3993; x_wconf 90' lang='lat' dir='ltr'><strong>esset</strong></span> <span class='ocrx_word' id='word_1_691' title='bbox 3249 3930 3642 4013; x_wconf 81' lang='lat' dir='ltr'><strong>propositum,</strong></span> 
     </span>
    </p>
   </div>
   <div class='ocr_carea' id='block_1_97' title="bbox 2014 4021 3649 4103">
    <p class='ocr_par' dir='ltr' id='par_1_97' title="bbox 2014 4021 3649 4103">
     <span class='ocr_line' id='line_1_97' title="bbox 2014 4021 3649 4103; baseline 0.004 -22"><span class='ocrx_word' id='word_1_692' title='bbox 2014 4021 2295 4083; x_wconf 85' lang='lat' dir='ltr'><strong>damnum</strong></span> <span class='ocrx_word' id='word_1_693' title='bbox 2315 4021 2435 4102; x_wconf 91' lang='lat' dir='ltr'><strong>pati</strong></span> <span class='ocrx_word' id='word_1_694' title='bbox 2458 4022 2616 4084; x_wconf 87' lang='lat' dir='ltr'><strong>haud</strong></span> <span class='ocrx_word' id='word_1_695' title='bbox 2639 4023 2796 4085; x_wconf 88' lang='lat' dir='ltr'><strong>volo.</strong></span> <span class='ocrx_word' id='word_1_696' title='bbox 2821 4022 3021 4103; x_wconf 80' lang='lat' dir='ltr'><strong>Apage</strong></span> <span class='ocrx_word' id='word_1_697' title='bbox 3053 4022 3251 4102; x_wconf 84' lang='lat' dir='ltr'><strong>igitur,</strong></span> <span class='ocrx_word' id='word_1_698' title='bbox 3286 4040 3398 4085; x_wconf 90' lang='lat' dir='ltr'><strong>nec</strong></span> <span class='ocrx_word' id='word_1_699' title='bbox 3427 4023 3649 4087; x_wconf 87' lang='lat' dir='ltr'><strong>similia</strong></span> 
     </span>
    </p>
   </div>
   <div class='ocr_carea' id='block_1_98' title="bbox 2008 4110 3636 4195">
    <p class='ocr_par' dir='ltr' id='par_1_98' title="bbox 2008 4110 3636 4195">
     <span class='ocr_line' id='line_1_98' title="bbox 2008 4110 3636 4195; baseline 0.004 -26"><span class='ocrx_word' id='word_1_700' title='bbox 2008 4110 2263 4191; x_wconf 85' lang='lat' dir='ltr'><strong>amplius</strong></span> <span class='ocrx_word' id='word_1_701' title='bbox 2283 4110 2464 4172; x_wconf 86' lang='lat' dir='ltr'><strong>verba</strong></span> <span class='ocrx_word' id='word_1_702' title='bbox 2487 4111 2631 4172; x_wconf 91' lang='lat' dir='ltr'><strong>mihi</strong></span> <span class='ocrx_word' id='word_1_703' title='bbox 2655 4112 2943 4192; x_wconf 83' lang='lat' dir='ltr'><strong>proferas.</strong></span> <span class='ocrx_word' id='word_1_704' title='bbox 2975 4111 3132 4174; x_wconf 80' lang='lat' dir='ltr'><strong>Dixit</strong></span> <span class='ocrx_word' id='word_1_705' title='bbox 3153 4120 3351 4174; x_wconf 91' lang='lat' dir='ltr'><strong>autem</strong></span> <span class='ocrx_word' id='word_1_706' title='bbox 3384 4130 3592 4195; x_wconf 87' lang='lat' dir='ltr'><strong>servus</strong></span> <span class='ocrx_word' id='word_1_707' title='bbox 3620 4133 3636 4175; x_wconf 92' lang='lat'><strong>:</strong></span> 
     </span>
    </p>
   </div>
   <div class='ocr_carea' id='block_1_99' title="bbox 2007 4196 3643 4283">
    <p class='ocr_par' dir='ltr' id='par_1_99' title="bbox 2007 4196 3643 4283">
     <span class='ocr_line' id='line_1_99' title="bbox 2007 4196 3643 4283; baseline 0.003 -23"><span class='ocrx_word' id='word_1_708' title='bbox 2007 4196 2291 4279; x_wconf 83' lang='lat' dir='ltr'><strong>Delegisti</strong></span> <span class='ocrx_word' id='word_1_709' title='bbox 2322 4198 2758 4279; x_wconf 82' lang='lat' dir='ltr'><strong>ergo,domine,</strong></span> <span class='ocrx_word' id='word_1_710' title='bbox 2797 4210 2853 4263; x_wconf 91' lang='lat' dir='ltr'><strong>te</strong></span> <span class='ocrx_word' id='word_1_711' title='bbox 2882 4201 3076 4283; x_wconf 83' lang='lat' dir='ltr'><strong>ipsum</strong></span> <span class='ocrx_word' id='word_1_712' title='bbox 3109 4202 3223 4264; x_wconf 90' lang='lat' dir='ltr'><strong>vita</strong></span> <span class='ocrx_word' id='word_1_713' title='bbox 3245 4202 3554 4278; x_wconf 84' lang='lat' dir='ltr'><strong>orbare,ut</strong></span> <span class='ocrx_word' id='word_1_714' title='bbox 3582 4210 3643 4265; x_wconf 87' lang='lat' dir='ltr'><strong>et</strong></span> 
     </span>
    </p>
   </div>
   <div class='ocr_carea' id='block_1_100' title="bbox 2009 4288 2684 4352">
    <p class='ocr_par' dir='ltr' id='par_1_100' title="bbox 2009 4288 2684 4352">
     <span class='ocr_line' id='line_1_100' title="bbox 2009 4288 2684 4352; baseline 0.001 -4"><span class='ocrx_word' id='word_1_715' title='bbox 2009 4306 2117 4350; x_wconf 91' lang='lat' dir='ltr'><strong>nos</strong></span> <span class='ocrx_word' id='word_1_716' title='bbox 2142 4297 2280 4350; x_wconf 88' lang='lat' dir='ltr'><strong>ante</strong></span> <span class='ocrx_word' id='word_1_717' title='bbox 2312 4297 2368 4351; x_wconf 86' lang='lat' dir='ltr'><strong>te</strong></span> <span class='ocrx_word' id='word_1_718' title='bbox 2398 4288 2637 4352; x_wconf 78' lang='lat' dir='ltr'><strong>occidas</strong></span> <span class='ocrx_word' id='word_1_719' title='bbox 2656 4291 2684 4349; x_wconf 64' lang='grc' dir='ltr'>ἵ</span> 
     </span>
    </p>
   </div>
   <div class='ocr_carea' id='block_1_101' title="bbox 1351 4371 3648 4470">
    <p class='ocr_par' dir='ltr' id='par_1_101' title="bbox 1351 4371 3648 4470">
     <span class='ocr_line' id='line_1_101' title="bbox 1351 4371 3648 4470; baseline 0.003 -36"><span class='ocrx_word' id='word_1_720' title='bbox 1351 4379 1521 4454; x_wconf 82' lang='grc' dir='ltr'>Ὗμᾶς</span> <span class='ocrx_word' id='word_1_721' title='bbox 1580 4381 1639 4437; x_wconf 78' lang='grc' dir='ltr'>οὗ</span> <span class='ocrx_word' id='word_1_722' title='bbox 1690 4378 1921 4470; x_wconf 73' lang='grc' dir='ltr'>θανάτῳ,</span> <span class='ocrx_word' id='word_1_723' title='bbox 2076 4380 2188 4470; x_wconf 68' lang='grc' dir='ltr'><strong>Δ11.</strong></span> <span class='ocrx_word' id='word_1_724' title='bbox 2227 4377 2544 4470; x_wconf 81' lang='lat' dir='ltr'><strong>Praefectus</strong></span> <span class='ocrx_word' id='word_1_725' title='bbox 2575 4380 2924 4470; x_wconf 68' lang='lat' dir='ltr'><strong>respondit:</strong></span> <span class='ocrx_word' id='word_1_726' title='bbox 2955 4380 3078 4441; x_wconf 89' lang='lat' dir='ltr'><strong>Vos</strong></span> <span class='ocrx_word' id='word_1_727' title='bbox 3103 4378 3258 4441; x_wconf 89' lang='lat' dir='ltr'><strong>haud</strong></span> <span class='ocrx_word' id='word_1_728' title='bbox 3290 4379 3648 4470; x_wconf 77' lang='lat' dir='ltr'><strong>occido,nec</strong></span> 
     </span>
    </p>
   </div>
   <div class='ocr_carea' id='block_1_102' title="bbox 2008 4465 3649 4549">
    <p class='ocr_par' dir='ltr' id='par_1_102' title="bbox 2008 4465 3649 4549">
     <span class='ocr_line' id='line_1_102' title="bbox 2008 4465 3649 4549; baseline 0.002 -20"><span class='ocrx_word' id='word_1_729' title='bbox 2008 4465 2189 4529; x_wconf 85' lang='lat' dir='ltr'><strong>etiam</strong></span> <span class='ocrx_word' id='word_1_730' title='bbox 2226 4468 2543 4549; x_wconf 90' lang='lat' dir='ltr'><strong>meipsum.</strong></span> <span class='ocrx_word' id='word_1_731' title='bbox 2607 4468 2852 4532; x_wconf 84' lang='lat' dir='ltr'><strong>Etiamsi</strong></span> <span class='ocrx_word' id='word_1_732' title='bbox 2906 4489 2940 4531; x_wconf 90' lang='lat' dir='ltr'><strong>a</strong></span> <span class='ocrx_word' id='word_1_733' title='bbox 2987 4486 3240 4549; x_wconf 87' lang='lat' dir='ltr'><strong>corpore</strong></span> <span class='ocrx_word' id='word_1_734' title='bbox 3272 4468 3649 4532; x_wconf 85' lang='lat' dir='ltr'><strong>discessurus</strong></span> 
     </span>
    </p>
   </div>
   <div class='ocr_carea' id='block_1_103' title="bbox 2008 4556 3649 4640">
    <p class='ocr_par' dir='ltr' id='par_1_103' title="bbox 2008 4556 3649 4640">
     <span class='ocr_line' id='line_1_103' title="bbox 2008 4556 3649 4640; baseline 0.003 -24"><span class='ocrx_word' id='word_1_735' title='bbox 2008 4556 2413 4630; x_wconf 85' lang='lat' dir='ltr'><strong>sim,animam</strong></span> <span class='ocrx_word' id='word_1_736' title='bbox 2435 4566 2650 4619; x_wconf 90' lang='lat' dir='ltr'><strong>tamem</strong></span> <span class='ocrx_word' id='word_1_737' title='bbox 2671 4575 2777 4640; x_wconf 89' lang='lat' dir='ltr'><strong>per</strong></span> <span class='ocrx_word' id='word_1_738' title='bbox 2789 4557 2965 4620; x_wconf 86' lang='lat' dir='ltr'><strong>ﬁdem</strong></span> <span class='ocrx_word' id='word_1_739' title='bbox 2981 4558 3040 4621; x_wconf 90' lang='lat' dir='ltr'><strong>in</strong></span> <span class='ocrx_word' id='word_1_740' title='bbox 3059 4557 3356 4621; x_wconf 79' lang='lat' dir='ltr'><strong>Christum</strong></span> <span class='ocrx_word' id='word_1_741' title='bbox 3379 4558 3649 4640; x_wconf 88' lang='lat' dir='ltr'><strong>mihique</strong></span> 
     </span>
    </p>
   </div>
   <div class='ocr_carea' id='block_1_104' title="bbox 2008 4645 3652 4730">
    <p class='ocr_par' dir='ltr' id='par_1_104' title="bbox 2008 4645 3652 4730">
     <span class='ocr_line' id='line_1_104' title="bbox 2008 4645 3652 4730; baseline 0.002 -24"><span class='ocrx_word' id='word_1_742' title='bbox 2008 4645 2326 4706; x_wconf 63' lang='lat' dir='ltr'><strong>diabolicae</strong></span> <span class='ocrx_word' id='word_1_743' title='bbox 2358 4645 2582 4708; x_wconf 86' lang='lat' dir='ltr'><strong>fraudis</strong></span> <span class='ocrx_word' id='word_1_744' title='bbox 2608 4649 3038 4730; x_wconf 86' lang='lat' dir='ltr'><strong>superstitione</strong></span> <span class='ocrx_word' id='word_1_745' title='bbox 3078 4647 3435 4710; x_wconf 81' lang='lat' dir='ltr'><strong>beneﬁcium</strong></span> <span class='ocrx_word' id='word_1_746' title='bbox 3498 4667 3652 4710; x_wconf 89' lang='lat' dir='ltr'><strong>con-</strong></span> 
     </span>
    </p>
   </div>
   <div class='ocr_carea' id='block_1_105' title="bbox 2008 4733 3648 4813">
    <p class='ocr_par' dir='ltr' id='par_1_105' title="bbox 2008 4733 3648 4813">
     <span class='ocr_line' id='line_1_105' title="bbox 2008 4733 3648 4813; baseline 0.002 -19"><span class='ocrx_word' id='word_1_747' title='bbox 2008 4733 2151 4796; x_wconf 87' lang='lat' dir='ltr'><strong>ferri</strong></span> <span class='ocrx_word' id='word_1_748' title='bbox 2185 4734 2339 4795; x_wconf 74' lang='lat' dir='ltr'><strong>haud</strong></span> <span class='ocrx_word' id='word_1_749' title='bbox 2373 4735 2626 4796; x_wconf 89' lang='lat' dir='ltr'><strong>volendo</strong></span> <span class='ocrx_word' id='word_1_750' title='bbox 2649 4735 2898 4798; x_wconf 89' lang='lat' dir='ltr'><strong>servabo</strong></span> <span class='ocrx_word' id='word_1_751' title='bbox 2928 4738 3031 4813; x_wconf 78' lang='grc'><strong>(4),</strong></span> <span class='ocrx_word' id='word_1_752' title='bbox 3068 4736 3426 4798; x_wconf 83' lang='lat' dir='ltr'><strong>beneﬁcium</strong></span> <span class='ocrx_word' id='word_1_753' title='bbox 3458 4755 3491 4798; x_wconf 91' lang='lat' dir='ltr'><strong>a</strong></span> <span class='ocrx_word' id='word_1_754' title='bbox 3522 4737 3648 4798; x_wconf 87' lang='lat' dir='ltr'><strong>vir-</strong></span> 
     </span>
    </p>
   </div>
   <div class='ocr_carea' id='block_1_106' title="bbox 2008 4828 3651 4899">
    <p class='ocr_par' dir='ltr' id='par_1_106' title="bbox 2008 4828 3651 4899">
     <span class='ocr_line' id='line_1_106' title="bbox 2008 4828 3651 4899; baseline 0.004 -15"><span class='ocrx_word' id='word_1_755' title='bbox 2008 4835 2125 4884; x_wconf 89' lang='lat' dir='ltr'><strong>tute</strong></span> <span class='ocrx_word' id='word_1_756' title='bbox 2157 4828 2456 4899; x_wconf 75' lang='lat' dir='ltr'><strong>peregrina</strong></span> <span class='ocrx_word' id='word_1_757' title='bbox 2483 4838 2737 4897; x_wconf 82' lang='lat' dir='ltr'><strong>paratum</strong></span> <span class='ocrx_word' id='word_1_758' title='bbox 2763 4830 3003 4885; x_wconf 89' lang='lat' dir='ltr'><strong>omnino</strong></span> <span class='ocrx_word' id='word_1_759' title='bbox 3023 4844 3315 4887; x_wconf 76' lang='lat' dir='ltr'><strong>aversatus.</strong></span> <span class='ocrx_word' id='word_1_760' title='bbox 3349 4829 3651 4897; x_wconf 88' lang='lat' dir='ltr'><strong>Quomodo</strong></span> 
     </span>
    </p>
   </div>
   <div class='ocr_carea' id='block_1_107' title="bbox 2008 4901 3648 4991">
    <p class='ocr_par' dir='ltr' id='par_1_107' title="bbox 2008 4901 3648 4991">
     <span class='ocr_line' id='line_1_107' title="bbox 2008 4901 3648 4991; baseline 0 -19"><span class='ocrx_word' id='word_1_761' title='bbox 2008 4911 2299 4990; x_wconf 90' lang='lat' dir='ltr'><strong>enim,qui</strong></span> <span class='ocrx_word' id='word_1_762' title='bbox 2333 4928 2441 4991; x_wconf 92' lang='lat' dir='ltr'><strong>per</strong></span> <span class='ocrx_word' id='word_1_763' title='bbox 2467 4911 2705 4973; x_wconf 64' lang='lat' dir='ltr'><strong>malitias</strong></span> <span class='ocrx_word' id='word_1_764' title='bbox 2734 4913 3214 4991; x_wconf 85' lang='lat' dir='ltr'><strong>exsuperantiam</strong></span> <span class='ocrx_word' id='word_1_765' title='bbox 3247 4928 3390 4973; x_wconf 86' lang='lat' dir='ltr'><strong>vera</strong></span> <span class='ocrx_word' id='word_1_766' title='bbox 3420 4901 3648 4973; x_wconf 74' lang='lat' dir='ltr'><strong>semet-</strong></span> 
     </span>
    </p>
   </div>
   <div class='ocr_carea' id='block_1_108' title="bbox 2005 4998 3647 5079">
    <p class='ocr_par' dir='ltr' id='par_1_108' title="bbox 2005 4998 3647 5079">
     <span class='ocr_line' id='line_1_108' title="bbox 2005 4998 3647 5079; baseline 0.001 -18"><span class='ocrx_word' id='word_1_767' title='bbox 2005 5000 2169 5079; x_wconf 90' lang='lat' dir='ltr'><strong>ipsos</strong></span> <span class='ocrx_word' id='word_1_768' title='bbox 2201 4998 2619 5062; x_wconf 77' lang='lat' dir='ltr'><strong>benefaciendi</strong></span> <span class='ocrx_word' id='word_1_769' title='bbox 2667 5003 2965 5061; x_wconf 89' lang='lat' dir='ltr'><strong>voluntate</strong></span> <span class='ocrx_word' id='word_1_770' title='bbox 3006 5012 3255 5076; x_wconf 80' lang='lat' dir='ltr'><strong>exuunt,</strong></span> <span class='ocrx_word' id='word_1_771' title='bbox 3288 4999 3647 5063; x_wconf 81' lang='lat' dir='ltr'><strong>beneﬁcium</strong></span> 
     </span>
    </p>
   </div>
   <div class='ocr_carea' id='block_1_109' title="bbox 2005 5087 3650 5170">
    <p class='ocr_par' dir='ltr' id='par_1_109' title="bbox 2005 5087 3650 5170">
     <span class='ocr_line' id='line_1_109' title="bbox 2005 5087 3650 5170; baseline 0.001 -20"><span class='ocrx_word' id='word_1_772' title='bbox 2005 5087 2324 5170; x_wconf 85' lang='lat' dir='ltr'><strong>aliquando</strong></span> <span class='ocrx_word' id='word_1_773' title='bbox 2376 5088 2604 5169; x_wconf 89' lang='lat' dir='ltr'><strong>possint</strong></span> <span class='ocrx_word' id='word_1_774' title='bbox 2634 5087 2959 5152; x_wconf 80' lang='lat' dir='ltr'><strong>conferre?</strong></span> <span class='ocrx_word' id='word_1_775' title='bbox 3005 5088 3231 5163; x_wconf 87' lang='lat' dir='ltr'><strong>Quibus</strong></span> <span class='ocrx_word' id='word_1_776' title='bbox 3276 5088 3438 5151; x_wconf 82' lang='lat' dir='ltr'><strong>enim</strong></span> <span class='ocrx_word' id='word_1_777' title='bbox 3494 5088 3650 5152; x_wconf 90' lang='lat' dir='ltr'><strong>bene</strong></span> 
     </span>
    </p>
   </div>
   <div class='ocr_carea' id='block_1_110' title="bbox 2006 5176 3649 5259">
    <p class='ocr_par' dir='ltr' id='par_1_110' title="bbox 2006 5176 3649 5259">
     <span class='ocr_line' id='line_1_110' title="bbox 2006 5176 3649 5259; baseline -0.001 -19"><span class='ocrx_word' id='word_1_778' title='bbox 2006 5196 2140 5240; x_wconf 90' lang='lat' dir='ltr'><strong>esse</strong></span> <span class='ocrx_word' id='word_1_779' title='bbox 2170 5197 2289 5239; x_wconf 88' lang='lat' dir='ltr'><strong>non</strong></span> <span class='ocrx_word' id='word_1_780' title='bbox 2342 5178 2629 5258; x_wconf 81' lang='lat' dir='ltr'><strong>suppetit,</strong></span> <span class='ocrx_word' id='word_1_781' title='bbox 2682 5177 2983 5259; x_wconf 90' lang='lat' dir='ltr'><strong>quomodo</strong></span> <span class='ocrx_word' id='word_1_782' title='bbox 3015 5176 3073 5238; x_wconf 91' lang='lat' dir='ltr'><strong>id</strong></span> <span class='ocrx_word' id='word_1_783' title='bbox 3104 5178 3235 5239; x_wconf 90' lang='lat' dir='ltr'><strong>aliis</strong></span> <span class='ocrx_word' id='word_1_784' title='bbox 3266 5178 3649 5258; x_wconf 79' lang='lat' dir='ltr'><strong>largiantur?</strong></span> 
     </span>
    </p>
   </div>
   <div class='ocr_carea' id='block_1_111' title="bbox 2003 5265 3651 5347">
    <p class='ocr_par' dir='ltr' id='par_1_111' title="bbox 2003 5265 3651 5347">
     <span class='ocr_line' id='line_1_111' title="bbox 2003 5265 3651 5347; baseline 0 -18"><span class='ocrx_word' id='word_1_785' title='bbox 2003 5266 2207 5329; x_wconf 91' lang='lat' dir='ltr'><strong>Illusio</strong></span> <span class='ocrx_word' id='word_1_786' title='bbox 2229 5265 2411 5345; x_wconf 79' lang='lat' dir='ltr'><strong>igitur</strong></span> <span class='ocrx_word' id='word_1_787' title='bbox 2431 5275 2521 5329; x_wconf 90' lang='lat' dir='ltr'><strong>est</strong></span> <span class='ocrx_word' id='word_1_788' title='bbox 2544 5267 2785 5329; x_wconf 89' lang='lat' dir='ltr'><strong>illorum</strong></span> <span class='ocrx_word' id='word_1_789' title='bbox 2814 5267 3274 5347; x_wconf 85' lang='lat' dir='ltr'><strong>promissin,nec</strong></span> <span class='ocrx_word' id='word_1_790' title='bbox 3296 5267 3457 5328; x_wconf 91' lang='lat' dir='ltr'><strong>aliud</strong></span> <span class='ocrx_word' id='word_1_791' title='bbox 3481 5267 3651 5347; x_wconf 86' lang='lat' dir='ltr'><strong>quid-</strong></span> 
     </span>
    </p>
   </div>
   <div class='ocr_carea' id='block_1_112' title="bbox 2005 5352 3650 5440">
    <p class='ocr_par' dir='ltr' id='par_1_112' title="bbox 2005 5352 3650 5440">
     <span class='ocr_line' id='line_1_112' title="bbox 2005 5352 3650 5440; baseline 0 -20"><span class='ocrx_word' id='word_1_792' title='bbox 2005 5375 2177 5440; x_wconf 90' lang='lat' dir='ltr'><strong>quam</strong></span> <span class='ocrx_word' id='word_1_793' title='bbox 2213 5375 2393 5434; x_wconf 88' lang='lat' dir='ltr'><strong>quam</strong></span> <span class='ocrx_word' id='word_1_794' title='bbox 2430 5355 2761 5439; x_wconf 85' lang='lat' dir='ltr'><strong>impostura</strong></span> <span class='ocrx_word' id='word_1_795' title='bbox 2816 5356 3153 5421; x_wconf 85' lang='lat' dir='ltr'><strong>manifesta.</strong></span> <span class='ocrx_word' id='word_1_796' title='bbox 3204 5352 3422 5420; x_wconf 79' lang='lat' dir='ltr'><strong>Verbis</strong></span> <span class='ocrx_word' id='word_1_797' title='bbox 3481 5356 3650 5420; x_wconf 89' lang='lat' dir='ltr'><strong>hisce</strong></span> 
     </span>
    </p>
   </div>
   <div class='ocr_carea' id='block_1_113' title="bbox 366 5557 3646 5640">
    <p class='ocr_par' dir='ltr' id='par_1_113' title="bbox 366 5557 3646 5640">
     <span class='ocr_line' id='line_1_113' title="bbox 366 5557 3646 5640; baseline 0.003 -20"><span class='ocrx_word' id='word_1_798' title='bbox 366 5557 448 5637; x_wconf 79' lang='grc'><strong>(4)</strong></span> <span class='ocrx_word' id='word_1_799' title='bbox 474 5558 714 5637; x_wconf 89' lang='lat' dir='ltr'><strong>Aliquid</strong></span> <span class='ocrx_word' id='word_1_800' title='bbox 749 5559 847 5622; x_wconf 89' lang='lat' dir='ltr'><strong>hic</strong></span> <span class='ocrx_word' id='word_1_801' title='bbox 880 5560 941 5622; x_wconf 90' lang='lat' dir='ltr'><strong>in</strong></span> <span class='ocrx_word' id='word_1_802' title='bbox 973 5567 1134 5625; x_wconf 81' lang='lat' dir='ltr'><strong>textu</strong></span> <span class='ocrx_word' id='word_1_803' title='bbox 1164 5559 1366 5624; x_wconf 65' lang='lat' dir='ltr'><strong>Graeco</strong></span> <span class='ocrx_word' id='word_1_804' title='bbox 1399 5560 1484 5622; x_wconf 92' lang='lat' dir='ltr'><strong>vel</strong></span> <span class='ocrx_word' id='word_1_805' title='bbox 1516 5560 1812 5625; x_wconf 88' lang='lat' dir='ltr'><strong>redundat</strong></span> <span class='ocrx_word' id='word_1_806' title='bbox 1857 5562 1947 5625; x_wconf 92' lang='lat' dir='ltr'><strong>vel</strong></span> <span class='ocrx_word' id='word_1_807' title='bbox 1978 5563 2144 5627; x_wconf 90' lang='lat' dir='ltr'><strong>deest</strong></span> <span class='ocrx_word' id='word_1_808' title='bbox 2173 5582 2190 5640; x_wconf 88' lang='lat'><strong>;</strong></span> <span class='ocrx_word' id='word_1_809' title='bbox 2221 5579 2433 5625; x_wconf 90' lang='lat' dir='ltr'><strong>sensus</strong></span> <span class='ocrx_word' id='word_1_810' title='bbox 2460 5569 2660 5631; x_wconf 89' lang='lat' dir='ltr'><strong>tamen</strong></span> <span class='ocrx_word' id='word_1_811' title='bbox 2694 5569 2796 5626; x_wconf 89' lang='lat' dir='ltr'><strong>aut</strong></span> <span class='ocrx_word' id='word_1_812' title='bbox 2836 5562 2988 5631; x_wconf 87' lang='lat' dir='ltr'><strong>hanc</strong></span> <span class='ocrx_word' id='word_1_813' title='bbox 3017 5570 3119 5627; x_wconf 90' lang='lat' dir='ltr'><strong>aut</strong></span> <span class='ocrx_word' id='word_1_814' title='bbox 3147 5569 3310 5631; x_wconf 84' lang='lat' dir='ltr'><strong>certe</strong></span> <span class='ocrx_word' id='word_1_815' title='bbox 3346 5579 3467 5629; x_wconf 88' lang='lat' dir='ltr'><strong>non</strong></span> <span class='ocrx_word' id='word_1_816' title='bbox 3497 5561 3646 5634; x_wconf 81' lang='lat' dir='ltr'><strong>mul-</strong></span> 
     </span>
    </p>
   </div>
   <div class='ocr_carea' id='block_1_114' title="bbox 284 5648 1991 5735">
    <p class='ocr_par' dir='ltr' id='par_1_114' title="bbox 284 5648 1991 5735">
     <span class='ocr_line' id='line_1_114' title="bbox 284 5648 1991 5735; baseline 0.006 -27"><span class='ocrx_word' id='word_1_817' title='bbox 284 5654 410 5713; x_wconf 89' lang='lat' dir='ltr'><strong>tum</strong></span> <span class='ocrx_word' id='word_1_818' title='bbox 440 5648 776 5713; x_wconf 87' lang='lat' dir='ltr'><strong>absimilem</strong></span> <span class='ocrx_word' id='word_1_819' title='bbox 809 5649 1363 5735; x_wconf 86' lang='lat' dir='ltr'><strong>interpretationem</strong></span> <span class='ocrx_word' id='word_1_820' title='bbox 1392 5650 1706 5733; x_wconf 86' lang='lat' dir='ltr'><strong>requirere</strong></span> <span class='ocrx_word' id='word_1_821' title='bbox 1735 5651 1991 5724; x_wconf 89' lang='lat' dir='ltr'><strong>videtur.</strong></span> 
     </span>
    </p>
   </div>
  </div>
