4020 6132
404 227 551 306 1211

1745 242 2390 308 SUPPLEMENTUM.

3619 244 3765 312 I212

403 393 574 442 servo
589 377 985 464 repulso,prze
1009 381 1195 446 multo
1217 382 1424 446 dolore
1447 381 1779 465 animaeque
1797 401 1866 446 ac
1887 401 2026 444 cor-

2121 381 2341 440 Ξπνωσιν
2383 381 2444 438 ἐκ
2503 377 2714 449 πολλῆς
2769 379 3115 464 ἀδολεσχίας,
3178 381 3267 440 καὶ
3311 380 3476 440 πόνου
3532 386 3767 464 ψυχικοῦ

406 467 1505 551 porisfatigationedormivit,viditque
1526 476 1587 537 in
1602 493 1813 536 somno
1828 491 2038 555 quem-

409 557 567 633 dam,
603 561 702 640 qui
733 580 764 623 e
795 564 1096 642 germanis
1137 565 1268 642 ejus
1309 565 1517 626 amicis
1570 563 2038 644 notissimusque

408 647 582 708 simul
614 659 788 730 atque
817 653 1178 732 conspicuus
1234 655 1291 714 in
1351 655 1484 714 aula
1538 653 1835 735 imperiali
1889 659 2036 726 erat,

406 737 768 801 Demetrium
803 741 918 803 sibi
947 741 1269 804 dicentem.
1306 743 1456 815 Quid
1483 742 1696 816 babes,
1731 741 2036 804 amabilis-

407 825 585 900 sime,
618 831 998 911 graviterque
1026 832 1194 894 fers?
1223 830 1527 911 Cognosce
1583 851 1678 894 me
1709 830 1992 894 celeriter
2021 849 2034 894 :

409 914 552 992 quid
584 915 735 979 forte
771 921 944 981 etiam
982 939 1188 982 eorum
1238 940 1368 1002 quae
1421 921 1714 983 medelam
1763 921 2034 1003 afferant,

408 1003 662 1067 suadere
720 1008 826 1069 tibi
858 1017 1085 1090 potero.
1120 1011 1438 1073 Praefectus
1468 1019 1666 1072 autem
1721 1010 1781 1071 in
1809 1015 2037 1088 fsomno

405 1096 778 1169 respondens
799 1099 946 1162 dixit
975 1101 1030 1162 ei
1066 1119 1080 1164 :

485 1180 583 1244 12.
620 1185 772 1257 Quid
805 1207 1012 1250 eorum
1045 1191 1145 1272 qui
1176 1191 1235 1251 in
1275 1192 1422 1253 vivis
1451 1199 1612 1271 sunt,
1645 1189 1859 1263 habeo,
1894 1187 2033 1269 quid

405 1287 540 1361 vero
569 1291 800 1353 eorum,
833 1279 932 1358 qui
965 1280 1024 1340 in
1055 1281 1332 1361 sepulcro
1355 1282 1585 1358 jacent,
1635 1298 1753 1342 non
1795 1276 2038 1341 habeo?

403 1354 577 1421 Omni
636 1367 797 1426 enim
852 1354 1046 1446 capite
1101 1354 1254 1432 male
1303 1354 1538 1442 allecto,
1575 1354 1791 1431 frustra
1823 1387 2032 1430 omnes

402 1452 695 1539 sentiendi
727 1455 1040 1520 facultates
1089 1458 1388 1539 possideo.
1441 1457 1648 1538 Neque
1694 1459 1878 1528 enim,
1930 1457 2033 1534 qui

403 1536 561 1600 clare
618 1543 877 1620 videant,
940 1536 1143 1610 oculos
1201 1548 1414 1621 habeo,
1475 1536 1668 1627 neque
1740 1547 2032 1627 auditum,

405 1627 506 1718 qui
539 1640 751 1709 praeter
795 1640 1088 1699 maximos
1119 1638 1400 1718 strepitus
1432 1637 1754 1717 quidquam
1788 1637 2030 1716 audiat;

2119 473 2208 528 καὶ
2252 479 2579 547 σωματικοῦ.
2647 472 2742 530 Καὶ
2783 469 2849 540 δὴ
2906 471 3028 530 καθ’
3074 472 3265 537 ὕπνους
3321 472 3418 552 δρᾷ
3452 475 3768 552 Δημήτριον

2119 585 2236 618 τινα
2285 567 2393 618 τῶν
2449 562 2686 640 γνησίων
2743 563 2902 618 αὺτοῦ
2956 561 3148 643 φίλων,
3207 565 3297 620 καὶ
3357 566 3452 620 τὸν
3504 564 3558 620 ἐν
3601 565 3766 640 βασι-

2119 651 2281 718 λείοις
2339 651 2528 715 αὒλοιῖς
2597 651 2935 730 τυγχάνοντα
3009 653 3423 730 γνωριμώτατον
3476 653 3616 729 ἅμα,
3682 655 3769 710 καὶ

2121 741 2382 821 περιφανῆ
2439 741 2664 818 λέγοντα
2708 744 2848 814 αὒτῷ
2884 759 2897 772 ·
2935 743 2994 798 Τί
3049 739 3114 808 δὴ
3170 741 3344 820 ἔχεις,
3376 745 3422 796 ὦ
3465 743 3769 821 προσφιλὲ-

2119 852 2299 905 στατε,
2347 832 2433 886 καὶ
2495 828 2698 906 βαρέως
2757 829 2931 908 φέρεις
2970 849 2985 905 ;
3027 831 3291 909 Γνώρισόν
3321 852 3390 905 με
3433 833 3497 889 τὸ
3542 833 3718 911 τάχος
3751 852 3764 864 ’

2117 920 2252 985 ἴσως
2309 921 2399 977 καί
2455 942 2505 975 τι
2590 923 2695 974 τῶν
2773 919 3105 1000 ὀνησιφόρων
3175 917 3628 996 συμϐουλεύσοιμι
3709 923 3769 977 ἃν

2119 1031 2226 1072 σοι,
2290 1009 2348 1067 ’0
2401 1007 2454 1065 δὲ
2497 1007 2742 1088 ὕπαρχος
2799 1008 2917 1064 καθ’
2973 1007 3164 1069 ὕπνους
3222 1008 3558 1088 ἀποκριθεῖς,
3605 1011 3767 1066 εἶπεν

2118 1100 2259 1173 αὒτῷ
2291 1115 2306 1130 ⁶

2200 1187 2300 1265 ιβ’,
2333 1189 2394 1246 Τί
2437 1188 2537 1266 γὰρ
2577 1186 2694 1265 ’έχω
2723 1191 2830 1242 τῶν
2881 1185 2937 1241 ἐν
2982 1187 3132 1258 ζῶσι,
3181 1187 3231 1242 τί
3271 1185 3326 1243 δὲ
3367 1189 3470 1243 τῶν
3505 1187 3562 1243 ἒν
3611 1189 3766 1262 τάφῳ

2118 1277 2377 1352 κειμένων
2421 1277 2516 1333 οὒκ
2557 1275 2672 1356 ἔχω
2709 1295 2724 1352 ;
2779 1274 2988 1355 κεφαλὴ
3032 1276 3131 1350 μὲν
3175 1277 3275 1354 γὰρ
3304 1283 3448 1334 πᾶσι
3505 1299 3764 1334 κεκακω-

2119 1370 2257 1443 μένη
2303 1365 2507 1439 δεινῶς,
2543 1366 2715 1421 πάντα
2746 1366 2810 1423 τὰ
2865 1367 3182 1440 αἰσθητήρια
3214 1365 3388 1436 μάτην
3432 1366 3710 1441 κέκτημαι
3745 1383 3758 1396 ·

2117 1456 2234 1515 οὔτε
2276 1457 2375 1534 γὰρ
2419 1454 2720 1534 ὀφθαλμοὺς
2787 1454 2903 1534 ἔχω
2963 1453 3259 1530 βλέποντας
3313 1453 3573 1532 ἐναργῶς,
3644 1456 3764 1513 οὗτε

2116 1547 2283 1614 ἆκοῆν
2325 1548 2642 1623 ἒπειίουσαν,
2697 1543 2840 1611 πλὴν
2887 1549 2994 1598 τῶν
3054 1544 3320 1621 μεγίστων
3367 1545 3582 1623 ψόφων,
3643 1545 3765 1600 ἀλλ’

2117 1635 2234 1692 οὕτε
2284 1637 2317 1704 ἡ
2377 1636 2454 1711 ῥὶν
2493 1632 2741 1711 διακρίνει
2799 1639 2979 1713 σαφῶς
3024 1635 3128 1688 τιῦν
3171 1634 3605 1712 ὀσφραινομένιῖη
3666 1637 3768 1701 τὴν

403 1715 505 1776 sed
543 1738 740 1798 neque
766 1743 944 1789 nasus
975 1745 1179 1788 eorum
1233 1715 1363 1807 quae
1415 1715 1638 1799 olfacit,
1693 1715 2029 1805 qualitatem

2121 1725 2402 1797 ποιότητα,
2452 1723 2569 1780 οὔτε
2613 1723 2754 1797 παρὰ
2797 1730 2863 1798 τῇ
2914 1721 3130 1798 γλώττῃ
3183 1746 3283 1798 μου
3331 1721 3587 1801 διαφορὰν
3644 1723 3767 1802 ἔχει

403 1813 535 1896 apte
556 1808 1076 1896 discernit,neque
1099 1816 1158 1876 in
1175 1816 1373 1894 lingua
1394 1833 1487 1876 me
1511 1814 1708 1876 dulcia
1730 1813 1801 1874 ab
1815 1814 2035 1874 amaris

403 1891 704 1961 differunt.
738 1901 824 1964 Ita
842 1891 1000 1965 enim
1024 1913 1207 1967 totum
1236 1891 1636 1984 permutatum
1672 1912 1760 1964 est
1792 1922 2030 1982 corpus,

409 1990 469 2072 ut
499 1985 671 2049 etiam
706 1999 952 2071 tangens
985 1995 1173 2055 calida
1202 1994 1410 2056 videar
1439 1992 1809 2072 refrigerari,
1863 1992 2033 2071 frigi-

408 2070 618 2154 disque
651 2070 926 2143 admotus
958 2083 1219 2145 caleﬁeri
1267 2102 1360 2144 me
1390 2070 1747 2144 existimem.
1785 2070 2034 2142 Humeri

411 2179 583 2241 porro
607 2175 666 2229 et
694 2169 900 2232 lacerti
934 2182 995 2233 et
1036 2192 1243 2235 manus
1275 2191 1306 2234 a
1333 2190 1580 2253 corpore
1611 2171 1892 2233 duntaxat
1921 2169 2032 2232 de-

405 2253 666 2328 pendent
698 2259 907 2322 otiosa.
961 2261 1326 2342 Quocunque
1376 2271 1571 2321 motus
1603 2259 1876 2340 impellit,
1914 2277 2032 2322 non

404 2358 522 2418 quo
553 2347 706 2423 volo,
742 2348 919 2412 feror.
954 2349 1074 2412 Etsi
1110 2350 1270 2412 enim
1308 2351 1455 2412 velle
1480 2351 1624 2411 mihi
1657 2349 1830 2422 adsit,
1861 2366 2034 2426 posse

404 2449 522 2492 non
545 2439 828 2518 snppetit.
863 2440 1024 2502 Idem
1077 2442 1254 2502 etiam
1315 2441 1506 2519 patior
1531 2441 1688 2501 circa
1721 2439 1948 2498 femora
1977 2445 2034 2496 et

402 2539 593 2610 genua
622 2535 680 2587 et
731 2527 976 2590 brachia
1031 2530 1310 2610 ipsasque
1355 2529 1534 2590 etiam
1587 2528 1802 2608 pedum
1835 2525 2030 2586 bases.

403 2607 618 2690 Specie
652 2617 888 2695 quidem
922 2607 1068 2679 mea
1087 2607 1227 2680 esse
1262 2618 1358 2679 illa
1408 2607 1681 2678 videntur
1739 2613 2031 2686 membra,

402 2705 750 2778 operatione
781 2717 978 2767 autem
1007 2708 1256 2769 alterius
1283 2707 1844 2786 cujuspiam.etfnon
1879 2721 2030 2764 mea.

404 2786 555 2860 Quid
589 2791 796 2872 igitur,
831 2797 986 2874 quod
1021 2797 1216 2876 nobis,
1250 2797 1307 2856 in
1359 2807 1470 2857 tam
1500 2795 1656 2856 malo
1690 2793 2032 2854 morborum

406 2876 610 2958 pelago
640 2881 956 2958 demersis,
993 2885 1244 2948 suadeas
1273 2893 1371 2946 aut
1397 2882 1854 2965 facias,habes,o
1875 2881 2031 2943 dile-

401 2976 558 3028 ctum
593 2981 768 3052 caput
792 2976 820 3034 ‘i

484 3047 1462 3143 l3.De-metriusautem,genuinus
1485 3062 2034 3139 videlicet,respon-
2052 3047 2092 3098 ο

399 3143 483 3205 dit
519 3167 532 3209 :
566 3148 830 3212 Primum
864 3153 1106 3234 quidem
1140 3154 1247 3214 tibi
1296 3153 1544 3224 suadeo,
1593 3160 1658 3213 ut
1706 3149 1776 3211 ad
1829 3166 2030 3209 rerum

400 3236 668 3298 omnium
703 3240 1031 3302 conditoris
1063 3242 1172 3302 Dei
1219 3240 1653 3321 providentiam
1703 3236 2032 3317 respiciens

399 3321 556 3385 l-ono
581 3333 663 3389 sis
683 3328 907 3404 animo,
933 3349 1042 3390 nec
1076 3331 1477 3410 tristitia,quae
1508 3329 1722 3391 anima:
1745 3327 2028 3388 damnum

398 3414 588 3488 affert,
625 3419 1006 3499 opprimaris.
1066 3419 1236 3482 Nosti
1283 3421 1442 3481 enim
1474 3421 1750 3500 ipsemet,
1789 3433 2027 3478 omnem

402 3504 695 3587 morbum,
732 3508 970 3589 provida
1005 3511 1133 3584 Dei,
1178 3509 1277 3590 qui
1313 3528 1420 3571 nos
1465 3508 1711 3582 creavit,
1769 3505 2032 3586 potentia

399 3592 709 3671 largiente,
742 3603 803 3659 in
833 3609 1118 3679 aegrotare
1148 3599 1326 3660 etiam
1367 3599 1565 3679 datur,
1606 3617 1682 3660 ne
1715 3598 2024 3664 efferatur.

400 3683 595 3761 potius
621 3694 842 3768 autem,
881 3696 943 3749 ut
965 3695 1023 3750 et
1054 3691 1240 3764 magis
1262 3688 1419 3750 velut
1449 3685 1858 3768 aurum,quod
1894 3683 2032 3764 igne

397 3771 455 3832 in
486 3791 622 3836 vase
653 3775 954 3856 probatius
985 3789 1073 3837 est
1099 3777 1339 3851 factum,
1374 3777 1777 3856 splendescat;
1808 3775 1856 3835 si
1884 3793 2029 3854 pec-

395 3867 559 3924 cator
585 3863 682 3938 sit,
722 3865 1070 3928 conceditur
1101 3874 1159 3928 et
1190 3877 1496 3946 aegrotare,
1533 3875 1593 3926 ut
1623 3863 1718 3926 hic
1754 3881 1857 3944 pro
1884 3882 2029 3943 pec-

396 3952 546 4012 catis
578 3972 782 4032 poanas
810 3955 958 4029 dans
991 3957 1172 4018 multa
1203 3956 1260 4017 in
1294 3955 1489 4017 futuro
1513 3954 1742 4035 judicio
1793 3953 2029 4015 miseri-

405 4040 899 4105 cordiainduatur
919 4045 1246 4106 secundum
1273 4045 1427 4126 quod
1445 4046 1664 4106 dicitur
1686 4063 1715 4104 a
1743 4043 2032 4124 propheta

402 4127 674 4194 Nahum:
708 4131 864 4194 «Non
884 4133 1478 4214 judicabitDominus
1498 4135 1588 4194 bis
1613 4135 1668 4194 in
1693 4132 1948 4212 idipsum
1973 4131 2032 4192 in

407 4219 790 4284 tribulatione
808 4223 897 4285 2.»
925 4223 1180 4304 Reponit
1201 4225 1537 4302 prmfectus:
1568 4222 1764 4302 Si,qui
1787 4221 2034 4283 adversa

404 4310 744 4374 veletudine
776 4312 1024 4389 laborat,
1059 4313 1290 4392 placide
1324 4315 1601 4393 patiatur,
1619 4321 1785 4373 recte
1813 4310 1899 4370 ais
1935 4328 1948 4372 :
1985 4311 2030 4369 si

403 4407 598 4461 autem
631 4401 840 4464 dolore
871 4421 1112 4482 pressus
1139 4401 1212 4461 ad
1245 4403 1388 4463 iram
1417 4402 1596 4463 etiam
1630 4399 2028 4474 accendatur;

2121 4406 2142 4460 δ
2192 4402 2437 4481 ὕπαρχος
2474 4418 2487 4432 ⁸

405 4488 661 4570 hincque
693 4490 892 4564 verba,
929 4491 1064 4551 odio
1122 4489 1324 4571 digna,
1361 4491 1778 4571 proloquatur,
1813 4487 2028 4568 duplex

406 4586 492 4637 est
527 4578 789 4654 malum;
850 4579 1035 4658 magis
1067 4578 1226 4638 enim
1263 4588 1324 4642 et
1354 4598 1574 4660 corpus
1607 4578 2027 4652 discruciatur,

405 4675 767 4746 peccataque
800 4669 1058 4748 peccatis
1086 4667 1302 4730 animae
1348 4669 1729 4745 accumulat;
1761 4667 1922 4749 quod
1971 4668 2032 4728 in

407 4774 500 4816 me
525 4755 738 4818 facfum
759 4756 1127 4819 cerno.Dicit
1145 4757 1200 4819 ei
1223 4759 1496 4822 amabilis
1521 4759 1805 4821 nimirum
1825 4757 2036 4819 Deme-

402 4845 552 4908 trius
583 4863 603 4914 :

484 5027 583 5092 14.
612 5025 796 5090 Tuam
822 5031 1051 5112 accepi,
1085 5028 1514 5110 gloriosissime
1540 5029 1600 5090 in
1633 5025 2036 5108 terris,humi—

405 5117 651 5196 litatem,
677 5138 809 5199 quae
839 5119 942 5181 tibi
979 5121 1039 5182 in
1071 5121 1239 5184 caelis
1273 5119 1523 5199 gloriam
1556 5118 1852 5181 conciliat.
1886 5115 2034 5178 Cor-

407 5207 594 5287 perali
626 5207 803 5286 igitur
831 5209 944 5270 hoc
974 5209 1469 5282 morbo,Domino
1494 5215 1696 5269 nostro
1727 5227 1794 5268 ac
1826 5205 2038 5269 Serva-

408 5309 532 5360 ture
558 5298 700 5362 Jesu
734 5299 970 5360 Christo
1011 5301 1331 5380 potentiam
1376 5301 1449 5360 ad
1482 5297 1542 5359 id
1574 5298 1886 5375 largiente,
1923 5297 2035 5357 cito

404 5385 921 5450 liberabere.Veni
948 5388 1127 5467 igitur
1156 5389 1215 5449 in
1244 5387 1486 5448 domum
1518 5404 2036 5468 meam,opemque

483 5583 509 5624 ²
536 5583 764 5644 Nahum
795 5602 835 5660 Ι,
872 5588 976 5650 12.

2115 1816 2181 1870 τὰ
2241 1813 2439 1892 γλυκέα
2481 1813 2608 1888 πρὸς
2657 1813 2724 1868 τὰ
2778 1812 2939 1888 πιαιρά
2968 1827 2980 1840 ⁸
3038 1811 3174 1866 οὕτω
3203 1813 3301 1887 γὰρ
3345 1810 3645 1879 ἠλλοίωται
3708 1815 3768 1868 τὸ

2116 1910 2219 1960 πᾶν
2265 1909 2445 1980 σῶμα,
2499 1902 2579 1957 ὅτι
2631 1903 2716 1956 καὶ
2767 1906 2874 1956 τῶν
2903 1900 3106 1976 θερμῶν
3159 1900 3455 1974 ἁπτόμενος
3487 1901 3767 1978 ψύχεσθαι

2116 1992 2276 2065 δοκῶ,
2338 1993 2425 2047 καὶ
2509 2004 2626 2054 τοῖς
2702 1994 2936 2068 ψυχροῖς
2997 1987 3332 2060 ιιοηώμενος
3389 1987 3769 2064 ὑπολαμϐάνω

2114 2083 2520 2161 θερμαίνεσθαι·
2599 2080 2739 2154 ὦμοι
2824 2077 2879 2134 δὲ
2958 2077 3053 2133 καῖ
3125 2077 3361 2156 ἆγκῶνες
3425 2079 3511 2134 καὶ
3569 2092 3768 2157 χεῖρες

2116 2171 2514 2249 ἀποκρέμανται
2569 2168 2730 2243 μόνον
2772 2174 2865 2224 τοῦ
2917 2168 3164 2240 σώματος
3221 2166 3462 2244 ἂεργεῖς,
3514 2167 3671 2234 "Oth
3718 2167 3768 2222 δ’

2117 2260 2179 2317 ἂν
2222 2263 2256 2328 ἡ
2289 2262 2493 2325 κίνησις
2527 2257 2670 2333 ἄγοι,
2707 2257 2958 2336 φέρομαι,
2991 2256 3098 2335 οὔχ
3154 2255 3262 2322 ὅπη
3319 2255 3580 2332 βούλησις
3624 2257 3766 2331 ἐμή,

2122 2350 2228 2408 Κᾶν
2283 2351 2382 2426 γὰρ
2425 2350 2485 2404 τὸ
2538 2347 2708 2404 θέλειν
2761 2359 2860 2420 μοῖ
2914 2351 3082 2422 παρῇ,
3113 2346 3175 2400 τὸ
3213 2343 3456 2402 δύνασθαι
3508 2347 3572 2402 οὗ
3630 2368 3770 2401 συν-ε

2114 2439 2326 2519 τρέχει.
2359 2439 2558 2495 Ταυτὸν
2607 2434 2661 2491 δὲ
2720 2436 2920 2514 πάσχω
2962 2435 3045 2488 καὶ
3079 2434 3196 2510 περὶ
3227 2435 3346 2499 τοὺς
3377 2436 3610 2511 μηροὺς,
3676 2437 3768 2491 καὶ

2115 2530 2179 2585 τὰ
2233 2530 2452 2606 γόνατα,
2499 2527 2587 2582 καὶ
2625 2527 2721 2590 τὰς
2766 2523 3026 2602 ἀγκάλας,
3072 2525 3162 2579 καὶ
3221 2524 3380 2588 αὐτὰς
3433 2526 3539 2579 τῶν
3585 2523 3770 2581 ποδῶν

2113 2618 2209 2679 τὰς
2269 2617 2476 2692 βάσεις.
2540 2621 2626 2688 Τῷ
2696 2615 2794 2683 μὲν
2860 2613 2960 2689 γὰρ
3027 2611 3299 2692 φαίνεσθαι
3357 2613 3462 2686 ἐμὰ
3515 2610 3770 2671 δοκοῦσιν

2118 2711 2256 2762 εἶναι
2301 2715 2464 2764 ταῦτα
2505 2706 2571 2760 τὰ
2616 2702 2779 2776 μέλη,
2827 2709 2902 2774 τῷ
2960 2700 3015 2756 δὲ
3074 2701 3314 2778 ἐνεργεῖν
3370 2699 3534 2757 ἄλλου
3593 2705 3767 2777 τινὸς,

2119 2798 2204 2851 καὶ
2248 2798 2340 2852 οῦκ
2397 2793 2521 2869 ἐμόί.
2585 2793 2644 2850 Τί
2699 2791 2791 2847 οὖν
2854 2790 3004 2870 ἔχεις
3049 2792 3209 2865 ἡμῖν,
3243 2790 3289 2846 ὦ
3333 2789 3462 2869 φίλη
3515 2790 3767 2870 κεφαλὴ,

2119 2883 2525 2960 συμϐουλεῦσαι,
2573 2884 2608 2950 ἢ
2653 2883 2901 2960 ποιῆσαι,
2953 2882 3190 2954 τοσούτῳ
3233 2887 3384 2954 κακῷ
3440 2883 3528 2936 καὶ
3589 2903 3770 2957 νοσῃ-

2118 2976 2300 3050 μάτων
2333 2972 2554 3050 πελάγει
2585 2968 2978 3048 βεϐυθισμένοις
3011 2988 3027 3047 ς

2197 3063 2297 3141 ιγ’.
2343 3064 2403 3119 'O
2435 3060 2488 3117 δὲ
2533 3063 2752 3138 γνήσιος
2809 3058 2963 3126 δῆθεν
3025 3059 3334 3137 Δημήτριος
3382 3059 3710 3135 ἀπεκρίνατο
3748 3079 3765 3097 ·

2121 3159 2330 3231 Πρῶτον
2391 3151 2486 3224 μὲν
2543 3153 2790 3224 εὐθυμεῖν
2846 3169 2927 3204 σοι
2990 3147 3254 3224 παρᾶινῶ,
3315 3149 3401 3204 καὶ
3458 3148 3538 3222 μή
3585 3170 3765 3204 κατα-

2115 3244 2414 3322 χώννυσθαι
2459 3239 2648 3301 λύπαις
2711 3241 3118 3318 ψυχοφθόροις,
3199 3239 3275 3300 εἷς
3342 3260 3440 3304 την
3501 3240 3764 3314 πρόνοιαν

2115 3332 2324 3411 ἀφορῶν
2354 3332 2453 3398 τὴν
2496 3336 2587 3386 τοῦ
2617 3327 2939 3404 δημιουργοῦ
2969 3333 3074 3382 τῶν
3114 3325 3359 3384 ἁπάντων
3393 3333 3548 3386 Θεοῦ.
3583 3327 3763 3384 Οἶσθα

2115 3423 2212 3499 γὰρ
2256 3422 2340 3477 καὶ
2384 3420 2538 3482 αὖτὸς
2596 3420 2669 3477 ὡς
2722 3416 2903 3472 ἅπασα
2935 3416 3109 3487 νόσος,
3155 3421 3225 3491 τῇ
3266 3423 3600 3492 προνοητικῇ
3659 3415 3757 3473 ὃν·

2113 3513 2265 3586 ναίμει
2322 3512 2414 3566 τοῦ
2471 3508 2745 3569 κτίσαντος
2786 3505 2930 3580 ἡμᾶς
2990 3505 3410 3585 συγχωρουμένη
3464 3509 3760 3584 προσγίνε-

2113 3603 2230 3655 σθαι
2291 3595 2374 3654 ἐπ’
2431 3596 2659 3676 ὠφελείᾳ
2715 3602 2806 3651 τοῦ
2849 3601 3131 3657 νοσοῦντος
3188 3593 3450 3671 ἐγγίνεται
3485 3610 3498 3624 ⁸
3547 3596 3593 3650 εἰ
3656 3597 3761 3672 γὰρ

2113 3686 2312 3751 δίκαιός
2343 3691 2480 3765 ἔστι,
2529 3687 2617 3742 καὶ
2676 3696 3038 3762 συγχωρεῖται
3088 3696 3292 3754 νοσεῖν,
3346 3685 3435 3738 ’ἱνα
3466 3684 3548 3757 μὴ
3592 3685 3759 3763 ὑπερο

2114 3778 2351 3856 αίρηται,
2411 3774 2616 3850 μᾶλλον
2671 3771 2725 3828 δὲ
2805 3770 2899 3827 ἵνα
2981 3773 3068 3828 καὶ
3127 3770 3288 3827 πλέον
3349 3769 3756 3849 λαμπρύνηται,

2112 3867 2184 3929 ὠς
2217 3865 2268 3921 ὲν
2302 3865 2458 3945 χώνῃ
2490 3863 2686 3943 χρυσὸς
2733 3868 2809 3933 τῷ
2841 3862 2961 3939 πυρὶ
3007 3860 3288 3938 γινόμενος
3347 3858 3704 3941 δοκιμώτερος
3739 3879 3756 3894 ·

2112 3958 2156 4012 εἷ
2187 3953 2503 4034 ἁμαρτωλός
2557 3953 2692 4024 ἐστι,
2758 3951 2852 4008 καὶ
2913 3955 3170 4027 παρεᾶται
3216 3950 3480 4022 ἀσθενεῖν,
3528 3950 3624 4006 ’ίνα
3667 3951 3760 4006 ἐν-

2115 4048 2274 4103 ταῦθα
2316 4050 2422 4100 τῶν
2477 4039 3032 4116 πεπλημμελημένων
3105 4037 3224 4101 δοὺς
3283 4039 3376 4098 τὰς
3436 4039 3648 4105 εὖθύνας
3705 4039 3761 4094 ἐν

2114 4141 2182 4213 τῇ
2235 4132 2506 4210 μελλούσῃ
2559 4132 2723 4210 κρίσει
2777 4127 2982 4194 πολλῆς
3018 4127 3234 4194 ἐσθῆναι
3294 4134 3392 4194 τῆς
3451 4127 3757 4209 φιλανθρω-

2116 4226 2264 4303 πίας,
2298 4223 2434 4279 κατὰ
2486 4223 2547 4277 τὸ
2607 4219 2884 4296 εἰρημένον
2936 4224 3010 4278 τῶ
3062 4219 3312 4295 προφήτῃ
3363 4219 3548 4293 Ναούμ
3582 4237 3595 4251 ⁸
3651 4221 3760 4275 Οὔκ

2114 4311 2380 4379 ἓκδικήσει
2416 4311 2609 4388 Κύριος
2665 4307 2739 4373 δὶς
2783 4308 2869 4363 ἐπὶ
2921 4307 2980 4362 τὸ
3032 4307 3157 4362 αῦτὸ
3209 4307 3264 4362 ὲν
3310 4305 3485 4381 θλίψει
3523 4323 3540 4341 ⁰
3601 4306 3756 4383 Λέγει

2569 4399 2696 4457 Ἐὰν
2760 4397 3089 4476 εὖχαρίστως
3167 4396 3299 4474 φέρῃ
3361 4398 3388 4452 ὁ
3449 4403 3644 4470 νοσῶν,
3701 4395 3756 4450 εὖ

2113 4492 2288 4570 λέγεις
2322 4508 2337 4522 ⁶
2375 4492 2419 4546 εἴ
2476 4487 2530 4545 δὲ
2585 4491 2687 4545 ὑπὸ
2742 4489 2834 4544 τοῦ
2881 4486 3070 4551 πάθους
3129 4486 3487 4565 συνεχόμενος
3523 4485 3757 4551 ἐξέπτη-

2115 4605 2199 4638 ται
2255 4581 2340 4637 καὶ
2399 4582 2473 4642 εἷς
2517 4580 2702 4654 θυμὸν,
2748 4577 3024 4634 κάντεῦθεν
3095 4573 3307 4652 ῥήματα
3369 4575 3754 4651 προπέμπηται

2116 4671 2470 4748 ἀποτρόπαια,
2528 4666 2743 4724 διπλοῦν
2790 4667 2852 4721 τὸ
2901 4663 3108 4720 κακόν’
3179 4665 3269 4719 καὶ
3323 4664 3383 4719 τὸ
3442 4669 3599 4738 ripa
3660 4665 3755 4740 γὰρ

2117 4759 2278 4817 πλέον
2337 4760 2478 4838 ἀνιᾷ,
2533 4759 2620 4814 καὶ
2669 4762 2738 4831 τῇ
2820 4759 2974 4834 ψυχῇ
3039 4753 3293 4830 ἁμαρτίας
3346 4751 3429 4831 ἐφ’
3479 4752 3756 4828 ἁμαρτίαις

2120 4850 2483 4928 προστίθησιν,
2544 4847 2574 4903 ’6
2644 4846 2760 4924 περὶ
2831 4843 2926 4919 ἐμὲ
2984 4843 3266 4920 γινόμενον
3337 4845 3545 4920 θεωρῶ.
3605 4840 3756 4920 Λέγει

2121 4939 2261 5011 αυτῷ
2290 4941 2317 4995 ὁ
2349 4936 2648 5016 προσφιλὴς
2679 4932 2834 5002 δῆθεν
2871 4934 3176 5009 Δημήτριος
3205 4951 3221 4967 ο

2201 5027 2291 5089 ιδ’.
2336 5024 2699 5100 Ἀπεδεξάμην
2732 5045 2824 5080 σου
2875 5023 2946 5086 ὡς
2999 5019 3084 5076 ἐπὶ
3141 5021 3242 5097 γῆς
3275 5016 3606 5097 ἐνδοξότατε,
3663 5018 3758 5084 τὴν

2117 5119 2460 5190 ταπείνωσιν,
2490 5115 2606 5182 ἥτις
2638 5115 2692 5170 ἐν
2725 5115 2926 5186 οὖροινῷ
2955 5130 3040 5166 σοι
3092 5110 3192 5176 τὴν
3249 5107 3402 5173 δοξαν
3461 5109 3759 5182 μνηστεύε-

2118 5231 2227 5269 ται,
2288 5213 2576 5283 Τοιγαροῦν
2646 5203 2732 5257 καὶ
2793 5205 2890 5267 τῆς
2968 5202 3282 5272 σωματικῆς
3339 5196 3538 5263 ταῦτης
3610 5197 3760 5252 νόσου

2117 5297 2307 5355 θᾶττον
2337 5293 2723 5371 ἆπιιλλαγήσῃ,
2771 5297 2861 5346 τοῦ
2923 5288 3107 5366 Κυρίου
3156 5288 3248 5343 καὶ
3293 5288 3550 5363 Σωτῆρος
3610 5285 3760 5352 ἡμῶν

2120 5384 2296 5453 Ἰησοῦ
2339 5386 2564 5462 Χριστοῦ
2635 5384 2692 5438 τὸ
2745 5379 2987 5438 δύνασθαι
3045 5376 3402 5455 παρέχοντος,
3467 5373 3618 5431 Ἐλθέ
3673 5375 3759 5430 οὖν
