4056 6152
1430 133 1657 225 ivi-«E7»
1684 104 1983 213 ὓδςὶηίτδ

324 304 479 372 1213

1354 282 1474 395 ξε.
1518 307 1896 370 DEMETRII
1940 307 2337 371 MARTYRIS
2378 302 2598 370 ACTA.

3527 287 3677 359 1214

313 445 388 506 εἰς
422 434 523 500 τὸν
583 442 739 500 οἶκον
801 441 892 498 τὸν
946 434 1101 517 ἒμὸν,
1174 434 1262 498 καὶ
1320 438 1669 517 ἁνακλήθητι,
1733 444 1943 501 κάκεῖσε

2039 442 2500 526 implora,atque
2517 444 2604 507 ibi
2631 443 2738 508 Det
2766 440 3039 522 gloriam,
3073 442 3317 524 tibi‘per
3349 446 3449 503 me
3476 440 3676 502 mani;

313 532 435 609 ὄψει
490 533 591 600 τὴν
647 531 797 597 δόξαν
840 533 933 588 τοῦ
976 534 1108 587 Θεοῦ
1161 530 1228 587 δι’
1261 531 1390 607 ἐμοῦ
1417 553 1499 588 σοι
1533 532 1954 612 φανερουμένην.

316 628 378 681 '0
430 621 484 678 δὲ
533 622 792 701 μακάριος
840 620 1104 697 Μαριανὸς
1144 619 1479 696 διυπνισθεὶς,
1541 622 1637 679 καὶ
1686 621 1955 699 διηγησά-

314 734 475 787 μενος
531 724 649 776 tot;
702 710 930 778 πλησίον
958 712 1026 767 τὰ
1067 711 1318 789 ὁραθέντα
1377 712 1521 785 αὒτῷ
1565 710 1683 768 καθ’
1740 712 1954 784 ὕπνους,

314 800 499 880 ἔλεγεν
546 800 903 880 ὀδυρόμενος·
959 802 1052 857 Καὶ
1103 807 1204 856 ποῦ
1263 800 1467 879 εὔροιμί
1504 822 1562 856 σε
1618 806 1729 879 νῦν,
1774 801 1810 869 ἢ
1867 803 1956 858 τὸν

316 893 412 948 σὸν
453 891 709 964 ohe-1,63
754 888 895 967 κύριέ
937 910 1062 965 μου,
1126 892 1214 946 καὶ
1272 889 1608 967 γοησιώτατε
1655 892 1952 967 Δημήτριε,

310 988 409 1037 σοῦ
469 980 567 1055 μὲν
623 979 760 1037 κατὰ
826 984 926 1046 τὴν
1002 980 1384 1054 βασιλεύουσαν
1442 979 1596 1036 πόλιν
1654 978 1952 1059 διάγοντος,

311 1073 446 1144 ἒμοῦ
501 1066 555 1125 δὲ
632 1069 768 1126 κατὰ
840 1067 1233 1136 Θεσσαλονίκης
1308 1067 1602 1144 κειμένους
1661 1069 1812 1145 οἴμοι
1879 1077 1955 1142 τῷ

313 1158 526 1234 ἀθλίῳί
577 1158 726 1234 Πόσῃ
770 1165 915 1238 χοιρᾷ
945 1179 1011 1234 με
1069 1161 1097 1214 ὁ
1154 1158 1355 1237 ὄνειρος
1403 1159 1793 1239 κατεφαίδρυνε,
1861 1159 1956 1216 καὶ

312 1247 519 1326 πηλίκη
562 1247 735 1323 θλίψει
775 1249 834 1304 τὸ
862 1246 1000 1326 ῦπαρ
1052 1247 1381 1328 κατέχωσεν.
1415 1248 1547 1306 Τότε
1576 1249 1663 1313 εἷς
1694 1256 1798 1305 τῶν
1841 1272 1953 1307 πα-

311 1338 590 1416 ρεστώτων
644 1337 813 1415 νυγεὶς
870 1338 971 1393 ὑπὸ
1015 1344 1146 1396 Θεοῦ
1208 1337 1525 1417 ἀπεκρίνατο
1563 1351 1577 1369 ⁸
1639 1337 1784 1416 Ἐγώ
1841 1360 1948 1414 σοι,

311 1426 564 1508 δέσποτα,
626 1427 846 1503 μηνύσω
900 1428 992 1483 τὸν
1062 1427 1365 1505 προστάτην
1447 1449 1542 1484 σου
1591 1428 1675 1484 καὶ
1733 1429 1950 1506 γνήσιον

312 1513 486 1595 φίλον,
517 1516 605 1572 καὶ
656 1514 792 1589 μετὰ
836 1516 964 1570 Θεὸν
1022 1512 1286 1582 δεσπότην
1351 1516 1682 1595 Δημήτριον,
1721 1519 1807 1573 τον
1857 1518 1953 1574 καῖ

312 1604 368 1661 ἐν
397 1611 467 1682 τῇ
497 1604 845 1681 βασιλευούσῃ
890 1604 1041 1661 πόλει
1098 1612 1184 1662 νῦν
1244 1602 1391 1684 ὄντα,
1445 1608 1531 1662 καὶ
1589 1605 1764 1662 ἐνθάδε
1816 1630 1951 1664 κατ-

311 1704 579 1769 οικοῦντα,
614 1695 834 1751 κάκεῖσε
863 1701 942 1768 τῷ
968 1693 1189 1771 βασιλεῖ
1217 1700 1325 1751 τῶν
1369 1694 1507 1753 ὅλων
1537 1696 1948 1776 παριστάμενον,

309 1790 399 1844 καὶ
429 1786 519 1843 τὸν
552 1784 768 1842 ἐνταῦθα
793 1785 871 1860 μὴ
901 1782 1346 1859 ἀπολειπόμενον.

394 1962 481 2026 ιε’.
523 1969 687 2022 Τοῦτο
728 1962 785 2018 δὲ
842 1969 946 2019 τῶν
1004 1963 1171 2034 σάρκα
1229 1964 1315 2019 καὶ
1346 1965 1488 2038 αἷμα
1532 1966 1828 2043 φορούντων
1860 1965 1947 2020 οὒ-

309 2053 418 2110 δενὶ
472 2053 711 2126 δυνατὸν,
771 2056 848 2126 τῷ
904 2051 958 2108 δὲ
1040 2053 1285 2131 παναγίῳ
1338 2055 1426 2109 καὶ
1498 2052 1673 2133 έξόχῳ
1730 2056 1950 2134 μάρτυρι

307 2151 405 2201 τοῦ
466 2148 690 2220 Χριστοῦ
750 2142 1065 2220 Δημητρίῳ,
1130 2144 1217 2198 καὶ
1275 2142 1419 2216 μάλα
1475 2141 1671 2221 ῥᾴδιον.
1717 2150 1794 2220 Τῇ
1852 2145 1950 2223 γὰρ

309 2232 457 2307 ἆυλῷ
511 2234 668 2291 αὖτοῦ
721 2236 876 2310 ψυχῇ
933 2231 1029 2287 καΐ
1071 2236 1139 2307 τῇ
1180 2230 1433 2303 ἀθολώτῳ
1489 2233 1661 2287 πίστει
1712 2235 1799 2290 καὶ
1850 2235 1948 2300 τὴν

298 2323 422 2379 -ἄνιυ
469 2319 711 2397 βασιλίδα
768 2320 923 2376 πόλιν
976 2319 1328 2397 Ἱερουσα)ὴμ
1386 2334 1651 2400 κατοικεῖ,
1713 2324 1798 2378 καὶ
1855 2323 1947 2391 τῆς

311 2410 650 2489 θρεψαμένης
694 2412 850 2466 αὒτδν
910 2409 1300 2476 Θεσσαὶονίκης
1351 2410 1446 2465 οὒκ
1490 2409 1939 2486 ἀπολιμπάνεται.

309 2501 475 2580 Ἔχει
505 2500 593 2555 οὖν
624 2500 677 2555 ἐν
704 2498 1027 2580 ἀμφοτέραις
1060 2512 1182 2565 ταῖς
1235 2498 1453 2555 πόλεσιν
1500 2497 1683 2560 οἴκους
1719 2518 1732 2531 ⁹
1781 2524 1944 2579 προε-

309 2589 543 2666 τρέψατο
571 2587 627 2645 δέ
655 2610 714 2644 σε
738 2590 828 2645 τὸν
860 2589 988 2663 ἒμὸν
1017 2586 1280 2654 δεσπότην
1328 2590 1402 2651 εἷς
1450 2589 1540 2645 τὸν
1579 2589 1734 2647 οἷκον
1790 2590 1949 2648 αὐτοῦ

307 2680 596 2759 γενόμενον
648 2678 745 2745 τῆς
806 2678 979 2754 ὒγείας
1036 2689 1251 2756 τυχεῖν.
1334 2678 1663 2751 Σκεψώμεθα
1721 2679 1840 2753 οὗν,
1904 2683 1948 2736 εί

309 2768 526 2824 δυνατόν
555 2789 613 2823 σε
644 2768 698 2823 ἐν
725 2768 801 2840 τῷ
842 2764 980 2840 οἴκῳ
1011 2768 1166 2822 αὒτοῦ
1214 2772 1291 2839 τῷ
1348 2768 1422 2829 εἷς
1452 2767 1550 2832 τὴν
1581 2765 1690 2826 ἅνω
1745 2759 1944 2848 Ἰερου-

311 2857 493 2931 σαλὴμ
549 2856 935 2934 παραγενέσθαι
1016 2858 1181 2930 σώμαι
1260 2855 1517 2933 φοροῦντα
1554 2875 1571 2893 ο
1634 2862 1789 2914 τοῦτο
1845 2860 1944 2937 γὰρ

2038 532 2331 608 festatam,
2394 534 2640 598 videbis.
2699 536 2848 597 Cum
2906 542 3103 597 autem
3137 534 3345 595 beatus
3374 530 3677 594 Marianas

2039 630 2198 684 esset
2227 624 2763 702 expergefactus,et
2792 643 2924 704 qum
2952 624 3065 685 sibi
3095 623 3157 685 in
3186 639 3396 684 somno
3418 618 3542 680 visa
3568 635 3673 680 es—

2037 712 2534 786 sent,astantibus
2568 723 2891 787 narrasset,
2928 713 3262 775 lamentans
3291 709 3529 773 dicebat
3561 724 3576 770 :
3606 705 3679 768 Et

2039 800 2144 861 ubi
2165 819 2325 862 nunc
2345 810 2401 863 te
2429 803 2517 864 vel
2542 804 2784 866 domum
2811 811 2994 879 tuam,
3024 805 3103 864 mi
3126 801 3371 864 domine
3389 818 3456 861 ac
3481 798 3675 859 since-

2037 888 2274 952 rissime
2304 890 2598 971 Demetri,
2630 893 2954 973 inveniam,
2990 901 3046 953 te
3077 891 3316 973 quidem
3348 888 3408 951 in
3440 888 3676 950 civitate

2032 996 2224 1055 penes
2248 998 2424 1059 quam
2447 981 2767 1062 imperium
2803 989 2914 1056 est,
2948 988 3380 1051 commorante,
3415 995 3510 1039 me
3536 993 3674 1041 vero

2037 1066 2477 1132 Thessalonicae
2528 1071 2972 1134 decumbente!
3038 1070 3150 1134 Hei
3207 1069 3354 1132 mihi
3413 1063 3668 1128 misero!

2039 1154 2270 1229 Quanto
2288 1177 2385 1222 me
2399 1160 2639 1240 gaudio,
2667 1161 2825 1243 quod
2841 1161 2903 1222 in
2923 1178 3135 1224 somno
3159 1159 3278 1222 vidi
3292 1155 3669 1230 exhilaravit,

2039 1250 2383 1330 tanta,qiiod
2406 1250 2653 1331 vigilans
2672 1250 3213 1332 comperi,tristitia
3232 1268 3327 1311 me
3349 1244 3669 1328 depressit,

2034 1336 2201 1398 Tunc
2230 1358 2386 1400 unus
2412 1347 2755 1417 astantium,
2807 1361 2842 1404 a
2898 1340 3022 1405 Deo
3053 1347 3276 1415 motus,
3306 1334 3620 1416 respondit
3653 1354 3666 1397 :

2034 1424 2156 1505 Ego
2188 1426 2317 1504 tibi,
2353 1430 2628 1505 Domine,
2665 1431 2976 1494 ostendam
3009 1438 3321 1511 patronum
3342 1438 3505 1489 tuum
3528 1441 3671 1504 ger-

2037 1534 2398 1599 manumque
2425 1521 2791 1595 amicum,ac
2824 1530 2953 1603 post
2986 1520 3170 1583 Deum
3206 1517 3515 1581 dominum
3548 1513 3671 1576 De-

2038 1607 2341 1688 metrium,
2379 1610 2481 1689 qui
2511 1618 2570 1672 et
2599 1611 2660 1672 in
2691 1611 3030 1692 imperante
3054 1611 3289 1674 civitate
3317 1625 3477 1670 nunc
3507 1621 3671 1666 com-

2036 1697 2525 1779 morans,hicque
2542 1698 2838 1776 habitans,
2871 1706 3074 1763 rerum
3108 1701 3374 1762 omnium
3405 1697 3670 1774 impera-

1976 1809 2013 1859 Β
2035 1784 2150 1846 tori
2178 1785 2402 1849 ibidem
2432 1795 2603 1867 astat,
2640 1808 2751 1853 nec
2780 1791 2968 1867 illum,
3003 1790 3104 1872 qui
3150 1791 3250 1852 hic
3276 1782 3666 1868 est,derelin-

2034 1877 2186 1954 quit.

2114 1966 2210 2029 15.
2238 1965 2303 2027 Id
2336 1976 2533 2030 autem
2564 1988 2803 2036 carnem
2838 1980 2896 2035 et
2916 1972 3272 2052 sanguinem
3304 1968 3665 2052 gestantium

2032 2052 2180 2141 nulli
2211 2058 2903 2135 possibile,sanctissimo
2925 2047 3122 2124 autem
3148 2080 3217 2122 ac
3251 2047 3669 2141 praaemingnti

2033 2140 2249 2205 Christi
2281 2147 2521 2227 martyri
2551 2151 2850 2212 Demetrio
2907 2151 3077 2213 valde
3109 2138 3285 2211 etiam
3317 2144 3513 2209 facile.
3549 2138 3668 2202 Sua

2032 2233 2189 2293 enim
2210 2232 2587 2298 immateriali
2611 2240 2811 2301 anima
2826 2240 3064 2321 ﬁdeque
3091 2247 3258 2319 parat
3277 2235 3668 2314 regiam,qu8

2029 2336 2265 2382 sursum
2293 2325 2712 2396 est,civitatem
2732 2330 3059 2391 Jerusalem
3084 2322 3664 2396 inhabitat/Thessa—

2030 2408 2434 2489 lonicamque,
2477 2433 2609 2494 qua;
2638 2417 2834 2496 ipsum
2864 2419 3135 2495 enutriit,
3168 2417 3324 2480 haud
3354 2410 3664 2490 relinquit.

2029 2497 2221 2562 Habet
2250 2501 2449 2583 itaque
2479 2502 2540 2565 in
2572 2505 2864 2568 ambabus
2893 2508 3237 2570 civitatibus
3266 2506 3501 2567 domos.
3532 2499 3662 2563 Mo-

2029 2589 2159 2649 nuit
2187 2598 2382 2652 autem
2408 2593 2801 2666 te,dominum
2829 2614 3052 2672 meum,
3087 2605 3150 2659 ut
3168 2596 3241 2658 ad
3268 2594 3510 2657 domum
3535 2588 3668 2668 ejus

2028 2683 2307 2741 accedens
2339 2687 2642 2745 sanitatem
2664 2690 3442 2761 consequarisDispiciamus
3464 2684 3660 2755 igitur.

2029 2784 2169 2827 num
2204 2776 2284 2847 te,
2317 2788 2538 2850 corpus
2566 2780 2923 2852 gestantem,
2957 2775 3200 2836 domum
3253 2775 3408 2851 ejus,
3442 2787 3575 2850 quae
3602 2768 3662 2828 in

2025 2872 2284 2946 superna
2301 2858 2635 2923 Jerusalem
2670 2863 2960 2937 est,adire
2989 2864 3066 2926 sit
3094 2860 3474 2946 possibile.ld
3498 2856 3657 2918 enim

305 2949 394 3004 καὶ
451 2951 548 3014 τῆς
604 2947 761 3003 νόσου
817 2942 1115 3009 ἀπαλλάξαι
1174 2946 1460 3023 ὑπέσχετο,
1508 2942 1676 3000 Ἀλλὰ
1731 2948 1839 3020 μὴν
1885 2949 1943 3004 οὗ

2032 2945 2202 3007 etiam
2234 2958 2293 3009 te
2318 2949 2525 3011 morbo
2557 2951 2950 3015 liberaturum
2983 2942 3517 3035 proinisit.Verum
3549 2963 3659 3007 na-

308 3038 530 3117 φυσιγὸν
586 3036 729 3110 ἡμᾶς
790 3040 878 3090 νῦν
911 3034 1046 3108 μετὰ
1084 3028 1313 3111 γεώδους
1360 3034 1591 3103 σκήνους
1648 3036 1713 3091 τὰ
1768 3036 1943 3095 ἰκεϊσε

2032 3036 2216 3097 turale
2264 3038 2421 3100 haud
2454 3048 2563 3109 est,
2600 3058 2710 3102 nos
2743 3042 2921 3104 modo
2946 3028 3081 3105 cum
3115 3051 3357 3105 terreno
3382 3052 3656 3115 corpore.

308 3122 631 3181 καταλαϐεῖν
665 3138 680 3154 ⁸
744 3122 979 3179 λείπεται
1052 3122 1222 3177 τοίνυν
1305 3123 1422 3199 περὶ
1499 3129 1592 3178 τοῦ
1648 3122 1702 3178 ἐν
1777 3126 1943 3203 ταύτῃ

2032 3143 2161 3205 quae
2190 3124 2413 3189 ibidem
2446 3137 2839 3207 sunt,tenere.
2873 3134 3080 3195 Restat
3100 3149 3265 3212 ergo,
3300 3136 3384 3205 ut,
3420 3126 3524 3205 qui
3555 3122 3662 3186 tibi

304 3220 375 3289 τῇ
415 3213 753 3293 θεοφυλάκτῳ
806 3210 915 3267 τῶν
974 3209 1400 3267 Θεσσαλονικέων
1464 3211 1793 3289 μητροπόλει
1849 3236 1943 3270 σε-

2032 3213 2091 3275 in
2120 3233 2332 3277 somno
2362 3216 2594 3281 locutus
2621 3220 2817 3289 est,de
2838 3209 3373 3283 veneranda'domo
3394 3230 3664 3294 δουναι)

304 3302 532 3377 ϐασμίου
562 3302 716 3359 οἴκου
738 3299 897 3357 αὐτοῦ
928 3301 1021 3355 τὸν
1062 3299 1117 3354 ἐν
1164 3303 1241 3373 τῷ
1298 3299 1445 3372 ὕπνῳ
1501 3299 1807 3369 λαλήσαντά
1863 3326 1943 3362 σοι

2032 3302 2088 3365 in
2119 3304 2227 3367 hac
2261 3306 2560 3369 custodita
2585 3327 2620 3369 a
2649 3307 2770 3371 Deo
2800 3308 3426 3375 Thessalonicensium
3449 3313 3662 3367 metro.

304 3392 659 3467 σημάνασθαι.

2032 3393 2145 3473 poli
2179 3402 2289 3475 est,
2324 3395 2536 3459 fecerit
2565 3416 2935 3464 sermonem.

396 3478 516 3554 ις’.
549 3481 725 3537 Τίοῧν
759 3477 1049 3554 μέλλομεν,
1103 3478 1149 3535 ὦ
1204 3477 1458 3558 δέσποτα,
1518 3481 1605 3537 καὶ
1661 3482 1755 3539 οὒκ
1811 3480 1942 3540 ἄπι-

2112 3484 2208 3545 16.
2238 3484 2388 3557 Quid
2421 3486 2600 3565 igitur
2632 3498 2999 3559 cunctamur,
3052 3492 3223 3565 here,
3258 3507 3370 3550 nec
3398 3486 3655 3565 abimus,

303 3592 426 3649 μεν,
460 3570 546 3627 καὶ
575 3570 675 3635 τὴν
722 3567 850 3647 παρ’
893 3567 1051 3624 αὐτοῦ
1105 3575 1379 3646 τρυγῶμεν
1435 3569 1731 3638 ἐπισκοπὴν
1767 3590 1783 3645 ;
1846 3575 1942 3630 Καὶ

2032 3573 2482 3656 faciendamque
2498 3576 2572 3638 ab
2588 3594 2658 3639 eo
2675 3578 3069 3639 visitationem
3092 3575 3421 3640 moramur?
3435 3576 3656 3653 Atque,

303 3658 468 3716 ταῦτα
498 3660 670 3737 φήσας
703 3660 729 3712 ὁ
788 3671 943 3736 παῖς,
991 3654 1170 3733 ἤγειρε
1228 3657 1325 3724 τῆς
1376 3657 1562 3725 κλίνης
1614 3661 1705 3715 τὸν
1756 3661 1943 3717 ἑαυτοῦ

2032 3662 2117 3722 his
2143 3662 2339 3737 dictis,
2375 3654 2684 3727 dominum
2716 3686 2888 3728 suum
2924 3685 3130 3730 servus
3152 3686 3187 3729 e
3234 3667 3385 3728 lecto
3416 3664 3650 3737 levavit,

303 3748 591 3824 δεσπότην,
652 3747 738 3805 καὶ
794 3745 910 3820 μεθ’
968 3747 1159 3823 ἐτέρων
1203 3744 1493 3802 συνδούλων
1550 3751 1708 3807 αὐτοῦ
1735 3750 1937 3824 βαστά-

2032 3751 2440 3832 sublatumque
2460 3772 2595 3816 cum
2620 3754 2753 3817 aliis
2782 3758 3087 3818 conservis
3116 3755 3411 3832 suis,sede
3441 3752 3520 3827 ei,
3554 3771 3657 3815 cu-

302 3860 397 3898 σας
462 3849 584 3899 ταῖς
659 3837 837 3916 χερσὶ,
897 3833 1241 3912 συμπλέγδην
1315 3835 1634 3914 ἑκατέρωθεν
1706 3839 1938 3916 αὐτοφυῆ

2032 3840 2116 3914 ius
2138 3839 2321 3900 latera
2342 3840 2642 3921 utrimque
2664 3852 2832 3904 erant
2853 3843 2915 3904 in
2931 3861 2997 3907 se
3016 3844 3357 3923 conjuncta,
3391 3846 3655 3900 exstruc-

301 3926 554 4005 καθέδραν
597 3927 741 3998 αὐτῷ
798 3924 1253 4013 μηχανησάμενοι
1317 3923 1456 4004 (οὐδὲ
1508 3927 1607 4003 γὰρ
1636 3925 1793 4001 ’ίππῳ
1846 3927 1935 3983 εὖ-

2032 3937 2102 4007 ta,
2132 3977 2136 3980 ‹
2161 3929 2437 3991 manibus
2489 3931 2612 3992 suis
2669 3930 2912 4013 (nempe
2945 3934 3100 3995 enim
3131 3950 3283 4013 equo
3316 3928 3488 3992 facile
3516 3924 3653 3988 vehi

300 4018 476 4094 φόρως
508 4016 823 4094 ἐποχεῖσθαι
854 4013 1117 4093 ἐδύνατο),
1149 4012 1379 4092 ἤνεγκαν
1429 4017 1486 4070 ἴεν
1530 4016 1607 4089 τῷ
1651 4015 1938 4091 πανσέπτῷ

2032 4018 2277 4098 poterat)
2337 4018 2397 4079 in
2453 4012 2854 4082 venerandum
2912 4012 3322 4099 gloriosissimi
3384 4016 3653 4098 martyris
3742 4034 3751 4043 ν

301 4113 411 4179 ναῷ
466 4114 559 4165 τοῦ
611 4102 927 4169 πανενδόξου
1011 4104 1271 4181 μάρτυρος
1355 4106 1681 4182 Δημητρίου.
1766 4109 1825 4163 '0
1881 4105 1935 4163 δὲ

2032 4108 2307 4188 templum
2342 4115 2673 4189 portarunt.
2707 4111 2854 4171 Cum
2888 4118 3080 4173 autem
3133 4121 3289 4173 esset
3317 4109 3648 4188 ingressus,

324 4196 339 4217 ν
407 4193 498 4250 λθκ
695 4193 713 4249 ὶ
767 4191 873 4249 ἷκε,
988 4193 1001 4213 κ
1240 4191 1258 4222 λ
1358 4228 1359 4231 η
1545 4200 1567 4210 ν
1658 4193 1682 4215 »ι
1923 4198 1932 4213 v

297 4216 402 4251 εισε
469 4218 566 4267 ων,
626 4214 693 4249 κα
786 4206 889 4248 ὸωθ
950 4214 1046 4260 την
1104 4196 1416 4269 εὐπρεπειαν
1477 4216 1571 4251 του
1625 4216 1804 4267 οικου,
1841 4217 1933 4252 και

2032 4197 2281 4279 udisque
2310 4207 2583 4259 ornatum
2624 4199 3095 4278 acspiritualem
3148 4200 3330 4271 illius,
3364 4197 3463 4278 qui
3498 4194 3649 4256 tide—

295 4284 395 4352 τὴν
452 4283 511 4339 ἐν
562 4284 703 4355 αὒτῷ
773 4281 1138 4355 πνευματικὴν
1191 4278 1433 4359 εὐωδίαν,
1487 4284 1586 4350 τὴν
1644 4283 1936 4363 τρέφουσαν

2032 4286 2160 4348 lium
2182 4278 2445 4361 animas,
2480 4288 2638 4351 velut
2685 4287 2793 4350 Dei
2853 4288 3189 4368 paradisus,
3246 4288 3367 4355 alit,
3402 4285 3649 4347 odorem

295 4374 392 4436 τὰς
429 4374 607 4452 ψυλεὰς
638 4378 743 4428 τῶν
772 4378 1001 4448 πιστῶν,
1053 4372 1127 4434 ὡς
1172 4372 1199 4426 ὸ
1255 4369 1568 4446 παράδεισος
1626 4381 1717 4430 τοῦ
1777 4381 1930 4454 Θεοῦ,

2032 4378 2428 4456 comperisset,
2464 4377 2538 4439 iis
2588 4378 2693 4458 qui
2743 4377 2910 4440 illum
2958 4378 3251 4451 ferebant,
3306 4372 3652 4438 domesticis

298 4463 428 4518 εἶπε
482 4474 602 4525 τοῖς
659 4461 1005 4538 βαστάζουσιν
1067 4461 1223 4518 αὺτὸν
1282 4460 1535 4540 οἰκέταις,
1596 4462 1810 4538 Ῥίψατέ
1867 4486 1935 4539 με

2032 4466 2169 4528 lixit
2202 4487 2215 4525 :
2250 4468 2315 4528 In
2349 4466 2508 4528 nudo
2539 4466 2875 4546 pavimento
2907 4486 3004 4530 me
3059 4467 3364 4546 deponite.
3394 4464 3487 4527 Illi
3539 4481 3649 4525 au-

296 4550 512 4608 ·πλωτὺν
559 4552 633 4614 εἰς
675 4552 737 4606 τὸ
780 4549 991 4630 ἔδαφος.
1040 4551 1100 4608 Ol
1129 4547 1185 4604 δὲ
1244 4552 1340 4606 οὒκ
1386 4549 1665 4609 ἐϐούλοντο
1698 4553 1795 4627 μὲν
1853 4551 1937 4609 διὰ

2032 4567 2164 4628 tem,
2225 4555 2381 4635 quod
2442 4556 2607 4617 omni
2669 4556 2940 4634 corporis
2994 4565 3159 4637 parte
3208 4552 3531 4617 immobilis
3599 4550 3650 4613 is

296 4644 360 4698 τὸ
389 4643 544 4699 παντὶ
594 4641 739 4718 μέρει
801 4648 894 4699 τοῦ
951 4661 1200 4714 σωματος
1245 4640 1496 4707 ἀκίνητον
1547 4643 1706 4698 αύτὸν
1760 4643 1934 4722 ὑπαρ-

297 4744 423 4812 χειν
456 4749 469 4763 ”
545 4730 694 4805 ὅμως
763 4728 1161 4808 ἐγκελευομένῳ
1227 4727 1570 4809 σφοδρότερον
1627 4732 1935 4801 ὑπήκουσαν

297 4814 540 4884 ἄκοντες.
605 4823 665 4879 Ὀ
729 4819 782 4875 δὲ
837 4820 1000 4899 ῥιφεὶς
1057 4818 1141 4874 ἐπὶ
1197 4817 1296 4884 τὴν
1330 4818 1633 4898 μάρμαρον,
1669 4822 1756 4876 καὶ
1813 4834 1933 4885 τοῖς

289 4908 588 4988 ὀφθαλμοῖς
637 4906 938 4983 ἀναϐλέψας
990 4907 1175 4984 μόνον,
1221 4904 1338 4961 οῦδὲ
1385 4930 1485 4986 γαρ
1542 4911 1638 4976 τὴν
1697 4908 1933 4989 κεφαλὴν

287 4994 543 5055 σαλεῦσαι
584 4995 823 5072 ἒδύνατο,
883 5002 992 5054 τῶν
1050 4996 1308 5053 τενόντων
1336 4997 1513 5065 πάντη
1544 4996 1926 5073 διαλυομένων,

288 5088 487 5156 ηὔξατο
531 5087 697 5151 οὕτως
734 5103 747 5117 ⁸

374 5174 463 5249 ιζ’.
497 5176 654 5255 ’Ἀγιε
681 5177 769 5232 καὶ
794 5176 1016 5254 πανάγιε
1053 5175 1334 5255 ἀθλοφόρε,
1397 5176 1482 5231 καὶ
1536 5176 1719 5253 γνήσιε
1778 5175 1926 5232 δοῦλε

294 5271 542 5344 Χριστοῦ,
577 5268 605 5321 ὁ
635 5265 734 5333 τὴν
762 5265 948 5345 ψυχὴν
978 5288 1072 5324 σου
1100 5263 1218 5328 δοὺς
1260 5265 1389 5343 ὑπὲρ
1436 5264 1616 5342 αὒτοῦ,
1678 5267 1767 5322 καὶ
1822 5270 1929 5341 ψυ-

288 5358 398 5436 χας
459 5353 673 5411 πολλῶν
726 5354 1009 5432 κερδήσας,
1043 5359 1131 5411 καὶ
1166 5354 1521 5432 προσενέγκας
1551 5356 1694 5430 αὐτῷ
1721 5371 1738 5387 ‘
1786 5357 1814 5411 ὁ
1870 5358 1931 5412 τὸ

290 5445 447 5520 σῶμά
532 5463 626 5500 σου
701 5456 824 5507 ταῖς
905 5442 1134 5524 λόγχαις
1219 5445 1640 5521 τιτρωσκόμενον
1719 5448 1929 5524 θεωρή-

288 5556 385 5596 σας
417 5532 545 5611 ὑπὲρ
584 5533 762 5610 αὖτοῦ,
826 5534 913 5591 καὶ
969 5533 1334 5613 μεγαλυνθεὶς,
1392 5535 1478 5589 καὶ
1510 5533 1733 5608 σώματα
1784 5534 1927 5592 πολ-

285 5624 394 5682 λῶν
450 5623 509 5681 ἐκ
552 5623 657 5681 τῶν
698 5622 879 5696 μυλῶν
918 5634 1009 5685 τοῦ
1059 5622 1275 5688 λέοντος
1336 5621 1696 5700 ἐξαιρούμενος
1761 5623 1924 5704 μέχρι

2019 4652 2198 4718 esset,
2246 4663 2365 4705 non
2422 4644 2702 4706 volebant
2751 4645 3018 4720 quidem,
3065 4645 3393 4709 districtius
3451 4652 3650 4704 tamen

2012 4730 2247 4811 jubenti
2277 4731 2445 4794 inviti
2505 4746 2858 4812 paruerunt.
2909 4734 3015 4797 Ille
3065 4743 3265 4797 autem
3289 4734 3350 4796 in
3384 4751 3648 4797 marmo-

2015 4838 2183 4882 reum
2215 4820 2408 4882 solum
2438 4823 2770 4901 conjectus,
2792 4825 3101 4900 oculisque
3120 4824 3405 4886 duntaxat
3431 4825 3649 4900 (neque

2014 4910 2202 4989 enim,
2236 4909 2436 4972 nervis
2494 4910 2736 4972 omnino
2793 4910 3120 4992 dissolutis,
3171 4919 3351 4993 caput
3407 4925 3650 4971 movere

2015 4999 2265 5079 poterat)
2301 4998 2572 5073 sublatis,
2598 4998 2759 5060 hunc
2787 4998 2851 5061 in
2882 4999 3125 5062 modum
3157 5000 3342 5062 oravit
3383 5021 3397 5057 :

2093 5178 2413 5241 t7.Saucte
2441 5193 2511 5237 ac
2536 5173 2880 5238 beatissime
2905 5177 3295 5240 certaminum
3324 5176 3648 5254 ᾔθεοι-,εο-

2014 5265 2318 5345 nuineque
2347 5263 2568 5328 Christi
2598 5281 2790 5345 serve,
2843 5265 2968 5346 qui,
3021 5265 3220 5329 anima
3252 5277 3351 5329 tua
3381 5283 3486 5344 pro
3513 5265 3646 5344 ipso

2011 5359 2162 5424 data,
2191 5358 2412 5416 animas
2433 5357 2600 5413 etiam
2625 5356 2938 5416 multorum
2974 5358 3227 5416 lucratus
3257 5374 3336 5422 es,
3372 5365 3541 5429 atque
3576 5358 3647 5417 ad

2011 5463 2142 5507 eum
2188 5441 2485 5505 adduxisti
2513 5443 2656 5521 ;qui
2692 5460 2906 5524 corpus
2933 5452 3094 5504 tuutn
3127 5441 3352 5507 lanceis
3381 5461 3485 5526 pro
3514 5443 3644 5524 ipso

2013 5532 2380 5593 vulneratum
2395 5529 2771 5609 conspicatus
2786 5531 3310 5613 magniﬁcatusque
3328 5530 3643 5595 multorum

2010 5621 2189 5684 etiam
2213 5637 2465 5702 corpora
2487 5637 2519 5682 e
2542 5620 2736 5682 leonis
2752 5619 3030 5685 dentibus
3047 5640 3232 5704 usque
3252 5640 3410 5685 nunc
3432 5620 3640 5706 eripis,
