4056 6152
458 278 609 348 1215
1802 286 2089 351 SUPPLE

2177 290 2453 355 ENTUM.
3660 288 3793 358 1216

449 416 699 497 Deoque
726 413 977 481 honesta
1007 417 1246 482 vivendi
1267 416 1502 483 ratione
1543 437 1865 484 consecras
1897 441 1967 485 ac
2000 421 2089 483 of-

2177 422 2289 500 νῦν,
2350 422 2438 480 καὶ
2498 420 2763 503 ἀφανίζων
2830 418 3073 496 πολιτείᾳ
3130 427 3304 501 σεμνῇ
3359 423 3449 481 καὶ
3501 425 3795 505 προσφέρων

451 508 595 571 fers.
630 507 753 570 Etsi
782 516 940 571 enim
983 530 1138 572 nunc
1178 512 1487 573 nobiscum
1518 510 1892 574 sensibiliter
1923 512 2083 574 haud

2177 520 2307 587 Θεῷ.
2356 514 2415 570 Εἰ
2442 514 2542 589 γὰρ
2570 512 2666 569 καὶ
2718 514 2980 578 αίσθητῶς
3024 519 3104 571 θῦν
3157 516 3218 572 οὒ
3259 512 3617 592 προσομιλεῐς
3645 516 3796 591 ἡμῖν,

451 599 842 673 verseris,tua
869 608 1064 662 tamen
1096 600 1370 663 doctrina
1399 601 1933 682 benevolentiaque
1962 620 2089 663 om—

2177 601 2290 659 Ξιλλ⁹
2336 604 2372 670 ἡ
2402 600 2710 659 διδασκαλία
2751 623 2844 659 σου
2891 603 2979 659 καὶ
3026 604 3062 671 ἠ
3119 603 3279 683 χάρις
3320 605 3456 661 κατὰ
3482 605 3662 671 πάσης
3704 627 3795 661 πε-

451 707 592 751 nem
646 690 953 767 regionem
1014 691 1367 770 pervadens,
1431 692 1757 772 cordaque,
1793 692 1954 754 velut
1982 711 2090 753 vox

452 779 600 853 viva,
636 797 898 846 movens.
929 797 999 841 ea
1025 788 1085 841 et
1114 780 1358 853 emollit,
1388 788 1447 842 et
1475 788 1652 843 sanat
1680 789 1740 842 et
1768 782 2086 862 convertit,

454 869 693 949 ﬁdeque
741 869 970 948 repleta
1014 888 1083 931 ac
1143 878 1305 932 recta
1356 870 1589 932 vivendi
1624 872 1858 933 ratione
1888 880 2093 932 ornata

451 959 526 1021 ad
559 957 745 1019 Deum
795 958 1060 1038 adducit,
1114 959 1234 1020 imo
1284 961 1461 1021 etiam
1496 971 1654 1022 tuam
1685 960 2091 1022 visitationem

454 1046 700 1108 morbos
734 1047 954 1109 multos
984 1048 1345 1129 abegisse,et
1374 1050 1571 1112 audivi
1605 1058 1664 1111 et
1683 1049 2091 1113 credidi.Cum

452 1136 742 1211 igitur,mi
773 1138 1036 1217 domine,
1058 1149 1189 1218 post
1215 1139 1402 1201 Deum
1430 1158 1611 1220 supra
1649 1158 1744 1202 me
1774 1140 1951 1201 etiam
1984 1140 2088 1217 sis,

453 1226 650 1287 datam
685 1225 793 1288 tibi
838 1227 912 1288 ab
962 1227 1064 1289 illo
1095 1229 1474 1291 sanationum
1503 1230 1751 1308 gratiam
1786 1246 1967 1309 supra
1997 1247 2093 1291 me

452 1333 670 1376 novum
703 1316 1114 1397 paralyticum,
1146 1324 1247 1398 qui
1279 1318 1353 1379 ad
1386 1318 1681 1381 viscerum
1719 1326 1952 1380 tuorum
1976 1318 2090 1400 pis-

455 1404 652 1467 cinam
686 1406 987 1486 confugio,
1026 1408 1291 1470 effunde.

2173 690 2465 770 ριπολοῦσα
2509 696 2609 758 τῆς
2668 691 2880 771 χώρας,
2938 692 3026 748 καὶ
3081 697 3187 749 τῶν
3246 691 3473 771 καρδιῶν
3531 697 3608 757 ὡς
3670 696 3801 765 ζῶσα

2174 782 2326 861 φωνὴ
2385 779 2721 859 δρασσομένη
2806 780 3214 859 περιμαλάττει,
3297 784 3388 839 καὶ
3453 783 3659 861 ὑγιάζει
3723 786 3803 842 καὶ

2177 868 2524 949 ἐπιστρέφει,
2579 872 2667 926 καὶ
2748 872 2978 933 πίστεως
3059 869 3309 948 πλήρεις,
3377 872 3467 928 καὶ
3542 872 3800 938 πολιτείας

2176 958 2568 1033 σεμνονομένας
2626 958 2881 1036 προσάγει
2941 964 3075 1032 Θεῷ,
3136 957 3272 1015 ἀλλὰ
3325 960 3413 1015 καὶ
3469 958 3803 1025 παντοδαπὰς

2176 1050 2365 1111 νόσους
2403 1046 2630 1119 ἂκήκοα,
2685 1048 2772 1104 καὶ
2832 1049 3156 1105 πεπίστευκα
3214 1048 3313 1115 τὴν
3362 1048 3463 1119 στὶν
3520 1049 3805 1107 ἐπισκίασιν

2174 1136 2503 1213 ἐξορίσασαν.
2562 1135 2710 1194 Ἐπεὶ
2781 1134 2837 1192 δὲ
2895 1139 3006 1209 οὖν,
3064 1134 3298 1194 δέσποτα
3352 1161 3456 1211 μου
3512 1139 3653 1213 μετὰ
3688 1141 3805 1198 θεὸν

2174 1228 2264 1284 καὶ
2317 1225 2407 1282 ἐπ’
2462 1225 2584 1301 ἐμὲ,
2642 1227 2736 1281 καί
2799 1230 2895 1292 τὴν
2953 1224 3325 1302 δεδωρημένην
3380 1251 3465 1285 σοι
3512 1230 3674 1308 χάριν
3731 1229 3807 1286 ὑπ’

2175 1316 2334 1373 αὐτοῦ
2386 1318 2491 1372 τῶν
2549 1317 2788 1391 ἰαμάτων
2845 1315 3042 1396 ἔκχεον
3084 1318 3159 1380 εἰς
3202 1317 3299 1389 ἐμὲ
3342 1318 3432 1373 τὸν
3486 1318 3599 1374 θέον
3646 1319 3809 1397 παρά-

2180 1405 2360 1483 λυτον,
2421 1407 2514 1463 τὸν
2564 1406 2617 1461 ἐν
2666 1405 2733 1476 τῇ
2780 1404 3122 1487 κολυμϐήθρᾳ
3177 1412 3282 1464 τῶν
3342 1405 3680 1491 σπλάγχνων
3733 1429 3812 1465 σου

2180 1517 2575 1574 καταφυγόντα.

540 1585 640 1649 i8.
674 1586 801 1649 Etsi
826 1585 984 1647 enim
1011 1586 1253 1665 triginta
1280 1595 1338 1649 et
1363 1595 1496 1649 octo
1526 1606 1716 1650 annos
1747 1594 1805 1648 in
1840 1588 2089 1649 inﬁrmi-

2263 1587 2365 1651 ιη’.
2406 1586 2460 1641 El
2503 1584 2602 1661 γὰρ
2644 1586 2731 1640 καὶ
2785 1584 3066 1661 τριάκοντα
3101 1585 3190 1641 καὶ
3219 1585 3362 1642 ὀκτὼ
3418 1584 3513 1654 ἔτη
3563 1589 3663 1644 οὒκ
3710 1586 3812 1667 ἔχω

456 1680 725 1776 tatenon
757 1674 1031 1749 habeam,
1058 1676 1546 1776 tricesiestamen
1578 1685 1635 1776 et
1659 1678 1845 1739 octies
1869 1676 2089 1776 ditiori-

2183 1675 2238 1731 ἑν
2280 1678 2348 1751 τῇ
2397 1673 2659 1744 ἀσθενείᾳ,
2711 1671 2848 1731 ἀλλὰ
2894 1674 3261 1750 τριακοντάκις
3309 1674 3453 1731 ὀκτὼ
3484 1689 3611 1741 τοῖς
3646 1676 3810 1755 ἀλγή-

457 1761 568 1825 bus
589 1764 783 1844 ipsum
807 1782 937 1826 sum
966 1765 1494 1846 supergressus.Ut
1517 1766 1657 1846 quid
1688 1767 1914 1828 autem?
1946 1766 2089 1829 Om-

2184 1785 2342 1839 μασιν
2395 1760 2713 1831 ὕπερέϐαλον
2785 1762 3013 1821 ἐκεῖνον.
3079 1762 3177 1817 Διὰ
3225 1764 3267 1819 τί
3304 1761 3408 1843 δέ,
3459 1766 3685 1827 Πάντως
3739 1765 3810 1822 ὅτι

458 1853 602 1915 nino
626 1855 764 1933 quia
788 1864 847 1915 et
884 1855 1143 1933 peccatis
1191 1874 1323 1916 eum
1376 1857 1670 1934 superavi.
1695 1854 1767 1917 Ut
1796 1854 1976 1933 igitur
2005 1856 2089 1917 le-

2181 1853 2269 1908 καὶ
2314 1863 2435 1914 ταῖς
2488 1851 2769 1928 ἁμαρτίαις
2824 1850 3211 1925 ὑπερηκόντισα
3294 1852 3499 1916 τοῦτον,
3564 1857 3665 1917 ‘uc
3733 1856 3809 1911 οὖν

457 1942 644 2003 nitate
674 1952 732 2004 et
763 1942 1034 2005 bonitate
1064 1951 1121 2005 et
1144 1943 1430 2007 doctrina:
1450 1945 1737 2007 exercitio
1764 1944 2089 2022 Christum,

2183 1942 2255 2006 εἷς
2286 1947 2450 2019 πρᾷον
2481 1940 2575 1995 καί
2610 1941 2669 1996 τὸ
2718 1940 2938 2019 ἀγαθὸν,
2985 1940 3072 1995 καὶ
3115 1943 3175 1996 τὸ
3218 1939 3518 1999 διδακτικὺν
3567 1944 3811 2017 ἐμιμήσω

458 2030 645 2094 Deum
680 2033 1142 2113 tuum,imitatus
1173 2052 1261 2114 es,
1290 2037 1483 2115 ipsum
1507 2035 1647 2095 etin
1681 2034 2089 2095 misericordia

2182 2031 2274 2087 τὸν
2317 2031 2448 2086 Θεόδ
2504 2051 2596 2086 eos
2648 2030 2898 2104 Χριστὸν,
2956 2028 3198 2100 ζήλωσον
3228 2032 3384 2087 αὺτὸν
3415 2033 3503 2087 καὶ
3531 2033 3609 2100 εἰς
3640 2035 3703 2089 τὸ
3731 2032 3811 2089 si»

456 2132 513 2186 et
545 2125 602 2185 in
638 2125 1004 2187 humanitate
1035 2126 1756 2207 atmulare,asmulansque
1786 2144 1967 2206 super
1998 2144 2089 2187 me

2177 2119 2513 2200 σπλάγχνον,
2571 2119 2659 2175 καὶ
2716 2120 3109 2196 φιλάνθρωπον,
3168 2122 3256 2177 καὶ
3311 2120 3566 2192 ζηλώσας
3628 2122 3813 2202 ἔκχεον

450 2213 923 2275 misericordiam
945 2234 1101 2276 tuam
1120 2216 1733 2297 commiserantesque
1768 2224 1898 2279 tuas
1927 2233 2089 2277 sana-

2177 2208 2261 2266 ἐπ’
2316 2211 2411 2283 ἐμὲ
2468 2210 2591 2297 τὴν,
2626 2207 2991 2283 ἐλεημοσύνην
3048 2229 3166 2284 σου,
3225 2211 3318 2266 καὶ
3368 2212 3433 2268 τὰ
3482 2211 3814 2289 οἶκτείρμονά

453 2304 643 2364 tiones
667 2303 1102 2377 eﬂ‘unde.Quod
1130 2305 1179 2365 si
1204 2306 1363 2367 enim
1388 2307 1751 2367 voluntatem
1774 2314 1936 2366 tuam
1971 2324 2089 2366 non

2177 2320 2267 2354 σου
2309 2300 2534 2374 ἰάματα.
2580 2296 2707 2355 Ἐὰν
2764 2299 2864 2376 γὰρ
2919 2299 2981 2354 τὸ
3038 2297 3208 2355 θέλειν
3241 2322 3336 2357 σου
3366 2302 3445 2376 μη
3499 2302 3811 2359 κωλύσωσιν

452 2393 780 2473 impediant
818 2404 1060 2475 peccata
1116 2412 1271 2472 mea,
1306 2395 1545 2457 efﬁcere
1576 2403 1635 2455 et
1666 2413 1862 2475 posse,
1898 2394 1999 2474 qui
2031 2401 2089 2456 te

2177 2390 2225 2445 αἱ
2283 2387 2533 2463 ἁμαρτίαι
2592 2407 2718 2460 μου,
2765 2389 2827 2443 τὸ
2869 2386 3104 2465 ἐνεργεῖν
3160 2390 3251 2445 καὶ
3306 2387 3554 2447 δύνασθαι
3601 2388 3815 2447 δέδωκέν

2171 2499 2254 2533 σοι
2313 2480 2340 2533 ὁ
2397 2478 2738 2555 στεφανώσας
2794 2497 2875 2538 σε,
2934 2475 3146 2555 ’Ὥσπερ
3199 2479 3287 2533 οὗν
3340 2479 3549 2545 ἐκεῖνος
3583 2482 3660 2542 ὡς
3694 2481 3812 2543 Θεὸς

2172 2567 2333 2623 εἰπὼν
2392 2567 2453 2622 τὸ
2516 2587 2540 2621 ε
2602 2564 2839 2644 Ἔγειρε,
2889 2567 2977 2621 καὶ
3023 2565 3150 2643 ἆρον
3207 2568 3296 2622 τὸν
3335 2566 3645 2642 κράϐὅατόν
3703 2591 3807 2647 σου,

2171 2657 2258 2711 καὶ
2314 2655 2618 2735 περιπάτει,
2689 2677 2711 2710 ε
2796 2653 3083 2730 σύνδρομον
3143 2655 3273 2735 ἔσχε
3330 2663 3408 2730 τῷ
3461 2658 3672 2735 ῥήματι
3724 2658 3812 2724 τὴν

2173 2744 2462 2822 ἐνέργειαν,
2495 2743 2634 2801 οὕτω
2675 2746 2764 2801 καὶ
2807 2745 2870 2801 σὺ
2911 2747 2984 2808 ὡς
3026 2746 3228 2809 οἰκεῖος
3260 2752 3417 2821 Θεοῦ,
3462 2747 3553 2804 καί
3616 2748 3716 2817 τήν
3767 2745 3811 2812 ἐξ

2170 2838 2330 2893 αὑτοῦ
2391 2834 2551 2913 χάριν
2598 2834 2958 2913 ἠμφιεσμένος
2993 2882 3009 2912 ,
3082 2834 3173 2913 ἀφ’
3234 2837 3395 2913 οὗπερ
3463 2838 3603 2916 ὑπὲρ
3667 2839 3812 2895 αὑτοῦ

2171 2925 2232 2980 τὸ
2314 2923 2619 2979 καλλίνικον
2690 2922 2847 2979 ἆθλον
2932 2921 3205 3002 διήιωσας,
3289 2923 3517 2992 θέλησον
3611 2930 3696 2984 καὶ
3764 2926 3811 2983 ἐν

2172 3012 2315 3086 ἐμοὶ,
2356 3012 2509 3090 κάγὼ
2540 3013 2847 3091 πρακτικῶς
2891 3012 3223 3091 ἐξηγήσομαί
3275 3034 3371 3070 σου
3412 3014 3511 3082 τὴν
3571 3014 3807 3091 δύναμιν,

452 2483 778 2557 coronavit,
812 2482 917 2544 tibi
951 2495 1043 2545 est
1088 2484 1352 2562 largitus.
1391 2483 1488 2547 Uti
1517 2483 1698 2563 igitur
1728 2483 1855 2557 ille,
1889 2482 2089 2544 statim

384 2634 394 2643 ,
451 2579 630 2652 atque
652 2572 809 2634 Deus
829 2572 1010 2635 dixit:
1044 2595 1066 2630 ιι
1097 2591 1279 2652 surge
1299 2581 1357 2635 et
1379 2573 1519 2635 tolle
1540 2572 1887 2651 grahbatum
1926 2582 2090 2634 tuum

450 2669 512 2723 et
539 2661 777 2723 ambula
798 2663 893 2736 3,»
920 2663 1388 2743 respondentem
1424 2663 1605 2724 verbo
1642 2663 1967 2742 potentiam
2004 2669 2093 2723 est

451 2760 685 2821 nactus,
715 2751 796 2811 ita
821 2760 880 2811 et
910 2760 993 2823 tu,
1029 2752 1190 2813 velut
1235 2752 1339 2813 Dei
1387 2752 1754 2815 domesticus
1783 2751 2089 2831 gratiaque

450 2839 584 2918 ejus
605 2838 684 2900 ab
703 2859 774 2901 eo
795 2850 1216 2922 tempore,quo
1237 2860 1340 2921 pro
1365 2842 1493 2921 ipso
1512 2841 2091 2921 certamen,victoria

452 2930 1416 3010 coronatum,inivisti,iudutus,in
1443 2950 1540 2993 me
1562 2932 1737 2993 etiam
1765 2931 1895 2993 ﬁeri
1918 2930 2084 2992 velis.

451 3018 645 3098 Atque
667 3036 775 3098 ego
794 3021 1116 3100 potentiam
1145 3021 1547 3096 tuam,eti‘ectu
1574 3020 1906 3100 probatam,
1936 3037 2088 3100 pra;-

451 3107 687 3169 dicabo.
722 3099 1091 3189 Su’scitahor,
1124 3120 1323 3190 atque,
1358 3122 1423 3172 ut
1452 3099 1661 3171 servus
1692 3099 1960 3182 claudus,
1981 3128 2088 3188 ap-

2177 3102 2529 3190 ἐγερθήσομαι
2588 3103 2675 3158 καὶ
2737 3099 2966 3177 ἆλοῡμαι
3025 3104 3098 3164 ὡς
3156 3099 3351 3180 ἔλαφος
3404 3105 3435 3159 ὁ
3475 3103 3691 3184 χωλὸς,
3735 3106 3813 3161 καὶ

455 3197 1147 3277 prebendar,lollamque
1169 3218 1285 3258 non
1310 3199 1487 3259 modo
1515 3199 1731 3260 lectum
1760 3216 1983 3271 meum,
2006 3197 2089 3258 uti

452 3285 859 3361 antiquusiiie
892 3286 1383 3367 paralyticus,sed
1419 3288 1761 3367 etiam,quaa
1790 3287 1848 3347 in
1881 3289 2092 3365 gratia-

450 3392 584 3436 rum
615 3376 908 3438 actionem
944 3375 1145 3436 domui
1184 3386 1280 3437 tua
1305 3378 1573 3449 offeram,
1607 3377 1785 3436 dona.

537 3466 635 3525 i9.
671 3462 754 3525 Ita
783 3464 944 3527 enim
981 3483 1086 3544 per
1142 3474 1222 3539 te,
1259 3466 1824 3528 misericordissima
1855 3464 2090 3527 Domini

453 3554 891 3635 martyr,g|oria
912 3563 970 3616 et
993 3555 1184 3616 honor
1209 3569 1266 3617 et
1306 3555 1573 3617 adoratio
1616 3555 1733 3635 ipsi
1764 3565 1821 3615 et
1849 3555 2011 3618 Patri
2038 3563 2098 3615 et

451 3643 697 3725 Spiritui
730 3653 934 3705 sancto
965 3643 1205 3706 dabitur
1251 3645 1323 3706 ab
1352 3645 1425 3705 iis
1446 3645 1547 3726 qui
1570 3663 1665 3706 me
1687 3644 1863 3706 modo
1890 3643 2093 3706 vident

452 3740 679 3811 meique
701 3739 971 3809 deinceps
996 3740 1476 3805 recordabuntur,
1510 3740 1862 3804 hominibus,
1886 3754 2095 3811 super-

452 3824 672 3900 nisque
704 3824 1093 3905 potestatibus
1122 3825 1183 3886 in
1211 3826 1427 3887 saecula
1457 3826 1834 3887 saeculorum.
1866 3828 2087 3887 Amen.

451 3913 641 3993 Atque
662 3930 796 3973 cum
822 3914 946 3975 hinc
969 3933 1103 3974 cum
1130 3914 1664 3996 lacrymis,cunctis
1680 3914 2086 3989 audientibus,

451 4000 720 4077 dixisset,
755 4002 990 4065 famulis
1019 4005 1366 4083 injunxit,ut
1395 4023 1528 4066 eum
1567 4005 1864 4084 tollerent,
1885 4003 2089 4065 humi-

452 4106 569 4170 que
598 4089 657 4150 in
693 4100 894 4171 parato
925 4094 1149 4153 ibidem
1184 4102 1368 4155 strato
1392 4101 1711 4175 ponerent.
1744 4102 1829 4156 Ac
1861 4094 2090 4175 positus

451 4177 649 4240 statim
676 4198 797 4259 prae
818 4185 1089 4262 corporis
1118 4182 1541 4262 defatigatione
1572 4183 1909 4263 animmque
1943 4200 2087 4242 mm-

455 4268 620 4332 stitia
649 4286 857 4331 somno
881 4281 1192 4351 correptus
1216 4282 1327 4350 est;
1360 4282 1419 4334 et
1450 4291 1617 4342 ecce,
1649 4272 1862 4334 iterum
1894 4271 2085 4346 illum,

453 4376 631 4440 quem
664 4367 724 4422 et
752 4369 926 4423 antea
945 4361 1109 4436 vidit,
1143 4364 1304 4423 omni
1328 4362 1544 4424 virtute
1567 4370 1839 4423 ornatum
1865 4361 2088 4440 glorio-

2172 3188 2424 3267 βαστάσω
2480 3195 2539 3249 οὺ
2594 3193 2756 3265 μόνον
2820 3192 2920 3257 τὴν
2979 3190 3161 3259 κλίνην
3220 3214 3345 3270 μου,
3391 3194 3461 3259 ὡς
3507 3196 3534 3250 ὁ
3591 3194 3810 3256 παλαιὸς

2174 3281 2385 3342 ἐκεῖνος
2440 3279 2743 3359 παράλυτος
2778 3327 2795 3353 ,
2867 3279 3006 3337 ἀλλὰ
3076 3284 3160 3338 καὶ
3236 3281 3631 3361 ε’ἶιχαριστήρια
3684 3282 3813 3361 δῶρά

2174 3392 2299 3445 μου,
2337 3367 2371 3425 ἂ
2406 3369 2651 3447 προσαξω
2680 3373 2756 3444 τῷ
2787 3368 2927 3441 οἴκῳ
2955 3391 3072 3432 σου.

2258 3459 2346 3518 ιϐ’.
2408 3458 2559 3517 Οὕτω
2625 3457 2726 3535 γάρ
2783 3456 2867 3513 διὰ
2910 3466 3025 3529 σοῦ,
3089 3458 3555 3540 φιλανθρωπότατε
3624 3464 3810 3542 μάρτυς

2182 3549 2385 3626 Κυρίου,
2434 3546 2708 3616 δοθήσεται
2765 3547 2910 3621 αὐτῷ
2955 3547 3078 3614 δόξα
3120 3551 3208 3606 καὶ
3255 3550 3389 3625 τιμὴ
3420 3552 3506 3609 καὶ
3573 3554 3811 3632 προσκύ-

2176 3661 2328 3705 νησις
2374 3638 2468 3694 σὺν
2528 3637 2695 3715 Πατρί
2735 3643 2822 3693 καί
2881 3638 3015 3715 ἁγίῳ
3071 3639 3337 3713 Πνεύματι
3382 3642 3527 3718 παρὰ
3570 3650 3682 3699 τῶν
3732 3640 3811 3698 νῦν

2173 3730 2418 3805 δρώντων
2478 3748 2544 3802 με
2605 3726 2918 3805 ἀνθρώπων,
2968 3728 3057 3783 καὶ
3107 3730 3179 3793 εἰς
3208 3727 3424 3807 ὕστερος
3457 3731 3811 3807 μεμνημένων

2173 3841 2298 3897 μου,
2343 3818 2431 3873 καὶ
2471 3817 2613 3895 παρὰ
2651 3821 2757 3873 τῶν
2812 3814 2923 3872 ἄνω
2965 3815 3235 3892 δυνάμεων
3283 3821 3358 3883 εἰς
3401 3820 3524 3885 τοὺς
3576 3820 3807 3885 ἅπαντας

2171 3909 2364 3971 αἰῶνας
2407 3913 2514 3963 τῶν
2557 3906 2786 3968 αἰώνων,
2847 3906 3043 3981 Ἀμήν.
3098 3908 3197 3966 Καὶ
3243 3917 3407 3968 ταῦτα
3461 3911 3626 3967 εἰπὼν
3678 3910 3801 3987 μετᾶ

2170 3994 2430 4075 δακρύων,
2476 3996 2688 4053 πάντων
2745 3996 3073 4076 ἀκουόντων,
3119 3996 3407 4073 προσέταξε
3452 4012 3572 4063 τοῖς
3632 4001 3801 4057 παισίν

2171 4086 2291 4165 ἆραι
2347 4087 2436 4141 καὶ
2490 4088 2661 4141 θεῖναι
2722 4083 2881 4140 αὐτὸν
2960 4084 3046 4143 ἐπὶ
3102 4090 3180 4159 τῷ
3235 4089 3411 4166 χαμαὶ
3471 4090 3679 4168 στράτψ
3731 4096 3800 4162 τῷ

2171 4174 2535 4251 ἑτοιμασθέντι
2609 4177 2752 4247 αὐτῷ
2825 4176 3003 4232 instas
3039 4222 3057 4255 ,
3121 4177 3209 4232 καὶ
3274 4178 3440 4241 τεθεὶς
3500 4179 3800 4258 ἀφύπνωσεν

2172 4268 2317 4328 εὐθὺς
2376 4263 2438 4320 ἐκ
2491 4264 2734 4339 καμάτου
2777 4266 3052 4339 σώματος,
3111 4266 3197 4321 καὶ
3248 4266 3413 4323 πόνου
3456 4272 3665 4349 ψυχῆς.
3714 4269 3800 4327 Καὶ

2169 4354 2277 4413 ἰδοὺ
2333 4354 2493 4410 πάλιν
2536 4356 2630 4430 ὁρᾷ
2688 4351 2805 4410 καθ’
2848 4351 3038 4419 ὕπνους
3095 4355 3187 4411 τὸν
3229 4355 3550 4434 πανάριστον
3607 4359 3800 4416 ἐκεῖνον

450 4451 859 4524 sissimumque
881 4457 1065 4510 virum
1090 4454 1440 4511 Demetrium
1464 4455 1522 4511 in
1554 4469 1758 4511 somno
1789 4455 2088 4523 conspica-

2177 4443 2332 4522 ἄνδρα
2379 4444 2467 4499 καὶ
2518 4440 2855 4508 ἐνδοξότατον
2910 4443 3244 4521 Δημήτριον,
3304 4444 3364 4500 ὃν
3446 4448 3536 4504 καὶ
3592 4449 3797 4525 πρόσθεν

450 4543 545 4597 tus
575 4546 665 4598 est
693 4537 805 4600 sibi
836 4538 1135 4602 dicentem
1176 4559 1190 4600 :
1228 4542 1410 4601 Recte
1440 4540 2082 4618 obtemperans,recte-

450 4643 590 4705 que,
627 4645 757 4706 quas
789 4627 897 4690 tibi
928 4646 963 4689 a
993 4645 1090 4689 me
1119 4628 1278 4690 dicta
1307 4639 1443 4691 sunt
1483 4628 1893 4705 considerans,
1927 4638 2089 4691 recte

449 4713 661 4776 venisti
696 4733 709 4775 :
746 4724 924 4797 atque
954 4716 1088 4778 ideo
1121 4736 1255 4780 cum
1304 4721 1451 4794 Deo,
1485 4738 1621 4797 qua;
1658 4719 1763 4781 tibi
1799 4725 2087 4799 promissa

449 4811 614 4880 sunt,
645 4804 1159 4886 implebo.Verum
1193 4808 1427 4871 sanitati
1461 4826 1677 4889 corpus
1708 4816 1871 4870 tuum
1906 4808 2087 4870 resti-

451 4894 809 4970 tuere,haud
833 4914 1107 4975 magnum
1134 4897 1377 4979 quidem
1404 4896 1550 4960 mihi
1573 4898 1806 4979 est,sed
1828 4899 2087 4959 animam

454 4990 614 5045 tuam
641 4991 773 5062 post
791 4986 1062 5068 corporis
1080 4988 1451 5051 sanationem
1481 4988 1541 5049 in
1564 5006 1658 5064 eo,
1693 4989 1752 5049 in
1783 5008 1899 5069 quo
1932 5005 2092 5048 nunc

452 5081 563 5149 est,
598 5074 660 5136 in
702 5075 926 5138 bonum
970 5093 1270 5158 propenso
1304 5086 1458 5140 statu
1492 5095 1758 5154 manere,
1792 5078 1907 5140 hoc
1938 5076 2091 5139 difﬁ-

449 5164 589 5228 cile.

526 5250 1019 5317 20.Solentenim
1046 5256 1487 5336 quodammodo
1516 5255 2091 5332 animm,adversita-

449 5342 607 5407 tibus
634 5343 877 5424 quidem
912 5361 1196 5425 pressae,e
1230 5347 1523 5409 malorum
1555 5347 1956 5424 dolorumque
1986 5363 2087 5407 se-

447 5434 707 5496 cundum
740 5434 898 5516 quod
927 5437 1215 5515 scriptum
1248 5444 1361 5519 est,
1396 5436 1779 5502 tribulatione
1809 5436 2085 5503 domina-

524 5645 558 5695 ³
585 5643 767 5713 Marc.
798 5665 864 5726 ιι,
895 5650 956 5714 9.

2171 4532 2310 4607 εἶδε,
2370 4530 2594 4609 λέγοντα
2625 4533 2768 4604 αὒτῷ
2799 4546 2815 4564 ⁶
2877 4530 3067 4597 Καλῶς
3101 4532 3285 4605 ἦλθες,
3335 4532 3517 4600 καλῶς
3573 4536 3794 4593 ὑπακού-

2171 4646 2292 4694 σας,
2352 4622 2438 4677 καὶ
2489 4619 2667 4686 καλῶς
2722 4622 2922 4688 νοήσας
2965 4624 3031 4679 τὰ
3084 4618 3205 4698 παρ’
3251 4619 3381 4697 ἐμοῦ
3410 4645 3495 4681 σοι
3525 4624 3791 4705 λεχθέντα.

2174 4712 2273 4769 Διό
2332 4710 2481 4787 κάγὼ
2510 4710 2603 4765 σὺν
2659 4716 2775 4784 Θεῷ
2825 4710 3136 4768 ἇποτελέσω
3176 4712 3241 4768 τὰ
3281 4712 3647 4792 ὓπωχεθέντα
3697 4736 3789 4774 σοι.

2170 4800 2339 4858 Ἀλλὰ
2368 4801 2429 4856 τὸ
2485 4799 2586 4873 μὲν
2639 4799 2795 4871 σῶμά
2837 4821 2932 4857 σου
2986 4802 3148 4878 ῥῶσαι
3205 4804 3266 4860 οὔ
3308 4801 3447 4879 μέγα
3489 4804 3609 4881 παρ’
3663 4804 3787 4880 ἐμοὶ,

2170 4893 2232 4948 τὸ
2280 4888 2335 4946 δὲ
2376 4889 2477 4955 τὴν
2535 4889 2720 4967 ψυχήν
2776 4910 2870 4946 σου
2919 4887 3191 4965 διαμεῖναι
3234 4891 3371 4965 μετὰ
3406 4892 3505 4959 τὴν
3530 4893 3685 4970 ῥῶσιν
3712 4902 3791 4950 τοῦ

2173 4981 2419 5056 σώματος
2449 4980 2503 5033 ἐν
2533 4982 2601 5053 τῇ
2644 4983 2731 5034 νῦν
2775 4979 2937 5048 αὐτῆς
2986 4979 3354 5053 εὖκατανύκτῳ
3382 4982 3624 5062 προθέσει
3652 4982 3790 5041 τοῦτο

2174 5068 2448 5127 δύσκολον.

2248 5248 2329 5309 κ’.
2387 5247 2612 5306 Εἷώθασι
2669 5246 2771 5326 γάρ
2818 5268 2934 5311 πως
2997 5248 3048 5304 αἱ
3107 5250 3281 5328 ψυχαὶ
3341 5249 3647 5323 πιεζόμεναι
3702 5248 3791 5323 μὲν

2171 5340 2306 5396 κατὰ
2334 5339 2394 5394 τὸ
2424 5340 2791 5415 γεγραμμένον
2841 5335 2946 5393 ἀπὸ
2996 5336 3227 5413 θλίψεως
3276 5342 3477 5411 κακῶν,
3539 5342 3624 5396 καὶ
3678 5336 3790 5395 ὀδυ-

2170 5436 2274 5489 νῶν
2331 5426 2621 5508 ὁμολογεῖν
2676 5426 2774 5497 τὴν
2831 5424 3160 5505 δεσποτείαν,
3221 5429 3311 5484 καὶ
3356 5438 3634 5491 ταπεινοῦν
3686 5429 3790 5487 ἐαυ-
