4020 6132
301 330 458 403 1217

1380 328 1440 399 s.
1486 320 1861 399 DEME’I‘RII
1920 316 2320 390 MARTYBIS
2376 306 2598 389 ACTA.

3508 308 3662 388 1218

302 486 426 537 ταῖς
484 471 790 552 πρεσϐείαις
831 494 890 530 τε
944 468 1035 531 καὶ
1063 474 1376 550 ἱκετηρίαις,
1410 472 1547 528 κατὰ
1601 471 1663 526 τὺ
1720 464 1962 543 ψαλμιοέ

2049 476 2140 552 um
2172 458 2468 552 confiteri,
2497 475 2680 540 seque
2700 456 2862 552 ipsas
2884 456 3167 552 precibus
3188 473 3258 552 ac
3277 455 3664 552 supplicatio-

299 569 412 625 κῶς
482 562 661 637 ᾀσθὲν,
741 583 766 619 ο
800 561 923 620 ⁹Ὂτ⁹
1008 560 1070 617 ἂν
1155 561 1463 619 ἀπέκτεινεν
1532 558 1719 621 αὐτοὺς
1748 605 1764 629 ,
1829 557 1946 612 τότε

299 650 578 723 ἐξεζήτουν
634 651 817 731 αὒτὸν,
849 650 947 708 καῖ
1010 650 1349 731 ἐπέστρεφον,
1382 651 1470 705 καὶ
1509 648 1759 726 ὤρθριζον
1814 647 1944 721 πρὸς

2031 546 2209 609 nibus
2236 547 2587 609 submittere
2602 548 2934 609 secundum
2962 545 3123 626 quod
3145 546 3203 606 in
3223 544 3474 607 Psalmis
3495 546 3664 607 cani-

2032 645 2148 697 tur:
2185 662 2211 692 σ
2239 636 2385 699 Cum
2418 638 2782 698 interficeret
2804 636 3109 711 illos,tunc
3129 633 3476 714 quaarebant
3500 653 3664 715 eum,

301 722 407 797 τὸν
456 741 608 797 Θεόν·
683 722 912 802 ἀνέσεως
977 740 1029 795 δὲ
1098 722 1427 814 ἀξιούμεναι,
1486 722 1573 794 καί
1619 722 1947 812 ἐὸημερίας,

2049 745 2215 806 teque
2247 725 2672 789 convertebant
2699 744 2768 789 ac
2795 724 3114 804 vigilabant
3139 723 3211 814 ad
3243 722 3433 784 Deum
3459 742 3476 800 ;
3504 724 3670 805 quieo

303 829 394 885 καὶ
467 827 668 886 ἀλύπου
741 831 885 899 ζωῆς
956 827 1384 907 ἀλαζονεύεσθαι,
1453 828 1540 883 καὶ
1623 823 1943 901 ἐπαίρεσθαι,

302 918 380 981 ὡς
436 918 513 993 μὴ
567 916 706 975 κατὰ
761 916 1049 995 ἀνθρώπων
1100 917 1286 990 μόνον,
1332 915 1469 973 ἀλλὰ
1511 913 1607 971 λαῖ
1643 914 1776 969 κατὰ
1819 917 1952 967 Θεοῦ

302 1004 495 1062 λαλεῖν
545 1004 771 1078 ἀδικίαν,
808 1028 837 1061 ι
927 1004 1095 1064 Πάλιν
1150 1004 1470 1084 γέγραπται.
1550 1023 1578 1060 α
1619 1004 1716 1060 Καὶ
1757 999 1950 1080 ἔφαγεν

302 1093 501 1151 Ἰακὼϐ
565 1095 653 1151 καὶ
714 1093 1042 1167 ἐνεπλήσθη,
1086 1097 1175 1151 καὶ
1231 1093 1584 1151 ἀπελάκτισεν
1643 1094 1671 1149 6
1726 1092 1951 1169 ἠγαπη-

303 1183 488 1260 μένος,
550 1181 831 1263 ἐλιπάνθη,
891 1184 978 1239 καὶ
1037 1181 1355 1260 ἐγκατέλιπε
1433 1183 1564 1238 Θεὸν
1620 1183 1711 1237 τὸν
1780 1203 1951 1250 ποιη-

302 1294 470 1329 σαντα
503 1273 683 1347 αότὸν,
720 1274 810 1329 καὶ
839 1271 1046 1338 ἀπέστη
1090 1272 1197 1328 ἀπὸ
1226 1278 1359 1329 Θεοῦ
1416 1276 1659 1350 σωτῆρος
1702 1270 1880 1332 αυτοῦ,
1920 1294 1948 1325 ιι

306 1363 369 1419 Εἰ
429 1359 517 1418 οὖν
564 1360 826 1441 ἀσφαλίζῃ
889 1382 956 1437 με
1009 1358 1095 1417 διὰ
1162 1359 1418 1435 ἀψευδοῦς
1488 1362 1578 1417 καὶ
1646 1360 1954 1437 εἰλικρινοῦς

304 1450 656 1531 ὑποσχέσεως
685 1498 702 1530 ,
781 1453 856 1513 ὡς
924 1452 1172 1529 ὑγιαίνων
1254 1456 1576 1524 σωματικῶς
1604 1497 1620 1522 ,
1700 1448 1954 1528 φυλάσσει

306 1561 404 1598 σου
446 1541 533 1596 καὶ
579 1540 678 1607 τὴν
734 1546 821 1597 νῦν
866 1539 1023 1597 οὖσαν
1066 1545 1162 1607 τῆς
1222 1542 1407 1618 ψυχῆς
1457 1539 1657 1617 ὑγείαν,
1690 1537 1833 1616 λέγω
1888 1536 1954 1604 δὴ

304 1629 410 1695 τὴν
461 1630 798 1705 ναπείνωσιν,
841 1631 931 1687 καὶ
976 1632 1074 1697 τὴν
1114 1632 1233 1707 περὶ
1277 1630 1407 1685 Θεὸν
1460 1630 1671 1685 καὶτὸν
1726 1626 1957 1693 πλησίον

305 1718 551 1798 ἀγάπην,
614 1716 830 1794 ἕτοιμος
872 1720 907 1787 ἡ
967 1726 1061 1775 τοῦ
1117 1725 1343 1798 Χριστοῦ
1398 1714 1465 1773 δι’
1519 1717 1649 1792 ἐμοῦ
1702 1738 1785 1774 σοι
1821 1714 1955 1793 βοή-

2034 826 2151 875 tem
2182 824 2378 877 autem
2411 824 2617 889 nactae,
2648 825 2709 876 et
2738 818 3126 896 prosperitate
3150 811 3672 893 vitaque,masrore

2034 922 2233 979 vacua,
2270 913 2327 967 et
2353 905 2592 984 gloriari
2622 916 2683 967 et
2711 905 2932 983 efferri,
2965 913 3028 964 ut
3058 920 3175 963 non
3208 909 3430 963 tantum
3461 914 3671 966 contra

2035 994 2331 1066 homines,
2363 996 2466 1055 sed
2502 1002 2560 1057 et
2606 1004 2817 1055 contra
2845 992 3030 1054 Deum
3074 990 3391 1070 injustitias
3422 992 3670 1073 loquan-

2035 1090 2129 1143 tur
2157 1084 2243 1142 4.»
2283 1084 2513 1146 Rursus
2541 1083 2823 1164 scriptum
2858 1090 2947 1143 est
2979 1103 2993 1142 :
3034 1082 3140 1142 uEt
3164 1080 3540 1143 manducavit
3563 1080 3669 1144 Ja-

2034 1172 2145 1233 cob
2203 1180 2263 1232 et
2303 1179 2599 1234 saturatas
2655 1180 2766 1234 est.
2819 1169 2891 1230 Et
2949 1169 3340 1231 recalcitravit
3391 1168 3668 1252 dilectus,

2035 1261 2269 1341 pinguis
2299 1262 2481 1322 factus
2511 1270 2623 1335 est,
2658 1260 2935 1321 dilatatus
2964 1267 3073 1334 est,
3102 1265 3162 1319 et
3189 1257 3509 1339 Deum,qui
3532 1278 3670 1322 eum

2036 1349 2323 1423 condidit,
2356 1348 2619 1430 reliquit,
2660 1358 2718 1410 et
2745 1367 2778 1410 a
2808 1347 2956 1428 Deo,
2978 1356 3278 1408 servatore
3305 1364 3439 1428 suo,
3464 1365 3671 1410 reces-

2039 1439 2115 1499 sit
2141 1440 2232 1502 5.»
2269 1438 2434 1510 Quod
2467 1441 2517 1499 si
2548 1438 2730 1517 igitur
2770 1455 2865 1498 me
2896 1454 3002 1517 per
3030 1443 3252 1498 certam
3284 1454 3353 1497 ac
3381 1438 3673 1499 sinceram

2041 1527 2497 1607 promissionem
2558 1546 2834 1589 securum
2884 1527 3124 1606 reddas,
3157 1525 3282 1587 fore
3312 1535 3379 1587 ut
3427 1546 3679 1607 corpore

2040 1625 2284 1677 sanatus
2312 1616 2529 1677 animae
2561 1626 2695 1689 tuae,
2720 1634 2897 1697 quam
2932 1634 3091 1676 nunc
3123 1615 3327 1691 habes,
3361 1617 3677 1679 sanitatem

2045 1704 2458 1784 (humilitatem
2484 1715 2684 1766 autem
2716 1706 2852 1766 dico
2881 1721 3059 1784 atque
3088 1721 3225 1783 erga
3248 1704 3433 1768 Deum
3462 1714 3521 1766 et
3544 1724 3681 1786 pro-

308 1793 448 1871 θεια,
497 1793 601 1865 Τοῦ
657 1806 713 1863 δὲ
765 1808 1062 1886 εἰρηκότος,
1096 1793 1177 1863 ὅτι
1238 1807 1311 1863 Σὺ
1351 1806 1631 1885 γινώσκεις
1689 1808 1778 1862 τὸν
1826 1806 1956 1883 γνή-

2049 1801 2264 1854 ximum
2293 1793 2668 1886 charitatem)
2703 1794 3247 1886 integramserves,
3282 1802 3545 1873 paratum
3566 1793 3681 1886 tibi

306 1896 425 1952 σιόν
481 1917 576 1953 σου
634 1899 924 1975 Μαριανὸν,
988 1895 1257 1972 μηδέποτε
1310 1897 1566 1975 χαίροντα
1623 1901 1691 1972 τῇ
1746 1897 1951 1969 ὑπερη-

305 1988 517 2066 φανεὶᾳ,
582 1985 837 2066 ἀπεκρίθη
914 1988 942 2043 6
1012 1993 1338 2065 πανάριστος
1406 1986 1631 2049 είκεϊνος
1700 1983 1854 2052 δῆθεν
1924 1987 1953 2040 ὁ

308 2077 618 2155 Δημήτριος
630 2122 645 2138 .

392 2252 511 2317 κα¹.
573 2252 732 2313 Οὐδὲν
776 2255 940 2311 κακὸν
985 2252 1158 2333 ἔχεις,
1219 2276 1264 2309 ω
1307 2252 1546 2333 φίλτατε,
1608 2254 1684 2329 μὴ
1742 2252 1951 2328 ἀθύμει,

304 2348 408 2402 καὶ
452 2342 518 2411 δὴ
560 2343 898 2425 καταψήχων
944 2345 1042 2412 τὴν
1075 2343 1315 2424 κεφαλὴν
1361 2343 1518 2399 αὐτοῦ
1567 2349 1635 2418 τῇ
1665 2341 1805 2414 δεξιᾷ
1860 2342 1953 2397 καί

303 2435 400 2491 τὸν
440 2433 658 2491 τένοντα
712 2435 975 2511 ὑπορθών,
1006 2437 1095 2490 καὶ
1150 2435 1270 2495 τοὺς
1329 2432 1511 2506 ὤμους
1555 2434 1645 2488 σὺν
1687 2439 1765 2505 τῷ
1819 2432 1956 2500 στή-

311 2526 392 2579 θει
463 2528 849 2603 περισφίγγων,
909 2523 996 2580 καὶ
1053 2521 1179 2579 ὅλον
1247 2523 1308 2578 τὸ
1380 2527 1534 2597 σῶμα
1590 2534 1708 2585 ταῖς
1773 2522 1957 2599 χερσὶν

309 2611 593 2691 ἀφώμενος
665 2611 831 2675 οὕτως
904 2611 1107 2679 ἔλεγεν
1186 2612 1409 2689 Χριστός
1489 2631 1548 2666 σε
1612 2610 1861 2687 ῥώννυσιν
1931 2611 1960 2665 6

312 2705 444 2766 Θεὸς
502 2704 659 2777 ἡμῶν
684 2746 702 2778 ,
760 2704 789 2758 6
853 2701 1087 2780 ἀνορθῶν
1145 2703 1266 2764 τοὺς
1323 2698 1798 2780 κατερῤαγμένους·
1872 2702 1959 2755 καὶ

311 2792 500 2857 εὐθέως
558 2790 836 2859 ἐξυπνίσθη
904 2793 933 2848 6
974 2790 1244 2872 ὕπαρχος,
1275 2789 1351 2846 ἔτι
1400 2791 1498 2858 τῆς
1544 2794 1724 2869 φωνῆς
1781 2788 1960 2866 ὥσπερ

308 2881 617 2960 ὶνηχούσης
706 2884 872 2955 αὐτῷ,
946 2881 1037 2937 καὶ
1116 2880 1283 2959 γλυκὺ
1352 2876 1576 2957 δακρύας
1647 2884 1716 2954 τῇ
1791 2884 1957 2957 χαρᾷ,

313 2968 560 3026 ἐϐούλετο
616 2966 973 3047 διηγήσασθαι
1014 2982 1136 3032 τοῖς
1184 2969 1330 3025 παισὶ
1388 2969 1456 3023 τὰ
1499 2967 1747 3043 ὁραθέντα
1796 2968 1959 3041 αὐτῷ.

316 3060 416 3118 Καὶ
449 3059 613 3139 μέχρι
667 3059 768 3135 μὲν
798 3060 865 3116 τὰ
918 3060 1057 3116 κατὰ
1093 3059 1193 3125 τὴν
1244 3058 1510 3115 νουθεσίαν
1539 3059 1629 3113 καὶ
1680 3075 1960 3136 παραγγε-

311 3144 432 3203 λίαν
502 3146 771 3226 ἐξηγεϊτο,
832 3149 919 3204 καὶ
972 3148 1073 3215 τὴν
1125 3147 1286 3204 αὐτοῦ
1344 3146 1633 3224 ὁμολογίαν
1689 3146 1824 3217 μετὰ
1872 3144 1963 3201 δα·

2039 1900 2146 1964 per
2176 1901 2272 1943 me
2304 1889 2389 1943 est
2415 1881 2634 1944 Christi
2658 1882 3117 1943 auxilium.Cum
3140 1890 3365 1957 autem,
3396 1884 3678 1962 quoniam

2039 1982 2124 2047 tu,
2154 1971 2454 2033 sincerum
2489 1980 2648 2032 tuum
2683 1971 3015 2033 Marianum
3060 1970 3343 2049 superbia
3377 1990 3681 2051 nunquam

2036 2060 2221 2121 fuisse
2250 2061 2498 2134 elatum,
2535 2061 2713 2134 nosti,
2745 2060 3013 2133 dixisset,
3047 2060 3356 2137 respondit
3398 2061 3679 2121 virtutum

2038 2150 2305 2211 omnium
2338 2150 2569 2211 cultura
2595 2158 2859 2223 ornatus,
2894 2148 2995 2209 ille
3023 2148 3251 2210 scilicet
3294 2148 3629 2212 Demetrius
3662 2169 3677 2212 :

2119 2237 3139 2313 21.Nullum,dilectissime,malum
3171 2238 3462 2314 habes,ne
3480 2242 3682 2302 animo

2040 2328 2769 2409 despondeas,dextraque
2792 2346 2970 2389 manu
2988 2335 3162 2407 caput
3182 2328 3310 2405 ejus
3335 2329 3685 2391 demulcens

2038 2434 2106 2476 ac
2164 2421 2459 2477 cervicem
2509 2416 2771 2495 erigens,
2806 2416 3204 2495 humerosque
3254 2434 3387 2478 cum
3446 2427 3684 2497 pectore

2041 2505 2444 2577 constringens
2465 2520 2532 2561 ac
2564 2514 2742 2563 totum
2766 2519 2977 2575 corpus
3008 2515 3247 2576 tangens
3278 2506 3433 2562 hunc
3459 2508 3686 2565 loeutus

2040 2598 2130 2648 est
2161 2588 2222 2649 in
2254 2589 2537 2650 modum:
2575 2589 2848 2651 Christus
2872 2592 3030 2651 Deus
3059 2601 3259 2650 noster
3284 2597 3340 2650 te
3361 2599 3548 2665 sanat,
3581 2596 3681 2671 qui

2042 2678 2221 2757 erigit
2244 2678 2448 2759 elisos;
2487 2696 2556 2740 ac
2588 2679 2784 2739 statim
2818 2678 3156 2758 praefectus,
3187 2697 3327 2740 voce
3350 2679 3545 2741 adhuc
3574 2681 3688 2761 ipsi

2041 2769 2205 2829 velut
2234 2767 3024 2848 insonante.expergefactus
3046 2768 3545 2848 est,sua\iterque
3567 2789 3688 2848 prae

2046 2856 2246 2918 laetitia
2282 2861 2616 2937 lacrymans
2643 2859 2830 2919 servis
2860 2857 3009 2932 suis,
3043 2874 3177 2936 qua;
3226 2858 3282 2918 ei
3322 2857 3444 2919 visa
3493 2868 3681 2934 erant,

2046 2964 2286 3008 narrare
2310 2946 2561 3009 volebat.
2594 2950 2684 3009 Ac
2712 2965 2784 3008 ea
2812 2947 3219 3027 quidemquae
3234 2964 3421 3026 usque
3451 2948 3522 3009 ad
3556 2967 3688 3009 mo-

2046 3034 2334 3097 nitionem
2364 3036 2984 3115 adhortationemque,
3016 3054 3085 3097 ac
3128 3036 3340 3097 factam
3374 3054 3408 3097 a
3432 3054 3500 3099 se
3550 3055 3686 3099 cum

2047 3125 2318 3206 lacrymis
2369 3126 2752 3207 sponsionem
2811 3125 3171 3200 acciderant,
3218 3126 3518 3199 narrabat,
3563 3128 3690 3188 sola

316 3238 510 3315 κρύων⁶
571 3238 606 3306 ἡ
638 3236 854 3315 γλῶττα
906 3238 1068 3315 μόνον
1110 3240 1371 3311 ἐκινεῖτο,
1414 3245 1508 3293 τοῦ
1552 3236 1715 3297 ἄλλου
1770 3238 1962 3298 παντὸς

2054 3217 2243 3288 lingua
2270 3218 2873 3290 movebatur,corpore
2900 3218 3121 3289 reliquo
3142 3227 3406 3275 manente
3430 3221 3688 3284 immoto;

314 3327 573 3397 ἀκινήτου
630 3326 881 3401 μένοντος
955 3328 1229 3403 σώματος’
1291 3326 1377 3382 ὅτε
1435 3324 1489 3382 δὲ
1544 3325 1734 3405 ἤρξατο
1791 3324 1965 3404 λέγειν

316 3417 392 3480 ὡς
436 3422 530 3472 τοῦ
566 3414 747 3494 ἀνδρὸς
779 3418 922 3490 αὐτῷ
971 3418 1245 3495 εἰρηκότος
1299 3415 1380 3472 ὅτι
1439 3416 1659 3495 Χριστός
1710 3437 1769 3472 σε
1827 3414 1966 3493 ῥών-

315 3527 465 3563 νυσιν
527 3508 555 3562 6
587 3508 718 3568 Θεὸς
776 3507 931 3582 ἡμῶν
961 3509 988 3563 6
1040 3507 1274 3584 ἀνορθῶν
1325 3508 1444 3568 τοὺς
1493 3505 1968 3583 κατερραγμένους,

316 3594 507 3657 εὐθέως
566 3594 645 3652 ἔτι
713 3602 807 3652 τοῦ
876 3594 1039 3674 λόγου
1110 3596 1188 3670 μὴ
1257 3594 1649 3674 πληρωθέντος,
1726 3594 1968 3671 ὀρθωθεὶς

314 3683 409 3764 ἀφ’
454 3685 639 3741 ἑαυτοῦ
696 3684 933 3741 ἐκάθισεν
992 3684 1076 3741 ἐπὶ
1148 3685 1254 3749 τῶς
1310 3684 1725 3764 χαμαιστρώτου
1790 3682 1966 3755 εὒνῆς,

318 3773 376 3831 ἐν
444 3775 481 3851 ᾗ
550 3773 848 3848 κατέκειτο,
923 3774 1001 3850 μὴ
1072 3776 1241 3836 συνεὶς
1299 3775 1361 3829 τὸ
1440 3770 1798 3851 γεγενημένον
1880 3769 1969 3844 (ἦν

316 3864 419 3943 γὰρ
466 3864 646 3943 ὥσπερ
700 3862 1000 3929 ἐξεστηκὼς
1062 3869 1127 3939 τῇ
1180 3861 1376 3943 χαρᾷ),
1424 3861 1543 3939 ᾔτει
1605 3860 1824 3941 φορέσαι
1883 3862 1970 3916 καὶ

318 3952 627 4033 προελθεῖν.
664 3955 724 4010 Οἱ
768 3952 822 4008 6‘s
881 3956 1039 4012 αὐτοῦ
1090 3950 1252 4008 πλέον
1296 3950 1493 4009 ἐκείνου
1541 3949 1970 4029 καταπλαγέντες

319 4043 384 4099 τὸ
438 4047 636 4121 θαῦμα,
694 4044 790 4099 καὶ
847 4040 984 4119 μηδὶ
1044 4042 1394 4120 ἀποκριθῆναι
1451 4039 1751 4116 δυνάμενοι,
1814 4039 1969 4115 μόλις

318 4132 380 4191 ἐν
432 4132 645 4197 ἑαυτοῖς
702 4133 1001 4209 γενόμενοι,
1062 4133 1147 4188 καὶ
1197 4133 1327 4211 πρὸς
1378 4132 1499 4195 τοὺς
1556 4130 1711 4209 ἐγγὺς
1764 4131 1973 4186 οἰκοῦν-

323 4243 422 4285 τας
480 4218 887 4301 διαδραμόντες,
951 4220 1036 4277 διὰ
1093 4223 1153 4278 τὸ
1223 4222 1428 4300 μακρὰν
1499 4219 1851 4301 ἀφεστηκέναι
1911 4220 1974 4276 τὸ

325 4311 648 4390 πραιτώριον
693 4317 798 4367 τῶν
847 4311 1127 4389 ὑπάρχων,
1175 4310 1478 4390 ἐχρήσαντο
1536 4310 1814 4390 στιχάριον
1886 4309 1973 4367 καὶ

326 4401 526 4475 ζώνην,
558 4404 647 4457 καὶ
679 4399 942 4481 χλαῖναν,
975 4400 1065 4457 καὶ
1091 4398 1428 4475 ὑποδήματα.

413 4490 521 4567 ιβ’.
554 4488 715 4548 Οὐδὲν
765 4489 863 4569 γάρ
895 4489 1097 4547 τούτων
1152 4486 1348 4569 ἓτυχον
1379 4488 1496 4565 μεθ’
1553 4488 1752 4546 ἑαυτῶν
1796 4487 1973 4545 ἐκεῖσε

325 4579 715 4658 βαστάσαντες,
750 4577 834 4635 διὰ
891 4580 953 4635 τὸ
987 4576 1125 4653 μηδὲ
1170 4576 1398 4649 ἐλπίζειν
1431 4579 1617 4642 αὐτοὺς
1652 4583 1724 4642 εἰς
1784 4579 1971 4657 χρείαν

328 4676 437 4725 τῶν
492 4669 748 4727 τοιούτων
799 4666 1126 4734 καταστῆναί
1180 4688 1310 4725 ποτε
1362 4668 1454 4723 τὸν
1486 4669 1656 4724 αὐτῶν
1713 4665 1975 4734 δεσπότην

329 4758 581 4825 ἀκίνητον
621 4759 948 4816 καθεστῶτα.
1014 4745 1073 4814 Ὀ
1128 4753 1183 4812 δὲ
1227 4754 1475 4837 φορέσας,
1510 4758 1597 4813 καὶ
1640 4755 1776 4831 μηδὲ
1832 4757 1975 4836 παρά

330 4870 477 4912 τινος
554 4847 1060 4925 ὑποστηριζόμενος,
1122 4844 1331 4903 ἄπεισιν
1401 4847 1472 4911 εἷς
1545 4847 1605 4902 τὸ
1685 4843 1973 4924 λεγόμενον

330 4934 583 5017 κιϐώριον
667 4938 728 4994 τὸ
795 4936 1049 5015 ἀργυροῦν
1117 4937 1211 4991 τοῦ
1279 4935 1430 5014 ἁγίου
1498 4937 1586 4992 καὶ
1661 4934 1972 5000 πανενδόξου

333 5027 597 5106 μάρτυρος
659 5026 990 5105 Δημητρίου,
1039 5023 1158 5082 ἔνθα
1215 5026 1370 5103 φασίν
1412 5045 1552 5088 τινες
1609 5027 1820 5081 κεῖσθαι
1872 5026 1973 5082 ὑπὸ

333 5118 438 5194 γῆν
511 5118 575 5173 τὸ
623 5115 882 5194 πανάγιον
968 5115 1127 5172 αὐτοῦ
1186 5112 1457 5191 λέίψανον.
1525 5113 1738 5171 Ἐκετσε
1808 5115 1979 5174 τοίνυν

332 5205 710 5286 παραγεγονὼς
768 5207 796 5261 6
854 5204 1094 5285 ἔπαρχος
1141 5204 1353 5270 οἰκείοις
1423 5205 1574 5279 ποσὶ,
1620 5206 1704 5261 καὶ
1759 5203 1979 5283 ἀπερεί-

331 5316 430 5359 σας
480 5298 543 5353 τὸ
599 5295 881 5375 πρόσωπον
926 5295 999 5359 εἷς
1030 5295 1089 5351 τὸ
1138 5295 1196 5352 ’ὃν
1252 5294 1460 5374 αὒτόθι,
1492 5296 1565 5358 ὣς
1597 5294 1658 5351 ἂν
1690 5294 1734 5350 εί
1782 5291 1977 5372 κραϐάο

333 5404 447 5443 τιον
500 5382 550 5450 ἐξ
593 5384 843 5464 ἀργύρου⁶
907 5382 1029 5441 ἔνθα
1082 5385 1172 5442 καὶ
1229 5382 1581 5441 ἐντετύπωται
1639 5385 1699 5439 τὸ
1754 5382 1978 5449 θεοειδές

338 5474 643 5554 προσώπων
697 5479 791 5531 τοῦ
849 5474 1007 5532 αὐτοῦ
1074 5473 1380 5532 πανσέπτου
1460 5471 1774 5555 ἀθλοφόρου,
1830 5473 1978 5554 ἔλεγε

419 5661 452 5715 4
478 5660 638 5729 Psal.
673 5674 894 5743 ann,
927 5658 1004 5726 54
1032 5677 1203 5744 seqq.
1286 5661 1320 5715 Β
1348 5659 1506 5725 Psal.
1537 5677 1700 5743 nix,
1733 5660 1831 5727 30.

2050 3302 2285 3382 quando
2312 3312 2532 3378 autem,
2566 3302 2666 3383 qui
2697 3304 2821 3363 viro
2871 3302 3105 3362 dicente
3136 3302 3214 3379 ei,
3249 3301 3395 3374 Quia
3421 3303 3692 3365 Christus

2052 3396 2213 3452 Deus
2244 3402 2449 3454 noster
2477 3400 2532 3453 te
2553 3404 2747 3466 sanat,
2776 3391 2876 3472 qui
2899 3392 3076 3471 erigit
3097 3390 3296 3463 elisos,
3328 3394 3524 3453 statim
3556 3410 3689 3454 ser-

2055 3500 2229 3543 mone
2286 3481 2551 3542 nondum
2602 3481 2869 3560 impleto,
2902 3498 2936 3541 a
2992 3481 3309 3559 semetipso
3343 3489 3576 3541 erectus
3630 3482 3692 3541 in

2055 3579 2235 3631 strato
2263 3572 2425 3631 humi
2449 3573 2624 3646 lecto,
2653 3573 2712 3631 in
2746 3590 2862 3647 quo
2882 3569 3420 3649 jacebat,sedisset,
3449 3587 3693 3631 narrare

2054 3658 2396 3737 incipiebat,
2425 3678 2534 3721 nec
2564 3662 2781 3721 factum
2808 3666 2957 3739 (pra;
2977 3659 3179 3720 laetitia
3198 3658 3357 3718 enim
3384 3659 3566 3719 veluti
3583 3677 3690 3720 ex-

2054 3756 2142 3809 tra
2162 3765 2228 3809 se
2253 3766 2455 3828 raptus
2485 3758 2629 3822 erat)
2663 3750 3041 3827 intelligeret,
3067 3747 3391 3828 petebat,ut
3421 3767 3690 3826 surgere,

2052 3854 2124 3898 ac
2154 3837 2214 3897 in
2246 3837 2554 3917 publicum
2585 3837 2829 3917 prodire
2860 3846 3080 3917 posset.
3129 3836 3222 3898 llli
3252 3846 3447 3898 autem
3482 3839 3689 3915 magis,

2056 3945 2233 4007 quam
2266 3928 2362 3989 hic
2392 3928 2666 4007 ipsemet,
2703 3928 3051 3988 miraculum
3086 3927 3390 4004 mirantes,
3424 3925 3692 4006 nihilque

2052 4016 2419 4097 respondere
2451 4017 2740 4097 valentes,
2778 4018 2869 4078 vix
2917 4018 2991 4077 ad
3023 4034 3087 4078 se
3134 4022 3378 4093 reversi,
3413 4028 3588 4098 atque
3619 4017 3692 4078 ad

2055 4124 2157 4168 eos
2190 4105 2295 4186 qui
2346 4106 2408 4166 in
2437 4106 2655 4168 vicinia
2683 4106 3049 4181 habitabant,
3087 4106 3243 4186 quod
3277 4107 3691 4187 praefectorum

2055 4196 2394 4276 prretorium
2428 4196 2599 4275 longe
2629 4197 3224 4279 abesset,currentes,
3261 4205 3317 4258 et
3348 4198 3607 4259 tunicam
3637 4208 3696 4258 et

2054 4302 2264 4346 zonam
2302 4293 2362 4347 et
2393 4286 2875 4367 paludamentum
2926 4299 2985 4349 et
3014 4286 3414 4349 calceamenta
3439 4303 3694 4366 accepe-

2054 4388 2192 4443 runt
2221 4386 2442 4441 mutua.

2138 4467 2236 4528 22.
2260 4466 2485 4528 Horum
2505 4468 2659 4529 enim
2682 4467 2855 4549 nihil,
2880 4466 3035 4547 quod
3061 4467 3277 4541 fore,ut
3298 4465 3433 4528 talia
3452 4466 3695 4529 domino

2058 4583 2189 4640 suo,
2224 4564 2474 4625 immoto
2526 4557 2831 4621 exsistenti
2858 4556 3197 4620 necessario
3244 4556 3562 4638 aliquando
3594 4576 3695 4620 es~

1993 4634 2212 4729 Dsent,
2247 4652 2400 4714 haud
2450 4656 2778 4730 putassent,
2811 4648 2951 4710 illuc
2979 4648 3317 4711 attulerant.
3343 4634 3470 4709 _Ille
3496 4654 3696 4709 autem

2058 4742 2451 4826 progrediens
2480 4758 2590 4801 nec
2613 4738 2684 4800 ab
2708 4739 2905 4818 aliquo
2937 4738 3207 4799 suffultus
3230 4738 3301 4798 ad
3332 4738 3697 4818 appellatum

2057 4834 2247 4904 sancti
2269 4851 2336 4894 ac
2361 4828 2776 4910 gloriosissimi
2794 4828 3064 4907 martyris
3089 4827 3373 4895 Demetrii
3402 4827 3695 4889 ciborium

2054 4938 2412 5003 argenteum,
2436 4927 2536 4983 ubi
2560 4926 2667 4982 sub
2690 4934 2837 4982 terra
2862 4932 3261 4982 sacrosanctus
3281 4923 3405 4994 ejus
3426 4922 3701 4993 reliquias

2054 5020 2258 5099 jacere
2289 5016 2526 5096 quidam
2559 5011 2745 5087 aiunt,
2773 5029 2906 5072 sese
2936 5009 3208 5070 contulit.
3241 5009 3393 5099 Cum
3420 5026 3492 5099 eo
3524 5007 3701 5085 igitur

2063 5097 2380 5189 praefectus
2405 5102 2662 5186 propriis
2695 5100 2945 5181 pedibus
2975 5097 3701 5189 pervenisset,faciemque

2063 5188 2135 5259 ad
2168 5214 2332 5278 eum,
2365 5194 2468 5277 qui
2501 5193 2622 5255 illic
2644 5199 3107 5269 est,argenteum
3143 5188 3580 5278 quodammodo
3609 5191 3701 5248 le-

2061 5277 2419 5361 ctulum,ubi
2450 5291 2508 5345 et
2542 5280 2810 5362 ejusdem
2836 5278 3162 5343 venerandi
3192 5277 3585 5340 certaminum
3608 5282 3700 5336 vl-

2062 5377 2246 5441 ctoris
2296 5375 2510 5450 vultus,
2547 5370 2729 5434 divini
2783 5371 2979 5435 vultus
3028 5371 3291 5452 speciem
3350 5368 3700 5451 praeferens,

2063 5466 2336 5549 depictus
2366 5473 2478 5544 est,
2502 5470 2857 5525 convertens
2886 5480 3021 5525 cum
3051 5464 3313 5525 clamore
3341 5470 3399 5524 et
3427 5461 3703 5541 lacrymis
