  <div class='ocr_page' id='page_1' title='image "/cluster/home/n/w/nwhite01/storage/ocr_20150623/116/mdp.39015008903554/617.png"; bbox 0 0 4056 6152; ppageno 0'>
   <div class='ocr_carea' id='block_1_1' title="bbox 408 299 562 364">
    <p class='ocr_par' dir='ltr' id='par_1_1' title="bbox 408 299 562 364">
     <span class='ocr_line' id='line_1_1' title="bbox 408 299 562 364; baseline -0.019 0"><span class='ocrx_word' id='word_1_1' title='bbox 408 299 562 364; x_wconf 71' lang='grc'>1219</span> 
     </span>
    </p>
   </div>
   <div class='ocr_carea' id='block_1_2' title="bbox 1763 289 2411 360">
    <p class='ocr_par' dir='ltr' id='par_1_2' title="bbox 1763 289 2411 360">
     <span class='ocr_line' id='line_1_2' title="bbox 1763 289 2411 360; baseline 0.005 -5"><span class='ocrx_word' id='word_1_2' title='bbox 1763 289 2411 360; x_wconf 80' lang='lat' dir='ltr'><strong>SUPPLEMENTUM.</strong></span> 
     </span>
    </p>
   </div>
   <div class='ocr_carea' id='block_1_3' title="bbox 3622 288 3766 360">
    <p class='ocr_par' dir='ltr' id='par_1_3' title="bbox 3622 288 3766 360">
     <span class='ocr_line' id='line_1_3' title="bbox 3622 288 3766 360; baseline 0.014 -2"><span class='ocrx_word' id='word_1_3' title='bbox 3622 288 3766 360; x_wconf 73' lang='lat'><strong>1220</strong></span> 
     </span>
    </p>
   </div>
   <div class='ocr_carea' id='block_1_4' title="bbox 397 424 2009 510">
    <p class='ocr_par' dir='ltr' id='par_1_4' title="bbox 397 424 2006 506">
     <span class='ocr_line' id='line_1_4' title="bbox 397 424 2006 506; baseline -0.003 -14"><span class='ocrx_word' id='word_1_4' title='bbox 397 430 545 492; x_wconf 83' lang='lat' dir='ltr'><strong>dixit</strong></span> <span class='ocrx_word' id='word_1_5' title='bbox 573 448 588 493; x_wconf 91' lang='lat'>:</span> <span class='ocrx_word' id='word_1_6' title='bbox 649 429 804 491; x_wconf 85' lang='lat' dir='ltr'><strong>Ecce</strong></span> <span class='ocrx_word' id='word_1_7' title='bbox 832 425 1207 490; x_wconf 77' lang='lat' dir='ltr'><strong>sanctissime</strong></span> <span class='ocrx_word' id='word_1_8' title='bbox 1256 424 1469 488; x_wconf 79' lang='lat' dir='ltr'><strong>Christi</strong></span> <span class='ocrx_word' id='word_1_9' title='bbox 1503 431 1718 506; x_wconf 82' lang='lat' dir='ltr'><strong>martyr</strong></span> <span class='ocrx_word' id='word_1_10' title='bbox 1745 427 2006 489; x_wconf 81' lang='lat' dir='ltr'><strong>Demetri</strong></span> 
     </span>
    </p>
   </div>
   <div class='ocr_carea' id='block_1_5' title="bbox 2098 424 3766 510">
    <p class='ocr_par' dir='ltr' id='par_1_5' title="bbox 2098 428 3766 510">
     <span class='ocr_line' id='line_1_5' title="bbox 2098 428 3766 510; baseline 0.002 -25"><span class='ocrx_word' id='word_1_11' title='bbox 2098 432 2255 506; x_wconf 83' lang='grc' dir='ltr'>μετὰ</span> <span class='ocrx_word' id='word_1_12' title='bbox 2311 432 2544 510; x_wconf 71' lang='grc' dir='ltr'>κραυγῆς</span> <span class='ocrx_word' id='word_1_13' title='bbox 2602 433 2688 489; x_wconf 87' lang='grc' dir='ltr'><strong>καὶ</strong></span> <span class='ocrx_word' id='word_1_14' title='bbox 2749 431 3010 510; x_wconf 82' lang='grc' dir='ltr'>δακρύων.</span> <span class='ocrx_word' id='word_1_15' title='bbox 3071 428 3232 506; x_wconf 77' lang='grc' dir='ltr'>Ἰδοὺ,</span> <span class='ocrx_word' id='word_1_16' title='bbox 3265 433 3492 510; x_wconf 81' lang='grc' dir='ltr'>πανάγιε</span> <span class='ocrx_word' id='word_1_17' title='bbox 3550 439 3766 510; x_wconf 77' lang='grc' dir='ltr'><strong>Χριστοῦ</strong></span> 
     </span>
    </p>
   </div>
   <div class='ocr_carea' id='block_1_6' title="bbox 394 516 2029 602">
    <p class='ocr_par' dir='ltr' id='par_1_6' title="bbox 394 516 2029 602">
     <span class='ocr_line' id='line_1_6' title="bbox 394 516 2029 602; baseline -0.002 -20"><span class='ocrx_word' id='word_1_18' title='bbox 394 520 526 602; x_wconf 92' lang='lat' dir='ltr'><strong>ipse</strong></span> <span class='ocrx_word' id='word_1_19' title='bbox 555 518 819 600; x_wconf 86' lang='lat' dir='ltr'><strong>quidem,</strong></span> <span class='ocrx_word' id='word_1_20' title='bbox 844 527 976 600; x_wconf 63' lang='lat' dir='ltr'><strong>qua;</strong></span> <span class='ocrx_word' id='word_1_21' title='bbox 993 517 1152 579; x_wconf 88' lang='lat' dir='ltr'><strong>circa</strong></span> <span class='ocrx_word' id='word_1_22' title='bbox 1165 533 1383 596; x_wconf 89' lang='lat' dir='ltr'><strong>corpus</strong></span> <span class='ocrx_word' id='word_1_23' title='bbox 1418 534 1612 579; x_wconf 91' lang='lat' dir='ltr'><strong>meum</strong></span> <span class='ocrx_word' id='word_1_24' title='bbox 1645 516 2029 596; x_wconf 86' lang='lat' dir='ltr'><strong>promiseras,</strong></span> 
     </span>
    </p>
   </div>
   <div class='ocr_carea' id='block_1_7' title="bbox 399 607 2030 693">
    <p class='ocr_par' dir='ltr' id='par_1_7' title="bbox 399 607 2030 693">
     <span class='ocr_line' id='line_1_7' title="bbox 399 607 2030 693; baseline -0.001 -21"><span class='ocrx_word' id='word_1_25' title='bbox 399 611 714 693; x_wconf 74' lang='lat' dir='ltr'><strong>implevisti</strong></span> <span class='ocrx_word' id='word_1_26' title='bbox 747 632 763 686; x_wconf 91' lang='lat'><strong>;</strong></span> <span class='ocrx_word' id='word_1_27' title='bbox 797 628 926 690; x_wconf 71' lang='lat' dir='ltr'><strong>quae</strong></span> <span class='ocrx_word' id='word_1_28' title='bbox 948 616 1146 671; x_wconf 88' lang='lat' dir='ltr'><strong>autem</strong></span> <span class='ocrx_word' id='word_1_29' title='bbox 1177 625 1284 686; x_wconf 89' lang='lat' dir='ltr'><strong>ego</strong></span> <span class='ocrx_word' id='word_1_30' title='bbox 1321 607 1527 679; x_wconf 89' lang='lat' dir='ltr'><strong>(animi</strong></span> <span class='ocrx_word' id='word_1_31' title='bbox 1561 607 1623 668; x_wconf 93' lang='lat' dir='ltr'><strong>in</strong></span> <span class='ocrx_word' id='word_1_32' title='bbox 1651 609 2030 688; x_wconf 86' lang='lat' dir='ltr'><strong>cogitationi-</strong></span> 
     </span>
    </p>
   </div>
   <div class='ocr_carea' id='block_1_8' title="bbox 395 696 2030 778">
    <p class='ocr_par' dir='ltr' id='par_1_8' title="bbox 395 696 2030 778">
     <span class='ocr_line' id='line_1_8' title="bbox 395 696 2030 778; baseline -0.002 -16"><span class='ocrx_word' id='word_1_33' title='bbox 395 699 506 763; x_wconf 93' lang='lat' dir='ltr'><strong>bus</strong></span> <span class='ocrx_word' id='word_1_34' title='bbox 561 699 986 762; x_wconf 86' lang='lat' dir='ltr'><strong>demissionem</strong></span> <span class='ocrx_word' id='word_1_35' title='bbox 1043 696 1200 776; x_wconf 86' lang='lat' dir='ltr'><strong>dico)</strong></span> <span class='ocrx_word' id='word_1_36' title='bbox 1237 713 1474 758; x_wconf 87' lang='lat' dir='ltr'><strong>servare</strong></span> <span class='ocrx_word' id='word_1_37' title='bbox 1529 698 1834 778; x_wconf 82' lang='lat' dir='ltr'><strong>proposui,</strong></span> <span class='ocrx_word' id='word_1_38' title='bbox 1870 707 2030 758; x_wconf 93' lang='lat' dir='ltr'><strong>tuum</strong></span> 
     </span>
    </p>
   </div>
   <div class='ocr_carea' id='block_1_9' title="bbox 392 787 2032 868">
    <p class='ocr_par' dir='ltr' id='par_1_9' title="bbox 392 787 2032 868">
     <span class='ocr_line' id='line_1_9' title="bbox 392 787 2032 868; baseline -0.001 -16"><span class='ocrx_word' id='word_1_39' title='bbox 392 808 601 852; x_wconf 86' lang='lat' dir='ltr'><strong>rursus</strong></span> <span class='ocrx_word' id='word_1_40' title='bbox 647 796 736 850; x_wconf 92' lang='lat' dir='ltr'><strong>est</strong></span> <span class='ocrx_word' id='word_1_41' title='bbox 765 805 871 868; x_wconf 94' lang='lat' dir='ltr'><strong>per</strong></span> <span class='ocrx_word' id='word_1_42' title='bbox 913 796 1071 847; x_wconf 90' lang='lat' dir='ltr'><strong>tuam</strong></span> <span class='ocrx_word' id='word_1_43' title='bbox 1123 787 1276 866; x_wconf 90' lang='lat' dir='ltr'><strong>apud</strong></span> <span class='ocrx_word' id='word_1_44' title='bbox 1325 788 1513 849; x_wconf 90' lang='lat' dir='ltr'><strong>Deum</strong></span> <span class='ocrx_word' id='word_1_45' title='bbox 1545 787 2032 850; x_wconf 85' lang='lat' dir='ltr'><strong>intercessionem</strong></span> 
     </span>
    </p>
   </div>
   <div class='ocr_carea' id='block_1_10' title="bbox 392 875 2038 958">
    <p class='ocr_par' dir='ltr' id='par_1_10' title="bbox 392 875 2038 958">
     <span class='ocr_line' id='line_1_10' title="bbox 392 875 2038 958; baseline -0.002 -17"><span class='ocrx_word' id='word_1_46' title='bbox 392 882 745 942; x_wconf 86' lang='lat' dir='ltr'><strong>concedere.</strong></span> <span class='ocrx_word' id='word_1_47' title='bbox 804 876 974 939; x_wconf 89' lang='lat' dir='ltr'><strong>Nosti</strong></span> <span class='ocrx_word' id='word_1_48' title='bbox 1004 881 1190 952; x_wconf 90' lang='lat' dir='ltr'><strong>enim,</strong></span> <span class='ocrx_word' id='word_1_49' title='bbox 1221 875 1526 937; x_wconf 90' lang='lat' dir='ltr'><strong>hominem</strong></span> <span class='ocrx_word' id='word_1_50' title='bbox 1590 884 1652 939; x_wconf 87' lang='lat' dir='ltr'><strong>et</strong></span> <span class='ocrx_word' id='word_1_51' title='bbox 1679 895 1931 958; x_wconf 91' lang='lat' dir='ltr'><strong>corpore</strong></span> <span class='ocrx_word' id='word_1_52' title='bbox 1980 884 2038 938; x_wconf 86' lang='lat' dir='ltr'><strong>et</strong></span> 
     </span>
    </p>
   </div>
   <div class='ocr_carea' id='block_1_11' title="bbox 393 964 2036 1046">
    <p class='ocr_par' dir='ltr' id='par_1_11' title="bbox 393 964 2036 1046">
     <span class='ocr_line' id='line_1_11' title="bbox 393 964 2036 1046; baseline -0.001 -16"><span class='ocrx_word' id='word_1_53' title='bbox 393 968 589 1030; x_wconf 89' lang='lat' dir='ltr'><strong>anima</strong></span> <span class='ocrx_word' id='word_1_54' title='bbox 621 985 753 1029; x_wconf 91' lang='lat' dir='ltr'><strong>esse</strong></span> <span class='ocrx_word' id='word_1_55' title='bbox 798 964 1172 1046; x_wconf 84' lang='lat' dir='ltr'><strong>mutabilem,</strong></span> <span class='ocrx_word' id='word_1_56' title='bbox 1213 984 1572 1046; x_wconf 87' lang='lat' dir='ltr'><strong>semperque</strong></span> <span class='ocrx_word' id='word_1_57' title='bbox 1625 965 1804 1027; x_wconf 84' lang='lat' dir='ltr'><strong>divini</strong></span> <span class='ocrx_word' id='word_1_58' title='bbox 1835 967 2036 1028; x_wconf 86' lang='lat' dir='ltr'><strong>auxilii</strong></span> 
     </span>
    </p>
   </div>
   <div class='ocr_carea' id='block_1_12' title="bbox 389 1056 1002 1134">
    <p class='ocr_par' dir='ltr' id='par_1_12' title="bbox 389 1056 1002 1134">
     <span class='ocr_line' id='line_1_12' title="bbox 389 1056 1002 1134; baseline -0.005 -16"><span class='ocrx_word' id='word_1_59' title='bbox 389 1057 642 1120; x_wconf 90' lang='lat' dir='ltr'><strong>multum</strong></span> <span class='ocrx_word' id='word_1_60' title='bbox 670 1056 1002 1134; x_wconf 89' lang='lat' dir='ltr'><strong>indignum.</strong></span> 
     </span>
    </p>
   </div>
   <div class='ocr_carea' id='block_1_13' title="bbox 469 1143 2028 1226">
    <p class='ocr_par' dir='ltr' id='par_1_13' title="bbox 469 1143 2028 1226">
     <span class='ocr_line' id='line_1_13' title="bbox 469 1143 2028 1226; baseline 0.001 -20"><span class='ocrx_word' id='word_1_61' title='bbox 469 1150 568 1209; x_wconf 75' lang='lat'><strong>23.</strong></span> <span class='ocrx_word' id='word_1_62' title='bbox 601 1147 725 1225; x_wconf 89' lang='lat' dir='ltr'><strong>Ego</strong></span> <span class='ocrx_word' id='word_1_63' title='bbox 759 1163 960 1226; x_wconf 90' lang='lat' dir='ltr'><strong>porro,</strong></span> <span class='ocrx_word' id='word_1_64' title='bbox 992 1161 1124 1223; x_wconf 83' lang='lat' dir='ltr'><strong>quae</strong></span> <span class='ocrx_word' id='word_1_65' title='bbox 1151 1143 1225 1204; x_wconf 89' lang='lat' dir='ltr'><strong>ad</strong></span> <span class='ocrx_word' id='word_1_66' title='bbox 1282 1151 1444 1204; x_wconf 91' lang='lat' dir='ltr'><strong>tuum</strong></span> <span class='ocrx_word' id='word_1_67' title='bbox 1477 1143 1701 1206; x_wconf 91' lang='lat' dir='ltr'><strong>cultum</strong></span> <span class='ocrx_word' id='word_1_68' title='bbox 1734 1152 2028 1226; x_wconf 86' lang='lat' dir='ltr'><strong>spectant,</strong></span> 
     </span>
    </p>
   </div>
   <div class='ocr_carea' id='block_1_14' title="bbox 390 1232 2032 1316">
    <p class='ocr_par' dir='ltr' id='par_1_14' title="bbox 390 1232 2032 1316">
     <span class='ocr_line' id='line_1_14' title="bbox 390 1232 2032 1316; baseline -0.001 -18"><span class='ocrx_word' id='word_1_69' title='bbox 390 1254 600 1316; x_wconf 87' lang='lat' dir='ltr'><strong>eaque,</strong></span> <span class='ocrx_word' id='word_1_70' title='bbox 633 1253 763 1316; x_wconf 73' lang='lat' dir='ltr'><strong>quaa</strong></span> <span class='ocrx_word' id='word_1_71' title='bbox 793 1233 1066 1314; x_wconf 86' lang='lat' dir='ltr'><strong>promisi,</strong></span> <span class='ocrx_word' id='word_1_72' title='bbox 1093 1251 1274 1312; x_wconf 90' lang='lat' dir='ltr'><strong>opere</strong></span> <span class='ocrx_word' id='word_1_73' title='bbox 1302 1232 1633 1313; x_wconf 86' lang='lat' dir='ltr'><strong>adimplere</strong></span> <span class='ocrx_word' id='word_1_74' title='bbox 1664 1233 1881 1295; x_wconf 83' lang='lat' dir='ltr'><strong>festino</strong></span> <span class='ocrx_word' id='word_1_75' title='bbox 1913 1256 1927 1304; x_wconf 90' lang='lat'><strong>;</strong></span> <span class='ocrx_word' id='word_1_76' title='bbox 1960 1253 2032 1297; x_wconf 88' lang='lat' dir='ltr'><strong>ac</strong></span> 
     </span>
    </p>
   </div>
   <div class='ocr_carea' id='block_1_15' title="bbox 389 1322 2024 1404">
    <p class='ocr_par' dir='ltr' id='par_1_15' title="bbox 389 1322 2024 1404">
     <span class='ocr_line' id='line_1_15' title="bbox 389 1322 2024 1404; baseline 0 -18"><span class='ocrx_word' id='word_1_77' title='bbox 389 1327 582 1388; x_wconf 84' lang='lat' dir='ltr'><strong>statim</strong></span> <span class='ocrx_word' id='word_1_78' title='bbox 631 1344 663 1386; x_wconf 94' lang='lat' dir='ltr'><strong>e</strong></span> <span class='ocrx_word' id='word_1_79' title='bbox 691 1325 891 1385; x_wconf 91' lang='lat' dir='ltr'><strong>divino</strong></span> <span class='ocrx_word' id='word_1_80' title='bbox 949 1322 1050 1384; x_wconf 92' lang='lat' dir='ltr'><strong>illo</strong></span> <span class='ocrx_word' id='word_1_81' title='bbox 1085 1323 1304 1402; x_wconf 93' lang='lat' dir='ltr'><strong>templo</strong></span> <span class='ocrx_word' id='word_1_82' title='bbox 1355 1339 1655 1400; x_wconf 81' lang='lat' dir='ltr'><strong>egressus,</strong></span> <span class='ocrx_word' id='word_1_83' title='bbox 1695 1342 1807 1384; x_wconf 91' lang='lat' dir='ltr'><strong>nec</strong></span> <span class='ocrx_word' id='word_1_84' title='bbox 1849 1343 2024 1404; x_wconf 90' lang='lat' dir='ltr'><strong>equo,</strong></span> 
     </span>
    </p>
   </div>
   <div class='ocr_carea' id='block_1_16' title="bbox 387 1412 2029 1495">
    <p class='ocr_par' dir='ltr' id='par_1_16' title="bbox 387 1412 2029 1495">
     <span class='ocr_line' id='line_1_16' title="bbox 387 1412 2029 1495; baseline -0.002 -18"><span class='ocrx_word' id='word_1_85' title='bbox 387 1425 563 1495; x_wconf 92' lang='lat' dir='ltr'><strong>prout</strong></span> <span class='ocrx_word' id='word_1_86' title='bbox 593 1413 962 1495; x_wconf 90' lang='lat' dir='ltr'><strong>princibibus</strong></span> <span class='ocrx_word' id='word_1_87' title='bbox 1014 1431 1142 1472; x_wconf 89' lang='lat' dir='ltr'><strong>mos</strong></span> <span class='ocrx_word' id='word_1_88' title='bbox 1173 1421 1283 1487; x_wconf 87' lang='lat' dir='ltr'><strong>est,</strong></span> <span class='ocrx_word' id='word_1_89' title='bbox 1318 1412 1580 1472; x_wconf 87' lang='lat' dir='ltr'><strong>insidere</strong></span> <span class='ocrx_word' id='word_1_90' title='bbox 1625 1413 1847 1487; x_wconf 90' lang='lat' dir='ltr'><strong>volens,</strong></span> <span class='ocrx_word' id='word_1_91' title='bbox 1884 1431 2029 1492; x_wconf 89' lang='lat' dir='ltr'><strong>pro-</strong></span> 
     </span>
    </p>
   </div>
   <div class='ocr_carea' id='block_1_17' title="bbox 384 1501 2024 1585">
    <p class='ocr_par' dir='ltr' id='par_1_17' title="bbox 384 1501 2024 1585">
     <span class='ocr_line' id='line_1_17' title="bbox 384 1501 2024 1585; baseline -0.002 -19"><span class='ocrx_word' id='word_1_92' title='bbox 384 1505 531 1584; x_wconf 90' lang='lat' dir='ltr'><strong>priis</strong></span> <span class='ocrx_word' id='word_1_93' title='bbox 564 1503 817 1585; x_wconf 89' lang='lat' dir='ltr'><strong>pedibus</strong></span> <span class='ocrx_word' id='word_1_94' title='bbox 844 1502 916 1563; x_wconf 90' lang='lat' dir='ltr'><strong>ad</strong></span> <span class='ocrx_word' id='word_1_95' title='bbox 941 1501 1278 1581; x_wconf 60' lang='lat' dir='ltr'><strong>praetorium</strong></span> <span class='ocrx_word' id='word_1_96' title='bbox 1314 1519 1484 1562; x_wconf 90' lang='lat' dir='ltr'><strong>suum</strong></span> <span class='ocrx_word' id='word_1_97' title='bbox 1519 1519 1583 1562; x_wconf 92' lang='lat' dir='ltr'><strong>se</strong></span> <span class='ocrx_word' id='word_1_98' title='bbox 1619 1503 1888 1578; x_wconf 88' lang='lat' dir='ltr'><strong>contulit,</strong></span> <span class='ocrx_word' id='word_1_99' title='bbox 1921 1505 2024 1564; x_wconf 91' lang='lat' dir='ltr'><strong>iis-</strong></span> 
     </span>
    </p>
   </div>
   <div class='ocr_carea' id='block_1_18' title="bbox 385 1591 2026 1674">
    <p class='ocr_par' dir='ltr' id='par_1_18' title="bbox 385 1591 2026 1674">
     <span class='ocr_line' id='line_1_18' title="bbox 385 1591 2026 1674; baseline -0.001 -20"><span class='ocrx_word' id='word_1_100' title='bbox 385 1612 523 1674; x_wconf 89' lang='lat' dir='ltr'><strong>que,</strong></span> <span class='ocrx_word' id='word_1_101' title='bbox 549 1593 768 1674; x_wconf 88' lang='lat' dir='ltr'><strong>quibus</strong></span> <span class='ocrx_word' id='word_1_102' title='bbox 788 1591 1108 1669; x_wconf 82' lang='lat' dir='ltr'><strong>indigebat,</strong></span> <span class='ocrx_word' id='word_1_103' title='bbox 1136 1591 1342 1670; x_wconf 83' lang='lat' dir='ltr'><strong>captis,</strong></span> <span class='ocrx_word' id='word_1_104' title='bbox 1379 1591 1451 1651; x_wconf 90' lang='lat' dir='ltr'><strong>ad</strong></span> <span class='ocrx_word' id='word_1_105' title='bbox 1481 1595 1878 1654; x_wconf 78' lang='lat' dir='ltr'><strong>venerandam</strong></span> <span class='ocrx_word' id='word_1_106' title='bbox 1912 1592 2026 1653; x_wconf 90' lang='lat' dir='ltr'><strong>ite-</strong></span> 
     </span>
    </p>
   </div>
   <div class='ocr_carea' id='block_1_19' title="bbox 382 1680 2024 1762">
    <p class='ocr_par' dir='ltr' id='par_1_19' title="bbox 382 1680 2024 1762">
     <span class='ocr_line' id='line_1_19' title="bbox 382 1680 2024 1762; baseline -0.001 -18"><span class='ocrx_word' id='word_1_107' title='bbox 382 1701 516 1744; x_wconf 89' lang='lat' dir='ltr'><strong>rum</strong></span> <span class='ocrx_word' id='word_1_108' title='bbox 562 1685 830 1762; x_wconf 82' lang='lat' dir='ltr'><strong>martyris</strong></span> <span class='ocrx_word' id='word_1_109' title='bbox 860 1681 1048 1742; x_wconf 68' lang='lat' dir='ltr'><strong>sedem</strong></span> <span class='ocrx_word' id='word_1_110' title='bbox 1073 1698 1348 1740; x_wconf 82' lang='lat' dir='ltr'><strong>reversus</strong></span> <span class='ocrx_word' id='word_1_111' title='bbox 1379 1687 1487 1755; x_wconf 86' lang='lat' dir='ltr'><strong>est,</strong></span> <span class='ocrx_word' id='word_1_112' title='bbox 1517 1698 1774 1761; x_wconf 85' lang='lat' dir='ltr'><strong>cumque</strong></span> <span class='ocrx_word' id='word_1_113' title='bbox 1803 1680 2024 1743; x_wconf 89' lang='lat' dir='ltr'><strong>ibidem</strong></span> 
     </span>
    </p>
   </div>
   <div class='ocr_carea' id='block_1_20' title="bbox 2117 520 3764 600">
    <p class='ocr_par' dir='ltr' id='par_1_20' title="bbox 2117 520 3764 600">
     <span class='ocr_line' id='line_1_20' title="bbox 2117 520 3764 600; baseline 0.001 -24"><span class='ocrx_word' id='word_1_114' title='bbox 2117 521 2314 599; x_wconf 78' lang='grc' dir='ltr'><strong>μάρτυς</strong></span> <span class='ocrx_word' id='word_1_115' title='bbox 2377 524 2677 600; x_wconf 69' lang='grc' dir='ltr'>Δημήτριε,</span> <span class='ocrx_word' id='word_1_116' title='bbox 2734 523 2766 576; x_wconf 83' lang='grc' dir='ltr'>ἃ</span> <span class='ocrx_word' id='word_1_117' title='bbox 2810 521 2906 596; x_wconf 87' lang='grc' dir='ltr'>μὲν</span> <span class='ocrx_word' id='word_1_118' title='bbox 2965 520 3124 584; x_wconf 68' lang='grc' dir='ltr'>αὐτὸς</span> <span class='ocrx_word' id='word_1_119' title='bbox 3184 520 3492 600; x_wconf 82' lang='grc' dir='ltr'>ἐπηγγείλω</span> <span class='ocrx_word' id='word_1_120' title='bbox 3536 522 3656 597; x_wconf 84' lang='grc' dir='ltr'>περὶ</span> <span class='ocrx_word' id='word_1_121' title='bbox 3707 524 3764 578; x_wconf 86' lang='grc' dir='ltr'><strong>τὸ</strong></span> 
     </span>
    </p>
   </div>
   <div class='ocr_carea' id='block_1_21' title="bbox 2117 607 3765 688">
    <p class='ocr_par' dir='ltr' id='par_1_21' title="bbox 2117 607 3765 688">
     <span class='ocr_line' id='line_1_21' title="bbox 2117 607 3765 688; baseline 0.001 -22"><span class='ocrx_word' id='word_1_122' title='bbox 2117 610 2246 683; x_wconf 75' lang='grc' dir='ltr'>ἐμὸν</span> <span class='ocrx_word' id='word_1_123' title='bbox 2302 617 2458 684; x_wconf 81' lang='grc' dir='ltr'>σῶμα</span> <span class='ocrx_word' id='word_1_124' title='bbox 2502 611 2884 688; x_wconf 66' lang='grc' dir='ltr'>πεπλήρωκας·</span> <span class='ocrx_word' id='word_1_125' title='bbox 2930 610 2964 666; x_wconf 81' lang='grc' dir='ltr'><strong>ὀὶ</strong></span> <span class='ocrx_word' id='word_1_126' title='bbox 3021 607 3075 666; x_wconf 77' lang='grc' dir='ltr'>δὲ</span> <span class='ocrx_word' id='word_1_127' title='bbox 3135 610 3241 688; x_wconf 82' lang='grc' dir='ltr'><strong>ἐγὼ</strong></span> <span class='ocrx_word' id='word_1_128' title='bbox 3299 610 3574 667; x_wconf 78' lang='grc' dir='ltr'>τυλάττειν</span> <span class='ocrx_word' id='word_1_129' title='bbox 3617 613 3765 686; x_wconf 79' lang='grc' dir='ltr'>ὡμο-</span> 
     </span>
    </p>
   </div>
   <div class='ocr_carea' id='block_1_22' title="bbox 2117 697 3765 780">
    <p class='ocr_par' dir='ltr' id='par_1_22' title="bbox 2117 697 3765 780">
     <span class='ocr_line' id='line_1_22' title="bbox 2117 697 3765 780; baseline 0.002 -26"><span class='ocrx_word' id='word_1_130' title='bbox 2117 697 2350 775; x_wconf 86' lang='grc' dir='ltr'>λόγησα,</span> <span class='ocrx_word' id='word_1_131' title='bbox 2391 700 2529 778; x_wconf 76' lang='grc' dir='ltr'><strong>λέγω</strong></span> <span class='ocrx_word' id='word_1_132' title='bbox 2586 699 2650 767; x_wconf 79' lang='grc' dir='ltr'><strong>δὴ</strong></span> <span class='ocrx_word' id='word_1_133' title='bbox 2694 701 2794 768; x_wconf 76' lang='grc' dir='ltr'>τὴν</span> <span class='ocrx_word' id='word_1_134' title='bbox 2839 702 2956 776; x_wconf 85' lang='grc' dir='ltr'>περὶ</span> <span class='ocrx_word' id='word_1_135' title='bbox 3000 699 3288 777; x_wconf 79' lang='grc' dir='ltr'>λογισμοὺς</span> <span class='ocrx_word' id='word_1_136' title='bbox 3347 702 3765 780; x_wconf 67' lang='grc' dir='ltr'>ταπεινοφροσύ-</span> 
     </span>
    </p>
   </div>
   <div class='ocr_carea' id='block_1_23' title="bbox 2119 789 3763 870">
    <p class='ocr_par' dir='ltr' id='par_1_23' title="bbox 2119 789 3763 870">
     <span class='ocr_line' id='line_1_23' title="bbox 2119 789 3763 870; baseline 0.001 -26"><span class='ocrx_word' id='word_1_137' title='bbox 2119 810 2242 861; x_wconf 87' lang='grc' dir='ltr'>σην,</span> <span class='ocrx_word' id='word_1_138' title='bbox 2303 791 2394 845; x_wconf 86' lang='grc' dir='ltr'>σόν</span> <span class='ocrx_word' id='word_1_139' title='bbox 2450 789 2561 845; x_wconf 80' lang='grc' dir='ltr'>ἐστι</span> <span class='ocrx_word' id='word_1_140' title='bbox 2620 792 2937 870; x_wconf 72' lang='grc' dir='ltr'>χαρίσασθαι</span> <span class='ocrx_word' id='word_1_141' title='bbox 2996 789 3153 846; x_wconf 74' lang='grc' dir='ltr'>πάλιν</span> <span class='ocrx_word' id='word_1_142' title='bbox 3207 789 3291 847; x_wconf 74' lang='grc' dir='ltr'><strong>διὰ</strong></span> <span class='ocrx_word' id='word_1_143' title='bbox 3337 789 3621 868; x_wconf 77' lang='grc' dir='ltr'>πρεσϐείας</span> <span class='ocrx_word' id='word_1_144' title='bbox 3671 796 3763 858; x_wconf 79' lang='grc' dir='ltr'>τῆς</span> 
     </span>
    </p>
   </div>
   <div class='ocr_carea' id='block_1_24' title="bbox 2123 879 3766 958">
    <p class='ocr_par' dir='ltr' id='par_1_24' title="bbox 2123 879 3766 958">
     <span class='ocr_line' id='line_1_24' title="bbox 2123 879 3766 958; baseline 0.002 -25"><span class='ocrx_word' id='word_1_145' title='bbox 2123 879 2249 956; x_wconf 84' lang='grc' dir='ltr'>πρὸς</span> <span class='ocrx_word' id='word_1_146' title='bbox 2308 879 2461 935; x_wconf 80' lang='grc' dir='ltr'>Θεόν·</span> <span class='ocrx_word' id='word_1_147' title='bbox 2522 879 2672 942; x_wconf 81' lang='grc' dir='ltr'>οἶδας</span> <span class='ocrx_word' id='word_1_148' title='bbox 2730 881 2828 958; x_wconf 76' lang='grc' dir='ltr'><strong>γὰρ</strong></span> <span class='ocrx_word' id='word_1_149' title='bbox 2855 879 2935 935; x_wconf 81' lang='grc' dir='ltr'>ὅτι</span> <span class='ocrx_word' id='word_1_150' title='bbox 2993 881 3216 956; x_wconf 82' lang='grc' dir='ltr'>τρεπτὸς</span> <span class='ocrx_word' id='word_1_151' title='bbox 3262 882 3289 935; x_wconf 89' lang='grc' dir='ltr'>ὁ</span> <span class='ocrx_word' id='word_1_152' title='bbox 3344 879 3624 956; x_wconf 79' lang='grc' dir='ltr'>ἅνθρωπος</span> <span class='ocrx_word' id='word_1_153' title='bbox 3682 881 3766 936; x_wconf 76' lang='grc' dir='ltr'><strong>καὶ</strong></span> 
     </span>
    </p>
   </div>
   <div class='ocr_carea' id='block_1_25' title="bbox 2121 966 3764 1047">
    <p class='ocr_par' dir='ltr' id='par_1_25' title="bbox 2121 966 3764 1047">
     <span class='ocr_line' id='line_1_25' title="bbox 2121 966 3764 1047; baseline 0.002 -25"><span class='ocrx_word' id='word_1_154' title='bbox 2121 966 2327 1042; x_wconf 72' lang='grc' dir='ltr'>σώματι</span> <span class='ocrx_word' id='word_1_155' title='bbox 2383 970 2470 1024; x_wconf 82' lang='grc' dir='ltr'><strong>καὶ</strong></span> <span class='ocrx_word' id='word_1_156' title='bbox 2515 971 2691 1047; x_wconf 76' lang='grc' dir='ltr'>ψυχῇ,</span> <span class='ocrx_word' id='word_1_157' title='bbox 2727 971 2812 1025; x_wconf 86' lang='grc' dir='ltr'><strong>καὶ</strong></span> <span class='ocrx_word' id='word_1_158' title='bbox 2877 966 3082 1036; x_wconf 81' lang='grc' dir='ltr'>πολλῆς</span> <span class='ocrx_word' id='word_1_159' title='bbox 3142 975 3238 1036; x_wconf 78' lang='grc' dir='ltr'>τῆς</span> <span class='ocrx_word' id='word_1_160' title='bbox 3267 969 3329 1025; x_wconf 84' lang='grc' dir='ltr'><strong>ἐκ</strong></span> <span class='ocrx_word' id='word_1_161' title='bbox 3359 977 3490 1026; x_wconf 83' lang='grc' dir='ltr'><strong>Θεοῦ</strong></span> <span class='ocrx_word' id='word_1_162' title='bbox 3543 971 3764 1027; x_wconf 81' lang='grc' dir='ltr'>πάντοτε</span> 
     </span>
    </p>
   </div>
   <div class='ocr_carea' id='block_1_26' title="bbox 2120 1055 2666 1134">
    <p class='ocr_par' dir='ltr' id='par_1_26' title="bbox 2120 1055 2666 1134">
     <span class='ocr_line' id='line_1_26' title="bbox 2120 1055 2666 1134; baseline 0.009 -23"><span class='ocrx_word' id='word_1_163' title='bbox 2120 1055 2365 1131; x_wconf 83' lang='grc' dir='ltr'>δεόμενος</span> <span class='ocrx_word' id='word_1_164' title='bbox 2399 1059 2666 1134; x_wconf 78' lang='grc' dir='ltr'>βοηθείας.</span> 
     </span>
    </p>
   </div>
   <div class='ocr_carea' id='block_1_27' title="bbox 2201 1146 3763 1226">
    <p class='ocr_par' dir='ltr' id='par_1_27' title="bbox 2201 1146 3763 1226">
     <span class='ocr_line' id='line_1_27' title="bbox 2201 1146 3763 1226; baseline 0.003 -24"><span class='ocrx_word' id='word_1_165' title='bbox 2201 1147 2312 1224; x_wconf 88' lang='grc' dir='ltr'>κγ’,</span> <span class='ocrx_word' id='word_1_166' title='bbox 2381 1146 2524 1225; x_wconf 85' lang='grc' dir='ltr'><strong>Ἐγὼ</strong></span> <span class='ocrx_word' id='word_1_167' title='bbox 2568 1147 2620 1203; x_wconf 77' lang='grc' dir='ltr'><em>δὲ</em></span> <span class='ocrx_word' id='word_1_168' title='bbox 2671 1149 2736 1204; x_wconf 76' lang='grc' dir='ltr'><strong>τὰ</strong></span> <span class='ocrx_word' id='word_1_169' title='bbox 2791 1149 2921 1226; x_wconf 84' lang='grc' dir='ltr'>πρὸς</span> <span class='ocrx_word' id='word_1_170' title='bbox 2983 1148 3073 1215; x_wconf 76' lang='grc' dir='ltr'><strong>τὴν</strong></span> <span class='ocrx_word' id='word_1_171' title='bbox 3139 1148 3239 1214; x_wconf 77' lang='grc' dir='ltr'><strong>σὴν</strong></span> <span class='ocrx_word' id='word_1_172' title='bbox 3307 1148 3617 1225; x_wconf 84' lang='grc' dir='ltr'>θεραπείαν,</span> <span class='ocrx_word' id='word_1_173' title='bbox 3679 1151 3763 1206; x_wconf 80' lang='grc' dir='ltr'><strong>καὶ</strong></span> 
     </span>
    </p>
   </div>
   <div class='ocr_carea' id='block_1_28' title="bbox 2113 1235 3763 1316">
    <p class='ocr_par' dir='ltr' id='par_1_28' title="bbox 2113 1235 3763 1316">
     <span class='ocr_line' id='line_1_28' title="bbox 2113 1235 3763 1316; baseline 0.001 -26"><span class='ocrx_word' id='word_1_174' title='bbox 2113 1235 2248 1314; x_wconf 78' lang='grc' dir='ltr'>ἅπερ</span> <span class='ocrx_word' id='word_1_175' title='bbox 2317 1238 2675 1316; x_wconf 76' lang='grc' dir='ltr'>ὑπεσχόκην’,</span> <span class='ocrx_word' id='word_1_176' title='bbox 2737 1237 3034 1314; x_wconf 78' lang='grc' dir='ltr'><strong>δραμοῦμαι</strong></span> <span class='ocrx_word' id='word_1_177' title='bbox 3109 1237 3337 1309; x_wconf 75' lang='grc' dir='ltr'>πράξων·</span> <span class='ocrx_word' id='word_1_178' title='bbox 3413 1240 3504 1293; x_wconf 82' lang='grc' dir='ltr'><strong>καὶ</strong></span> <span class='ocrx_word' id='word_1_179' title='bbox 3580 1238 3763 1299; x_wconf 68' lang='grc' dir='ltr'>εὐθέως</span> 
     </span>
    </p>
   </div>
   <div class='ocr_carea' id='block_1_29' title="bbox 2113 1324 3761 1406">
    <p class='ocr_par' dir='ltr' id='par_1_29' title="bbox 2113 1324 3761 1406">
     <span class='ocr_line' id='line_1_29' title="bbox 2113 1324 3761 1406; baseline 0.001 -26"><span class='ocrx_word' id='word_1_180' title='bbox 2113 1324 2332 1390; x_wconf 79' lang='grc' dir='ltr'>ἐξελθὼν</span> <span class='ocrx_word' id='word_1_181' title='bbox 2377 1335 2467 1383; x_wconf 78' lang='grc' dir='ltr'>τοῦ</span> <span class='ocrx_word' id='word_1_182' title='bbox 2512 1328 2762 1406; x_wconf 69' lang='grc' dir='ltr'>θεοφόρου</span> <span class='ocrx_word' id='word_1_183' title='bbox 2814 1326 3012 1384; x_wconf 83' lang='grc' dir='ltr'>ἐκείνου</span> <span class='ocrx_word' id='word_1_184' title='bbox 3074 1334 3224 1400; x_wconf 79' lang='grc' dir='ltr'>ναοῦ,</span> <span class='ocrx_word' id='word_1_185' title='bbox 3259 1328 3340 1382; x_wconf 73' lang='grc' dir='ltr'><strong>καὶ</strong></span> <span class='ocrx_word' id='word_1_186' title='bbox 3403 1325 3545 1401; x_wconf 78' lang='grc' dir='ltr'>μηδὲ</span> <span class='ocrx_word' id='word_1_187' title='bbox 3595 1328 3761 1382; x_wconf 62' lang='grc' dir='ltr'>ἵππου</span> 
     </span>
    </p>
   </div>
   <div class='ocr_carea' id='block_1_30' title="bbox 2110 1416 3758 1496">
    <p class='ocr_par' dir='ltr' id='par_1_30' title="bbox 2110 1416 3758 1496">
     <span class='ocr_line' id='line_1_30' title="bbox 2110 1416 3758 1496; baseline 0.001 -26"><span class='ocrx_word' id='word_1_188' title='bbox 2110 1416 2243 1471; x_wconf 81' lang='grc' dir='ltr'>κατὰ</span> <span class='ocrx_word' id='word_1_189' title='bbox 2299 1418 2360 1472; x_wconf 85' lang='grc' dir='ltr'>τὸ</span> <span class='ocrx_word' id='word_1_190' title='bbox 2412 1429 2528 1482; x_wconf 70' lang='grc' dir='ltr'>τοῖς</span> <span class='ocrx_word' id='word_1_191' title='bbox 2584 1417 2840 1496; x_wconf 71' lang='grc' dir='ltr'>ἄρχουσιν</span> <span class='ocrx_word' id='word_1_192' title='bbox 2901 1422 3121 1484; x_wconf 78' lang='grc' dir='ltr'>σύνηθες</span> <span class='ocrx_word' id='word_1_193' title='bbox 3178 1417 3476 1472; x_wconf 74' lang='grc' dir='ltr'><strong>ἐπικαθίσαι</strong></span> <span class='ocrx_word' id='word_1_194' title='bbox 3507 1416 3758 1486; x_wconf 73' lang='grc' dir='ltr'>θελήσας,</span> 
     </span>
    </p>
   </div>
   <div class='ocr_carea' id='block_1_31' title="bbox 2109 1503 3762 1584">
    <p class='ocr_par' dir='ltr' id='par_1_31' title="bbox 2109 1503 3762 1584">
     <span class='ocr_line' id='line_1_31' title="bbox 2109 1503 3762 1584; baseline 0.001 -25"><span class='ocrx_word' id='word_1_195' title='bbox 2109 1503 2413 1568; x_wconf 74' lang='grc' dir='ltr'>αύτοπόδως</span> <span class='ocrx_word' id='word_1_196' title='bbox 2472 1507 2707 1562; x_wconf 81' lang='grc' dir='ltr'><strong>κάτεισιν</strong></span> <span class='ocrx_word' id='word_1_197' title='bbox 2767 1509 2837 1571; x_wconf 81' lang='grc' dir='ltr'>εἰς</span> <span class='ocrx_word' id='word_1_198' title='bbox 2910 1508 2972 1562; x_wconf 81' lang='grc' dir='ltr'>τὸ</span> <span class='ocrx_word' id='word_1_199' title='bbox 3057 1507 3360 1584; x_wconf 80' lang='grc' dir='ltr'>πραιτόριον</span> <span class='ocrx_word' id='word_1_200' title='bbox 3418 1508 3607 1579; x_wconf 73' lang='grc' dir='ltr'>αὐτοῦ,</span> <span class='ocrx_word' id='word_1_201' title='bbox 3680 1505 3762 1562; x_wconf 86' lang='grc' dir='ltr'><strong>καὶ</strong></span> 
     </span>
    </p>
   </div>
   <div class='ocr_carea' id='block_1_32' title="bbox 2110 1591 3760 1673">
    <p class='ocr_par' dir='ltr' id='par_1_32' title="bbox 2110 1591 3760 1673">
     <span class='ocr_line' id='line_1_32' title="bbox 2117 1591 3726 1618; baseline 0.003 -7"><span class='ocrx_word' id='word_1_202' title='bbox 2117 1591 2141 1609; x_wconf 70' lang='grc' dir='ltr'><strong><em>Ἰ</em></strong></span> <span class='ocrx_word' id='word_1_203' title='bbox 2305 1596 2324 1612; x_wconf 62' lang='grc' dir='ltr'><strong>γ</strong></span> <span class='ocrx_word' id='word_1_204' title='bbox 2426 1593 2449 1611; x_wconf 74' lang='lat' dir='ltr'><strong>I&#39;</strong></span> <span class='ocrx_word' id='word_1_205' title='bbox 2737 1595 2746 1613; x_wconf 85' lang='lat' dir='ltr'><strong><em>I</em></strong></span> <span class='ocrx_word' id='word_1_206' title='bbox 2988 1596 2998 1616; x_wconf 81' lang='grc' dir='ltr'><strong><em>Ι</em></strong></span> <span class='ocrx_word' id='word_1_207' title='bbox 3168 1597 3182 1616; x_wconf 67' lang='grc' dir='ltr'><em>ἳ</em></span> <span class='ocrx_word' id='word_1_208' title='bbox 3228 1597 3236 1608; x_wconf 76' lang='lat'><strong>‘</strong></span> <span class='ocrx_word' id='word_1_209' title='bbox 3412 1594 3427 1614; x_wconf 84' lang='lat'><em>\</em></span> <span class='ocrx_word' id='word_1_210' title='bbox 3494 1597 3508 1613; x_wconf 82' lang='lat'><em>\</em></span> <span class='ocrx_word' id='word_1_211' title='bbox 3670 1595 3726 1618; x_wconf 67' lang='grc' dir='ltr'><strong>μ’</strong></span> 
     </span>
     <span class='ocr_line' id='line_1_33' title="bbox 2110 1594 3760 1673; baseline 0.003 -26"><span class='ocrx_word' id='word_1_212' title='bbox 2110 1615 2236 1669; x_wconf 89' lang='grc' dir='ltr'>αρας</span> <span class='ocrx_word' id='word_1_213' title='bbox 2293 1617 2366 1649; x_wconf 88' lang='grc' dir='ltr'>ων</span> <span class='ocrx_word' id='word_1_214' title='bbox 2427 1602 2678 1673; x_wconf 77' lang='grc' dir='ltr'>εχρηζεν,</span> <span class='ocrx_word' id='word_1_215' title='bbox 2717 1595 2884 1651; x_wconf 68' lang='grc' dir='ltr'>ἄνεισι</span> <span class='ocrx_word' id='word_1_216' title='bbox 2931 1594 3089 1652; x_wconf 87' lang='grc' dir='ltr'>παλιν</span> <span class='ocrx_word' id='word_1_217' title='bbox 3136 1599 3279 1656; x_wconf 71' lang='lat' dir='ltr'><strong>suile:</strong></span> <span class='ocrx_word' id='word_1_218' title='bbox 3332 1595 3422 1650; x_wconf 83' lang='grc' dir='ltr'>ἐπι</span> <span class='ocrx_word' id='word_1_219' title='bbox 3458 1618 3554 1650; x_wconf 90' lang='grc' dir='ltr'><strong>τον</strong></span> <span class='ocrx_word' id='word_1_220' title='bbox 3607 1618 3760 1652; x_wconf 82' lang='grc' dir='ltr'>σεοα-</span> 
     </span>
    </p>
   </div>
   <div class='ocr_carea' id='block_1_33' title="bbox 2110 1683 3760 1762">
    <p class='ocr_par' dir='ltr' id='par_1_33' title="bbox 2110 1683 3760 1762">
     <span class='ocr_line' id='line_1_34' title="bbox 2110 1683 3760 1762; baseline 0.002 -26"><span class='ocrx_word' id='word_1_221' title='bbox 2110 1704 2267 1756; x_wconf 87' lang='grc' dir='ltr'>σμιον</span> <span class='ocrx_word' id='word_1_222' title='bbox 2324 1683 2478 1740; x_wconf 77' lang='grc' dir='ltr'>οἶκον</span> <span class='ocrx_word' id='word_1_223' title='bbox 2536 1694 2626 1742; x_wconf 80' lang='grc' dir='ltr'><strong>τοῦ</strong></span> <span class='ocrx_word' id='word_1_224' title='bbox 2685 1685 2965 1762; x_wconf 75' lang='grc' dir='ltr'>μάρτυρος,</span> <span class='ocrx_word' id='word_1_225' title='bbox 3015 1688 3106 1741; x_wconf 84' lang='grc' dir='ltr'><strong>καί</strong></span> <span class='ocrx_word' id='word_1_226' title='bbox 3163 1686 3533 1762; x_wconf 75' lang='grc' dir='ltr'>προσκομίσας</span> <span class='ocrx_word' id='word_1_227' title='bbox 3593 1684 3760 1740; x_wconf 71' lang='grc' dir='ltr'>αὗτόθι</span> 
     </span>
    </p>
   </div>
   <div class='ocr_carea' id='block_1_34' title="bbox 382 1769 2009 1861">
    <p class='ocr_par' dir='ltr' id='par_1_34' title="bbox 382 1769 2009 1861">
     <span class='ocr_line' id='line_1_35' title="bbox 382 1769 2009 1861; baseline -0.002 -26"><span class='ocrx_word' id='word_1_228' title='bbox 382 1792 679 1855; x_wconf 86' lang='lat' dir='ltr'><strong>aureaque</strong></span> <span class='ocrx_word' id='word_1_229' title='bbox 711 1781 768 1834; x_wconf 89' lang='lat' dir='ltr'><strong>et</strong></span> <span class='ocrx_word' id='word_1_230' title='bbox 795 1779 1076 1861; x_wconf 86' lang='lat' dir='ltr'><strong>argentea</strong></span> <span class='ocrx_word' id='word_1_231' title='bbox 1107 1772 1263 1831; x_wconf 89' lang='lat' dir='ltr'><strong>dona</strong></span> <span class='ocrx_word' id='word_1_232' title='bbox 1297 1769 1552 1861; x_wconf 82' lang='lat' dir='ltr'><strong>pretiosa</strong></span> <span class='ocrx_word' id='word_1_233' title='bbox 1591 1779 1649 1830; x_wconf 92' lang='lat' dir='ltr'><strong>et</strong></span> <span class='ocrx_word' id='word_1_234' title='bbox 1674 1769 1885 1861; x_wconf 82' lang='lat' dir='ltr'><strong>multa,</strong></span> <span class='ocrx_word' id='word_1_235' title='bbox 1912 1791 2009 1832; x_wconf 91' lang='lat' dir='ltr'><strong>au-</strong></span> 
     </span>
    </p>
   </div>
   <div class='ocr_carea' id='block_1_35' title="bbox 2098 1769 3754 1861">
    <p class='ocr_par' dir='ltr' id='par_1_35' title="bbox 2111 1773 3754 1852">
     <span class='ocr_line' id='line_1_36' title="bbox 2111 1773 3754 1852; baseline 0.002 -25"><span class='ocrx_word' id='word_1_236' title='bbox 2111 1773 2314 1850; x_wconf 78' lang='grc' dir='ltr'>χρύσεά</span> <span class='ocrx_word' id='word_1_237' title='bbox 2366 1793 2422 1829; x_wconf 84' lang='grc' dir='ltr'><strong>τε</strong></span> <span class='ocrx_word' id='word_1_238' title='bbox 2478 1776 2566 1829; x_wconf 86' lang='grc' dir='ltr'><strong>καὶ</strong></span> <span class='ocrx_word' id='word_1_239' title='bbox 2624 1775 2846 1852; x_wconf 78' lang='grc' dir='ltr'>ἀργύρεα</span> <span class='ocrx_word' id='word_1_240' title='bbox 2906 1773 3025 1840; x_wconf 77' lang='grc' dir='ltr'>εἴδη</span> <span class='ocrx_word' id='word_1_241' title='bbox 3087 1773 3352 1848; x_wconf 76' lang='grc' dir='ltr'>πολύτιμα</span> <span class='ocrx_word' id='word_1_242' title='bbox 3407 1777 3499 1831; x_wconf 78' lang='grc' dir='ltr'><strong>καὶ</strong></span> <span class='ocrx_word' id='word_1_243' title='bbox 3560 1773 3754 1851; x_wconf 74' lang='grc' dir='ltr'>πολλὰ,</span> 
     </span>
    </p>
   </div>
   <div class='ocr_carea' id='block_1_36' title="bbox 382 1857 2021 1942">
    <p class='ocr_par' dir='ltr' id='par_1_36' title="bbox 382 1857 2021 1942">
     <span class='ocr_line' id='line_1_37' title="bbox 382 1857 2021 1942; baseline 0 -20"><span class='ocrx_word' id='word_1_244' title='bbox 382 1864 623 1942; x_wconf 91' lang='lat' dir='ltr'><strong>reisque</strong></span> <span class='ocrx_word' id='word_1_245' title='bbox 653 1862 712 1922; x_wconf 91' lang='lat' dir='ltr'><strong>in</strong></span> <span class='ocrx_word' id='word_1_246' title='bbox 743 1858 1064 1921; x_wconf 88' lang='lat' dir='ltr'><strong>stateribus</strong></span> <span class='ocrx_word' id='word_1_247' title='bbox 1114 1857 1502 1934; x_wconf 87' lang='lat' dir='ltr'><strong>quantitatem</strong></span> <span class='ocrx_word' id='word_1_248' title='bbox 1537 1859 1690 1919; x_wconf 88' lang='lat' dir='ltr'><strong>haud</strong></span> <span class='ocrx_word' id='word_1_249' title='bbox 1725 1860 2021 1922; x_wconf 89' lang='lat' dir='ltr'><strong>modicam</strong></span> 
     </span>
    </p>
   </div>
   <div class='ocr_carea' id='block_1_37' title="bbox 381 1946 2021 2031">
    <p class='ocr_par' dir='ltr' id='par_1_37' title="bbox 381 1946 2021 2031">
     <span class='ocr_line' id='line_1_38' title="bbox 381 1946 2021 2031; baseline -0.002 -18"><span class='ocrx_word' id='word_1_250' title='bbox 381 1950 776 2031; x_wconf 90' lang='lat' dir='ltr'><strong>deposuisset,</strong></span> <span class='ocrx_word' id='word_1_251' title='bbox 809 1949 936 2009; x_wconf 77' lang='lat' dir='ltr'><strong>aede</strong></span> <span class='ocrx_word' id='word_1_252' title='bbox 981 1947 1285 2026; x_wconf 89' lang='lat' dir='ltr'><strong>paulisper</strong></span> <span class='ocrx_word' id='word_1_253' title='bbox 1339 1946 1539 2020; x_wconf 85' lang='lat' dir='ltr'><strong>exivit,</strong></span> <span class='ocrx_word' id='word_1_254' title='bbox 1571 1948 1908 2028; x_wconf 87' lang='lat' dir='ltr'><strong>sedensque</strong></span> <span class='ocrx_word' id='word_1_255' title='bbox 1961 1950 2021 2010; x_wconf 93' lang='lat' dir='ltr'><strong>in</strong></span> 
     </span>
    </p>
   </div>
   <div class='ocr_carea' id='block_1_38' title="bbox 379 2035 2022 2121">
    <p class='ocr_par' dir='ltr' id='par_1_38' title="bbox 379 2035 2022 2121">
     <span class='ocr_line' id='line_1_39' title="bbox 379 2035 2022 2121; baseline -0.001 -20"><span class='ocrx_word' id='word_1_256' title='bbox 379 2040 595 2101; x_wconf 89' lang='lat' dir='ltr'><strong>throno</strong></span> <span class='ocrx_word' id='word_1_257' title='bbox 629 2057 738 2121; x_wconf 91' lang='lat' dir='ltr'><strong>per</strong></span> <span class='ocrx_word' id='word_1_258' title='bbox 787 2038 1082 2100; x_wconf 86' lang='lat' dir='ltr'><strong>civitatem</strong></span> <span class='ocrx_word' id='word_1_259' title='bbox 1119 2035 1458 2098; x_wconf 87' lang='lat' dir='ltr'><strong>denuntiari</strong></span> <span class='ocrx_word' id='word_1_260' title='bbox 1483 2036 1685 2114; x_wconf 84' lang='lat' dir='ltr'><strong>jussit,</strong></span> <span class='ocrx_word' id='word_1_261' title='bbox 1719 2045 1783 2098; x_wconf 90' lang='lat' dir='ltr'><strong>ut</strong></span> <span class='ocrx_word' id='word_1_262' title='bbox 1814 2058 2022 2100; x_wconf 86' lang='lat' dir='ltr'><strong>omnes</strong></span> 
     </span>
    </p>
   </div>
   <div class='ocr_carea' id='block_1_39' title="bbox 375 2130 2022 2206">
    <p class='ocr_par' dir='ltr' id='par_1_39' title="bbox 375 2130 2022 2206">
     <span class='ocr_line' id='line_1_40' title="bbox 375 2130 2022 2206; baseline -0.001 -15"><span class='ocrx_word' id='word_1_263' title='bbox 375 2135 704 2206; x_wconf 76' lang='lat' dir='ltr'><strong>indigentes</strong></span> <span class='ocrx_word' id='word_1_264' title='bbox 735 2141 791 2189; x_wconf 89' lang='lat' dir='ltr'><strong>et</strong></span> <span class='ocrx_word' id='word_1_265' title='bbox 833 2130 1276 2202; x_wconf 88' lang='lat' dir='ltr'><strong>quibuscunque</strong></span> <span class='ocrx_word' id='word_1_266' title='bbox 1305 2131 1692 2187; x_wconf 82' lang='lat' dir='ltr'><strong>necessatibus</strong></span> <span class='ocrx_word' id='word_1_267' title='bbox 1743 2134 1922 2202; x_wconf 89' lang='lat' dir='ltr'><strong>pressi</strong></span> <span class='ocrx_word' id='word_1_268' title='bbox 1953 2134 2022 2191; x_wconf 91' lang='lat' dir='ltr'><strong>ad</strong></span> 
     </span>
    </p>
   </div>
   <div class='ocr_carea' id='block_1_40' title="bbox 377 2215 2019 2295">
    <p class='ocr_par' dir='ltr' id='par_1_40' title="bbox 377 2215 2019 2295">
     <span class='ocr_line' id='line_1_41' title="bbox 377 2215 2019 2295; baseline -0.001 -13"><span class='ocrx_word' id='word_1_269' title='bbox 377 2239 514 2282; x_wconf 92' lang='lat' dir='ltr'><strong>eum</strong></span> <span class='ocrx_word' id='word_1_270' title='bbox 546 2218 922 2291; x_wconf 88' lang='lat' dir='ltr'><strong>accederent,</strong></span> <span class='ocrx_word' id='word_1_271' title='bbox 940 2233 1199 2295; x_wconf 86' lang='lat' dir='ltr'><strong>cumque</strong></span> <span class='ocrx_word' id='word_1_272' title='bbox 1221 2215 1486 2295; x_wconf 86' lang='lat' dir='ltr'><strong>plurimi,</strong></span> <span class='ocrx_word' id='word_1_273' title='bbox 1511 2215 1591 2276; x_wconf 90' lang='lat' dir='ltr'><strong>ita</strong></span> <span class='ocrx_word' id='word_1_274' title='bbox 1618 2224 1680 2276; x_wconf 90' lang='lat' dir='ltr'><strong>ut</strong></span> <span class='ocrx_word' id='word_1_275' title='bbox 1703 2235 2019 2280; x_wconf 89' lang='lat' dir='ltr'><strong>numerum</strong></span> 
     </span>
    </p>
   </div>
   <div class='ocr_carea' id='block_1_41' title="bbox 375 2304 2020 2385">
    <p class='ocr_par' dir='ltr' id='par_1_41' title="bbox 375 2304 2020 2385">
     <span class='ocr_line' id='line_1_42' title="bbox 375 2304 2020 2385; baseline -0.002 -14"><span class='ocrx_word' id='word_1_276' title='bbox 375 2308 755 2382; x_wconf 80' lang='lat' dir='ltr'><strong>excederent,</strong></span> <span class='ocrx_word' id='word_1_277' title='bbox 788 2314 988 2368; x_wconf 89' lang='lat' dir='ltr'><strong>essent</strong></span> <span class='ocrx_word' id='word_1_278' title='bbox 1019 2304 1375 2383; x_wconf 78' lang='lat' dir='ltr'><strong>congregati,</strong></span> <span class='ocrx_word' id='word_1_279' title='bbox 1410 2323 1618 2365; x_wconf 88' lang='lat' dir='ltr'><strong>omnes</strong></span> <span class='ocrx_word' id='word_1_280' title='bbox 1666 2306 1772 2368; x_wconf 90' lang='lat' dir='ltr'><strong>Dei</strong></span> <span class='ocrx_word' id='word_1_281' title='bbox 1805 2316 1864 2367; x_wconf 92' lang='lat' dir='ltr'><strong>et</strong></span> <span class='ocrx_word' id='word_1_282' title='bbox 1892 2308 2020 2385; x_wconf 84' lang='lat' dir='ltr'><strong>glo-</strong></span> 
     </span>
    </p>
   </div>
   <div class='ocr_carea' id='block_1_42' title="bbox 373 2395 2018 2476">
    <p class='ocr_par' dir='ltr' id='par_1_42' title="bbox 373 2395 2018 2476">
     <span class='ocr_line' id='line_1_43' title="bbox 373 2395 2018 2476; baseline -0.001 -16"><span class='ocrx_word' id='word_1_283' title='bbox 373 2399 684 2460; x_wconf 89' lang='lat' dir='ltr'><strong>riosissimi</strong></span> <span class='ocrx_word' id='word_1_284' title='bbox 741 2396 1012 2476; x_wconf 79' lang='lat' dir='ltr'><strong>martyris</strong></span> <span class='ocrx_word' id='word_1_285' title='bbox 1043 2395 1326 2456; x_wconf 82' lang='lat' dir='ltr'><strong>Demetrii</strong></span> <span class='ocrx_word' id='word_1_286' title='bbox 1382 2395 1672 2455; x_wconf 90' lang='lat' dir='ltr'><strong>donorum</strong></span> <span class='ocrx_word' id='word_1_287' title='bbox 1709 2415 1815 2474; x_wconf 88' lang='lat' dir='ltr'><strong>per</strong></span> <span class='ocrx_word' id='word_1_288' title='bbox 1844 2398 2018 2476; x_wconf 90' lang='lat' dir='ltr'><strong>hujus</strong></span> 
     </span>
    </p>
   </div>
   <div class='ocr_carea' id='block_1_43' title="bbox 374 2483 2015 2566">
    <p class='ocr_par' dir='ltr' id='par_1_43' title="bbox 374 2483 2015 2566">
     <span class='ocr_line' id='line_1_44' title="bbox 374 2483 2015 2566; baseline -0.001 -15"><span class='ocrx_word' id='word_1_289' title='bbox 374 2505 610 2551; x_wconf 87' lang='lat' dir='ltr'><strong>servum</strong></span> <span class='ocrx_word' id='word_1_290' title='bbox 636 2486 961 2548; x_wconf 85' lang='lat' dir='ltr'><strong>Marianum</strong></span> <span class='ocrx_word' id='word_1_291' title='bbox 990 2484 1325 2566; x_wconf 75' lang='lat' dir='ltr'><strong>praefectum</strong></span> <span class='ocrx_word' id='word_1_292' title='bbox 1353 2483 1491 2545; x_wconf 84' lang='lat' dir='ltr'><strong>facti</strong></span> <span class='ocrx_word' id='word_1_293' title='bbox 1513 2497 1653 2545; x_wconf 87' lang='lat' dir='ltr'><strong>sunt</strong></span> <span class='ocrx_word' id='word_1_294' title='bbox 1672 2485 2015 2565; x_wconf 81' lang='lat' dir='ltr'><strong>participes.</strong></span> 
     </span>
    </p>
   </div>
   <div class='ocr_carea' id='block_1_44' title="bbox 373 2575 2016 2660">
    <p class='ocr_par' dir='ltr' id='par_1_44' title="bbox 373 2575 2016 2660">
     <span class='ocr_line' id='line_1_45' title="bbox 373 2575 2016 2660; baseline -0.002 -19"><span class='ocrx_word' id='word_1_295' title='bbox 373 2577 433 2642; x_wconf 90' lang='lat' dir='ltr'><strong>Si</strong></span> <span class='ocrx_word' id='word_1_296' title='bbox 465 2579 598 2660; x_wconf 91' lang='lat' dir='ltr'><strong>quis</strong></span> <span class='ocrx_word' id='word_1_297' title='bbox 628 2587 824 2640; x_wconf 87' lang='lat' dir='ltr'><strong>autem</strong></span> <span class='ocrx_word' id='word_1_298' title='bbox 857 2577 1066 2637; x_wconf 78' lang='lat' dir='ltr'><strong>falsum</strong></span> <span class='ocrx_word' id='word_1_299' title='bbox 1108 2594 1200 2636; x_wconf 93' lang='lat' dir='ltr'><strong>me</strong></span> <span class='ocrx_word' id='word_1_300' title='bbox 1229 2575 1433 2636; x_wconf 88' lang='lat' dir='ltr'><strong>dicere</strong></span> <span class='ocrx_word' id='word_1_301' title='bbox 1466 2577 1824 2656; x_wconf 89' lang='lat' dir='ltr'><strong>suspicetur,</strong></span> <span class='ocrx_word' id='word_1_302' title='bbox 1861 2578 2016 2638; x_wconf 87' lang='lat' dir='ltr'><strong>scri-</strong></span> 
     </span>
    </p>
   </div>
   <div class='ocr_carea' id='block_1_45' title="bbox 370 2665 2013 2748">
    <p class='ocr_par' dir='ltr' id='par_1_45' title="bbox 370 2665 2013 2748">
     <span class='ocr_line' id='line_1_46' title="bbox 370 2665 2013 2748; baseline 0 -20"><span class='ocrx_word' id='word_1_303' title='bbox 370 2677 601 2748; x_wconf 90' lang='lat' dir='ltr'><strong>pturam</strong></span> <span class='ocrx_word' id='word_1_304' title='bbox 654 2667 716 2727; x_wconf 91' lang='lat' dir='ltr'><strong>in</strong></span> <span class='ocrx_word' id='word_1_305' title='bbox 749 2684 931 2746; x_wconf 91' lang='lat' dir='ltr'><strong>opere</strong></span> <span class='ocrx_word' id='word_1_306' title='bbox 983 2666 1213 2725; x_wconf 89' lang='lat' dir='ltr'><strong>musivo</strong></span> <span class='ocrx_word' id='word_1_307' title='bbox 1259 2665 1354 2725; x_wconf 91' lang='lat' dir='ltr'><strong>hic</strong></span> <span class='ocrx_word' id='word_1_308' title='bbox 1410 2674 1572 2726; x_wconf 89' lang='lat' dir='ltr'><strong>extra</strong></span> <span class='ocrx_word' id='word_1_309' title='bbox 1607 2665 1890 2744; x_wconf 88' lang='lat' dir='ltr'><strong>templum</strong></span> <span class='ocrx_word' id='word_1_310' title='bbox 1941 2669 2013 2728; x_wconf 89' lang='lat' dir='ltr'><strong>ad</strong></span> 
     </span>
    </p>
   </div>
   <div class='ocr_carea' id='block_1_46' title="bbox 368 2753 2014 2837">
    <p class='ocr_par' dir='ltr' id='par_1_46' title="bbox 368 2753 2014 2837">
     <span class='ocr_line' id='line_1_47' title="bbox 368 2753 2014 2837; baseline -0.001 -18"><span class='ocrx_word' id='word_1_311' title='bbox 368 2776 602 2819; x_wconf 87' lang='lat' dir='ltr'><strong>murum</strong></span> <span class='ocrx_word' id='word_1_312' title='bbox 629 2757 981 2818; x_wconf 81' lang='lat' dir='ltr'><strong>exteriorem</strong></span> <span class='ocrx_word' id='word_1_313' title='bbox 1019 2772 1200 2834; x_wconf 91' lang='lat' dir='ltr'><strong>prope</strong></span> <span class='ocrx_word' id='word_1_314' title='bbox 1222 2753 1478 2816; x_wconf 88' lang='lat' dir='ltr'><strong>civitatis</strong></span> <span class='ocrx_word' id='word_1_315' title='bbox 1501 2755 1754 2815; x_wconf 89' lang='lat' dir='ltr'><strong>stadium</strong></span> <span class='ocrx_word' id='word_1_316' title='bbox 1794 2775 2014 2837; x_wconf 91' lang='lat' dir='ltr'><strong>propo-</strong></span> 
     </span>
    </p>
   </div>
   <div class='ocr_carea' id='block_1_47' title="bbox 369 2844 2012 2924">
    <p class='ocr_par' dir='ltr' id='par_1_47' title="bbox 369 2844 2012 2924">
     <span class='ocr_line' id='line_1_48' title="bbox 369 2844 2012 2924; baseline 0.001 -17"><span class='ocrx_word' id='word_1_317' title='bbox 369 2848 537 2908; x_wconf 87' lang='lat' dir='ltr'><strong>sitam</strong></span> <span class='ocrx_word' id='word_1_318' title='bbox 600 2845 866 2919; x_wconf 84' lang='lat' dir='ltr'><strong>evolvat,</strong></span> <span class='ocrx_word' id='word_1_319' title='bbox 933 2844 1394 2924; x_wconf 89' lang='lat' dir='ltr'><strong>testimonioque</strong></span> <span class='ocrx_word' id='word_1_320' title='bbox 1452 2845 1753 2906; x_wconf 89' lang='lat' dir='ltr'><strong>convictus</strong></span> <span class='ocrx_word' id='word_1_321' title='bbox 1822 2847 2012 2908; x_wconf 91' lang='lat' dir='ltr'><strong>dictus</strong></span> 
     </span>
    </p>
   </div>
   <div class='ocr_carea' id='block_1_48' title="bbox 369 2933 2014 3012">
    <p class='ocr_par' dir='ltr' id='par_1_48' title="bbox 369 2933 2014 3012">
     <span class='ocr_line' id='line_1_49' title="bbox 369 2933 2014 3012; baseline 0.001 -15"><span class='ocrx_word' id='word_1_322' title='bbox 369 2937 547 2998; x_wconf 78' lang='lat' dir='ltr'><strong>[idem</strong></span> <span class='ocrx_word' id='word_1_323' title='bbox 582 2934 912 2997; x_wconf 86' lang='lat' dir='ltr'><strong>adhibebit.</strong></span> <span class='ocrx_word' id='word_1_324' title='bbox 946 2933 1067 2996; x_wconf 89' lang='lat' dir='ltr'><strong>Deo</strong></span> <span class='ocrx_word' id='word_1_325' title='bbox 1101 2941 1302 2995; x_wconf 90' lang='lat' dir='ltr'><strong>nostro</strong></span> <span class='ocrx_word' id='word_1_326' title='bbox 1324 2935 1401 2993; x_wconf 89' lang='lat' dir='ltr'><strong>sit</strong></span> <span class='ocrx_word' id='word_1_327' title='bbox 1429 2933 1616 3012; x_wconf 79' lang='lat' dir='ltr'><strong>gloria</strong></span> <span class='ocrx_word' id='word_1_328' title='bbox 1645 2943 1702 2996; x_wconf 92' lang='lat' dir='ltr'><strong>et</strong></span> <span class='ocrx_word' id='word_1_329' title='bbox 1732 2935 1923 2997; x_wconf 90' lang='lat' dir='ltr'><strong>honor</strong></span> <span class='ocrx_word' id='word_1_330' title='bbox 1955 2946 2014 2998; x_wconf 89' lang='lat' dir='ltr'><strong>et</strong></span> 
     </span>
    </p>
   </div>
   <div class='ocr_carea' id='block_1_49' title="bbox 372 3023 1670 3104">
    <p class='ocr_par' dir='ltr' id='par_1_49' title="bbox 372 3023 1670 3104">
     <span class='ocr_line' id='line_1_50' title="bbox 372 3023 1670 3104; baseline 0.001 -18"><span class='ocrx_word' id='word_1_331' title='bbox 372 3029 558 3088; x_wconf 90' lang='lat' dir='ltr'><strong>virtus</strong></span> <span class='ocrx_word' id='word_1_332' title='bbox 587 3029 646 3086; x_wconf 91' lang='lat' dir='ltr'><strong>in</strong></span> <span class='ocrx_word' id='word_1_333' title='bbox 679 3024 896 3086; x_wconf 81' lang='lat' dir='ltr'><strong>saecula</strong></span> <span class='ocrx_word' id='word_1_334' title='bbox 928 3023 1309 3087; x_wconf 73' lang='lat' dir='ltr'><strong>szeculorum.</strong></span> <span class='ocrx_word' id='word_1_335' title='bbox 1345 3025 1540 3085; x_wconf 88' lang='lat' dir='ltr'><strong>Amen</strong></span> <span class='ocrx_word' id='word_1_336' title='bbox 1563 3024 1670 3104; x_wconf 86' lang='grc'><strong>(5).</strong></span> 
     </span>
    </p>
   </div>
   <div class='ocr_carea' id='block_1_50' title="bbox 2106 1861 3754 1941">
    <p class='ocr_par' dir='ltr' id='par_1_50' title="bbox 2106 1861 3754 1941">
     <span class='ocr_line' id='line_1_51' title="bbox 2106 1861 3754 1941; baseline 0.001 -25"><span class='ocrx_word' id='word_1_337' title='bbox 2106 1863 2200 1917; x_wconf 84' lang='grc' dir='ltr'><strong>καί</strong></span> <span class='ocrx_word' id='word_1_338' title='bbox 2259 1861 2312 1917; x_wconf 83' lang='grc' dir='ltr'><strong>ἐν</strong></span> <span class='ocrx_word' id='word_1_339' title='bbox 2388 1862 2641 1941; x_wconf 72' lang='grc' dir='ltr'>χρυσέοις</span> <span class='ocrx_word' id='word_1_340' title='bbox 2687 1869 2972 1941; x_wconf 83' lang='grc' dir='ltr'>στατῆρσιν</span> <span class='ocrx_word' id='word_1_341' title='bbox 3003 1864 3097 1920; x_wconf 73' lang='grc' dir='ltr'><strong>οὐκ</strong></span> <span class='ocrx_word' id='word_1_342' title='bbox 3148 1863 3324 1941; x_wconf 80' lang='grc' dir='ltr'>ὀλίγον</span> <span class='ocrx_word' id='word_1_343' title='bbox 3356 1866 3550 1937; x_wconf 81' lang='grc' dir='ltr'>ποσὸν,</span> <span class='ocrx_word' id='word_1_344' title='bbox 3600 1862 3754 1928; x_wconf 74' lang='grc' dir='ltr'>ἔξεισι</span> 
     </span>
    </p>
   </div>
   <div class='ocr_carea' id='block_1_51' title="bbox 2105 1949 3754 2030">
    <p class='ocr_par' dir='ltr' id='par_1_51' title="bbox 2105 1949 3754 2030">
     <span class='ocr_line' id='line_1_52' title="bbox 2105 1949 3754 2030; baseline 0.001 -26"><span class='ocrx_word' id='word_1_345' title='bbox 2105 1952 2292 2029; x_wconf 86' lang='grc' dir='ltr'>μικρὸν</span> <span class='ocrx_word' id='word_1_346' title='bbox 2351 1958 2439 2006; x_wconf 75' lang='grc' dir='ltr'><strong>νοῦ</strong></span> <span class='ocrx_word' id='word_1_347' title='bbox 2497 1949 2676 2026; x_wconf 72' lang='grc' dir='ltr'>οἴκου,</span> <span class='ocrx_word' id='word_1_348' title='bbox 2721 1956 2819 2008; x_wconf 66' lang='grc' dir='ltr'>καὶ</span> <span class='ocrx_word' id='word_1_349' title='bbox 2882 1953 3149 2016; x_wconf 80' lang='grc' dir='ltr'>καθεσθεὶς</span> <span class='ocrx_word' id='word_1_350' title='bbox 3210 1951 3294 2008; x_wconf 76' lang='grc' dir='ltr'><strong>ἐπὶ</strong></span> <span class='ocrx_word' id='word_1_351' title='bbox 3352 1955 3564 2030; x_wconf 79' lang='grc' dir='ltr'><strong>θρόνου,</strong></span> <span class='ocrx_word' id='word_1_352' title='bbox 3623 1954 3754 2008; x_wconf 81' lang='grc' dir='ltr'>πάν-</span> 
     </span>
    </p>
   </div>
   <div class='ocr_carea' id='block_1_52' title="bbox 2102 2038 3757 2115">
    <p class='ocr_par' dir='ltr' id='par_1_52' title="bbox 2102 2038 3757 2115">
     <span class='ocr_line' id='line_1_53' title="bbox 2102 2038 3757 2115; baseline 0.001 -21"><span class='ocrx_word' id='word_1_353' title='bbox 2102 2061 2197 2102; x_wconf 86' lang='grc' dir='ltr'><strong>τας</strong></span> <span class='ocrx_word' id='word_1_354' title='bbox 2247 2041 2364 2104; x_wconf 78' lang='grc' dir='ltr'>τοὺς</span> <span class='ocrx_word' id='word_1_355' title='bbox 2395 2038 2697 2114; x_wconf 74' lang='grc' dir='ltr'>δεομένους,</span> <span class='ocrx_word' id='word_1_356' title='bbox 2733 2043 2819 2097; x_wconf 77' lang='grc' dir='ltr'>ναὶ</span> <span class='ocrx_word' id='word_1_357' title='bbox 2878 2041 2930 2096; x_wconf 81' lang='grc' dir='ltr'><strong>ἐν</strong></span> <span class='ocrx_word' id='word_1_358' title='bbox 2989 2041 3129 2106; x_wconf 76' lang='grc' dir='ltr'>ὅσοις</span> <span class='ocrx_word' id='word_1_359' title='bbox 3179 2040 3589 2115; x_wconf 71' lang='grc' dir='ltr'>ἕξεταζομενους</span> <span class='ocrx_word' id='word_1_360' title='bbox 3646 2040 3757 2097; x_wconf 77' lang='grc' dir='ltr'><strong>ἐκέ-</strong></span> 
     </span>
    </p>
   </div>
   <div class='ocr_carea' id='block_1_53' title="bbox 2103 2126 3752 2211">
    <p class='ocr_par' dir='ltr' id='par_1_53' title="bbox 2103 2126 3752 2211">
     <span class='ocr_line' id='line_1_54' title="bbox 2103 2126 3752 2211; baseline 0.003 -28"><span class='ocrx_word' id='word_1_361' title='bbox 2103 2126 2256 2184; x_wconf 81' lang='grc' dir='ltr'>λευσε</span> <span class='ocrx_word' id='word_1_362' title='bbox 2313 2130 2591 2208; x_wconf 75' lang='grc' dir='ltr'>κηρύττειν</span> <span class='ocrx_word' id='word_1_363' title='bbox 2652 2129 2741 2186; x_wconf 83' lang='grc' dir='ltr'>διὰ</span> <span class='ocrx_word' id='word_1_364' title='bbox 2793 2137 2890 2195; x_wconf 75' lang='grc' dir='ltr'>τῆς</span> <span class='ocrx_word' id='word_1_365' title='bbox 2938 2132 3145 2192; x_wconf 75' lang='grc' dir='ltr'>πόλεως</span> <span class='ocrx_word' id='word_1_366' title='bbox 3191 2131 3444 2210; x_wconf 68' lang='grc' dir='ltr'>ἔρχεσθαι</span> <span class='ocrx_word' id='word_1_367' title='bbox 3495 2133 3626 2211; x_wconf 78' lang='grc' dir='ltr'>πρὸς</span> <span class='ocrx_word' id='word_1_368' title='bbox 3658 2133 3752 2188; x_wconf 73' lang='grc' dir='ltr'>αὖ·</span> 
     </span>
    </p>
   </div>
   <div class='ocr_carea' id='block_1_54' title="bbox 2101 2218 3752 2300">
    <p class='ocr_par' dir='ltr' id='par_1_54' title="bbox 2101 2218 3752 2300">
     <span class='ocr_line' id='line_1_55' title="bbox 2101 2218 3752 2300; baseline 0.003 -28"><span class='ocrx_word' id='word_1_369' title='bbox 2101 2218 2217 2273; x_wconf 84' lang='grc' dir='ltr'>τόν·</span> <span class='ocrx_word' id='word_1_370' title='bbox 2277 2220 2362 2274; x_wconf 78' lang='grc' dir='ltr'><strong>καὶ</strong></span> <span class='ocrx_word' id='word_1_371' title='bbox 2398 2220 2800 2296; x_wconf 65' lang='grc' dir='ltr'><strong>¹ἁθροισθέντων</strong></span> <span class='ocrx_word' id='word_1_372' title='bbox 2859 2219 3125 2276; x_wconf 75' lang='grc' dir='ltr'>πλείστων</span> <span class='ocrx_word' id='word_1_373' title='bbox 3185 2223 3257 2284; x_wconf 84' lang='grc' dir='ltr'>ὡς</span> <span class='ocrx_word' id='word_1_374' title='bbox 3317 2221 3545 2296; x_wconf 81' lang='grc' dir='ltr'>ἀριθμὸν</span> <span class='ocrx_word' id='word_1_375' title='bbox 3595 2223 3752 2300; x_wconf 70' lang='grc' dir='ltr'>ὅπερ·</span> 
     </span>
    </p>
   </div>
   <div class='ocr_carea' id='block_1_55' title="bbox 2101 2304 3748 2388">
    <p class='ocr_par' dir='ltr' id='par_1_55' title="bbox 2101 2304 3748 2388">
     <span class='ocr_line' id='line_1_56' title="bbox 2101 2304 3748 2388; baseline 0.001 -25"><span class='ocrx_word' id='word_1_376' title='bbox 2101 2304 2314 2388; x_wconf 80' lang='grc' dir='ltr'>ϐοίνειν,</span> <span class='ocrx_word' id='word_1_377' title='bbox 2389 2308 2656 2365; x_wconf 79' lang='grc' dir='ltr'>ἀπέλαϐον</span> <span class='ocrx_word' id='word_1_378' title='bbox 2727 2311 2920 2372; x_wconf 83' lang='grc' dir='ltr'>πάντες</span> <span class='ocrx_word' id='word_1_379' title='bbox 2992 2316 3098 2365; x_wconf 80' lang='grc' dir='ltr'>τῶν</span> <span class='ocrx_word' id='word_1_380' title='bbox 3168 2316 3261 2366; x_wconf 80' lang='grc' dir='ltr'><strong>τοῦ</strong></span> <span class='ocrx_word' id='word_1_381' title='bbox 3319 2317 3454 2366; x_wconf 80' lang='grc' dir='ltr'>Θεοῦ</span> <span class='ocrx_word' id='word_1_382' title='bbox 3524 2308 3748 2383; x_wconf 81' lang='grc' dir='ltr'>δωρεῶν,</span> 
     </span>
    </p>
   </div>
   <div class='ocr_carea' id='block_1_56' title="bbox 2102 2397 3752 2478">
    <p class='ocr_par' dir='ltr' id='par_1_56' title="bbox 2102 2397 3752 2478">
     <span class='ocr_line' id='line_1_57' title="bbox 2102 2397 3752 2478; baseline 0.001 -24"><span class='ocrx_word' id='word_1_383' title='bbox 2102 2399 2192 2454; x_wconf 86' lang='grc' dir='ltr'><strong>καί</strong></span> <span class='ocrx_word' id='word_1_384' title='bbox 2267 2421 2358 2454; x_wconf 75' lang='grc' dir='ltr'><strong>του</strong></span> <span class='ocrx_word' id='word_1_385' title='bbox 2431 2397 2746 2464; x_wconf 72' lang='grc' dir='ltr'>πανενδόξου</span> <span class='ocrx_word' id='word_1_386' title='bbox 2812 2401 3070 2478; x_wconf 84' lang='grc' dir='ltr'>μάρτυρος</span> <span class='ocrx_word' id='word_1_387' title='bbox 3146 2402 3456 2478; x_wconf 76' lang='grc' dir='ltr'>Δημητρίου</span> <span class='ocrx_word' id='word_1_388' title='bbox 3523 2399 3610 2458; x_wconf 76' lang='grc' dir='ltr'><strong>διὰ</strong></span> <span class='ocrx_word' id='word_1_389' title='bbox 3665 2406 3752 2456; x_wconf 79' lang='grc' dir='ltr'><strong>τοῦ</strong></span> 
     </span>
    </p>
   </div>
   <div class='ocr_carea' id='block_1_57' title="bbox 2101 2484 3747 2568">
    <p class='ocr_par' dir='ltr' id='par_1_57' title="bbox 2101 2484 3747 2568">
     <span class='ocr_line' id='line_1_58' title="bbox 2101 2484 3747 2568; baseline 0.003 -28"><span class='ocrx_word' id='word_1_390' title='bbox 2101 2484 2286 2544; x_wconf 78' lang='grc' dir='ltr'>δούλου</span> <span class='ocrx_word' id='word_1_391' title='bbox 2321 2491 2478 2545; x_wconf 73' lang='grc' dir='ltr'>αὐτοῦ</span> <span class='ocrx_word' id='word_1_392' title='bbox 2523 2489 2790 2566; x_wconf 86' lang='grc' dir='ltr'>Μοριανοῠ</span> <span class='ocrx_word' id='word_1_393' title='bbox 2821 2497 2913 2544; x_wconf 82' lang='grc' dir='ltr'>τοῦ</span> <span class='ocrx_word' id='word_1_394' title='bbox 2943 2489 3207 2568; x_wconf 83' lang='grc' dir='ltr'>ἐπάρχου.</span> <span class='ocrx_word' id='word_1_395' title='bbox 3248 2492 3302 2546; x_wconf 86' lang='grc' dir='ltr'>Εἰ</span> <span class='ocrx_word' id='word_1_396' title='bbox 3359 2488 3413 2544; x_wconf 79' lang='grc' dir='ltr'><strong>δέ</strong></span> <span class='ocrx_word' id='word_1_397' title='bbox 3442 2513 3527 2552; x_wconf 89' lang='grc' dir='ltr'><strong>τις</strong></span> <span class='ocrx_word' id='word_1_398' title='bbox 3589 2490 3747 2566; x_wconf 78' lang='grc' dir='ltr'>ψευδῆ</span> 
     </span>
    </p>
   </div>
   <div class='ocr_carea' id='block_1_58' title="bbox 2103 2575 3748 2656">
    <p class='ocr_par' dir='ltr' id='par_1_58' title="bbox 2103 2575 3748 2656">
     <span class='ocr_line' id='line_1_59' title="bbox 2103 2575 3748 2656; baseline 0.002 -26"><span class='ocrx_word' id='word_1_399' title='bbox 2103 2598 2168 2648; x_wconf 83' lang='grc' dir='ltr'><strong>με</strong></span> <span class='ocrx_word' id='word_1_400' title='bbox 2200 2575 2374 2653; x_wconf 84' lang='grc' dir='ltr'>λέγειν</span> <span class='ocrx_word' id='word_1_401' title='bbox 2409 2578 2752 2656; x_wconf 74' lang='grc' dir='ltr'>ὕπονοπάζοι,</span> <span class='ocrx_word' id='word_1_402' title='bbox 2785 2578 3053 2656; x_wconf 74' lang='grc' dir='ltr'>ἱστορείνω</span> <span class='ocrx_word' id='word_1_403' title='bbox 3097 2580 3195 2646; x_wconf 77' lang='grc' dir='ltr'><strong>τὴν</strong></span> <span class='ocrx_word' id='word_1_404' title='bbox 3227 2579 3286 2634; x_wconf 84' lang='grc' dir='ltr'><strong>ἐκ</strong></span> <span class='ocrx_word' id='word_1_405' title='bbox 3345 2581 3596 2653; x_wconf 85' lang='grc' dir='ltr'>μουσείου</span> <span class='ocrx_word' id='word_1_406' title='bbox 3625 2600 3748 2636; x_wconf 78' lang='grc' dir='ltr'>συν-</span> 
     </span>
    </p>
   </div>
   <div class='ocr_carea' id='block_1_59' title="bbox 2098 2667 3745 2746">
    <p class='ocr_par' dir='ltr' id='par_1_59' title="bbox 2098 2667 3745 2746">
     <span class='ocr_line' id='line_1_60' title="bbox 2098 2667 3745 2746; baseline -0.009 -11"><span class='ocrx_word' id='word_1_407' title='bbox 2098 2667 2407 2740; x_wconf 79' lang='grc' dir='ltr'>τεθειμένην</span> <span class='ocrx_word' id='word_1_408' title='bbox 2467 2668 2642 2723; x_wconf 76' lang='grc' dir='ltr'>ἐκεῖσε</span> <span class='ocrx_word' id='word_1_409' title='bbox 2701 2670 2907 2744; x_wconf 72' lang='grc' dir='ltr'>γραφὴν</span> <span class='ocrx_word' id='word_1_410' title='bbox 2982 2668 3081 2732; x_wconf 76' lang='grc' dir='ltr'><strong>ἔξω</strong></span> <span class='ocrx_word' id='word_1_411' title='bbox 3134 2677 3224 2724; x_wconf 76' lang='grc' dir='ltr'>τοῦ</span> <span class='ocrx_word' id='word_1_412' title='bbox 3279 2669 3402 2724; x_wconf 59' lang='lat' dir='ltr'><strong>vero?»</strong></span> <span class='ocrx_word' id='word_1_413' title='bbox 3463 2672 3594 2746; x_wconf 83' lang='grc' dir='ltr'>πρὸς</span> <span class='ocrx_word' id='word_1_414' title='bbox 3663 2671 3745 2726; x_wconf 78' lang='grc' dir='ltr'>τὸν</span> 
     </span>
    </p>
   </div>
   <div class='ocr_carea' id='block_1_60' title="bbox 2098 2756 3745 2834">
    <p class='ocr_par' dir='ltr' id='par_1_60' title="bbox 2098 2756 3745 2834">
     <span class='ocr_line' id='line_1_61' title="bbox 2098 2756 3745 2834; baseline 0.004 -25"><span class='ocrx_word' id='word_1_415' title='bbox 2098 2756 2375 2834; x_wconf 59' lang='grc' dir='ltr'>ἁγορῶντα</span> <span class='ocrx_word' id='word_1_416' title='bbox 2430 2771 2624 2834; x_wconf 71' lang='grc' dir='ltr'>τοῖχον</span> <span class='ocrx_word' id='word_1_417' title='bbox 2685 2756 2769 2812; x_wconf 80' lang='grc' dir='ltr'>ἐπὶ</span> <span class='ocrx_word' id='word_1_418' title='bbox 2821 2759 2880 2812; x_wconf 78' lang='grc' dir='ltr'>τὸ</span> <span class='ocrx_word' id='word_1_419' title='bbox 2940 2757 3036 2825; x_wconf 75' lang='grc' dir='ltr'>τῆς</span> <span class='ocrx_word' id='word_1_420' title='bbox 3096 2757 3306 2821; x_wconf 85' lang='grc' dir='ltr'>πόλεως</span> <span class='ocrx_word' id='word_1_421' title='bbox 3362 2757 3603 2833; x_wconf 73' lang='grc' dir='ltr'>στάδιον,</span> <span class='ocrx_word' id='word_1_422' title='bbox 3665 2760 3745 2815; x_wconf 86' lang='grc' dir='ltr'>καὶ</span> 
     </span>
    </p>
   </div>
   <div class='ocr_carea' id='block_1_61' title="bbox 2096 2846 3741 2927">
    <p class='ocr_par' dir='ltr' id='par_1_61' title="bbox 2096 2846 3741 2927">
     <span class='ocr_line' id='line_1_62' title="bbox 2096 2846 3741 2927; baseline -0.007 -24"><span class='ocrx_word' id='word_1_423' title='bbox 2096 2846 2521 2926; x_wconf 77' lang='grc' dir='ltr'>πληροφορηθεὶς</span> <span class='ocrx_word' id='word_1_424' title='bbox 2583 2848 2850 2902; x_wconf 73' lang='grc' dir='ltr'>πιστεύσει</span> <span class='ocrx_word' id='word_1_425' title='bbox 2901 2861 3018 2910; x_wconf 77' lang='grc' dir='ltr'>τοῖς</span> <span class='ocrx_word' id='word_1_426' title='bbox 3078 2848 3515 2927; x_wconf 80' lang='grc' dir='ltr'>προειρημένοις,</span> <span class='ocrx_word' id='word_1_427' title='bbox 3552 2857 3637 2923; x_wconf 77' lang='grc' dir='ltr'><strong>Τῷ</strong></span> <span class='ocrx_word' id='word_1_428' title='bbox 3691 2847 3741 2904; x_wconf 69' lang='grc' dir='ltr'><em>δὲ</em></span> 
     </span>
    </p>
   </div>
   <div class='ocr_carea' id='block_1_62' title="bbox 2097 2936 3742 3017">
    <p class='ocr_par' dir='ltr' id='par_1_62' title="bbox 2097 2936 3742 3017">
     <span class='ocr_line' id='line_1_63' title="bbox 2097 2936 3742 3017; baseline 0.002 -25"><span class='ocrx_word' id='word_1_429' title='bbox 2097 2944 2213 3010; x_wconf 85' lang='grc' dir='ltr'>Θεῷ</span> <span class='ocrx_word' id='word_1_430' title='bbox 2271 2939 2422 3011; x_wconf 81' lang='grc' dir='ltr'>ἡμῶν</span> <span class='ocrx_word' id='word_1_431' title='bbox 2466 2940 2500 3003; x_wconf 76' lang='grc' dir='ltr'>ἡ</span> <span class='ocrx_word' id='word_1_432' title='bbox 2565 2936 2691 2991; x_wconf 72' lang='grc' dir='ltr'>δόλα</span> <span class='ocrx_word' id='word_1_433' title='bbox 2740 2938 2826 2992; x_wconf 86' lang='grc' dir='ltr'><strong>καὶ</strong></span> <span class='ocrx_word' id='word_1_434' title='bbox 2869 2940 2903 3004; x_wconf 82' lang='grc' dir='ltr'><strong>ἡ</strong></span> <span class='ocrx_word' id='word_1_435' title='bbox 2951 2938 3107 3016; x_wconf 81' lang='grc' dir='ltr'>τιμὴ,</span> <span class='ocrx_word' id='word_1_436' title='bbox 3169 2941 3256 2994; x_wconf 85' lang='grc' dir='ltr'><strong>καὶ</strong></span> <span class='ocrx_word' id='word_1_437' title='bbox 3311 2940 3371 2994; x_wconf 84' lang='grc' dir='ltr'>τὸ</span> <span class='ocrx_word' id='word_1_438' title='bbox 3427 2940 3624 3017; x_wconf 73' lang='grc' dir='ltr'>κράτος</span> <span class='ocrx_word' id='word_1_439' title='bbox 3675 2941 3742 3002; x_wconf 84' lang='grc' dir='ltr'>εἰς</span> 
     </span>
    </p>
   </div>
   <div class='ocr_carea' id='block_1_63' title="bbox 2026 3025 3067 3101">
    <p class='ocr_par' dir='ltr' id='par_1_63' title="bbox 2026 3025 3067 3101">
     <span class='ocr_line' id='line_1_64' title="bbox 2026 3025 3067 3101; baseline 0.001 -19"><span class='ocrx_word' id='word_1_440' title='bbox 2026 3038 2064 3087; x_wconf 90' lang='lat' dir='ltr'>C</span> <span class='ocrx_word' id='word_1_441' title='bbox 2093 3027 2210 3088; x_wconf 81' lang='grc' dir='ltr'>τοὺς</span> <span class='ocrx_word' id='word_1_442' title='bbox 2243 3027 2436 3090; x_wconf 72' lang='grc' dir='ltr'>αἰῶνας</span> <span class='ocrx_word' id='word_1_443' title='bbox 2469 3031 2574 3082; x_wconf 80' lang='grc' dir='ltr'>τῶν</span> <span class='ocrx_word' id='word_1_444' title='bbox 2605 3026 2835 3100; x_wconf 83' lang='grc' dir='ltr'>αἰώνων,</span> <span class='ocrx_word' id='word_1_445' title='bbox 2871 3025 3067 3101; x_wconf 78' lang='grc' dir='ltr'>Ἀμήν,</span> 
     </span>
    </p>
   </div>
   <div class='ocr_carea' id='block_1_64' title="bbox 1881 3160 2214 3218">
    <p class='ocr_par' dir='ltr' id='par_1_64' title="bbox 1881 3160 2214 3218">
     <span class='ocr_line' id='line_1_65' title="bbox 1881 3160 2214 3218; baseline 0 -1"><span class='ocrx_word' id='word_1_446' title='bbox 1881 3160 2108 3218; x_wconf 85' lang='lat' dir='ltr'><strong>CAPUT</strong></span> <span class='ocrx_word' id='word_1_447' title='bbox 2145 3161 2214 3217; x_wconf 93' lang='lat' dir='ltr'><strong>II.</strong></span> 
     </span>
    </p>
   </div>
   <div class='ocr_carea' id='block_1_65' title="bbox 735 3280 3355 3357">
    <p class='ocr_par' dir='ltr' id='par_1_65' title="bbox 735 3280 3355 3357">
     <span class='ocr_line' id='line_1_66' title="bbox 735 3280 3355 3357; baseline 0.002 -21"><span class='ocrx_word' id='word_1_448' title='bbox 735 3281 816 3338; x_wconf 82' lang='lat' dir='ltr'><strong>De</strong></span> <span class='ocrx_word' id='word_1_449' title='bbox 869 3280 1074 3338; x_wconf 70' lang='lat' dir='ltr'><strong>militiae</strong></span> <span class='ocrx_word' id='word_1_450' title='bbox 1123 3283 1392 3354; x_wconf 68' lang='lat' dir='ltr'><strong>prafecto,</strong></span> <span class='ocrx_word' id='word_1_451' title='bbox 1447 3283 1514 3339; x_wconf 82' lang='lat' dir='ltr'><strong>ab</strong></span> <span class='ocrx_word' id='word_1_452' title='bbox 1567 3284 1950 3342; x_wconf 76' lang='lat' dir='ltr'><strong>immedt&#39;cabili</strong></span> <span class='ocrx_word' id='word_1_453' title='bbox 2002 3285 2287 3357; x_wconf 74' lang='lat' dir='ltr'><strong>sanguinis</strong></span> <span class='ocrx_word' id='word_1_454' title='bbox 2345 3284 2504 3356; x_wconf 74' lang='lat' dir='ltr'><strong>ﬂuxu</strong></span> <span class='ocrx_word' id='word_1_455' title='bbox 2555 3302 2652 3356; x_wconf 85' lang='lat' dir='ltr'><strong>per</strong></span> <span class='ocrx_word' id='word_1_456' title='bbox 2690 3289 2954 3342; x_wconf 83' lang='lat' dir='ltr'><strong>Sanctum</strong></span> <span class='ocrx_word' id='word_1_457' title='bbox 3010 3290 3198 3343; x_wconf 82' lang='lat' dir='ltr'><strong>sanato</strong></span> <span class='ocrx_word' id='word_1_458' title='bbox 3257 3287 3355 3356; x_wconf 92' lang='lat'><strong>(6).</strong></span> 
     </span>
    </p>
   </div>
   <div class='ocr_carea' id='block_1_66' title="bbox 433 3377 2009 3452">
    <p class='ocr_par' dir='ltr' id='par_1_66' title="bbox 433 3377 2009 3452">
     <span class='ocr_line' id='line_1_67' title="bbox 433 3377 2009 3452; baseline 0.003 -19"><span class='ocrx_word' id='word_1_459' title='bbox 433 3377 627 3435; x_wconf 67' lang='lat' dir='ltr'><strong>24.Vir</strong></span> <span class='ocrx_word' id='word_1_460' title='bbox 646 3379 876 3450; x_wconf 89' lang='lat' dir='ltr'><strong>quidam</strong></span> <span class='ocrx_word' id='word_1_461' title='bbox 899 3392 1107 3452; x_wconf 84' lang='lat' dir='ltr'><strong>genere</strong></span> <span class='ocrx_word' id='word_1_462' title='bbox 1130 3380 1506 3451; x_wconf 84' lang='lat' dir='ltr'><strong>illustris,ﬁde</strong></span> <span class='ocrx_word' id='word_1_463' title='bbox 1521 3391 1709 3440; x_wconf 89' lang='lat' dir='ltr'><strong>autem</strong></span> <span class='ocrx_word' id='word_1_464' title='bbox 1733 3382 2009 3441; x_wconf 90' lang='lat' dir='ltr'><strong>illustrior</strong></span> 
     </span>
    </p>
   </div>
   <div class='ocr_carea' id='block_1_67' title="bbox 361 3461 2006 3538">
    <p class='ocr_par' dir='ltr' id='par_1_67' title="bbox 361 3461 2006 3538">
     <span class='ocr_line' id='line_1_68' title="bbox 361 3461 2006 3538; baseline 0.003 -19"><span class='ocrx_word' id='word_1_465' title='bbox 361 3461 668 3534; x_wconf 87' lang='lat' dir='ltr'><strong>spectabile</strong></span> <span class='ocrx_word' id='word_1_466' title='bbox 685 3477 883 3519; x_wconf 88' lang='lat' dir='ltr'><strong>eorum</strong></span> <span class='ocrx_word' id='word_1_467' title='bbox 907 3465 1005 3534; x_wconf 87' lang='lat' dir='ltr'><strong>qui</strong></span> <span class='ocrx_word' id='word_1_468' title='bbox 1037 3465 1145 3521; x_wconf 86' lang='lat' dir='ltr'><strong>sub</strong></span> <span class='ocrx_word' id='word_1_469' title='bbox 1168 3465 1414 3536; x_wconf 67' lang='lat' dir='ltr'><strong>praefecti</strong></span> <span class='ocrx_word' id='word_1_470' title='bbox 1445 3464 1657 3538; x_wconf 85' lang='lat' dir='ltr'><strong>Illyrici</strong></span> <span class='ocrx_word' id='word_1_471' title='bbox 1681 3468 2006 3538; x_wconf 85' lang='lat' dir='ltr'><strong>principatu</strong></span> 
     </span>
    </p>
   </div>
   <div class='ocr_carea' id='block_1_68' title="bbox 361 3547 2003 3628">
    <p class='ocr_par' dir='ltr' id='par_1_68' title="bbox 361 3547 2003 3628">
     <span class='ocr_line' id='line_1_69' title="bbox 361 3547 2003 3628; baseline 0.004 -20"><span class='ocrx_word' id='word_1_472' title='bbox 361 3555 552 3622; x_wconf 89' lang='lat' dir='ltr'><strong>erant,</strong></span> <span class='ocrx_word' id='word_1_473' title='bbox 612 3563 825 3627; x_wconf 84' lang='lat' dir='ltr'><strong>agmen</strong></span> <span class='ocrx_word' id='word_1_474' title='bbox 875 3547 1215 3627; x_wconf 82' lang='lat' dir='ltr'><strong>gubernans</strong></span> <span class='ocrx_word' id='word_1_475' title='bbox 1275 3551 1378 3628; x_wconf 80' lang='lat'><strong>(7),</strong></span> <span class='ocrx_word' id='word_1_476' title='bbox 1436 3550 1873 3614; x_wconf 87' lang='lat' dir='ltr'><strong>intolerabilem</strong></span> <span class='ocrx_word' id='word_1_477' title='bbox 1935 3573 2003 3615; x_wconf 86' lang='lat' dir='ltr'><strong>ex</strong></span> 
     </span>
    </p>
   </div>
   <div class='ocr_carea' id='block_1_69' title="bbox 357 3640 2003 3724">
    <p class='ocr_par' dir='ltr' id='par_1_69' title="bbox 357 3640 2003 3724">
     <span class='ocr_line' id='line_1_70' title="bbox 357 3640 2003 3724; baseline 0.004 -24"><span class='ocrx_word' id='word_1_478' title='bbox 357 3647 560 3700; x_wconf 92' lang='lat' dir='ltr'><strong>ventre</strong></span> <span class='ocrx_word' id='word_1_479' title='bbox 614 3640 916 3720; x_wconf 87' lang='lat' dir='ltr'><strong>sanguinis</strong></span> <span class='ocrx_word' id='word_1_480' title='bbox 947 3643 1167 3703; x_wconf 90' lang='lat' dir='ltr'><strong>ﬂuxum</strong></span> <span class='ocrx_word' id='word_1_481' title='bbox 1221 3642 1569 3724; x_wconf 90' lang='lat' dir='ltr'><strong>patiebatur.</strong></span> <span class='ocrx_word' id='word_1_482' title='bbox 1633 3644 1774 3706; x_wconf 88' lang='lat' dir='ltr'><strong>Cum</strong></span> <span class='ocrx_word' id='word_1_483' title='bbox 1807 3654 2003 3707; x_wconf 91' lang='lat' dir='ltr'><strong>autem</strong></span> 
     </span>
    </p>
   </div>
   <div class='ocr_carea' id='block_1_70' title="bbox 361 3729 2004 3817">
    <p class='ocr_par' dir='ltr' id='par_1_70' title="bbox 361 3729 2004 3817">
     <span class='ocr_line' id='line_1_71' title="bbox 361 3729 2004 3817; baseline 0.006 -29"><span class='ocrx_word' id='word_1_484' title='bbox 361 3730 510 3810; x_wconf 87' lang='lat' dir='ltr'><strong>viro,</strong></span> <span class='ocrx_word' id='word_1_485' title='bbox 543 3729 700 3811; x_wconf 91' lang='lat' dir='ltr'><strong>quod</strong></span> <span class='ocrx_word' id='word_1_486' title='bbox 731 3739 791 3792; x_wconf 91' lang='lat' dir='ltr'><strong>et</strong></span> <span class='ocrx_word' id='word_1_487' title='bbox 838 3731 1116 3793; x_wconf 91' lang='lat' dir='ltr'><strong>omnibus</strong></span> <span class='ocrx_word' id='word_1_488' title='bbox 1145 3741 1302 3794; x_wconf 89' lang='lat' dir='ltr'><strong>esset</strong></span> <span class='ocrx_word' id='word_1_489' title='bbox 1339 3733 1590 3796; x_wconf 81' lang='lat' dir='ltr'><strong>affabilis</strong></span> <span class='ocrx_word' id='word_1_490' title='bbox 1620 3735 2004 3817; x_wconf 89' lang='lat' dir='ltr'><strong>moribusque</strong></span> 
     </span>
    </p>
   </div>
   <div class='ocr_carea' id='block_1_71' title="bbox 361 3820 2004 3906">
    <p class='ocr_par' dir='ltr' id='par_1_71' title="bbox 361 3820 2004 3906">
     <span class='ocr_line' id='line_1_72' title="bbox 361 3820 2004 3906; baseline 0.005 -26"><span class='ocrx_word' id='word_1_491' title='bbox 361 3820 576 3896; x_wconf 89' lang='lat' dir='ltr'><strong>suavis,</strong></span> <span class='ocrx_word' id='word_1_492' title='bbox 598 3820 876 3882; x_wconf 87' lang='lat' dir='ltr'><strong>universa</strong></span> <span class='ocrx_word' id='word_1_493' title='bbox 897 3841 1051 3901; x_wconf 90' lang='lat' dir='ltr'><strong>pene</strong></span> <span class='ocrx_word' id='word_1_494' title='bbox 1067 3823 1274 3883; x_wconf 92' lang='lat' dir='ltr'><strong>civitas</strong></span> <span class='ocrx_word' id='word_1_495' title='bbox 1295 3823 1662 3905; x_wconf 89' lang='lat' dir='ltr'><strong>condoleret,</strong></span> <span class='ocrx_word' id='word_1_496' title='bbox 1690 3828 2004 3906; x_wconf 88' lang='lat' dir='ltr'><strong>omnisque</strong></span> 
     </span>
    </p>
   </div>
   <div class='ocr_carea' id='block_1_72' title="bbox 357 3907 2004 3992">
    <p class='ocr_par' dir='ltr' id='par_1_72' title="bbox 357 3907 2004 3992">
     <span class='ocr_line' id='line_1_73' title="bbox 357 3907 2004 3992; baseline 0.005 -23"><span class='ocrx_word' id='word_1_497' title='bbox 357 3907 418 3969; x_wconf 91' lang='lat' dir='ltr'><strong>in</strong></span> <span class='ocrx_word' id='word_1_498' title='bbox 447 3927 582 3970; x_wconf 90' lang='lat' dir='ltr'><strong>eum</strong></span> <span class='ocrx_word' id='word_1_499' title='bbox 613 3927 710 3970; x_wconf 86' lang='lat' dir='ltr'><strong>ars</strong></span> <span class='ocrx_word' id='word_1_500' title='bbox 727 3909 1094 3991; x_wconf 90' lang='lat' dir='ltr'><strong>scientiaque</strong></span> <span class='ocrx_word' id='word_1_501' title='bbox 1118 3912 1350 3973; x_wconf 89' lang='lat' dir='ltr'><strong>medica</strong></span> <span class='ocrx_word' id='word_1_502' title='bbox 1372 3922 1532 3974; x_wconf 88' lang='lat' dir='ltr'><strong>esset</strong></span> <span class='ocrx_word' id='word_1_503' title='bbox 1550 3907 2004 3992; x_wconf 33' lang='lat' dir='ltr'><strong>exhaustaj‘eﬂ‘e-</strong></span> 
     </span>
    </p>
   </div>
   <div class='ocr_carea' id='block_1_73' title="bbox 354 4001 1995 4078">
    <p class='ocr_par' dir='ltr' id='par_1_73' title="bbox 354 4001 1995 4078">
     <span class='ocr_line' id='line_1_74' title="bbox 354 4001 1995 4078; baseline 0.005 -20"><span class='ocrx_word' id='word_1_504' title='bbox 354 4005 600 4078; x_wconf 90' lang='lat' dir='ltr'><strong>ctusque</strong></span> <span class='ocrx_word' id='word_1_505' title='bbox 624 4015 856 4078; x_wconf 79' lang='lat' dir='ltr'><strong>expers,</strong></span> <span class='ocrx_word' id='word_1_506' title='bbox 885 4001 1040 4078; x_wconf 91' lang='lat' dir='ltr'><strong>quod</strong></span> <span class='ocrx_word' id='word_1_507' title='bbox 1067 4001 1212 4062; x_wconf 91' lang='lat' dir='ltr'><strong>nihil</strong></span> <span class='ocrx_word' id='word_1_508' title='bbox 1239 4002 1482 4064; x_wconf 91' lang='lat' dir='ltr'><strong>omnino</strong></span> <span class='ocrx_word' id='word_1_509' title='bbox 1513 4006 1842 4066; x_wconf 88' lang='lat' dir='ltr'><strong>remitteret</strong></span> <span class='ocrx_word' id='word_1_510' title='bbox 1856 4023 1995 4066; x_wconf 85' lang='lat' dir='ltr'><strong>san-</strong></span> 
     </span>
    </p>
   </div>
   <div class='ocr_carea' id='block_1_74' title="bbox 347 4087 1998 4169">
    <p class='ocr_par' dir='ltr' id='par_1_74' title="bbox 347 4087 1998 4169">
     <span class='ocr_line' id='line_1_75' title="bbox 347 4087 1998 4169; baseline 0.007 -22"><span class='ocrx_word' id='word_1_511' title='bbox 347 4087 542 4166; x_wconf 83' lang='lat' dir='ltr'><strong>guinis</strong></span> <span class='ocrx_word' id='word_1_512' title='bbox 562 4087 778 4169; x_wconf 84' lang='lat' dir='ltr'><strong>fluxus,</strong></span> <span class='ocrx_word' id='word_1_513' title='bbox 813 4102 1104 4165; x_wconf 91' lang='lat' dir='ltr'><strong>maneret,</strong></span> <span class='ocrx_word' id='word_1_514' title='bbox 1132 4091 1214 4152; x_wconf 87' lang='lat' dir='ltr'><strong>ita</strong></span> <span class='ocrx_word' id='word_1_515' title='bbox 1247 4099 1312 4152; x_wconf 90' lang='lat' dir='ltr'><strong>ut</strong></span> <span class='ocrx_word' id='word_1_516' title='bbox 1335 4090 1560 4154; x_wconf 91' lang='lat' dir='ltr'><strong>viribus</strong></span> <span class='ocrx_word' id='word_1_517' title='bbox 1595 4093 1784 4154; x_wconf 90' lang='lat' dir='ltr'><strong>morbi</strong></span> <span class='ocrx_word' id='word_1_518' title='bbox 1815 4097 1998 4159; x_wconf 90' lang='lat' dir='ltr'><strong>vehe-</strong></span> 
     </span>
    </p>
   </div>
   <div class='ocr_carea' id='block_1_75' title="bbox 2169 3383 3730 3467">
    <p class='ocr_par' dir='ltr' id='par_1_75' title="bbox 2169 3383 3730 3467">
     <span class='ocr_line' id='line_1_76' title="bbox 2169 3383 3730 3467; baseline -0.001 -26"><span class='ocrx_word' id='word_1_519' title='bbox 2169 3383 2270 3443; x_wconf 77' lang='grc' dir='ltr'>κδ’.</span> <span class='ocrx_word' id='word_1_520' title='bbox 2312 3383 2498 3461; x_wconf 19' lang='grc' dir='ltr'>’,Ἀνὴρ</span> <span class='ocrx_word' id='word_1_521' title='bbox 2566 3407 2642 3450; x_wconf 86' lang='grc' dir='ltr'><strong>τις</strong></span> <span class='ocrx_word' id='word_1_522' title='bbox 2699 3387 2805 3440; x_wconf 83' lang='grc' dir='ltr'>τῶν</span> <span class='ocrx_word' id='word_1_523' title='bbox 2869 3387 2923 3439; x_wconf 76' lang='grc' dir='ltr'><strong>ἒν</strong></span> <span class='ocrx_word' id='word_1_524' title='bbox 3007 3385 3148 3462; x_wconf 81' lang='grc' dir='ltr'>γένει</span> <span class='ocrx_word' id='word_1_525' title='bbox 3219 3385 3494 3467; x_wconf 73' lang='grc' dir='ltr'>λαμπρὸς,</span> <span class='ocrx_word' id='word_1_526' title='bbox 3555 3392 3622 3464; x_wconf 81' lang='grc' dir='ltr'>τῇ</span> <span class='ocrx_word' id='word_1_527' title='bbox 3679 3383 3730 3440; x_wconf 73' lang='grc' dir='ltr'><strong>δὲ</strong></span> 
     </span>
    </p>
   </div>
   <div class='ocr_carea' id='block_1_76' title="bbox 2084 3473 3734 3553">
    <p class='ocr_par' dir='ltr' id='par_1_76' title="bbox 2084 3473 3734 3553">
     <span class='ocr_line' id='line_1_77' title="bbox 2084 3473 3734 3553; baseline -0.001 -24"><span class='ocrx_word' id='word_1_528' title='bbox 2084 3475 2255 3530; x_wconf 88' lang='grc' dir='ltr'>πίσνει</span> <span class='ocrx_word' id='word_1_529' title='bbox 2340 3473 2731 3552; x_wconf 78' lang='grc' dir='ltr'>λαμπρότερος,</span> <span class='ocrx_word' id='word_1_530' title='bbox 2825 3477 2922 3541; x_wconf 76' lang='grc' dir='ltr'>τὴν</span> <span class='ocrx_word' id='word_1_531' title='bbox 3004 3473 3214 3550; x_wconf 72' lang='grc' dir='ltr'>ἔντιμον</span> <span class='ocrx_word' id='word_1_532' title='bbox 3300 3477 3553 3553; x_wconf 80' lang='grc' dir='ltr'>στρατιὰν</span> <span class='ocrx_word' id='word_1_533' title='bbox 3634 3474 3734 3530; x_wconf 77' lang='grc' dir='ltr'>τῶν</span> 
     </span>
    </p>
   </div>
   <div class='ocr_carea' id='block_1_77' title="bbox 2082 3562 3732 3644">
    <p class='ocr_par' dir='ltr' id='par_1_77' title="bbox 2082 3562 3732 3644">
     <span class='ocr_line' id='line_1_78' title="bbox 2082 3562 3732 3644; baseline 0.001 -26"><span class='ocrx_word' id='word_1_534' title='bbox 2082 3565 2184 3620; x_wconf 79' lang='grc' dir='ltr'>ὑπὸ</span> <span class='ocrx_word' id='word_1_535' title='bbox 2252 3565 2352 3631; x_wconf 78' lang='grc' dir='ltr'><strong>τὴν</strong></span> <span class='ocrx_word' id='word_1_536' title='bbox 2409 3572 2500 3620; x_wconf 79' lang='grc' dir='ltr'><strong>τοῦ</strong></span> <span class='ocrx_word' id='word_1_537' title='bbox 2556 3563 2845 3640; x_wconf 84' lang='grc' dir='ltr'>Ἰλλυρικοῦ</span> <span class='ocrx_word' id='word_1_538' title='bbox 2933 3564 3176 3643; x_wconf 72' lang='grc' dir='ltr'>ἐπάρχου</span> <span class='ocrx_word' id='word_1_539' title='bbox 3231 3564 3408 3644; x_wconf 78' lang='grc' dir='ltr'>ἀρχὴν</span> <span class='ocrx_word' id='word_1_540' title='bbox 3503 3562 3732 3636; x_wconf 82' lang='grc' dir='ltr'>διοικῶν,</span> 
     </span>
    </p>
   </div>
   <div class='ocr_carea' id='block_1_78' title="bbox 2090 3650 3728 3732">
    <p class='ocr_par' dir='ltr' id='par_1_78' title="bbox 2090 3650 3728 3732">
     <span class='ocr_line' id='line_1_79' title="bbox 2090 3650 3728 3732; baseline -0.002 -24"><span class='ocrx_word' id='word_1_541' title='bbox 2090 3651 2232 3731; x_wconf 80' lang='grc' dir='ltr'>ῥύσιν</span> <span class='ocrx_word' id='word_1_542' title='bbox 2319 3651 2549 3727; x_wconf 69' lang='grc' dir='ltr'>αἵματος</span> <span class='ocrx_word' id='word_1_543' title='bbox 2637 3650 2720 3708; x_wconf 78' lang='grc' dir='ltr'>διὰ</span> <span class='ocrx_word' id='word_1_544' title='bbox 2818 3654 3044 3729; x_wconf 76' lang='grc' dir='ltr'>γαστρὸς</span> <span class='ocrx_word' id='word_1_545' title='bbox 3117 3651 3354 3731; x_wconf 71' lang='grc' dir='ltr'>ἔπασχεν</span> <span class='ocrx_word' id='word_1_546' title='bbox 3441 3655 3728 3732; x_wconf 56' lang='grc' dir='ltr'>ἀφόρητον</span> 
     </span>
    </p>
   </div>
   <div class='ocr_carea' id='block_1_79' title="bbox 2088 3739 3730 3821">
    <p class='ocr_par' dir='ltr' id='par_1_79' title="bbox 2088 3739 3730 3821">
     <span class='ocr_line' id='line_1_80' title="bbox 2088 3739 3730 3821; baseline 0 -25"><span class='ocrx_word' id='word_1_547' title='bbox 2088 3746 2207 3798; x_wconf 78' lang='grc' dir='ltr'>εἶτα</span> <span class='ocrx_word' id='word_1_548' title='bbox 2263 3739 2317 3796; x_wconf 74' lang='grc' dir='ltr'>δὲ</span> <span class='ocrx_word' id='word_1_549' title='bbox 2376 3741 2552 3808; x_wconf 80' lang='grc' dir='ltr'>πάσης</span> <span class='ocrx_word' id='word_1_550' title='bbox 2622 3740 2818 3819; x_wconf 74' lang='grc' dir='ltr'>σχεδὸν</span> <span class='ocrx_word' id='word_1_551' title='bbox 2899 3741 2994 3808; x_wconf 73' lang='grc' dir='ltr'>τῆς</span> <span class='ocrx_word' id='word_1_552' title='bbox 3057 3741 3265 3806; x_wconf 84' lang='grc' dir='ltr'>πόλεως</span> <span class='ocrx_word' id='word_1_553' title='bbox 3327 3742 3730 3821; x_wconf 73' lang='grc' dir='ltr'>ὀπεραλγούσης</span> 
     </span>
    </p>
   </div>
   <div class='ocr_carea' id='block_1_80' title="bbox 2085 3828 3722 3910">
    <p class='ocr_par' dir='ltr' id='par_1_80' title="bbox 2085 3828 3722 3910">
     <span class='ocr_line' id='line_1_81' title="bbox 2085 3828 3722 3910; baseline -0.001 -23"><span class='ocrx_word' id='word_1_554' title='bbox 2085 3831 2179 3889; x_wconf 58' lang='lat' dir='ltr'><strong>to;</strong></span> <span class='ocrx_word' id='word_1_555' title='bbox 2261 3828 2444 3909; x_wconf 79' lang='grc' dir='ltr'>ἀνδρὸς</span> <span class='ocrx_word' id='word_1_556' title='bbox 2529 3829 2612 3885; x_wconf 76' lang='grc' dir='ltr'>διὰ</span> <span class='ocrx_word' id='word_1_557' title='bbox 2697 3835 2754 3884; x_wconf 87' lang='grc' dir='ltr'>τὸ</span> <span class='ocrx_word' id='word_1_558' title='bbox 2842 3836 3001 3887; x_wconf 78' lang='grc' dir='ltr'>πᾶσιν</span> <span class='ocrx_word' id='word_1_559' title='bbox 3073 3832 3214 3887; x_wconf 80' lang='grc' dir='ltr'>εἶναι</span> <span class='ocrx_word' id='word_1_560' title='bbox 3304 3831 3722 3910; x_wconf 76' lang='grc' dir='ltr'>εύπρυσήγορον,</span> 
     </span>
    </p>
   </div>
   <div class='ocr_carea' id='block_1_81' title="bbox 2086 3921 3730 3998">
    <p class='ocr_par' dir='ltr' id='par_1_81' title="bbox 2086 3921 3730 3998">
     <span class='ocr_line' id='line_1_82' title="bbox 2086 3921 3730 3998; baseline 0.001 -22"><span class='ocrx_word' id='word_1_561' title='bbox 2086 3923 2173 3977; x_wconf 86' lang='grc' dir='ltr'><strong>καὶ</strong></span> <span class='ocrx_word' id='word_1_562' title='bbox 2251 3921 2572 3976; x_wconf 79' lang='grc' dir='ltr'>καταθύπιον</span> <span class='ocrx_word' id='word_1_563' title='bbox 2658 3934 2774 3982; x_wconf 73' lang='grc' dir='ltr'>τοῖς</span> <span class='ocrx_word' id='word_1_564' title='bbox 2858 3921 3073 3998; x_wconf 80' lang='grc' dir='ltr'>τρόποις</span> <span class='ocrx_word' id='word_1_565' title='bbox 3113 3971 3126 3994; x_wconf 85' lang='grc'><strong>,</strong></span> <span class='ocrx_word' id='word_1_566' title='bbox 3210 3923 3296 3977; x_wconf 79' lang='grc' dir='ltr'><strong>καὶ</strong></span> <span class='ocrx_word' id='word_1_567' title='bbox 3387 3922 3564 3989; x_wconf 80' lang='grc' dir='ltr'>πάσης</span> <span class='ocrx_word' id='word_1_568' title='bbox 3631 3943 3730 3996; x_wconf 83' lang='grc' dir='ltr'>μη·</span> 
     </span>
    </p>
   </div>
   <div class='ocr_carea' id='block_1_82' title="bbox 2083 4010 3728 4091">
    <p class='ocr_par' dir='ltr' id='par_1_82' title="bbox 2083 4010 3728 4091">
     <span class='ocr_line' id='line_1_83' title="bbox 2083 4010 3728 4091; baseline -0.001 -25"><span class='ocrx_word' id='word_1_569' title='bbox 2083 4015 2259 4091; x_wconf 84' lang='grc' dir='ltr'>χανῆς</span> <span class='ocrx_word' id='word_1_570' title='bbox 2318 4012 2406 4066; x_wconf 80' lang='grc' dir='ltr'><strong>καὶ</strong></span> <span class='ocrx_word' id='word_1_571' title='bbox 2491 4010 2801 4083; x_wconf 78' lang='grc' dir='ltr'>ἐπιστήμης</span> <span class='ocrx_word' id='word_1_572' title='bbox 2874 4011 3115 4088; x_wconf 76' lang='grc' dir='ltr'>ἰατρικῆς</span> <span class='ocrx_word' id='word_1_573' title='bbox 3189 4012 3259 4075; x_wconf 82' lang='grc' dir='ltr'><strong>εἰς</strong></span> <span class='ocrx_word' id='word_1_574' title='bbox 3332 4011 3492 4069; x_wconf 69' lang='grc' dir='ltr'>αὐτὸν</span> <span class='ocrx_word' id='word_1_575' title='bbox 3577 4011 3728 4088; x_wconf 80' lang='grc' dir='ltr'><strong>ἐγγυ-</strong></span> 
     </span>
    </p>
   </div>
   <div class='ocr_carea' id='block_1_83' title="bbox 2081 4098 3722 4177">
    <p class='ocr_par' dir='ltr' id='par_1_83' title="bbox 2081 4098 3722 4177">
     <span class='ocr_line' id='line_1_84' title="bbox 2081 4098 3722 4177; baseline 0.001 -21"><span class='ocrx_word' id='word_1_576' title='bbox 2081 4103 2404 4176; x_wconf 80' lang='grc' dir='ltr'>μνασϐείσης</span> <span class='ocrx_word' id='word_1_577' title='bbox 2440 4145 2457 4174; x_wconf 95' lang='grc'><strong>,</strong></span> <span class='ocrx_word' id='word_1_578' title='bbox 2521 4098 2616 4154; x_wconf 70' lang='grc' dir='ltr'>καὶ</span> <span class='ocrx_word' id='word_1_579' title='bbox 2693 4099 2966 4176; x_wconf 79' lang='grc' dir='ltr'>ἂπράκτου</span> <span class='ocrx_word' id='word_1_580' title='bbox 3026 4101 3288 4174; x_wconf 84' lang='grc' dir='ltr'>μεινάσης</span> <span class='ocrx_word' id='word_1_581' title='bbox 3352 4099 3437 4157; x_wconf 66' lang='grc' dir='ltr'>διὰ</span> <span class='ocrx_word' id='word_1_582' title='bbox 3497 4103 3557 4157; x_wconf 82' lang='grc' dir='ltr'>τὸ</span> <span class='ocrx_word' id='word_1_583' title='bbox 3615 4123 3722 4177; x_wconf 87' lang='grc' dir='ltr'>μη-</span> 
     </span>
    </p>
   </div>
   <div class='ocr_carea' id='block_1_84' title="bbox 422 4219 3720 4304">
    <p class='ocr_par' dir='ltr' id='par_1_84' title="bbox 422 4219 3720 4304">
     <span class='ocr_line' id='line_1_85' title="bbox 422 4219 3720 4304; baseline 0.004 -29"><span class='ocrx_word' id='word_1_584' title='bbox 422 4219 503 4304; x_wconf 83' lang='lat'><strong>(3)_</strong></span> <span class='ocrx_word' id='word_1_585' title='bbox 557 4219 675 4304; x_wconf 73' lang='lat' dir='ltr'><strong>lloc</strong></span> <span class='ocrx_word' id='word_1_586' title='bbox 733 4221 1076 4304; x_wconf 64' lang='lat' dir='ltr'><strong>miraculum</strong></span> <span class='ocrx_word' id='word_1_587' title='bbox 1140 4221 1287 4294; x_wconf 89' lang='lat' dir='ltr'><strong>apud</strong></span> <span class='ocrx_word' id='word_1_588' title='bbox 1349 4224 1748 4304; x_wconf 67' lang='lat' dir='ltr'><strong>ilabillonium</strong></span> <span class='ocrx_word' id='word_1_589' title='bbox 1778 4237 1913 4287; x_wconf 89' lang='lat' dir='ltr'><strong>tom.</strong></span> <span class='ocrx_word' id='word_1_590' title='bbox 1969 4233 2215 4296; x_wconf 85' lang='lat' dir='ltr'><strong>IDbuic</strong></span> <span class='ocrx_word' id='word_1_591' title='bbox 2245 4231 2512 4304; x_wconf 84' lang='lat' dir='ltr'><strong>scriptori</strong></span> <span class='ocrx_word' id='word_1_592' title='bbox 2544 4247 2572 4288; x_wconf 90' lang='lat' dir='ltr'><strong>a</strong></span> <span class='ocrx_word' id='word_1_593' title='bbox 2610 4231 2778 4304; x_wconf 85' lang='lat' dir='ltr'><strong>nobis</strong></span> <span class='ocrx_word' id='word_1_594' title='bbox 2809 4232 3144 4304; x_wconf 86' lang='lat' dir='ltr'><strong>attribuitur</strong></span> <span class='ocrx_word' id='word_1_595' title='bbox 3172 4233 3246 4290; x_wconf 93' lang='lat' dir='ltr'><strong>ob</strong></span> <span class='ocrx_word' id='word_1_596' title='bbox 3283 4235 3553 4299; x_wconf 87' lang='lat' dir='ltr'><strong>rationes,</strong></span> <span class='ocrx_word' id='word_1_597' title='bbox 3586 4246 3720 4304; x_wconf 80' lang='lat' dir='ltr'><strong>quas</strong></span> 
     </span>
    </p>
   </div>
   <div class='ocr_carea' id='block_1_85' title="bbox 351 4290 3583 4374">
    <p class='ocr_par' dir='ltr' id='par_1_85' title="bbox 351 4290 3583 4374">
     <span class='ocr_line' id='line_1_86' title="bbox 351 4290 3583 4374; baseline 0.004 -28"><span class='ocrx_word' id='word_1_598' title='bbox 351 4290 757 4374; x_wconf 60' lang='lat' dir='ltr'><strong>Anateclorum,</strong></span> <span class='ocrx_word' id='word_1_599' title='bbox 792 4308 919 4374; x_wconf 83' lang='lat' dir='ltr'><strong>pag.</strong></span> <span class='ocrx_word' id='word_1_600' title='bbox 954 4294 1012 4348; x_wconf 83' lang='lat' dir='ltr'><strong>7i</strong></span> <span class='ocrx_word' id='word_1_601' title='bbox 1072 4304 1125 4374; x_wconf 78' lang='lat' dir='ltr'><strong>et</strong></span> <span class='ocrx_word' id='word_1_602' title='bbox 1155 4290 1692 4374; x_wconf 50' lang='lat' dir='ltr'><strong>squ:_compeiiu_lio</strong></span> <span class='ocrx_word' id='word_1_603' title='bbox 1720 4290 2050 4374; x_wconf 58' lang='lat' dir='ltr'><strong>duntaxat—</strong></span> <span class='ocrx_word' id='word_1_604' title='bbox 2082 4290 2141 4363; x_wconf 87' lang='lat' dir='ltr'><strong>in</strong></span> <span class='ocrx_word' id='word_1_605' title='bbox 2171 4290 2463 4361; x_wconf 74' lang='lat' dir='ltr'><strong>adnotatis</strong></span> <span class='ocrx_word' id='word_1_606' title='bbox 2491 4317 2660 4374; x_wconf 88' lang='lat' dir='ltr'><strong>supra</strong></span> <span class='ocrx_word' id='word_1_607' title='bbox 2695 4302 2804 4359; x_wconf 93' lang='lat' dir='ltr'><strong>col.</strong></span> <span class='ocrx_word' id='word_1_608' title='bbox 2841 4303 2982 4359; x_wconf 69' lang='lat'><strong>1203</strong></span> <span class='ocrx_word' id='word_1_609' title='bbox 3018 4305 3071 4360; x_wconf 90' lang='lat' dir='ltr'><strong>in</strong></span> <span class='ocrx_word' id='word_1_610' title='bbox 3103 4315 3225 4362; x_wconf 90' lang='lat' dir='ltr'><strong>not.</strong></span> <span class='ocrx_word' id='word_1_611' title='bbox 3265 4307 3315 4369; x_wconf 85' lang='grc'>1,</span> <span class='ocrx_word' id='word_1_612' title='bbox 3349 4290 3583 4362; x_wconf 58' lang='lat' dir='ltr'><strong>adduxi.</strong></span> 
     </span>
    </p>
   </div>
   <div class='ocr_carea' id='block_1_86' title="bbox 353 4365 1998 4434">
    <p class='ocr_par' dir='ltr' id='par_1_86' title="bbox 353 4365 1998 4434">
     <span class='ocr_line' id='line_1_87' title="bbox 353 4365 1998 4434; baseline 0.007 -15"><span class='ocrx_word' id='word_1_613' title='bbox 353 4365 618 4427; x_wconf 87' lang='lat' dir='ltr'><strong>traditur,</strong></span> <span class='ocrx_word' id='word_1_614' title='bbox 648 4377 757 4420; x_wconf 90' lang='lat' dir='ltr'><strong>nec</strong></span> <span class='ocrx_word' id='word_1_615' title='bbox 796 4368 910 4432; x_wconf 84' lang='lat' dir='ltr'><strong>hic,</strong></span> <span class='ocrx_word' id='word_1_616' title='bbox 942 4365 1095 4434; x_wconf 89' lang='lat' dir='ltr'><strong>quod</strong></span> <span class='ocrx_word' id='word_1_617' title='bbox 1150 4365 1439 4423; x_wconf 80' lang='lat' dir='ltr'><strong>fastidiosa</strong></span> <span class='ocrx_word' id='word_1_618' title='bbox 1473 4367 1803 4431; x_wconf 85' lang='lat' dir='ltr'><strong>prolixitate</strong></span> <span class='ocrx_word' id='word_1_619' title='bbox 1833 4372 1998 4432; x_wconf 89' lang='lat' dir='ltr'><strong>labo-</strong></span> 
     </span>
    </p>
   </div>
   <div class='ocr_carea' id='block_1_87' title="bbox 351 4436 1998 4513">
    <p class='ocr_par' dir='ltr' id='par_1_87' title="bbox 351 4436 1998 4513">
     <span class='ocr_line' id='line_1_88' title="bbox 351 4436 1998 4513; baseline 0.009 -23"><span class='ocrx_word' id='word_1_620' title='bbox 351 4443 459 4513; x_wconf 81' lang='lat' dir='ltr'><strong>ret,</strong></span> <span class='ocrx_word' id='word_1_621' title='bbox 513 4438 796 4513; x_wconf 77' lang='lat' dir='ltr'><strong>integram</strong></span> <span class='ocrx_word' id='word_1_622' title='bbox 855 4436 1159 4513; x_wconf 81' lang='lat' dir='ltr'><strong>dedissem,</strong></span> <span class='ocrx_word' id='word_1_623' title='bbox 1209 4439 1343 4513; x_wconf 82' lang='lat' dir='ltr'><strong>nisi,</strong></span> <span class='ocrx_word' id='word_1_624' title='bbox 1400 4437 1548 4513; x_wconf 89' lang='lat' dir='ltr'><strong>ut_i_d</strong></span> <span class='ocrx_word' id='word_1_625' title='bbox 1605 4440 1873 4513; x_wconf 79' lang='lat' dir='ltr'><strong>facerem,</strong></span> <span class='ocrx_word' id='word_1_626' title='bbox 1907 4461 1998 4504; x_wconf 91' lang='lat' dir='ltr'><strong>me</strong></span> 
     </span>
    </p>
   </div>
   <div class='ocr_carea' id='block_1_88' title="bbox 351 4505 1998 4576">
    <p class='ocr_par' dir='ltr' id='par_1_88' title="bbox 351 4505 1998 4576">
     <span class='ocr_line' id='line_1_89' title="bbox 351 4505 1998 4576; baseline 0.009 -16"><span class='ocrx_word' id='word_1_627' title='bbox 351 4505 674 4576; x_wconf 83' lang='lat' dir='ltr'><strong>impulisset</strong></span> <span class='ocrx_word' id='word_1_628' title='bbox 725 4515 841 4561; x_wconf 90' lang='lat' dir='ltr'><strong>tum</strong></span> <span class='ocrx_word' id='word_1_629' title='bbox 875 4510 1150 4568; x_wconf 88' lang='lat' dir='ltr'><strong>auctoris.</strong></span> <span class='ocrx_word' id='word_1_630' title='bbox 1183 4510 1304 4576; x_wconf 87' lang='lat' dir='ltr'><strong>qui,</strong></span> <span class='ocrx_word' id='word_1_631' title='bbox 1339 4517 1398 4563; x_wconf 93' lang='lat' dir='ltr'><strong>ut</strong></span> <span class='ocrx_word' id='word_1_632' title='bbox 1455 4508 1692 4576; x_wconf 81' lang='lat' dir='ltr'><strong>dictum,</strong></span> <span class='ocrx_word' id='word_1_633' title='bbox 1752 4505 1998 4574; x_wconf 78' lang='lat' dir='ltr'><strong>Joannes</strong></span> 
     </span>
    </p>
   </div>
   <div class='ocr_carea' id='block_1_89' title="bbox 352 4575 1996 4659">
    <p class='ocr_par' dir='ltr' id='par_1_89' title="bbox 352 4575 1996 4659">
     <span class='ocr_line' id='line_1_90' title="bbox 352 4575 1996 4659; baseline 0.007 -26"><span class='ocrx_word' id='word_1_634' title='bbox 352 4575 885 4659; x_wconf 70' lang='lat' dir='ltr'><strong>Thessalonicensis</strong></span> <span class='ocrx_word' id='word_1_635' title='bbox 908 4575 1375 4659; x_wconf 77' lang='lat' dir='ltr'><strong>est,_auctoritas,</strong></span> <span class='ocrx_word' id='word_1_636' title='bbox 1405 4584 1527 4636; x_wconf 87' lang='lat' dir='ltr'><strong>tum</strong></span> <span class='ocrx_word' id='word_1_637' title='bbox 1562 4591 1821 4659; x_wconf 78' lang='lat' dir='ltr'><strong>receptus</strong></span> <span class='ocrx_word' id='word_1_638' title='bbox 1845 4590 1996 4659; x_wconf 88' lang='lat' dir='ltr'><strong>apud</strong></span> 
     </span>
    </p>
   </div>
   <div class='ocr_carea' id='block_1_90' title="bbox 350 4649 1992 4719">
    <p class='ocr_par' dir='ltr' id='par_1_90' title="bbox 350 4649 1992 4719">
     <span class='ocr_line' id='line_1_91' title="bbox 350 4649 1992 4719; baseline 0.009 -17"><span class='ocrx_word' id='word_1_639' title='bbox 350 4660 456 4703; x_wconf 87' lang='lat' dir='ltr'><strong>nos</strong></span> <span class='ocrx_word' id='word_1_640' title='bbox 513 4657 884 4719; x_wconf 88' lang='lat' dir='ltr'><strong>monumenta</strong></span> <span class='ocrx_word' id='word_1_641' title='bbox 943 4652 1196 4719; x_wconf 86' lang='lat' dir='ltr'><strong>antiqua,</strong></span> <span class='ocrx_word' id='word_1_642' title='bbox 1236 4649 1371 4705; x_wconf 91' lang='lat' dir='ltr'><strong>dum</strong></span> <span class='ocrx_word' id='word_1_643' title='bbox 1423 4649 1726 4710; x_wconf 77' lang='lat' dir='ltr'><strong>commode</strong></span> <span class='ocrx_word' id='word_1_644' title='bbox 1764 4649 1899 4715; x_wconf 74' lang='lat' dir='ltr'><strong>fieri</strong></span> <span class='ocrx_word' id='word_1_645' title='bbox 1937 4663 1992 4717; x_wconf 81' lang='lat' dir='ltr'><strong>id</strong></span> 
     </span>
    </p>
   </div>
   <div class='ocr_carea' id='block_1_91' title="bbox 350 4718 1993 4845">
    <p class='ocr_par' dir='ltr' id='par_1_91' title="bbox 350 4718 1993 4845">
     <span class='ocr_line' id='line_1_92' title="bbox 350 4718 1993 4845; baseline 0.01 -71"><span class='ocrx_word' id='word_1_646' title='bbox 350 4724 559 4845; x_wconf 56' lang='lat' dir='ltr'><strong>potest,</strong></span> <span class='ocrx_word' id='word_1_647' title='bbox 588 4718 732 4789; x_wconf 85' lang='lat' dir='ltr'><strong>ipsis</strong></span> <span class='ocrx_word' id='word_1_648' title='bbox 775 4718 1318 4801; x_wconf 40' lang='lat' dir='ltr'><strong>auctorum’verbis,</strong></span> <span class='ocrx_word' id='word_1_649' title='bbox 1349 4723 1786 4798; x_wconf 86' lang='lat' dir='ltr'><strong>qualiacumque</strong></span> <span class='ocrx_word' id='word_1_650' title='bbox 1824 4731 1993 4789; x_wconf 89' lang='lat' dir='ltr'><strong>etiam</strong></span> 
     </span>
     <span class='ocr_line' id='line_1_93' title="bbox 393 4791 1156 4845; baseline 0.001 -1"><span class='ocrx_word' id='word_1_651' title='bbox 393 4805 469 4845; x_wconf 69' lang='lat' dir='ltr'><strong>ac</strong></span> <span class='ocrx_word' id='word_1_652' title='bbox 504 4801 637 4845; x_wconf 80' lang='lat' dir='ltr'><strong>sint.</strong></span> <span class='ocrx_word' id='word_1_653' title='bbox 671 4791 979 4845; x_wconf 83' lang='lat' dir='ltr'><strong>exhibendi</strong></span> <span class='ocrx_word' id='word_1_654' title='bbox 1013 4805 1156 4845; x_wconf 74' lang='lat' dir='ltr'><strong>mos.</strong></span> 
     </span>
    </p>
   </div>
   <div class='ocr_carea' id='block_1_92' title="bbox 393 4791 1156 4858">
    <p class='ocr_par' dir='ltr' id='par_1_92' title="bbox 393 4791 1156 4858">
     <span class='ocr_line' id='line_1_94' title="bbox 393 4791 1156 4858; baseline 0.003 -14"><span class='ocrx_word' id='word_1_655' title='bbox 393 4805 469 4845; x_wconf 69' lang='lat' dir='ltr'><strong>ac</strong></span> <span class='ocrx_word' id='word_1_656' title='bbox 504 4793 637 4858; x_wconf 83' lang='lat' dir='ltr'><strong>sint,</strong></span> <span class='ocrx_word' id='word_1_657' title='bbox 671 4791 979 4847; x_wconf 85' lang='lat' dir='ltr'><strong>exhibendi</strong></span> <span class='ocrx_word' id='word_1_658' title='bbox 1013 4805 1156 4848; x_wconf 74' lang='lat' dir='ltr'><strong>mos.</strong></span> 
     </span>
    </p>
   </div>
   <div class='ocr_carea' id='block_1_93' title="bbox 425 4860 1989 4940">
    <p class='ocr_par' dir='ltr' id='par_1_93' title="bbox 425 4860 1989 4940">
     <span class='ocr_line' id='line_1_95' title="bbox 425 4860 1989 4940; baseline 0.01 -24"><span class='ocrx_word' id='word_1_659' title='bbox 425 4860 506 4931; x_wconf 88' lang='lat'><strong>(6)</strong></span> <span class='ocrx_word' id='word_1_660' title='bbox 555 4862 735 4940; x_wconf 58' lang='lat' dir='ltr'><strong>caput</strong></span> <span class='ocrx_word' id='word_1_661' title='bbox 761 4861 892 4927; x_wconf 88' lang='lat' dir='ltr'><strong>hoc,</strong></span> <span class='ocrx_word' id='word_1_662' title='bbox 925 4878 1026 4919; x_wconf 89' lang='lat' dir='ltr'><strong>seu</strong></span> <span class='ocrx_word' id='word_1_663' title='bbox 1058 4867 1265 4940; x_wconf 66' lang='lat' dir='ltr'><strong>potius,</strong></span> <span class='ocrx_word' id='word_1_664' title='bbox 1299 4865 1450 4935; x_wconf 91' lang='lat' dir='ltr'><strong>quod</strong></span> <span class='ocrx_word' id='word_1_665' title='bbox 1489 4866 1546 4922; x_wconf 91' lang='lat' dir='ltr'><strong>in</strong></span> <span class='ocrx_word' id='word_1_666' title='bbox 1603 4882 1670 4926; x_wconf 89' lang='lat' dir='ltr'><strong>eo</strong></span> <span class='ocrx_word' id='word_1_667' title='bbox 1701 4882 1989 4940; x_wconf 79' lang='lat' dir='ltr'><strong>narratur,</strong></span> 
     </span>
    </p>
   </div>
   <div class='ocr_carea' id='block_1_94' title="bbox 351 4933 1991 5005">
    <p class='ocr_par' dir='ltr' id='par_1_94' title="bbox 351 4933 1991 5005">
     <span class='ocr_line' id='line_1_96' title="bbox 351 4933 1991 5005; baseline 0.008 -16"><span class='ocrx_word' id='word_1_668' title='bbox 351 4933 694 4990; x_wconf 77' lang='lat' dir='ltr'><strong>miraculum</strong></span> <span class='ocrx_word' id='word_1_669' title='bbox 755 4945 1090 5005; x_wconf 65' lang='lat' dir='ltr'><strong>siquentem</strong></span> <span class='ocrx_word' id='word_1_670' title='bbox 1153 4933 1396 4993; x_wconf 44' lang='lat' dir='ltr'><strong>hunc—in</strong></span> <span class='ocrx_word' id='word_1_671' title='bbox 1457 4943 1649 4996; x_wconf 82' lang='lat' dir='ltr'><strong>codice</strong></span> <span class='ocrx_word' id='word_1_672' title='bbox 1687 4955 1792 4997; x_wconf 90' lang='lat' dir='ltr'><strong>ms.</strong></span> <span class='ocrx_word' id='word_1_673' title='bbox 1855 4933 1991 5001; x_wconf 84' lang='lat' dir='ltr'><strong>olim</strong></span> 
     </span>
    </p>
   </div>
   <div class='ocr_carea' id='block_1_95' title="bbox 353 5005 1994 5081">
    <p class='ocr_par' dir='ltr' id='par_1_95' title="bbox 353 5005 1994 5081">
     <span class='ocr_line' id='line_1_97' title="bbox 353 5005 1994 5081; baseline 0.008 -22"><span class='ocrx_word' id='word_1_674' title='bbox 353 5005 1095 5081; x_wconf 68' lang='lat' dir='ltr'><strong>Mazarinze_o,_nuncHegio</strong></span> <span class='ocrx_word' id='word_1_675' title='bbox 1131 5006 1465 5081; x_wconf 77' lang='lat' dir='ltr'><strong>Parisieusi,</strong></span> <span class='ocrx_word' id='word_1_676' title='bbox 1501 5012 1554 5064; x_wconf 89' lang='lat' dir='ltr'><strong>in</strong></span> <span class='ocrx_word' id='word_1_677' title='bbox 1589 5025 1702 5081; x_wconf 90' lang='lat' dir='ltr'><strong>quo</strong></span> <span class='ocrx_word' id='word_1_678' title='bbox 1732 5030 1760 5068; x_wconf 90' lang='lat' dir='ltr'><strong>a</strong></span> <span class='ocrx_word' id='word_1_679' title='bbox 1795 5015 1888 5071; x_wconf 82' lang='lat' dir='ltr'><strong>fol.</strong></span> <span class='ocrx_word' id='word_1_680' title='bbox 1924 5017 1994 5071; x_wconf 88' lang='lat'><strong>35</strong></span> 
     </span>
    </p>
   </div>
   <div class='ocr_carea' id='block_1_96' title="bbox 350 5077 1993 5165">
    <p class='ocr_par' dir='ltr' id='par_1_96' title="bbox 350 5077 1993 5165">
     <span class='ocr_line' id='line_1_98' title="bbox 350 5077 1993 5165; baseline 0.004 -27"><span class='ocrx_word' id='word_1_681' title='bbox 350 5094 548 5165; x_wconf 85' lang='lat' dir='ltr'><strong>usque</strong></span> <span class='ocrx_word' id='word_1_682' title='bbox 587 5077 660 5138; x_wconf 89' lang='lat' dir='ltr'><strong>ad</strong></span> <span class='ocrx_word' id='word_1_683' title='bbox 689 5077 912 5165; x_wconf 30' lang='grc' dir='ltr'><strong>φοι-..39</strong></span> <span class='ocrx_word' id='word_1_684' title='bbox 943 5079 1229 5165; x_wconf 69' lang='lat' dir='ltr'><strong>excurril,</strong></span> <span class='ocrx_word' id='word_1_685' title='bbox 1261 5080 1497 5165; x_wconf 66' lang='lat' dir='ltr'><strong>praiiert</strong></span> <span class='ocrx_word' id='word_1_686' title='bbox 1549 5077 1783 5165; x_wconf 76' lang='lat' dir='ltr'><strong>titulum</strong></span> <span class='ocrx_word' id='word_1_687' title='bbox 1819 5107 1834 5148; x_wconf 90' lang='lat'><strong><em>:</em></strong></span> <span class='ocrx_word' id='word_1_688' title='bbox 1873 5093 1993 5165; x_wconf 86' lang='grc' dir='ltr'><strong>Περὶ</strong></span> 
     </span>
    </p>
   </div>
   <div class='ocr_carea' id='block_1_97' title="bbox 349 5156 1992 5242">
    <p class='ocr_par' dir='ltr' id='par_1_97' title="bbox 349 5156 1992 5242">
     <span class='ocr_line' id='line_1_99' title="bbox 349 5156 1992 5242; baseline 0.006 -31"><span class='ocrx_word' id='word_1_689' title='bbox 349 5164 442 5212; x_wconf 82' lang='grc' dir='ltr'>τοῦ</span> <span class='ocrx_word' id='word_1_690' title='bbox 475 5158 596 5242; x_wconf 35' lang='grc' dir='ltr'>Δτὴν</span> <span class='ocrx_word' id='word_1_691' title='bbox 654 5156 959 5242; x_wconf 76' lang='grc' dir='ltr'>αἷμόῤῥοιαν</span> <span class='ocrx_word' id='word_1_692' title='bbox 990 5156 1562 5242; x_wconf 39' lang='grc' dir='ltr'>ἔχοντος-ἐπάρχου,</span> <span class='ocrx_word' id='word_1_693' title='bbox 1613 5162 1674 5224; x_wconf 77' lang='lat' dir='ltr'><strong>id</strong></span> <span class='ocrx_word' id='word_1_694' title='bbox 1742 5174 1854 5242; x_wconf 63' lang='lat' dir='ltr'><strong>est,</strong></span> <span class='ocrx_word' id='word_1_695' title='bbox 1903 5156 1992 5231; x_wconf 75' lang='lat' dir='ltr'><strong>De</strong></span> 
     </span>
    </p>
   </div>
   <div class='ocr_carea' id='block_1_98' title="bbox 339 5237 1992 5314">
    <p class='ocr_par' dir='ltr' id='par_1_98' title="bbox 339 5237 1992 5314">
     <span class='ocr_line' id='line_1_100' title="bbox 339 5237 1992 5314; baseline 0.008 -22"><span class='ocrx_word' id='word_1_696' title='bbox 339 5237 614 5314; x_wconf 66' lang='lat' dir='ltr'><strong>prafecto,</strong></span> <span class='ocrx_word' id='word_1_697' title='bbox 640 5238 932 5314; x_wconf 66' lang='lat' dir='ltr'><strong>sanguini:</strong></span> <span class='ocrx_word' id='word_1_698' title='bbox 970 5237 1192 5314; x_wconf 68' lang='lat' dir='ltr'><strong>ﬂuctum</strong></span> <span class='ocrx_word' id='word_1_699' title='bbox 1220 5237 1410 5311; x_wconf 71' lang='lat' dir='ltr'><strong>passo.</strong></span> <span class='ocrx_word' id='word_1_700' title='bbox 1438 5237 1641 5314; x_wconf 50' lang='lat' dir='ltr'><strong>&#39;lforro</strong></span> <span class='ocrx_word' id='word_1_701' title='bbox 1671 5237 1848 5314; x_wconf 49' lang='lat' dir='ltr'><strong>quod&#39;</strong></span> <span class='ocrx_word' id='word_1_702' title='bbox 1880 5250 1992 5304; x_wconf 85' lang='lat' dir='ltr'><strong>mi—</strong></span> 
     </span>
    </p>
   </div>
   <div class='ocr_carea' id='block_1_99' title="bbox 349 5308 1993 5378">
    <p class='ocr_par' dir='ltr' id='par_1_99' title="bbox 349 5308 1993 5378">
     <span class='ocr_line' id='line_1_101' title="bbox 349 5308 1993 5378; baseline 0.007 -15"><span class='ocrx_word' id='word_1_703' title='bbox 349 5308 611 5365; x_wconf 87' lang='lat' dir='ltr'><strong>raculum</strong></span> <span class='ocrx_word' id='word_1_704' title='bbox 638 5309 780 5365; x_wconf 84' lang='lat' dir='ltr'><strong>illud</strong></span> <span class='ocrx_word' id='word_1_705' title='bbox 811 5324 926 5366; x_wconf 90' lang='lat' dir='ltr'><strong>non</strong></span> <span class='ocrx_word' id='word_1_706' title='bbox 958 5331 988 5365; x_wconf 80' lang='grc' dir='ltr'><strong>υ</strong></span> <span class='ocrx_word' id='word_1_707' title='bbox 1021 5308 1248 5368; x_wconf 80' lang='lat' dir='ltr'><strong>laudato</strong></span> <span class='ocrx_word' id='word_1_708' title='bbox 1292 5314 1429 5366; x_wconf 89' lang='lat' dir='ltr'><strong>olim</strong></span> <span class='ocrx_word' id='word_1_709' title='bbox 1461 5308 1796 5378; x_wconf 73' lang='lat' dir='ltr'><strong>Mazarineo,</strong></span> <span class='ocrx_word' id='word_1_710' title='bbox 1832 5321 1931 5374; x_wconf 90' lang='lat' dir='ltr'><strong>sed</strong></span> <span class='ocrx_word' id='word_1_711' title='bbox 1963 5336 1993 5375; x_wconf 92' lang='lat' dir='ltr'><strong>e</strong></span> 
     </span>
    </p>
   </div>
   <div class='ocr_carea' id='block_1_100' title="bbox 349 5378 1990 5459">
    <p class='ocr_par' dir='ltr' id='par_1_100' title="bbox 349 5378 1990 5459">
     <span class='ocr_line' id='line_1_102' title="bbox 349 5378 1990 5459; baseline 0.009 -25"><span class='ocrx_word' id='word_1_712' title='bbox 349 5378 1293 5459; x_wconf 38' lang='lat' dir='ltr'><strong>bibliothecaryaticanaycodice</strong></span> <span class='ocrx_word' id='word_1_713' title='bbox 1353 5396 1461 5438; x_wconf 90' lang='lat' dir='ltr'><strong>ms.</strong></span> <span class='ocrx_word' id='word_1_714' title='bbox 1519 5385 1622 5438; x_wconf 73' lang='grc'><strong>824</strong></span> <span class='ocrx_word' id='word_1_715' title='bbox 1663 5386 1990 5459; x_wconf 84' lang='lat' dir='ltr'><strong>decerptum</strong></span> 
     </span>
    </p>
   </div>
   <div class='ocr_carea' id='block_1_101' title="bbox 348 5450 1991 5524">
    <p class='ocr_par' dir='ltr' id='par_1_101' title="bbox 348 5450 1991 5524">
     <span class='ocr_line' id='line_1_103' title="bbox 348 5450 1991 5524; baseline 0.01 -20"><span class='ocrx_word' id='word_1_716' title='bbox 348 5450 682 5524; x_wconf 75' lang='lat' dir='ltr'><strong>habeamus,</strong></span> <span class='ocrx_word' id='word_1_717' title='bbox 716 5451 932 5510; x_wconf 89' lang='lat' dir='ltr'><strong>idcirco</strong></span> <span class='ocrx_word' id='word_1_718' title='bbox 963 5453 1018 5507; x_wconf 89' lang='lat' dir='ltr'><strong>id</strong></span> <span class='ocrx_word' id='word_1_719' title='bbox 1053 5453 1144 5508; x_wconf 90' lang='lat' dir='ltr'><strong>hic</strong></span> <span class='ocrx_word' id='word_1_720' title='bbox 1173 5452 1362 5510; x_wconf 85' lang='lat' dir='ltr'><strong>editur</strong></span> <span class='ocrx_word' id='word_1_721' title='bbox 1411 5470 1442 5508; x_wconf 91' lang='lat' dir='ltr'><strong>e</strong></span> <span class='ocrx_word' id='word_1_722' title='bbox 1474 5457 1776 5524; x_wconf 82' lang='lat' dir='ltr'><strong>posteriori</strong></span> <span class='ocrx_word' id='word_1_723' title='bbox 1807 5450 1991 5520; x_wconf 61' lang='lat' dir='ltr'><strong>iéthoc</strong></span> 
     </span>
    </p>
   </div>
   <div class='ocr_carea' id='block_1_102' title="bbox 347 5519 1990 5595">
    <p class='ocr_par' dir='ltr' id='par_1_102' title="bbox 347 5519 1990 5595">
     <span class='ocr_line' id='line_1_104' title="bbox 347 5519 1990 5595; baseline 0.012 -22"><span class='ocrx_word' id='word_1_724' title='bbox 347 5519 686 5595; x_wconf 80' lang='lat' dir='ltr'><strong>litteratorio</strong></span> <span class='ocrx_word' id='word_1_725' title='bbox 719 5534 1108 5588; x_wconf 71' lang='lat' dir='ltr'><strong>monumento,</strong></span> <span class='ocrx_word' id='word_1_726' title='bbox 1144 5525 1203 5580; x_wconf 90' lang='lat' dir='ltr'><strong>in</strong></span> <span class='ocrx_word' id='word_1_727' title='bbox 1237 5539 1351 5595; x_wconf 91' lang='lat' dir='ltr'><strong>quo</strong></span> <span class='ocrx_word' id='word_1_728' title='bbox 1385 5519 1517 5582; x_wconf 68' lang='lat' dir='ltr'><strong>licet</strong></span> <span class='ocrx_word' id='word_1_729' title='bbox 1543 5527 1780 5585; x_wconf 82' lang='lat' dir='ltr'><strong>Joannis</strong></span> <span class='ocrx_word' id='word_1_730' title='bbox 1815 5519 1990 5591; x_wconf 72' lang='lat' dir='ltr'><strong>&#39;l‘hes-</strong></span> 
     </span>
    </p>
   </div>
   <div class='ocr_carea' id='block_1_103' title="bbox 347 5590 1988 5667">
    <p class='ocr_par' dir='ltr' id='par_1_103' title="bbox 347 5590 1988 5667">
     <span class='ocr_line' id='line_1_105' title="bbox 347 5590 1988 5667; baseline 0.012 -23"><span class='ocrx_word' id='word_1_731' title='bbox 347 5590 725 5647; x_wconf 88' lang='lat' dir='ltr'><strong>salonicensis</strong></span> <span class='ocrx_word' id='word_1_732' title='bbox 785 5598 1018 5650; x_wconf 88' lang='lat' dir='ltr'><strong>nomine</strong></span> <span class='ocrx_word' id='word_1_733' title='bbox 1052 5609 1166 5650; x_wconf 85' lang='lat' dir='ltr'><strong>non</strong></span> <span class='ocrx_word' id='word_1_734' title='bbox 1208 5590 1486 5667; x_wconf 68' lang='lat' dir='ltr'><strong>signetur,</strong></span> <span class='ocrx_word' id='word_1_735' title='bbox 1532 5602 1738 5654; x_wconf 76' lang='lat' dir='ltr'><strong>lHIIS&#39;Ji</strong></span> <span class='ocrx_word' id='word_1_736' title='bbox 1798 5590 1988 5662; x_wconf 81' lang='lat' dir='ltr'><strong>tamen</strong></span> 
     </span>
    </p>
   </div>
   <div class='ocr_carea' id='block_1_104' title="bbox 2156 4375 3712 4449">
    <p class='ocr_par' dir='ltr' id='par_1_104' title="bbox 2156 4375 3712 4449">
     <span class='ocr_line' id='line_1_106' title="bbox 2156 4375 3712 4449; baseline 0.002 -18"><span class='ocrx_word' id='word_1_737' title='bbox 2156 4376 2232 4444; x_wconf 87' lang='lat'><strong>(7)</strong></span> <span class='ocrx_word' id='word_1_738' title='bbox 2267 4375 2455 4431; x_wconf 83' lang='lat' dir='ltr'><strong>Fuerit</strong></span> <span class='ocrx_word' id='word_1_739' title='bbox 2489 4389 2625 4446; x_wconf 87' lang='lat' dir='ltr'><strong>ergo</strong></span> <span class='ocrx_word' id='word_1_740' title='bbox 2661 4377 2978 4449; x_wconf 66' lang='lat' dir='ltr'><strong>praefectus,</strong></span> <span class='ocrx_word' id='word_1_741' title='bbox 3009 4377 3076 4433; x_wconf 92' lang='lat' dir='ltr'><strong>de</strong></span> <span class='ocrx_word' id='word_1_742' title='bbox 3108 4391 3222 4448; x_wconf 90' lang='lat' dir='ltr'><strong>quo</strong></span> <span class='ocrx_word' id='word_1_743' title='bbox 3255 4377 3344 4432; x_wconf 89' lang='lat' dir='ltr'><strong>hic</strong></span> <span class='ocrx_word' id='word_1_744' title='bbox 3374 4379 3580 4449; x_wconf 82' lang='lat' dir='ltr'><strong>agitur,</strong></span> <span class='ocrx_word' id='word_1_745' title='bbox 3610 4377 3712 4449; x_wconf 81' lang='lat' dir='ltr'><strong>mi-</strong></span> 
     </span>
    </p>
   </div>
   <div class='ocr_carea' id='block_1_105' title="bbox 2080 4446 3711 4520">
    <p class='ocr_par' dir='ltr' id='par_1_105' title="bbox 2080 4446 3711 4520">
     <span class='ocr_line' id='line_1_107' title="bbox 2080 4446 3711 4520; baseline 0 -18"><span class='ocrx_word' id='word_1_746' title='bbox 2080 4446 2268 4510; x_wconf 90' lang='lat' dir='ltr'><strong>litum,</strong></span> <span class='ocrx_word' id='word_1_747' title='bbox 2304 4455 2364 4520; x_wconf 82' lang='lat' dir='ltr'><strong>ut</strong></span> <span class='ocrx_word' id='word_1_748' title='bbox 2394 4455 2782 4520; x_wconf 50' lang='lat' dir='ltr'><strong>apparetLper</strong></span> <span class='ocrx_word' id='word_1_749' title='bbox 2839 4446 3142 4520; x_wconf 71' lang='lat' dir='ltr'><strong>Illyricum</strong></span> <span class='ocrx_word' id='word_1_750' title='bbox 3169 4446 3440 4519; x_wconf 73' lang='lat' dir='ltr'><strong>magister</strong></span> <span class='ocrx_word' id='word_1_751' title='bbox 3472 4468 3486 4515; x_wconf 89' lang='lat'><strong>;</strong></span> <span class='ocrx_word' id='word_1_752' title='bbox 3549 4447 3711 4520; x_wconf 87' lang='lat' dir='ltr'><strong>quale</strong></span> 
     </span>
    </p>
   </div>
   <div class='ocr_carea' id='block_1_106' title="bbox 2081 4515 3713 4588">
    <p class='ocr_par' dir='ltr' id='par_1_106' title="bbox 2081 4515 3713 4588">
     <span class='ocr_line' id='line_1_108' title="bbox 2081 4515 3713 4588; baseline -0.001 -12"><span class='ocrx_word' id='word_1_753' title='bbox 2081 4531 2269 4576; x_wconf 86' lang='lat' dir='ltr'><strong>autem</strong></span> <span class='ocrx_word' id='word_1_754' title='bbox 2303 4518 2360 4573; x_wconf 90' lang='lat' dir='ltr'><strong>id</strong></span> <span class='ocrx_word' id='word_1_755' title='bbox 2393 4515 2562 4573; x_wconf 82' lang='lat' dir='ltr'><strong>fuerit</strong></span> <span class='ocrx_word' id='word_1_756' title='bbox 2592 4515 2866 4587; x_wconf 78' lang='lat' dir='ltr'><strong>cilicium,</strong></span> <span class='ocrx_word' id='word_1_757' title='bbox 2899 4515 3050 4588; x_wconf 80' lang='lat' dir='ltr'><strong>apud</strong></span> <span class='ocrx_word' id='word_1_758' title='bbox 3100 4515 3460 4576; x_wconf 74' lang='lat' dir='ltr'><strong>Panciro&#39;um</strong></span> <span class='ocrx_word' id='word_1_759' title='bbox 3491 4515 3713 4576; x_wconf 48' lang='lat' dir='ltr'><strong>in—con-</strong></span> 
     </span>
    </p>
   </div>
   <div class='ocr_carea' id='block_1_107' title="bbox 2077 4587 3708 4659">
    <p class='ocr_par' dir='ltr' id='par_1_107' title="bbox 2077 4587 3708 4659">
     <span class='ocr_line' id='line_1_109' title="bbox 2077 4587 3708 4659; baseline -0.001 -12"><span class='ocrx_word' id='word_1_760' title='bbox 2077 4591 2312 4647; x_wconf 81' lang='lat' dir='ltr'><strong>cinnata</strong></span> <span class='ocrx_word' id='word_1_761' title='bbox 2344 4588 2400 4644; x_wconf 93' lang='lat' dir='ltr'><strong>in</strong></span> <span class='ocrx_word' id='word_1_762' title='bbox 2451 4588 2680 4659; x_wconf 90' lang='lat' dir='ltr'><strong>Imperii</strong></span> <span class='ocrx_word' id='word_1_763' title='bbox 2715 4587 3023 4646; x_wconf 82' lang='lat' dir='ltr'><strong>Orientalis</strong></span> <span class='ocrx_word' id='word_1_764' title='bbox 3059 4590 3325 4647; x_wconf 85' lang='lat' dir='ltr'><strong>Notitiam</strong></span> <span class='ocrx_word' id='word_1_765' title='bbox 3360 4592 3708 4650; x_wconf 77' lang='lat' dir='ltr'><strong>Commenta-</strong></span> 
     </span>
    </p>
   </div>
   <div class='ocr_carea' id='block_1_108' title="bbox 2079 4659 3708 4734">
    <p class='ocr_par' dir='ltr' id='par_1_108' title="bbox 2079 4659 3708 4734">
     <span class='ocr_line' id='line_1_110' title="bbox 2079 4659 3708 4734; baseline -0.002 -15"><span class='ocrx_word' id='word_1_766' title='bbox 2079 4664 2186 4726; x_wconf 91' lang='lat' dir='ltr'><strong>rio,</strong></span> <span class='ocrx_word' id='word_1_767' title='bbox 2220 4675 2346 4731; x_wconf 84' lang='lat' dir='ltr'><strong>cap.</strong></span> <span class='ocrx_word' id='word_1_768' title='bbox 2398 4659 2467 4734; x_wconf 71' lang='lat' dir='ltr'><strong>3t)</strong></span> <span class='ocrx_word' id='word_1_769' title='bbox 2506 4671 2559 4715; x_wconf 87' lang='lat' dir='ltr'><strong>et</strong></span> <span class='ocrx_word' id='word_1_770' title='bbox 2590 4660 2685 4734; x_wconf 52' lang='lat' dir='ltr'><strong>5i</strong></span> <span class='ocrx_word' id='word_1_771' title='bbox 2713 4663 3026 4730; x_wconf 85' lang='lat' dir='ltr'><strong>expositam</strong></span> <span class='ocrx_word' id='word_1_772' title='bbox 3057 4661 3334 4728; x_wconf 81' lang='lat' dir='ltr'><strong>invenies,</strong></span> <span class='ocrx_word' id='word_1_773' title='bbox 3369 4662 3708 4734; x_wconf 86' lang='lat' dir='ltr'><strong>colligesque</strong></span> 
     </span>
    </p>
   </div>
   <div class='ocr_carea' id='block_1_109' title="bbox 2076 4732 3707 4804">
    <p class='ocr_par' dir='ltr' id='par_1_109' title="bbox 2076 4732 3707 4804">
     <span class='ocr_line' id='line_1_111' title="bbox 2076 4732 3707 4804; baseline -0.001 -14"><span class='ocrx_word' id='word_1_774' title='bbox 2076 4735 2249 4804; x_wconf 84' lang='lat' dir='ltr'><strong>etiam</strong></span> <span class='ocrx_word' id='word_1_775' title='bbox 2279 4743 2352 4786; x_wconf 80' lang='lat' dir='ltr'><strong>ex</strong></span> <span class='ocrx_word' id='word_1_776' title='bbox 2403 4732 2472 4804; x_wconf 79' lang='lat' dir='ltr'><strong>iis</strong></span> <span class='ocrx_word' id='word_1_777' title='bbox 2502 4744 2622 4801; x_wconf 65' lang='lat' dir='ltr'><strong>quae</strong></span> <span class='ocrx_word' id='word_1_778' title='bbox 2673 4732 2878 4788; x_wconf 91' lang='lat' dir='ltr'><strong>horum</strong></span> <span class='ocrx_word' id='word_1_779' title='bbox 2926 4747 3089 4803; x_wconf 88' lang='lat' dir='ltr'><strong>capp.</strong></span> <span class='ocrx_word' id='word_1_780' title='bbox 3155 4737 3332 4803; x_wconf 86' lang='lat' dir='ltr'><strong>priori</strong></span> <span class='ocrx_word' id='word_1_781' title='bbox 3371 4737 3417 4791; x_wconf 90' lang='lat' dir='ltr'><strong>is</strong></span> <span class='ocrx_word' id='word_1_782' title='bbox 3475 4732 3707 4804; x_wconf 77' lang='lat' dir='ltr'><strong>scriptor</strong></span> 
     </span>
    </p>
   </div>
   <div class='ocr_carea' id='block_1_110' title="bbox 2077 4802 3704 4876">
    <p class='ocr_par' dir='ltr' id='par_1_110' title="bbox 2077 4802 3704 4876">
     <span class='ocr_line' id='line_1_112' title="bbox 2077 4802 3704 4876; baseline 0.001 -17"><span class='ocrx_word' id='word_1_783' title='bbox 2077 4803 2259 4866; x_wconf 72' lang='lat' dir='ltr'><strong>affert,</strong></span> <span class='ocrx_word' id='word_1_784' title='bbox 2293 4802 2620 4876; x_wconf 69' lang='lat' dir='ltr'><strong>praefectum</strong></span> <span class='ocrx_word' id='word_1_785' title='bbox 2655 4817 2760 4876; x_wconf 82' lang='lat' dir='ltr'><strong>seu</strong></span> <span class='ocrx_word' id='word_1_786' title='bbox 2810 4802 3445 4876; x_wconf 38' lang='lat' dir='ltr'><strong>magisirum’militum,</strong></span> <span class='ocrx_word' id='word_1_787' title='bbox 3477 4807 3546 4862; x_wconf 88' lang='lat' dir='ltr'><strong>de</strong></span> <span class='ocrx_word' id='word_1_788' title='bbox 3590 4802 3704 4876; x_wconf 44' lang='lat' dir='ltr'><strong>‘quo</strong></span> 
     </span>
    </p>
   </div>
   <div class='ocr_carea' id='block_1_111' title="bbox 2077 4873 3705 4946">
    <p class='ocr_par' dir='ltr' id='par_1_111' title="bbox 2077 4873 3705 4946">
     <span class='ocr_line' id='line_1_113' title="bbox 2077 4873 3705 4946; baseline 0.001 -16"><span class='ocrx_word' id='word_1_789' title='bbox 2077 4876 2190 4945; x_wconf 88' lang='lat' dir='ltr'><strong>hic,</strong></span> <span class='ocrx_word' id='word_1_790' title='bbox 2220 4873 2470 4944; x_wconf 78' lang='lat' dir='ltr'><strong>profecto</strong></span> <span class='ocrx_word' id='word_1_791' title='bbox 2515 4874 2784 4946; x_wconf 65' lang='lat' dir='ltr'><strong>praetorii</strong></span> <span class='ocrx_word' id='word_1_792' title='bbox 2847 4873 2999 4946; x_wconf 83' lang='lat' dir='ltr'><strong>Illyri</strong></span> <span class='ocrx_word' id='word_1_793' title='bbox 3037 4890 3152 4932; x_wconf 90' lang='lat' dir='ltr'><strong>non</strong></span> <span class='ocrx_word' id='word_1_794' title='bbox 3216 4873 3488 4946; x_wconf 76' lang='lat' dir='ltr'><strong>paruisse,</strong></span> <span class='ocrx_word' id='word_1_795' title='bbox 3520 4873 3705 4934; x_wconf 83' lang='lat' dir='ltr'><strong>contra</strong></span> 
     </span>
    </p>
   </div>
   <div class='ocr_carea' id='block_1_112' title="bbox 2076 4944 3701 5018">
    <p class='ocr_par' dir='ltr' id='par_1_112' title="bbox 2076 4944 3701 5018">
     <span class='ocr_line' id='line_1_114' title="bbox 2076 4944 3701 5018; baseline 0.001 -16"><span class='ocrx_word' id='word_1_796' title='bbox 2076 4961 2141 5003; x_wconf 84' lang='lat' dir='ltr'><strong>ac</strong></span> <span class='ocrx_word' id='word_1_797' title='bbox 2164 4944 2277 5018; x_wconf 84' lang='lat' dir='ltr'><strong>non</strong></span> <span class='ocrx_word' id='word_1_798' title='bbox 2301 4959 2472 5018; x_wconf 83' lang='lat' dir='ltr'><strong>nemo</strong></span> <span class='ocrx_word' id='word_1_799' title='bbox 2490 4944 2647 5018; x_wconf 64' lang='lat' dir='ltr'><strong>forte</strong></span> <span class='ocrx_word' id='word_1_800' title='bbox 2670 4944 2981 5018; x_wconf 77' lang='lat' dir='ltr'><strong>existimet,</strong></span> <span class='ocrx_word' id='word_1_801' title='bbox 3013 4949 3164 5017; x_wconf 91' lang='lat' dir='ltr'><strong>quod</strong></span> <span class='ocrx_word' id='word_1_802' title='bbox 3190 4944 3497 5018; x_wconf 80' lang='lat' dir='ltr'><strong>spectabile</strong></span> <span class='ocrx_word' id='word_1_803' title='bbox 3517 4961 3701 5005; x_wconf 89' lang='lat' dir='ltr'><strong>eorum</strong></span> 
     </span>
    </p>
   </div>
   <div class='ocr_carea' id='block_1_113' title="bbox 2077 5015 3700 5091">
    <p class='ocr_par' dir='ltr' id='par_1_113' title="bbox 2077 5015 3700 5091">
     <span class='ocr_line' id='line_1_115' title="bbox 2077 5015 3700 5091; baseline 0.001 -18"><span class='ocrx_word' id='word_1_804' title='bbox 2077 5017 2173 5091; x_wconf 79' lang='lat' dir='ltr'><strong>qui</strong></span> <span class='ocrx_word' id='word_1_805' title='bbox 2229 5016 2334 5072; x_wconf 89' lang='lat' dir='ltr'><strong>sub</strong></span> <span class='ocrx_word' id='word_1_806' title='bbox 2365 5015 3240 5091; x_wconf 24' lang='lat' dir='ltr'><strong>praefectidlllyriciprincipatu</strong></span> <span class='ocrx_word' id='word_1_807' title='bbox 3297 5029 3475 5086; x_wconf 86' lang='lat' dir='ltr'><strong>erant,</strong></span> <span class='ocrx_word' id='word_1_808' title='bbox 3507 5032 3700 5091; x_wconf 84' lang='lat' dir='ltr'><strong>agmen</strong></span> 
     </span>
    </p>
   </div>
   <div class='ocr_carea' id='block_1_114' title="bbox 2076 5086 3698 5161">
    <p class='ocr_par' dir='ltr' id='par_1_114' title="bbox 2076 5086 3698 5161">
     <span class='ocr_line' id='line_1_116' title="bbox 2076 5086 3698 5161; baseline 0 -15"><span class='ocrx_word' id='word_1_809' title='bbox 2076 5086 2445 5161; x_wconf 74' lang='lat' dir='ltr'><strong>gubernasse,</strong></span> <span class='ocrx_word' id='word_1_810' title='bbox 2482 5089 2575 5142; x_wconf 89' lang='lat' dir='ltr'><strong>hic</strong></span> <span class='ocrx_word' id='word_1_811' title='bbox 2605 5086 2864 5161; x_wconf 68' lang='lat' dir='ltr'><strong>dicatur,</strong></span> <span class='ocrx_word' id='word_1_812' title='bbox 2889 5086 3004 5146; x_wconf 86' lang='lat' dir='ltr'><strong>Nec</strong></span> <span class='ocrx_word' id='word_1_813' title='bbox 3050 5086 3352 5161; x_wconf 76' lang='lat' dir='ltr'><strong>propterea</strong></span> <span class='ocrx_word' id='word_1_814' title='bbox 3382 5086 3569 5148; x_wconf 74' lang='lat' dir='ltr'><strong>tamen</strong></span> <span class='ocrx_word' id='word_1_815' title='bbox 3599 5103 3698 5160; x_wconf 87' lang='lat' dir='ltr'><strong>pu-</strong></span> 
     </span>
    </p>
   </div>
   <div class='ocr_carea' id='block_1_115' title="bbox 2076 5157 3697 5226">
    <p class='ocr_par' dir='ltr' id='par_1_115' title="bbox 2076 5157 3697 5226">
     <span class='ocr_line' id='line_1_117' title="bbox 2076 5157 3697 5226; baseline 0 -10"><span class='ocrx_word' id='word_1_816' title='bbox 2076 5157 2312 5216; x_wconf 69' lang='lat' dir='ltr'><strong>tandum</strong></span> <span class='ocrx_word' id='word_1_817' title='bbox 2338 5167 2578 5226; x_wconf 89' lang='lat' dir='ltr'><strong>est,cum</strong></span> <span class='ocrx_word' id='word_1_818' title='bbox 2605 5157 2908 5216; x_wconf 89' lang='lat' dir='ltr'><strong>Pancirolo</strong></span> <span class='ocrx_word' id='word_1_819' title='bbox 2930 5157 3207 5218; x_wconf 80' lang='lat' dir='ltr'><strong>Joannem</strong></span> <span class='ocrx_word' id='word_1_820' title='bbox 3240 5157 3697 5219; x_wconf 77' lang='lat' dir='ltr'><strong>Thessalonicen-</strong></span> 
     </span>
    </p>
   </div>
   <div class='ocr_carea' id='block_1_116' title="bbox 2075 5230 3697 5302">
    <p class='ocr_par' dir='ltr' id='par_1_116' title="bbox 2075 5230 3697 5302">
     <span class='ocr_line' id='line_1_118' title="bbox 2075 5230 3697 5302; baseline 0.001 -17"><span class='ocrx_word' id='word_1_821' title='bbox 2075 5245 2195 5286; x_wconf 85' lang='lat' dir='ltr'><strong>sem</strong></span> <span class='ocrx_word' id='word_1_822' title='bbox 2245 5230 2336 5285; x_wconf 92' lang='lat' dir='ltr'><strong>bic</strong></span> <span class='ocrx_word' id='word_1_823' title='bbox 2365 5242 2641 5300; x_wconf 84' lang='lat' dir='ltr'><strong>pugnare;</strong></span> <span class='ocrx_word' id='word_1_824' title='bbox 2682 5233 2756 5286; x_wconf 78' lang='lat' dir='ltr'><strong>ita</strong></span> <span class='ocrx_word' id='word_1_825' title='bbox 2778 5232 2941 5302; x_wconf 88' lang='lat' dir='ltr'><strong>enim</strong></span> <span class='ocrx_word' id='word_1_826' title='bbox 2979 5233 3262 5301; x_wconf 85' lang='lat' dir='ltr'><strong>posterior</strong></span> <span class='ocrx_word' id='word_1_827' title='bbox 3321 5236 3414 5289; x_wconf 91' lang='lat' dir='ltr'><strong>hic</strong></span> <span class='ocrx_word' id='word_1_828' title='bbox 3464 5234 3697 5302; x_wconf 89' lang='lat' dir='ltr'><strong>scriptor</strong></span> 
     </span>
    </p>
   </div>
   <div class='ocr_carea' id='block_1_117' title="bbox 2073 5301 3696 5376">
    <p class='ocr_par' dir='ltr' id='par_1_117' title="bbox 2073 5301 3696 5376">
     <span class='ocr_line' id='line_1_119' title="bbox 2073 5301 3696 5376; baseline 0.001 -19"><span class='ocrx_word' id='word_1_829' title='bbox 2073 5310 2255 5372; x_wconf 81' lang='lat' dir='ltr'><strong>potest</strong></span> <span class='ocrx_word' id='word_1_830' title='bbox 2306 5302 2547 5372; x_wconf 86' lang='lat' dir='ltr'><strong>intelligi</strong></span> <span class='ocrx_word' id='word_1_831' title='bbox 2580 5313 2641 5358; x_wconf 90' lang='lat' dir='ltr'><strong>ut</strong></span> <span class='ocrx_word' id='word_1_832' title='bbox 2694 5301 2918 5368; x_wconf 90' lang='lat' dir='ltr'><strong>milites,</strong></span> <span class='ocrx_word' id='word_1_833' title='bbox 2954 5317 3199 5374; x_wconf 87' lang='lat' dir='ltr'><strong>quorum</strong></span> <span class='ocrx_word' id='word_1_834' title='bbox 3252 5305 3462 5376; x_wconf 87' lang='lat' dir='ltr'><strong>agmini</strong></span> <span class='ocrx_word' id='word_1_835' title='bbox 3512 5301 3696 5376; x_wconf 48' lang='lat' dir='ltr'><strong>praat‘ef</strong></span> 
     </span>
    </p>
   </div>
   <div class='ocr_carea' id='block_1_118' title="bbox 2074 5374 3692 5446">
    <p class='ocr_par' dir='ltr' id='par_1_118' title="bbox 2074 5374 3692 5446">
     <span class='ocr_line' id='line_1_120' title="bbox 2074 5374 3692 5446; baseline 0.002 -20"><span class='ocrx_word' id='word_1_836' title='bbox 2074 5380 2226 5429; x_wconf 86' lang='lat' dir='ltr'><strong>ctum</strong></span> <span class='ocrx_word' id='word_1_837' title='bbox 2261 5387 2408 5446; x_wconf 67' lang='lat' dir='ltr'><strong>asa</strong></span> <span class='ocrx_word' id='word_1_838' title='bbox 2449 5382 2826 5446; x_wconf 83' lang='lat' dir='ltr'><strong>memoratum</strong></span> <span class='ocrx_word' id='word_1_839' title='bbox 2867 5377 3160 5444; x_wconf 70' lang='lat' dir='ltr'><strong>praefuisse</strong></span> <span class='ocrx_word' id='word_1_840' title='bbox 3189 5374 3426 5442; x_wconf 31' lang='lat' dir='ltr'><strong>ait,‘sub</strong></span> <span class='ocrx_word' id='word_1_841' title='bbox 3455 5374 3692 5446; x_wconf 76' lang='lat' dir='ltr'><strong>praefecti</strong></span> 
     </span>
    </p>
   </div>
   <div class='ocr_carea' id='block_1_119' title="bbox 2073 5441 3691 5517">
    <p class='ocr_par' dir='ltr' id='par_1_119' title="bbox 2073 5441 3691 5517">
     <span class='ocr_line' id='line_1_121' title="bbox 2073 5441 3691 5517; baseline 0.002 -18"><span class='ocrx_word' id='word_1_842' title='bbox 2073 5443 2317 5517; x_wconf 74' lang='lat' dir='ltr'><strong>praetorii</strong></span> <span class='ocrx_word' id='word_1_843' title='bbox 2349 5441 2558 5517; x_wconf 87' lang='lat' dir='ltr'><strong>Illyrici</strong></span> <span class='ocrx_word' id='word_1_844' title='bbox 2619 5441 3109 5517; x_wconf 10' lang='lat' dir='ltr'><strong>priucipa‘tu,inon</strong></span> <span class='ocrx_word' id='word_1_845' title='bbox 3145 5449 3394 5517; x_wconf 77' lang='lat' dir='ltr'><strong>parendo</strong></span> <span class='ocrx_word' id='word_1_846' title='bbox 3425 5441 3519 5505; x_wconf 75' lang='lat' dir='ltr'><strong>sed</strong></span> <span class='ocrx_word' id='word_1_847' title='bbox 3546 5458 3691 5504; x_wconf 88' lang='lat' dir='ltr'><strong>com-</strong></span> 
     </span>
    </p>
   </div>
   <div class='ocr_carea' id='block_1_120' title="bbox 2072 5513 3589 5588">
    <p class='ocr_par' dir='ltr' id='par_1_120' title="bbox 2072 5513 3589 5588">
     <span class='ocr_line' id='line_1_122' title="bbox 2072 5513 3589 5588; baseline 0.003 -15"><span class='ocrx_word' id='word_1_848' title='bbox 2072 5513 2349 5574; x_wconf 78' lang='lat' dir='ltr'><strong>morando</strong></span> <span class='ocrx_word' id='word_1_849' title='bbox 2379 5513 2672 5584; x_wconf 84' lang='lat' dir='ltr'><strong>duntaxat,</strong></span> <span class='ocrx_word' id='word_1_850' title='bbox 2705 5513 2896 5582; x_wconf 57' lang='lat' dir='ltr'><strong>fuisse,</strong></span> <span class='ocrx_word' id='word_1_851' title='bbox 2928 5513 3309 5588; x_wconf 75' lang='lat' dir='ltr'><strong>signiﬁcatum</strong></span> <span class='ocrx_word' id='word_1_852' title='bbox 3339 5521 3589 5577; x_wconf 83' lang='lat' dir='ltr'><strong>voluerit.</strong></span> 
     </span>
    </p>
   </div>
  </div>
