4056 6152
281 327 428 403 1221
1356 335 1416 401 S.
1461 325 1840 402 DEMETRII
1884 333 2283 399 MARTYRIS
2323 331 2546 398 ACTA.
3485 339 3639 404 1222

278 472 446 538 δόλως
489 471 791 532 ὑπενδοῦναι
828 475 926 543 τὴν
969 475 1134 554 ποράν
1163 481 1256 531 τοῦ
1305 473 1562 555 α’ίματος,
1606 476 1678 538 ὠς
1724 473 1910 533 λοιπὸν

2022 473 2219 536 nentia
2249 473 2668 554 extenuatis,in
2704 471 2986 536 extremis
3009 473 3243 536 tandem
3265 476 3353 537 vir
3372 477 3628 558 jaceret,

279 562 336 619 ἐν
391 577 515 628 ταῖς
569 562 896 629 τελευταίαις
952 568 1161 622 κεῖσθαι
1204 567 1292 622 τὸν
1353 563 1509 643 ἄνδρα
1565 578 1757 628 πνοαῖς
1817 571 1913 631 τῆς

2025 564 2388 644 nexpectabo
2419 564 2663 627 sublatis
2696 564 2975 645 paulatim
3027 565 3246 642 oculis,
3279 570 3464 629 servis
3515 570 3636 630 suis

279 660 374 710 τοῦ
429 654 624 718 πάθους
687 651 1041 732 σφοδρότητος
1102 653 1556 735 καταχαλασάσης
1613 660 1710 722 τὴν
1755 653 1914 711 δύνα-

2022 654 2192 716 lixit:
2257 656 2349 718 Ad
2411 655 2654 716 domum
2708 655 2960 717 civitatis
3021 666 3239 722 nostrae
3284 660 3639 740 protectoris

281 765 396 818 μιν,
431 740 582 822 ἄφνω
621 743 741 808 τοὺς
785 742 1086 822 ὀφθαλμοὺς
1147 742 1328 822 διάρας
1373 745 1544 822 ἡρέμα
1602 743 1749 821 λέγει
1797 756 1918 805 τοῖς

2022 743 2297 806 sublatum
2325 763 2418 806 me
2449 744 2714 808 ferteJlli
2739 754 2936 807 autem
2965 766 3100 808 cum
3136 747 3349 808 timore
3381 768 3638 830 respon-

282 829 433 894 ἰδίοις
471 846 485 861 ⁶
533 834 900 896 Βαστάσαντες
931 833 1235 912 ἀπαγάγετέ
1269 855 1335 908 με
1368 835 1441 896 εἷς
1501 835 1592 891 τὸν
1643 834 1798 890 οἶκον
1828 840 1921 889 τοῦ

2022 833 2216 894 lentos
2247 835 2450 895 dicunt
2483 835 2536 895 ei
2572 857 2584 895 :
2638 835 2729 898 Ad
2789 835 2958 914 cujus
3011 837 3363 917 protectoris
3393 829 3636 902 domum

280 922 584 1000 προστάτου
639 927 735 989 τῆς
805 921 1012 986 πόλεως
1096 925 1275 998 ἡμῶν,
1337 927 1396 982 Οἱ
1453 921 1507 979 δὲ
1568 925 1702 998 μετά
1758 921 1921 1002 φόϐου

2022 924 2178 994 iubes
2210 942 2316 984 nos
2348 933 2404 986 te
2435 925 2591 986 ferre
2614 932 2641 988 ‘?
2704 924 2854 988 Dicit
2911 924 3018 998 eis,
3075 925 3300 1002 Primi;
3333 926 3496 988 aiunt
3527 928 3637 1010 illi,

283 1011 655 1089 ἀποκριθέντες
711 1011 955 1090 λέγουσιν
1017 1015 1158 1086 αὑτῷ
1190 1030 1204 1044 ·
1271 1015 1355 1074 Εἰς
1413 1014 1564 1068 ποίου
1625 1013 1922 1091 προστάτου

284 1099 441 1156 οἶκον
498 1099 732 1166 κελεύεις
774 1104 911 1176 ἡμῖν
969 1101 1274 1179 ἀπαγαγεῖν
1331 1117 1441 1174 σε;
1488 1101 1644 1179 Λέγει
1709 1106 1920 1178 αὐτοῖς,

284 1196 390 1246 Τοῦ
445 1190 655 1262 πρώτου
688 1205 703 1221 '
771 1193 818 1248 οἱ
875 1189 928 1246 δὲ
999 1191 1176 1270 φασὶν,
1265 1190 1482 1268 Πρώτου
1539 1193 1732 1263 τίνος;
1797 1192 1921 1246 Εἰπὲ

282 1279 420 1352 ἡμῖν
479 1281 562 1356 τὸ-
597 1277 789 1355 ὄνομα,
854 1278 1106 1342 δέσποτα.
1177 1282 1238 1337 Ὀ
1297 1277 1348 1334 δὲ
1409 1273 1680 1356 ἐμϐλέψας
1739 1279 1918 1342 αὑτοῖς

286 1365 432 1444 λέγει
467 1383 482 1398 ⁹
541 1353 718 1426 ΓἸΞτῑτω
774 1368 882 1448 ἐγὼ
937 1369 1022 1425 διὰ
1078 1370 1176 1436 τὴν
1229 1370 1382 1426 νόσον
1442 1369 1660 1426 ἔλαττον
1721 1377 1918 1449 φρονῶ,

287 1458 401 1522 πῶς
460 1459 546 1514 καὶ
600 1459 761 1534 ὑμεῖς
821 1459 1141 1537 ὑγιαίνοντες
1201 1459 1535 1538 ἀφρονεῖτες
1597 1462 1703 1516 Οὑκ
1774 1459 1918 1530 ἴστε,

289 1543 371 1603 ὅτι
400 1545 632 1611 πολλοὺς
665 1549 763 1625 μὲν
795 1547 912 1628 ἔχει
947 1549 1247 1622 προστάτας
1293 1549 1327 1615 ἡ
1359 1547 1510 1608 πόλις
1563 1549 1704 1624 παρὰ
1756 1551 1869 1621 Θεῷ
1906 1567 1922 1618 ς

290 1633 383 1692 ἕνα
439 1633 492 1691 δὲ
548 1642 610 1693 τὸ
668 1645 876 1716 πρῶτον
937 1639 1106 1694 αὑτῶν
1150 1635 1234 1692 διὰ
1279 1639 1509 1714 Χριστοῦ
1553 1635 1920 1714 ἐκληρώσατο,

287 1727 382 1781 τὸν
425 1727 511 1782 καὶ
557 1725 791 1802 ἐκθύμως
854 1727 941 1784 καὶ
1008 1729 1212 1804 θερμῶς
1273 1728 1686 1806 ὑπερμαχοῦντα
1761 1728 1923 1792 αὑτῆς

289 1815 365 1908 είς
394 1815 505 1908 ἀεῖ,
528 1815 599 1908 Δ’ὃν
627 1818 700 1879 ὡς
731 1829 921 1908 τεῖχος
952 1815 1380 1908 ἀκαταμοίχητον
1401 1819 1460 1874 οὗ
1485 1817 1644 1892 μόνον
1677 1818 1712 1884 ἡ
1742 1814 1920 1889 πόλις,
1948 1856 1989 1908 Β

290 1902 428 1960 ἀλλὰ
460 1905 544 1960 καὶ
567 1905 600 1973 ἡ
632 1912 776 1962 πᾶσα
806 1906 962 1985 χώρα
995 1903 1328 1984 κεκλήρωται
1367 1927 1381 1980 ;

375 1993 476 2072 κε’,
538 1993 876 2072 Ἀπαγάγετέ
919 2017 986 2068 με
1029 2002 1304 2072 τοιγαροῦν
1350 1997 1422 2059 εἷς
1482 1997 1573 2051 τὸν
1610 1995 1766 2052 οἷκον
1825 1997 1925 2052 αὑ-

291 2088 403 2144 τοῦ.
451 2067 520 2139 Ἦ
579 2067 1144 2161 γὰρ-ἐπισκεψάμενος
1187 2067 1332 2140 ἐλεεῖ
1377 2105 1464 2161 με,
1501 2086 1535 2152 ἢ
1593 2085 1680 2140 καὶ
1741 2083 1926 2142 νελευ-

291 2172 494 2234 τῶντός
547 2193 648 2246 μου
721 2171 898 2228 ἐκεῖσε
973 2169 1280 2236 ἀποδέξεται
1331 2193 1433 2245 μου
1491 2172 1587 2238 τήν
1656 2173 1926 2249 πρόθεσιν,

291 2259 383 2314 καὶ
430 2259 482 2314 ἐν
540 2266 609 2333 τῇ
651 2259 920 2336 μελλούσῃ
981 2261 1308 2335 παραστάσει
1350 2268 1442 2318 τοῦ
1489 2259 1713 2342 φοϐεροῦ
1743 2260 1926 2338 βήμα-

293 2369 384 2412 τος
431 2355 521 2406 τοῦ
579 2356 804 2428 Χριστοῦ
860 2349 1184 2428 πρεσϐεύσας
1233 2350 1493 2416 ἓξελεῖταί
1542 2373 1608 2426 με
1660 2357 1754 2417 τῆς
1799 2354 1927 2408 αἰω-

295 2439 407 2494 νίου
461 2439 755 2503 κολάσεως.
819 2441 879 2498 Οἱ
939 2438 992 2495 δὲ
1049 2442 1212 2496 ταῦτα
1270 2439 1617 2514 ἀκούσαντες,
1699 2446 1930 2507 συνῆκαν

296 2526 378 2584 ὅτι
433 2530 551 2605 περὶ
605 2538 697 2587 τοῦ
759 2528 1053 2608 ᾖγιοδώρου
1114 2536 1236 2586 ναοῦ
1279 2528 1422 2608 λέγει
1469 2537 1560 2586 τοῦ
1617 2529 1932 2596 πανενδόξου

292 2618 556 2695 μάρτυρος
645 2620 952 2696 Δημητρίου
986 2666 1002 2693 ,
1065 2619 1149 2675 καὶ
1229 2621 1326 2685 τὴν
1386 2622 1650 2695 ταγῐστην
1713 2619 1930 2698 ἄραντες

293 2705 572 2785 ἀπήγαγοι
629 2707 784 2765 αὑτὸν
830 2707 1030 2770 ἐκεῖσε,
1079 2708 1208 2765 Ποία
1261 2709 1432 2765 τοίνυν
1482 2709 1722 2786 γλῶσσα,
1770 2709 1929 2788 φιλό-

293 2817 510 2874 χριστοι
561 2793 822 2877 ἀδελφοὶ,
911 2796 1143 2876 ἐξισχύει
1208 2799 1270 2854 τὸ
1327 2798 1548 2876 μέγεθος
1607 2795 1931 2878 διασαφῆσαι

294 2891 390 2941 τοῦ
447 2885 764 2962 θαύματος;
819 2893 984 2951 Ποῖος
1045 2885 1099 2942 δὲ
1156 2889 1272 2950 νοῦς
1343 2887 1481 2949 ὅλως
1541 2892 1930 2966 συνεπαρθῆναι

295 2974 397 3030 κάν
452 2987 576 3038 ταῖς
633 2975 857 3038 ἐννοίαις
912 2975 1189 3044 δυνήσεται
1233 2983 1302 3054 τῇ
1345 2975 1787 3056 πολυσπλάγχνῳ
1829 2998 1933 3052 με-

2005 1012 2324 1092 Cujusnam
2360 1013 2580 1094 primi?
2611 1014 2716 1076 Dic
2749 1013 2917 1075 nobis
2951 1033 3189 1089 nomen,
3227 1015 3508 1078 here.Hic
3529 1035 3639 1079 ve-

2007 1121 2071 1164 ro
2105 1121 2206 1163 eos
2231 1104 2479 1166 intuitus
2515 1103 2659 1165 dicit
2693 1123 2705 1163 ε
2739 1102 2879 1164 Esto
2909 1124 2922 1166 :
2959 1123 3066 1183 ego
3099 1104 3174 1166 ob
3213 1105 3485 1167 morbum
3521 1107 3638 1168 mi-

2007 1209 2120 1252 nus
2151 1192 2398 1270 sapiam,
2432 1194 2731 1274 quomodo
2760 1203 2816 1254 et
2847 1212 2971 1274 vos,
3007 1204 3173 1255 recte
3197 1195 3642 1276 valentes,desi-

2008 1281 2193 1361 pitis‘?
2224 1281 2582 1357 Nescitisne,
2623 1281 2838 1343 multos
2863 1284 3018 1362 apud
3052 1282 3238 1344 Deum
3273 1293 3642 1362 protectores

2006 1370 2300 1433 civitatem
2335 1371 2772 1445 habere,unum
2799 1381 2994 1434 autem
3021 1391 3125 1453 per
3157 1373 3454 1435 Christum
3482 1376 3642 1436 obti-

2008 1461 2209 1520 nuisse
2241 1477 2443 1520 eorum
2506 1462 2764 1541 primum
2826 1462 2930 1542 (8),
2983 1462 3084 1542 qui
3115 1463 3378 1524 animose
3405 1483 3647 1546 semper

2006 1555 2185 1626 atque
2220 1549 2493 1610 alacriter
2526 1569 2630 1630 pro
2663 1569 2731 1612 ea
2766 1569 3057 1629 pugnam;
3109 1571 3287 1632 quem
3316 1561 3375 1611 ut
3409 1573 3641 1615 murum

2007 1638 2528 1718 inexpugnabilem
2564 1660 2680 1701 non
2713 1641 2903 1702 solum
2957 1641 3181 1716 civitas,
3220 1639 3324 1702 sed
3359 1650 3416 1703 et
3451 1643 3647 1706 omnis

2009 1729 2174 1804 regio
2207 1728 2415 1790 sortita
2448 1741 2538 1789 est
2559 1729 2589 1788 ‘?

2091 1984 2288 2046 25.Me
2321 1985 2498 2065 igitur
2523 1986 2596 2048 ad
2630 1986 2870 2049 domum
2907 1987 3038 2066 ejus
3061 1988 3310 2053 deferte.
3344 1989 3452 2051 Vel
3487 1991 3646 2052 enim

2013 2074 2256 2136 visitans
2305 2074 2687 2137 miserebitur
2745 2077 2883 2152 mei,
2941 2078 3031 2139 vel
3061 2087 3223 2141 certe
3254 2098 3388 2140 cum
3423 2078 3646 2142 ibidem

2015 2165 2245 2239 obiero,
2280 2165 2538 2224 animam
2573 2183 2763 2228 meam
2795 2167 3078 2245 suscipiet
3108 2177 3167 2230 et
3192 2169 3252 2229 in
3287 2168 3480 2230 futura
3515 2170 3650 2230 lior-

2014 2253 2188 2316 rendi
2255 2252 2566 2314 tribunalis
2617 2252 2831 2316 Christi
2893 2258 3205 2336 praesentia
3268 2257 3650 2320 intercedens

2015 2352 2234 2404 aeterne
2267 2362 2361 2402 me
2392 2343 2606 2423 eripiet
2635 2343 2948 2423 supplicio.
3015 2345 3122 2418 Illi,
3185 2347 3350 2407 hisce
3405 2347 3646 2424 auditis,

2016 2432 2090 2493 de
2147 2433 2559 2512 gloriosissimi
2613 2432 2882 2513 martyris
2944 2433 3230 2496 Demetrii
3292 2435 3533 2516 templo,
3591 2433 3653 2497 in

2017 2541 2133 2602 quo
2166 2523 2320 2582 dona
2343 2540 2377 2582 a
2407 2528 2611 2583 sancto
2643 2522 2914 2584 solebant
2962 2524 3239 2594 conferri,
3298 2523 3456 2604 loqui
3511 2544 3650 2586 eum

2015 2611 2459 2682 intellexerunt,
2515 2611 2948 2692 celerrimeque
2980 2612 3278 2674 sublatum
3315 2633 3383 2674 eo
3418 2613 3653 2677 detule-

2015 2709 2175 2762 runt.
2201 2700 2404 2773 Qualis
2426 2701 2598 2761 modo
2620 2700 2841 2780 lingua,
2878 2701 3094 2763 Christi
3121 2710 3387 2764 amantes
3417 2701 3650 2778 fratres,

2017 2790 2288 2850 miraculi
2335 2790 2802 2868 magnitudinem
2866 2791 3167 2868 eXplicare
3219 2791 3654 2870 poteritiouaa

2014 2898 2152 2940 vero
2181 2897 2372 2951 mens,
2405 2881 2495 2939 vel
2527 2881 2836 2958 cogitando
2877 2881 3078 2955 etiam,
3119 2882 3370 2944 multum
3409 2883 3649 2944 miseri~

2017 2970 2258 3031 cordem
2287 2969 2561 3050 martyris
2606 2975 2876 3031 virtutem
2915 2970 3109 3048 dignis
3141 2969 3414 3032 laudibus
3447 2979 3661 3052 poterit

298 3062 569 3143 γαλοφυία
627 3087 720 3121 του
773 3066 1084 3146 μάρτυρος;
1135 3065 1235 3124 "Ov
1291 3067 1391 3143 γὰρ
1451 3067 1510 3122 οὑ
1579 3065 1832 3145 πλοῦτος,
1879 3069 1933 3125 οὑ

2022 3060 2234 3121 eﬂ‘erre
2259 3057 2487 3130 ‘tQuem
2517 3059 2672 3120 enim
2718 3079 2834 3120 non
2869 3059 3110 3136 divitia},
3146 3080 3264 3121 non
3297 3080 3505 3140 genus,
3541 3083 3660 3124 non

297 3152 476 3232 γένος,
539 3152 599 3209 οὐ
658 3155 1019 3230 βοηθημάτων
1057 3203 1072 3233 ,
1149 3159 1242 3214 οὐκ
1300 3156 1542 3232 ἰατρικῆς
1629 3154 1933 3231 ἐπιστήμης

2022 3148 2544 3224 medicamentum,
2579 3169 2694 3210 non
2720 3149 2864 3210 artis
2897 3149 3166 3231 medicae,
3192 3168 3324 3227 quae
3345 3151 3659 3213 sanitatem

296 3223 668 3320 {21911006900
697 3223 946 3316 ἐπίνοιαι,
987 3223 1110 3324 obii
1165 3249 1272 3299 τῶν
1330 3223 1637 3319 λεγομένων
1699 3223 1933 3323 περι-αμ-

2022 3239 2235 3300 all'erre
2267 3237 2481 3317 solent,
2517 3223 2883 3318 adjumenta,
2917 3258 3060 3310 non,
3097 3223 3164 3300 ut
3210 3223 3409 3301 vocari
3440 3240 3654 3318 solent,

299 3332 484 3408 μάτων
539 3332 740 3399 πληθὺς
781 3332 1055 3413 ὠφελῆσαι
1109 3332 1204 3390 κὲίν
1264 3355 1315 3389 τι
1374 3334 1706 3414 βραχύτατον
1765 3334 1933 3415 ἴσχυ-

2022 3327 2416 3389 amuletorum
2452 3347 2664 3409 (neque
2691 3329 2850 3390 enim
2883 3329 3663 3409 consanguinei,quiomnia

301 3441 416 3500 σεν,
450 3417 566 3479 οὑδὲ
595 3421 694 3499 γὰρ
751 3422 948 3479 τούτων
985 3423 1260 3503 ἐφείσαντο
1319 3429 1494 3479 πᾶσαν
1544 3423 1738 3502 πεῖραν
1797 3445 1933 3502 προ-

2022 3417 2079 3478 in
2115 3437 2183 3478 eo
2218 3416 2694 3498 experiebantur,
2751 3418 2913 3479 hisce
2975 3421 3174 3493 etiam,
3201 3427 3330 3481 utut
3361 3438 3485 3480 rem
3515 3439 3658 3500 pro-

299 3511 554 3589 σάγοντες
602 3510 744 3585 αὒτῷ
801 3514 849 3568 οἱ
893 3513 1022 3589 πρὸς
1081 3512 1234 3590 γένος
1293 3510 1376 3568 διά
1416 3512 1514 3579 τὴν
1558 3513 1803 3588 ἀπορίαν,
1838 3512 1933 3569 καῗ

2022 3507 2266 3569 hibitam
2302 3526 2434 3570 sese
2467 3508 2662 3569 facere
2695 3516 3037 3588 noscentes,
3071 3509 3146 3568 ob
3179 3507 3429 3568 sanandi
3466 3507 3656 3569 morbi

301 3598 605 3678 ἀπόγνωσιν
662 3607 753 3657 τοῦ
823 3601 1123 3674 νοσήματος
1152 3649 1168 3677 ,
1227 3601 1396 3657 καίτοι
1457 3601 1808 3676 γινώσκοντες
1866 3603 1938 3665 ὡς

302 3687 754 3768 ἀπαγορευομένῳ
781 3692 1052 3770 πράγματι
1096 3691 1454 3770 ἐγχειροῦσιν,
1512 3691 1699 3745 τοῦτον
1758 3691 1785 3746 ὁ
1845 3713 1938 3760 μιο

304 3778 486 3855 μητὴς
544 3786 634 3834 τοῦ
689 3781 882 3837 οἷκείού
938 3779 1218 3860 δεσπότου,
1279 3783 1306 3836 ὁ
1358 3779 1725 3850 σωζοπολίτης
1773 3780 1939 3843 ὅντως

302 3868 388 3924 καὶ
467 3865 802 3946 ὑπερένδοξος
894 3869 1184 3950 ἀθλοφόρος
1253 3876 1480 3948 Χριστοῦ
1550 3872 1604 3925 ἐν
1691 3869 1941 3946 ἑλιγίστῳ

305 3959 440 4014 πάνυ
496 3964 680 4035 καιροῦ
734 3956 1055 4033 διαστήματι
1112 3961 1236 4036 ὑγιῆ
1285 3961 1377 4018 καὶ
1419 3958 1599 4038 ἀσινῆ,
1649 3960 1744 4014 καὶ
1787 3957 1939 4036 ἐῤῥω-

303 4046 464 4121 μένον
517 4046 876 4125 παρέστησεν,
936 4053 995 4108 οὗ
1053 4049 1214 4124 μόνον
1259 4047 1606 4128 σωματικῶς,
1664 4046 1802 4103 ἀλλά
1854 4047 1941 4104 καὶ

302 4139 418 4215 ψυχ
434 4141 582 4200 ικῶς.

385 4222 522 4298 κς¹’.
586 4225 734 4284 Οὕτω
763 4228 850 4284 καὶ
894 4227 1152 4293 συνέσεως
1209 4227 1463 4296 πλησθεὶς
1506 4227 1533 4281 ὃ
1565 4225 1694 4304 ἀνὴρ
1725 4223 1809 4282 διὰ
1843 4231 1936 4294 τῆς

303 4322 395 4373 τοῦ
425 4313 682 4392 μάρτυρος
733 4317 982 4395 χάριτος,
1037 4319 1246 4375 πάντων
1305 4314 1792 4394 ἐκπεπληγμένων,
1855 4318 1940 4373 καὶ

300 4405 496 4484 τρόπον
528 4405 644 4460 τινὰ
672 4404 1034 4472 ἐξεστηκότων
1062 4409 1149 4464 ἐπὶ
1207 4414 1274 4484 τῇ
1335 4403 1722 4484 ἀπροσδοκήτῳ
1781 4409 1940 4464 αὑτοῦ

303 4495 474 4572 ὑγεία,
508 4497 595 4550 καὶ
625 4495 700 4569 τῷ
726 4496 888 4576 τάχει
919 4497 1108 4571 αὑτῆς,
1137 4497 1261 4553 εἷπε
1319 4497 1448 4575 πρὸς
1493 4495 1609 4554 τοὺς
1655 4496 1939 4566 παρεστῶ-

2023 3596 2428 3657 difficultatem
2451 3597 3052 3677 desperationemque
3089 3603 3425 3676 pepercere)
3455 3597 3661 3658 multi-

2024 3686 2165 3746 tudo
2217 3685 2310 3745 vel
2359 3687 2668 3746 minimum
2731 3686 2906 3746 etiam
2957 3686 3168 3764 juvare
3230 3685 3438 3765 potuit,
3501 3686 3660 3748 hunc

2027 3773 2260 3836 Domini
2292 3773 2384 3834 sui
2414 3775 2701 3848 imitator,
2735 3774 2988 3835 civitatis
3013 3792 3151 3835 vere
3185 3774 3658 3850 servator,Chri-

2024 3865 2218 3944 stique
2267 3864 2657 3925 certaminum
2729 3864 2916 3925 victor
2977 3863 3327 3925 brevissimo
3377 3865 3662 3944 temporis

2023 3955 2240 4034 Spatio,
2276 3971 2395 4015 non
2428 3954 2618 4015 solum
2652 3953 2983 4016 secundum
3044 3971 3286 4034 corpus,
3316 3954 3417 4015 sed
3478 3955 3662 4014 etiam

2023 4041 2352 4104 secundum
2391 4042 2650 4104 animam
2685 4061 2891 4104 sanum
2926 4061 2994 4104 ac
3025 4043 3278 4123 salvum,
3315 4041 3662 4124 viribusque

2019 4132 2357 4194 restitutum
2393 4131 2677 4194 reddidit.

2101 4221 2202 4287 26.
2237 4220 2324 4284 Ita
2359 4222 2579 4304 quippe
2617 4221 2923 4284 intellectu
2979 4241 3084 4304 per
3116 4222 3385 4304 martyris
3413 4227 3660 4302 gratiam

2025 4319 2111 4374 vir
2137 4313 2428 4394 repletus,
2463 4312 2741 4375 omnibus
2769 4313 3062 4394 perculsis
3113 4325 3171 4374 et
3224 4312 3662 4392 quodammodo

2026 4422 2146 4482 pra:
2205 4403 2578 4482 inexpectata
2636 4404 2946 4465 sanatione
3009 4403 3309 4482 hujusque
3357 4401 3661 4464 celeritate

2023 4501 2190 4553 extra
2219 4510 2284 4552 se
2314 4492 2518 4572 raptis,
2576 4511 2682 4553 ore
2730 4500 2934 4573 aperto
2986 4492 3222 4554 laudem
3254 4493 3402 4562 Deo,
3458 4509 3657 4552 rerum

303 4604 424 4658 τας,
480 4580 686 4648 ἀνοίξας
744 4587 804 4641 τὸ
875 4587 1048 4661 στόμα
1119 4587 1382 4649 εὐσταθῶς
1455 4583 1933 4661 ἐξομολογούμενος

2022 4585 2285 4644 omnium
2312 4580 2588 4655 Domino,
2613 4581 2887 4644 alacriter
2915 4582 3243 4644 attribuens
3275 4580 3419 4642 dixit
3450 4587 3658 4644 astan-

303 4677 382 4746 τῷ
437 4677 544 4728 τῶν
588 4670 726 4730 ὅλων
760 4674 1003 4751 Δεσπότῃ
1035 4679 1152 4747 Θεῷ
1190 4689 1204 4704 ⁸
1239 4675 1328 4738 Τίς
1377 4671 1602 4742 λαλήσει
1646 4675 1740 4736 τὰς
1789 4673 1936 4732 δυνα-

305 4761 480 4826 στείας
535 4769 622 4818 τοῦ
671 4764 878 4843 Κυρίου,
925 4762 1157 4842 φιλόθεοι
1205 4765 1292 4821 καὶ
1340 4763 1609 4842 ἀγαπητοὶ
1662 4761 1878 4842 ἀδελφοί
1917 4784 1933 4840 ;

304 4849 378 4907 Ἤ
417 4853 492 4917 τίς
524 4851 784 4917 ἀκουστάς
819 4854 1032 4923 ποιήσει
1078 4853 1250 4917 πάσας
1295 4854 1391 4917 τὰς
1445 4851 1668 4916 αἰνέσεις
1729 4855 1885 4911 αὑτοῦ
1922 4872 1936 4928 ;

305 4940 393 5004 Τίς
452 4941 552 5021 γὰρ
593 4943 664 5008 ὡς
694 4943 879 5022 Κύριος
913 4945 940 4999 ὁ
971 4943 1099 5006 Θεὸς
1131 4943 1286 5018 ημῶν
1326 4945 1353 4998 ὁ
1396 4941 1452 4997 ἐν
1507 4941 1741 5016 ὑψηλοῖς
1800 4965 1936 5000 κατ-

309 5029 494 5104 οικῶν,
556 5030 649 5087 καῖ
678 5033 746 5088 τά
772 5031 1001 5089 ταπεινά
1043 5031 1243 5111 ἐφορῶν
1273 5029 1328 5087 ἐν
1357 5037 1434 5106 τῷ
1481 5031 1685 5108 ούρανῷ
1742 5031 1828 5087 καὶ
1885 5032 1940 5087 έν

305 5123 375 5195 τῇ
402 5125 498 5197 γῇ,
533 5121 562 5176 ὁ
601 5119 1020 5198 ,ἐνδοξαζόμενος
1064 5119 1117 5177 ἐν
1172 5119 1346 5197 βουλῇ
1403 5120 1566 5198 ἁγίων
1624 5120 1795 5197 μέγας
1853 5121 1941 5176 καὶ

307 5195 531 5288 φοϐερός
588 5209 778 5291 ἐστινς
823 5195 1024 5276 Ὄντως
1082 5209 1136 5266 ἐν
1174 5195 1358 5287 -βουλῖῇ
1392 5195 1580 5266 εὑθέων
1633 5195 1720 5266 καί
1777 5231 1942 5266 συνα-

312 5304 492 5378 γωγῇ,
526 5298 736 5379 μεγάλα
763 5300 830 5357 τὰ
857 5299 983 5380 ἔργα
1012 5300 1200 5380 Κυρίου
1231 5316 1247 5333 ⁶
1301 5299 1510 5380 ἔπαισε,
1568 5301 1657 5356 καὶ
1717 5301 1768 5357 αἱ
1821 5312 1948 5381 χεῖ-

377 5456 462 5533 (8)
484 5457 630 5516 Hinc
661 5459 884 5533 collige,
911 5459 1030 5532 jam
1063 5459 1198 5533 inde
1233 5475 1266 5517 ι
1316 5458 1556 5533 Joannis
1583 5457 1950 5533 Thessaloni-

306 5531 499 5604 censis
555 5539 718 5604 getate
779 5531 885 5590 seu
915 5531 1150 5590 saeculo
1209 5531 1451 5604 septimo
1516 5531 1950 5604 verosimileque

310 5602 480 5676 etiam
519 5601 804 5675 aliqeanto
849 5607 1027 5676 prius,
1058 5619 1124 5662 ac
1174 5600 1338 5676 proin
1373 5600 1658 5676 jam_inde
1686 5600 1885 5676 saltem
1915 5618 1947 5661 a

309 5672 522 5733 saeculo
563 5672 724 5735 sexto
753 5672 866 5750 pro
884 5672 1437 5749 primatio'civitatis
1471 5673 1948 5735 Thessalonicen-

2023 4672 2200 4732 tibus:
2231 4669 2756 4744 Dominivirtutes,
2797 4671 2899 4733 Dei
2923 4679 3192 4733 amantes
3213 4689 3281 4732 ac
3305 4669 3505 4731 dilecti
3537 4670 3654 4731 fra-

2025 4760 2305 4840 tres,quis
2328 4758 2603 4838 loquetur
2627 4765 2654 4822 ?
2676 4758 2784 4822 Vel
2811 4761 2945 4839 quis
2965 4777 3175 4822 omnes
3195 4760 3326 4838 ejus
3354 4760 3558 4822 laudes
3579 4760 3661 4821 fa-

2023 4849 2139 4911 ciet
2161 4848 2568 4920 auditas?Quis
2591 4849 2748 4910 enim
2776 4849 2928 4909 sicut
2948 4848 3232 4910 Dominus
3248 4850 3409 4910 Deus
3431 4858 3656 4924 noster,

2022 4939 2083 5000 in
2116 4939 2363 5000 excelsis
2384 4937 2657 5000 habitans
2689 4937 2936 5000 humilia
2967 4947 3024 4998 et
3055 4938 3114 4998 in
3148 4935 3314 4998 coelis
3340 4945 3396 4998 et
3421 4937 3480 4997 in
3505 4946 3660 5000 terra

2023 5027 2288 5108 respicit,
2323 5028 2423 5108 qui
2453 5027 2876 5090 honoriﬁcatus
2907 5026 2966 5087 in
3019 5024 3273 5088 concilio
3318 5034 3658 5087 sanctorum

2026 5136 2270 5197 magnus
2302 5127 2358 5179 et
2384 5117 2666 5179 terribilis
2697 5120 2836 5179 est?
2867 5117 3022 5177 Vere
3051 5117 3110 5176 in
3141 5113 3393 5176 consilio
3425 5125 3482 5175 et
3511 5133 3661 5176 con-

2025 5207 2370 5288 gregatione
2386 5207 2684 5286 justorum
2710 5223 2920 5285 magna
2941 5223 3124 5287 opera
3139 5201 3399 5266 Domini:
3426 5221 3665 5284 percus-

2034 5304 2110 5360 sit
2139 5305 2196 5358 ct
2226 5314 2434 5358 manus
2465 5297 2594 5376 ejus
2623 5303 2998 5359 sanaverunt.
3030 5295 3235 5358 Sexies
3265 5301 3321 5356 te
3362 5312 3428 5356 ex
3467 5312 3660 5374 angu-

2031 5457 2124 5532 sis,
2167 5464 2405 5532 patrono
2453 5457 2713 5532 habitum
2765 5457 2939 5515 fuisse
2979 5463 3247 5532 sanctum
3276 5454 3659 5532 Demetrium,

2031 5531 2130 5603 qui
2169 5526 2414 5603 proinde
2436 5530 2602 5603 etiam
2619 5529 2880 5603 jamgtum
2905 5527 3062 5587 cultu
3083 5526 3472 5603 ecclesiastico
3495 5526 3664 5600 plano

2029 5599 2244 5676 insigni
2277 5601 2447 5661 luerit
2481 5599 2717 5660 indubia
2747 5600 2956 5660 ibidem
2985 5599 3242 5674 gavisus.
