4056 6152
443 271 596 352 1223
1787 272 2436 348 SUPPLEMENTUM.
3657 279 3806 346 12-24

434 419 563 482 stiis
593 415 809 497 eripiet
837 413 948 496 (9),
981 411 1217 476 dicebat
1237 413 1474 492 quidam
1499 412 1608 476 Job
1643 413 1770 495 (10)
1799 434 1814 491 ;
1839 433 1934 475 me
1956 433 2066 476 au-

2160 439 2237 493 σες
2308 424 2466 479 αὐτοῦ
2540 418 2783 481 ἰάσαντα.
2855 418 3065 485 Ἐξοίκις
3127 418 3178 485 ἐξ
3240 419 3486 499 ἀναγκῶν
3541 417 3806 484 ἐξελεϊταί

436 518 558 572 tem
591 503 924 587 saepissime
955 504 1012 565 in
1042 502 1344 580 angustias
1373 520 1787 584 aerumnasque
1816 502 2071 566 inevita-

2160 529 2238 588 σε,
2296 507 2422 565 εῖπέ
2465 530 2543 574 τις
2585 515 2662 580 τῷ
2721 504 2864 567 Ἰώϐ.
2934 507 3067 584 Ἐμὲ
3112 505 3166 564 δὲ
3211 511 3457 584 μυριάκις
3503 513 3562 564 εκ
3612 507 3803 582 πλημ-

437 597 590 660 biles
621 594 878 678 peccatis
912 591 1252 674 prolapsum
1287 610 1392 670 per
1421 591 1756 656 ineifabiles
1806 613 1946 656 suas
1979 595 2071 656 in-

2160 595 2481 673 μεληματων
2539 599 2610 661 εἷς
2667 597 2924 676 ἀφύκτους
2975 597 3209 677 ἀνάγκας
3255 597 3654 674 ἐμπεπτωκότα
3710 599 3805 654 καὶ

439 685 873 764 credibilesque
905 681 1319 743 miserationes
1371 681 1662 743 liberavit.
1717 681 1779 744 In
1812 684 2075 763 septimo

437 784 662 848 autem,
699 771 878 834 dicit:
913 790 941 830 ι
976 768 1104 832 Non
1139 777 1194 831 te
1227 779 1425 849 tanget
1475 771 1694 832 malum
1727 771 1868 848 (11),
1911 797 1933 829 ι
1966 773 2078 834 hoc

437 874 548 940 est,
585 868 645 924 in
675 861 867 941 capite
897 877 1007 920 seu
1059 859 1495 921 emendationis
1545 858 1874 941 spiritualis
1904 880 2074 922 com-

437 954 762 1036 plemento.
793 948 963 1029 Saepe
992 949 1194 1030 homo,
1229 948 1330 1030 qui
1353 949 1415 1010 in
1441 950 1575 1011 vitae
1602 949 1876 1012 ﬂuctibus
1907 952 2076 1013 navi-

433 1049 552 1123 gat,
585 1039 870 1102 {erumnis
925 1037 1104 1100 etiam
1159 1047 1334 1119 atque
1391 1039 1679 1118 angustiis
1725 1039 1796 1099 ab
1831 1039 2074 1102 inimico

434 1126 796 1192 circumdari
817 1126 880 1187 in
910 1125 1004 1187 sui
1051 1130 1510 1188 conversionem
1549 1135 1726 1209 atque
1761 1128 2074 1191 utilitatem

433 1237 469 1282 a
499 1217 694 1281 divina
725 1215 1098 1296 providentia
1128 1214 1508 1296 permittitur.

516 1397 617 1459 97.
646 1394 805 1457 Nihil
837 1393 996 1456 enim
1029 1411 1236 1456 eorum
1267 1406 1452 1474 quina
1481 1393 1603 1457 Deo
1628 1395 1776 1457 ﬁunt
1796 1403 1893 1458 aut
1923 1414 2073 1459 con-

434 1487 752 1567 ceduntur,
785 1485 1021 1547 irritum
1057 1501 1188 1545 esse
1217 1485 1545 1546 consuevit.
1568 1484 1885 1547 Enimvero
1909 1486 2076 1548 infir-

435 1579 704 1641 mitatem
738 1583 1000 1636 nostram
1035 1581 1319 1634 noscente
1377 1574 1585 1637 eadem
1641 1574 1840 1636 divina
1871 1575 2074 1655 provi-

432 1667 658 1740 dentia,
691 1663 1117 1742 hominemque
1139 1662 1387 1740 juvante
1423 1681 1494 1724 ac
1539 1663 1837 1744 erigente,
1869 1673 2071 1746 atque,

430 1765 496 1820 ut
521 1764 656 1818 ante
676 1753 900 1814 dictum
929 1761 1046 1833 est,
1068 1770 1136 1813 ex
1163 1752 1450 1829 angustiis
1483 1753 1797 1832 eripiente,
1835 1755 2074 1833 sapiens

429 1849 648 1918 anima,
677 1841 894 1904 delicta
923 1860 1029 1902 sua
1060 1840 1458 1920 perpendens,
1494 1841 1745 1902 naturali
1781 1843 2072 1922 quodam-

431 1935 608 1996 modo
659 1929 1050 2010 congruentia
1079 1937 1326 2007 cogetur
1375 1939 1433 1990 et
1482 1929 1588 1992 Dei
1647 1929 2074 1994 misericordiae

428 2021 853 2085 abundantiam
887 2019 948 2080 in
978 2018 1464 2081 emendationem
1496 2026 1822 2094 vertere,et
1856 2019 2072 2082 condi-

430 2120 622 2173 torem
645 2119 808 2172 recta
836 2106 1075 2171 vivendi
1127 2107 1365 2169 ratione
1399 2109 1638 2186 colere;
1671 2107 1830 2188 quod
1863 2117 1972 2186 est,
2011 2117 2074 2170 ut

427 2219 609 2282 supra
636 2199 859 2261 dictum
893 2204 1006 2273 est,
1053 2196 1191 2277 quia
1241 2195 1461 2256 malum
1489 2203 1547 2257 te
1574 2197 1634 2257 in
1667 2198 1920 2278 septimo
1952 2218 2073 2260 non

427 2297 645 2369 tanget.
669 2287 935 2349 Tandem
967 2285 1126 2346 enim
1155 2284 1357 2355 homo,
1381 2285 1454 2346 ad
1479 2287 1844 2364 agnitionem
1877 2288 2071 2350 addu-

429 2388 582 2454 ctus,
614 2385 792 2460 atque
820 2393 891 2438 ex
949 2373 1235 2436 ineffabili
1290 2373 1399 2435 Dei
1429 2374 1801 2452 benignitate
1833 2395 2071 2458 sapere,

431 2488 568 2551 quae
585 2465 994 2531 conversionis
1016 2464 1455 2544 sunt,edoctus,
1488 2483 1557 2526 ac
1587 2475 1751 2528 recte
1779 2466 2000 2545 vivens,
2041 2487 2074 2529 e

431 2557 652 2622 Christi
683 2557 968 2619 charitate
1006 2554 1376 2617 sensibiliter
1397 2555 1574 2617 etiam
1607 2556 1754 2636 fere,
1778 2563 1839 2617 ut
1863 2555 1944 2618 ita
1975 2557 2071 2618 di-

429 2646 850 2730 cam,Spirilus
867 2646 1050 2708 sancti
1073 2645 1285 2722 gratia,
1323 2663 1426 2705 seu
1452 2644 1629 2724 hujus
1654 2643 2070 2707 obumbratio-

427 2756 506 2799 ne
534 2736 820 2810 induitur,
856 2734 1088 2815 quando
1121 2743 1179 2795 et
1223 2734 1519 2795 accedens
1550 2743 1752 2796 sancta
1781 2733 2064 2810 Trinitas,

428 2829 604 2890 Pater
635 2834 696 2888 et
726 2825 911 2887 Filius
966 2833 1024 2886 et
1079 2823 1339 2904 Spiritus
1397 2832 1660 2900 sanctus,
1699 2825 2072 2888 mansionem

427 2915 583 2998 apud
616 2933 751 2977 eum
782 2914 941 2988 facit,
975 2931 1051 2974 ne
1083 2914 1369 2994 deinceps
1402 2913 1596 2990 illum,
1630 2932 1664 2977 a
1695 2915 1818 2978 Deo
1857 2933 2073 2978 conve-

427 3006 663 3068 nienter
690 3004 1077 3085 custoditum,
1113 3003 1336 3066 malum
1375 3011 1597 3084 tangat.

504 3185 606 3249 28.
641 3183 760 3264 Ego
786 3182 966 3264 igitur
998 3182 1201 3258 miser,
1254 3183 1353 3263 qui
1400 3201 1519 3244 non
1553 3181 1750 3244 sexies
1783 3202 2063 3263 numero,

429 3273 533 3335 sed
565 3281 624 3336 et
685 3272 868 3333 multo
919 3271 1134 3351 saepius
1195 3288 1299 3350 per
1357 3279 1600 3351 peccata
1657 3271 1719 3332 in
1767 3274 2070 3352 angustias

427 3361 638 3439 incidi,
690 3368 916 3442 postea,
967 3359 1076 3422 Dei
1106 3359 1341 3421 inﬁnita
1374 3359 1790 3423 misericordia
1822 3371 2068 3443 peccata

429 3470 561 3514 mea
614 3450 942 3513 excedente
1000 3450 1522 3532 cooperienteque,
1572 3448 1861 3514 liberatus
1893 3471 2067 3535 sum;

427 3560 558 3623 quae
588 3558 725 3602 vero
756 3538 914 3601 circa
969 3557 1064 3600 me
1117 3541 1274 3600 facta
1308 3558 1468 3601 nunc
1507 3547 1618 3621 est,
1673 3543 2070 3611 certaminum

425 3631 663 3693 victoris
692 3629 937 3690 visitatio
972 3629 1270 3690 incertum
1313 3629 1468 3691 haud
1521 3629 1831 3711 relinquit,
1891 3632 2073 3711 majo-

425 3739 579 3796 rem,
615 3738 752 3797 quae
783 3719 934 3780 hanc
989 3719 1236 3800 praeivit,
1294 3718 1625 3799 angustiam
1681 3728 1856 3782 antea
1914 3721 2073 3784 haud

427 3810 724 3884 evenisse,
749 3808 1142 3889 existimoque
1175 3827 1286 3870 nec
1317 3819 1687 3874 eventuram.
1743 3809 1882 3882 Quae
1914 3813 2072 3873 enim

429 3901 621 3982 major
674 3901 754 3962 ait
803 3899 1096 3978 angustia,
1157 3917 1332 3979 quam
1394 3918 1646 3980 corpore
1706 3909 1764 3963 et
1842 3899 2072 3984 anima,

428 3989 689 4072 peccatis
718 3987 851 4050 dico
885 3996 1061 4069 atque
1118 3987 1550 4050 immedicabili
1608 3989 1842 4070 morbo,
1874 3989 1936 4051 in
1971 3989 2071 4052 in-

427 4080 689 4156 ferorum
722 4077 1080 4158 profundum
1135 4095 1229 4139 me
1274 4077 1669 4154 descendere,
1702 4079 1786 4142 ita
1818 4086 1901 4152 ut,
1937 4098 2073 4141 cum

434 4168 838 4249 inexspectato
867 4165 1283 4240 ascenderem,
1310 4168 1500 4248 palam
1534 4167 1636 4228 illa
1666 4167 1857 4230 sancti
1888 4167 2072 4230 David

435 4257 509 4319 ad
527 4257 713 4319 Deum
735 4257 1080 4337 clamarem,
1139 4279 1160 4312 ι
1195 4255 1346 4330 Quia
1368 4256 1628 4317 animam
1655 4275 1848 4318 meam
1874 4276 1906 4319 e
1941 4275 2073 4338 pro-

430 4347 782 4410 fundissimo
805 4347 1036 4408 inferno
1070 4345 1340 4407 liberasti
1363 4347 1515 4424 (i2);
1544 4371 1566 4401 ι)
1607 4355 1662 4407 et
1694 4364 1902 4411 rursus
1927 4364 2064 4408 curn

432 4455 574 4518 rege
596 4435 868 4512 Ezechia,
921 4459 947 4491 α
983 4435 1134 4508 Quia
1166 4435 1427 4497 animam
1465 4452 1679 4511 meam,
1715 4454 1791 4498 ne
1825 4436 2069 4517 periret,

433 4526 706 4608 rapuisti,
767 4525 1086 4606 omniaque
1135 4532 1377 4606 peccata
1430 4541 1561 4586 mea
1630 4533 1764 4606 post
1839 4534 2072 4608 tergum

429 4633 629 4676 meum
656 4614 928 4694 abjecisti
957 4615 1102 4694 (13).
1141 4637 1168 4670 ››

517 4733 598 4816 t9)
629 4733 762 4796 Jobi
793 4751 924 4816 cap.
955 4749 1014 4809 ν,
1075 4751 1129 4794 v.
1192 4733 1270 4796 49
1297 4730 1520 4816 Graecis
1553 4733 1744 4814 hisce,
1781 4735 1992 4802 Ἐξάκις
2023 4736 2078 4804 ἐξ

434 4813 682 4895 ἀνα-ταῶν
716 4836 785 4896 ,σε
815 4813 1102 4896 ἒξελεῖται,
1139 4820 1332 4896 textus
1359 4815 1513 4876 sacri
1547 4813 1767 4892 verbis,
1804 4835 1937 4896 quae
1967 4837 2078 4896 ego

433 4893 560 4966 hic,
611 4895 846 4953 verbum
905 4893 1078 4952 verbo
1139 4895 1404 4959 reddens,
1459 4893 1864 4965 interpretatus
1922 4893 2073 4964 sum,

441 4989 465 5018 α
498 4971 683 5024 sexies
717 4982 786 5024 ex
818 4970 1097 5039 angustiis
1128 4975 1180 5023 te
1211 4967 1433 5039 eripiet,
1466 4987 1488 5015 ι
1552 4974 1851 5038 sequentia
1887 4971 2076 5025 isthaec

430 5041 494 5096 in
531 5039 766 5112 Vulgata
802 5038 1190 5110 respondent:
1250 5038 1313 5094 In
1374 5051 1475 5095 sex
1510 5039 1977 5098 tribulationibus
2006 5043 2078 5097 li-

431 5111 653 5168 berabit
683 5122 756 5167 te.
792 5130 815 5163 ι

474 5122 653 5169 erantt
683 5122 756 5167 te.
792 5130 815 5163 ι

502 5183 622 5254 (10)
650 5182 885 5253 Eliphaz
914 5195 1140 5253 nempe.

506 5251 619 5324 (11)
649 5251 857 5312 Graecis
887 5251 1099 5325 verbis.
1131 5265 1268 5311 mox
1291 5251 1388 5325 ad
1419 5259 1538 5325 not.
1571 5252 1606 5308 9
1631 5251 1897 5317 recitatis,
1941 5267 2075 5325 pro-

429 5323 742 5383 xime'btec
794 5325 920 5382 loco
981 5323 1192 5382 ibidem
1253 5324 1426 5381 citato
1465 5324 1521 5380 in
1559 5332 1714 5382 textu
1743 5339 1907 5384 sacro
1937 5323 2077 5382 sub-

429 5400 691 5460 duntur:
729 5397 820 5479 Ἐν
929 5403 1005 5479 τῷ
1035 5393 1245 5479 ἑϐδόμῳ
1293 5399 1351 5452 οὐ
1399 5395 1478 5470 μὴ
1511 5394 1713 5479 ἅψηται
1741 5419 1834 5453 σου
1875 5401 2062 5479 παχὺν,

427 5479 505 5534 iis
534 5487 727 5534 autam
757 5477 816 5533 in
844 5474 1083 5547 Vulgata
1136 5472 1330 5547 istbaec
1381 5474 1730 5545 respondent
1767 5491 1782 5534 :
1828 5497 1850 5528 ι
1884 5477 1955 5535 Ει
2007 5472 2068 5536 in

429 5548 669 5618 septima
702 5562 814 5604 non
857 5544 1065 5618 tanget
1094 5553 1144 5602 te
1199 5544 1448 5618 malum;
1483 5544 1507 5595 ἱ
1550 5558 1602 5602 et
1636 5561 1790 5618 sane
1818 5563 1949 5606 cum
1996 5553 2068 5607 ad

429 5617 689 5687 feminini
719 5620 948 5687 generis
967 5617 1408 5674 ’substantivum
1441 5617 1761 5686 praecedens
1783 5619 2067 5679 tribulatio

429 5685 776 5758 adjectivum
797 5688 1096 5746 numerate
1112 5687 1364 5760 septima
1388 5685 1753 5747 tolerandum
1781 5691 2062 5764 videatur,

2154 688 2489 764 περιστάσεις
2547 686 2632 742 διὰ
2675 687 2794 765 τορς
2828 686 3058 765 ἀφάτους
3111 689 3268 745 αὒτοῦ
3312 689 3407 745 καὶ
3453 685 3804 766 ἀνυπερϐλή-

2159 798 2278 842 τους
2337 778 2663 857 οἷκτειρμοὺς
2732 775 2981 841 ἒξείλετο,
3045 774 3134 833 Ἐν
3192 775 3245 832 δὲ
3288 785 3364 851 τῷ
3417 774 3651 851 ἑϐδόμῳ,
3687 801 3807 855 φη-

2159 867 2262 938 σὶν,
2308 868 2368 922 οὒ
2423 868 2500 936 μὴ
2559 863 2763 941 ἄψηταί
2801 887 2894 922 σου
2935 867 3125 945 κακὸν,
3175 867 3441 923 τουτέστιν
3494 865 3548 920 ἐν
3606 873 3684 939 τῷ
3716 887 3806 921 κε-

2159 954 2389 1034 φαλαίῳ,
2422 953 2582 1032 ἤγουν
2611 961 2686 1028 τῷ
2742 953 3067 1033 πληρώματι
3131 961 3227 1022 τῆς
3284 960 3527 1036 ψυχικῆς
3575 953 3810 1034 διορθώ-

2158 1067 2318 1110 σεως,
2406 1044 2584 1101 Πολλὰ
2653 1051 2720 1121 τῇ
2809 1051 3072 1125 περιφορᾷ
3165 1052 3255 1102 τοῦ
3336 1047 3448 1101 ϐίου
3521 1045 3701 1102 πλέων
3783 1048 3812 1100 ὁ

2159 1132 2431 1212 ἅνθρωπος
2490 1135 2578 1190 καὶ
2639 1135 3079 1214 συγχωρούμενος
3137 1136 3239 1191 ὑπὸ
3318 1135 3417 1203 τῆς
3478 1138 3616 1198 θείας
3665 1157 3808 1213 προ-

2159 1225 2301 1287 νοίας
2333 1221 2735 1303 περιϐάλλεσθαι
2785 1222 2868 1279 διὰ
2912 1231 3003 1280 τοῦ
3058 1227 3251 1305 ἐχθροῦ
3310 1225 3654 1302 περιστάσεσι
3717 1226 3812 1280 καὶ

2157 1312 2412 1392 ἀνάγκαις
2444 1315 2516 1376 εἰς
2548 1313 2870 1393 ἐπιστροφὴν
2901 1317 3056 1372 αὐτοῦ
3081 1313 3177 1370 καί
3207 1313 3491 1394 ὠφέλειαν,

2237 1407 2340 1474 κζ’.
2377 1399 2534 1459 Οὐδὲν
2592 1403 2692 1480 γὰρ
2751 1403 2857 1458 τῶν
2901 1403 3000 1457 ὑπὸ
3053 1409 3185 1462 Θεοῦ
3228 1404 3549 1482 γινομένων,
3601 1404 3638 1471 ἢ
3671 1426 3809 1480 συγ·-

2159 1490 2516 1572 χωρουμὲνων
2588 1491 2817 1570 γίνεσθαι
2877 1491 3104 1571 πέφυκεν
3161 1491 3456 1572 ἀνωφελές.
3523 1494 3666 1550 Εἶτα
3707 1494 3813 1559 τὴν

2156 1582 2425 1638 ἀσθένειαι
2480 1583 2635 1656 ἡμῶν
2690 1582 3059 1660 γινωσκοόσης
3109 1583 3269 1650 αὐτῆς
3315 1583 3453 1644 θείας
3511 1586 3610 1650 τῆς
3667 1604 3812 1660 προ-

2157 1673 2298 1736 νοίας
2352 1672 2436 1726 καὶ
2492 1668 3065 1746 ἀντιλαμϐανομένης,
3130 1673 3214 1728 καὶ
3276 1673 3658 1752 κουφιζούσης,
3719 1673 3810 1726 καὶ

2099 1742 2529 1836 Βέξαιρουμένης
2587 1761 2675 1816 τὸν
2747 1759 3018 1836 ἄνθρωπον
3077 1760 3138 1817 ἐκ
3197 1767 3303 1817 τῶν
3365 1761 3615 1838 ἆναγκῶν
3656 1809 3672 1838 ,
3734 1764 3809 1826 ὡς

2159 1851 2517 1929 προείρηται,
2573 1857 2767 1930 φιδσικῇ
2817 1872 2930 1914 πως
3008 1850 3288 1924 ἀκολουθίᾳ
3346 1853 3809 1928 καταναγκασθή-

2158 1961 2308 1994 σεται
2367 1941 2397 2006 ἦ
2440 1939 2675 2019 νήφουσα
2719 1939 2874 2018 ψυχὴ
2934 1941 3000 1994 τὰ
3060 1939 3252 2006 ἑαυτῆς
3293 1940 3600 2014 πταίσματα
3645 1939 3808 2016 λογισ-

2157 2028 2356 2104 ζομὲνη
2392 2075 2409 2108 ,
2468 2029 2554 2083 καὶ
2613 2029 2671 2082 τὸ
2727 2027 3050 2106 πὶημμυρὸν
3111 2033 3207 2095 τῆς
3253 2027 3653 2109 φιλανθρωπίας
3714 2036 3810 2090 τοῦ

2160 2124 2289 2174 Θεοῦ
2333 2119 2402 2176 εἰς
2435 2114 2709 2196 διόρθωσιν
2737 2117 2916 2197 ῥέψαι³
2973 2119 3057 2174 οιαὶ
3102 2119 3191 2173 τὸν
3223 2119 3441 2184 κτίστην
3492 2115 3577 2174 διὰ
3635 2117 3805 2174 πολι-
3863 2128 3870 2135 ’

2155 2210 2298 2270 τείας
2331 2207 2597 2286 σώφρονος
2653 2210 3098 2286 ἀποθεραπεῦσαι,
3147 2207 3276 2285 ὅπερ
3327 2208 3490 2287 ἐστὶν³

2155 2296 2291 2375 τὲρω
2322 2294 2590 2371 λέλενται,
2625 2295 2706 2352 ὅτι
2751 2296 2842 2353 Ἐν
2887 2304 2962 2371 τῷ
3008 2294 3215 2372 ἑϐδόμῳ
3248 2299 3307 2354 οὒ
3349 2298 3428 2373 μὴ
3477 2297 3682 2373 ἅψηταί
3713 2319 3810 2356 σου

2156 2386 2322 2443 κακόν
2356 2402 2369 2416 '
2419 2385 2604 2442 λοιπὸν
2657 2386 2755 2464 γὰρ
2807 2389 2833 2442 ὁ
2893 2386 3160 2463 ἅνθρωπος
3206 2389 3278 2450 εἰς
3325 2387 3611 2465 ἐπίγνωσιν
3678 2408 3809 2463 τρε-

2157 2477 2390 2551 πόμενος
2447 2476 2534 2532 καὶ
2587 2473 2914 2556 ἐπιστροφὴν
2971 2476 3031 2531 ἐκ
3087 2476 3182 2544 τῆς
3229 2477 3429 2556 ἀφέτου
3504 2476 3808 2554 εὒεργεσίας

3539 2211 3614 2271 ὡς
3658 2207 3807 2263 ἂνω-

2155 2574 2245 2623 τοῧ
2304 2573 2431 2624 Θεοῦ
2507 2568 2900 2644 σωφρονισθεὶς,
2962 2567 3057 2622 καὶ
3127 2565 3538 2641 πολιτευόμενος

2153 2653 2249 2711 καὶ
2306 2652 2663 2734 φιλοχρίστως
2723 2653 2954 2711 ἐνδύεται
3039 2655 3233 2734 σχεδὸν
3306 2656 3478 2711 εἰπεῖν
3539 2656 3803 2722 αἰσθητῶς

2156 2745 2215 2799 τὸ
2275 2743 2518 2823 χάρισμα
2578 2749 2672 2800 τοῦ
2721 2745 2872 2821 ἁγίου
2939 2746 3259 2824 Πνεόματος,
3306 2744 3473 2822 ἤγουν
3509 2744 3608 2810 τὴν
3646 2748 3806 2802 αὐτοῦ

2157 2834 2482 2910 ὲπισκίασιν,
2518 2832 2603 2889 ὅτε
2650 2835 2736 2890 καὶ
2778 2835 2812 2901 ἡ
2847 2835 2970 2908 ἁγία
3001 2836 3154 2912 Τριας
3208 2838 3539 2913 ἒπιφοιτῶσα
3595 2834 3802 2911 Πατὴρ,

2159 2924 2246 2980 καὶ
2305 2925 2448 3000 Υἱὸς,
2519 2925 2606 2979 καὶ
2664 2923 2815 3001 ἅγιον
2890 2930 3098 2999 Πνεῦμα
3129 2972 3145 3000 ,
3234 2924 3405 2998 μονὴν
3472 2921 3599 2998 παρ’
3664 2922 3804 2996 αὖτῷ

2158 3017 2402 3088 ποιῆται,
2461 3014 2533 3076 ὡς
2591 3012 2784 3088 μηκέτι
2844 3013 3099 3070 ἅπτεσθαι
3191 3012 3347 3070 αὐτοῦ
3411 3014 3580 3068 κακὸν
3639 3032 3806 3090 φρου-

3630 2567 3798 2644 ὀρθῶς

2092 3153 2134 3204 C
2159 3101 2412 3199 ρουμένου
2455 3105 2786 3180 θεοπρεπῶς.

2235 3188 2351 3258 κη’.
2402 3191 2546 3270 Ἐγὼ
2589 3193 2675 3245 οὖν
2735 3193 2761 3246 ὁ
2817 3191 2979 3255 τάλας
3040 3194 3140 3270 οὐχ
3215 3188 3390 3254 ἐξείκις
3450 3190 3526 3263 τῷ
3569 3189 3799 3269 ἀριθμῷ,

2152 3277 2290 3335 ἀλλὰ
2345 3278 2442 3335 καΐ
2489 3279 2664 3336 πολλὰ
2720 3278 3005 3342 πλεονάκις
3041 3279 3300 3336 πέπτωκα
3326 3278 3393 3334 δι’
3427 3279 3704 3355 ἁμαρτιῶν
3737 3282 3794 3334 ὲν

2152 3367 2415 3447 ἁνείγκαες
2453 3416 2469 3448 ,
2502 3373 2623 3426 εἶτα
2669 3367 2915 3448 ἒρῥόσθην
2970 3376 3062 3425 τοῦ
3120 3367 3421 3447 ἁμετρτίτου
3470 3367 3647 3432 ἐλέους
3705 3375 3800 3424 τοῦ

2155 3464 2286 3514 Θεοῦ
2361 3455 2756 3537 ὑπερϐησαντος
2837 3459 2924 3515 καὶ
2998 3457 3432 3521 κατακλύσαντός
3515 3479 3619 3531 μου
3703 3458 3797 3522 τας

2154 3547 2410 3626 ἁμαρτίας
2448 3567 2460 3579 ·
2496 3550 2530 3616 ἡ
2562 3556 2646 3604 νῦν
2677 3550 2794 3628 περὶ
2824 3548 2918 3624 ἐμὲ
2949 3547 3284 3626 γεγενημένη
3343 3545 3430 3602 διὰ
3491 3549 3586 3603 τοῦ
3632 3546 3795 3602 ἆθλο-

2154 3636 2313 3716 φέρου
2377 3635 2653 3712 ἐπίσκεψις
2697 3640 2799 3716 ρῦχ
2855 3636 3166 3693 ὑπελείπετο
3218 3637 3527 3712 περίστασιν
3576 3637 3796 3710 μείζονι

2155 3725 2576 3806 προγενομένην,
2626 3726 2786 3803 οἶμαι
2848 3724 2901 3781 δὲ
2934 3724 3048 3782 οὔτε
3080 3724 3381 3802 μέλλουσαν
3415 3724 3623 3781 ἔσεσθαι
3665 3743 3677 3755 ·
3724 3726 3799 3787 τίς

2156 3817 2256 3893 γὰρ
2299 3815 2492 3891 μείζων
2523 3815 2731 3893 ἀνάγκη
2768 3824 2860 3872 τοῦ
2892 3816 2964 3878 εἷς
3008 3814 3246 3888 πυθμένα
3299 3835 3366 3888 με
3419 3811 3542 3886 ᾅδου
3599 3812 3791 3869 κατελ-

2155 3907 2268 3960 θεῖν
2299 3906 2385 3961 καὶ
2445 3909 2598 3982 ψυχῇ
2653 3906 2741 3961 καὶ
2784 3905 3016 3981 σώματι,
3070 3903 3213 3982 λέγω
3255 3902 3319 3970 δὴ
3377 3905 3466 3958 καὶ
3513 3903 3792 3978 ἁμαρτίαις

2157 3997 2244 4051 καὶ
2299 3994 2504 4066 ἀνιατῳ
2544 3995 2830 4071 νοσήματι,
2882 3994 2954 4057 ὡς
3014 3993 3298 4049 ἀνελθόντα
3330 4014 3396 4066 με
3442 3989 3786 4070 ἀπροσδοκή-

2153 4106 2262 4146 τως
2307 4085 2514 4161 κράζειν
2575 4085 2824 4163 ἐμφανῶς
2869 4085 2933 4139 τὰ
2993 4085 3078 4138 τοῦ
3133 4083 3282 4161 ἁγίου
3317 4078 3486 4137 Δαυῖδ
3539 4086 3616 4154 τῷ
3659 4087 3795 4160 Θεῷ,

2163 4197 2184 4229 ι
2225 4173 2348 4231 "Ott
2384 4171 2580 4251 ἐῤῥύσω
2611 4174 2708 4239 τὴν
2769 4175 2953 4253 ψυχὴν
2986 4193 3086 4248 μου
3131 4171 3183 4236 ἐξ
3217 4170 3338 4243 ᾅδου
3372 4172 3680 4227 κατωτάτου
3715 4189 3728 4204 ·
3768 4192 3790 4225 ο

2155 4267 2242 4321 καὶ
2299 4262 2459 4320 πάλιν
2512 4264 2646 4338 μετὰ
2719 4270 2812 4318 τοῦ
2896 4261 3158 4338 βασιλέως
3214 4260 3449 4332 Ἐζεκίου
3489 4305 3505 4332 ,
3588 4278 3618 4317 ι
3677 4258 3793 4316 Ὀτι

2156 4353 2291 4410 εἴλω
2321 4375 2422 4430 μου
2453 4356 2551 4420 τὴν
2574 4357 2781 4431 ψυχὴν,
2813 4351 2906 4409 ἵνα
2941 4353 3017 4427 μὴ
3050 4351 3341 4428 ἀπόληται³
3377 4352 3466 4407 καὶ
3499 4348 3792 4428 ἀπέρριψας

2160 4444 2329 4501 ὀπίσω
2359 4465 2463 4520 μου
2485 4442 2657 4509 πάσας
2686 4442 2780 4506 τὰς
2813 4443 3070 4521 ἁμαρτίας
3097 4464 3219 4518 μου.
3267 4463 3290 4498 ο

2159 4741 2397 4814 Vulgata
2430 4739 2666 4814 omnino
2704 4737 2798 4795 hic
2828 4736 3093 4814 standum
3136 4742 3390 4814 apparet.
3421 4734 3638 4814 Verum
3668 4732 3796 4814 licet

2162 4804 2374 4884 pariter
2403 4811 2660 4884 feminini
2695 4813 2933 4884 generis,
2974 4812 3052 4884 in_
3077 4804 3230 4866 texui
3279 4807 3497 4884 Graeco
3529 4804 3797 4884 siutﬂsub-

2161 4875 2506 4959 stantivum,
2532 4883 2623 4963 ad
2650 4875 2808 4963 quod
2839 4880 3194 4959 adjectivum
3229 4877 3538 4963 numerale
3572 4875 3789 4952 ἕϐδομος

2159 4958 2523 5021 referendum
2575 4958 2818 5027 videtur,
2860 4958 2968 5017 hec
3014 4972 3203 5017 tamen
3263 4963 3320 5014 in
3381 4958 3576 5017 Graeco
3637 4968 3797 5013 sacra

2159 5037 2468 5106 Scriptura
2498 5034 2833 5106 teXtu,quog
2864 5040 3166 5104 propterea
3189 5040 3246 5089 et
3265 5047 3293 5087 a
3328 5045 3418 5087 me
3443 5031 3541 5085 hic
3566 5030 3794 5106 factum,

2161 5100 2479 5165 masculino
2509 5100 2718 5180 genere
2747 5100 3216 5180 eﬁerturﬂtaque
3244 5100 3797 5180 acc_eptum_dis_cur-

2159 5180 2274 5244 sui,
2307 5191 2476 5250 quem
2513 5171 2785 5234 'Joannes
2820 5177 2912 5232 hic
2939 5171 3452 5247 snbit,‘materie'm
3483 5171 3792 5231 subminis-

2161 5256 2353 5391 πῗίῖ)
2379 5318 2506 5376 Haec
2545 5319 2669 5390 ipsa
2726 5319 2925 5378 Latine
2954 5333 2984 5391 εἰ
3029 5331 3120 5373 me
3173 5316 3269 5372 δίο
3300 5314 3532 5391 rea-dua
3564 5311 3794 5372 Joannis

2157 5387 2704 5455 Tb'esSalonicensis
2735 5392 2914 5452 verba
2938 5389 3131 5469 ἐῤῥύσω
3155 5397 3271 5450 etc.
3297 5387 3359 5448 in
3377 5387 3583 5469 Graeco
3611 5399 3786 5446 sacras

2156 5473 2645 5545 Scripturaaitextu
2705 5471 2932 5529 Psalmo
2969 5467 3184 5545 una,
3233 5483 3284 5524 ν.
3340 5468 3455 5545 i3,_
3487 5467 3782 5545 habentur,

2157 5533 2343 5617 iisque
2373 5543 2704 5617 in_Vulgata
2767 5543 3114 5617 respondent
3145 5544 3258 5597 haec
3302 5554 3315 5596 :
3357 5559 3379 5590 ι
3408 5533 3633 5596 Eruisti
3664 5533 3782 5593 ani-

2157 5615 2310 5675 main
2339 5631 2412 5674 ex
2440 5615 2664 5672 inferno
2697 5615 2978 5672 interiori.
3019 5631 3044 5664 ›

2225 5687 2343 5765 (13)
2373 5687 2457 5747 Ita
2485 5688 2605 5745 iere
2636 5685 2801 5745 Isaiae
2828 5695 3072 5754 muti,
3102 5683 3276 5744 v.17.
