4056 6152
460 221 611 298 1227
679 318 687 325 κ

1817 219 2271 292 SUPPLEMEN
2276 225 2440 292 TUM
2450 274 2464 290 .

3660 227 3792 295 1228

456 369 677 450 gnitate
699 365 810 427 fuit
837 363 1085 424 inferior
1132 363 1253 441 (t7.
1289 407 1298 420 .
1332 411 1342 423 .
1377 412 1390 424 .
1419 408 1433 430 ,
1495 363 1544 423 A
1577 362 1908 423 minoribus
1940 361 2092 424 enim

2185 386 2288 440 ρων
2349 367 2620 441 μαστίγων
2673 364 2985 444 ἀρξάμενος,
3051 367 3173 423 εἶτα
3247 369 3333 423 καὶ
3389 369 3460 430 εἰς
3501 369 3595 430 τὰς
3643 368 3791 440 μέσας

462 459 658 540 poenis
689 472 956 526 exorsus,
982 472 1048 514 ac
1101 450 1320 512 deinde
1371 451 1443 512 ad
1473 451 1696 512 medias
1727 470 2096 532 progressus,

459 556 525 610 ut
553 546 769 609 animae
801 551 1018 605 nostrae
1049 540 1299 601 vulnera
1329 541 1544 602 callum
1580 541 1881 601 obducere
1925 550 2100 621 atque

460 641 851 702 indurescere
878 635 1046 708 vidit,
1083 652 1192 695 nec
1225 634 1545 711 alligaturis
1568 632 1704 694 ullis
1736 635 2099 713 pharmacis-

461 748 575 811 que
606 727 842 801 cedere,
875 723 1202 786 secundum
1253 721 1491 802 Isaiam,
1545 722 1897 784 necessitate
1926 742 2096 784 com-

463 818 692 900 pulsus,
726 815 809 876 uti
843 813 1101 893 optimus
1133 829 1362 885 eorum,
1398 812 1473 872 de
1509 829 1758 890 quorum
1794 813 2098 872 sanatione

460 903 1470 986 desperatur,medicus,eorumque
1499 919 1628 981 quas
1661 920 1774 961 non
1804 902 2092 975 vitientur,

457 994 785 1072 exquisitus
815 992 1139 1070 inspector,
1195 990 1266 1050 ad
1327 1007 1636 1069 supremos
1695 990 2098 1066 castigationis

459 1084 677 1164 gradus
726 1080 1019 1162 prorupit.
1078 1080 1347 1141 Primum
1398 1079 1635 1158 quidem
1690 1079 2095 1158 castigatione,

461 1191 589 1254 qua;
621 1172 806 1233 Deum
841 1169 1035 1243 decet,
1071 1186 1178 1230 nos
1211 1167 1518 1244 erudiens,
1554 1169 1715 1229 velut
1759 1178 1946 1248 pater,
1983 1189 2100 1230 non

461 1260 773 1335 nobis,sed
798 1267 970 1321 terrae
993 1257 1310 1333 fructibus,
1337 1275 1405 1318 ac
1428 1256 1644 1318 deinde
1667 1258 1840 1318 etiam
1867 1259 2100 1319 anima-

463 1351 624 1412 libus
655 1350 873 1410 nostris
920 1347 1318 1428 corruptelam
1368 1347 1756 1424 supervenire
1807 1347 2098 1426 permisit.

545 1441 644 1501 32.
680 1440 757 1502 Ut
786 1456 925 1500 vero
986 1455 1094 1498 nos
1148 1436 1340 1498 nihilo
1371 1435 1650 1498 meliores
1693 1435 1878 1496 factos
1927 1435 2098 1509 vidit,

463 1530 662 1610 pueris
696 1528 888 1590 adhuc
921 1526 1298 1601 lactantibus,
1334 1526 1526 1605 iisque
1554 1527 1651 1605 qui
1688 1527 1856 1586 valde
1904 1525 2100 1587 adhuc

2182 453 2469 528 ἐπαναϐὰς,
2520 457 2590 518 ὡς
2637 453 2779 510 εἶδεν
2828 457 2984 528 ἡμῶν
3042 457 3107 510 τὰ
3151 457 3420 531 τραύματα
3474 463 3570 524 τῆς
3626 459 3793 533 ψυχῆς

2182 543 2567 620 σκληρώσαντα
2635 545 2723 600 καὶ
2775 543 3178 619 ἀπεσκληκότα,
3233 548 3318 602 καὶ
3376 545 3508 619 μηδὲ
3585 544 3796 602 καταδὲ-

2183 655 2336 707 σμοις
2396 633 2430 700 ἢ
2486 634 2826 710 μαλάγμααιν
2883 634 3102 690 εἴκοντα
3137 683 3152 706 ,
3215 657 3352 690 κατα
3405 638 3497 691 τὸν
3554 635 3794 707 Ἠσαίαν,

2181 721 2480 800 ἀναγκαίως
2539 723 2612 786 ὠς
2669 723 2879 801 ἄριστος
2953 730 3058 778 τῶν
3145 723 3564 797 ἀπηλπισμένων
3633 726 3795 794 ἰατρὸς

2181 811 2265 867 καὶ
2307 818 2412 867 τῶν
2472 813 2705 867 ἀθεάτων
2749 813 2990 888 γνώστης
3034 811 3274 891 ἀκριϐὴς,
3351 813 3435 869 ἐπὶ
3497 814 3590 876 τάς
3651 811 3796 890 ἄκρας

2181 901 2430 978 ὥρμησεν
2479 901 2785 979 ἐπαγωγάς,
2863 907 3073 979 Πρῶτον
3145 903 3243 976 μὲν
3321 903 3419 978 γὰρ
3481 903 3801 981 χειραγωγίᾳ

2179 993 2466 1068 θεοπρεπεῖ
2498 988 2759 1046 παιδεύων
2787 992 2934 1063 ἡμᾶς
2981 993 3054 1054 ὡς
3101 1004 3301 1070 πατὴρ,
3339 991 3442 1070 οὐχ
3471 994 3633 1063 ἡμῖν,
3681 990 3803 1045 ἀλλά

2181 1092 2301 1141 τοῖς
2356 1082 2415 1134 ἒκ
2468 1079 2567 1156 γῆς
2618 1092 2868 1158 καρποῖς,
2923 1079 3049 1136 εἶτα
3104 1083 3192 1136 καὶ
3233 1093 3349 1145 τοῖς
3379 1081 3630 1149 κτήνεσιν
3663 1082 3801 1154 ἡμῶν

2183 1167 2429 1224 ἐπελθεῖν
2461 1168 2647 1248 ἀφίησι
2678 1169 2776 1234 τὴν
2807 1168 3025 1246 φθοράν.

2262 1435 2372 1511 λβ’,
2455 1445 2526 1499 Ως
2581 1434 2635 1492 δὲ
2707 1435 2871 1510 μηδὲν
2930 1449 3172 1515 κρεῖττον
3221 1435 3368 1502 ἡμᾶς
3427 1434 3803 1514 γεγενημένους

2184 1525 2345 1602 ἑώρα,
2390 1539 2508 1589 τοῖς
2555 1525 2901 1599 ὑπομασθίοις
2945 1527 3034 1582 καὶ
3091 1539 3210 1590 τοῖς
3271 1523 3464 1596 κομιδῆ
3513 1527 3671 1581 πασὶν
3714 1527 3803 1580 έπ-

453 1605 707 1698 iuvenes
737 1626 925 1687 erant,
961 1616 1188 1696 plagam
1222 1614 1460 1676 indidit.
1488 1613 1563 1676 Ut
1592 1623 1786 1674 autem
1824 1633 1934 1675 nec
1961 1615 2092 1676 huic

2187 1611 2460 1669 ανεϐίϐασε
2503 1615 2600 1681 τὴν
2641 1613 2881 1691 πληγήν.
2934 1605 3024 1675 Ὠς
3075 1612 3130 1669 δὲ
3188 1615 3271 1669 καῖ
3342 1615 3509 1682 ταύτῃ
3572 1619 3640 1689 τῇ
3681 1619 3805 1688 τομῇ

460 1708 744 1771 incisioni
801 1707 1014 1768 cedere
1048 1705 1377 1765 animarum
1432 1712 1767 1763 nostrarum
1803 1712 2092 1765 tumorem

2185 1703 2260 1777 μὴ
2289 1704 2509 1758 ὑπεῖκον
2541 1701 2732 1780 διέγνω
2765 1704 2824 1758 τί)
2862 1709 2968 1758 τῶν
3011 1707 3203 1782 ψυχῶν
3249 1705 3400 1776 ἡμῶν
3435 1701 3666 1777 οἴδημα,
3699 1704 3804 1758 τότε

461 1796 913 1875 cognovit,tunc
944 1811 1219 1870 magnum
1255 1802 1313 1852 et
1344 1809 1540 1852 acrem
1574 1799 1631 1852 et
1656 1792 2092 1854 intolerabilem

2184 1795 2270 1847 τὸν
2322 1791 2488 1868 μέγαν
2547 1793 2634 1848 καὶ
2703 1789 2884 1869 δριμὺν
2943 1794 3029 1848 καὶ
3089 1792 3404 1848 ἀνύποιστον
3485 1799 3582 1847 τοῦ
3635 1791 3807 1864 λοιμοῦ

463 1887 645 1967 pestis
703 1892 1003 1946 cauterem
1067 1899 1174 1960 per
1227 1881 1470 1959 angelos
1521 1898 1660 1942 vere
1692 1881 1877 1942 malos
1921 1902 2092 1962 supra

2184 1885 2419 1958 καυτῆρα
2466 1879 2542 1935 δι’
2583 1881 2826 1958 ἀγγέλων
2875 1882 3041 1945 οὕτως
3094 1886 3341 1958 πονηρῶν
3388 1879 3694 1958 επαλθῆναι
3751 1885 3808 1954 τῇ

459 1983 639 2035 totam
672 1974 971 2035 civitatem
1001 1971 1199 2032 induci
1233 1968 1504 2048 permisit
1532 1970 1682 2049 (18).
1705 2018 1718 2031 .
1745 2020 1758 2033 .
1779 2016 1828 2032 ..
1874 1969 2099 2033 Omnes

465 2080 737 2144 prorsus,
767 2060 1108 2142 incipiendo
1141 2058 1214 2120 ab
1244 2057 1315 2119 iis
1345 2058 1444 2138 qui
1479 2063 1645 2138 pueri
1677 2059 1872 2121 adhuc
1904 2069 2094 2139 erant,

462 2171 653 2234 usque
675 2151 746 2213 ad
771 2169 895 2230 eos,
930 2149 1030 2230 qui
1051 2149 1234 2209 virilis
1260 2148 1449 2209 aatatis
1469 2155 1657 2219 erant,
1687 2149 2095 2228 rapiebantur,

462 2242 630 2317 solis,
673 2241 771 2322 qui
803 2239 1126 2302 senectutis
1154 2247 1445 2318 provecta;
1475 2237 1610 2300 lacti
1633 2236 1756 2316 jam
1783 2248 1968 2318 erant,
1996 2258 2097 2301 re-

466 2329 866 2394 manentibus.
903 2330 993 2390 Ne
1045 2328 1202 2389 enim
1258 2327 1393 2407 quis
1450 2326 1703 2395 diceret,
1766 2329 2096 2390 naturalem

464 2421 827 2502 quampiam,
853 2436 983 2498 qua;
1016 2415 1544 2491 obvenisset,aeris
1574 2416 1990 2496 intemperiem
2018 2417 2097 2478 vi-

459 2509 738 2572 ventibus
764 2509 922 2570 luem
955 2505 1365 2580 attulisse,nec
1389 2504 1706 2566 Dominum
1743 2505 1866 2566 haec
1892 2507 2094 2569 omnia

455 2599 693 2674 iecisse,
727 2596 886 2670 ideo,
950 2595 1054 2676 qui
1115 2595 1176 2655 in
1236 2599 1422 2656 aetatis
1471 2594 1790 2673 juventute
1845 2612 1914 2656 ac
1946 2597 2096 2658 ﬂore

461 2697 653 2762 erant,
687 2684 987 2766 peribant,
1041 2690 1140 2765 qui
1194 2702 1333 2746 vero
1385 2700 1562 2744 senes
1595 2683 1885 2764 mortique
1916 2685 2095 2746 vicini

461 2788 656 2850 erant,
689 2773 1077 2837 servabantur
1105 2774 1252 2854 (19).
1293 2824 1305 2837 .
1342 2823 1355 2836 .
1395 2823 1408 2836 .

538 2867 968 2944 33.Postqnam
993 2865 1172 2944 igitur
1188 2863 1280 2925 bis
1300 2871 1478 2944 atque
1501 2864 1847 2943 hujusmodi
1871 2865 2095 2927 morbis

455 2957 763 3019 constricti
793 2957 866 3018 ad
901 2954 1224 3017 venerandi
1249 2973 1424 3034 quam
1457 2955 1735 3034 maxime,
1770 2965 1834 3014 ut
1869 2955 2092 3016 dictum

2181 1971 2326 2046 πάσῃ
2381 1971 2724 2048 συνεχώρησε
2773 1969 3038 2031 πόλει....
3099 1970 3299 2032 Πάντες
3348 1967 3512 2046 ἄρδην
3567 1969 3673 2023 ἀπὸ
3726 1992 3809 2034 νη-

2185 2065 2304 2116 πίου
2361 2059 2553 2136 μέγρις
2624 2057 2823 2134 ἀνδρῶν
2880 2059 3251 2136 ἀνηρπάζοντο
3287 2105 3301 2132 ,
3357 2059 3536 2133 μόνων
3605 2063 3708 2112 τῶν
3762 2057 3808 2112 ἐν

2185 2150 2322 2226 γήρᾳ
2375 2150 2529 2222 βαθεῖ
2583 2147 2990 2222 πεπεδημένων.
3053 2148 3167 2205 "Iv:
3228 2149 3329 2226 γὰρ
3387 2149 3465 2222 μή
3523 2171 3607 2210 τις
3649 2146 3807 2225 εἴποι,

2183 2239 2407 2316 φυσικήν
2451 2259 2567 2292 τινα
2619 2258 2912 2313 γενομένην
2985 2244 3079 2293 τοῦ
3134 2237 3285 2314 ἀέρος
3357 2235 3675 2312 δυσκρασίαν
3728 2238 3808 2303 τὴν

2181 2327 2372 2406 φθορὰν
2427 2338 2539 2391 τοῖς
2593 2333 2754 2396 ζῶσιν
2811 2326 3144 2403 ἐπενεγκεῖν,
3187 2328 3274 2381 καὶ
3329 2325 3401 2388 ὠς
3442 2327 3568 2404 οὒχὶ
3637 2328 3809 2402 Κύριος

2180 2415 2397 2482 ἐποίησε
2427 2415 2592 2471 ταῦτα
2641 2416 2836 2488 πάντα,
2898 2417 3084 2473 τούτου
3133 2416 3292 2495 χάριν
3335 2417 3396 2472 τὸ
3427 2415 3546 2471 νέον
3590 2417 3678 2471 καὶ
3721 2416 3808 2469 ἀν-

2178 2509 2298 2562 θοῦν
2330 2509 2426 2570 τῆς
2463 2503 2673 2571 ἡλικίας
2707 2505 2992 2584 ἐφθείρετο,
3031 2507 3092 2561 τὸ
3140 2503 3194 2560 δὲ
3241 2505 3468 2562 παλαιὸν
3527 2507 3618 2561 καὶ
3665 2506 3808 2583 ἐγγὺς

2178 2594 2478 2674 ἀφανισμοῦ
2509 2591 2833 2672 διετηρεττο.
2873 2643 2914 2656 ,,

2258 2860 2370 2939 λγ’,
2426 2853 2571 2919 Ἐπεὶ
2629 2861 2718 2916 οὖν
2775 2861 2977 2916 τούτων
3034 2861 3122 2916 καὶ
3181 2865 3287 2917 τῶν
3346 2863 3608 2920 τοιούτων
3639 2863 3804 2944 ἔνοχοι

2178 2951 2496 3026 νοσημάτων
2548 2951 2619 3011 εἷς
2678 2951 2770 3006 τὸν
2835 2947 3125 3026 ἀγιόδωρον
3184 2951 3312 3006 ναὸν
3366 2958 3458 3007 τοῦ
3515 2954 3807 3009 πανσέπτου

457 3045 848 3126 est,martyris
869 3043 1180 3124 templum,
1206 3044 1544 3105 sanationes
1572 3043 1794 3104 donare
1825 3043 2089 3118 solitum,

2184 3041 2495 3120 κατέφυγον,
2554 3042 2627 3101 ὡς
2687 3037 2923 3118 εἴρηται⁷
2980 3039 3262 3113 μάρτυρος,
3299 3047 3418 3096 τότε
3455 3043 3546 3098 καὶ
3576 3049 3676 3109 τῆς
3727 3047 3809 3097 τοῦ

457 3135 876 3214 confugerunt,
909 3143 1047 3194 tunc
1072 3143 1132 3193 et.
1163 3131 1269 3193 Dei
1291 3131 1718 3193 misericordia;
1740 3131 2094 3209 magnitudi-

458 3241 594 3284 nem
651 3231 710 3283 et
767 3223 1023 3284 eliicacis
1075 3220 1470 3282 certaminum
1517 3220 1754 3280 victoris
1815 3221 2094 3299 potentiae

457 3329 662 3372 curam
701 3318 837 3371 sunt
867 3310 1116 3391 experti.
1151 3309 1590 3389 Quouscunque
1641 3309 1797 3370 enim
1832 3315 1984 3388 ipse,
2031 3319 2095 3370 ut

455 3398 713 3460 ﬁliorum
747 3416 953 3460 amans
985 3406 1173 3478 pater,
1206 3397 1481 3458 noctibus
1511 3397 1762 3476 singulis
1787 3397 2088 3479 visitabat,

453 3489 496 3550 ii
519 3488 634 3568 ipsi
653 3489 846 3550 statim
873 3505 1045 3548 mane
1071 3495 1129 3548 et
1151 3486 1348 3549 cibum
1395 3486 1728 3568 capiebant,
1755 3496 1810 3548 et
1835 3488 2092 3568 propriis

455 3591 726 3652 praeterea
753 3582 994 3652 pedibus
1019 3581 1387 3638 incedebant:
1413 3583 1509 3652 qui
1542 3584 1702 3652 prius
1741 3584 2090 3639 nutrimenta

455 3666 849 3743 fastidientes,
912 3661 1296 3747 pessimeque
1334 3667 1529 3728 aﬂ‘ecti
1577 3684 1644 3728 ac
1695 3667 1930 3746 penitus
1972 3685 2092 3747 prae

457 3761 792 3819 morborum
835 3761 1229 3832 magnitudine
1259 3762 1478 3818 immoti
1511 3771 1920 3831 apparuerant,
1953 3777 2094 3831 pau-

455 3845 734 3908 cissimos
764 3850 940 3908 etiam
975 3845 1132 3907 intra
1161 3846 1291 3908 dies
1325 3847 1451 3907 sani
1497 3843 1803 3925 mentique
1835 3846 2094 3909 restituti

456 3934 665 3995 domos
715 3953 850 3996 suas
907 3935 1130 4016 absque
1181 3943 1342 3997 metu
1394 3935 1562 3996 facile
1591 3935 1962 4014 repetebant,
1993 3955 2093 3997 se-

456 4022 792 4097 curitatem,
827 4024 985 4103 quod
1037 4042 1070 4084 a
1130 4032 1384 4103 martyre
1436 4024 1666 4085 liberati
1702 4032 1922 4099 essent,
1978 4025 2093 4085 title

457 4111 696 4190 dignam
727 4113 1040 4188 habentes,
1073 4113 1198 4175 fore
1229 4123 1294 4174 ut
1323 4113 1535 4175 iisdem
1565 4112 1790 4174 morbis
1823 4132 1941 4175 non
1965 4133 2094 4175 cor-

453 4201 1232 4283 riperentur.Quoscunque
1261 4221 1566 4279 vero,cum
1591 4210 1768 4263 noctu
1803 4203 2084 4277 visitaret,

2179 3137 2309 3186 Θεοῦ
2388 3128 2777 3207 φιλανθρωπίας
2853 3130 2913 3183 ea
2976 3127 3195 3204 μέγεθος
3269 3129 3359 3184 καί
3413 3135 3514 3197 τῆς
3576 3134 3808 3209 ὶνεργοῦς

2177 3225 2267 3274 τοῦ
2324 3216 2615 3296 ἀθλοφόροι)
2645 3216 2916 3291 δυνάμεως
2975 3219 3036 3272 τὸ
3091 3215 3444 3290 κηδεμονικὸν
3498 3219 3808 3277 ἐπιδείκνυν·

2177 3329 2258 3366 το.
2295 3305 2491 3370 ³¹Οσους
2535 3308 2635 3384 γὰρ
2679 3307 2835 3370 αὐτὸς
2885 3307 2964 3386 ἐφ’
3024 3308 3253 3373 ἑκάστης
3312 3311 3526 3384 νυκτὸς,
3562 3313 3638 3374 ὡς
3668 3309 3813 3391 φιλό-

2177 3417 2303 3459 παις
2365 3397 2563 3474 πατὴρ,
2625 3394 3024 3469 ἐπεσκέπτετο,
3087 3396 3232 3459 εύθὺς
3309 3396 3468 3453 ἕωθεν
3528 3400 3674 3455 οὗτοι
3733 3398 3813 3455 οιαὶ

2175 3491 2373 3564 τροφῆς
2434 3483 2835 3560 μετελάμϐανον
2863 3533 2878 3559 ,
2925 3487 3012 3541 καὶ
3054 3488 3210 3541 ποσὶν
3268 3488 3480 3547 οἰκείοις
3542 3491 3618 3552 εἷς
3665 3495 3810 3545 τοῦτο

2175 3573 2552 3636 κατέσπευδον.
2616 3574 2684 3631 O’t‘
2772 3577 2890 3652 πρὶν
2972 3575 3268 3652 βρωμάτιον
3343 3575 3624 3655 ἀνόρεκτοι
3653 3626 3669 3657 ,
3729 3578 3809 3631 καὶ

2175 3666 2387 3722 πάντων
2432 3663 2758 3743 δυσάρεστοι,
2794 3666 2880 3719 καὶ
2932 3665 3108 3730 πάντη
3167 3665 3407 3731 ἀκίνητοι
3465 3667 3546 3740 τῷ
3602 3667 3804 3743 μεγέθει

2177 3759 2282 3810 τῶν
2317 3754 2634 3829 νοσημάτων
2667 3753 2948 3830 ὁρώμενοι,
2983 3753 3068 3809 καί
3117 3751 3411 3830 όλιγοστῶν
3464 3756 3617 3821 ἐντὸς
3675 3758 3810 3830 ὴμεο

2178 3849 2282 3922 ρῶν
2339 3845 2508 3922 δγιεῖς
2541 3843 2624 3898 καὶ
2668 3843 2970 3920 ἀρτίφρονες
3021 3841 3264 3922 ἀτεχνῶς
3322 3844 3444 3907 τοὺς
3475 3844 3682 3900 ἑαυτῶν
3738 3843 3813 3899 οἷ’-

2176 3956 2298 3997 κους
2330 3932 2630 4011 ἆπέτρεχον
2663 3929 2874 4010 ἄφοϐοι,
2929 3931 3190 4010 ἐχέγγυον
3242 3932 3536 4011 ἀσφάλειαν
3596 3933 3810 4014 ἔχοντες

2176 4025 2269 4078 τοῦ
2313 4023 2388 4097 μὴ
2431 4035 2550 4086 τοῖς
2597 4023 2776 4084 αύτοῖς
2834 4019 3034 4076 ἁλῶναι
3095 4019 3370 4094 παθήμασι
3432 4043 3492 4078 το
3527 4025 3671 4100 παρὰ
3725 4028 3809 4079 τοῦ

2175 4109 2487 4176 πανενδόξου
2546 4111 2802 4185 μάρτυρος
2878 4111 3095 4172 τούτους
3175 4109 3555 4171 ἀπολελύσθαι.
3615 4113 3805 4176 ⁰Οσους

2172 4201 2227 4258 δὲ
2281 4202 2416 4258 κατά
2499 4201 2592 4262 τὰς
2677 4201 2864 4262 νύκτας
2953 4199 3402 4274 ἐπισκεπτόμενος
3475 4199 3801 4280 ὑπερέϐαινε,

453 4291 817 4372 praeteribat,
852 4292 988 4353 illos
1018 4298 1215 4354 statim
1248 4293 1336 4353 vel
1361 4310 1518 4352 mors
1541 4291 1929 4369 rapiebat,vel
1952 4293 2089 4354 mali

2184 4292 2384 4354 τούτους
2445 4290 2479 4357 ἢ
2536 4294 2874 4367 παραχρῆμα
2923 4290 2950 4343 ὁ
2992 4290 3214 4350 θάνατος
3265 4288 3581 4369 ὑπεδέχετο,
3628 4292 3662 4358 ἢ
3711 4312 3805 4364 μα-

452 4380 844 4443 diuturnitate
876 4381 1220 4443 laborantes
1250 4382 1344 4442 vix
1403 4381 1636 4442 tandem
1685 4397 1794 4460 per
1823 4389 2081 4462 tempus,

451 4471 572 4532 imo
604 4489 680 4532 ne
711 4488 818 4551 per
851 4477 1084 4550 tempus
1115 4469 1379 4551 quidem,
1414 4471 1523 4532 nisi
1567 4478 1808 4550 martyr,
1843 4470 2086 4533 miseri-

527 4685 638 4755 (17)
666 4684 769 4742 Ηὶο
825 4685 996 4742 tnodo
1050 4685 1300 4743 Joannes
1332 4685 1518 4742 verbis
1563 4685 1770 4744 Graecis
1801 4685 1859 4744 in
1896 4685 2090 4745 codice

453 4756 591 4814 olim
633 4757 964 4814 Mazarinaeo
997 4756 1065 4814 de
1105 4771 1273 4827 prava
1318 4756 1912 4814 Thessalonicensium
1955 4759 2084 4823 vita,

452 4828 1057 4900 gravissimaque,quaa
1088 4829 1162 4884 ob
1191 4827 1335 4900 hanc
1366 4828 1592 4900 tandem
1623 4828 1738 4884 illis
1766 4829 2088 4898 obvenerit,

453 4901 788 4971 meritisque
813 4899 1005 4958 tamen
1041 4901 1229 4956 minor
1259 4899 1450 4963 fuerit.
1475 4899 1930 4956 diviniNuminis
1964 4902 2090 4956 vin-

452 4970 597 5028 dicta
645 4970 922 5029 nonnulla
972 4972 1223 5035 disserit,
1272 4986 1339 5027 ac
1400 4971 1623 5036 deinde,
1659 4979 1717 5027 ut
1747 4973 1806 5027 in
1838 4971 1949 5026 illis
1982 4985 2090 5041 pu-

454 5042 682 5100 niendis
716 5043 818 5099 Dei
852 5043 1300 5100 misericordiam
1332 5041 1649 5098 mirandam
1681 5043 1850 5099 simul
1874 5041 2088 5100 aclau-

451 5113 698 5171 dandam
729 5115 1011 5183 ostendat,
1064 5130 1127 5171 ea
1177 5115 1390 5181 statim,
1437 5128 1565 5185 quae
1593 5114 1686 5169 hic
1720 5113 1906 5185 Graece
1937 5128 2089 5184 pun-

452 5194 686 5257 ctorumi
708 5185 1200 5257 interpositionem
1231 5199 1363 5241 mox
1414 5183 1724 5257 eicipiunt,
1769 5183 2084 5255 subjungit.

527 5255 914 5326 (18)Joannés
944 5258 1052 5316 hoc
1107 5256 1254 5320 loco,
1307 5256 1536 5325 punctis
1584 5255 1872 5317 distincto,
1914 5270 2088 5326 quam

453 5330 665 5384 multas
695 5340 914 5399 stragrs
941 5327 1357 5384 Thessalonicae
1390 5329 1564 5396 pestis
1597 5327 1986 5399 miserandum
2019 5328 2075 5383 in

453 5399 686 5470 modum
718 5398 1010 5464 inﬂixerit,
1043 5413 1214 5470 quam
1247 5401 1548 5470 innumera
1583 5401 1778 5455 funera
1811 5398 2078 5470 attulerit,

451 5469 574 5541 fuse
613 5470 785 5526 simul
833 5485 898 5527 ac
938 5468 1210 5541 graphice
1242 5468 1512 5541 exponit;
1549 5478 1606 5526 ut
1638 5477 1822 5524 autem
1857 5469 2081 5541 plagam

451 5539 632 5609 illam,
665 5553 781 5599 non
813 5557 844 5600 θ
873 5537 1064 5601 causa
1092 5537 1362 5605 naturali,
1420 5540 1521 5598 sed
1550 5555 1582 5599 e
1616 5541 1805 5600 divina
1836 5537 2086 5600 vindicta

2170 4380 2418 4458 κρονοσίᾳ
2445 4379 2745 4454 κάμνοντας
2776 4377 2934 4451 μόλις
2995 4379 3096 4452 ὀψέ
3143 4400 3272 4434 ποτε
3302 4377 3386 4434 διὰ
3415 4382 3615 4458 χρόνου
3651 4380 3680 4446 ἦ
3711 4380 3804 4435 ἀπ-

2171 4469 2383 4548 αλλαγὴ
2414 4474 2506 4526 τοῦ
2559 4469 2862 4541 νοσήματος
2916 4465 3130 4545 ἔφθανε,
3183 4465 3387 4541 μᾶλλον
3441 4465 3494 4523 δὲ
3551 4467 3668 4528 οὖδέ
3720 4465 3798 4524 διὰ

2171 4665 2798 4752 Τὴθεεθιοῶοοοεὶδιιε
2817 4679 3120 4736 obvenisse
3149 4678 3428 4745 ostendat,
3454 4681 3648 4738 verbis
3673 4693 3802 4752 pro-

2172 4758 2330 4824 lixis,
2362 4755 2575 4827 quibus
2606 4751 2748 4827 illud
2779 4751 2938 4827 facit,
2963 4765 3028 4807 ea
3061 4753 3250 4827 etiam,
3285 4766 3406 4822 quae
3431 4751 3690 4827 punctis
3715 4752 3801 4808 in-

2174 4821 2631 4898 terpdsi’tﬁisrmox
2665 4826 2758 4880 hic
2796 4821 3143 4898 subdantur,
3177 4821 3490 4898 interserit.

2245 4893 2358 4969 ('19)
2382 4897 2495 4969 Qui
2527 4911 2640 4969 non
2691 4893 2910 4952 morbis
2968 4901 3207 4969 tantum,
3239 4893 3341 4950 sed
3371 4893 3797 4969 spectris_etiam

2174 4963 2360 5029 territi
2387 4963 2934 5036 ‘ﬁhessalonicenses
2983 4963 3055 5021 ad
3097 4963 3429 5036 sanctorum
3460 4964 3689 5036 templa.
3734 4977 3797 5021 ac

2175 5035 2595 5112 praecipukad
2648 5038 2833 5112 aedem
2879 5045 3075 5112 sancto
3139 5035 3429 5112 Demetrio
3478 5035 3796 5112 sacram,__e

2173 5104 2441 5170 domibus
2497 5104 2926 5180 Wugerint,
2976 5107 3227 5180 Joannes
3263 5109 3466 5180 modo.
3507 5104 3797 5180 nonnullis

2173 5184 2380 5266 adhuc,
2405 5182 2626 5264 quibus
2648 5177 2822 5251 pestis
2880 5179 3214 5260 gravitatem
3246 5177 3565 5260 describere
3589 5178 3793 5304 pergit,

2173 5268 2509 5304 nrmmisms.
2573 5254 2665 5304 hic
2713 5249 3001 5304 exnlanat.
3035 5264 3100 5304 ac
3130 5248 3357 5304 deinde.
3394 5265 3490 5304 aut
3527 5249 3639 5304 ills
3671 5259 3793 5304 tan-

2216 5248 2509 5322 raamissis,
2573 5248 2668 5309 hic
2713 5248 3001 5321 explanat,
3035 5264 3100 5306 ac
3130 5248 3357 5312 deinde.
3394 5251 3490 5322 qui
3527 5248 3639 5322 illis
3671 5259 3797 5306 tan-

2204 5342 2290 5382 em
2330 5342 2360 5383 a
2409 5321 2614 5382 Sancto
2664 5322 2837 5380 fuerit
2869 5335 3228 5385 succursum,
3289 5321 3634 5392 per’verba,
3667 5333 3794 5391 quas

2166 5407 2507 5469 punctorum
2558 5394 3051 5466 interpositionem
3113 5405 3245 5448 mox
3307 5393 3400 5450 hic
3465 5393 3782 5466 excipiunt,

2167 5478 2411 5526 enarrat.
