4056 6152
281 237 452 308 1229‘

1364 241 1425 306 S.
1470 239 1847 308 DEMETRII
1891 243 2290 309 MARTYBIS
2331 247 2552 310 ACTA.

3489 242 3648 311 1230

273 401 492 459 χρονου,
527 381 571 434 εἰ
625 380 704 453 μὴ
753 378 1173 457 σπλαγχνισθεὶς
1205 379 1232 434 ὁ
1289 400 1490 457 μαρτυς
1523 382 1756 455 εὖμενως
1807 380 1907 437 ἐπ-

2017 380 2199 441 :ordia
2258 387 2472 459 metus,
2536 385 2884 457 aagrolatem
2961 376 3222 458 benigne
3294 380 3641 459 respiceret,

275 467 385 524 εϊδε
413 470 505 524 τὸν
533 469 860 544 κᾶρμνοντα.

356 556 462 619 λδ’,
518 555 670 612 Ἀλλ’
721 555 988 633 ὁλιγοστοὶ
1048 558 1146 631 μὲν
1204 558 1341 625 ἦσαν
1399 560 1442 614 οἱ
1476 559 1651 615 αὐτόθι
1695 561 1767 622 ὡς
1818 559 1917 614 ἀν-

270 647 555 701 επίσκοποι
616 644 1054 718 τελευτήταντες,
1092 646 1256 722 ὀλίγῳ
1299 644 1353 701 δὲ
1386 644 1593 704 πλείους
1638 650 1836 703 τούτων
1871 649 1916 704 οἱ

269 734 778 813 πολυχρονῆσαντας
839 746 956 793 τοῖς
1015 735 1341 808 παθήμασιν,
1395 736 1530 792 Εἶτα
1572 735 1914 815 ἐπισκεφθέν-

268 845 356 887 τες
418 826 490 886 ὡς
535 822 736 902 ὅτερον,
785 825 831 878 οἱ
884 820 937 876 δὲ
987 823 1130 900 ταχὺ
1183 829 1280 888 τῆς
1340 825 1515 900 ὑγείας
1559 825 1913 903 τυγχάνοντες

268 913 490 992 ἀριθμὸν
549 909 913 988 ὑπερέϐαινον,
992 909 1154 966 Ἀλλά
1227 913 1303 984 μή
1375 933 1455 973 τις
1522 910 1806 986 ἀδυναμίας
1877 914 1912 981 ἢ

268 1001 642 1080 ἀσπλαγχνίας
700 1001 736 1068 ἢ
793 1000 1245 1077 προσωποληψίας
1308 999 1512 1064 ἀσεϐῶς
1566 1009 1658 1057 τοῦ
1689 1003 1912 1057 ἐπισκε-

271 1091 513 1167 ψαμένον
570 1092 1006 1166 καταψηφίζηται
1065 1091 1482 1168 μάρτυρος,τιῖ›ν
1514 1087 1568 1145 δὲ
1621 1099 1912 1156 τηνικαῦτα

271 1180 597 1258 πασχόντων
639 1181 724 1234 καὶ
776 1186 852 1251 τῷ
908 1179 1094 1234 τούτου
1146 1184 1258 1250 ναῷ
1315 1179 1759 1258 προσφευφόντων
1817 1181 1911 1239 τὰς

271 1269 484 1347 πράξεις
529 1269 826 1343 ἀναθρήσας
885 1267 962 1341 τῷ
1018 1275 1113 1340 νῷ,
1175 1269 1262 1324 καὶ
1315 1268 1378 1322 τά
1435 1269 1771 1344 προσήκοντα
1827 1270 1914 1324 καὶ

270 1357 497 1435 ἁρμόδια
558 1355 726 1428 δούλῳ
796 1357 998 1433 γνησίῳ
1056 1355 1187 1410 Θεοῦ
1241 1355 1563 1434 φιλευσεϐὦς
1615 1356 1911 1434 λογισάμε-

269 1469 383 1510 νος.
462 1448 668 1524 εὖρήσει
754 1447 966 1510 πᾶντως
1038 1444 1328 1524 ἐπωφελώς
1397 1447 1485 1501 ¹καὶ
1557 1448 1630 1509 ὡς
1697 1447 1914 1524 προνοίᾳ

263 1536 455 1612 πρέπει
536 1537 666 1590 Θεοῦ
733 1538 818 1590 καὶ
876 1535 999 1597 τοὺς
1060 1535 1202 1597 εὐθὺς
1289 1533 1728 1613 ἐλευθερωθέντας
1805 1542 1912 1590 τῶν

262 1629 581 1699 νοσημάτων
650 1626 984 1702 ὑγιασθῆναι,
1046 1625 1131 1679 καὶ
1199 1626 1318 1686 τοὺς
1389 1624 1782 1702 παρασυρέντας
1857 1625 1912 1679 ἐν

2003 468 2191 530 morbi
2225 469 2504 531 remissio
2536 466 2885 549 occupabat.

2081 559 2178 619 34.
2215 557 2434 619 Verum
2463 556 2807 638 paucissimi
2840 556 2986 629 illic,
3018 555 3173 617 velut
3203 557 3358 618 haud
3393 557 3642 639 visitati,

2002 647 2214 707 mortui
2247 655 2404 726 sunt,
2441 647 2626 708 multo
2674 654 2866 708 autem
2902 647 3236 726 pauciores,
3272 647 3368 726 qui
3401 645 3644 708 morbo-

1999 754 2132 797 rum
2162 736 2549 797 diuturnitate
2581 735 2902 798 conﬂictati
2937 735 3124 797 fuere.
3159 735 3270 806 Qui
3305 755 3480 815 porro
3510 734 3647 797 visi-

2002 831 2099 885 tati
2124 826 2437 887 sanitatem
2466 834 2666 904 postea
2688 825 2884 886 statim
2917 823 3292 898 obtinebant,
3325 842 3644 886 numerum

1999 932 2335 976 excessere.
2374 913 2592 976 Verum
2626 933 2702 974 ne
2735 913 2870 994 quis
2914 914 3284 994 impotentiae
3312 913 3402 974 vel
3439 912 3644 973 immi-

1999 1002 2344 1065 sericordiae
2376 1005 2467 1065 vel
2499 1022 2892 1085 personarum
2929 1005 3294 1083 acceptionis
3327 1010 3645 1083 martyrem

1995 1091 2325 1153 visitantem
2358 1093 2540 1174 impie
2573 1093 2835 1164 damnet,
2870 1111 3076 1154 eorum
3129 1094 3229 1168 qui
3289 1103 3428 1154 tunc
3479 1093 3642 1170 passi

1996 1189 2130 1240 sunt
2162 1190 2336 1261 atque
2365 1182 2436 1242 ad
2469 1182 2631 1243 illius
2662 1181 2949 1262 templum
2997 1182 3344 1260 confugere,
3378 1181 3646 1245 actiones

1999 1281 2200 1331 mente
2231 1270 2600 1352 expendens,
2626 1290 2838 1352 eaque,
2863 1289 2995 1351 qua;
3025 1289 3307 1349 germano
3337 1272 3444 1336 Dei
3475 1290 3649 1334 servo

1997 1360 2360 1420 conveniunt
2386 1378 2454 1422 ac
2487 1368 2848 1440 congruunt,
2877 1359 2974 1440 pie
3008 1360 3361 1438 recogitans,
3387 1363 3654 1424 inveniet

1997 1447 2264 1522 omnino,
2298 1458 2489 1522 recte,
2522 1459 2699 1530 atque
2731 1459 2794 1510 ut
2839 1449 2946 1511 Dei
2981 1450 3415 1528 providentiam
3451 1451 3646 1532 decet,

1995 1547 2052 1596 et
2085 1535 2241 1609 illos,
2262 1535 2363 1614 qui
2389 1537 2611 1598 morbis
2635 1539 2832 1599 statim
2861 1537 3096 1598 liberati
3121 1537 3386 1610 fuerunt,
3416 1547 3651 1602 sanatos

1998 1623 2210 1698 fuisse,
2238 1632 2295 1684 et
2325 1643 2449 1704 eos,
2487 1627 2587 1706 qui
2613 1625 2817 1686 morbo
2845 1626 2943 1687 diu
2973 1635 3268 1706 protracto
3296 1629 3449 1706 passi
3483 1640 3648 1705 sunt,

260 1715 474 1776 τούταις
526 1715 876 1787 οἷκονομικῶς
934 1709 1296 1783 παιδευθῆναι,
1344 1715 1431 1769 καὶ
1488 1716 1608 1776 τους
1669 1716 1903 1792 τάχιστα

2017 1711 2421 1774 :ouvenienter
2466 1715 2522 1776 in
2555 1715 2722 1776 hisce
2769 1715 3007 1795 punitos
3037 1715 3243 1792 fuisse,
3278 1731 3336 1777 et
3387 1735 3514 1791 eos,
3549 1717 3653 1798 qui

263 1805 362 1858 τὸν
390 1803 502 1876 βίον
555 1801 924 1864 ἀπολιπόντας
978 1801 1346 1880 συμφερόντως
1391 1809 1543 1857 τοῦτο
1586 1805 1798 1877 παθεῖν,
1832 1805 1902 1865 ὡς

267 1891 607 1969 πανταχόθεν
661 1891 930 1968 φαίνεσθαι
1000 1895 1098 1956 τῆς
1157 1889 1418 1967 ἐνεργείας
1496 1899 1584 1946 τοῦ
1651 1893 1906 1970 μάρτυρος,

266 1982 330 2036 τὸ
361 1979 579 2034 δυνατον
623 1980 706 2035 καὶ
757 1980 1108 2055 προνοητικὸν
1157 1981 1244 2035 καὶ
1272 1978 1660 2058 φιλάνθρωπον,
1718 1983 1904 2054 Πόθεν,

268 2070 420 2148 φασὶ,
479 2068 642 2123 ταῦτα
699 2069 928 2148 πείθεις-
967 2068 1100 2142 ἡμᾶς
1159 2070 1247 2124 τὸν
1301 2067 1637 2146 ὑπερένδοξον
1697 2093 1909 2148 πεπρα-

283 2141 444 2236 γέναι
508 2157 864 2231 Δημήτριονς
907 2141 1024 2214 ηΟτι
1084 2156 1180 2230 μὲν
1221 2158 1320 2234 γὰρ
1382 2141 1548 2235 μέγας
1608 2161 1750 2235 παρά
1808 2141 1922 2232 Θεῷ

281 2249 373 2302 καὶ
428 2244 664 2323 δυνατὸς,
700 2247 783 2300 καὶ
841 2243 1147 2322 φιλόπολις,
1191 2244 1555 2325 ὁμολογοῦμεν
1599 2247 1693 2304 καὶ
1751 2251 1918 2327 αὐτοὶ,

281 2337 686 2408 ὑποτοπαζομεν
745 2332 799 2388 δὲ
852 2331 1054 2408 μηδένα
1097 2344 1386 2401 τηνικαῦτα
1431 2342 1536 2390 τῶν
1569 2336 1746 2393 ἐκεῖσε
1802 2361 1920 2393 κει-

282 2424 458 2498 μένων
529 2425 817 2488 ἱαμοτικως
889 2422 1044 2478 αὐτὸν
1115 2423 1530 2499 ἐπισκέψασθαι,
1585 2424 1666 2481 διὰ
1724 2429 1784 2482 τὸ
1845 2426 1922 2501 μή

282 2513 566 2587 θεομῆνίαν
622 2511 861 2588 ἄντικρυς
918 2512 1061 2568 εἶναι
1112 2514 1172 2568 τὸ
1227 2514 1363 2569 κατὰ
1406 2515 1503 2582 τὴν
1560 2514 1718 2571 πόλιν
1766 2517 1922 2593 γινό-

283 2623 470 2680 μενον,
505 2601 593 2656 καί
652 2609 729 2674 τῷ
759 2602 834 2676 μὴ
881 2608 1234 2680 προσκροῦσαι
1264 2609 1339 2676 τῷ
1381 2604 1582 2671 ταότην
1644 2604 1922 2681 ἐκπεπομ-

283 2691 407 2770 φότι
440 2699 552 2764 Θεῷ
582 2692 689 2747 τῶν
724 2690 995 2768 ἡμετέρων
1029 2689 1267 2768 πράξεων
1299 2691 1551 2771 τιμωρόν,

368 2868 397 2924 λ
432 2868 448 2890 ν
608 2871 620 2890 π
710 2875 732 2885 υ
839 2869 864 2884 ν
909 2867 922 2890 ν
1211 2871 1226 2891 ~
1527 2872 1541 2890 ι
1635 2876 1661 2886 ~
1908 2893 1927 2908 ρ

403 2890 426 2924 ε
457 2917 470 2931 .
529 2879 625 2927 Και
656 2891 795 2948 πως,
827 2892 873 2924 ω
901 2871 1090 2946 ἀγαθοὶ
1141 2892 1230 2926 και
1272 2869 1565 2946 ἀγαπητοι,
1611 2892 1697 2937 της
1753 2871 1927 2948 ὑγείας

285 2960 436 3021 ἐντὸς
502 2957 713 3021 πλείους
757 2965 864 3014 τῶν
931 2958 1294 3030 ἀνακειμένων
1347 2956 1759 3030 ἀπροσδοκήτως
1806 2959 1930 3037 ἐγέ-

1989 1801 2316 1862 celerrime
2352 1802 2528 1864 vitam
2581 1804 2863 1876 amisere,
2901 1803 3084 1865 fuisse
3131 1804 3218 1880 id,
3253 1808 3651 1885 quemadmo-

1992 1889 2130 1948 dum
2165 1890 2438 1972 decebat,
2469 1910 2694 1973 passos,
2730 1900 2791 1954 ut
2821 1893 3096 1972 martyris
3129 1894 3412 1972 potentiae
3446 1896 3651 1957 efﬁca-

1995 1978 2083 2038 cia
2113 1986 2171 2039 et
2205 1980 2574 2059 providentia
2615 1991 2672 2042 et
2705 1982 3117 2044 misericordia
3147 1982 3370 2062 ubique
3400 1984 3642 2046 innote-

2003 2077 2218 2128 sceret.
2251 2066 2446 2150 Unde,
2474 2069 2666 2143 aiunt,
2694 2070 2867 2132 nobis
2902 2071 3248 2150 persuades,
3277 2072 3403 2134 haec
3433 2073 3652 2136 fecisse

2007 2156 2499 2234 gloriosissimum
2532 2157 2951 2220 Demetrium?
2992 2160 3144 2221 Eum
3179 2160 3338 2223 enim
3373 2179 3653 2240 magnum

2005 2245 2247 2324 quidem
2283 2253 2342 2307 et
2367 2254 2666 2327 potentem
2693 2248 2850 2326 apud
2878 2249 3065 2310 Deum
3089 2257 3146 2310 et
3164 2249 3415 2311 civitatis
3443 2269 3654 2312 aman-

2008 2343 2124 2394 tem
2177 2351 2310 2394 esse
2343 2335 2599 2396 fatemur
2650 2345 2708 2398 et
2739 2354 2847 2396 nos
2894 2337 3052 2414 ipsi;
3114 2339 3420 2399 nominem
3454 2348 3653 2401 autem

2012 2430 2151 2483 tunc
2181 2421 2408 2484 ibidem
2429 2425 2946 2506 decumbentium,
2969 2427 3224 2489 sanitate
3249 2427 3488 2509 tributa,
3517 2447 3654 2490 eum

2009 2512 2283 2572 visitasse
2334 2514 2728 2594 suspicamur.
2767 2515 2923 2595 quod
2978 2515 3060 2591 id,
3096 2515 3254 2591 quod
3314 2516 3373 2577 in
3423 2517 3658 2580 civitate

2010 2610 2262 2679 gestum,
2298 2599 2405 2663 Dei
2437 2603 2492 2662 in
2527 2603 2681 2664 hanc
2731 2603 3010 2678 vindicta,
3044 2623 3176 2665 cum
3229 2605 3310 2684 ei,
3343 2605 3395 2666 si
3425 2606 3657 2669 isthanc

2008 2688 2377 2772 immisisset,
2411 2691 2715 2753 actionum
2749 2701 3087 2754 nostrarum
3120 2693 3402 2757 defensor
3433 2695 3652 2758 adver-

2009 2789 2242 2843 saturus
2272 2780 2427 2842 haud
2460 2780 2692 2856 fuisset,
2729 2782 2978 2844 minime
3007 2782 3327 2844 exstiterit.

2090 2870 2188 2932 35.
2223 2870 2296 2932 Et
2317 2870 2442 2948 qui,
2476 2890 2510 2932 ο
2534 2870 2675 2931 boni
2699 2879 2877 2952 atque
2899 2869 3126 2951 dilecti,
3152 2872 3463 2934 sanitatem
3498 2873 3660 2937 intus

2012 2959 2498 3020 decumbentium
2531 2960 2701 3040 plure
2729 2959 3135 3040 inexspectato
3167 2958 3285 3021 sint
3322 2963 3655 3038 consecuti,

289 3071 464 3120 νοντο,
500 3047 616 3102 λίαν
668 3045 722 3102 δὲ
771 3048 1003 3126 βραχεῖς
1046 3055 1123 3120 τῷ
1152 3047 1356 3125 ἀριθμῷ
1399 3049 1770 3124 παρεσύρησαν
1813 3063 1927 3113 τοῖς

2019 3049 2332 3128 pauciores
2378 3055 2576 3110 autem
2611 3067 2859 3110 numero
2891 3067 3026 3109 cum
3085 3047 3312 3110 morbis
3340 3051 3660 3112 conﬂictati

291 3139 582 3212 νοσήμασι,
643 3135 829 3208 πολλῷ
887 3135 941 3191 δὲ
1012 3137 1210 3192 τούτων
1253 3135 1445 3202 ἥττους
1507 3139 1552 3192 οἱ
1595 3138 1694 3205 τὴν
1753 3140 1934 3218 ψυχὴν

289 3226 680 3304 ἀπορρήξαντες
752 3226 813 3280 ἐκ
909 3233 1000 3283 τοῦ
1061 3227 1490 3304 παρατυχόντος,
1555 3229 1638 3282 καὶ
1722 3230 1796 3290 ὡς
1876 3227 1938 3283 ἂν

290 3314 486 3381 συνέϐη
570 3318 632 3372 τὸ
705 3315 976 3392 ἐνσκῆψαν
1044 3316 1207 3378 πάθος
1286 3317 1321 3384 ἢ
1393 3322 1787 3394 κατακρατῆναι
1869 3323 1936 3385 τῆ

290 3405 512 3479 δλνάμει
569 3414 663 3464 τοῦ
721 3407 1070 3480 κάμνοντοςς
1128 3403 1298 3460 Ἀλλὰ
1366 3408 1573 3482 πρῶτον
1634 3407 1730 3481 μὲν
1769 3409 1831 3462 τὸ
1880 3407 1939 3462 ἐκ

290 3502 387 3551 τοῦ
415 3495 817 3574 παρατυχόντος
863 3493 1036 3571 λέγειν
1065 3517 1116 3550 τι
1165 3497 1395 3572 γίνεσθαι
1429 3500 1534 3550 τῶν
1582 3495 1761 3551 καλῶν
1821 3495 1935 3550 οὐδὲ

294 3590 621 3661 Χριστιανῶν
670 3584 835 3656 ἐστιν,
870 3581 1006 3640 ἀλλὰ
1047 3589 1151 3639 τῶν
1211 3582 1381 3638 ἀθέων
1431 3585 1517 3638 καὶ
1568 3584 1665 3650 τὴν
1723 3583 1935 3650 διοικη-

288 3675 445 3740 τικὴν
513 3679 606 3729 τοῦ
677 3676 839 3748 μόνου
911 3680 1042 3729 Θεοῦ
1097 3673 1348 3749 πρόνοιαν
1422 3672 1779 3748 ἀρνουμένων,
1850 3675 1936 3730 καὶ

295 3761 629 3835 αὐτομάτως,
689 3763 776 3818 καὶ
828 3764 898 3826 ὡς
967 3761 1152 3840 ἔτυχε,
1213 3762 1278 3816 τὰ
1335 3761 1506 3817 πάντα
1567 3759 1935 3826 διεξοδεύεσθαι

899 3849 922 3870 Ν
1060 3857 1081 3867 ν
1207 3849 1232 3872 fl
1360 3848 1370 3868 Ι
1740 3851 1754 3868 \
1839 3851 1885 3869 ΙΙ·

295 3850 636 3922 δοξαζόντων.
709 3851 843 3908 Εἶτα
894 3852 949 3906 οὲ
1006 3873 1144 3925 πως,
1179 3871 1372 3906 ειπατε
1431 3872 1544 3925 μοι,
1593 3853 1638 3906 οἱ
1697 3873 1793 3925 μεν
1839 3871 1938 3916 εςω

294 3948 386 3998 τοῦ
429 3941 578 4018 ἁγίου
633 3947 756 3997 ναοῦ
806 3941 942 3996 κατά
986 3941 1108 4004 τοὺς
1151 3938 1304 4004 ἰδίους
1352 3938 1534 4002 οἴκους
1588 3943 1932 4012 νοσήσαντες,

294 4043 354 4086 οῖ
409 4032 602 4091 πάντες
639 4026 832 4108 σχεδὸν
891 4028 1240 4108 διεφθάρησαν
1292 4027 1435 4095 πλὴν
1489 4028 1702 4108 ὁλίγων,
1738 4031 1808 4094 ὡς
1851 4031 1938 4085 καὶ

290 4118 550 4196 ἀτάφους,
585 4119 658 4181 ὡς
717 4117 953 4195 εἴρηται,
1004 4131 1185 4193 μεῖναι
1230 4118 1352 4181 τοὺς
1383 4116 1640 4190 πολλοὺς,
1677 4117 1808 4172 οἶδὲ
1863 4119 1939 4192 τῷ

293 4208 584 4281 πανσέπτῷ
694 4207 898 4282 τεμένει
991 4215 1084 4263 τοῦ
1179 4205 1439 4284 μάρτυρος
1550 4207 1936 4287 προσφυγόντες

291 4295 524 4356 ἅπαντες
583 4294 776 4374 σχεδὸν
852 4295 1176 4361 διεσώθησαν
1207 4343 1221 4371 ,
1282 4296 1424 4363 πλὴν
1475 4294 1669 4372 ὁλίγων
1725 4302 1828 4352 τῶν
1885 4297 1938 4351 ἐν

296 4385 544 4462 προνοίας
627 4382 834 4458 παιδείᾳ
895 4383 1350 4462 ὑποϐληθέντων,
1425 4382 1571 4441 ’Έδει
1629 4386 1730 4464 γὰρ
1803 4387 1935 4443 κάν-

295 4477 488 4552 ταῦθα,
523 4473 676 4552 εἴπερ
707 4479 802 4533 οὐκ
845 4475 968 4531 αὐτὸ
1000 4472 1207 4544 ἐϐοήθει
1253 4473 1607 4545 καταλλήλως
1642 4481 1710 4549 τῇ
1759 4477 1937 4550 πόλει,

298 4565 392 4620 τὸν
461 4565 649 4638 Αοιμὸν
719 4563 1094 4638 ἐπισκήψαντα
1148 4565 1271 4626 τοὺς
1326 4563 1538 4628 πλείους
1614 4563 1938 4640 ἀπαλλάξαι,

300 4653 666 4732 βραχυτάτους
697 4650 750 4709 δὲ
781 4651 1126 4713 καταλιπεῖν.

385 4741 467 4804 λς’
480 4787 494 4800 .
553 4743 623 4800 Τὺ
656 4739 710 4796 δὲ
764 4743 900 4798 κατά
929 4742 1028 4818 μὲν
1082 4763 1174 4804 τας
1207 4740 1403 4819 ἀγορὰς
1464 4744 1550 4800 καὶ
1579 4743 1700 4806 τοὺς
1759 4743 1942 4807 οἴκους

303 4830 470 4896 οὕτως
530 4831 793 4911 γενέσθαι,
828 4831 1010 4905 μόνοις
1063 4829 1119 4887 δὲ
1168 4843 1288 4894 τοῖς
1347 4831 1400 4886 ἐν
1457 4833 1532 4906 τῷ
1561 4833 1804 4907 παναγίῳ
1850 4855 1943 4890 τεο

302 4922 452 4999 μένει
513 4928 606 4977 τοῦ
662 4921 925 4999 μάρτυρος
984 4920 1062 4996 μὴ
1107 4927 1260 4976 τοῦτο
1317 4919 1606 4995 συμϐῆναι,
1653 4921 1790 4977 ἀλλά
1860 4924 1946 4978 κὰὶ

2019 3137 2118 3198 diu
2141 3138 2679 3218 fuerint,longeque
2693 3138 2868 3200 etiam
2891 3137 3203 3218 pauciores
3232 3139 3491 3201 animam
3515 3157 3661 3201 casu

2022 3229 2352 3306 posuerint,
2377 3227 2716 3308 factumque
2747 3228 2921 3288 etiam
2955 3227 3124 3308 sit,ut
3155 3228 3460 3290 immissus
3493 3245 3660 3290 mor-

2020 3315 2131 3377 bus
2160 3318 2249 3378 vel
2273 3317 2835 3395 aagrotantisvirtute
2857 3316 3443 3380 vinceretur?Verum
3471 3318 3660 3398 primo

2021 3405 2258 3485 quidem
2312 3426 2450 3468 casu
2486 3407 2686 3469 dicere
2717 3407 2956 3469 fortuito
2992 3407 3286 3468 honorum
3333 3406 3657 3486 quidquam

2019 3494 2235 3555 factum
2265 3514 2417 3570 esse,
2441 3515 2558 3556 non
2582 3497 3054 3557 Christianorum
3080 3494 3301 3574 est,sed
3323 3494 3657 3574 atheurum,

2019 3584 2117 3661 qui
2151 3583 2714 3646 administratricem
2752 3587 2926 3646 unius
2960 3583 3066 3644 Dei
3101 3581 3530 3663 providentiam
3558 3600 3685 3644 ιιι)-⁴

2019 3683 2176 3750 gent,
2213 3675 2567 3754 omniasque
2599 3675 2825 3754 absque
2855 3675 3048 3736 alieno
3082 3672 3367 3753 impulsu,
3393 3682 3568 3753 atque
3597 3678 3664 3732 ut

2020 3781 2191 3823 casus
2240 3762 2372 3842 fert,
2409 3765 2646 3824 evenire
2677 3763 3016 3843 opinantur.
3068 3761 3298 3824 Deinde
3328 3779 3467 3823 vero
3516 3759 3665 3820 mihi

2020 3851 2222 3925 dicite,
2257 3852 2554 3932 quomodo
2599 3852 2708 3926 illi,
2744 3852 2848 3928 qui
2881 3860 3044 3913 extra
3073 3858 3342 3913 sanctum
3377 3844 3663 3929 templum

2021 3940 2080 4001 in
2107 3941 2365 4020 propriis
2396 3939 2672 4001 domibus
2704 3947 3084 4019 mgrotarunt,
3120 3957 3329 4001 omnes
3359 3939 3666 4018 fere,pau-

2023 4031 2106 4092 cis
2161 4030 2447 4108 exceptis,
2487 4030 2707 4092 mortui
2741 4030 2881 4110 sint,
2913 4029 2999 4090 ita
3043 4036 3130 4110 ut,
3163 4026 3666 4109 quemadmodum

2024 4120 2246 4180 dictum
2302 4128 2414 4198 est,
2451 4117 2621 4179 multi
2652 4127 2966 4181 manerent
2993 4118 3272 4198 insepulti
3309 4138 3324 4193 ;
3384 4116 3468 4176 illi
3498 4132 3662 4194 vero,

2024 4209 2125 4289 qui
2146 4209 2218 4268 ad
2240 4208 2643 4270 venerandum
2674 4208 2943 4288 martyris
2976 4207 3261 4288 templum
3295 4206 3667 4284 fugere,om-

2026 4317 2133 4359 nes
2162 4298 2308 4372 fere,
2342 4297 2627 4378 exceptis,
2664 4299 2764 4377 qui
2798 4315 2988 4376 poenas
3019 4315 3051 4358 a
3085 4294 3468 4358 Providentia
3498 4293 3667 4353 fuere

1967 4445 2004 4493 Β
2025 4387 2300 4468 subjecti,
2340 4387 2566 4488 paucis,
2600 4386 2820 4493 fueriqt
2852 4383 3116 4493 servati?
3147 4383 3476 4465 Oportebat
3503 4378 3665 4482 enim

2025 4484 2082 4537 et
2107 4477 2227 4550 hic,
2260 4476 2374 4537 nisi
2403 4495 2726 4554 congruam
2760 4476 2862 4539 ille
2890 4474 3186 4538 attulisset
3217 4469 3674 4555 opem,savien-

2028 4573 2145 4627 tem
2182 4565 2240 4625 in
2273 4565 2567 4626 civitatem
2604 4575 2828 4644 pestem
2857 4564 3148 4646 plurimos
3178 4563 3499 4627 absumere
3531 4575 3670 4642 pau-

2025 4653 2416 4734 cissimosque
2446 4653 2640 4721 facere
2679 4655 2976 4716 residuos.

2108 4741 2202 4804 36.
2237 4740 2301 4801 Id
2333 4752 2530 4805 autem
2563 4742 2702 4821 illis,
2738 4743 2842 4819 qui
2872 4743 2932 4803 in
2966 4744 3110 4804 foris
3154 4753 3212 4806 et
3242 4740 3518 4804 domibus
3547 4736 3673 4800 suis

2027 4836 2218 4905 erant,
2253 4827 2474 4892 factum
2511 4848 2667 4912 esse,
2688 4831 2836 4913 solis
2864 4849 3002 4892 vero
3031 4831 3171 4906 illis,
3197 4832 3300 4912 qui
3329 4831 3392 4891 in
3421 4829 3675 4890 sanctis-

2029 4919 2179 4981 simo
2213 4920 2484 4999 martyris
2518 4920 2738 4999 templo
2773 4927 2962 4998 erant,
3001 4939 3114 4980 non
3150 4920 3319 4994 illud,
3353 4919 3456 4979 sed
3493 4919 3671 4981 etiam

301 5012 627 5084 τοῦναντῖον,
671 5011 895 5088 ἒναργὴς
952 5007 1242 5088 ἀπόδειξις,
1297 5016 1480 5066 τοῦτον
1538 5008 1797 5076 δεσπότην
1855 5014 1927 5068 τοδ

2030 5008 2416 5083 contrarium,
2456 5007 2794 5082 obvenisse,
2829 5019 3243 5086 argumentum
3276 5016 3365 5070 est
3395 5007 3675 5069 luculen-

302 5100 458 5158 οἴκου
511 5101 603 5168 τὴν
663 5101 820 5158 αὐτοῦ
886 5097 1252 5178 φιλάνθρωπον
1338 5098 1602 5176 ἐνέργειαν
1682 5098 1945 5164 ἐπιδείξα-

300 5195 440 5252 σθαι,
503 5189 616 5256 ”]να
649 5188 703 5245 δὲ
745 5189 834 5245 καὶ
880 5195 965 5244 νῦν
998 5189 1330 5262 πιστεύωμεν
1391 5185 1645 5267 ἅπαντες,
1677 5190 1750 5252 ὠς
1804 5211 1940 5266 προ-

301 5279 417 5351 νοίᾳ
475 5280 607 5334 Θεοῦ
653 5279 719 5332 τὰ
755 5277 927 5334 πάντα
978 5275 1269 5354 διαπίπτει,
1304 5279 1390 5332 καὶ
1434 5275 1579 5332 οὐδὲν
1611 5283 1712 5332 τῶν
1765 5276 1945 5334 καλῶν

302 5367 355 5433 ἒξ
430 5367 750 5444 αὖτοκράτου
836 5367 1043 5445 (ίνεται,
1118 5365 1190 5428 ὥς
1272 5386 1409 5429 τινες
1463 5364 1780 5442 ληρωδοῦσι,
1852 5370 1944 5432 τὰς

302 5456 549 5518 τοιαύτας
600 5462 691 5512 τοῦ
721 5461 952 5534 πονηροῦ
1010 5457 1207 5515 ἑννοίας
1241 5453 1300 5510 ἐκ
1355 5454 1601 5531 πρέμνων
1632 5460 1803 5516 αὐτῶν
1849 5463 1946 5525 τῆς

304 5548 461 5624 ἡμῶν
521 5542 732 5625 καρδίας
799 5547 826 5602 ὁ
881 5546 1009 5610 Θεὸς
1070 5544 1294 5622 ἐκκόψαι
1351 5543 1672 5624 βουλόμενος
1744 5547 1949 5617 ἤνοιξεν

2033 5097 2351 5174 tum,illum
2387 5099 2600 5159 domus
2622 5096 2928 5158 dominum
2964 5097 3373 5160 misericordis
3398 5095 3677 5174 potentias

2028 5207 2149 5252 suae
2171 5192 2479 5273 specimen
2507 5186 2768 5248 dedisse.
2786 5185 2862 5249 Ut
2886 5204 3059 5267 porro
3085 5205 3241 5248 nunc
3265 5202 3475 5273 omnes
3495 5184 3674 5246 etiam

2028 5272 2362 5353 credamus,
2399 5276 2673 5338 universa
2705 5277 2946 5337 evenire
2977 5273 3084 5335 Dei
3134 5272 3526 5356 providentia,
3561 5289 3676 5334 nec

2029 5371 2322 5434 honorum
2376 5364 2726 5445 quidquam,
2761 5366 2842 5425 uti
2888 5365 3070 5445 aliqui
3119 5373 3434 5441 nugantur,
3465 5369 3677 5442 sponte

2030 5480 2136 5522 sua
2160 5456 2451 5539 progigni,
2482 5456 2660 5526 Deus,
2688 5453 3033 5534 hujusmodi
3062 5452 3330 5514 malevoli
3353 5450 3678 5531 suggestio-

2032 5569 2140 5613 nes
2170 5569 2239 5614 ex
2265 5548 2413 5630 ipsis
2440 5543 2641 5606 cordis
2667 5543 2854 5608 nostri
2887 5541 3177 5627 stirpibus
3208 5541 3411 5605 volens
3441 5540 3678 5610 exscin-
