4056 6152
453 231 596 299 1231

1811 219 2463 293 SUPPLEMENTUM.

3674 220 3813 292 1232

454 370 621 445 dere,
653 368 830 431 unius
859 385 928 429 ex
945 364 1168 429 ibidem
1193 369 1330 427 tunc
1350 361 1858 426 decumbentibus
1881 362 2086 424 mentis

2184 363 2298 428 ἑνὸς
2355 363 2462 419 τῶν
2531 362 2710 418 ἐκεῖσε
2764 361 3055 428 τηνικαῦτα
3126 359 3383 436 κειμένων
3442 362 3566 426 τοὺς
3629 361 3813 442 δφθαλ-

453 459 658 521 oculos
686 458 942 538 aperuit,
965 453 1275 532 noctisque
1303 460 1573 532 tempore
1596 451 1752 514 velut
1781 451 1842 512 in
1873 451 2096 513 exstasi

454 548 554 610 hic
575 548 767 610 factus
784 545 1064 608 Sanctum
1088 541 1400 620 chlamyde
1421 540 1718 616 indutum,
1743 557 2097 620 roseamque

455 656 526 700 ac
553 644 858 700 venustam
893 632 1103 694 faciem
1137 631 1552 712 praeferentem
1607 631 1770 705 vidit,
1799 641 1862 692 ut
1891 633 1951 692 in
1988 650 2096 710 po-

457 726 688 806 pulum,
723 743 840 785 non
894 739 1068 783 secus
1097 739 1164 782 ac
1196 720 1404 781 consul
1455 721 1723 801 quidam,
1753 729 1995 800 accepta
2025 718 2096 780 ab

457 813 919 894 imperatoribus
977 816 1293 890 potestate,
1341 808 1636 871 beneﬁcia
1683 808 2095 877 distribuerat,

457 903 1238 979 advenientem,omnesque
1270 897 1542 978 quidem,
1565 899 1664 978 qui
1690 897 2100 977 periclitaban-

455 1001 575 1066 tur,
603 990 1050 1070 respicientem,
1072 986 1425 1067 quibusdam
1457 1005 1596 1049 vero
1628 1005 1867 1048 manum
1899 986 2096 1065 impo-

455 1088 722 1155 nentem,
757 1096 1119 1157 crucemque
1140 1077 1488 1154 imprimere
1520 1085 2098 1156 satagentem;quos-

455 1170 591 1232 dam
621 1175 820 1230 autem
853 1165 1120 1228 subtristi
1149 1165 1324 1227 etiam
1351 1165 1513 1226 vultu
1545 1165 1823 1227 duntaxat
1851 1165 2094 1226 intuen«

453 1267 600 1334 tem,
637 1256 1027 1338 paucissimos
1074 1273 1210 1316 vero
1243 1256 1433 1316 multo
1463 1255 1671 1317 dolore
1720 1273 1788 1315 ac
1821 1253 2098 1315 maestitia

454 1354 939 1429 praetereuntem,
972 1346 1054 1406 ita
1095 1351 1160 1406 ut
1191 1343 1326 1405 illos
1380 1362 1502 1425 prae
1531 1363 1746 1422 magno
1777 1343 1852 1406 de
1882 1342 2094 1404 iisdem

456 1455 715 1500 mcerore
745 1435 964 1498 intueri
994 1433 1153 1496 haud
1187 1432 1385 1494 vellet.

535 1527 638 1589 37.
669 1525 742 1588 Hi
771 1525 949 1604 igitur
979 1541 1155 1585 mane
1180 1522 1422 1602 quidem
1473 1529 1572 1584 aut
1601 1522 1773 1584 brevi
1805 1529 1936 1602 post
1967 1538 2098 1582 om-

454 1616 598 1678 nino
628 1633 698 1676 ac
728 1623 894 1678 certo
924 1610 1354 1690 moriebantur,
1388 1611 1474 1672 illi
1500 1629 1664 1692 vero,
1697 1617 1796 1691 qui
1827 1611 2101 1672 subtristi

2181 455 2312 527 μοὸς
2342 458 2434 508 τοῦ
2488 459 2598 527 νοῦ,
2631 453 2723 507 καὶ
2771 452 2907 508 κατὰ
2961 452 3122 508 νύκτα
3154 453 3227 515 ὡς
3282 453 3335 507 ἐν
3369 451 3615 508 ἑκστάσει
3672 455 3814 529 γινό-

2181 563 2338 617 μενος
2399 542 2537 618 ἑώρα
2565 542 2656 597 τὸν
2711 540 2859 617 ἅγιον
2889 539 3139 620 χλαμύδα
3198 541 3554 620 ἠμφιεσμένον
3589 543 3677 597 καὶ
3731 542 3813 596 εὖ-

2181 628 2330 697 ροδον
2403 633 2490 687 καὶ
2547 630 2733 710 χάριεν
2826 632 2886 686 τὸ
2943 631 3229 706 πρόσωπον
3285 630 3505 708 ἔχοντα,
3579 630 3652 694 ὥς
3706 652 3819 686 τινα

2181 719 2380 776 ὕπατον
2438 721 2576 796 παρὰ
2634 718 2895 796 βασιλέως
2953 718 3187 784 ἐξουσίαν
3245 717 3494 788 λαϐόντα,
3553 717 3817 794 διανεῖμαι

2182 809 2256 881 τῷ
2315 806 2469 883 δῆμῳ
2528 809 2622 872 τὰς
2677 809 2906 888 χάριτας
2983 811 3283 887 ἒρχόμενον
3339 810 3425 864 καὶ
3481 809 3684 871 πάντας
3726 809 3818 883 μὲν

2181 896 2536 954 ἐπιϐλέποντα
2607 898 2728 962 τοὺς
2787 896 3208 971 κινδυνεύοντας,
3257 898 3362 954 τισὶ
3420 896 3474 953 δὲ
3515 898 3620 964 τὴν
3662 910 3820 977 χεῖρα

2182 985 2502 1065 ἐπιτιθέντα,
2560 987 2649 1043 καὶ
2705 989 2795 1042 τὸν
2867 990 3089 1064 σταυρὸν
3145 987 3560 1062 κατασημαίνειν
3623 987 3818 1065 πειρώ-

2180 1097 2360 1149 μενον.
2419 1077 2574 1140 Τινὰς
2621 1074 2675 1131 δὲ
2729 1078 2939 1155 στυγνῷ
2997 1074 3268 1154 προσώπῳ
3317 1077 3404 1132 καὶ
3435 1075 3600 1150 μόνον
3653 1098 3815 1155 προσ-

2179 1161 2465 1239 ϐλέποντα,
2499 1163 2707 1239 ὀλίγους
2768 1162 2822 1220 δὲ
2879 1167 3016 1224 πάνυ
3071 1167 3206 1238 μετὰ
3262 1164 3469 1231 πολλῆς
3527 1166 3814 1243 κατηφείας

2179 1255 2266 1309 καὶ
2335 1253 2774 1329 σκυθρωπότητος
2829 1251 3230 1333 ὑπερϐαίνοντα,
3293 1257 3364 1320 ὡς
3430 1253 3571 1330 μηδὲ
3641 1254 3816 1332 ὲνορᾷν

2182 1343 2364 1406 αὖνοὺς
2435 1342 2630 1400 ἐθέλειν
2691 1341 2775 1399 διὰ
2825 1344 2887 1400 τὸ
2943 1342 3078 1400 πολὺ
3147 1350 3246 1410 τῆς
3309 1346 3436 1423 πρὸς
3494 1345 3683 1408 αὐτοὺς
3724 1343 3816 1401 λύ-

2181 1455 2312 1497 πης.

2263 1519 2366 1592 λζ’.
2422 1525 2576 1580 Οὗτοι
2633 1523 2732 1598 μὲν
2789 1525 2879 1578 οὗν
2927 1520 3087 1579 ἕωθεν
3138 1523 3172 1590 ἢ
3223 1524 3357 1598 μετὰ
3412 1524 3588 1604 βραχὺ
3649 1525 3816 1590 πάντη

2183 1631 2238 1666 τε
2269 1612 2356 1666 καὶ
2386 1611 2598 1676 πάντως
2655 1612 3011 1692 ἀπέθνησκον,
3046 1614 3093 1668 οἱ
3149 1611 3204 1667 δὲ
3232 1614 3322 1669 καὶ
3375 1619 3585 1690 στυγνῷ
3613 1614 3818 1688 προσώο

455 1704 724 1785 quamvis
777 1703 962 1783 vultu,
994 1701 1256 1764 salvilico
1316 1711 1514 1762 tamen
1566 1702 1832 1781 martyris
1881 1701 2086 1763 intuitu

2183 1722 2293 1773 πῳ,
2338 1700 2482 1774 ὅμως
2527 1699 2582 1755 δὲ
2640 1698 3052 1765 καταξιωθέντες
3102 1705 3200 1767 τῆς
3249 1709 3338 1758 τοῦ
3395 1703 3656 1780 μάρτυρος
3711 1725 3818 1758 σω-

455 1794 690 1856 fuerant
741 1793 1033 1867 honorati,
1068 1810 1187 1852 non
1220 1789 1544 1851 interibant
1585 1789 1852 1870 quidem,
1889 1789 2086 1851 morbo

2182 1788 2470 1863 τηριῶδους
2530 1786 2874 1864 εἰσϐλέψεως,
2939 1791 2998 1846 οὐ
3054 1788 3402 1867 διεφθείροντο
3463 1791 3586 1865 μὲν,
3645 1794 3701 1847 ἓν
3770 1791 3820 1848 δὲ

454 1891 656 1945 tamen
688 1883 790 1944 diu
820 1879 1240 1944 cruciabantur
1272 1897 1288 1953 ;
1323 1898 1526 1940 verum
1559 1898 1692 1941 cum
1725 1897 1858 1941 sese
1888 1878 2086 1940 visita-

2179 1879 2255 1952 τῷ
2311 1879 2462 1934 πάθει
2525 1878 2821 1958 ἐχρόνιζον,
2859 1878 2978 1934 ἀλλ’
3032 1877 3299 1942 εὐέλπιδες
3357 1881 3494 1947 ἦσαν
3555 1881 3818 1938 ἀκούσαν-

453 1972 641 2044 tione,
672 1979 954 2032 ututcum
978 1975 1590 2043 mcerore,conventos
1610 1969 1854 2029 omnino
1887 1968 2086 2043 fuisse,

2179 1989 2264 2032 τες
2328 1968 2468 2047 παρὰ
2499 1975 2588 2024 τοῦ
2645 1967 2968 2045 ἑωρακότος,
3003 1967 3086 2024 ὅτι
3139 1967 3277 2032 ὅλως
3337 1969 3433 2025 κᾶν
3468 1970 3606 2044 μετὰ
3649 1970 3819 2038 λύπης

455 2078 528 2123 ex
551 2059 788 2140 illo,qui
811 2059 1097 2121 visionem
1128 2056 1901 2132 habuerat,iintellexissent,
1927 2075 2086 2138 spem

2183 2055 2482 2123 ἐπισκοπῆς
2561 2054 2886 2123 ἠξιώθησαν,
2971 2056 3284 2114 Ἐπίστευον
3341 2055 3395 2112 δὲ
3451 2065 3528 2130 τῷ
3614 2059 3820 2138 λέγοντι

457 2149 677 2213 bonam
696 2166 1049 2230 concepere.
1073 2146 1280 2208 Fidem
1305 2155 1498 2208 autem
1527 2146 1651 2208 haec
1674 2146 1896 2208 dicenti
1925 2146 2086 2208 adhi-

2181 2154 2346 2202 ταῦτα
2389 2149 2448 2201 εκ
2479 2153 2569 2202 τοῦ
2625 2147 2744 2208 τοὺς
2784 2145 3102 2222 λεγομενους
3147 2169 3223 2221 μη
3273 2146 3651 2226 ἐπισκεφθῆναι
3712 2172 3820 2205 πα-

456 2237 722 2301 buerunt
763 2257 834 2300 ex
866 2256 959 2313 eo,
993 2235 1150 2316 quod
1201 2254 1351 2316 quos
1410 2235 1678 2298 visitatos
1709 2236 1865 2297 haud
1919 2236 2086 2298 fuisse

2183 2235 2439 2313 ραχρῆμα
2488 2234 2730 2306 τελευᾷν,
2788 2237 2878 2290 καὶ
2937 2235 3096 2291 πάλιν
3165 2237 3286 2297 τοὺς
3351 2233 3819 2311 ὕποδεικνυμένους

455 2337 770 2401 assereret,
795 2326 957 2388 illico
982 2332 1748 2404 morarentur.rursumque
1770 2325 1928 2404 quod
1951 2343 2086 2405 quos

2183 2323 2237 2379 ἐν
2292 2323 2565 2397 ἱλαρότητι
2624 2328 3167 2403 κατασφραγισθῆναι,
3227 2323 3385 2380 ἕωθεν
3442 2325 3559 2381 etet.
3618 2327 3684 2382 τὰ
3727 2333 3820 2393 τῆς

453 2418 518 2480 in
549 2417 840 2479 hilaritate
871 2416 1133 2494 signatos
1162 2413 1348 2476 fuisse
1383 2422 1677 2493 moneret,
1704 2414 1899 2475 statim
1927 2432 2086 2476 mane

2180 2415 2379 2491 ὑγιείας
2444 2413 2779 2491 ἐπιφέρεσθαι
2850 2414 3149 2487 σήμαντρα,
3215 2414 3288 2474 ὡς
3360 2410 3498 2486 μηδὲ
3551 2415 3677 2479 τοὺς
3748 2417 3823 2472 ζα-

457 2506 782 2569 sanationis
811 2504 980 2584 signa
1011 2503 1385 2585 praeferrent,
1417 2502 1501 2564 ita
1532 2509 1597 2564 ut
1639 2503 1710 2563 ad
1744 2503 1892 2563 tales
1921 2521 2086 2564 acce-

2180 2503 2329 2566 τθοὺς
2401 2500 2602 2576 τολμᾷν
2671 2502 2794 2565 τοὺς
2861 2502 3130 2566 τοιούτους
3200 2501 3388 2558 λοιπὸν
3456 2505 3821 2581 προσεγγίζειν

455 2596 602 2658 dere
622 2594 910 2675 deinceps
941 2593 1160 2656 medici
1189 2611 1307 2654 non
1339 2591 1942 2664 auderent,timentes
1965 2602 2086 2672 post

2181 2588 2413 2654 δεδιοτας
2459 2592 2594 2664 μετὰ
2635 2590 2734 2656 τὴν
2779 2589 3042 2670 σφραγῖδα
3098 2589 3190 2647 τοῦ
3241 2591 3500 2670 μάρτυρος
3554 2593 3820 2672 ἀνθρωπί-

451 2686 810 2766 impressum
844 2701 878 2745 a
916 2689 1172 2763 martyre
1200 2682 1435 2761 signum
1476 2681 1624 2744 artis
1653 2680 1930 2742 humanae
1963 2699 2086 2744 me-

2181 2703 2277 2747 νης
2309 2679 2508 2760 τέχνης
2539 2679 2902 2759 προσαγαγεῖν
2935 2680 3276 2754 βοηθήματα.

451 2772 650 2836 delam
686 2772 1001 2834 adhibere.

529 2862 633 2924 38.
685 2863 794 2925 Ille
820 2869 1041 2938 autem,
1075 2861 1174 2941 qui
1205 2858 1406 2922 videre
1450 2865 1560 2921 ista
1589 2861 1810 2942 dignus
1859 2859 2086 2923 habitus

2259 2857 2374 2924 λη’.
2436 2859 2600 2921 Αὐτὸς
2649 2855 2726 2932 δὲ,
2761 2859 2788 2914 ὁ
2831 2865 2996 2914 ταῦτα
3051 2857 3390 2925 καταξιωθεὶς
3439 2858 3596 2934 ἰδεῖν,
3630 2861 3719 2924 εἶς
3760 2862 3818 2928 ἦν

449 2954 664 3025 fuerat,
696 2970 902 3014 eorum
934 2951 1038 3030 qui
1071 2949 1278 3011 morbo
1329 2950 1431 3012 diu
1464 2949 1906 3025 cruciabantur,
1941 2968 2086 3011 unus

2177 2952 2283 3004 τῶν
2343 2949 2701 3026 χρονισάντων
2758 2946 2811 3003 ἐν
2872 2954 2950 3021 τῷ
3004 2951 3290 3023 νοσήματι,
3323 2951 3407 3006 κοὶ
3453 2971 3546 3015 τας
3599 2950 3818 3009 ἑκάστου

451 3052 600 3122 erat,
662 3051 840 3122 atque
902 3039 1377 3120 uniuscujusque
1447 3057 1480 3101 e
1550 3039 1846 3119 pradictis
1912 3039 2086 3101 rebus

2177 3041 2280 3091 τῶν
2341 3034 2632 3114 εἰρημένων
2689 3037 3018 3114 πραγμάτων
3075 3035 3317 3100 ἐκϐάσεις
3362 3039 3524 3117 ἐώρα.
3573 3049 3705 3104 Τοῖς
3765 3063 3817 3097 τε

447 3139 696 3194 eventus
723 3129 982 3192 videbat.
1014 3129 1070 3190 Is
1091 3130 1249 3191 enim
1281 3129 1508 3200 statim,
1531 3129 1633 3208 qui
1655 3127 1888 3190 sanitati
1918 3129 2086 3190 inex-

2177 3127 2280 3203 γὰρ
2321 3125 2500 3189 rem“
2585 3123 2998 3201 ἀπροσδοκήτως
3079 3127 3424 3204 ῥωννυμένοις
3511 3129 3815 3209 συνέχαιρε,

446 3227 711 3300 spectato
741 3217 1234 3287 restituebantur,
1261 3216 1694 3295 congaudebat,
1717 3235 1963 3296 eosque,
1991 3217 2086 3297 qui

2177 3214 2294 3277 τούς
2350 3233 2407 3268 τε
2441 3212 2564 3289 παρ’
2624 3213 2739 3270 εὒθὺ
2799 3214 2890 3270 τὸν
2941 3215 3053 3288 βίον
3108 3214 3602 3298 ἀπολιμπάνοντας,
3636 3220 3680 3274 εί
3733 3220 3817 3274 καὶ

445 3307 744 3387 extemplo
777 3307 892 3367 vita
925 3304 1312 3380 excedebant,
1351 3305 1458 3366 etsi
1493 3305 1664 3384 pauci
1707 3305 1948 3386 quidam
1983 3325 2086 3386 per

2177 3300 2342 3378 ὀλίγοι
2401 3302 2543 3364 τινὲς
2589 3304 2636 3360 0’.
2691 3309 2919 3360 τοιοῦτοι
2981 3304 3124 3364 ὦσαν
3167 3303 3251 3362 διὰ
3307 3307 3368 3362 τὸ
3413 3312 3503 3363 τοῦ
3554 3308 3818 3386 μάρτυρος

445 3399 725 3476 martyris
757 3393 1185 3472 benignitatem
1229 3401 1428 3456 essent
1459 3393 1825 3472 hujusmodi,
1862 3404 2086 3457 naturasI

2177 3389 2409 3465 εὐμενὲς,
2443 3391 2588 3466 ὅμως
2646 3391 2782 3448 κατὰ
2837 3394 2899 3448 τὸ
2956 3393 3155 3472 πρέπον
3211 3399 3277 3471 τῇ
3329 3396 3480 3474 φύσει
3538 3395 3812 3476 ἐδάκρυσε,

443 3486 639 3548 tamen
670 3493 732 3545 ut
763 3501 1091 3562 congruum
1121 3492 1271 3562 erat,
1309 3481 1678 3563 deplorabat,
1713 3491 1890 3563 atque
1925 3485 2084 3564 illos,

2177 3481 2291 3544 τούς
2347 3501 2405 3536 τε
2463 3481 2555 3535 σὺν
2611 3481 2752 3554 αὖτῷ
2810 3495 2929 3546 τοῖς
2988 3482 3204 3539 πάθεσιν
3262 3485 3668 3563 ἑγχρονίζοντας
3700 3501 3817 3552 τοῖς

442 3575 549 3652 qui
577 3592 778 3635 secum
815 3571 1008 3634 morbi
1041 3571 1434 3634 diuturnitate
1465 3570 1919 3651 premebantur,
1954 3591 2086 3634 ser-

2177 3567 2351 3646 λόγοις
2409 3575 2787 3648 παρεμυθεῖτο,
2822 3571 2921 3630 τὴν
2980 3572 3253 3646 ὑπομονὴν
3311 3575 3525 3639 ἐντιθεὶς
3573 3578 3662 3632 καὶ
3708 3577 3818 3651 ἅμα

443 3663 718 3726 monibus
741 3661 1528 3742 consolabatur,patientiam
1554 3662 2086 3745 suadens,cumque

2177 3660 2262 3715 σὺν
2345 3661 2526 3723 αὐτοῖς
2605 3661 2986 3735 κατακείμενος
3055 3661 3490 3729 ἀξιοπιστότατος
3569 3666 3817 3724 ξοαίνετο

440 3771 560 3815 una
587 3771 720 3814 cum
756 3752 876 3813 illis
907 3750 1322 3832 decumberet,
1359 3751 1474 3812 fide
1506 3750 1721 3827 dignus
1752 3750 2084 3828 videbatur,

2177 3747 2493 3828 σύμϐουλος,
2545 3757 2640 3806 τοῦ
2671 3747 2783 3806 δεῖν
2841 3749 2956 3825 μετ’
3017 3753 3359 3829 εὐχαριστίας
3387 3755 3453 3809 τὰ
3503 3754 3815 3834 ἑπαγόμενα

441 3842 584 3904 dum
611 3861 744 3904 cum
769 3843 1093 3920 gratiarum
1126 3841 1361 3902 actione
1391 3841 1636 3903 ferenda
1662 3858 1794 3902 esse
1828 3843 2086 3904 immissa

2177 3838 2368 3918 φέρειν.
2445 3837 2641 3915 ’Ἔλεγε
2700 3840 2799 3918 γὰρ
2879 3853 2999 3905 τοῖς
3071 3843 3578 3919 συγκατακειμένοις
3643 3846 3809 3919 αὐτῷ·

442 3932 750 3994 suadebat.
783 3931 864 3993 Iis
893 3932 1076 4006 enim,
1111 3931 1212 4010 qui
1269 3949 1474 3993 secum
1508 3929 1969 4012 decumbebant,
2003 3932 2086 3994 di-

2177 3927 2450 4004 Θαῤῥεϊτε,
2511 3925 2747 4006 ἀδελφοίο
2809 3929 3047 3986 πιστεύω
3119 3932 3219 4008 γὰρ
3275 3935 3352 4005 τῷ
3402 3936 3539 4007 Θεῷ,
3585 3933 3667 3991 ὃτι
3725 3936 3812 3990 καὶ

441 4019 667 4083 cebat:
727 4019 1044 4100 Conﬁdite,
1080 4020 1342 4095 fratres;
1397 4019 1580 4082 credo
1631 4020 1789 4080 enim
1851 4020 1979 4082 fore
2027 4031 2086 4084 ut

2177 4026 2275 4075 τῶν
2333 4021 2605 4097 ἁμαρτιῶν
2634 4020 2778 4095 ἡμᾶς
2830 4021 3096 4099 ἐλευθεροῖ
3125 4019 3206 4078 διὰ
3261 4026 3354 4079 τοῦ
3380 4032 3677 4104 χρονισμοῦ
3706 4028 3810 4082 τῶν

435 4107 598 4171 Deus
629 4127 735 4190 per
757 4109 949 4171 morbi
973 4109 1414 4171 diuturnitatem
1441 4109 1701 4189 peccatis
1719 4128 1826 4170 nos
1848 4110 2080 4192 liberet,

2177 4111 2513 4189 νοσημάτων,
2564 4112 2649 4166 καὶ
2693 4109 2896 4167 έλὲπων
2946 4113 3020 4176 ὡς
3064 4113 3389 4190 εὐχαρίστως
3438 4115 3574 4188 μετὰ
3623 4120 3806 4192 προθυ-

435 4196 793 4280 vidensque,
813 4200 973 4278 quod
1007 4217 1138 4259 cum
1167 4197 1489 4276 gratiarum
1512 4199 1747 4260 actione
1779 4198 2085 4278 animique

2177 4199 2290 4263 αίας
2359 4199 2459 4266 τὴν
2501 4197 2739 4255 παιδείαν
2809 4203 2966 4259 αὐτοῦ
3031 4199 3291 4280 δεχόμεθο
3343 4206 3426 4260 καὶ
3492 4204 3799 4283 ἆγογγυστὶ,

435 4285 735 4347 alacritate
787 4305 856 4347 ac
913 4285 1043 4347 sine
1107 4285 1580 4346 murmuratione
1634 4285 2079 4363 castigationem

2177 4291 2224 4346 m3
2272 4286 2510 4366 βραδύνε’
2567 4298 2658 4347 τοῦ
2708 4287 2994 4348 ἀναλαϐεῖν
3043 4291 3136 4356 τὰς
3193 4293 3460 4358 ἀσθενείας
3509 4297 3687 4369 ἡμῶν,
3719 4295 3800 4350 καὶ

435 4375 568 4462 ejus
597 4374 1364 4455 accipiamus,inﬁrmitates
1393 4381 1624 4462 nostras
1655 4376 1891 4446 sistere,
1922 4395 2082 4438 mor-

2177 4378 2421 4434 3zo1écat
2477 4378 2568 4440 τὰς
2615 4379 2798 4444 νόσους
2828 4381 3005 4454 ἡμῶν.
3062 4383 3211 4437 Διατί
3269 4383 3381 4455 οὖν,
3414 4381 3559 4462 ἔχεις
3604 4385 3790 4455 εἰπεῖν,

432 4442 662 4544 hosque
683 4442 914 4525 auferre
933 4442 1052 4553 non
1085 4462 1364 4553 tardabit.
1398 4461 1635 4553 thuid
1661 4462 1860 4553 igitur,
1878 4442 2077 4546 trepo-

2177 4469 2190 4522 ‘5
2239 4475 2474 4530 τοιοῦτος
2508 4467 2640 4538 ἀνήρ
2670 4442 2973 4548 ἐνεχρόνισε
3022 4477 3089 4546 τῇ
3120 4471 3259 4544 νόσῳ
3286 4442 3381 4529 καί
3405 4442 3571 4553 μέχρι
3603 4442 3794 4530 πολλού

433 4569 566 4625 nes,
599 4553 688 4613 vir
718 4551 1082 4631 huiusmodi,
1117 4551 1222 4630 qui
1270 4551 1404 4643 talis
1436 4551 1688 4643 visionis
1718 4552 1934 4632 dignus
1967 4574 2078 4635 ap-

2177 4555 2389 4632 ῖιέμεινε
2442 4559 2818 4631 κατακείμενος
2850 4557 2904 4613 ἐν
2936 4564 3014 4632 τῷ
3061 4559 3344 4635 πανσέπτῳ
3392 4551 3528 4643 ναῷ,
3560 4566 3588 4619 ὁ
3621 4563 3792 4619 τοιαύ-

431 4650 744 4720 paruerat,
806 4643 1176 4720 donumque,
1231 4650 1294 4702 ut
1342 4641 1425 4702 ita
1478 4641 1691 4722 dicam,
1756 4645 2080 4724 prophetia:

429 4737 768 4811 acceperat,
805 4727 1014 4791 morbo
1045 4729 1146 4790 diu
1198 4729 1310 4792 fuit
1368 4731 1762 4806 excruciatus,
1789 4741 1966 4813 atque
2004 4735 2078 4797 ad

427 4819 672 4898 longum
722 4827 954 4899 tempus
991 4818 1211 4900 (neque
1243 4825 1426 4899 enim,
1463 4821 1509 4880 si
1567 4821 1826 4900 peccatis
1873 4821 2081 4886 fuisset

427 4917 704 4986 onustus,
758 4907 1259 4989 gloriosissimum
1321 4918 1646 4990 martyrem
1706 4911 1970 4991 vidisset)
2015 4918 2076 4974 in

425 4998 649 5079 templo
701 4997 966 5060 maxime
1003 4997 1340 5060 venerando
1373 4998 1594 5060 mansit
1649 4999 2018 5063 decumbens
2048 5009 2076 5065 ?

502 5088 604 5151 39.
636 5087 1048 5162 Dictorumne,
1077 5087 1315 5168 dilecte,
1345 5088 1692 5169 meministi,
1719 5089 1870 5151 nihil
1917 5091 2076 5153 scili-

422 5185 516 5240 cet
560 5195 768 5240 eorum
803 5195 936 5258 quae
965 5185 1125 5250 sunt,
1159 5195 1192 5238 a
1217 5177 1432 5257 seipsis
1465 5195 1618 5255 esse,
1655 5178 1759 5240 sed
1791 5178 1898 5241 Dei
1928 5199 2070 5260 pro-

415 5267 685 5330 videntia
714 5267 914 5329 omnia
969 5265 1348 5346 gubernari?
1406 5265 1491 5329 Ne
1539 5268 1740 5347 igitur,
1777 5276 1839 5330 ut
1892 5287 2071 5350 supra

419 5355 700 5431 diximus,
737 5355 1048 5436 quisquam
1102 5355 1400 5416 existimet
1451 5355 1601 5420 facta
1648 5376 1804 5432 esse,
1837 5365 1900 5418 ut
1947 5360 2069 5422 fors

416 5443 573 5520 tulit,
625 5463 759 5525 quas
814 5463 997 5525 supra
1064 5445 1468 5524 eXposuimus,
1526 5447 1685 5522 illos,
1747 5446 1905 5521 dico,
1965 5451 2067 5530 qui

416 5533 634 5596 mortui
689 5539 850 5609 sunt,
882 5533 1142 5598 celerius
1199 5532 1570 5617 discessisse,
1625 5537 1898 5620 illosque,
1961 5539 2064 5621 qui

2160 4668 2256 4714 της
2315 4648 2562 4710 θεοπτίας
2612 4646 2756 4712 ἄξιος
2814 4650 3016 4727 φανεῗς,
3080 4652 3168 4706 καὶ
3229 4652 3555 4730 προφητείας
3610 4651 3791 4731 σχεδὸν

2161 4735 2333 4792 εἰπεῖν
2392 4733 2669 4810 δεξάμενος
2737 4739 3001 4816 χάρισμα·
3067 4736 3184 4798 οὐδὲ
3240 4740 3360 4819 γὰρ,
3422 4742 3468 4797 εἰ
3521 4742 3789 4820 ἁμαρτίαις

2161 4827 2313 4890 οὗτος
2372 4823 2740 4905 ἐπεφόρτιστο,
2771 4832 2866 4882 τοῦ
2910 4825 3221 4894 πανενδόξου
3278 4830 3541 4910 μάρτυρος
3602 4831 3791 4911 ἐγίνετο

2157 4915 2351 4994 θεωρός
2386 4936 2402 4990 ;

2239 5093 2342 5169 λθ’,
2406 5097 2476 5153 Οὔ
2539 5094 2718 5170 μέμνῃ
2747 5101 2854 5152 τῶν
2887 5095 3199 5174 εἰρημένων,
3233 5097 3503 5176 ἂγαπητέ,
3533 5101 3608 5164 ὡς
3653 5096 3789 5157 οὔδει

2154 5190 2260 5240 τῶν
2320 5182 2542 5240 δεόντων
2573 5182 2626 5249 ἒξ
2676 5185 2976 5260 αὐτομάτου
3024 5187 3358 5264 καθίσταται,
3387 5187 3529 5244 ἀλλὰ
3575 5191 3787 5269 προνοίᾴ

2156 5281 2285 5330 Θεοῦ
2342 5272 2600 5330 διοκεϊται
2627 5274 2688 5329 τὸ
2741 5280 2844 5330 πᾶν
2881 5293 2897 5349 ;
2950 5273 3066 5332 "In
3095 5275 3208 5351 οὖν,
3241 5279 3314 5342 ὡς
3359 5277 3563 5356 ἔγημεν
3613 5281 3788 5337 εἰπόν-

2151 5385 2263 5443 τες,
2298 5363 2374 5439 μῆ
2435 5363 2665 5437 νομίσειέ
2716 5385 2817 5444 τις,
2854 5365 2927 5429 ὡς
2982 5363 3163 5445 ἔνυχε,
3197 5371 3512 5444 γεγενῆσθαι
3550 5371 3608 5426 τὰ
3652 5391 3784 5444 προ-

2149 5452 2425 5532 ειρημένα,
2460 5451 2604 5530 λέγω
2656 5451 2720 5520 δὴ
2779 5455 2898 5518 τοὺς
2944 5475 2998 5511 τε
3055 5454 3423 5536 διαφθαρέντος
3452 5462 3636 5516 θᾶττον
3688 5463 3780 5515 θαι

2148 5557 2282 5622 νεῖν,
2330 5543 2417 5598 καὶ
2472 5542 2592 5608 τοὺς
2649 5543 2884 5607 ἰαθέντας
2945 5544 3089 5608 εὐθὺς
3150 5545 3464 5623 ἀναστῆναι,
3529 5551 3615 5605 καὶ
3668 5550 3782 5613 τοὺς
