4056 6152
318 354 471 422 1233
1416 354 1477 418 S.
1530 352 1908 416 DEMETRII
1949 351 2347 415 MARTYRIS
2387 352 2608 416 ACTA.
3517 345 3668 418 1234

311 490 726 571 ὲγχρονίσαντας
767 500 890 553 ταῖς
937 487 1110 552 νόσοις
1159 489 1539 565 βασανισθῆναι
1577 495 1650 561 τῷ
1714 483 1933 552 διαστή-

2025 484 2214 546 sauati
2243 491 2402 556 sunt,
2439 485 2635 546 statim
2669 482 3025 561 surrexisse,
3062 490 3120 547 et
3169 484 3269 566 qui
3301 483 3527 546 morbis
3550 485 3662 547 im-

311 603 464 656 ματι,
519 579 608 636 καὶ
667 578 743 653 μὴ
801 575 887 633 διὰ
941 583 1038 644 τῆς
1096 584 1186 633 τού
1245 577 1502 654 μάρτυρος
1568 580 1624 633 ἒν
1696 574 1933 652 διακρίσει

2031 575 2434 651 morabantur,
2475 595 2580 657 per
2610 575 2984 639 intervallum
3035 577 3426 641 discruciatos
3455 578 3664 656 fuisse,

311 671 608 735 ἐπισκοπῆς
693 666 956 745 θεαρέσεῳ
1024 669 1441 742 οἰκονομηθῆναι
1535 674 1825 733 τηνικαῦτα
1881 664 1933 719 τὰ

2028 682 2139 726 nec
2170 683 2278 745 per
2308 665 2590 745 martyris
2621 665 2942 730 discretam
2977 685 3010 728 ο
3052 666 3160 728 Dei
3190 667 3491 730 voluntate
3518 667 3664 730 visi-

309 759 485 816 ἐκεῖσε
546 757 830 836 γενόμενα,
890 756 1077 813 τούτου
1116 757 1276 836 χάριν
1333 758 1360 812 6
1406 755 1617 835 λεχθεὶς
1659 755 1792 832 ἀνὴρ
1823 753 1933 830 ἔφυ.

2028 758 2455 831 tationem,quaa
2477 758 2690 816 ibidem
2717 768 2854 817 tunc
2876 762 3409 832 evenere,ordinata
3439 761 3618 821 fuisse
3643 780 3661 828 ;

309 847 490 928 λάχθη
519 853 587 922 τῇ
631 847 792 919 νόσῳ,
837 845 930 901 ⁹ίνα
961 851 1030 920 τῇ
1081 847 1366 921 παραμοθῇ
1407 848 1467 900 τὸ
1513 849 1618 901 πᾶν
1671 840 1933 917 θεωρήσας

2026 841 2161 902 ideo
2195 844 2281 904 vir
2315 842 2628 922 praedictus
2662 845 2868 906 morbo
2892 853 3162 907 servatus
3190 845 3303 908 fuit.
3331 855 3658 929 superstes,

309 936 640 1014 ἑξηγήσηται
683 947 800 998 τοῖς
857 931 977 1008 μετ’
1034 933 1240 992 ἔπειτα.
1283 939 1447 992 Τοῦτο
1483 934 1582 1011 γὰρ
1641 933 1727 988 καὶ
1785 931 1940 991 αὐτὸς

307 1025 632 1106 ἒγχρονίζων
659 1025 726 1091 τῆ
759 1023 899 1097 νόσῳ
936 1023 1218 1099 ἐθαύμαζε,
1253 1028 1367 1086 πῶς
1397 1029 1550 1078 τοῦτο
1582 1021 1784 1101 πάσχει
1815 1019 1938 1076 καί-

307 1138 390 1171 τοι
438 1111 852 1192 σφραγιζόμενος
917 1113 1018 1168 ὑπὸ
1079 1115 1174 1176 τῆς
1230 1113 1491 1186 παναγίας
1552 1110 1758 1176 ἐκείνης
1810 1129 1940 1187 χειο

307 1206 398 1283 ρός
434 1222 450 1239 ⁸
502 1203 637 1278 μετὰ
712 1203 798 1257 καὶ
867 1200 1043 1256 ἄλλων
1119 1199 1333 1255 πολλῶν
1385 1201 1640 1256 κᾶκείνων
1703 1200 1936 1275 αὒθωρὸν

305 1293 671 1372 δγιαινόντων,
735 1293 888 1354 αὗτὸς
948 1289 1024 1346 ἔτι
1094 1293 1170 1363 τῷ
1224 1289 1376 1345 πάθει
1444 1290 1744 1369 συνείχετο.
1807 1286 1936 1345 Οὒδὲ

305 1385 408 1462 γὰρ
463 1382 648 1443 icium;
705 1379 919 1459 ἔτυχεν,
987 1380 1031 1434 εἰ
1088 1379 1164 1452 μὴ
1221 1379 1434 1434 πάντων
1493 1376 1606 1434 εἶδε
1664 1379 1726 1433 τὸ
1784 1375 1936 1440 τέλος

305 1480 413 1530 τῶν
457 1493 512 1527 τε
574 1470 942 1547 ῥωννυμένων,
1017 1473 1122 1524 τῶν
1178 1489 1234 1525 τε
1295 1468 1799 1542 παραπεμπομένων
1863 1467 1934 1528 εἰς

303 1562 552 1618 θάνατον.
613 1558 736 1616 Τίνα
793 1561 881 1615 οὖν
938 1558 1091 1614 αἶνον
1134 1555 1307 1631 δῶμεν
1365 1563 1441 1629 τῷ
1499 1554 1753 1630 κηδεμόνι
1805 1555 1938 1630 μετὰ

308 1652 438 1707 Θεὸν
485 1655 588 1705 τῶν
632 1648 821 1727 ψυχῶν
867 1647 1016 1721 ἡμῶν
1061 1653 1136 1720 τῷ
1187 1645 1240 1701 ἐν
1274 1645 1518 1721 οὒρανοῖς
1548 1646 1634 1700 καὶ
1690 1646 1776 1699 επὶ
1840 1642 1939 1720 γῆς

304 1737 664 1812 δεδοξασμένῳ
722 1738 942 1813 μάρτυρι
1004 1734 1319 1812 Δημητρίῳ,
1376 1740 1453 1807 τῷ
1505 1739 1690 1812 πᾶσιν,
1753 1734 1826 1796 ὼς
1859 1734 1937 1787 εί-

2026 939 2086 991 ut
2118 931 2317 992 omnia
2347 933 2722 1011 conspicatus
2756 935 3011 1014 posteris
3040 952 3111 996 ea
3141 936 3199 996 in
3229 935 3381 997 vivis
3411 953 3661 998 manens

2023 1028 2324 1099 superstes
2355 1029 2642 1082 narraret.
2698 1021 2932 1084 Etenim
2984 1023 3163 1085 etiam
3224 1023 3503 1104 ipsemet,
3556 1024 3662 1105 qui

2025 1109 2233 1169 morbo
2265 1109 2364 1170 diu
2390 1109 2837 1184 immorabatur,
2868 1112 3166 1192 stupebat,
3199 1114 3304 1193 qui
3354 1113 3436 1193 id,
3469 1122 3600 1174 utut
3624 1131 3660 1174 a

2020 1198 2391 1258 sanctissima
2421 1198 2522 1258 illa
2553 1217 2732 1260 manu
2767 1200 3657 1283 signatus,pateretur,ipseque

2020 1287 2237 1365 adhuc,
2277 1287 2475 1348 multis
2509 1289 2683 1350 etiam
2741 1288 2975 1350 illorum
3032 1291 3166 1351 aliis
3213 1290 3374 1352 illico
3406 1291 3654 1370 sanatis,

2021 1381 2221 1436 morbo
2241 1379 2612 1439 detineretur.
2630 1381 2938 1440 Sanitatem
2975 1383 3130 1438 enim
3162 1393 3508 1441 consecutus
3539 1399 3658 1443 non

2022 1472 2131 1538 est,
2168 1466 2278 1524 nisi
2337 1484 2468 1526 cum
2524 1467 2788 1528 omnium
2851 1476 2906 1528 et
2956 1468 3195 1528 sanitati
3243 1471 3656 1533 restitutorum

2023 1563 2081 1614 et
2115 1566 2299 1616 morte
2332 1555 2698 1617 sublatorum
2755 1558 2933 1617 linem
2967 1556 3234 1618 vidisset.
3263 1557 3448 1630 Quam
3479 1559 3659 1636 igitur

2023 1642 2255 1702 laudem
2303 1644 2514 1705 demus
2572 1645 2901 1706 animarum
2933 1654 3270 1707 nostrarum
3303 1655 3434 1728 post
3465 1648 3652 1711 Deam

2023 1733 2308 1807 euratori,
2341 1733 2401 1793 in
2434 1733 2599 1794 caelis
2631 1743 2689 1793 et
2721 1735 2777 1794 in
2835 1740 2990 1794 terra
3040 1735 3368 1812 gloriﬁcato
3417 1738 3656 1818 martyri

304 1842 452 1900 πεῖν,
495 1840 608 1891 τοῖς
639 1825 1051 1904 περιλειφθεῖσιν
1104 1824 1159 1880 ἐν
1205 1829 1274 1899 τῇ
1320 1823 1472 1878 πόλει
1514 1823 1602 1878 καὶ
1631 1820 1933 1900 διαφυγοῦσι

2025 1818 2345 1899 Demetrio,
2380 1821 2480 1901 qui
2509 1820 2810 1894 omnibus,
2846 1830 2907 1882 ut
2946 1823 3023 1882 ita
3056 1823 3383 1904 dicam,qui
3413 1824 3474 1886 in
3503 1826 3653 1887 civi-

303 1918 400 1984 τὴν
455 1914 717 1985 θεήλατον
773 1914 976 1981 ἐκείνην
1034 1913 1200 1991 ὀργὴν
1249 1913 1396 1984 αἰτίῳ
1424 1915 1524 1977 τῆς
1555 1911 1819 1988 σωτηρίας
1851 1931 1935 1987 γε·

303 2025 583 2085 γενημενῳ
607 2023 625 2080 ;

386 2183 448 2260 μ’
462 2231 475 2245 ,
511 2180 638 2241 Οὒδέ
691 2181 791 2258 γὰρ
846 2181 995 2253 τόπῳ
1047 2179 1084 2247 ἢ
1137 2180 1318 2259 χρόνῳ
1347 2178 1448 2245 τὴν
1493 2177 1688 2233 οἰκείαν
1714 2175 1933 2234 ἐπίσκε-

304 2279 395 2349 ψιν
454 2269 736 2350 περιώρισὲ
796 2291 947 2341 ποτε,
1002 2267 1138 2323 ἀλλὰ
1191 2267 1282 2322 Α.αὲ
1312 2265 1432 2323 κατ’
1475 2266 1658 2328 οἴκους
1689 2270 1793 2320 τῶν
1824 2286 1932 2320 πα-

2021 1916 2138 1968 tate
2176 1917 2525 1970 manserunt
2571 1909 2948 1990 superstites,
3003 1911 3286 1992 illamque
3315 1930 3350 1974 a
3379 1916 3502 1976 Deo
3531 1915 3654 1976 im-

2022 2004 2259 2059 missam
2289 1999 2733 2078 castigationem
2785 2000 3065 2075 vitarunt,
3098 2001 3308 2064 salutis
3337 2019 3514 2064 causa
3543 2020 3654 2066 ex-

2019 2085 2165 2146 stitit
2199 2086 2376 2166 (ee)?

2099 2179 2198 2234 40.
2234 2175 2436 2256 Neque
2467 2177 2627 2238 enim
2662 2177 2793 2238 loco
2824 2177 2916 2240 vel
2963 2185 3229 2260 tempore
3258 2179 3655 2242 visitationem

2018 2282 2182 2324 suam
2215 2283 2476 2344 unquam
2525 2265 3012 2346 circumscripsit,
3047 2267 3151 2328 sed
3212 2285 3420 2330 eorum
3450 2269 3649 2342 etiam,

305 2362 550 2442 σχόντων
607 2359 918 2437 ἐπιφοιτῶν,
977 2358 1100 2422 τοὺς
1146 2357 1330 2436 χρείαν
1359 2354 1586 2434 ἔχοντας
1616 2355 1782 2424 tam,
1818 2351 1933 2409 δια·-

2020 2355 2115 2433 qui
2152 2355 2474 2434 patiuntur,
2507 2354 2718 2416 domos
2751 2355 2982 2434 adiens,
3009 2357 3248 2418 sanitati
3269 2356 3653 2436 illos,quibus

302 2453 500 2512 παντὸς
556 2450 645 2505 καὶ
693 2448 813 2508 τοὺς
869 2447 923 2502 ἐν
977 2450 1054 2519 τῷ
1113 2444 1401 2518 πανσέπτῳ
1460 2443 1616 2500 αὐτοῦ
1647 2443 1757 2517 ναῷ
1801 2442 1933 2516 μετὰ

2020 2446 2072 2506 id
2108 2442 2654 2522 couvenit,semper
2685 2444 2960 2517 restituit,
2992 2446 3341 2526 eosque,qui
3373 2445 3448 2506 ad
3477 2463 3652 2508 suum

303 2541 531 2603 πίστεως
608 2534 1064 2614 παραγινομένους
1145 2534 1430 2613 χαίροντας
1517 2535 1604 2588 καὶ
1660 2531 1930 2610 ῥωννυμέ-

2021 2533 2275 2597 maxime
2308 2534 2710 2594 venerandum
2746 2533 3034 2612 templum
3071 2552 3204 2595 cum
3241 2534 3458 2596 ﬁducia
3485 2551 3652 2596 acce-

301 2651 420 2690 νους
479 2633 546 2702 τῇ
601 2626 774 2682 πίστει
831 2622 1034 2698 μᾶλλον
1093 2622 1220 2701 ὑπὲρ
1275 2623 1341 2677 τὰ
1414 2621 1636 2695 σώματα
1693 2625 1792 2688 τῆς
1848 2621 1930 2675 οἷ-

300 2718 461 2780 κείοις
517 2712 822 2774 ἀποδίδωσι,
885 2714 955 2768 T6
1001 2712 1099 2788 γὰρ
1153 2709 1424 2766 πιστευθὲν
1456 2711 1596 2782 αὑτῴ
1627 2708 1769 2786 παρά
1800 2713 1930 2763 Θεοῦ

299 2813 398 2873 τῆς
453 2801 786 2866 διδασκαλίας
843 2799 1126 2873 τάλαντον,
1187 2801 1260 2861 ὡς
1335 2799 1620 2876 εὒγνώμων
1671 2819 1757 2853 και
1815 2795 1928 2852 δια-

2013 2622 2184 2701 dunt,
2215 2624 2477 2684 laetantes
2499 2621 2740 2702 ﬁdeque
2763 2621 2956 2683 adhuc
2981 2626 3167 2701 magis
3188 2642 3365 2704 quam
3397 2641 3650 2703 corpore

2013 2711 2322 2772 roboratos
2355 2711 2698 2772 domesticis
2721 2709 3132 2774 restituit.Sibi
3157 2715 3315 2772 enim
3349 2712 3646 2774 creditum

2012 2818 2041 2858 a
2080 2801 2200 2861 Deo
2232 2799 2516 2860 doctrinae
2549 2799 2834 2861 talentum
2869 2809 3032 2862 recte
3062 2818 3250 2881 usque
3281 2819 3464 2882 nunc,
3489 2801 3650 2863 velut

300 2918 460 2974 πυρος
516 2892 723 2966 δοῦλος,
785 2891 946 2971 μέχρι
1005 2896 1093 2946 νῦν
1146 2892 1322 2954 καλῶς
1398 2889 1749 2968 ἐργαζόμενος
1823 2887 1930 2942 τῶν

2020 2887 2278 2967 prudens
2309 2906 2377 2949 ac
2409 2887 2602 2949 ﬁdelis
2636 2905 2841 2949 servus
2870 2887 3646 2970 administrans,corporum

301 2988 490 3065 ψυχῶν
547 2982 644 3048 τὴν
691 2980 952 3060 ὠιρὲλειαν
1010 2977 1094 3035 διὰ
1151 2983 1248 3045 τῆς
1309 2983 1414 3036 τῶν
1444 2977 1710 3052 σωμάτων
1739 2976 1930 3038 ἰάσεως

2020 2977 2322 3038 sanatione
2351 2977 2684 3038 animarum
2727 2977 2922 3038 studet
2951 2977 3454 3058 utilitati.Corpus
3483 2978 3645 3038 enim

298 3071 749 3152 πραγματεύεται.
783 3069 1169 3145 Ἀναζωπυρῶν
1201 3067 1298 3146 γὰρ
1342 3067 1402 3122 16
1457 3066 1613 3140 σῶμα
1665 3065 1764 3132 τὴν
1823 3069 1930 3140 ψυ-

2020 3085 2232 3127 sanans
2263 3065 2495 3145 facit,ut
2525 3065 2886 3127 beneﬁcium
2921 3067 3119 3127 anima
3147 3066 3648 3147 sentiat,hincque

299 3163 408 3241 χὴν
465 3160 792 3217 αἰσθάνεσθαι
872 3169 1022 3214 ποιεῖ
1092 3160 1194 3224 τῆς
1282 3155 1599 3234 εὐεργεσίας,
1653 3155 1931 3211 γ.ἆντεῦθεν

2020 3163 2341 3260 moveatur,
2371 3163 2434 3215 ut
2462 3155 2618 3260 haud
2653 3154 3054 3254 perfunctorie
3103 3155 3384 3236 inquirat,
3409 3173 3538 3254 quae
3567 3154 3648 3214 sit

297 3252 545 3322 ἐπιζητεῖν
627 3246 914 3312 ἆνενδότως
996 3245 1302 3322 τρέπεσθαι,
1373 3246 1450 3307 τίς
1531 3246 1562 3312 ἡ
1620 3242 1839 3319 δύναμις
1893 3245 1928 3310 ἡ

2020 3242 2370 3304 beneﬁcium
2431 3242 2750 3304 conterens
2798 3243 3082 3322 potentia,
3131 3241 3644 3324 experientiaque,

298 3341 534 3418 ἐνεργὸς,
593 3338 680 3395 καὶ
723 3337 878 3412 πείρᾳ
935 3338 1193 3410 μαθοῦσα,
1227 3336 1298 3399 ὡς
1357 3336 1384 3390 6
1439 3333 1600 3408 μόνος
1650 3334 1778 3398 Θεὸς
1810 3332 1930 3387 ἐπί-

2020 3333 2204 3393 solum
2241 3335 2427 3394 Deum
2487 3349 2669 3412 opere
2716 3332 3020 3409 complere
3054 3332 3143 3392 sui
3174 3331 3646 3394 intercessiones

300 3451 488 3485 σταται
541 3429 568 3483 6
619 3424 714 3488 τοὶς
758 3428 850 3482 105
905 3425 1166 3501 μάρτυρος
1219 3425 1376 3481 αὐτοῦ
1452 3420 1734 3498 πρεσϐείας
1793 3420 1931 3499 ἔργῳ

2020 3421 2304 3500 martyris,
2343 3420 2615 3482 edoctam
2650 3432 2836 3500 parat,
2901 3428 2964 3481 ut
3013 3419 3364 3482 naturaliter
3421 3419 3494 3480 ad
3542 3419 3652 3482 Dei

297 3524 562 3596 περατῶν,
612 3512 844 3593 (pust-xiii:
901 3513 1143 3569 ἕλκεσθαι
1197 3511 1386 3568 λοιπὸν
1468 3513 1600 3589 πρὸς
1659 3512 1752 3565 τὸν
1808 3513 1928 3564 θεο-

2020 3509 2370 3587 cognitionis
2401 3510 2842 3570 confessionem
2879 3508 3113 3570 tandem
3147 3510 3454 3596 trahatur;
3488 3507 3648 3586 quod

293 3595 522 3686 γνωσίας
573 3603 830 3682 λογισμὸν
913 3601 1340 3680 παρασκευάζει,
1417 3599 1546 3676 ὅπερ
1593 3600 1734 3653 ἔστὶν
1787 3597 1930 3671 ’ίαμα

2020 3609 2100 3657 est
2130 3599 2463 3658 animarum
2497 3597 2745 3670 sanatio,
2779 3615 2846 3657 ex
2873 3597 3122 3675 justitiay
3145 3597 3306 3656 illius
3335 3595 3646 3686 solis,_se-

295 3681 486 3774 ψυχῶν
544 3692 604 3748 ἐκ
653 3681 759 3749 τῶν
833 3691 1107 3768 πτερύγων
1185 3693 1282 3755 της
1361 3686 1694 3751 δικαιοσύνης
1751 3684 1926 3764 ἡλίου,

2020 3689 2274 3746 cundum
2308 3685 2464 3765 quod
2525 3693 2813 3763 scriptum
2867 3693 2980 3761 est,
3038 3685 3148 3746 alis
3197 3685 3472 3746 emissaa
3501 3681 3644 3760 Deo,

293 3786 430 3842 κατὰ
488 3784 548 3839 τὸ
605 3780 998 3860 γεγραμμένον,
1046 3775 1549 3852 ἆκτινοϐολούμενον
1597 3778 1924 3852 θεοπρεπῶς,

2020 3774 2150 3854 quia
2179 3775 2307 3852 ejus
2343 3782 2431 3836 est
2457 3774 2664 3853 gloria,
2701 3782 2818 3838 etc.

292 3874 376 3931 ὅτι
411 3875 564 3931 αὖτοῦ
595 3872 736 3928 ἐστιν
765 3871 798 3938 ἡ
831 3867 974 3944 δόξα,
1007 3889 1061 3928 κ.
1096 3889 1149 3928 τ.
1187 3865 1240 3929 λ,

1779 4021 2012 4079 CAPUT
2069 4020 2161 4077 1V.

1247 4137 1326 4194 Ds
1365 4135 1732 4208 energumeni:
1760 4133 1943 4191 Sancti
1972 4132 2278 4206 patrocinio
2315 4130 2526 4189 sanatis
2557 4130 2688 4203 (2t).

374 4268 494 4345 μα’.
526 4270 598 4327 Οὗ
628 4268 892 4344 σωμάτων
918 4265 973 4322 δὲ
1005 4267 1163 4340 μόνον
1201 4266 1419 4341 ἰάμασιν
1451 4266 1477 4321 6
1507 4263 1809 4329 καλλίνικος
1843 4265 1923 4320 οὗ·

2087 4263 2154 4322 41
2175 4260 2327 4322 .Νοη
2342 4257 2532 4320 solum
2551 4257 2650 4320 hic
2665 4257 2932 4339 pulchris
2945 4257 3206 4319 victoriis
3219 4256 3646 4322 condecoratus

291 4381 382 4421 τος
415 4356 743 4436 ἐναϐρύνεται
797 4358 1020 4436 μάρτυς,
1081 4355 1218 4412 ἀλλὰ
1274 4357 1360 4412 καὶ
1410 4353 1617 4429 δαίμοσι
1651 4355 1926 4429 κτωμένας

2020 4359 2230 4431 martyr
2255 4365 2569 4429 corporum
2595 4347 3006 4409 sanationibus
3034 4347 3386 4428 eﬁ‘ulsit,sed
3410 4348 3645 4411 animas

292 4449 500 4526 ψυχὰς,
535 4449 619 4503 καὶ
649 4452 847 4525 φρενῶν
899 4444 1175 4524 ἀλλοτρίας
1227 4446 1298 4507 εἰς
1343 4446 1403 4500 τὸ
1454 4445 1589 4499 κατὰ
1647 4444 1800 4522 φύσιν
1858 4451 1927 4520 τῇ

2020 4442 2211 4516 etiam,
2234 4457 2267 4500 a
2297 4437 2668 4500 daemonibus
2699 4436 2971 4498 obsessas
3002 4444 3177 4517 atque
3206 4455 3240 4498 a
3268 4444 3465 4499 mente
3487 4437 3640 4500 alie-

293 4544 387 4593 τοῦ
437 4537 584 4613 αγίου
640 4537 942 4610 Πνεύματος
991 4533 1161 4610 δωρεᾷ
1203 4535 1288 4589 καὶ
1345 4531 1547 4596 πολλὰς
1593 4534 1678 4589 καὶ
1725 4531 1928 4589 πολλά-

293 4649 379 4690 κις
418 4625 798 4698 ἀνεκαλέσατο,
856 4625 1024 4688 οὕτως
1071 4626 1144 4687 ὡς
1177 4621 1313 4698 μηδὲ
1368 4622 1570 4697 τολμᾷν
1599 4623 1750 4700 ῥῆξαι
1809 4647 1924 4701 φω-

297 4716 394 4780 νὴν
446 4716 508 4770 τὰ
564 4714 808 4788 δαιμόνια
865 4715 1130 4780 τοσαύτην
1190 4711 1516 4792 σφοδρότητα
1577 4712 1694 4769 κατ’
1758 4713 1930 4768 αύτῶν

298 4803 640 4870 ἒξελαστικὴν
716 4805 751 4870 ἡ
830 4811 920 4859 τοῦ
1002 4802 1290 4881 ἀθλοφόρου
1363 4804 1520 4881 χάρις
1596 4799 1925 4858 ἀποστίλϐει.

373 4963 488 5033 (20)
519 4960 590 5019 Ut
619 4959 1228 5044 Tbessalonicensibus
1258 4975 1372 5017 ucn
1401 4959 1778 5087 Baucispeste
1799 4973 1929 5041 cor-

373 5035 501 5087 otis.
554 5041 852 5087 sanitatem
903 5035 1099 5087 tuisse.
1155 5041 1352 5087 sancto
1445 5040 1680 5087 emetrto
1723 5044 1827 5087 oro
1864 5044 1929 5085 tis

299 5031 501 5104 reptis,
554 5031 852 5089 sanitatem
903 5033 1099 5092 tuisse.
1155 5031 1680 5104 sanctoDemetrio
1723 5044 1827 5099 pro
1864 5031 1933 5085 iis

299 5101 452 5177 apud
489 5105 692 5177 Deum
724 5104 1158 5177 intercedente,
1219 5101 1536 5177 prodigiose
1593 5106 1931 5177 restitutam,

304 5173 587 5237 ostendat.
620 5175 860 5231 multum
893 5175 1184 5230 enimvero
1208 5183 1324 5230 t0to
1347 5173 1460 5230 iere
1491 5176 1597 5230 hoc
1617 5174 1800 5242 capite
1825 5173 1937 5228 huc

305 5245 733 5317 usquelaborat
763 5243 1592 5317 JoannesThessalonicensis.
1613 5243 1823 5300 Verum
1855 5257 1926 5299 an

301 5314 565 5374 sat’tellci
623 5314 940 5371 successu?
992 5315 1114 5371 Erit
1165 5329 1323 5381 sane,
1383 5330 1484 5371 cur
1533 5317 1607 5372 ita
1641 5323 1929 5384 appareat.

305 5391 555 5446 maxime
587 5389 658 5451 si,
711 5387 862 5457 quod
914 5386 1310 5444 sanctionibus
1355 5386 1721 5457 prodigiosis,
1756 5385 1826 5441 ab
1859 5385 1931 5440 il-

305 5460 472 5516 lustri
511 5459 619 5514 hoc
665 5461 945 5526 scriptore
980 5459 1235 5519 assertis,
1275 5457 1704 5514 fundamentum
1734 5459 1935 5524 praeci-

305 5545 484 5602 puum
519 5528 753 5600 praebet.
787 5527 1054 5653 quodque
1101 5542 1208 5599 ego
1239 5537 1508 5599 tanquam
1539 5538 1693 5585 certo
1725 5527 1936 5584 lalsum

305 5601 545 5653 reiicere
575 5613 689 5653 non
723 5601 929 5653 ausim.
977 5612 1144 5653 ocum
1167 5597 1450 5653 habuerit.
1474 5611 1581 5653 nec
1613 5599 1935 5653 vana.auod

305 5597 545 5672 iejicere
575 5613 689 5656 non
723 5601 929 5663 ausim,
953 5597 1450 5672 locum'babuerit.
1474 5611 1581 5672 nec
1613 5599 1935 5670 vana,qu0d

307 5669 454 5732 absit
515 5679 576 5728 ut
635 5683 975 5738 assevetem,
1025 5669 1220 5727 illusio
1267 5669 1566 5741 exstiterit,
1599 5669 1831 5730 narrata
1867 5673 1938 5730 ab

2012 4549 2118 4592 nas
2143 4537 2198 4590 et
2222 4527 2434 4590 multas
2454 4535 2511 4590 et
2529 4546 2687 4608 saepe
2709 4526 2780 4588 ad
2808 4526 3136 4588 naturalem
3161 4533 3373 4586 statum
3390 4525 3643 4606 Spiritus

2011 4619 2197 4680 sancti
2224 4618 2411 4696 gratia
2449 4615 2766 4690 revocavit,
2797 4615 2876 4677 ita
2911 4624 2974 4676 ut
3019 4634 3130 4677 nec
3161 4613 3404 4676 verbum
3429 4616 3646 4678 mutire

2013 4705 2302 4767 daemonia
2327 4705 2616 4766 auderent
2645 4725 2661 4779 ;
2689 4713 2906 4765 tantam
2937 4703 3326 4785 expultricem
3357 4705 3645 4766 adversus

2014 4815 2116 4857 eos
2138 4797 2251 4856 vim
2283 4793 2672 4864 certaminum
2707 4794 2943 4854 victoris
2973 4794 3160 4873 gratia
3187 4792 3516 4857 emittebat.
3549 4794 3644 4858 Uti

2015 4954 2112 5010 illo
2147 4961 2424 5034 nocturna
2480 4950 2780 5034 apparitio,
2829 4966 2958 5034 qua
2990 4951 3219 5034 visitare
3272 4966 3470 5031 aegros,
3504 4965 3639 5022 pro-

2015 5040 2183 5096 spero
2218 5030 2547 5096 sanationis,
2576 5032 2788 5096 eventu
2826 5030 3214 5096 visitationem
3247 5030 3509 5096 proxime
3539 5036 3643 5078 ex-

2017 5092 2282 5166 cipiente,
2310 5096 2428 5151 vito
2459 5093 2685 5150 cuidam
2717 5092 2897 5162 probo
2929 5092 3244 5149 Demetrius
3297 5093 3472 5149 fuerit
3500 5107 3641 5150 con-

2018 5176 2411 5306 spfﬂclgséaput
2438 5235 2548 5292 hoc
2583 5250 2611 5290 e
2643 5248 2776 5296 ms...
2808 5248 2838 5290 e
2863 5247 2976 5304 quo
3007 5242 3059 5306 et
3090 5232 3182 5306 hic
3215 5232 3272 5306 id
3299 5233 3522 5306 damus,
3543 5246 3642 5290 co-

2016 5303 2138 5364 diCe
2172 5303 2684 5370 olim'Mazarinzeo,
2732 5303 2899 5362 nunc
2933 5305 3102 5375 regio,
3137 5303 3460 5368 Parisiensi,
3495 5305 3641 5360 inte-

2016 5393 2177 5450 grum
2211 5379 2560 5450 pescriptum
2611 5377 2926 5450 habemus;
2977 5373 3031 5450 in
3090 5373 3197 5431 hoc
3227 5382 3413 5431 autem
3447 5389 3477 5431 a
3508 5387 3638 5446 pag.

2016 5445 2086 5527 52
2137 5445 2436 5527 usqtie_ad
2488 5462 2626 5527 pag._
2677 5448 2748 5502 55
2801 5445 3148 5527 extenditur,
3196 5453 3642 5527 sequentemque

2019 5523 2179 5600 hunc
2212 5515 2446 5600 praefert
2492 5515 2733 5600 titulum
2765 5535 2777 5577 :
2817 5519 2937 5595 Περὶ
2986 5524 3091 5600 τῶν
3124 5516 3517 5600 δ-αιμονώντων,
3550 5515 3636 5594 id,

2020 5611 2124 5670 est,
2155 5596 2227 5656 De'
2260 5599 2608 5657 dwmom’acis
2637 5613 2740 5656 seu
2768 5597 3042 5669 possessis
3068 5612 3099 5655 a
3130 5596 3407 5656 daemone.
