  <div class='ocr_page' id='page_1' title='image "/cluster/home/n/w/nwhite01/storage/ocr_20150623/116/mdp.39015008903554/625.png"; bbox 0 0 4056 6152; ppageno 0'>
   <div class='ocr_carea' id='block_1_1' title="bbox 429 299 584 372">
    <p class='ocr_par' dir='ltr' id='par_1_1' title="bbox 429 299 584 372">
     <span class='ocr_line' id='line_1_1' title="bbox 429 299 584 372; baseline -0.013 -2"><span class='ocrx_word' id='word_1_1' title='bbox 429 299 584 372; x_wconf 77' lang='lat' dir='ltr'><strong>i235</strong></span> 
     </span>
    </p>
   </div>
   <div class='ocr_carea' id='block_1_2' title="bbox 1782 295 2427 358">
    <p class='ocr_par' dir='ltr' id='par_1_2' title="bbox 1782 295 2427 358">
     <span class='ocr_line' id='line_1_2' title="bbox 1782 295 2427 358; baseline -0.003 0"><span class='ocrx_word' id='word_1_2' title='bbox 1782 295 2122 358; x_wconf 84' lang='lat' dir='ltr'><strong>SUPPLEM</strong></span> <span class='ocrx_word' id='word_1_3' title='bbox 2137 295 2427 358; x_wconf 87' lang='lat' dir='ltr'><strong>ENTUM.</strong></span> 
     </span>
    </p>
   </div>
   <div class='ocr_carea' id='block_1_3' title="bbox 3647 285 3793 351">
    <p class='ocr_par' dir='ltr' id='par_1_3' title="bbox 3647 285 3793 351">
     <span class='ocr_line' id='line_1_3' title="bbox 3647 285 3793 351; baseline 0.007 -1"><span class='ocrx_word' id='word_1_4' title='bbox 3647 289 3667 350; x_wconf 83' lang='lat' dir='ltr'><strong>i</strong></span> <span class='ocrx_word' id='word_1_5' title='bbox 3683 285 3793 351; x_wconf 77' lang='lat'><strong>236</strong></span> 
     </span>
    </p>
   </div>
   <div class='ocr_carea' id='block_1_4' title="bbox 425 421 2064 514">
    <p class='ocr_par' dir='ltr' id='par_1_4' title="bbox 425 426 2064 514">
     <span class='ocr_line' id='line_1_4' title="bbox 425 426 2064 514; baseline -0.012 -11"><span class='ocrx_word' id='word_1_6' title='bbox 425 440 589 503; x_wconf 89' lang='lat' dir='ltr'><strong>enim</strong></span> <span class='ocrx_word' id='word_1_7' title='bbox 623 437 800 500; x_wconf 87' lang='lat' dir='ltr'><strong>etiam</strong></span> <span class='ocrx_word' id='word_1_8' title='bbox 833 435 1065 514; x_wconf 76' lang='lat' dir='ltr'><strong>gladius</strong></span> <span class='ocrx_word' id='word_1_9' title='bbox 1099 434 1334 513; x_wconf 78' lang='lat' dir='ltr'><strong>fulgens</strong></span> <span class='ocrx_word' id='word_1_10' title='bbox 1357 438 1647 510; x_wconf 89' lang='lat' dir='ltr'><strong>acuteque</strong></span> <span class='ocrx_word' id='word_1_11' title='bbox 1677 427 1749 489; x_wconf 75' lang='lat' dir='ltr'><strong>ad</strong></span> <span class='ocrx_word' id='word_1_12' title='bbox 1785 426 2064 488; x_wconf 86' lang='lat' dir='ltr'><strong>scinden-</strong></span> 
     </span>
    </p>
   </div>
   <div class='ocr_carea' id='block_1_5' title="bbox 2152 421 3790 514">
    <p class='ocr_par' dir='ltr' id='par_1_5' title="bbox 2158 421 3790 502">
     <span class='ocr_line' id='line_1_5' title="bbox 2158 421 3790 502; baseline -0.003 -21"><span class='ocrx_word' id='word_1_13' title='bbox 2158 427 2254 481; x_wconf 81' lang='grc' dir='ltr'><strong>Καὶ</strong></span> <span class='ocrx_word' id='word_1_14' title='bbox 2298 427 2397 502; x_wconf 67' lang='grc' dir='ltr'><strong>γὰρ</strong></span> <span class='ocrx_word' id='word_1_15' title='bbox 2456 425 2634 502; x_wconf 74' lang='grc' dir='ltr'>ὥσπερ</span> <span class='ocrx_word' id='word_1_16' title='bbox 2693 422 2833 501; x_wconf 67' lang='grc' dir='ltr'>ξίφος</span> <span class='ocrx_word' id='word_1_17' title='bbox 2896 422 3252 499; x_wconf 65' lang='grc' dir='ltr'><strong>ἐξαστράπτων</strong></span> <span class='ocrx_word' id='word_1_18' title='bbox 3294 421 3382 478; x_wconf 83' lang='grc' dir='ltr'><strong>καὶ</strong></span> <span class='ocrx_word' id='word_1_19' title='bbox 3439 427 3622 498; x_wconf 86' lang='grc' dir='ltr'>τομῶς</span> <span class='ocrx_word' id='word_1_20' title='bbox 3656 422 3790 488; x_wconf 62' lang='grc' dir='ltr'>ἦτο-</span> 
     </span>
    </p>
   </div>
   <div class='ocr_carea' id='block_1_6' title="bbox 425 518 2065 601">
    <p class='ocr_par' dir='ltr' id='par_1_6' title="bbox 425 518 2065 601">
     <span class='ocr_line' id='line_1_6' title="bbox 425 518 2065 601; baseline -0.013 -6"><span class='ocrx_word' id='word_1_21' title='bbox 425 531 566 595; x_wconf 85' lang='lat' dir='ltr'><strong>dttm</strong></span> <span class='ocrx_word' id='word_1_22' title='bbox 598 527 868 589; x_wconf 87' lang='lat' dir='ltr'><strong>redditus</strong></span> <span class='ocrx_word' id='word_1_23' title='bbox 898 526 1273 601; x_wconf 87' lang='lat' dir='ltr'><strong>damnatum,</strong></span> <span class='ocrx_word' id='word_1_24' title='bbox 1325 521 1426 601; x_wconf 88' lang='lat' dir='ltr'><strong>qui</strong></span> <span class='ocrx_word' id='word_1_25' title='bbox 1458 518 1763 581; x_wconf 84' lang='lat' dir='ltr'><strong>feriendus</strong></span> <span class='ocrx_word' id='word_1_26' title='bbox 1797 527 1908 589; x_wconf 78' lang='lat' dir='ltr'><strong>est,</strong></span> <span class='ocrx_word' id='word_1_27' title='bbox 1944 533 2065 595; x_wconf 68' lang='lat' dir='ltr'><strong>pra:</strong></span> 
     </span>
    </p>
   </div>
   <div class='ocr_carea' id='block_1_7' title="bbox 427 611 2066 690">
    <p class='ocr_par' dir='ltr' id='par_1_7' title="bbox 427 611 2066 690">
     <span class='ocr_line' id='line_1_7' title="bbox 427 611 2066 690; baseline -0.011 -9"><span class='ocrx_word' id='word_1_28' title='bbox 427 625 626 681; x_wconf 89' lang='lat' dir='ltr'><strong>metus</strong></span> <span class='ocrx_word' id='word_1_29' title='bbox 648 615 1022 678; x_wconf 77' lang='lat' dir='ltr'><strong>vehementia</strong></span> <span class='ocrx_word' id='word_1_30' title='bbox 1045 611 1322 690; x_wconf 86' lang='lat' dir='ltr'><strong>calligine</strong></span> <span class='ocrx_word' id='word_1_31' title='bbox 1344 624 1873 689; x_wconf 88' lang='lat' dir='ltr'><strong>occupans,neque</strong></span> <span class='ocrx_word' id='word_1_32' title='bbox 1893 615 1955 665; x_wconf 93' lang='lat' dir='ltr'><strong>ut</strong></span> <span class='ocrx_word' id='word_1_33' title='bbox 1978 623 2066 664; x_wconf 84' lang='lat' dir='ltr'><strong>so-</strong></span> 
     </span>
    </p>
   </div>
   <div class='ocr_carea' id='block_1_8' title="bbox 425 692 2066 784">
    <p class='ocr_par' dir='ltr' id='par_1_8' title="bbox 425 692 2066 784">
     <span class='ocr_line' id='line_1_8' title="bbox 425 692 2066 784; baseline -0.013 -12"><span class='ocrx_word' id='word_1_34' title='bbox 425 709 564 772; x_wconf 81' lang='lat' dir='ltr'><strong>litas</strong></span> <span class='ocrx_word' id='word_1_35' title='bbox 592 706 654 768; x_wconf 90' lang='lat' dir='ltr'><strong>in</strong></span> <span class='ocrx_word' id='word_1_36' title='bbox 685 703 970 784; x_wconf 84' lang='lat' dir='ltr'><strong>angustiis</strong></span> <span class='ocrx_word' id='word_1_37' title='bbox 1001 699 1469 781; x_wconf 78' lang='lat' dir='ltr'><strong>snpplicationes</strong></span> <span class='ocrx_word' id='word_1_38' title='bbox 1511 697 1688 759; x_wconf 82' lang='lat' dir='ltr'><strong>faciat</strong></span> <span class='ocrx_word' id='word_1_39' title='bbox 1747 692 2066 784; x_wconf 79' lang='lat' dir='ltr'><strong>permittit,</strong></span> 
     </span>
    </p>
   </div>
   <div class='ocr_carea' id='block_1_9' title="bbox 429 781 2069 868">
    <p class='ocr_par' dir='ltr' id='par_1_9' title="bbox 429 781 2069 868">
     <span class='ocr_line' id='line_1_9' title="bbox 429 781 2069 868; baseline -0.012 -8"><span class='ocrx_word' id='word_1_40' title='bbox 429 799 512 860; x_wconf 90' lang='lat' dir='ltr'><strong>ita</strong></span> <span class='ocrx_word' id='word_1_41' title='bbox 533 796 708 859; x_wconf 90' lang='lat' dir='ltr'><strong>etiam</strong></span> <span class='ocrx_word' id='word_1_42' title='bbox 732 781 962 854; x_wconf 64' lang='lat' dir='ltr'><strong>coalitus</strong></span> <span class='ocrx_word' id='word_1_43' title='bbox 986 799 1233 868; x_wconf 88' lang='lat' dir='ltr'><strong>accepta</strong></span> <span class='ocrx_word' id='word_1_44' title='bbox 1267 788 1540 868; x_wconf 89' lang='lat' dir='ltr'><strong>martyris</strong></span> <span class='ocrx_word' id='word_1_45' title='bbox 1571 785 1759 864; x_wconf 88' lang='lat' dir='ltr'><strong>gratia</strong></span> <span class='ocrx_word' id='word_1_46' title='bbox 1789 781 2069 862; x_wconf 84' lang='lat' dir='ltr'><strong>spiritua-</strong></span> 
     </span>
    </p>
   </div>
   <div class='ocr_carea' id='block_1_10' title="bbox 427 871 2070 960">
    <p class='ocr_par' dir='ltr' id='par_1_10' title="bbox 427 871 2070 960">
     <span class='ocr_line' id='line_1_10' title="bbox 427 871 2070 960; baseline -0.011 -12"><span class='ocrx_word' id='word_1_47' title='bbox 427 886 568 948; x_wconf 87' lang='lat' dir='ltr'><strong>liter</strong></span> <span class='ocrx_word' id='word_1_48' title='bbox 596 883 886 960; x_wconf 78' lang='lat' dir='ltr'><strong>effulgens</strong></span> <span class='ocrx_word' id='word_1_49' title='bbox 912 877 1333 958; x_wconf 88' lang='lat' dir='ltr'><strong>solarium,qui</strong></span> <span class='ocrx_word' id='word_1_50' title='bbox 1368 876 1560 938; x_wconf 84' lang='lat' dir='ltr'><strong>lucem</strong></span> <span class='ocrx_word' id='word_1_51' title='bbox 1593 871 2070 945; x_wconf 72' lang='lat' dir='ltr'><strong>aﬂ‘erunt,radio-</strong></span> 
     </span>
    </p>
   </div>
   <div class='ocr_carea' id='block_1_11' title="bbox 429 961 2068 1046">
    <p class='ocr_par' dir='ltr' id='par_1_11' title="bbox 429 961 2068 1046">
     <span class='ocr_line' id='line_1_11' title="bbox 429 961 2068 1046; baseline -0.01 -11"><span class='ocrx_word' id='word_1_52' title='bbox 429 991 564 1036; x_wconf 90' lang='lat' dir='ltr'><strong>rum</strong></span> <span class='ocrx_word' id='word_1_53' title='bbox 596 971 863 1033; x_wconf 90' lang='lat' dir='ltr'><strong>adinstar</strong></span> <span class='ocrx_word' id='word_1_54' title='bbox 882 968 1124 1030; x_wconf 89' lang='lat' dir='ltr'><strong>luminis</strong></span> <span class='ocrx_word' id='word_1_55' title='bbox 1143 967 1426 1046; x_wconf 80' lang='lat' dir='ltr'><strong>quasdam</strong></span> <span class='ocrx_word' id='word_1_56' title='bbox 1454 963 1717 1043; x_wconf 87' lang='lat' dir='ltr'><strong>speciem</strong></span> <span class='ocrx_word' id='word_1_57' title='bbox 1745 961 2068 1040; x_wconf 64' lang='lat' dir='ltr'><strong>praeferen-</strong></span> 
     </span>
    </p>
   </div>
   <div class='ocr_carea' id='block_1_12' title="bbox 432 1050 2068 1137">
    <p class='ocr_par' dir='ltr' id='par_1_12' title="bbox 432 1050 2068 1137">
     <span class='ocr_line' id='line_1_12' title="bbox 432 1050 2068 1137; baseline -0.01 -12"><span class='ocrx_word' id='word_1_58' title='bbox 432 1071 524 1126; x_wconf 87' lang='lat' dir='ltr'><strong>tes</strong></span> <span class='ocrx_word' id='word_1_59' title='bbox 551 1061 770 1123; x_wconf 88' lang='lat' dir='ltr'><strong>diaboli</strong></span> <span class='ocrx_word' id='word_1_60' title='bbox 806 1057 1122 1137; x_wconf 87' lang='lat' dir='ltr'><strong>potentias,</strong></span> <span class='ocrx_word' id='word_1_61' title='bbox 1159 1056 1341 1117; x_wconf 89' lang='lat' dir='ltr'><strong>veluti</strong></span> <span class='ocrx_word' id='word_1_62' title='bbox 1383 1053 1662 1114; x_wconf 87' lang='lat' dir='ltr'><strong>tenebras</strong></span> <span class='ocrx_word' id='word_1_63' title='bbox 1692 1069 1764 1112; x_wconf 81' lang='lat' dir='ltr'><strong>ex</strong></span> <span class='ocrx_word' id='word_1_64' title='bbox 1796 1050 2068 1111; x_wconf 90' lang='lat' dir='ltr'><strong>instituto</strong></span> 
     </span>
    </p>
   </div>
   <div class='ocr_carea' id='block_1_13' title="bbox 432 1141 2066 1230">
    <p class='ocr_par' dir='ltr' id='par_1_13' title="bbox 432 1141 2066 1230">
     <span class='ocr_line' id='line_1_13' title="bbox 432 1141 2066 1230; baseline -0.01 -17"><span class='ocrx_word' id='word_1_65' title='bbox 432 1151 776 1230; x_wconf 74' lang='lat' dir='ltr'><strong>diligentes,</strong></span> <span class='ocrx_word' id='word_1_66' title='bbox 828 1148 1181 1226; x_wconf 84' lang='lat' dir='ltr'><strong>longiusque</strong></span> <span class='ocrx_word' id='word_1_67' title='bbox 1233 1164 1268 1206; x_wconf 88' lang='lat' dir='ltr'><strong>a</strong></span> <span class='ocrx_word' id='word_1_68' title='bbox 1301 1143 1496 1206; x_wconf 84' lang='lat' dir='ltr'><strong>divino</strong></span> <span class='ocrx_word' id='word_1_69' title='bbox 1528 1141 1755 1202; x_wconf 90' lang='lat' dir='ltr'><strong>lumine</strong></span> <span class='ocrx_word' id='word_1_70' title='bbox 1785 1147 2066 1211; x_wconf 90' lang='lat' dir='ltr'><strong>remotas,</strong></span> 
     </span>
    </p>
   </div>
   <div class='ocr_carea' id='block_1_14' title="bbox 433 1237 979 1318">
    <p class='ocr_par' dir='ltr' id='par_1_14' title="bbox 433 1237 979 1318">
     <span class='ocr_line' id='line_1_14' title="bbox 433 1237 979 1318; baseline -0.016 -13"><span class='ocrx_word' id='word_1_71' title='bbox 433 1239 686 1318; x_wconf 72' lang='lat' dir='ltr'><strong>caligine</strong></span> <span class='ocrx_word' id='word_1_72' title='bbox 717 1237 979 1298; x_wconf 81' lang='lat' dir='ltr'><strong>involvit.</strong></span> 
     </span>
    </p>
   </div>
   <div class='ocr_carea' id='block_1_15' title="bbox 507 1318 2066 1405">
    <p class='ocr_par' dir='ltr' id='par_1_15' title="bbox 507 1318 2066 1405">
     <span class='ocr_line' id='line_1_15' title="bbox 507 1318 2066 1405; baseline -0.011 -15"><span class='ocrx_word' id='word_1_73' title='bbox 507 1327 735 1391; x_wconf 74' lang='lat' dir='ltr'><strong>42.Sed</strong></span> <span class='ocrx_word' id='word_1_74' title='bbox 760 1343 892 1387; x_wconf 91' lang='lat' dir='ltr'><strong>cum</strong></span> <span class='ocrx_word' id='word_1_75' title='bbox 920 1324 1435 1405; x_wconf 73' lang='lat' dir='ltr'><strong>personaa,quibus</strong></span> <span class='ocrx_word' id='word_1_76' title='bbox 1461 1339 1651 1394; x_wconf 90' lang='lat' dir='ltr'><strong>mens,</strong></span> <span class='ocrx_word' id='word_1_77' title='bbox 1679 1338 1712 1380; x_wconf 95' lang='lat' dir='ltr'><strong>a</strong></span> <span class='ocrx_word' id='word_1_78' title='bbox 1731 1318 2066 1379; x_wconf 85' lang='lat' dir='ltr'><strong>daemonum</strong></span> 
     </span>
    </p>
   </div>
   <div class='ocr_carea' id='block_1_16' title="bbox 433 1405 2069 1499">
    <p class='ocr_par' dir='ltr' id='par_1_16' title="bbox 433 1405 2069 1499">
     <span class='ocr_line' id='line_1_16' title="bbox 433 1405 2069 1499; baseline -0.01 -19"><span class='ocrx_word' id='word_1_79' title='bbox 433 1416 816 1499; x_wconf 83' lang='lat' dir='ltr'><strong>possessione</strong></span> <span class='ocrx_word' id='word_1_80' title='bbox 849 1432 955 1494; x_wconf 91' lang='lat' dir='ltr'><strong>per</strong></span> <span class='ocrx_word' id='word_1_81' title='bbox 985 1412 1352 1474; x_wconf 89' lang='lat' dir='ltr'><strong>invisibilem</strong></span> <span class='ocrx_word' id='word_1_82' title='bbox 1388 1408 1717 1472; x_wconf 86' lang='lat' dir='ltr'><strong>beatissimi</strong></span> <span class='ocrx_word' id='word_1_83' title='bbox 1767 1405 2069 1482; x_wconf 81' lang='lat' dir='ltr'><strong>divinique</strong></span> 
     </span>
    </p>
   </div>
   <div class='ocr_carea' id='block_1_17' title="bbox 434 1497 2068 1588">
    <p class='ocr_par' dir='ltr' id='par_1_17' title="bbox 434 1497 2068 1588">
     <span class='ocr_line' id='line_1_17' title="bbox 434 1497 2068 1588; baseline -0.009 -20"><span class='ocrx_word' id='word_1_84' title='bbox 434 1497 709 1588; x_wconf 80' lang='lat' dir='ltr'><strong>martyris</strong></span> <span class='ocrx_word' id='word_1_85' title='bbox 741 1522 943 1566; x_wconf 92' lang='lat' dir='ltr'><strong>curam</strong></span> <span class='ocrx_word' id='word_1_86' title='bbox 979 1502 1252 1571; x_wconf 89' lang='lat' dir='ltr'><strong>liberata,</strong></span> <span class='ocrx_word' id='word_1_87' title='bbox 1280 1500 1484 1574; x_wconf 83' lang='lat' dir='ltr'><strong>rediit,</strong></span> <span class='ocrx_word' id='word_1_88' title='bbox 1522 1499 1720 1560; x_wconf 86' lang='lat' dir='ltr'><strong>multae</strong></span> <span class='ocrx_word' id='word_1_89' title='bbox 1748 1497 1866 1558; x_wconf 90' lang='lat' dir='ltr'><strong>sint</strong></span> <span class='ocrx_word' id='word_1_90' title='bbox 1894 1504 2068 1588; x_wconf 79' lang='lat' dir='ltr'><strong>atque</strong></span> 
     </span>
    </p>
   </div>
   <div class='ocr_carea' id='block_1_18' title="bbox 431 1581 2066 1676">
    <p class='ocr_par' dir='ltr' id='par_1_18' title="bbox 431 1581 2066 1676">
     <span class='ocr_line' id='line_1_18' title="bbox 431 1581 2066 1676; baseline -0.011 -18"><span class='ocrx_word' id='word_1_91' title='bbox 431 1581 676 1676; x_wconf 34' lang='lat' dir='ltr'><strong>fere,vut</strong></span> <span class='ocrx_word' id='word_1_92' title='bbox 706 1595 791 1656; x_wconf 87' lang='lat' dir='ltr'><strong>ita</strong></span> <span class='ocrx_word' id='word_1_93' title='bbox 819 1591 1037 1668; x_wconf 91' lang='lat' dir='ltr'><strong>dicam,</strong></span> <span class='ocrx_word' id='word_1_94' title='bbox 1072 1593 1640 1669; x_wconf 66' lang='lat' dir='ltr'><strong>innumerm,eas,ne</strong></span> <span class='ocrx_word' id='word_1_95' title='bbox 1671 1604 1868 1649; x_wconf 85' lang='lat' dir='ltr'><strong>sermo</strong></span> <span class='ocrx_word' id='word_1_96' title='bbox 1899 1581 2066 1676; x_wconf 78' lang='lat' dir='ltr'><strong>fasti-</strong></span> 
     </span>
    </p>
   </div>
   <div class='ocr_carea' id='block_1_19' title="bbox 431 1672 2070 1762">
    <p class='ocr_par' dir='ltr' id='par_1_19' title="bbox 431 1672 2070 1762">
     <span class='ocr_line' id='line_1_19' title="bbox 431 1672 2070 1762; baseline -0.011 -15"><span class='ocrx_word' id='word_1_97' title='bbox 431 1672 597 1746; x_wconf 84' lang='lat' dir='ltr'><strong>dium</strong></span> <span class='ocrx_word' id='word_1_98' title='bbox 630 1689 815 1762; x_wconf 89' lang='lat' dir='ltr'><strong>creet,</strong></span> <span class='ocrx_word' id='word_1_99' title='bbox 855 1689 1306 1761; x_wconf 67' lang='lat' dir='ltr'><strong>praetereamus,</strong></span> <span class='ocrx_word' id='word_1_100' title='bbox 1339 1678 1410 1740; x_wconf 88' lang='lat' dir='ltr'><strong>ad</strong></span> <span class='ocrx_word' id='word_1_101' title='bbox 1443 1678 1642 1756; x_wconf 87' lang='lat' dir='ltr'><strong>aliam,</strong></span> <span class='ocrx_word' id='word_1_102' title='bbox 1678 1693 1809 1755; x_wconf 76' lang='lat' dir='ltr'><strong>quae</strong></span> <span class='ocrx_word' id='word_1_103' title='bbox 1837 1672 2070 1734; x_wconf 89' lang='lat' dir='ltr'><strong>animos</strong></span> 
     </span>
    </p>
   </div>
   <div class='ocr_carea' id='block_1_20' title="bbox 2148 511 3788 592">
    <p class='ocr_par' dir='ltr' id='par_1_20' title="bbox 2148 511 3788 592">
     <span class='ocr_line' id='line_1_20' title="bbox 2148 511 3788 592; baseline -0.001 -24"><span class='ocrx_word' id='word_1_104' title='bbox 2148 515 2377 590; x_wconf 79' lang='grc' dir='ltr'>νημένον</span> <span class='ocrx_word' id='word_1_105' title='bbox 2429 521 2496 590; x_wconf 75' lang='grc' dir='ltr'><strong>τῇ</strong></span> <span class='ocrx_word' id='word_1_106' title='bbox 2577 513 2894 592; x_wconf 64' lang='grc' dir='ltr'>σφοδρότητι</span> <span class='ocrx_word' id='word_1_107' title='bbox 2972 521 3065 569; x_wconf 74' lang='grc' dir='ltr'>τοῦ</span> <span class='ocrx_word' id='word_1_108' title='bbox 3154 511 3316 592; x_wconf 77' lang='grc' dir='ltr'>φόϐου</span> <span class='ocrx_word' id='word_1_109' title='bbox 3374 519 3788 591; x_wconf 67' lang='grc' dir='ltr'>περισκοτσῠσαν</span> 
     </span>
    </p>
   </div>
   <div class='ocr_carea' id='block_1_21' title="bbox 2146 601 3788 680">
    <p class='ocr_par' dir='ltr' id='par_1_21' title="bbox 2146 601 3788 680">
     <span class='ocr_line' id='line_1_21' title="bbox 2146 601 3788 680; baseline -0.003 -20"><span class='ocrx_word' id='word_1_110' title='bbox 2146 606 2238 660; x_wconf 82' lang='grc' dir='ltr'>τὸν</span> <span class='ocrx_word' id='word_1_111' title='bbox 2289 607 2604 680; x_wconf 77' lang='grc' dir='ltr'><strong>κατάκριτον</strong></span> <span class='ocrx_word' id='word_1_112' title='bbox 2665 601 2931 677; x_wconf 88' lang='grc' dir='ltr'>μέλλοντα</span> <span class='ocrx_word' id='word_1_113' title='bbox 2975 603 3274 679; x_wconf 78' lang='grc' dir='ltr'>κρούεσθαι,</span> <span class='ocrx_word' id='word_1_114' title='bbox 3338 601 3454 658; x_wconf 75' lang='grc' dir='ltr'>οὑδὲ</span> <span class='ocrx_word' id='word_1_115' title='bbox 3518 603 3609 665; x_wconf 85' lang='grc' dir='ltr'>τΞις</span> <span class='ocrx_word' id='word_1_116' title='bbox 3664 602 3788 656; x_wconf 82' lang='grc' dir='ltr'>εἰω-</span> 
     </span>
    </p>
   </div>
   <div class='ocr_carea' id='block_1_22' title="bbox 2149 689 3791 769">
    <p class='ocr_par' dir='ltr' id='par_1_22' title="bbox 2149 689 3791 769">
     <span class='ocr_line' id='line_1_22' title="bbox 2149 689 3791 769; baseline -0.003 -20"><span class='ocrx_word' id='word_1_117' title='bbox 2149 694 2289 757; x_wconf 83' lang='grc' dir='ltr'>θυίας</span> <span class='ocrx_word' id='word_1_118' title='bbox 2348 693 2602 769; x_wconf 78' lang='grc' dir='ltr'>ἱκετερίας</span> <span class='ocrx_word' id='word_1_119' title='bbox 2679 697 2785 748; x_wconf 86' lang='grc' dir='ltr'><strong>τῶν</strong></span> <span class='ocrx_word' id='word_1_120' title='bbox 2870 691 2924 747; x_wconf 74' lang='grc' dir='ltr'>ἐν</span> <span class='ocrx_word' id='word_1_121' title='bbox 2995 691 3261 769; x_wconf 79' lang='grc' dir='ltr'>ἀνάγκαις</span> <span class='ocrx_word' id='word_1_122' title='bbox 3325 689 3590 747; x_wconf 70' lang='grc' dir='ltr'>ἐνδίδωσιν</span> <span class='ocrx_word' id='word_1_123' title='bbox 3652 691 3791 761; x_wconf 68' lang='grc' dir='ltr'>αὖτῷ</span> 
     </span>
    </p>
   </div>
   <div class='ocr_carea' id='block_1_23' title="bbox 2153 781 3789 860">
    <p class='ocr_par' dir='ltr' id='par_1_23' title="bbox 2153 781 3789 860">
     <span class='ocr_line' id='line_1_23' title="bbox 2153 781 3789 860; baseline -0.001 -22"><span class='ocrx_word' id='word_1_124' title='bbox 2153 783 2586 860; x_wconf 80' lang='grc' dir='ltr'>ἀναπέμψασθαι,</span> <span class='ocrx_word' id='word_1_125' title='bbox 2633 781 2795 844; x_wconf 76' lang='grc' dir='ltr'>οὕτως</span> <span class='ocrx_word' id='word_1_126' title='bbox 2858 783 2893 849; x_wconf 75' lang='grc' dir='ltr'>ἦ</span> <span class='ocrx_word' id='word_1_127' title='bbox 2956 782 3042 837; x_wconf 68' lang='grc' dir='ltr'>τοῦ</span> <span class='ocrx_word' id='word_1_128' title='bbox 3096 785 3356 858; x_wconf 80' lang='grc' dir='ltr'>μάρτυρος</span> <span class='ocrx_word' id='word_1_129' title='bbox 3415 781 3789 857; x_wconf 63' lang='grc' dir='ltr'>οὖρανόφοιτος</span> 
     </span>
    </p>
   </div>
   <div class='ocr_carea' id='block_1_24' title="bbox 2155 869 3787 950">
    <p class='ocr_par' dir='ltr' id='par_1_24' title="bbox 2155 869 3787 950">
     <span class='ocr_line' id='line_1_24' title="bbox 2155 869 3787 950; baseline -0.004 -21"><span class='ocrx_word' id='word_1_130' title='bbox 2155 873 2313 950; x_wconf 81' lang='grc' dir='ltr'>χάρις</span> <span class='ocrx_word' id='word_1_131' title='bbox 2383 869 2800 948; x_wconf 70' lang='grc' dir='ltr'>ὑπερλαμπουσα</span> <span class='ocrx_word' id='word_1_132' title='bbox 2855 875 3230 945; x_wconf 75' lang='grc' dir='ltr'>πνευματικῶς</span> <span class='ocrx_word' id='word_1_133' title='bbox 3299 870 3386 926; x_wconf 85' lang='grc' dir='ltr'>καὶ</span> <span class='ocrx_word' id='word_1_134' title='bbox 3429 876 3536 925; x_wconf 87' lang='grc' dir='ltr'><strong>τῶν</strong></span> <span class='ocrx_word' id='word_1_135' title='bbox 3588 869 3787 925; x_wconf 81' lang='grc' dir='ltr'>σελασ-</span> 
     </span>
    </p>
   </div>
   <div class='ocr_carea' id='block_1_25' title="bbox 2151 955 3790 1038">
    <p class='ocr_par' dir='ltr' id='par_1_25' title="bbox 2151 955 3790 1038">
     <span class='ocr_line' id='line_1_25' title="bbox 2151 955 3790 1038; baseline -0.002 -23"><span class='ocrx_word' id='word_1_136' title='bbox 2151 961 2326 1038; x_wconf 76' lang='grc' dir='ltr'>φόρων</span> <span class='ocrx_word' id='word_1_137' title='bbox 2379 957 2618 1027; x_wconf 78' lang='grc' dir='ltr'>ἡλιακῶν</span> <span class='ocrx_word' id='word_1_138' title='bbox 2675 959 2897 1016; x_wconf 80' lang='grc' dir='ltr'>ἀκτίνων</span> <span class='ocrx_word' id='word_1_139' title='bbox 2939 960 3033 1024; x_wconf 77' lang='grc' dir='ltr'><strong>τὰς</strong></span> <span class='ocrx_word' id='word_1_140' title='bbox 3089 957 3340 1036; x_wconf 79' lang='grc' dir='ltr'>ζοφώδεις</span> <span class='ocrx_word' id='word_1_141' title='bbox 3389 966 3482 1014; x_wconf 84' lang='grc' dir='ltr'><strong>τοὺ</strong></span> <span class='ocrx_word' id='word_1_142' title='bbox 3542 955 3790 1014; x_wconf 76' lang='grc' dir='ltr'>διαϐόλου</span> 
     </span>
    </p>
   </div>
   <div class='ocr_carea' id='block_1_26' title="bbox 2153 1047 3790 1127">
    <p class='ocr_par' dir='ltr' id='par_1_26' title="bbox 2153 1047 3790 1127">
     <span class='ocr_line' id='line_1_26' title="bbox 2153 1047 3790 1127; baseline -0.003 -23"><span class='ocrx_word' id='word_1_143' title='bbox 2153 1048 2398 1123; x_wconf 80' lang='grc' dir='ltr'>δυνάμεις</span> <span class='ocrx_word' id='word_1_144' title='bbox 2458 1047 2780 1127; x_wconf 75' lang='grc' dir='ltr'>ἐτύφλωσεν,</span> <span class='ocrx_word' id='word_1_145' title='bbox 2845 1049 2916 1112; x_wconf 78' lang='grc' dir='ltr'><strong>ὡς</strong></span> <span class='ocrx_word' id='word_1_146' title='bbox 2992 1049 3292 1126; x_wconf 82' lang='grc' dir='ltr'>προαιρέσει</span> <span class='ocrx_word' id='word_1_147' title='bbox 3361 1048 3458 1114; x_wconf 75' lang='grc' dir='ltr'><strong>τὴν</strong></span> <span class='ocrx_word' id='word_1_148' title='bbox 3527 1047 3790 1102; x_wconf 85' lang='grc' dir='ltr'>σκότωσιν</span> 
     </span>
    </p>
   </div>
   <div class='ocr_carea' id='block_1_27' title="bbox 2153 1136 3788 1215">
    <p class='ocr_par' dir='ltr' id='par_1_27' title="bbox 2153 1136 3788 1215">
     <span class='ocr_line' id='line_1_27' title="bbox 2153 1136 3788 1215; baseline -0.001 -22"><span class='ocrx_word' id='word_1_149' title='bbox 2153 1136 2530 1212; x_wconf 70' lang='grc' dir='ltr'>ἐκλεξαμένοις,</span> <span class='ocrx_word' id='word_1_150' title='bbox 2601 1138 2689 1192; x_wconf 85' lang='grc' dir='ltr'><strong>καὶ</strong></span> <span class='ocrx_word' id='word_1_151' title='bbox 2745 1144 2836 1194; x_wconf 81' lang='grc' dir='ltr'><strong>του</strong></span> <span class='ocrx_word' id='word_1_152' title='bbox 2906 1139 3087 1193; x_wconf 76' lang='grc' dir='ltr'>θεϊκοῦ</span> <span class='ocrx_word' id='word_1_153' title='bbox 3142 1139 3318 1215; x_wconf 75' lang='grc' dir='ltr'>φωτὸς</span> <span class='ocrx_word' id='word_1_154' title='bbox 3391 1136 3788 1199; x_wconf 72' lang='grc' dir='ltr'>ἀποικισθεῖσας</span> 
     </span>
    </p>
   </div>
   <div class='ocr_carea' id='block_1_28' title="bbox 2153 1227 2502 1304">
    <p class='ocr_par' dir='ltr' id='par_1_28' title="bbox 2153 1227 2502 1304">
     <span class='ocr_line' id='line_1_28' title="bbox 2153 1227 2502 1304; baseline -0.003 -22"><span class='ocrx_word' id='word_1_155' title='bbox 2153 1227 2478 1304; x_wconf 84' lang='grc' dir='ltr'>μακρότερον</span> <span class='ocrx_word' id='word_1_156' title='bbox 2489 1276 2502 1289; x_wconf 86' lang='grc'><strong>,</strong></span> 
     </span>
    </p>
   </div>
   <div class='ocr_carea' id='block_1_29' title="bbox 2233 1311 3790 1392">
    <p class='ocr_par' dir='ltr' id='par_1_29' title="bbox 2233 1311 3790 1392">
     <span class='ocr_line' id='line_1_29' title="bbox 2233 1311 3790 1392; baseline -0.005 -17"><span class='ocrx_word' id='word_1_157' title='bbox 2233 1315 2354 1391; x_wconf 85' lang='grc' dir='ltr'><strong>μβ¹.</strong></span> <span class='ocrx_word' id='word_1_158' title='bbox 2404 1311 2552 1374; x_wconf 84' lang='grc' dir='ltr'>Ἀλλ’</span> <span class='ocrx_word' id='word_1_159' title='bbox 2611 1313 2794 1382; x_wconf 76' lang='grc' dir='ltr'>ἐπειδὴ</span> <span class='ocrx_word' id='word_1_160' title='bbox 2843 1312 3019 1371; x_wconf 77' lang='grc' dir='ltr'>πολλὰ</span> <span class='ocrx_word' id='word_1_161' title='bbox 3067 1317 3176 1388; x_wconf 82' lang='grc' dir='ltr'>καὶ,</span> <span class='ocrx_word' id='word_1_162' title='bbox 3233 1314 3427 1392; x_wconf 70' lang='grc' dir='ltr'>σχεδὸν</span> <span class='ocrx_word' id='word_1_163' title='bbox 3458 1317 3667 1387; x_wconf 78' lang='grc' dir='ltr'>εἰπεῖν,</span> <span class='ocrx_word' id='word_1_164' title='bbox 3703 1317 3790 1370; x_wconf 67' lang='grc' dir='ltr'><strong>ἂν·</strong></span> 
     </span>
    </p>
   </div>
   <div class='ocr_carea' id='block_1_30' title="bbox 2153 1403 3788 1482">
    <p class='ocr_par' dir='ltr' id='par_1_30' title="bbox 2153 1403 3788 1482">
     <span class='ocr_line' id='line_1_30' title="bbox 2153 1403 3788 1482; baseline 0.001 -23"><span class='ocrx_word' id='word_1_165' title='bbox 2153 1407 2412 1482; x_wconf 82' lang='grc' dir='ltr'>αρίθμητα</span> <span class='ocrx_word' id='word_1_166' title='bbox 2473 1410 2579 1460; x_wconf 90' lang='grc' dir='ltr'><strong>τῶν</strong></span> <span class='ocrx_word' id='word_1_167' title='bbox 2635 1405 2885 1460; x_wconf 78' lang='grc' dir='ltr'>ίαθέντων</span> <span class='ocrx_word' id='word_1_168' title='bbox 2956 1404 3020 1459; x_wconf 84' lang='grc' dir='ltr'><strong>τὰ</strong></span> <span class='ocrx_word' id='word_1_169' title='bbox 3078 1405 3361 1482; x_wconf 86' lang='grc' dir='ltr'>πρόσωπα,</span> <span class='ocrx_word' id='word_1_170' title='bbox 3430 1403 3518 1467; x_wconf 74' lang='grc' dir='ltr'><strong>οῖς</strong></span> <span class='ocrx_word' id='word_1_171' title='bbox 3576 1407 3602 1460; x_wconf 73' lang='grc' dir='ltr'>ὁ</span> <span class='ocrx_word' id='word_1_172' title='bbox 3673 1411 3788 1464; x_wconf 71' lang='grc' dir='ltr'>νῦῦς</span> 
     </span>
    </p>
   </div>
   <div class='ocr_carea' id='block_1_31' title="bbox 2151 1491 3788 1572">
    <p class='ocr_par' dir='ltr' id='par_1_31' title="bbox 2151 1491 3788 1572">
     <span class='ocr_line' id='line_1_31' title="bbox 2151 1491 3788 1572; baseline -0.001 -24"><span class='ocrx_word' id='word_1_173' title='bbox 2151 1493 2544 1572; x_wconf 75' lang='grc' dir='ltr'>ἐσωφρόνησεν,</span> <span class='ocrx_word' id='word_1_174' title='bbox 2609 1491 2970 1570; x_wconf 80' lang='grc' dir='ltr'><strong>ἐλευθερωθεὶς</strong></span> <span class='ocrx_word' id='word_1_175' title='bbox 3027 1493 3121 1559; x_wconf 76' lang='grc' dir='ltr'>τὴς</span> <span class='ocrx_word' id='word_1_176' title='bbox 3185 1495 3290 1548; x_wconf 78' lang='grc' dir='ltr'><strong>τῶν</strong></span> <span class='ocrx_word' id='word_1_177' title='bbox 3359 1491 3630 1566; x_wconf 72' lang='grc' dir='ltr'>δαιμόιων</span> <span class='ocrx_word' id='word_1_178' title='bbox 3689 1516 3788 1547; x_wconf 86' lang='grc' dir='ltr'>κα-</span> 
     </span>
    </p>
   </div>
   <div class='ocr_carea' id='block_1_32' title="bbox 2150 1582 3789 1661">
    <p class='ocr_par' dir='ltr' id='par_1_32' title="bbox 2150 1582 3789 1661">
     <span class='ocr_line' id='line_1_32' title="bbox 2150 1582 3789 1661; baseline -0.001 -24"><span class='ocrx_word' id='word_1_179' title='bbox 2150 1584 2528 1657; x_wconf 80' lang='grc' dir='ltr'>τακρατήσεως</span> <span class='ocrx_word' id='word_1_180' title='bbox 2571 1583 2671 1638; x_wconf 76' lang='grc' dir='ltr'><strong>ὑπὸ</strong></span> <span class='ocrx_word' id='word_1_181' title='bbox 2716 1587 2811 1648; x_wconf 77' lang='grc' dir='ltr'>τῆς</span> <span class='ocrx_word' id='word_1_182' title='bbox 2871 1592 2963 1641; x_wconf 81' lang='grc' dir='ltr'>τοῦ</span> <span class='ocrx_word' id='word_1_183' title='bbox 3025 1582 3479 1661; x_wconf 79' lang='grc' dir='ltr'>παμμαχαρίστου</span> <span class='ocrx_word' id='word_1_184' title='bbox 3523 1584 3612 1637; x_wconf 88' lang='grc' dir='ltr'>καὶ</span> <span class='ocrx_word' id='word_1_185' title='bbox 3673 1585 3789 1637; x_wconf 87' lang='grc' dir='ltr'>θεο-</span> 
     </span>
    </p>
   </div>
   <div class='ocr_carea' id='block_1_33' title="bbox 2152 1669 3789 1750">
    <p class='ocr_par' dir='ltr' id='par_1_33' title="bbox 2152 1669 3789 1750">
     <span class='ocr_line' id='line_1_33' title="bbox 2152 1669 3789 1750; baseline -0.001 -23"><span class='ocrx_word' id='word_1_186' title='bbox 2152 1674 2313 1749; x_wconf 74' lang='grc' dir='ltr'>φόρου</span> <span class='ocrx_word' id='word_1_187' title='bbox 2369 1671 2628 1747; x_wconf 83' lang='grc' dir='ltr'>μάρτυρος</span> <span class='ocrx_word' id='word_1_188' title='bbox 2681 1671 2906 1749; x_wconf 79' lang='grc' dir='ltr'>ἀοράτου</span> <span class='ocrx_word' id='word_1_189' title='bbox 2975 1673 3308 1750; x_wconf 76' lang='grc' dir='ltr'>ιςπιστασίας,</span> <span class='ocrx_word' id='word_1_190' title='bbox 3369 1669 3454 1727; x_wconf 80' lang='grc' dir='ltr'>διὰ</span> <span class='ocrx_word' id='word_1_191' title='bbox 3495 1673 3558 1726; x_wconf 75' lang='grc' dir='ltr'>τὸ</span> <span class='ocrx_word' id='word_1_192' title='bbox 3619 1694 3789 1747; x_wconf 84' lang='grc' dir='ltr'>προσ-</span> 
     </span>
    </p>
   </div>
   <div class='ocr_carea' id='block_1_34' title="bbox 432 1759 2064 1852">
    <p class='ocr_par' dir='ltr' id='par_1_34' title="bbox 432 1759 2063 1852">
     <span class='ocr_line' id='line_1_34' title="bbox 432 1759 2063 1852; baseline -0.01 -18"><span class='ocrx_word' id='word_1_193' title='bbox 432 1773 621 1852; x_wconf 87' lang='lat' dir='ltr'><strong>magis</strong></span> <span class='ocrx_word' id='word_1_194' title='bbox 652 1759 892 1833; x_wconf 80' lang='lat' dir='ltr'><strong>movere</strong></span> <span class='ocrx_word' id='word_1_195' title='bbox 924 1779 1057 1830; x_wconf 89' lang='lat' dir='ltr'><strong>nata</strong></span> <span class='ocrx_word' id='word_1_196' title='bbox 1086 1770 1182 1847; x_wconf 88' lang='lat' dir='ltr'><strong>sit,</strong></span> <span class='ocrx_word' id='word_1_197' title='bbox 1215 1768 1618 1828; x_wconf 86' lang='lat' dir='ltr'><strong>narrationem</strong></span> <span class='ocrx_word' id='word_1_198' title='bbox 1655 1770 2063 1844; x_wconf 85' lang='lat' dir='ltr'><strong>properantes.</strong></span> 
     </span>
    </p>
   </div>
   <div class='ocr_carea' id='block_1_35' title="bbox 2152 1759 3790 1852">
    <p class='ocr_par' dir='ltr' id='par_1_35' title="bbox 2153 1759 3790 1838">
     <span class='ocr_line' id='line_1_35' title="bbox 2153 1759 3790 1838; baseline 0.001 -24"><span class='ocrx_word' id='word_1_199' title='bbox 2153 1762 2306 1828; x_wconf 75' lang='grc' dir='ltr'>κορές</span> <span class='ocrx_word' id='word_1_200' title='bbox 2361 1767 2451 1816; x_wconf 79' lang='grc' dir='ltr'>τοῦ</span> <span class='ocrx_word' id='word_1_201' title='bbox 2536 1759 2694 1837; x_wconf 87' lang='grc' dir='ltr'>λόγου</span> <span class='ocrx_word' id='word_1_202' title='bbox 2783 1768 2947 1817; x_wconf 77' lang='grc' dir='ltr'>ταῦτα</span> <span class='ocrx_word' id='word_1_203' title='bbox 3021 1759 3386 1838; x_wconf 79' lang='grc' dir='ltr'><strong>παρέλθωμεν,</strong></span> <span class='ocrx_word' id='word_1_204' title='bbox 3468 1760 3548 1838; x_wconf 71' lang='grc' dir='ltr'><strong>ἐφ’</strong></span> <span class='ocrx_word' id='word_1_205' title='bbox 3609 1761 3790 1837; x_wconf 77' lang='grc' dir='ltr'>ἑτέραν</span> 
     </span>
    </p>
   </div>
   <div class='ocr_carea' id='block_1_36' title="bbox 431 1852 2071 1937">
    <p class='ocr_par' dir='ltr' id='par_1_36' title="bbox 431 1852 2071 1937">
     <span class='ocr_line' id='line_1_36' title="bbox 431 1852 2071 1937; baseline -0.01 -13"><span class='ocrx_word' id='word_1_206' title='bbox 431 1860 519 1924; x_wconf 89' lang='lat' dir='ltr'><strong>Ne</strong></span> <span class='ocrx_word' id='word_1_207' title='bbox 541 1869 738 1922; x_wconf 87' lang='lat' dir='ltr'><strong>tamen</strong></span> <span class='ocrx_word' id='word_1_208' title='bbox 765 1858 1167 1937; x_wconf 85' lang='lat' dir='ltr'><strong>prodigiorum</strong></span> <span class='ocrx_word' id='word_1_209' title='bbox 1203 1853 1542 1934; x_wconf 86' lang='lat' dir='ltr'><strong>hujusmodi</strong></span> <span class='ocrx_word' id='word_1_210' title='bbox 1586 1852 1829 1914; x_wconf 88' lang='lat' dir='ltr'><strong>omnino</strong></span> <span class='ocrx_word' id='word_1_211' title='bbox 1863 1853 2071 1910; x_wconf 80' lang='lat' dir='ltr'><strong>fiamus</strong></span> 
     </span>
    </p>
   </div>
   <div class='ocr_carea' id='block_1_37' title="bbox 432 1941 2071 2026">
    <p class='ocr_par' dir='ltr' id='par_1_37' title="bbox 432 1941 2071 2026">
     <span class='ocr_line' id='line_1_37' title="bbox 432 1941 2071 2026; baseline -0.008 -16"><span class='ocrx_word' id='word_1_212' title='bbox 432 1955 843 2026; x_wconf 82' lang='lat' dir='ltr'><strong>immemores,</strong></span> <span class='ocrx_word' id='word_1_213' title='bbox 876 1964 1006 2024; x_wconf 88' lang='lat' dir='ltr'><strong>age,</strong></span> <span class='ocrx_word' id='word_1_214' title='bbox 1039 1945 1195 2025; x_wconf 90' lang='lat' dir='ltr'><strong>quod</strong></span> <span class='ocrx_word' id='word_1_215' title='bbox 1225 1959 1437 2005; x_wconf 88' lang='lat' dir='ltr'><strong>recens</strong></span> <span class='ocrx_word' id='word_1_216' title='bbox 1469 1943 1687 2003; x_wconf 80' lang='lat' dir='ltr'><strong>factum</strong></span> <span class='ocrx_word' id='word_1_217' title='bbox 1721 1941 1904 2012; x_wconf 91' lang='lat' dir='ltr'><strong>est,in</strong></span> <span class='ocrx_word' id='word_1_218' title='bbox 1939 1956 2032 1998; x_wconf 90' lang='lat' dir='ltr'><strong>me</strong></span> <span class='ocrx_word' id='word_1_219' title='bbox 2054 1973 2071 1986; x_wconf 85' lang='lat'><strong>-</strong></span> 
     </span>
    </p>
   </div>
   <div class='ocr_carea' id='block_1_38' title="bbox 433 2029 2068 2114">
    <p class='ocr_par' dir='ltr' id='par_1_38' title="bbox 433 2029 2068 2114">
     <span class='ocr_line' id='line_1_38' title="bbox 433 2029 2068 2114; baseline -0.008 -16"><span class='ocrx_word' id='word_1_220' title='bbox 433 2037 624 2109; x_wconf 87' lang='lat' dir='ltr'><strong>dium,</strong></span> <span class='ocrx_word' id='word_1_221' title='bbox 687 2043 962 2114; x_wconf 87' lang='lat' dir='ltr'><strong>tanquam</strong></span> <span class='ocrx_word' id='word_1_222' title='bbox 1023 2035 1084 2093; x_wconf 94' lang='lat' dir='ltr'><strong>in</strong></span> <span class='ocrx_word' id='word_1_223' title='bbox 1145 2032 1438 2112; x_wconf 91' lang='lat' dir='ltr'><strong>superiori</strong></span> <span class='ocrx_word' id='word_1_224' title='bbox 1493 2039 1652 2092; x_wconf 87' lang='lat' dir='ltr'><strong>veste</strong></span> <span class='ocrx_word' id='word_1_225' title='bbox 1699 2029 2068 2105; x_wconf 88' lang='lat' dir='ltr'><strong>universum,</strong></span> 
     </span>
    </p>
   </div>
   <div class='ocr_carea' id='block_1_39' title="bbox 434 2117 2071 2207">
    <p class='ocr_par' dir='ltr' id='par_1_39' title="bbox 434 2117 2071 2207">
     <span class='ocr_line' id='line_1_39' title="bbox 434 2117 2071 2207; baseline -0.007 -20"><span class='ocrx_word' id='word_1_226' title='bbox 434 2125 592 2207; x_wconf 88' lang='lat' dir='ltr'><strong>quod</strong></span> <span class='ocrx_word' id='word_1_227' title='bbox 617 2131 771 2185; x_wconf 91' lang='lat' dir='ltr'><strong>intra</strong></span> <span class='ocrx_word' id='word_1_228' title='bbox 788 2122 1355 2190; x_wconf 83' lang='lat' dir='ltr'><strong>latet.certaminum</strong></span> <span class='ocrx_word' id='word_1_229' title='bbox 1379 2119 1641 2182; x_wconf 89' lang='lat' dir='ltr'><strong>victricis</strong></span> <span class='ocrx_word' id='word_1_230' title='bbox 1673 2117 1952 2198; x_wconf 71' lang='lat' dir='ltr'><strong>potentiae</strong></span> <span class='ocrx_word' id='word_1_231' title='bbox 1981 2133 2071 2207; x_wconf 83' lang='lat' dir='ltr'><strong>ar-</strong></span> 
     </span>
    </p>
   </div>
   <div class='ocr_carea' id='block_1_40' title="bbox 432 2205 2070 2294">
    <p class='ocr_par' dir='ltr' id='par_1_40' title="bbox 432 2205 2070 2294">
     <span class='ocr_line' id='line_1_40' title="bbox 432 2205 2070 2294; baseline -0.007 -19"><span class='ocrx_word' id='word_1_232' title='bbox 432 2205 780 2294; x_wconf 76' lang='lat' dir='ltr'><strong>gumentum</strong></span> <span class='ocrx_word' id='word_1_233' title='bbox 815 2210 1186 2291; x_wconf 76' lang='lat' dir='ltr'><strong>exhibentes,</strong></span> <span class='ocrx_word' id='word_1_234' title='bbox 1235 2209 1625 2272; x_wconf 82' lang='lat' dir='ltr'><strong>adducamus.</strong></span> <span class='ocrx_word' id='word_1_235' title='bbox 1681 2207 1896 2270; x_wconf 85' lang='lat' dir='ltr'><strong>Milites</strong></span> <span class='ocrx_word' id='word_1_236' title='bbox 1929 2205 2070 2284; x_wconf 91' lang='lat' dir='ltr'><strong>qui-</strong></span> 
     </span>
    </p>
   </div>
   <div class='ocr_carea' id='block_1_41' title="bbox 433 2297 2072 2379">
    <p class='ocr_par' dir='ltr' id='par_1_41' title="bbox 433 2297 2072 2379">
     <span class='ocr_line' id='line_1_41' title="bbox 433 2297 2072 2379; baseline -0.007 -14"><span class='ocrx_word' id='word_1_237' title='bbox 433 2303 595 2377; x_wconf 88' lang='lat' dir='ltr'><strong>dam,</strong></span> <span class='ocrx_word' id='word_1_238' title='bbox 659 2318 908 2362; x_wconf 91' lang='lat' dir='ltr'><strong>numero</strong></span> <span class='ocrx_word' id='word_1_239' title='bbox 969 2299 1192 2379; x_wconf 78' lang='lat' dir='ltr'><strong>plures,</strong></span> <span class='ocrx_word' id='word_1_240' title='bbox 1253 2299 1653 2378; x_wconf 80' lang='lat' dir='ltr'><strong>generosique</strong></span> <span class='ocrx_word' id='word_1_241' title='bbox 1697 2315 1766 2358; x_wconf 90' lang='lat' dir='ltr'><strong>ac</strong></span> <span class='ocrx_word' id='word_1_242' title='bbox 1800 2297 2003 2367; x_wconf 79' lang='lat' dir='ltr'><strong>fortes,</strong></span> <span class='ocrx_word' id='word_1_243' title='bbox 2039 2311 2072 2354; x_wconf 93' lang='lat' dir='ltr'><strong>e</strong></span> 
     </span>
    </p>
   </div>
   <div class='ocr_carea' id='block_1_42' title="bbox 432 2382 2069 2470">
    <p class='ocr_par' dir='ltr' id='par_1_42' title="bbox 432 2382 2069 2470">
     <span class='ocr_line' id='line_1_42' title="bbox 432 2382 2069 2470; baseline -0.006 -18"><span class='ocrx_word' id='word_1_244' title='bbox 432 2391 669 2470; x_wconf 88' lang='lat' dir='ltr'><strong>legione</strong></span> <span class='ocrx_word' id='word_1_245' title='bbox 719 2407 825 2451; x_wconf 91' lang='lat' dir='ltr'><strong>sua</strong></span> <span class='ocrx_word' id='word_1_246' title='bbox 882 2389 1224 2468; x_wconf 77' lang='lat' dir='ltr'><strong>quempiam</strong></span> <span class='ocrx_word' id='word_1_247' title='bbox 1273 2387 1742 2468; x_wconf 82' lang='lat' dir='ltr'><strong>apprehensum,</strong></span> <span class='ocrx_word' id='word_1_248' title='bbox 1774 2383 1898 2445; x_wconf 92' lang='lat' dir='ltr'><strong>bini</strong></span> <span class='ocrx_word' id='word_1_249' title='bbox 1931 2382 2069 2462; x_wconf 83' lang='lat' dir='ltr'><strong>qui-</strong></span> 
     </span>
    </p>
   </div>
   <div class='ocr_carea' id='block_1_43' title="bbox 433 2471 2070 2557">
    <p class='ocr_par' dir='ltr' id='par_1_43' title="bbox 433 2471 2070 2557">
     <span class='ocr_line' id='line_1_43' title="bbox 433 2471 2070 2557; baseline -0.008 -14"><span class='ocrx_word' id='word_1_250' title='bbox 433 2481 571 2543; x_wconf 90' lang='lat' dir='ltr'><strong>dem</strong></span> <span class='ocrx_word' id='word_1_251' title='bbox 602 2478 807 2541; x_wconf 90' lang='lat' dir='ltr'><strong>ambas</strong></span> <span class='ocrx_word' id='word_1_252' title='bbox 839 2478 1112 2557; x_wconf 83' lang='lat' dir='ltr'><strong>patientis</strong></span> <span class='ocrx_word' id='word_1_253' title='bbox 1145 2495 1356 2538; x_wconf 86' lang='lat' dir='ltr'><strong>manus</strong></span> <span class='ocrx_word' id='word_1_254' title='bbox 1404 2475 1910 2556; x_wconf 78' lang='lat' dir='ltr'><strong>constringentes,</strong></span> <span class='ocrx_word' id='word_1_255' title='bbox 1945 2471 2070 2532; x_wconf 89' lang='lat' dir='ltr'><strong>bini</strong></span> 
     </span>
    </p>
   </div>
   <div class='ocr_carea' id='block_1_44' title="bbox 432 2567 2067 2648">
    <p class='ocr_par' dir='ltr' id='par_1_44' title="bbox 432 2567 2067 2648">
     <span class='ocr_line' id='line_1_44' title="bbox 432 2567 2067 2648; baseline -0.007 -16"><span class='ocrx_word' id='word_1_256' title='bbox 432 2577 655 2643; x_wconf 88' lang='lat' dir='ltr'><strong>autem,</strong></span> <span class='ocrx_word' id='word_1_257' title='bbox 690 2568 882 2648; x_wconf 87' lang='lat' dir='ltr'><strong>capite</strong></span> <span class='ocrx_word' id='word_1_258' title='bbox 941 2567 1072 2645; x_wconf 89' lang='lat' dir='ltr'><strong>ejus</strong></span> <span class='ocrx_word' id='word_1_259' title='bbox 1125 2574 1425 2644; x_wconf 89' lang='lat' dir='ltr'><strong>correpto,</strong></span> <span class='ocrx_word' id='word_1_260' title='bbox 1483 2573 1730 2642; x_wconf 90' lang='lat' dir='ltr'><strong>tantum,</strong></span> <span class='ocrx_word' id='word_1_261' title='bbox 1782 2571 2067 2642; x_wconf 88' lang='lat' dir='ltr'><strong>quantum</strong></span> 
     </span>
    </p>
   </div>
   <div class='ocr_carea' id='block_1_45' title="bbox 432 2652 2065 2739">
    <p class='ocr_par' dir='ltr' id='par_1_45' title="bbox 432 2652 2065 2739">
     <span class='ocr_line' id='line_1_45' title="bbox 432 2652 2065 2739; baseline -0.006 -19"><span class='ocrx_word' id='word_1_262' title='bbox 432 2667 732 2739; x_wconf 85' lang='lat' dir='ltr'><strong>poterant,</strong></span> <span class='ocrx_word' id='word_1_263' title='bbox 768 2674 844 2717; x_wconf 89' lang='lat' dir='ltr'><strong>ne</strong></span> <span class='ocrx_word' id='word_1_264' title='bbox 878 2673 981 2716; x_wconf 90' lang='lat' dir='ltr'><strong>eos</strong></span> <span class='ocrx_word' id='word_1_265' title='bbox 1014 2655 1320 2716; x_wconf 87' lang='lat' dir='ltr'><strong>morderet</strong></span> <span class='ocrx_word' id='word_1_266' title='bbox 1346 2652 1878 2733; x_wconf 91' lang='lat' dir='ltr'><strong>impedientes,alii</strong></span> <span class='ocrx_word' id='word_1_267' title='bbox 1902 2669 2065 2724; x_wconf 88' lang='lat' dir='ltr'><strong>vero,</strong></span> 
     </span>
    </p>
   </div>
   <div class='ocr_carea' id='block_1_46' title="bbox 433 2740 2065 2820">
    <p class='ocr_par' dir='ltr' id='par_1_46' title="bbox 433 2740 2065 2820">
     <span class='ocr_line' id='line_1_46' title="bbox 433 2740 2065 2820; baseline -0.006 -12"><span class='ocrx_word' id='word_1_268' title='bbox 433 2747 696 2810; x_wconf 91' lang='lat' dir='ltr'><strong>medium</strong></span> <span class='ocrx_word' id='word_1_269' title='bbox 733 2743 1018 2807; x_wconf 88' lang='lat' dir='ltr'><strong>tenaciter</strong></span> <span class='ocrx_word' id='word_1_270' title='bbox 1048 2752 1320 2806; x_wconf 76' lang='lat' dir='ltr'><strong>tenentes</strong></span> <span class='ocrx_word' id='word_1_271' title='bbox 1355 2743 1800 2820; x_wconf 78' lang='lat' dir='ltr'><strong>trudentesque,</strong></span> <span class='ocrx_word' id='word_1_272' title='bbox 1832 2740 1904 2801; x_wconf 91' lang='lat' dir='ltr'><strong>ad</strong></span> <span class='ocrx_word' id='word_1_273' title='bbox 1936 2740 2065 2818; x_wconf 84' lang='lat' dir='ltr'><strong>glo-</strong></span> 
     </span>
    </p>
   </div>
   <div class='ocr_carea' id='block_1_47' title="bbox 433 2829 2066 2912">
    <p class='ocr_par' dir='ltr' id='par_1_47' title="bbox 433 2829 2066 2912">
     <span class='ocr_line' id='line_1_47' title="bbox 433 2829 2066 2912; baseline -0.006 -15"><span class='ocrx_word' id='word_1_274' title='bbox 433 2835 749 2897; x_wconf 90' lang='lat' dir='ltr'><strong>riosissimi</strong></span> <span class='ocrx_word' id='word_1_275' title='bbox 809 2832 1082 2912; x_wconf 81' lang='lat' dir='ltr'><strong>martyris</strong></span> <span class='ocrx_word' id='word_1_276' title='bbox 1134 2831 1422 2911; x_wconf 87' lang='lat' dir='ltr'><strong>templum</strong></span> <span class='ocrx_word' id='word_1_277' title='bbox 1488 2831 1576 2892; x_wconf 88' lang='lat' dir='ltr'><strong>ire</strong></span> <span class='ocrx_word' id='word_1_278' title='bbox 1626 2829 2066 2910; x_wconf 88' lang='lat' dir='ltr'><strong>compulerunt,</strong></span> 
     </span>
    </p>
   </div>
   <div class='ocr_carea' id='block_1_48' title="bbox 433 2917 2065 3002">
    <p class='ocr_par' dir='ltr' id='par_1_48' title="bbox 433 2917 2065 3002">
     <span class='ocr_line' id='line_1_48' title="bbox 433 2917 2065 3002; baseline -0.005 -17"><span class='ocrx_word' id='word_1_279' title='bbox 433 2925 720 2987; x_wconf 84' lang='lat' dir='ltr'><strong>ducentes</strong></span> <span class='ocrx_word' id='word_1_280' title='bbox 775 2939 936 2998; x_wconf 83' lang='lat' dir='ltr'><strong>eum,</strong></span> <span class='ocrx_word' id='word_1_281' title='bbox 999 2921 1104 3002; x_wconf 91' lang='lat' dir='ltr'><strong>qui</strong></span> <span class='ocrx_word' id='word_1_282' title='bbox 1165 2939 1297 2995; x_wconf 91' lang='lat' dir='ltr'><strong>nec,</strong></span> <span class='ocrx_word' id='word_1_283' title='bbox 1352 2939 1469 3000; x_wconf 92' lang='lat' dir='ltr'><strong>quo</strong></span> <span class='ocrx_word' id='word_1_284' title='bbox 1502 2919 1782 2991; x_wconf 80' lang='lat' dir='ltr'><strong>ferretur,</strong></span> <span class='ocrx_word' id='word_1_285' title='bbox 1818 2917 2065 2990; x_wconf 87' lang='lat' dir='ltr'><strong>sciebat,</strong></span> 
     </span>
    </p>
   </div>
   <div class='ocr_carea' id='block_1_49' title="bbox 431 3006 2065 3090">
    <p class='ocr_par' dir='ltr' id='par_1_49' title="bbox 431 3006 2065 3090">
     <span class='ocr_line' id='line_1_49' title="bbox 431 3006 2065 3090; baseline -0.006 -15"><span class='ocrx_word' id='word_1_286' title='bbox 431 3031 545 3076; x_wconf 88' lang='lat' dir='ltr'><strong>nec</strong></span> <span class='ocrx_word' id='word_1_287' title='bbox 572 3012 902 3082; x_wconf 90' lang='lat' dir='ltr'><strong>trudentes,</strong></span> <span class='ocrx_word' id='word_1_288' title='bbox 930 3021 1055 3072; x_wconf 90' lang='lat' dir='ltr'><strong>utut</strong></span> <span class='ocrx_word' id='word_1_289' title='bbox 1083 3011 1200 3072; x_wconf 89' lang='lat' dir='ltr'><strong>sibi</strong></span> <span class='ocrx_word' id='word_1_290' title='bbox 1225 3027 1404 3090; x_wconf 91' lang='lat' dir='ltr'><strong>quam</strong></span> <span class='ocrx_word' id='word_1_291' title='bbox 1442 3009 1692 3070; x_wconf 86' lang='lat' dir='ltr'><strong>maxime</strong></span> <span class='ocrx_word' id='word_1_292' title='bbox 1723 3006 2065 3080; x_wconf 83' lang='lat' dir='ltr'><strong>familiares,</strong></span> 
     </span>
    </p>
   </div>
   <div class='ocr_carea' id='block_1_50' title="bbox 3604 1849 3648 1866">
    <p class='ocr_par' dir='ltr' id='par_1_50' title="bbox 3604 1849 3648 1866">
     <span class='ocr_line' id='line_1_50' title="bbox 3604 1849 3648 1866; baseline 0 0"><span class='ocrx_word' id='word_1_293' title='bbox 3604 1849 3648 1866; x_wconf 49' lang='grc' dir='ltr'><strong>’ΝΚ</strong></span> 
     </span>
    </p>
   </div>
   <div class='ocr_carea' id='block_1_51' title="bbox 2151 1847 3789 1929">
    <p class='ocr_par' dir='ltr' id='par_1_51' title="bbox 2151 1847 3789 1929">
     <span class='ocr_line' id='line_1_51' title="bbox 2151 1847 3789 1929; baseline -0.002 -23"><span class='ocrx_word' id='word_1_294' title='bbox 2151 1850 2676 1929; x_wconf 86' lang='grc' dir='ltr'>κατανυκτικωτέραν</span> <span class='ocrx_word' id='word_1_295' title='bbox 2723 1848 2974 1927; x_wconf 78' lang='grc' dir='ltr'>διήγησιν</span> <span class='ocrx_word' id='word_1_296' title='bbox 3025 1847 3367 1912; x_wconf 81' lang='grc' dir='ltr'>σπεύδοντες.</span> <span class='ocrx_word' id='word_1_297' title='bbox 3421 1848 3539 1906; x_wconf 77' lang='grc' dir='ltr'>Ἵνα</span> <span class='ocrx_word' id='word_1_298' title='bbox 3600 1849 3655 1904; x_wconf 78' lang='grc' dir='ltr'>δὲ</span> <span class='ocrx_word' id='word_1_299' title='bbox 3714 1851 3789 1922; x_wconf 76' lang='grc' dir='ltr'>μὴ</span> 
     </span>
    </p>
   </div>
   <div class='ocr_carea' id='block_1_52' title="bbox 2153 1938 3789 2016">
    <p class='ocr_par' dir='ltr' id='par_1_52' title="bbox 2153 1938 3789 2016">
     <span class='ocr_line' id='line_1_52' title="bbox 2153 1938 3789 2016; baseline -0.001 -23"><span class='ocrx_word' id='word_1_300' title='bbox 2153 1938 2327 2004; x_wconf 82' lang='grc' dir='ltr'>πάντη</span> <span class='ocrx_word' id='word_1_301' title='bbox 2406 1938 2502 2005; x_wconf 71' lang='grc' dir='ltr'><strong>τῆς</strong></span> <span class='ocrx_word' id='word_1_302' title='bbox 2593 1940 2840 2004; x_wconf 75' lang='grc' dir='ltr'>τοιαύτης</span> <span class='ocrx_word' id='word_1_303' title='bbox 2938 1939 3354 2016; x_wconf 85' lang='grc' dir='ltr'>θαυματουργίας</span> <span class='ocrx_word' id='word_1_304' title='bbox 3437 1945 3789 2010; x_wconf 77' lang='grc' dir='ltr'>καταστῶμεν</span> 
     </span>
    </p>
   </div>
   <div class='ocr_carea' id='block_1_53' title="bbox 2151 2026 3789 2106">
    <p class='ocr_par' dir='ltr' id='par_1_53' title="bbox 2151 2026 3789 2106">
     <span class='ocr_line' id='line_1_53' title="bbox 2151 2026 3789 2106; baseline 0 -24"><span class='ocrx_word' id='word_1_305' title='bbox 2151 2028 2484 2101; x_wconf 72' lang='grc' dir='ltr'>ἀμνήμονες,</span> <span class='ocrx_word' id='word_1_306' title='bbox 2529 2027 2674 2106; x_wconf 77' lang='grc' dir='ltr'>φέρε,</span> <span class='ocrx_word' id='word_1_307' title='bbox 2707 2034 2782 2100; x_wconf 81' lang='grc' dir='ltr'>τῷ</span> <span class='ocrx_word' id='word_1_308' title='bbox 2813 2029 2997 2082; x_wconf 83' lang='grc' dir='ltr'>νεωστὶ</span> <span class='ocrx_word' id='word_1_309' title='bbox 3038 2029 3256 2103; x_wconf 77' lang='grc' dir='ltr'>γεγονὸς</span> <span class='ocrx_word' id='word_1_310' title='bbox 3303 2029 3374 2090; x_wconf 79' lang='grc' dir='ltr'><strong>εἰς</strong></span> <span class='ocrx_word' id='word_1_311' title='bbox 3434 2026 3596 2101; x_wconf 85' lang='grc' dir='ltr'>μέσον</span> <span class='ocrx_word' id='word_1_312' title='bbox 3654 2029 3789 2105; x_wconf 70' lang='grc' dir='ltr'>ἀγα-</span> 
     </span>
    </p>
   </div>
   <div class='ocr_carea' id='block_1_54' title="bbox 2152 2115 3791 2195">
    <p class='ocr_par' dir='ltr' id='par_1_54' title="bbox 2152 2115 3791 2195">
     <span class='ocr_line' id='line_1_54' title="bbox 2152 2115 3791 2195; baseline -0.001 -24"><span class='ocrx_word' id='word_1_313' title='bbox 2152 2137 2354 2195; x_wconf 81' lang='grc' dir='ltr'>γιυμεν,</span> <span class='ocrx_word' id='word_1_314' title='bbox 2389 2117 2460 2182; x_wconf 83' lang='grc' dir='ltr'>ὡς</span> <span class='ocrx_word' id='word_1_315' title='bbox 2503 2116 2554 2182; x_wconf 75' lang='grc' dir='ltr'><strong>ἐξ</strong></span> <span class='ocrx_word' id='word_1_316' title='bbox 2609 2115 2768 2192; x_wconf 75' lang='grc' dir='ltr'>ἄκρου</span> <span class='ocrx_word' id='word_1_317' title='bbox 2828 2116 2922 2182; x_wconf 75' lang='grc' dir='ltr'><strong>τῆς</strong></span> <span class='ocrx_word' id='word_1_318' title='bbox 2982 2115 3089 2179; x_wconf 82' lang='grc' dir='ltr'><strong>ὥας</strong></span> <span class='ocrx_word' id='word_1_319' title='bbox 3135 2117 3230 2182; x_wconf 71' lang='grc' dir='ltr'>τὴν</span> <span class='ocrx_word' id='word_1_320' title='bbox 3276 2117 3408 2181; x_wconf 76' lang='grc' dir='ltr'>ὃλην</span> <span class='ocrx_word' id='word_1_321' title='bbox 3450 2121 3548 2181; x_wconf 77' lang='grc' dir='ltr'>τῆς</span> <span class='ocrx_word' id='word_1_322' title='bbox 3591 2122 3791 2193; x_wconf 79' lang='grc' dir='ltr'>κροκῆς</span> 
     </span>
    </p>
   </div>
   <div class='ocr_carea' id='block_1_55' title="bbox 2152 2204 3790 2284">
    <p class='ocr_par' dir='ltr' id='par_1_55' title="bbox 2152 2204 3790 2284">
     <span class='ocr_line' id='line_1_55' title="bbox 2152 2204 3790 2284; baseline 0.001 -25"><span class='ocrx_word' id='word_1_323' title='bbox 2152 2204 2441 2261; x_wconf 78' lang='grc' dir='ltr'>ὑπόστασιν</span> <span class='ocrx_word' id='word_1_324' title='bbox 2498 2210 2597 2271; x_wconf 77' lang='grc' dir='ltr'>τῆς</span> <span class='ocrx_word' id='word_1_325' title='bbox 2641 2204 2992 2284; x_wconf 70' lang='grc' dir='ltr'>ἀθλοφοριιιῆς</span> <span class='ocrx_word' id='word_1_326' title='bbox 3047 2211 3416 2280; x_wconf 84' lang='grc' dir='ltr'>παριστῶντες</span> <span class='ocrx_word' id='word_1_327' title='bbox 3490 2204 3790 2282; x_wconf 71' lang='grc' dir='ltr'>δυνάμεως,</span> 
     </span>
    </p>
   </div>
   <div class='ocr_carea' id='block_1_56' title="bbox 2156 2292 3792 2372">
    <p class='ocr_par' dir='ltr' id='par_1_56' title="bbox 2156 2292 3792 2372">
     <span class='ocr_line' id='line_1_56' title="bbox 2156 2292 3792 2372; baseline -0.001 -22"><span class='ocrx_word' id='word_1_328' title='bbox 2156 2292 2382 2356; x_wconf 86' lang='grc' dir='ltr'>Πλείους</span> <span class='ocrx_word' id='word_1_329' title='bbox 2446 2295 2576 2360; x_wconf 76' lang='grc' dir='ltr'>τινὲς</span> <span class='ocrx_word' id='word_1_330' title='bbox 2629 2301 2948 2371; x_wconf 88' lang='grc' dir='ltr'>στρατιῶται</span> <span class='ocrx_word' id='word_1_331' title='bbox 2992 2293 3230 2372; x_wconf 75' lang='grc' dir='ltr'>γενναῖοί</span> <span class='ocrx_word' id='word_1_332' title='bbox 3287 2315 3343 2348; x_wconf 90' lang='grc' dir='ltr'><strong>τε</strong></span> <span class='ocrx_word' id='word_1_333' title='bbox 3406 2297 3494 2351; x_wconf 87' lang='grc' dir='ltr'><strong>καὶ</strong></span> <span class='ocrx_word' id='word_1_334' title='bbox 3560 2293 3792 2368; x_wconf 77' lang='grc' dir='ltr'>ἀνδρεῖοι</span> 
     </span>
    </p>
   </div>
   <div class='ocr_carea' id='block_1_57' title="bbox 2153 2381 3796 2460">
    <p class='ocr_par' dir='ltr' id='par_1_57' title="bbox 2153 2381 3796 2460">
     <span class='ocr_line' id='line_1_57' title="bbox 2153 2381 3796 2460; baseline -0.001 -22"><span class='ocrx_word' id='word_1_335' title='bbox 2153 2383 2244 2438; x_wconf 77' lang='grc' dir='ltr'>ἕνα</span> <span class='ocrx_word' id='word_1_336' title='bbox 2304 2384 2423 2439; x_wconf 77' lang='grc' dir='ltr'>τινὰ</span> <span class='ocrx_word' id='word_1_337' title='bbox 2455 2385 2553 2450; x_wconf 78' lang='grc' dir='ltr'>τῆς</span> <span class='ocrx_word' id='word_1_338' title='bbox 2588 2383 2750 2449; x_wconf 70' lang='grc' dir='ltr'>αὐτῆς</span> <span class='ocrx_word' id='word_1_339' title='bbox 2783 2381 3048 2459; x_wconf 82' lang='grc' dir='ltr'>λεγεῶνος</span> <span class='ocrx_word' id='word_1_340' title='bbox 3085 2382 3407 2460; x_wconf 81' lang='grc' dir='ltr'>κατέχοντες</span> <span class='ocrx_word' id='word_1_341' title='bbox 3441 2383 3540 2438; x_wconf 76' lang='grc' dir='ltr'>ἀνὰ</span> <span class='ocrx_word' id='word_1_342' title='bbox 3571 2381 3662 2440; x_wconf 74' lang='grc' dir='ltr'>δύο</span> <span class='ocrx_word' id='word_1_343' title='bbox 3701 2383 3796 2457; x_wconf 75' lang='grc' dir='ltr'>μὲν</span> 
     </span>
    </p>
   </div>
   <div class='ocr_carea' id='block_1_58' title="bbox 2153 2471 3793 2551">
    <p class='ocr_par' dir='ltr' id='par_1_58' title="bbox 2153 2471 3793 2551">
     <span class='ocr_line' id='line_1_58' title="bbox 2153 2471 3793 2551; baseline 0 -24"><span class='ocrx_word' id='word_1_344' title='bbox 2153 2472 2388 2538; x_wconf 83' lang='grc' dir='ltr'>ἑκάστην</span> <span class='ocrx_word' id='word_1_345' title='bbox 2444 2485 2612 2550; x_wconf 79' lang='grc' dir='ltr'>χεῖρα</span> <span class='ocrx_word' id='word_1_346' title='bbox 2671 2480 2758 2530; x_wconf 83' lang='grc' dir='ltr'>τοῦ</span> <span class='ocrx_word' id='word_1_347' title='bbox 2817 2473 3123 2551; x_wconf 79' lang='grc' dir='ltr'>πάσχοντος</span> <span class='ocrx_word' id='word_1_348' title='bbox 3173 2471 3446 2549; x_wconf 81' lang='grc' dir='ltr'>ἐγκρατῶς</span> <span class='ocrx_word' id='word_1_349' title='bbox 3511 2475 3793 2551; x_wconf 71' lang='grc' dir='ltr'>περισφίγ-</span> 
     </span>
    </p>
   </div>
   <div class='ocr_carea' id='block_1_59' title="bbox 2149 2558 3792 2639">
    <p class='ocr_par' dir='ltr' id='par_1_59' title="bbox 2149 2558 3792 2639">
     <span class='ocr_line' id='line_1_59' title="bbox 2149 2558 3792 2639; baseline 0.001 -24"><span class='ocrx_word' id='word_1_350' title='bbox 2149 2582 2358 2636; x_wconf 88' lang='grc' dir='ltr'>γοντες,</span> <span class='ocrx_word' id='word_1_351' title='bbox 2392 2558 2478 2616; x_wconf 81' lang='grc' dir='ltr'>δύο</span> <span class='ocrx_word' id='word_1_352' title='bbox 2509 2559 2563 2617; x_wconf 81' lang='grc' dir='ltr'>δὲ</span> <span class='ocrx_word' id='word_1_353' title='bbox 2606 2566 2702 2628; x_wconf 79' lang='grc' dir='ltr'>τῆς</span> <span class='ocrx_word' id='word_1_354' title='bbox 2751 2561 2906 2619; x_wconf 67' lang='grc' dir='ltr'>αὑτοῦ</span> <span class='ocrx_word' id='word_1_355' title='bbox 2956 2559 3192 2639; x_wconf 78' lang='grc' dir='ltr'>κεφαλῆς</span> <span class='ocrx_word' id='word_1_356' title='bbox 3251 2559 3680 2636; x_wconf 72' lang='grc' dir='ltr'>ἀπειλημμένοι</span> <span class='ocrx_word' id='word_1_357' title='bbox 3736 2565 3792 2617; x_wconf 80' lang='grc' dir='ltr'>τὸ</span> 
     </span>
    </p>
   </div>
   <div class='ocr_carea' id='block_1_60' title="bbox 2151 2647 3792 2728">
    <p class='ocr_par' dir='ltr' id='par_1_60' title="bbox 2151 2647 3792 2728">
     <span class='ocr_line' id='line_1_60' title="bbox 2151 2647 3792 2728; baseline 0.001 -24"><span class='ocrx_word' id='word_1_358' title='bbox 2151 2647 2358 2705; x_wconf 78' lang='grc' dir='ltr'>δάκνειν</span> <span class='ocrx_word' id='word_1_359' title='bbox 2416 2651 2602 2715; x_wconf 78' lang='grc' dir='ltr'>αὐτοὺς</span> <span class='ocrx_word' id='word_1_360' title='bbox 2660 2651 2776 2707; x_wconf 86' lang='grc' dir='ltr'>καθ’</span> <span class='ocrx_word' id='word_1_361' title='bbox 2831 2649 2952 2705; x_wconf 83' lang='grc' dir='ltr'>ὅσον</span> <span class='ocrx_word' id='word_1_362' title='bbox 3004 2650 3114 2706; x_wconf 80' lang='grc' dir='ltr'>οἶοί</span> <span class='ocrx_word' id='word_1_363' title='bbox 3169 2671 3226 2705; x_wconf 83' lang='grc' dir='ltr'><strong>τε</strong></span> <span class='ocrx_word' id='word_1_364' title='bbox 3256 2655 3391 2716; x_wconf 77' lang='grc' dir='ltr'>ἦσαν</span> <span class='ocrx_word' id='word_1_365' title='bbox 3423 2650 3792 2728; x_wconf 79' lang='grc' dir='ltr'>ἀπείργοντες,</span> 
     </span>
    </p>
   </div>
   <div class='ocr_carea' id='block_1_61' title="bbox 2154 2735 3788 2815">
    <p class='ocr_par' dir='ltr' id='par_1_61' title="bbox 2154 2735 3788 2815">
     <span class='ocr_line' id='line_1_61' title="bbox 2154 2735 3788 2815; baseline -0.001 -21"><span class='ocrx_word' id='word_1_366' title='bbox 2154 2738 2306 2796; x_wconf 76' lang='grc' dir='ltr'>ἄλλοι</span> <span class='ocrx_word' id='word_1_367' title='bbox 2359 2737 2415 2794; x_wconf 80' lang='grc' dir='ltr'>δὲ</span> <span class='ocrx_word' id='word_1_368' title='bbox 2469 2744 2575 2800; x_wconf 85' lang='grc' dir='ltr'><strong>τῶν</strong></span> <span class='ocrx_word' id='word_1_369' title='bbox 2629 2737 2804 2812; x_wconf 84' lang='grc' dir='ltr'>μέσων</span> <span class='ocrx_word' id='word_1_370' title='bbox 2849 2735 3000 2815; x_wconf 83' lang='grc' dir='ltr'>ἀπρὶξ</span> <span class='ocrx_word' id='word_1_371' title='bbox 3044 2736 3296 2801; x_wconf 77' lang='grc' dir='ltr'>λαϐόντες</span> <span class='ocrx_word' id='word_1_372' title='bbox 3352 2739 3442 2794; x_wconf 84' lang='grc' dir='ltr'><strong>καὶ</strong></span> <span class='ocrx_word' id='word_1_373' title='bbox 3494 2743 3788 2794; x_wconf 76' lang='grc' dir='ltr'>συνωθοῦν-</span> 
     </span>
    </p>
   </div>
   <div class='ocr_carea' id='block_1_62' title="bbox 2150 2813 3791 2906">
    <p class='ocr_par' dir='ltr' id='par_1_62' title="bbox 2150 2823 3791 2906">
     <span class='ocr_line' id='line_1_62' title="bbox 2150 2823 3791 2906; baseline -0.001 -23"><span class='ocrx_word' id='word_1_374' title='bbox 2150 2849 2236 2890; x_wconf 86' lang='grc' dir='ltr'><strong>τες</strong></span> <span class='ocrx_word' id='word_1_375' title='bbox 2296 2826 2521 2903; x_wconf 80' lang='grc' dir='ltr'>βαδίζειν</span> <span class='ocrx_word' id='word_1_376' title='bbox 2563 2827 2881 2904; x_wconf 62' lang='grc' dir='ltr'>ἠνάγκαζον,</span> <span class='ocrx_word' id='word_1_377' title='bbox 2916 2827 3014 2893; x_wconf 77' lang='grc' dir='ltr'>τὴν</span> <span class='ocrx_word' id='word_1_378' title='bbox 3046 2825 3139 2882; x_wconf 76' lang='grc' dir='ltr'><strong>ὲπΐ</strong></span> <span class='ocrx_word' id='word_1_379' title='bbox 3172 2828 3262 2882; x_wconf 83' lang='grc' dir='ltr'>τὸν</span> <span class='ocrx_word' id='word_1_380' title='bbox 3293 2828 3418 2882; x_wconf 79' lang='grc' dir='ltr'>ναὸν</span> <span class='ocrx_word' id='word_1_381' title='bbox 3463 2834 3556 2884; x_wconf 84' lang='grc' dir='ltr'>τοῦ</span> <span class='ocrx_word' id='word_1_382' title='bbox 3590 2823 3791 2906; x_wconf 40' lang='grc' dir='ltr'>παῆῡν-</span> 
     </span>
    </p>
   </div>
   <div class='ocr_carea' id='block_1_63' title="bbox 2149 2911 3793 2995">
    <p class='ocr_par' dir='ltr' id='par_1_63' title="bbox 2149 2911 3793 2995">
     <span class='ocr_line' id='line_1_63' title="bbox 2149 2911 3793 2995; baseline 0 -23"><span class='ocrx_word' id='word_1_383' title='bbox 2149 2915 2299 2982; x_wconf 77' lang='grc' dir='ltr'>δόξου</span> <span class='ocrx_word' id='word_1_384' title='bbox 2380 2917 2640 2994; x_wconf 78' lang='grc' dir='ltr'>μάρτυρος</span> <span class='ocrx_word' id='word_1_385' title='bbox 2728 2916 2946 2993; x_wconf 79' lang='grc' dir='ltr'>ἄγοντες</span> <span class='ocrx_word' id='word_1_386' title='bbox 3004 2915 3100 2972; x_wconf 75' lang='grc' dir='ltr'><strong>οὒκ</strong></span> <span class='ocrx_word' id='word_1_387' title='bbox 3171 2915 3348 2972; x_wconf 78' lang='grc' dir='ltr'>εἰδότα</span> <span class='ocrx_word' id='word_1_388' title='bbox 3405 2924 3507 2972; x_wconf 75' lang='grc' dir='ltr'><strong>που</strong></span> <span class='ocrx_word' id='word_1_389' title='bbox 3554 2911 3793 2995; x_wconf 68' lang='grc' dir='ltr'>φέροίτο,</span> 
     </span>
    </p>
   </div>
   <div class='ocr_carea' id='block_1_64' title="bbox 2150 3004 3791 3082">
    <p class='ocr_par' dir='ltr' id='par_1_64' title="bbox 2150 3004 3791 3082">
     <span class='ocr_line' id='line_1_64' title="bbox 2150 3004 3791 3082; baseline 0 -20"><span class='ocrx_word' id='word_1_390' title='bbox 2150 3004 2265 3065; x_wconf 65' lang='grc' dir='ltr'>οὑδὲ</span> <span class='ocrx_word' id='word_1_391' title='bbox 2320 3005 2440 3068; x_wconf 83' lang='grc' dir='ltr'>τοὺς</span> <span class='ocrx_word' id='word_1_392' title='bbox 2493 3005 2753 3070; x_wconf 82' lang='grc' dir='ltr'>ὠθοῦντας</span> <span class='ocrx_word' id='word_1_393' title='bbox 2824 3005 3167 3082; x_wconf 79' lang='grc' dir='ltr'>γνωρίζοντα,</span> <span class='ocrx_word' id='word_1_394' title='bbox 3243 3004 3414 3061; x_wconf 85' lang='grc' dir='ltr'>καίτοι</span> <span class='ocrx_word' id='word_1_395' title='bbox 3501 3004 3620 3061; x_wconf 87' lang='grc' dir='ltr'>λίαν</span> <span class='ocrx_word' id='word_1_396' title='bbox 3711 3009 3791 3062; x_wconf 80' lang='grc' dir='ltr'><strong>οἱ·</strong></span> 
     </span>
    </p>
   </div>
   <div class='ocr_carea' id='block_1_65' title="bbox 431 3091 2064 3180">
    <p class='ocr_par' dir='ltr' id='par_1_65' title="bbox 431 3096 2064 3180">
     <span class='ocr_line' id='line_1_65' title="bbox 431 3096 2064 3180; baseline -0.005 -17"><span class='ocrx_word' id='word_1_397' title='bbox 431 3101 736 3175; x_wconf 86' lang='lat' dir='ltr'><strong>noscebat,</strong></span> <span class='ocrx_word' id='word_1_398' title='bbox 766 3118 876 3161; x_wconf 91' lang='lat' dir='ltr'><strong>nec</strong></span> <span class='ocrx_word' id='word_1_399' title='bbox 903 3099 1226 3180; x_wconf 88' lang='lat' dir='ltr'><strong>quidquam</strong></span> <span class='ocrx_word' id='word_1_400' title='bbox 1253 3098 1498 3158; x_wconf 91' lang='lat' dir='ltr'><strong>omnino</strong></span> <span class='ocrx_word' id='word_1_401' title='bbox 1531 3115 1689 3158; x_wconf 63' lang='lat' dir='ltr'><strong>sana)</strong></span> <span class='ocrx_word' id='word_1_402' title='bbox 1722 3096 1938 3157; x_wconf 90' lang='lat' dir='ltr'><strong>mentis</strong></span> <span class='ocrx_word' id='word_1_403' title='bbox 1970 3096 2064 3156; x_wconf 87' lang='lat' dir='ltr'><strong>ha-</strong></span> 
     </span>
    </p>
   </div>
   <div class='ocr_carea' id='block_1_66' title="bbox 2152 3091 3794 3180">
    <p class='ocr_par' dir='ltr' id='par_1_66' title="bbox 2152 3091 3794 3174">
     <span class='ocr_line' id='line_1_66' title="bbox 2152 3091 3794 3174; baseline -0.001 -23"><span class='ocrx_word' id='word_1_404' title='bbox 2152 3096 2318 3158; x_wconf 81' lang='grc' dir='ltr'>κείους</span> <span class='ocrx_word' id='word_1_405' title='bbox 2350 3094 2738 3174; x_wconf 68' lang='grc' dir='ltr'>τυγχάνοντας,</span> <span class='ocrx_word' id='word_1_406' title='bbox 2773 3091 2878 3150; x_wconf 67' lang='grc' dir='ltr'>οὐδ’</span> <span class='ocrx_word' id='word_1_407' title='bbox 2911 3092 3048 3157; x_wconf 82' lang='grc' dir='ltr'>ὅλως</span> <span class='ocrx_word' id='word_1_408' title='bbox 3082 3099 3186 3149; x_wconf 90' lang='grc' dir='ltr'><strong>τῶν</strong></span> <span class='ocrx_word' id='word_1_409' title='bbox 3236 3099 3438 3172; x_wconf 78' lang='grc' dir='ltr'>φρενῶν</span> <span class='ocrx_word' id='word_1_410' title='bbox 3495 3093 3703 3174; x_wconf 80' lang='grc' dir='ltr'>’έχοντά</span> <span class='ocrx_word' id='word_1_411' title='bbox 3747 3118 3794 3152; x_wconf 85' lang='grc' dir='ltr'><strong>τι</strong></span> 
     </span>
    </p>
   </div>
   <div class='ocr_carea' id='block_1_67' title="bbox 433 3189 2068 3352">
    <p class='ocr_par' dir='ltr' id='par_1_67' title="bbox 433 3189 2068 3352">
     <span class='ocr_line' id='line_1_67' title="bbox 433 3189 2068 3352; baseline -0.006 -11"><span class='ocrx_word' id='word_1_412' title='bbox 433 3189 614 3340; x_wconf 52' lang='grc' dir='ltr'><strong>ᾒθὲἓί</strong></span> <span class='ocrx_word' id='word_1_413' title='bbox 639 3278 725 3339; x_wconf 86' lang='lat' dir='ltr'><strong>Ita</strong></span> <span class='ocrx_word' id='word_1_414' title='bbox 745 3278 904 3337; x_wconf 91' lang='lat' dir='ltr'><strong>enim</strong></span> <span class='ocrx_word' id='word_1_415' title='bbox 929 3274 1349 3335; x_wconf 87' lang='lat' dir='ltr'><strong>malevolorum</strong></span> <span class='ocrx_word' id='word_1_416' title='bbox 1369 3274 1678 3352; x_wconf 84' lang='lat' dir='ltr'><strong>spirituum</strong></span> <span class='ocrx_word' id='word_1_417' title='bbox 1717 3271 2068 3333; x_wconf 89' lang='lat' dir='ltr'><strong>inhabitatio</strong></span> 
     </span>
    </p>
   </div>
   <div class='ocr_carea' id='block_1_68' title="bbox 432 3360 2072 3434">
    <p class='ocr_par' dir='ltr' id='par_1_68' title="bbox 432 3360 2072 3434">
     <span class='ocr_line' id='line_1_68' title="bbox 432 3360 2072 3434; baseline -0.005 -6"><span class='ocrx_word' id='word_1_418' title='bbox 432 3365 669 3428; x_wconf 84' lang='lat' dir='ltr'><strong>ratione</strong></span> <span class='ocrx_word' id='word_1_419' title='bbox 691 3363 1040 3425; x_wconf 89' lang='lat' dir='ltr'><strong>destitutum</strong></span> <span class='ocrx_word' id='word_1_420' title='bbox 1075 3363 1356 3424; x_wconf 73' lang='lat' dir='ltr'><strong>effecerat</strong></span> <span class='ocrx_word' id='word_1_421' title='bbox 1383 3361 1765 3434; x_wconf 88' lang='lat' dir='ltr'><strong>miserum,ut</strong></span> <span class='ocrx_word' id='word_1_422' title='bbox 1791 3360 2072 3423; x_wconf 89' lang='lat' dir='ltr'><strong>animalia</strong></span> 
     </span>
    </p>
   </div>
   <div class='ocr_carea' id='block_1_69' title="bbox 429 3448 2070 3530">
    <p class='ocr_par' dir='ltr' id='par_1_69' title="bbox 429 3448 2070 3530">
     <span class='ocr_line' id='line_1_69' title="bbox 429 3448 2070 3530; baseline -0.004 -16"><span class='ocrx_word' id='word_1_423' title='bbox 429 3449 1112 3530; x_wconf 84' lang='lat' dir='ltr'><strong>irrationalia,prof&#39;ectis</strong></span> <span class='ocrx_word' id='word_1_424' title='bbox 1132 3469 1166 3512; x_wconf 86' lang='lat' dir='ltr'><strong>a</strong></span> <span class='ocrx_word' id='word_1_425' title='bbox 1190 3448 1491 3510; x_wconf 90' lang='lat' dir='ltr'><strong>sentiendi</strong></span> <span class='ocrx_word' id='word_1_426' title='bbox 1513 3449 1785 3510; x_wconf 85' lang='lat' dir='ltr'><strong>facultate</strong></span> <span class='ocrx_word' id='word_1_427' title='bbox 1811 3448 2070 3509; x_wconf 91' lang='lat' dir='ltr'><strong>motibus</strong></span> 
     </span>
    </p>
   </div>
   <div class='ocr_carea' id='block_1_70' title="bbox 433 3538 2063 3620">
    <p class='ocr_par' dir='ltr' id='par_1_70' title="bbox 433 3538 2063 3620">
     <span class='ocr_line' id='line_1_70' title="bbox 433 3538 2063 3620; baseline -0.004 -17"><span class='ocrx_word' id='word_1_428' title='bbox 433 3541 782 3603; x_wconf 85' lang='lat' dir='ltr'><strong>rationalem</strong></span> <span class='ocrx_word' id='word_1_429' title='bbox 809 3541 992 3620; x_wconf 84' lang='lat' dir='ltr'><strong>ipsius</strong></span> <span class='ocrx_word' id='word_1_430' title='bbox 1014 3558 1149 3600; x_wconf 91' lang='lat' dir='ltr'><strong>sese</strong></span> <span class='ocrx_word' id='word_1_431' title='bbox 1170 3538 1616 3614; x_wconf 75' lang='lat' dir='ltr'><strong>circumagendi</strong></span> <span class='ocrx_word' id='word_1_432' title='bbox 1635 3539 1922 3599; x_wconf 90' lang='lat' dir='ltr'><strong>rationem</strong></span> <span class='ocrx_word' id='word_1_433' title='bbox 1945 3538 2063 3597; x_wconf 87' lang='lat' dir='ltr'><strong>vin-</strong></span> 
     </span>
    </p>
   </div>
   <div class='ocr_carea' id='block_1_71' title="bbox 431 3627 2063 3710">
    <p class='ocr_par' dir='ltr' id='par_1_71' title="bbox 431 3627 2063 3710">
     <span class='ocr_line' id='line_1_71' title="bbox 431 3627 2063 3710; baseline -0.004 -18"><span class='ocrx_word' id='word_1_434' title='bbox 431 3631 647 3710; x_wconf 87' lang='lat' dir='ltr'><strong>centia,</strong></span> <span class='ocrx_word' id='word_1_435' title='bbox 682 3638 910 3690; x_wconf 83' lang='lat' dir='ltr'><strong>tantum</strong></span> <span class='ocrx_word' id='word_1_436' title='bbox 971 3628 1138 3688; x_wconf 90' lang='lat' dir='ltr'><strong>illum</strong></span> <span class='ocrx_word' id='word_1_437' title='bbox 1203 3635 1584 3707; x_wconf 89' lang='lat' dir='ltr'><strong>superarent,</strong></span> <span class='ocrx_word' id='word_1_438' title='bbox 1619 3637 1902 3707; x_wconf 88' lang='lat' dir='ltr'><strong>quantum</strong></span> <span class='ocrx_word' id='word_1_439' title='bbox 1937 3627 2063 3705; x_wconf 89' lang='lat' dir='ltr'><strong>viri,</strong></span> 
     </span>
    </p>
   </div>
   <div class='ocr_carea' id='block_1_72' title="bbox 429 3715 2065 3797">
    <p class='ocr_par' dir='ltr' id='par_1_72' title="bbox 429 3715 2065 3797">
     <span class='ocr_line' id='line_1_72' title="bbox 429 3715 2065 3797; baseline -0.004 -16"><span class='ocrx_word' id='word_1_440' title='bbox 429 3719 648 3781; x_wconf 90' lang='lat' dir='ltr'><strong>mentis</strong></span> <span class='ocrx_word' id='word_1_441' title='bbox 671 3717 1406 3797; x_wconf 88' lang='lat' dir='ltr'><strong>compotes,inordinatam</strong></span> <span class='ocrx_word' id='word_1_442' title='bbox 1441 3715 1788 3777; x_wconf 87' lang='lat' dir='ltr'><strong>animalium</strong></span> <span class='ocrx_word' id='word_1_443' title='bbox 1823 3715 2065 3777; x_wconf 89' lang='lat' dir='ltr'><strong>irratio-</strong></span> 
     </span>
    </p>
   </div>
   <div class='ocr_carea' id='block_1_73' title="bbox 425 3808 2069 3880">
    <p class='ocr_par' dir='ltr' id='par_1_73' title="bbox 425 3808 2069 3880">
     <span class='ocr_line' id='line_1_73' title="bbox 425 3808 2069 3880; baseline -0.004 -11"><span class='ocrx_word' id='word_1_444' title='bbox 425 3810 648 3869; x_wconf 82' lang='lat' dir='ltr'><strong>nalium</strong></span> <span class='ocrx_word' id='word_1_445' title='bbox 680 3812 905 3868; x_wconf 86' lang='lat' dir='ltr'><strong>vivendi</strong></span> <span class='ocrx_word' id='word_1_446' title='bbox 933 3813 1211 3869; x_wconf 86' lang='lat' dir='ltr'><strong>rationem</strong></span> <span class='ocrx_word' id='word_1_447' title='bbox 1239 3811 1508 3867; x_wconf 83' lang='lat' dir='ltr'><strong>rationali</strong></span> <span class='ocrx_word' id='word_1_448' title='bbox 1535 3808 1953 3880; x_wconf 82' lang='lat' dir='ltr'><strong>gubernatione</strong></span> <span class='ocrx_word' id='word_1_449' title='bbox 1977 3823 2069 3863; x_wconf 71' lang='lat' dir='ltr'><strong>cx-</strong></span> 
     </span>
    </p>
   </div>
   <div class='ocr_carea' id='block_1_74' title="bbox 428 3892 2064 3976">
    <p class='ocr_par' dir='ltr' id='par_1_74' title="bbox 428 3892 2064 3976">
     <span class='ocr_line' id='line_1_74' title="bbox 428 3892 2064 3976; baseline -0.003 -20"><span class='ocrx_word' id='word_1_450' title='bbox 428 3906 735 3976; x_wconf 86' lang='lat' dir='ltr'><strong>superant.</strong></span> <span class='ocrx_word' id='word_1_451' title='bbox 769 3896 915 3958; x_wconf 89' lang='lat' dir='ltr'><strong>Cum</strong></span> <span class='ocrx_word' id='word_1_452' title='bbox 946 3905 1140 3956; x_wconf 89' lang='lat' dir='ltr'><strong>autem</strong></span> <span class='ocrx_word' id='word_1_453' title='bbox 1174 3896 1264 3956; x_wconf 83' lang='lat' dir='ltr'><strong>vix</strong></span> <span class='ocrx_word' id='word_1_454' title='bbox 1305 3913 1414 3956; x_wconf 89' lang='lat' dir='ltr'><strong>nec</strong></span> <span class='ocrx_word' id='word_1_455' title='bbox 1441 3896 1549 3954; x_wconf 83' lang='lat' dir='ltr'><strong>nisi</strong></span> <span class='ocrx_word' id='word_1_456' title='bbox 1583 3912 1789 3971; x_wconf 89' lang='lat' dir='ltr'><strong>magna</strong></span> <span class='ocrx_word' id='word_1_457' title='bbox 1815 3892 2064 3952; x_wconf 88' lang='lat' dir='ltr'><strong>truden-</strong></span> 
     </span>
    </p>
   </div>
   <div class='ocr_carea' id='block_1_75' title="bbox 430 3981 2064 4064">
    <p class='ocr_par' dir='ltr' id='par_1_75' title="bbox 430 3981 2064 4064">
     <span class='ocr_line' id='line_1_75' title="bbox 430 3981 2064 4064; baseline -0.002 -19"><span class='ocrx_word' id='word_1_458' title='bbox 430 3984 576 4045; x_wconf 93' lang='lat' dir='ltr'><strong>tium</strong></span> <span class='ocrx_word' id='word_1_459' title='bbox 596 3985 649 4045; x_wconf 93' lang='lat' dir='ltr'><strong>vi</strong></span> <span class='ocrx_word' id='word_1_460' title='bbox 673 3985 743 4045; x_wconf 90' lang='lat' dir='ltr'><strong>ad</strong></span> <span class='ocrx_word' id='word_1_461' title='bbox 770 3984 1054 4064; x_wconf 89' lang='lat' dir='ltr'><strong>templum</strong></span> <span class='ocrx_word' id='word_1_462' title='bbox 1084 3985 1265 4044; x_wconf 90' lang='lat' dir='ltr'><strong>miser</strong></span> <span class='ocrx_word' id='word_1_463' title='bbox 1287 3983 1501 4044; x_wconf 89' lang='lat' dir='ltr'><strong>ductus</strong></span> <span class='ocrx_word' id='word_1_464' title='bbox 1530 3981 1761 4062; x_wconf 83' lang='lat' dir='ltr'><strong>fuisset,</strong></span> <span class='ocrx_word' id='word_1_465' title='bbox 1796 3982 1853 4041; x_wconf 88' lang='lat' dir='ltr'><strong>id</strong></span> <span class='ocrx_word' id='word_1_466' title='bbox 1881 3982 1935 4042; x_wconf 81' lang='lat' dir='ltr'><strong>ei</strong></span> <span class='ocrx_word' id='word_1_467' title='bbox 1967 3981 2064 4041; x_wconf 90' lang='lat' dir='ltr'><strong>in-</strong></span> 
     </span>
    </p>
   </div>
   <div class='ocr_carea' id='block_1_76' title="bbox 428 4071 2063 4150">
    <p class='ocr_par' dir='ltr' id='par_1_76' title="bbox 428 4071 2063 4150">
     <span class='ocr_line' id='line_1_76' title="bbox 428 4071 2063 4150; baseline -0.001 -18"><span class='ocrx_word' id='word_1_468' title='bbox 428 4073 597 4150; x_wconf 90' lang='lat' dir='ltr'><strong>gredi</strong></span> <span class='ocrx_word' id='word_1_469' title='bbox 621 4092 736 4133; x_wconf 93' lang='lat' dir='ltr'><strong>non</strong></span> <span class='ocrx_word' id='word_1_470' title='bbox 758 4071 1407 4146; x_wconf 75' lang='lat' dir='ltr'><strong>dabatur,daemonibus</strong></span> <span class='ocrx_word' id='word_1_471' title='bbox 1429 4071 1658 4133; x_wconf 86' lang='lat' dir='ltr'><strong>insania</strong></span> <span class='ocrx_word' id='word_1_472' title='bbox 1678 4089 1784 4132; x_wconf 90' lang='lat' dir='ltr'><strong>sua</strong></span> <span class='ocrx_word' id='word_1_473' title='bbox 1807 4078 1886 4131; x_wconf 88' lang='lat' dir='ltr'><strong>ita</strong></span> <span class='ocrx_word' id='word_1_474' title='bbox 1907 4071 2063 4131; x_wconf 83' lang='lat' dir='ltr'><strong>inva-</strong></span> 
     </span>
    </p>
   </div>
   <div class='ocr_carea' id='block_1_77' title="bbox 427 4159 2064 4240">
    <p class='ocr_par' dir='ltr' id='par_1_77' title="bbox 427 4159 2064 4240">
     <span class='ocr_line' id='line_1_77' title="bbox 427 4159 2064 4240; baseline -0.001 -18"><span class='ocrx_word' id='word_1_475' title='bbox 427 4161 809 4235; x_wconf 83' lang='lat' dir='ltr'><strong>lescentibus,</strong></span> <span class='ocrx_word' id='word_1_476' title='bbox 849 4171 910 4222; x_wconf 89' lang='lat' dir='ltr'><strong>ut</strong></span> <span class='ocrx_word' id='word_1_477' title='bbox 939 4161 1014 4222; x_wconf 92' lang='lat' dir='ltr'><strong>ab</strong></span> <span class='ocrx_word' id='word_1_478' title='bbox 1045 4181 1114 4224; x_wconf 93' lang='lat' dir='ltr'><strong>eo</strong></span> <span class='ocrx_word' id='word_1_479' title='bbox 1139 4162 1359 4224; x_wconf 90' lang='lat' dir='ltr'><strong>milites</strong></span> <span class='ocrx_word' id='word_1_480' title='bbox 1391 4179 1603 4222; x_wconf 82' lang='lat' dir='ltr'><strong>omnes</strong></span> <span class='ocrx_word' id='word_1_481' title='bbox 1636 4159 1904 4240; x_wconf 91' lang='lat' dir='ltr'><strong>percussi</strong></span> <span class='ocrx_word' id='word_1_482' title='bbox 1927 4168 2064 4220; x_wconf 89' lang='lat' dir='ltr'><strong>ante</strong></span> 
     </span>
    </p>
   </div>
   <div class='ocr_carea' id='block_1_78' title="bbox 426 4251 2062 4324">
    <p class='ocr_par' dir='ltr' id='par_1_78' title="bbox 426 4251 2062 4324">
     <span class='ocr_line' id='line_1_78' title="bbox 426 4251 2062 4324; baseline -0.002 -14"><span class='ocrx_word' id='word_1_483' title='bbox 426 4259 651 4322; x_wconf 85' lang='lat' dir='ltr'><strong>portam</strong></span> <span class='ocrx_word' id='word_1_484' title='bbox 682 4267 793 4312; x_wconf 91' lang='lat' dir='ltr'><strong>una</strong></span> <span class='ocrx_word' id='word_1_485' title='bbox 815 4251 946 4310; x_wconf 86' lang='lat' dir='ltr'><strong>cum</strong></span> <span class='ocrx_word' id='word_1_486' title='bbox 973 4268 1040 4310; x_wconf 91' lang='lat' dir='ltr'><strong>eo</strong></span> <span class='ocrx_word' id='word_1_487' title='bbox 1065 4256 1230 4324; x_wconf 89' lang='lat' dir='ltr'><strong>proni</strong></span> <span class='ocrx_word' id='word_1_488' title='bbox 1255 4254 1310 4309; x_wconf 90' lang='lat' dir='ltr'><strong>in</strong></span> <span class='ocrx_word' id='word_1_489' title='bbox 1357 4263 1567 4309; x_wconf 79' lang='lat' dir='ltr'><strong>terram</strong></span> <span class='ocrx_word' id='word_1_490' title='bbox 1602 4251 1890 4308; x_wconf 77' lang='lat' dir='ltr'><strong>calerent.</strong></span> <span class='ocrx_word' id='word_1_491' title='bbox 1923 4251 2062 4307; x_wconf 91' lang='lat' dir='ltr'><strong>Cum</strong></span> 
     </span>
    </p>
   </div>
   <div class='ocr_carea' id='block_1_79' title="bbox 425 4334 2061 4414">
    <p class='ocr_par' dir='ltr' id='par_1_79' title="bbox 425 4334 2061 4414">
     <span class='ocr_line' id='line_1_79' title="bbox 425 4334 2061 4414; baseline -0.002 -16"><span class='ocrx_word' id='word_1_492' title='bbox 425 4347 621 4399; x_wconf 90' lang='lat' dir='ltr'><strong>autem</strong></span> <span class='ocrx_word' id='word_1_493' title='bbox 653 4349 871 4398; x_wconf 87' lang='lat' dir='ltr'><strong>tactum</strong></span> <span class='ocrx_word' id='word_1_494' title='bbox 906 4345 1064 4398; x_wconf 91' lang='lat' dir='ltr'><strong>esset</strong></span> <span class='ocrx_word' id='word_1_495' title='bbox 1093 4354 1388 4408; x_wconf 90' lang='lat' dir='ltr'><strong>murmur,</strong></span> <span class='ocrx_word' id='word_1_496' title='bbox 1427 4334 1699 4414; x_wconf 87' lang='lat' dir='ltr'><strong>sacrique</strong></span> <span class='ocrx_word' id='word_1_497' title='bbox 1729 4335 1934 4413; x_wconf 82' lang='lat' dir='ltr'><strong>templi</strong></span> <span class='ocrx_word' id='word_1_498' title='bbox 1971 4335 2061 4394; x_wconf 85' lang='lat' dir='ltr'><strong>fa-</strong></span> 
     </span>
    </p>
   </div>
   <div class='ocr_carea' id='block_1_80' title="bbox 424 4423 2061 4505">
    <p class='ocr_par' dir='ltr' id='par_1_80' title="bbox 424 4423 2061 4505">
     <span class='ocr_line' id='line_1_80' title="bbox 424 4423 2061 4505; baseline -0.002 -19"><span class='ocrx_word' id='word_1_499' title='bbox 424 4425 572 4486; x_wconf 90' lang='lat' dir='ltr'><strong>muli</strong></span> <span class='ocrx_word' id='word_1_500' title='bbox 602 4444 734 4485; x_wconf 91' lang='lat' dir='ltr'><strong>cum</strong></span> <span class='ocrx_word' id='word_1_501' title='bbox 761 4425 894 4485; x_wconf 89' lang='lat' dir='ltr'><strong>aliis</strong></span> <span class='ocrx_word' id='word_1_502' title='bbox 921 4425 1190 4505; x_wconf 88' lang='lat' dir='ltr'><strong>pluribus</strong></span> <span class='ocrx_word' id='word_1_503' title='bbox 1214 4423 1832 4494; x_wconf 87' lang='lat' dir='ltr'><strong>accurrissent,multa</strong></span> <span class='ocrx_word' id='word_1_504' title='bbox 1853 4423 1902 4482; x_wconf 85' lang='lat' dir='ltr'><strong>vi</strong></span> <span class='ocrx_word' id='word_1_505' title='bbox 1928 4425 2061 4482; x_wconf 88' lang='lat' dir='ltr'><strong>sub-</strong></span> 
     </span>
    </p>
   </div>
   <div class='ocr_carea' id='block_1_81' title="bbox 426 4511 2059 4592">
    <p class='ocr_par' dir='ltr' id='par_1_81' title="bbox 426 4511 2059 4592">
     <span class='ocr_line' id='line_1_81' title="bbox 426 4511 2059 4592; baseline -0.001 -18"><span class='ocrx_word' id='word_1_506' title='bbox 426 4514 606 4574; x_wconf 88' lang='lat' dir='ltr'><strong>latum</strong></span> <span class='ocrx_word' id='word_1_507' title='bbox 641 4514 794 4574; x_wconf 90' lang='lat' dir='ltr'><strong>intro</strong></span> <span class='ocrx_word' id='word_1_508' title='bbox 839 4514 1058 4586; x_wconf 84' lang='lat' dir='ltr'><strong>ferunt,</strong></span> <span class='ocrx_word' id='word_1_509' title='bbox 1113 4523 1294 4589; x_wconf 86' lang='lat' dir='ltr'><strong>atque</strong></span> <span class='ocrx_word' id='word_1_510' title='bbox 1337 4517 1398 4573; x_wconf 91' lang='lat' dir='ltr'><strong>in</strong></span> <span class='ocrx_word' id='word_1_511' title='bbox 1449 4511 1613 4571; x_wconf 90' lang='lat' dir='ltr'><strong>humi</strong></span> <span class='ocrx_word' id='word_1_512' title='bbox 1644 4519 1922 4591; x_wconf 89' lang='lat' dir='ltr'><strong>stratum,</strong></span> <span class='ocrx_word' id='word_1_513' title='bbox 1958 4513 2059 4592; x_wconf 91' lang='lat' dir='ltr'><strong>qui</strong></span> 
     </span>
    </p>
   </div>
   <div class='ocr_carea' id='block_1_82' title="bbox 427 4599 2059 4680">
    <p class='ocr_par' dir='ltr' id='par_1_82' title="bbox 427 4599 2059 4680">
     <span class='ocr_line' id='line_1_82' title="bbox 427 4599 2059 4680; baseline 0 -19"><span class='ocrx_word' id='word_1_514' title='bbox 427 4609 666 4680; x_wconf 88' lang='lat' dir='ltr'><strong>paratus</strong></span> <span class='ocrx_word' id='word_1_515' title='bbox 699 4603 754 4662; x_wconf 92' lang='lat' dir='ltr'><strong>ei</strong></span> <span class='ocrx_word' id='word_1_516' title='bbox 786 4610 934 4672; x_wconf 89' lang='lat' dir='ltr'><strong>erat,</strong></span> <span class='ocrx_word' id='word_1_517' title='bbox 960 4601 1178 4662; x_wconf 84' lang='lat' dir='ltr'><strong>lectum</strong></span> <span class='ocrx_word' id='word_1_518' title='bbox 1211 4600 1558 4678; x_wconf 87' lang='lat' dir='ltr'><strong>conjiciunt,</strong></span> <span class='ocrx_word' id='word_1_519' title='bbox 1587 4618 1620 4660; x_wconf 92' lang='lat' dir='ltr'><strong>a</strong></span> <span class='ocrx_word' id='word_1_520' title='bbox 1651 4599 1918 4680; x_wconf 91' lang='lat' dir='ltr'><strong>pluribus</strong></span> <span class='ocrx_word' id='word_1_521' title='bbox 1940 4602 2059 4662; x_wconf 87' lang='lat' dir='ltr'><strong>ite-</strong></span> 
     </span>
    </p>
   </div>
   <div class='ocr_carea' id='block_1_83' title="bbox 423 4689 1526 4766">
    <p class='ocr_par' dir='ltr' id='par_1_83' title="bbox 423 4689 1526 4766">
     <span class='ocr_line' id='line_1_83' title="bbox 423 4689 1526 4766; baseline 0.001 -16"><span class='ocrx_word' id='word_1_522' title='bbox 423 4707 578 4756; x_wconf 87' lang='lat' dir='ltr'><strong>rum,</strong></span> <span class='ocrx_word' id='word_1_523' title='bbox 615 4708 792 4766; x_wconf 88' lang='lat' dir='ltr'><strong>quam</strong></span> <span class='ocrx_word' id='word_1_524' title='bbox 825 4689 897 4750; x_wconf 94' lang='lat' dir='ltr'><strong>ab</strong></span> <span class='ocrx_word' id='word_1_525' title='bbox 927 4698 1083 4765; x_wconf 91' lang='lat' dir='ltr'><strong>octo,</strong></span> <span class='ocrx_word' id='word_1_526' title='bbox 1117 4691 1526 4752; x_wconf 84' lang='lat' dir='ltr'><strong>constrictum.</strong></span> 
     </span>
    </p>
   </div>
   <div class='ocr_carea' id='block_1_84' title="bbox 503 4777 2057 4859">
    <p class='ocr_par' dir='ltr' id='par_1_84' title="bbox 503 4777 2057 4859">
     <span class='ocr_line' id='line_1_84' title="bbox 503 4777 2057 4859; baseline 0.001 -20"><span class='ocrx_word' id='word_1_527' title='bbox 503 4777 767 4850; x_wconf 74' lang='lat' dir='ltr'><strong>44.Quid</strong></span> <span class='ocrx_word' id='word_1_528' title='bbox 800 4779 979 4857; x_wconf 89' lang='lat' dir='ltr'><strong>igitur</strong></span> <span class='ocrx_word' id='word_1_529' title='bbox 1011 4777 1148 4839; x_wconf 85' lang='lat' dir='ltr'><strong>hinc</strong></span> <span class='ocrx_word' id='word_1_530' title='bbox 1181 4779 1571 4852; x_wconf 83' lang='lat' dir='ltr'><strong>mirabor,aut</strong></span> <span class='ocrx_word' id='word_1_531' title='bbox 1601 4779 1738 4859; x_wconf 89' lang='lat' dir='ltr'><strong>quid</strong></span> <span class='ocrx_word' id='word_1_532' title='bbox 1785 4781 2057 4859; x_wconf 81' lang='lat' dir='ltr'><strong>martyris</strong></span> 
     </span>
    </p>
   </div>
   <div class='ocr_carea' id='block_1_85' title="bbox 423 4866 2057 4948">
    <p class='ocr_par' dir='ltr' id='par_1_85' title="bbox 423 4866 2057 4948">
     <span class='ocr_line' id='line_1_85' title="bbox 423 4866 2057 4948; baseline 0 -19"><span class='ocrx_word' id='word_1_533' title='bbox 423 4866 707 4930; x_wconf 83' lang='lat' dir='ltr'><strong>laudabo?</strong></span> <span class='ocrx_word' id='word_1_534' title='bbox 724 4870 816 4930; x_wconf 85' lang='lat' dir='ltr'><strong>An</strong></span> <span class='ocrx_word' id='word_1_535' title='bbox 843 4867 1304 4948; x_wconf 88' lang='lat' dir='ltr'><strong>hospitalitatem</strong></span> <span class='ocrx_word' id='word_1_536' title='bbox 1327 4868 1440 4928; x_wconf 74' lang='lat' dir='ltr'><strong>Z’an</strong></span> <span class='ocrx_word' id='word_1_537' title='bbox 1465 4867 1820 4946; x_wconf 86' lang='lat' dir='ltr'><strong>simpliciter</strong></span> <span class='ocrx_word' id='word_1_538' title='bbox 1843 4871 2057 4929; x_wconf 86' lang='lat' dir='ltr'><strong>huma-</strong></span> 
     </span>
    </p>
   </div>
   <div class='ocr_carea' id='block_1_86' title="bbox 423 4956 2060 5038">
    <p class='ocr_par' dir='ltr' id='par_1_86' title="bbox 423 4956 2060 5038">
     <span class='ocr_line' id='line_1_86' title="bbox 423 4956 2060 5038; baseline 0 -20"><span class='ocrx_word' id='word_1_539' title='bbox 423 4958 670 5020; x_wconf 89' lang='lat' dir='ltr'><strong>nitatem</strong></span> <span class='ocrx_word' id='word_1_540' title='bbox 699 4956 724 5020; x_wconf 84' lang='lat'><strong>?</strong></span> <span class='ocrx_word' id='word_1_541' title='bbox 754 4977 828 5019; x_wconf 90' lang='lat' dir='ltr'><strong>an</strong></span> <span class='ocrx_word' id='word_1_542' title='bbox 862 4967 1194 5038; x_wconf 82' lang='lat' dir='ltr'><strong>promptam</strong></span> <span class='ocrx_word' id='word_1_543' title='bbox 1228 4958 1288 5018; x_wconf 89' lang='lat' dir='ltr'><strong>iu</strong></span> <span class='ocrx_word' id='word_1_544' title='bbox 1321 4957 1728 5024; x_wconf 83' lang='lat' dir='ltr'><strong>exaudiendis.</strong></span> <span class='ocrx_word' id='word_1_545' title='bbox 1763 4975 1797 5018; x_wconf 90' lang='lat' dir='ltr'><strong>a</strong></span> <span class='ocrx_word' id='word_1_546' title='bbox 1843 4957 2060 5037; x_wconf 91' lang='lat' dir='ltr'><strong>quibus</strong></span> 
     </span>
    </p>
   </div>
   <div class='ocr_carea' id='block_1_87' title="bbox 425 5045 2058 5126">
    <p class='ocr_par' dir='ltr' id='par_1_87' title="bbox 425 5045 2058 5126">
     <span class='ocr_line' id='line_1_87' title="bbox 425 5045 2058 5126; baseline 0 -19"><span class='ocrx_word' id='word_1_547' title='bbox 425 5065 559 5107; x_wconf 89' lang='lat' dir='ltr'><strong>cum</strong></span> <span class='ocrx_word' id='word_1_548' title='bbox 595 5046 712 5108; x_wconf 85' lang='lat' dir='ltr'><strong>fide</strong></span> <span class='ocrx_word' id='word_1_549' title='bbox 744 5045 1076 5116; x_wconf 86' lang='lat' dir='ltr'><strong>invocatur,</strong></span> <span class='ocrx_word' id='word_1_550' title='bbox 1109 5045 1472 5125; x_wconf 90' lang='lat' dir='ltr'><strong>facilitatem,</strong></span> <span class='ocrx_word' id='word_1_551' title='bbox 1509 5064 1615 5106; x_wconf 90' lang='lat' dir='ltr'><strong>seu</strong></span> <span class='ocrx_word' id='word_1_552' title='bbox 1645 5047 1840 5124; x_wconf 89' lang='lat' dir='ltr'><strong>potius</strong></span> <span class='ocrx_word' id='word_1_553' title='bbox 1868 5065 2058 5126; x_wconf 88' lang='lat' dir='ltr'><strong>neque</strong></span> 
     </span>
    </p>
   </div>
   <div class='ocr_carea' id='block_1_88' title="bbox 423 5134 2054 5213">
    <p class='ocr_par' dir='ltr' id='par_1_88' title="bbox 423 5134 2054 5213">
     <span class='ocr_line' id='line_1_88' title="bbox 423 5134 2054 5213; baseline -0.001 -17"><span class='ocrx_word' id='word_1_554' title='bbox 423 5135 598 5196; x_wconf 90' lang='lat' dir='ltr'><strong>etiam</strong></span> <span class='ocrx_word' id='word_1_555' title='bbox 633 5135 957 5197; x_wconf 91' lang='lat' dir='ltr'><strong>invocatam</strong></span> <span class='ocrx_word' id='word_1_556' title='bbox 997 5152 1136 5213; x_wconf 87' lang='lat' dir='ltr'><strong>erga</strong></span> <span class='ocrx_word' id='word_1_557' title='bbox 1167 5153 1270 5195; x_wconf 91' lang='lat' dir='ltr'><strong>eos</strong></span> <span class='ocrx_word' id='word_1_558' title='bbox 1329 5135 1432 5211; x_wconf 89' lang='lat' dir='ltr'><strong>qui</strong></span> <span class='ocrx_word' id='word_1_559' title='bbox 1489 5140 1542 5194; x_wconf 89' lang='lat' dir='ltr'><strong>in</strong></span> <span class='ocrx_word' id='word_1_560' title='bbox 1578 5134 1862 5210; x_wconf 88' lang='lat' dir='ltr'><strong>angustiis</strong></span> <span class='ocrx_word' id='word_1_561' title='bbox 1894 5145 2054 5207; x_wconf 89' lang='lat' dir='ltr'><strong>sunt,</strong></span> 
     </span>
    </p>
   </div>
   <div class='ocr_carea' id='block_1_89' title="bbox 424 5221 2050 5302">
    <p class='ocr_par' dir='ltr' id='par_1_89' title="bbox 424 5221 2050 5302">
     <span class='ocr_line' id='line_1_89' title="bbox 424 5221 2050 5302; baseline 0.001 -20"><span class='ocrx_word' id='word_1_562' title='bbox 424 5221 1075 5286; x_wconf 86' lang='lat' dir='ltr'><strong>misericordiam?Hinc</strong></span> <span class='ocrx_word' id='word_1_563' title='bbox 1092 5224 1248 5283; x_wconf 91' lang='lat' dir='ltr'><strong>enim</strong></span> <span class='ocrx_word' id='word_1_564' title='bbox 1277 5223 1508 5302; x_wconf 86' lang='lat' dir='ltr'><strong>ipse,de</strong></span> <span class='ocrx_word' id='word_1_565' title='bbox 1523 5241 1638 5302; x_wconf 85' lang='lat' dir='ltr'><strong>quo</strong></span> <span class='ocrx_word' id='word_1_566' title='bbox 1662 5241 2050 5295; x_wconf 89' lang='lat' dir='ltr'><strong>nuncsermo,</strong></span> 
     </span>
    </p>
   </div>
   <div class='ocr_carea' id='block_1_90' title="bbox 422 5313 2051 5392">
    <p class='ocr_par' dir='ltr' id='par_1_90' title="bbox 422 5313 2051 5392">
     <span class='ocr_line' id='line_1_90' title="bbox 422 5313 2051 5392; baseline 0.001 -20"><span class='ocrx_word' id='word_1_567' title='bbox 422 5330 640 5392; x_wconf 91' lang='lat' dir='ltr'><strong>neque,</strong></span> <span class='ocrx_word' id='word_1_568' title='bbox 664 5314 710 5372; x_wconf 88' lang='lat' dir='ltr'><strong>si</strong></span> <span class='ocrx_word' id='word_1_569' title='bbox 745 5313 1048 5390; x_wconf 67' lang='lat' dir='ltr'><strong>soluisset,</strong></span> <span class='ocrx_word' id='word_1_570' title='bbox 1084 5330 1258 5391; x_wconf 90' lang='lat' dir='ltr'><strong>opem</strong></span> <span class='ocrx_word' id='word_1_571' title='bbox 1284 5313 1606 5392; x_wconf 90' lang='lat' dir='ltr'><strong>implorare</strong></span> <span class='ocrx_word' id='word_1_572' title='bbox 1634 5315 2051 5392; x_wconf 47' lang='lat' dir='ltr'><strong>poteragquod</strong></span> 
     </span>
    </p>
   </div>
   <div class='ocr_carea' id='block_1_91' title="bbox 421 5399 2056 5481">
    <p class='ocr_par' dir='ltr' id='par_1_91' title="bbox 421 5399 2056 5481">
     <span class='ocr_line' id='line_1_91' title="bbox 421 5399 2056 5481; baseline 0.002 -22"><span class='ocrx_word' id='word_1_573' title='bbox 421 5399 623 5478; x_wconf 77' lang='lat' dir='ltr'><strong>lingua</strong></span> <span class='ocrx_word' id='word_1_574' title='bbox 643 5418 674 5460; x_wconf 90' lang='lat' dir='ltr'><strong>a</strong></span> <span class='ocrx_word' id='word_1_575' title='bbox 697 5400 904 5460; x_wconf 90' lang='lat' dir='ltr'><strong>morbo</strong></span> <span class='ocrx_word' id='word_1_576' title='bbox 926 5407 1081 5460; x_wconf 91' lang='lat' dir='ltr'><strong>esset</strong></span> <span class='ocrx_word' id='word_1_577' title='bbox 1105 5400 1415 5478; x_wconf 86' lang='lat' dir='ltr'><strong>ligata,seu</strong></span> <span class='ocrx_word' id='word_1_578' title='bbox 1441 5402 1636 5480; x_wconf 89' lang='lat' dir='ltr'><strong>potius</strong></span> <span class='ocrx_word' id='word_1_579' title='bbox 1661 5401 1816 5481; x_wconf 89' lang='lat' dir='ltr'><strong>quod</strong></span> <span class='ocrx_word' id='word_1_580' title='bbox 1842 5410 2056 5480; x_wconf 76' lang='lat' dir='ltr'><strong>praeter</strong></span> 
     </span>
    </p>
   </div>
   <div class='ocr_carea' id='block_1_92' title="bbox 420 5487 2053 5568">
    <p class='ocr_par' dir='ltr' id='par_1_92' title="bbox 420 5487 2053 5568">
     <span class='ocr_line' id='line_1_92' title="bbox 420 5487 2053 5568; baseline 0.004 -22"><span class='ocrx_word' id='word_1_581' title='bbox 420 5488 712 5546; x_wconf 90' lang='lat' dir='ltr'><strong>rationem</strong></span> <span class='ocrx_word' id='word_1_582' title='bbox 747 5495 918 5548; x_wconf 91' lang='lat' dir='ltr'><strong>etiam</strong></span> <span class='ocrx_word' id='word_1_583' title='bbox 951 5489 1142 5568; x_wconf 87' lang='lat' dir='ltr'><strong>ipsum</strong></span> <span class='ocrx_word' id='word_1_584' title='bbox 1176 5487 1326 5548; x_wconf 91' lang='lat' dir='ltr'><strong>velle</strong></span> <span class='ocrx_word' id='word_1_585' title='bbox 1350 5507 1382 5547; x_wconf 91' lang='lat' dir='ltr'><strong>a</strong></span> <span class='ocrx_word' id='word_1_586' title='bbox 1416 5489 1719 5549; x_wconf 83' lang='lat' dir='ltr'><strong>malevolis</strong></span> <span class='ocrx_word' id='word_1_587' title='bbox 1743 5490 2053 5568; x_wconf 89' lang='lat' dir='ltr'><strong>spiritibus</strong></span> 
     </span>
    </p>
   </div>
   <div class='ocr_carea' id='block_1_93' title="bbox 423 5573 2046 5658">
    <p class='ocr_par' dir='ltr' id='par_1_93' title="bbox 423 5573 2046 5658">
     <span class='ocr_line' id='line_1_93' title="bbox 423 5573 2046 5658; baseline 0.005 -26"><span class='ocrx_word' id='word_1_588' title='bbox 423 5573 478 5632; x_wconf 90' lang='lat' dir='ltr'><strong>ei</strong></span> <span class='ocrx_word' id='word_1_589' title='bbox 511 5583 638 5633; x_wconf 88' lang='lat' dir='ltr'><strong>erat</strong></span> <span class='ocrx_word' id='word_1_590' title='bbox 666 5573 984 5636; x_wconf 87' lang='lat' dir='ltr'><strong>sublatum.</strong></span> <span class='ocrx_word' id='word_1_591' title='bbox 1021 5577 1240 5636; x_wconf 84' lang='lat' dir='ltr'><strong>Verum</strong></span> <span class='ocrx_word' id='word_1_592' title='bbox 1275 5583 1336 5636; x_wconf 90' lang='lat' dir='ltr'><strong>ut</strong></span> <span class='ocrx_word' id='word_1_593' title='bbox 1387 5575 1564 5648; x_wconf 91' lang='lat' dir='ltr'><strong>Deus,</strong></span> <span class='ocrx_word' id='word_1_594' title='bbox 1616 5577 1810 5658; x_wconf 81' lang='lat' dir='ltr'><strong>Moyse</strong></span> <span class='ocrx_word' id='word_1_595' title='bbox 1842 5579 2046 5654; x_wconf 86' lang='lat' dir='ltr'><strong>etiam,</strong></span> 
     </span>
    </p>
   </div>
   <div class='ocr_carea' id='block_1_94' title="bbox 2150 3204 2317 3260">
    <p class='ocr_par' dir='ltr' id='par_1_94' title="bbox 2150 3204 2317 3260">
     <span class='ocr_line' id='line_1_94' title="bbox 2150 3204 2317 3260; baseline 0 -22"><span class='ocrx_word' id='word_1_596' title='bbox 2150 3204 2317 3260; x_wconf 87' lang='grc' dir='ltr'>υγιες,</span> 
     </span>
    </p>
   </div>
   <div class='ocr_carea' id='block_1_95' title="bbox 2232 3271 3792 3348">
    <p class='ocr_par' dir='ltr' id='par_1_95' title="bbox 2232 3271 3792 3348">
     <span class='ocr_line' id='line_1_95' title="bbox 2232 3271 3792 3348; baseline -0.001 -20"><span class='ocrx_word' id='word_1_597' title='bbox 2232 3271 2356 3348; x_wconf 85' lang='grc' dir='ltr'>μγ¹,</span> <span class='ocrx_word' id='word_1_598' title='bbox 2393 3271 2543 3328; x_wconf 77' lang='grc' dir='ltr'>Οὕτω</span> <span class='ocrx_word' id='word_1_599' title='bbox 2585 3272 2684 3348; x_wconf 75' lang='grc' dir='ltr'><strong>γὰρ</strong></span> <span class='ocrx_word' id='word_1_600' title='bbox 2741 3273 2774 3337; x_wconf 75' lang='grc' dir='ltr'>ἡ</span> <span class='ocrx_word' id='word_1_601' title='bbox 2821 3275 2927 3327; x_wconf 88' lang='grc' dir='ltr'><strong>τῶν</strong></span> <span class='ocrx_word' id='word_1_602' title='bbox 2967 3275 3216 3348; x_wconf 88' lang='grc' dir='ltr'>πονηρῶν</span> <span class='ocrx_word' id='word_1_603' title='bbox 3271 3271 3596 3346; x_wconf 77' lang='grc' dir='ltr'>πνευμάτων</span> <span class='ocrx_word' id='word_1_604' title='bbox 3650 3272 3792 3328; x_wconf 81' lang='grc' dir='ltr'>ἐνοί-</span> 
     </span>
    </p>
   </div>
   <div class='ocr_carea' id='block_1_96' title="bbox 2150 3357 3788 3438">
    <p class='ocr_par' dir='ltr' id='par_1_96' title="bbox 2150 3357 3788 3438">
     <span class='ocr_line' id='line_1_96' title="bbox 2150 3357 3788 3438; baseline 0.001 -22"><span class='ocrx_word' id='word_1_605' title='bbox 2150 3382 2309 3426; x_wconf 84' lang='grc' dir='ltr'>κησις</span> <span class='ocrx_word' id='word_1_606' title='bbox 2339 3361 2429 3416; x_wconf 82' lang='grc' dir='ltr'>τὸν</span> <span class='ocrx_word' id='word_1_607' title='bbox 2461 3360 2688 3416; x_wconf 78' lang='grc' dir='ltr'>δείλαιον</span> <span class='ocrx_word' id='word_1_608' title='bbox 2717 3359 2903 3426; x_wconf 78' lang='grc' dir='ltr'>ἔστησε</span> <span class='ocrx_word' id='word_1_609' title='bbox 2956 3357 3176 3438; x_wconf 73' lang='grc' dir='ltr'>φροῦδον</span> <span class='ocrx_word' id='word_1_610' title='bbox 3233 3360 3326 3416; x_wconf 76' lang='grc' dir='ltr'>τοῦ</span> <span class='ocrx_word' id='word_1_611' title='bbox 3380 3360 3666 3436; x_wconf 82' lang='grc' dir='ltr'>λογισμοῦ,</span> <span class='ocrx_word' id='word_1_612' title='bbox 3714 3364 3788 3422; x_wconf 80' lang='grc' dir='ltr'>ὣς</span> 
     </span>
    </p>
   </div>
   <div class='ocr_carea' id='block_1_97' title="bbox 2150 3448 3788 3528">
    <p class='ocr_par' dir='ltr' id='par_1_97' title="bbox 2150 3448 3788 3528">
     <span class='ocr_line' id='line_1_97' title="bbox 2150 3448 3788 3528; baseline 0.001 -24"><span class='ocrx_word' id='word_1_613' title='bbox 2150 3452 2398 3505; x_wconf 70' lang='grc' dir='ltr'>τοσοῦτον</span> <span class='ocrx_word' id='word_1_614' title='bbox 2440 3449 2745 3528; x_wconf 70' lang='grc' dir='ltr'>ὑπερφέρειν</span> <span class='ocrx_word' id='word_1_615' title='bbox 2805 3453 2960 3506; x_wconf 78' lang='grc' dir='ltr'>αὑτοῦ</span> <span class='ocrx_word' id='word_1_616' title='bbox 3017 3450 3083 3504; x_wconf 76' lang='grc' dir='ltr'><strong>τὰ</strong></span> <span class='ocrx_word' id='word_1_617' title='bbox 3145 3454 3253 3520; x_wconf 81' lang='grc' dir='ltr'>ζῶα</span> <span class='ocrx_word' id='word_1_618' title='bbox 3319 3451 3386 3504; x_wconf 77' lang='grc' dir='ltr'>τὰ</span> <span class='ocrx_word' id='word_1_619' title='bbox 3442 3448 3616 3526; x_wconf 73' lang='grc' dir='ltr'>ἄλογα</span> <span class='ocrx_word' id='word_1_620' title='bbox 3667 3463 3788 3514; x_wconf 79' lang='grc' dir='ltr'>ταῖς</span> 
     </span>
    </p>
   </div>
   <div class='ocr_carea' id='block_1_98' title="bbox 2153 3536 3790 3616">
    <p class='ocr_par' dir='ltr' id='par_1_98' title="bbox 2153 3536 3790 3616">
     <span class='ocr_line' id='line_1_98' title="bbox 2153 3536 3790 3616; baseline 0.001 -23"><span class='ocrx_word' id='word_1_621' title='bbox 2153 3540 2488 3604; x_wconf 79' lang='grc' dir='ltr'>αἰσθητικατς</span> <span class='ocrx_word' id='word_1_622' title='bbox 2546 3541 2740 3615; x_wconf 74' lang='grc' dir='ltr'>ὁρμαῖς</span> <span class='ocrx_word' id='word_1_623' title='bbox 2825 3538 2924 3604; x_wconf 75' lang='grc' dir='ltr'><strong>τὴν</strong></span> <span class='ocrx_word' id='word_1_624' title='bbox 3006 3536 3232 3616; x_wconf 82' lang='grc' dir='ltr'>λογικὴν</span> <span class='ocrx_word' id='word_1_625' title='bbox 3293 3538 3494 3594; x_wconf 78' lang='grc' dir='ltr'>ἐκείνου</span> <span class='ocrx_word' id='word_1_626' title='bbox 3561 3541 3790 3595; x_wconf 78' lang='grc' dir='ltr'>νικῶντα</span> 
     </span>
    </p>
   </div>
   <div class='ocr_carea' id='block_1_99' title="bbox 2151 3625 3787 3706">
    <p class='ocr_par' dir='ltr' id='par_1_99' title="bbox 2151 3625 3787 3706">
     <span class='ocr_line' id='line_1_99' title="bbox 2151 3625 3787 3706; baseline 0.001 -24"><span class='ocrx_word' id='word_1_627' title='bbox 2151 3628 2459 3706; x_wconf 68' lang='grc' dir='ltr'>περιφορὰν,</span> <span class='ocrx_word' id='word_1_628' title='bbox 2507 3627 2630 3683; x_wconf 81' lang='grc' dir='ltr'>ὅσον</span> <span class='ocrx_word' id='word_1_629' title='bbox 2677 3629 2725 3682; x_wconf 76' lang='grc' dir='ltr'>οἱ</span> <span class='ocrx_word' id='word_1_630' title='bbox 2783 3627 3044 3706; x_wconf 75' lang='grc' dir='ltr'>σώφρονες</span> <span class='ocrx_word' id='word_1_631' title='bbox 3107 3625 3286 3705; x_wconf 74' lang='grc' dir='ltr'>ἄνδρες</span> <span class='ocrx_word' id='word_1_632' title='bbox 3342 3634 3412 3703; x_wconf 76' lang='grc' dir='ltr'><strong>τῇ</strong></span> <span class='ocrx_word' id='word_1_633' title='bbox 3455 3627 3651 3705; x_wconf 69' lang='grc' dir='ltr'>λογικῇ</span> <span class='ocrx_word' id='word_1_634' title='bbox 3696 3653 3787 3684; x_wconf 76' lang='grc' dir='ltr'>γι.-</span> 
     </span>
    </p>
   </div>
   <div class='ocr_carea' id='block_1_100' title="bbox 2150 3713 3784 3794">
    <p class='ocr_par' dir='ltr' id='par_1_100' title="bbox 2150 3713 3784 3794">
     <span class='ocr_line' id='line_1_100' title="bbox 2150 3713 3784 3794; baseline 0.001 -24"><span class='ocrx_word' id='word_1_635' title='bbox 2150 3713 2394 3792; x_wconf 78' lang='grc' dir='ltr'>ϐερνήσει</span> <span class='ocrx_word' id='word_1_636' title='bbox 2437 3717 2530 3782; x_wconf 77' lang='grc' dir='ltr'>τὰς</span> <span class='ocrx_word' id='word_1_637' title='bbox 2575 3717 2680 3772; x_wconf 79' lang='grc' dir='ltr'><strong>τῶν</strong></span> <span class='ocrx_word' id='word_1_638' title='bbox 2753 3715 2962 3792; x_wconf 72' lang='grc' dir='ltr'>ἀλόγων</span> <span class='ocrx_word' id='word_1_639' title='bbox 3017 3716 3167 3786; x_wconf 81' lang='grc' dir='ltr'>ζώων</span> <span class='ocrx_word' id='word_1_640' title='bbox 3225 3715 3522 3794; x_wconf 80' lang='grc' dir='ltr'>ἀσυγκρίτῳ</span> <span class='ocrx_word' id='word_1_641' title='bbox 3579 3715 3784 3784; x_wconf 82' lang='grc' dir='ltr'>διαίτης</span> 
     </span>
    </p>
   </div>
   <div class='ocr_carea' id='block_1_101' title="bbox 2149 3802 3783 3884">
    <p class='ocr_par' dir='ltr' id='par_1_101' title="bbox 2149 3802 3783 3884">
     <span class='ocr_line' id='line_1_101' title="bbox 2149 3802 3783 3884; baseline 0.002 -26"><span class='ocrx_word' id='word_1_642' title='bbox 2149 3802 2549 3882; x_wconf 75' lang='grc' dir='ltr'>ὑπερϐαλλούσῃ</span> <span class='ocrx_word' id='word_1_643' title='bbox 2581 3803 2838 3880; x_wconf 79' lang='grc' dir='ltr'>καλλονῇ,</span> <span class='ocrx_word' id='word_1_644' title='bbox 2879 3805 3089 3884; x_wconf 73' lang='grc' dir='ltr'>Ἀχθεὶς</span> <span class='ocrx_word' id='word_1_645' title='bbox 3139 3803 3193 3860; x_wconf 77' lang='grc' dir='ltr'>δὲ</span> <span class='ocrx_word' id='word_1_646' title='bbox 3252 3804 3409 3880; x_wconf 76' lang='grc' dir='ltr'>μόλις</span> <span class='ocrx_word' id='word_1_647' title='bbox 3468 3809 3560 3863; x_wconf 79' lang='grc' dir='ltr'><strong>καὶ</strong></span> <span class='ocrx_word' id='word_1_648' title='bbox 3614 3808 3783 3884; x_wconf 65' lang='grc' dir='ltr'>ἀνάγ-</span> 
     </span>
    </p>
   </div>
   <div class='ocr_carea' id='block_1_102' title="bbox 2150 3892 3781 3969">
    <p class='ocr_par' dir='ltr' id='par_1_102' title="bbox 2150 3892 3781 3969">
     <span class='ocr_line' id='line_1_102' title="bbox 2150 3892 3781 3969; baseline 0.001 -21"><span class='ocrx_word' id='word_1_649' title='bbox 2150 3915 2221 3969; x_wconf 77' lang='grc' dir='ltr'>κῃ</span> <span class='ocrx_word' id='word_1_650' title='bbox 2279 3892 2454 3969; x_wconf 80' lang='grc' dir='ltr'>πολλῇ</span> <span class='ocrx_word' id='word_1_651' title='bbox 2502 3895 2605 3950; x_wconf 82' lang='grc' dir='ltr'><strong>τῶν</strong></span> <span class='ocrx_word' id='word_1_652' title='bbox 2662 3895 2936 3950; x_wconf 78' lang='grc' dir='ltr'>ὠθούντων</span> <span class='ocrx_word' id='word_1_653' title='bbox 2981 3897 3007 3949; x_wconf 82' lang='grc' dir='ltr'>ὁ</span> <span class='ocrx_word' id='word_1_654' title='bbox 3043 3892 3273 3955; x_wconf 83' lang='grc' dir='ltr'>δείλαιος</span> <span class='ocrx_word' id='word_1_655' title='bbox 3307 3894 3386 3949; x_wconf 84' lang='grc' dir='ltr'>ὅτι</span> <span class='ocrx_word' id='word_1_656' title='bbox 3417 3896 3508 3950; x_wconf 83' lang='grc' dir='ltr'>τὸν</span> <span class='ocrx_word' id='word_1_657' title='bbox 3556 3898 3680 3951; x_wconf 72' lang='grc' dir='ltr'>ναὸν</span> <span class='ocrx_word' id='word_1_658' title='bbox 3723 3900 3781 3953; x_wconf 70' lang='grc' dir='ltr'>οὗ</span> 
     </span>
    </p>
   </div>
   <div class='ocr_carea' id='block_1_103' title="bbox 2151 3979 3775 4062">
    <p class='ocr_par' dir='ltr' id='par_1_103' title="bbox 2151 3979 3775 4062">
     <span class='ocr_line' id='line_1_103' title="bbox 2151 3979 3775 4062; baseline 0.001 -25"><span class='ocrx_word' id='word_1_659' title='bbox 2151 3995 2511 4060; x_wconf 82' lang='grc' dir='ltr'>συνεχωρεῖτο</span> <span class='ocrx_word' id='word_1_660' title='bbox 2559 3985 2912 4061; x_wconf 79' lang='grc' dir='ltr'>εἷσέρχεσθαι,</span> <span class='ocrx_word' id='word_1_661' title='bbox 2972 3983 3075 4038; x_wconf 82' lang='grc' dir='ltr'><strong>τῶν</strong></span> <span class='ocrx_word' id='word_1_662' title='bbox 3121 3979 3406 4056; x_wconf 85' lang='grc' dir='ltr'>δαιμονίων</span> <span class='ocrx_word' id='word_1_663' title='bbox 3455 3983 3775 4062; x_wconf 73' lang='grc' dir='ltr'>ἐνισχυσᾶν-</span> 
     </span>
    </p>
   </div>
   <div class='ocr_carea' id='block_1_104' title="bbox 2151 4070 3774 4150">
    <p class='ocr_par' dir='ltr' id='par_1_104' title="bbox 2151 4070 3774 4150">
     <span class='ocr_line' id='line_1_104' title="bbox 2151 4070 3774 4150; baseline 0.001 -24"><span class='ocrx_word' id='word_1_664' title='bbox 2151 4093 2255 4126; x_wconf 77' lang='grc' dir='ltr'><strong>των</strong></span> <span class='ocrx_word' id='word_1_665' title='bbox 2311 4070 2474 4136; x_wconf 64' lang='grc' dir='ltr'>οὕτως</span> <span class='ocrx_word' id='word_1_666' title='bbox 2509 4075 2681 4129; x_wconf 78' lang='grc' dir='ltr'>αὑτῶν</span> <span class='ocrx_word' id='word_1_667' title='bbox 2711 4078 2778 4144; x_wconf 79' lang='grc' dir='ltr'>τῇ</span> <span class='ocrx_word' id='word_1_668' title='bbox 2823 4071 3004 4150; x_wconf 76' lang='grc' dir='ltr'>μανίᾳ,</span> <span class='ocrx_word' id='word_1_669' title='bbox 3039 4073 3112 4134; x_wconf 85' lang='grc' dir='ltr'>ὡς</span> <span class='ocrx_word' id='word_1_670' title='bbox 3164 4071 3401 4135; x_wconf 76' lang='grc' dir='ltr'>ἅπαντας</span> <span class='ocrx_word' id='word_1_671' title='bbox 3460 4075 3577 4137; x_wconf 69' lang='grc' dir='ltr'>τοὺς</span> <span class='ocrx_word' id='word_1_672' title='bbox 3607 4073 3774 4147; x_wconf 84' lang='grc' dir='ltr'>ἐμπε-</span> 
     </span>
    </p>
   </div>
   <div class='ocr_carea' id='block_1_105' title="bbox 2146 4159 3770 4238">
    <p class='ocr_par' dir='ltr' id='par_1_105' title="bbox 2146 4159 3770 4238">
     <span class='ocr_line' id='line_1_105' title="bbox 2146 4159 3770 4238; baseline 0.001 -23"><span class='ocrx_word' id='word_1_673' title='bbox 2146 4159 2490 4237; x_wconf 83' lang='grc' dir='ltr'>πληγμὲνους</span> <span class='ocrx_word' id='word_1_674' title='bbox 2550 4163 2688 4233; x_wconf 77' lang='grc' dir='ltr'><strong>αὑτῷ</strong></span> <span class='ocrx_word' id='word_1_675' title='bbox 2733 4163 3061 4238; x_wconf 84' lang='grc' dir='ltr'>στρατιώτας</span> <span class='ocrx_word' id='word_1_676' title='bbox 3123 4173 3339 4238; x_wconf 83' lang='grc' dir='ltr'>πρενεῐς</span> <span class='ocrx_word' id='word_1_677' title='bbox 3398 4164 3498 4238; x_wconf 79' lang='grc' dir='ltr'><strong>πρὸ</strong></span> <span class='ocrx_word' id='word_1_678' title='bbox 3550 4169 3641 4218; x_wconf 77' lang='grc' dir='ltr'>τοῦ</span> <span class='ocrx_word' id='word_1_679' title='bbox 3685 4186 3770 4217; x_wconf 74' lang='grc' dir='ltr'>τω·</span> 
     </span>
    </p>
   </div>
   <div class='ocr_carea' id='block_1_106' title="bbox 2146 4247 3767 4328">
    <p class='ocr_par' dir='ltr' id='par_1_106' title="bbox 2146 4247 3767 4328">
     <span class='ocr_line' id='line_1_106' title="bbox 2146 4247 3767 4328; baseline 0.001 -25"><span class='ocrx_word' id='word_1_680' title='bbox 2146 4247 2316 4311; x_wconf 88' lang='grc' dir='ltr'>λῶνος</span> <span class='ocrx_word' id='word_1_681' title='bbox 2349 4249 2439 4304; x_wconf 83' lang='grc' dir='ltr'>σὺν</span> <span class='ocrx_word' id='word_1_682' title='bbox 2494 4249 2662 4323; x_wconf 84' lang='grc' dir='ltr'>ἐαυτῷ</span> <span class='ocrx_word' id='word_1_683' title='bbox 2713 4249 3189 4328; x_wconf 75' lang='grc' dir='ltr'>ιιαταστρέψασθαι.</span> <span class='ocrx_word' id='word_1_684' title='bbox 3244 4247 3473 4327; x_wconf 81' lang='grc' dir='ltr'>Θορύϐου</span> <span class='ocrx_word' id='word_1_685' title='bbox 3516 4247 3570 4304; x_wconf 75' lang='grc' dir='ltr'>δὲ</span> <span class='ocrx_word' id='word_1_686' title='bbox 3621 4272 3767 4327; x_wconf 79' lang='grc' dir='ltr'>γενοο</span> 
     </span>
    </p>
   </div>
   <div class='ocr_carea' id='block_1_107' title="bbox 2147 4337 3762 4414">
    <p class='ocr_par' dir='ltr' id='par_1_107' title="bbox 2147 4337 3762 4414">
     <span class='ocr_line' id='line_1_107' title="bbox 2147 4337 3762 4414; baseline -0.001 -22"><span class='ocrx_word' id='word_1_687' title='bbox 2147 4337 2306 4410; x_wconf 86' lang='grc' dir='ltr'>μένου</span> <span class='ocrx_word' id='word_1_688' title='bbox 2360 4339 2446 4393; x_wconf 84' lang='grc' dir='ltr'><strong>καὶ</strong></span> <span class='ocrx_word' id='word_1_689' title='bbox 2507 4338 2610 4393; x_wconf 84' lang='grc' dir='ltr'><strong>τῶν</strong></span> <span class='ocrx_word' id='word_1_690' title='bbox 2669 4339 2946 4411; x_wconf 79' lang='grc' dir='ltr'>ὑπηρετῶν</span> <span class='ocrx_word' id='word_1_691' title='bbox 3008 4345 3100 4394; x_wconf 83' lang='grc' dir='ltr'>τοῦ</span> <span class='ocrx_word' id='word_1_692' title='bbox 3157 4339 3305 4414; x_wconf 82' lang='grc' dir='ltr'>ἁγίου</span> <span class='ocrx_word' id='word_1_693' title='bbox 3359 4337 3607 4412; x_wconf 83' lang='grc' dir='ltr'>τεμένους</span> <span class='ocrx_word' id='word_1_694' title='bbox 3683 4341 3762 4394; x_wconf 79' lang='grc' dir='ltr'>σὺν</span> 
     </span>
    </p>
   </div>
   <div class='ocr_carea' id='block_1_108' title="bbox 2146 4424 3756 4506">
    <p class='ocr_par' dir='ltr' id='par_1_108' title="bbox 2146 4424 3756 4506">
     <span class='ocr_line' id='line_1_108' title="bbox 2146 4424 3756 4506; baseline 0.002 -27"><span class='ocrx_word' id='word_1_695' title='bbox 2146 4424 2326 4488; x_wconf 81' lang='grc' dir='ltr'>ἄλλοις</span> <span class='ocrx_word' id='word_1_696' title='bbox 2383 4425 2586 4482; x_wconf 84' lang='grc' dir='ltr'>πλείοσι</span> <span class='ocrx_word' id='word_1_697' title='bbox 2662 4426 3190 4506; x_wconf 82' lang='grc' dir='ltr'>συνδεδραμηκότων,</span> <span class='ocrx_word' id='word_1_698' title='bbox 3248 4427 3336 4502; x_wconf 74' lang='grc' dir='ltr'>βίᾳ</span> <span class='ocrx_word' id='word_1_699' title='bbox 3413 4426 3590 4501; x_wconf 78' lang='grc' dir='ltr'>πολλῇ</span> <span class='ocrx_word' id='word_1_700' title='bbox 3653 4426 3756 4482; x_wconf 70' lang='lat' dir='ltr'><strong>8t:-</strong></span> 
     </span>
    </p>
   </div>
   <div class='ocr_carea' id='block_1_109' title="bbox 2144 4513 3757 4596">
    <p class='ocr_par' dir='ltr' id='par_1_109' title="bbox 2144 4513 3757 4596">
     <span class='ocr_line' id='line_1_109' title="bbox 2144 4513 3757 4596; baseline 0.002 -27"><span class='ocrx_word' id='word_1_701' title='bbox 2144 4513 2497 4578; x_wconf 67' lang='grc' dir='ltr'>ϐαστάσαντες</span> <span class='ocrx_word' id='word_1_702' title='bbox 2556 4514 2690 4570; x_wconf 82' lang='grc' dir='ltr'>ε’ίσω</span> <span class='ocrx_word' id='word_1_703' title='bbox 2747 4516 2982 4596; x_wconf 79' lang='grc' dir='ltr'>φέρουσι,</span> <span class='ocrx_word' id='word_1_704' title='bbox 3058 4516 3149 4572; x_wconf 87' lang='grc' dir='ltr'><strong>καί</strong></span> <span class='ocrx_word' id='word_1_705' title='bbox 3209 4516 3481 4592; x_wconf 79' lang='grc' dir='ltr'>ῥίπτουσιν</span> <span class='ocrx_word' id='word_1_706' title='bbox 3537 4516 3620 4572; x_wconf 76' lang='grc' dir='ltr'><strong>ἐπὶ</strong></span> <span class='ocrx_word' id='word_1_707' title='bbox 3673 4521 3757 4581; x_wconf 78' lang='grc' dir='ltr'>τῆς</span> 
     </span>
    </p>
   </div>
   <div class='ocr_carea' id='block_1_110' title="bbox 2141 4603 3754 4684">
    <p class='ocr_par' dir='ltr' id='par_1_110' title="bbox 2141 4603 3754 4684">
     <span class='ocr_line' id='line_1_110' title="bbox 2141 4603 3754 4684; baseline 0.002 -26"><span class='ocrx_word' id='word_1_708' title='bbox 2141 4605 2544 4677; x_wconf 78' lang='grc' dir='ltr'>ἑτοιμασθείσης</span> <span class='ocrx_word' id='word_1_709' title='bbox 2591 4606 2731 4676; x_wconf 82' lang='grc' dir='ltr'>αὑτῷ</span> <span class='ocrx_word' id='word_1_710' title='bbox 2773 4608 3189 4684; x_wconf 82' lang='grc' dir='ltr'>χαμαιστρώτου</span> <span class='ocrx_word' id='word_1_711' title='bbox 3235 4608 3412 4684; x_wconf 71' lang='grc' dir='ltr'>ὠνῆς,</span> <span class='ocrx_word' id='word_1_712' title='bbox 3471 4603 3675 4670; x_wconf 78' lang='grc' dir='ltr'>πλείους</span> <span class='ocrx_word' id='word_1_713' title='bbox 3726 4605 3754 4672; x_wconf 74' lang='grc' dir='ltr'><strong>ἢ</strong></span> 
     </span>
    </p>
   </div>
   <div class='ocr_carea' id='block_1_111' title="bbox 2141 4694 3166 4774">
    <p class='ocr_par' dir='ltr' id='par_1_111' title="bbox 2141 4694 3166 4774">
     <span class='ocr_line' id='line_1_111' title="bbox 2141 4694 3166 4774; baseline 0.003 -26"><span class='ocrx_word' id='word_1_714' title='bbox 2141 4694 2282 4749; x_wconf 86' lang='grc' dir='ltr'>ὀκτὼ</span> <span class='ocrx_word' id='word_1_715' title='bbox 2313 4694 2473 4750; x_wconf 75' lang='grc' dir='ltr'>πάλιν</span> <span class='ocrx_word' id='word_1_716' title='bbox 2517 4695 2674 4750; x_wconf 75' lang='grc' dir='ltr'>αὑτὸν</span> <span class='ocrx_word' id='word_1_717' title='bbox 2708 4697 3166 4774; x_wconf 73' lang='grc' dir='ltr'>περισφίγγοντες,</span> 
     </span>
    </p>
   </div>
   <div class='ocr_carea' id='block_1_112' title="bbox 2221 4780 3754 4860">
    <p class='ocr_par' dir='ltr' id='par_1_112' title="bbox 2221 4780 3754 4860">
     <span class='ocr_line' id='line_1_112' title="bbox 2221 4780 3754 4860; baseline 0.001 -23"><span class='ocrx_word' id='word_1_718' title='bbox 2221 4780 2329 4855; x_wconf 85' lang='grc' dir='ltr'>μδ’.</span> <span class='ocrx_word' id='word_1_719' title='bbox 2378 4784 2437 4841; x_wconf 87' lang='grc' dir='ltr'>Τί</span> <span class='ocrx_word' id='word_1_720' title='bbox 2492 4784 2664 4839; x_wconf 74' lang='grc' dir='ltr'>τοίνυν</span> <span class='ocrx_word' id='word_1_721' title='bbox 2707 4783 3016 4840; x_wconf 82' lang='grc' dir='ltr'>ἀπεντεῠθεν</span> <span class='ocrx_word' id='word_1_722' title='bbox 3071 4785 3352 4860; x_wconf 72' lang='grc' dir='ltr'>θαυμάσω,</span> <span class='ocrx_word' id='word_1_723' title='bbox 3410 4788 3460 4843; x_wconf 83' lang='grc' dir='ltr'><strong>τί</strong></span> <span class='ocrx_word' id='word_1_724' title='bbox 3493 4787 3546 4842; x_wconf 77' lang='grc' dir='ltr'>δὲ</span> <span class='ocrx_word' id='word_1_725' title='bbox 3575 4785 3754 4850; x_wconf 67' lang='grc' dir='ltr'>δοξάσω</span> 
     </span>
    </p>
   </div>
   <div class='ocr_carea' id='block_1_113' title="bbox 2144 4871 3752 4953">
    <p class='ocr_par' dir='ltr' id='par_1_113' title="bbox 2144 4871 3752 4953">
     <span class='ocr_line' id='line_1_113' title="bbox 2144 4871 3752 4953; baseline 0.001 -27"><span class='ocrx_word' id='word_1_726' title='bbox 2144 4873 2234 4927; x_wconf 79' lang='grc' dir='ltr'>τοῦ</span> <span class='ocrx_word' id='word_1_727' title='bbox 2292 4873 2551 4951; x_wconf 75' lang='grc' dir='ltr'>μάρτυρος</span> <span class='ocrx_word' id='word_1_728' title='bbox 2589 4892 2605 4946; x_wconf 82' lang='lat'><strong>;</strong></span> <span class='ocrx_word' id='word_1_729' title='bbox 2638 4873 2708 4930; x_wconf 82' lang='grc' dir='ltr'><strong>Τὸ</strong></span> <span class='ocrx_word' id='word_1_730' title='bbox 2735 4871 3001 4952; x_wconf 73' lang='grc' dir='ltr'>φιλόξενον</span> <span class='ocrx_word' id='word_1_731' title='bbox 3037 4893 3053 4948; x_wconf 86' lang='grc'>;</span> <span class='ocrx_word' id='word_1_732' title='bbox 3108 4873 3269 4931; x_wconf 78' lang='grc' dir='ltr'>Ἀλλὰ</span> <span class='ocrx_word' id='word_1_733' title='bbox 3301 4880 3362 4930; x_wconf 74' lang='grc' dir='ltr'>τὸ</span> <span class='ocrx_word' id='word_1_734' title='bbox 3416 4876 3598 4940; x_wconf 78' lang='grc' dir='ltr'>ἁπλῶς</span> <span class='ocrx_word' id='word_1_735' title='bbox 3643 4873 3752 4953; x_wconf 71' lang='grc' dir='ltr'>φιλ-</span> 
     </span>
    </p>
   </div>
   <div class='ocr_carea' id='block_1_114' title="bbox 2142 4959 3756 5042">
    <p class='ocr_par' dir='ltr' id='par_1_114' title="bbox 2142 4959 3756 5042">
     <span class='ocr_line' id='line_1_114' title="bbox 2142 4959 3756 5042; baseline 0.001 -27"><span class='ocrx_word' id='word_1_736' title='bbox 2142 4962 2435 5039; x_wconf 84' lang='grc' dir='ltr'>άνθρωπον,</span> <span class='ocrx_word' id='word_1_737' title='bbox 2496 4959 2634 5016; x_wconf 82' lang='grc' dir='ltr'><strong>ἀλλά</strong></span> <span class='ocrx_word' id='word_1_738' title='bbox 2688 4964 2750 5018; x_wconf 86' lang='grc' dir='ltr'>τὸ</span> <span class='ocrx_word' id='word_1_739' title='bbox 2803 4961 3109 5042; x_wconf 66' lang='grc' dir='ltr'>ταχυήκοον</span> <span class='ocrx_word' id='word_1_740' title='bbox 3162 4965 3293 5040; x_wconf 79' lang='grc' dir='ltr'>πρὸς</span> <span class='ocrx_word' id='word_1_741' title='bbox 3343 4965 3462 5026; x_wconf 79' lang='grc' dir='ltr'>τοὺς</span> <span class='ocrx_word' id='word_1_742' title='bbox 3495 4962 3756 5020; x_wconf 69' lang='grc' dir='ltr'>ἒπικαλου-</span> 
     </span>
    </p>
   </div>
   <div class='ocr_carea' id='block_1_115' title="bbox 2141 5050 3754 5127">
    <p class='ocr_par' dir='ltr' id='par_1_115' title="bbox 2141 5050 3754 5127">
     <span class='ocr_line' id='line_1_115' title="bbox 2141 5050 3754 5127; baseline 0.002 -23"><span class='ocrx_word' id='word_1_743' title='bbox 2141 5050 2329 5122; x_wconf 83' lang='grc' dir='ltr'>μένους</span> <span class='ocrx_word' id='word_1_744' title='bbox 2379 5050 2431 5104; x_wconf 73' lang='grc' dir='ltr'>ἐν</span> <span class='ocrx_word' id='word_1_745' title='bbox 2475 5050 2687 5120; x_wconf 70' lang='grc' dir='ltr'>πίστεις</span> <span class='ocrx_word' id='word_1_746' title='bbox 2752 5050 2820 5107; x_wconf 84' lang='grc' dir='ltr'><strong>Ἤ</strong></span> <span class='ocrx_word' id='word_1_747' title='bbox 2884 5053 3089 5111; x_wconf 74' lang='grc' dir='ltr'>μᾶλλον</span> <span class='ocrx_word' id='word_1_748' title='bbox 3144 5055 3207 5109; x_wconf 80' lang='grc' dir='ltr'>τὸ</span> <span class='ocrx_word' id='word_1_749' title='bbox 3263 5051 3400 5127; x_wconf 81' lang='grc' dir='ltr'>μηδὲ</span> <span class='ocrx_word' id='word_1_750' title='bbox 3451 5054 3754 5126; x_wconf 66' lang='grc' dir='ltr'>καλούμενον</span> 
     </span>
    </p>
   </div>
   <div class='ocr_carea' id='block_1_116' title="bbox 2141 5138 3753 5220">
    <p class='ocr_par' dir='ltr' id='par_1_116' title="bbox 2141 5138 3753 5220">
     <span class='ocr_line' id='line_1_116' title="bbox 2141 5138 3753 5220; baseline 0.004 -28"><span class='ocrx_word' id='word_1_751' title='bbox 2141 5138 2313 5195; x_wconf 75' lang='grc' dir='ltr'>ἐλεεῖν</span> <span class='ocrx_word' id='word_1_752' title='bbox 2365 5140 2482 5204; x_wconf 79' lang='grc' dir='ltr'>τοὺς</span> <span class='ocrx_word' id='word_1_753' title='bbox 2525 5139 2579 5194; x_wconf 76' lang='grc' dir='ltr'>ἐν</span> <span class='ocrx_word' id='word_1_754' title='bbox 2611 5139 2863 5218; x_wconf 68' lang='grc' dir='ltr'>ἀνάγκαις</span> <span class='ocrx_word' id='word_1_755' title='bbox 2896 5159 2912 5220; x_wconf 72' lang='grc' dir='ltr'><strong>ς</strong></span> <span class='ocrx_word' id='word_1_756' title='bbox 2961 5143 3121 5204; x_wconf 83' lang='grc' dir='ltr'>Οὗτος</span> <span class='ocrx_word' id='word_1_757' title='bbox 3172 5143 3272 5219; x_wconf 74' lang='grc' dir='ltr'><strong>γὰρ</strong></span> <span class='ocrx_word' id='word_1_758' title='bbox 3320 5140 3409 5212; x_wconf 81' lang='grc' dir='ltr'>δὴ,</span> <span class='ocrx_word' id='word_1_759' title='bbox 3443 5144 3593 5206; x_wconf 75' lang='grc' dir='ltr'>οὗτος</span> <span class='ocrx_word' id='word_1_760' title='bbox 3626 5145 3650 5198; x_wconf 83' lang='grc' dir='ltr'><strong>ὁ</strong></span> <span class='ocrx_word' id='word_1_761' title='bbox 3678 5150 3753 5198; x_wconf 59' lang='lat' dir='ltr'><strong>vlt!</strong></span> 
     </span>
    </p>
   </div>
   <div class='ocr_carea' id='block_1_117' title="bbox 2139 5227 3753 5307">
    <p class='ocr_par' dir='ltr' id='par_1_117' title="bbox 2139 5227 3753 5307">
     <span class='ocr_line' id='line_1_117' title="bbox 2139 5227 3753 5307; baseline 0.001 -26"><span class='ocrx_word' id='word_1_762' title='bbox 2139 5229 2483 5302; x_wconf 61' lang='grc' dir='ltr'>προγείμενος</span> <span class='ocrx_word' id='word_1_763' title='bbox 2535 5229 2611 5302; x_wconf 85' lang='grc' dir='ltr'>τῷ</span> <span class='ocrx_word' id='word_1_764' title='bbox 2661 5227 2806 5307; x_wconf 85' lang='grc' dir='ltr'>λόγῳ</span> <span class='ocrx_word' id='word_1_765' title='bbox 2850 5229 2964 5288; x_wconf 76' lang='grc' dir='ltr'><strong>οὗδέ</strong></span> <span class='ocrx_word' id='word_1_766' title='bbox 3017 5229 3339 5307; x_wconf 85' lang='grc' dir='ltr'>βουλόμενος</span> <span class='ocrx_word' id='word_1_767' title='bbox 3399 5230 3753 5287; x_wconf 75' lang='grc' dir='ltr'>ἐπικαλεῖσθαι</span> 
     </span>
    </p>
   </div>
   <div class='ocr_carea' id='block_1_118' title="bbox 2138 5313 3755 5396">
    <p class='ocr_par' dir='ltr' id='par_1_118' title="bbox 2138 5313 3755 5396">
     <span class='ocr_line' id='line_1_118' title="bbox 2138 5313 3755 5396; baseline 0.002 -26"><span class='ocrx_word' id='word_1_768' title='bbox 2138 5313 2350 5372; x_wconf 81' lang='grc' dir='ltr'>ἐδύνατο</span> <span class='ocrx_word' id='word_1_769' title='bbox 2383 5315 2473 5371; x_wconf 81' lang='grc' dir='ltr'><strong>διὰ</strong></span> <span class='ocrx_word' id='word_1_770' title='bbox 2517 5317 2575 5371; x_wconf 81' lang='grc' dir='ltr'>τὸ</span> <span class='ocrx_word' id='word_1_771' title='bbox 2618 5315 2850 5374; x_wconf 85' lang='grc' dir='ltr'>δεδέσθαι</span> <span class='ocrx_word' id='word_1_772' title='bbox 2883 5318 2979 5386; x_wconf 74' lang='grc' dir='ltr'>τήν</span> <span class='ocrx_word' id='word_1_773' title='bbox 3023 5319 3266 5396; x_wconf 84' lang='grc' dir='ltr'>γλῶτταν</span> <span class='ocrx_word' id='word_1_774' title='bbox 3295 5320 3396 5375; x_wconf 83' lang='grc' dir='ltr'>ὑπὸ</span> <span class='ocrx_word' id='word_1_775' title='bbox 3427 5332 3520 5379; x_wconf 75' lang='grc' dir='ltr'>τοῦ</span> <span class='ocrx_word' id='word_1_776' title='bbox 3549 5321 3755 5389; x_wconf 69' lang='grc' dir='ltr'>πάθους,</span> 
     </span>
    </p>
   </div>
   <div class='ocr_carea' id='block_1_119' title="bbox 2137 5404 3752 5484">
    <p class='ocr_par' dir='ltr' id='par_1_119' title="bbox 2137 5404 3752 5484">
     <span class='ocr_line' id='line_1_119' title="bbox 2137 5404 3752 5484; baseline 0.001 -25"><span class='ocrx_word' id='word_1_777' title='bbox 2137 5404 2342 5478; x_wconf 73' lang='grc' dir='ltr'>μᾶλλον</span> <span class='ocrx_word' id='word_1_778' title='bbox 2371 5404 2424 5460; x_wconf 69' lang='grc' dir='ltr'>δὲ</span> <span class='ocrx_word' id='word_1_779' title='bbox 2469 5407 2570 5482; x_wconf 78' lang='grc' dir='ltr'>πρὸ</span> <span class='ocrx_word' id='word_1_780' title='bbox 2613 5413 2703 5462; x_wconf 83' lang='grc' dir='ltr'>τοῦ</span> <span class='ocrx_word' id='word_1_781' title='bbox 2745 5405 2906 5484; x_wconf 84' lang='grc' dir='ltr'>λόγου</span> <span class='ocrx_word' id='word_1_782' title='bbox 2949 5411 3035 5463; x_wconf 80' lang='grc' dir='ltr'><strong>καὶ</strong></span> <span class='ocrx_word' id='word_1_783' title='bbox 3078 5410 3206 5464; x_wconf 68' lang='grc' dir='ltr'>αὐτὸ</span> <span class='ocrx_word' id='word_1_784' title='bbox 3251 5410 3310 5464; x_wconf 82' lang='grc' dir='ltr'>τὸ</span> <span class='ocrx_word' id='word_1_785' title='bbox 3358 5409 3632 5483; x_wconf 77' lang='grc' dir='ltr'>βούλεσθαι</span> <span class='ocrx_word' id='word_1_786' title='bbox 3661 5408 3752 5462; x_wconf 82' lang='grc' dir='ltr'>ὑπό</span> 
     </span>
    </p>
   </div>
   <div class='ocr_carea' id='block_1_120' title="bbox 2136 5496 3754 5575">
    <p class='ocr_par' dir='ltr' id='par_1_120' title="bbox 2136 5496 3754 5575">
     <span class='ocr_line' id='line_1_120' title="bbox 2136 5496 3754 5575; baseline 0.001 -27"><span class='ocrx_word' id='word_1_787' title='bbox 2136 5497 2239 5548; x_wconf 81' lang='grc' dir='ltr'><strong>τῶν</strong></span> <span class='ocrx_word' id='word_1_788' title='bbox 2299 5498 2544 5571; x_wconf 87' lang='grc' dir='ltr'>πονηρῶν</span> <span class='ocrx_word' id='word_1_789' title='bbox 2598 5496 2913 5568; x_wconf 66' lang='grc' dir='ltr'>πνευμάτων</span> <span class='ocrx_word' id='word_1_790' title='bbox 2969 5497 3314 5575; x_wconf 69' lang='grc' dir='ltr'>ἀφῃρημένος</span> <span class='ocrx_word' id='word_1_791' title='bbox 3347 5517 3362 5532; x_wconf 87' lang='grc'><strong>·</strong></span> <span class='ocrx_word' id='word_1_792' title='bbox 3415 5497 3534 5553; x_wconf 83' lang='grc' dir='ltr'>ἀλλ’</span> <span class='ocrx_word' id='word_1_793' title='bbox 3587 5499 3754 5569; x_wconf 77' lang='grc' dir='ltr'>ὥσπερ</span> 
     </span>
    </p>
   </div>
   <div class='ocr_carea' id='block_1_121' title="bbox 2135 5583 3750 5668">
    <p class='ocr_par' dir='ltr' id='par_1_121' title="bbox 2135 5583 3750 5668">
     <span class='ocr_line' id='line_1_121' title="bbox 2135 5583 3750 5668; baseline 0.001 -32"><span class='ocrx_word' id='word_1_794' title='bbox 2135 5585 2160 5636; x_wconf 83' lang='grc' dir='ltr'>ὁ</span> <span class='ocrx_word' id='word_1_795' title='bbox 2208 5586 2333 5647; x_wconf 77' lang='grc' dir='ltr'>Θεὸς</span> <span class='ocrx_word' id='word_1_796' title='bbox 2371 5583 2457 5640; x_wconf 85' lang='grc' dir='ltr'><strong>καὶ</strong></span> <span class='ocrx_word' id='word_1_797' title='bbox 2493 5590 2801 5650; x_wconf 85' lang='grc' dir='ltr'>σιωπῶντος</span> <span class='ocrx_word' id='word_1_798' title='bbox 2857 5592 2946 5644; x_wconf 77' lang='grc' dir='ltr'>τοῦ</span> <span class='ocrx_word' id='word_1_799' title='bbox 2978 5586 3264 5668; x_wconf 71' lang='grc' dir='ltr'>Μωυσέως,</span> <span class='ocrx_word' id='word_1_800' title='bbox 3299 5585 3384 5643; x_wconf 81' lang='grc' dir='ltr'>ὅτε</span> <span class='ocrx_word' id='word_1_801' title='bbox 3429 5587 3520 5644; x_wconf 78' lang='grc' dir='ltr'>τὸν</span> <span class='ocrx_word' id='word_1_802' title='bbox 3549 5584 3750 5664; x_wconf 70' lang='grc' dir='ltr'>Ἰσραήλ</span> 
     </span>
    </p>
   </div>
  </div>
