4020 6132
262 325 422 393 1237

1345 332 1404 395 S.
1450 333 1829 396 DEMETRII
1873 335 2273 400 MARTYRIS
2314 335 2536 400 ACTA.

3471 330 3626 401 1238

258 465 296 531 ἡ
343 486 400 520 τε
425 462 661 521 θάλασσα
708 463 804 521 καί
833 467 860 521 ὁ
891 467 1112 544 στρατὸς
1164 471 1270 523 τῶν
1308 468 1595 545 Αἰγυπτίων
1628 471 1697 531 εἷς
1743 467 1898 542 μέσον

1989 469 2124 531 dum
2179 471 2360 535 Israel
2395 483 2454 534 et
2503 488 2664 533 mare
2691 477 2750 532 et
2797 468 3155 551 IEgytiorum
3208 464 3502 535 exercitus
3556 471 3622 534 in

258 552 590 633 συνέκλειον,
644 553 792 628 ὅμως
832 555 1090 633 ἆπεκρίθη
1141 556 1312 634 λέγων
1361 559 1492 635 πρὸς
1537 557 1714 619 αὐτὸν,
1786 579 1808 613 ιι
1845 560 1903 614 Τί

257 642 392 718 βοᾷς
437 644 566 718 πρός
599 664 664 717 με
701 662 717 717 ;
753 666 778 702 ι

347 734 456 806 με’.
518 729 753 788 ’Έϐλεπε
803 734 902 811 γὰρ
955 739 1023 809 τῇ
1084 733 1539 812 καρδιογνωστικῇ
1598 737 1754 792 αὐτοϋ
1810 731 1904 790 δυ-

256 826 416 894 νάμει
449 821 548 886 τὴν
602 828 695 877 τοῦ
724 824 1000 899 προφήτου
1032 823 1214 899 φυγὴν
1263 825 1336 887 εἷς
1368 823 1615 902 οὐρανοὺς
1675 825 1907 880 ἆνιπταιο

253 910 428 982 μένην
490 909 578 964 καὶ
633 912 1067 987 προσπίπτουσαν
1111 912 1251 984 αὐτῴ
1321 919 1513 989 νοερῶς
1567 912 1651 969 διὰ
1704 912 1805 980 τήν
1849 913 1910 969 ἐκ

254 1002 364 1064 τῆς
421 996 692 1064 Θαλάσσης
745 1001 834 1055 καὶ
890 1007 996 1055 τῶν
1052 1000 1324 1076 πολεμίων
1371 1002 1476 1057 ἀπό
1494 1006 1696 1078 γνωσιν,
1734 1001 1908 1067 Οὕτως

254 1087 284 1140 ὃ
351 1087 450 1153 τὴν
484 1087 537 1141 ἐν
600 1095 728 1145 Θεοῦ
759 1089 1058 1165 γνωστικὴν
1101 1091 1259 1168 χάριν
1319 1097 1394 1162 τῷ
1426 1092 1598 1163 οἰκείῳ
1639 1096 1734 1157 τῆς
1768 1113 1907 1169 μαρ-

255 1175 448 1253 τυρίας
499 1175 693 1250 αἵματι
753 1175 967 1241 δικαίως
1011 1179 1471 1256 ἐμπορευσάμενος
1516 1181 1600 1236 καὶ
1651 1181 1902 1236 σιωπών-

252 1290 366 1322 των
421 1268 626 1335 ἂκοῦει,
689 1268 782 1324 καί
841 1268 1045 1325 ἀκούων
1098 1272 1156 1326 οὗ
1211 1269 1531 1344 καταμελεϊ.
1583 1272 1746 1346 Ὑπὲρ
1805 1272 1904 1349 γὰρ

254 1360 360 1422 τῆς
425 1355 647 1412 ἐκείνων
691 1355 975 1431 ἀδυναμίας
1047 1357 1081 1425 ἢ
1126 1358 1466 1425 ἀναισθησίας
1510 1361 1544 1425 ὴ
1603 1359 1903 1438 φιλανθρω-

257 1445 357 1500 πία
434 1447 533 1510 τὴν
590 1445 776 1501 ἕαυτοῦ
831 1447 1133 1503 καθικέτευε
1206 1449 1414 1526 ψυχὴν,
1474 1451 1501 1503 ὃ
1571 1448 1634 1514 δη
1693 1450 1778 1504 καὶ
1821 1449 1904 1503 ἐπὶ

254 1534 433 1606 τούτῳ
489 1535 564 1607 τῷ
614 1534 717 1606 νέῳ
771 1541 863 1591 τοῦ
918 1534 1179 1612 λεγεῶνος
1211 1535 1541 1613 ἐργαστηρίὼ
1595 1537 1899 1613 γεγένηται·

260 1620 432 1696 μηδὲν
489 1624 589 1700 γὰρ
648 1631 740 1679 τοῦ
793 1621 1172 1698 δαιμονιῶντος
1228 1623 1605 1702 πρεσϐευτικὸν
1675 1624 1902 1704 φθεγξα-

256 1710 420 1783 μένου
480 1712 642 1787 (μετὰ
674 1711 774 1789 γάρ
825 1716 918 1769 τοῦ
967 1712 1230 1787 δύνασθαι,
1263 1717 1364 1778 ὡς-
1389 1713 1626 1793 εἴρηται,
1659 1714 1903 1792 ἀφῄρητο

254 1801 349 1856 καὶ
400 1802 461 1855 τὸ
493 1799 768 1875 βούλεσθαι
818 1799 902 1856 διὰ
930 1803 992 1857 τὸ
1035 1803 1111 1876 μὴ
1143 1803 1284 1858 σώαν
1329 1803 1470 1858 εἶναι
1503 1792 1618 1869 τὴν
1644 1802 1899 1882 ἔννόιαν),
1927 1792 1964 1841 Β

255 1888 418 1952 αὐτὸς
481 1889 508 1943 ὁ
564 1889 718 1964 ἅγιος
775 1889 910 1945 εἵσω
966 1891 1302 1969 βροχυτάτου
1344 1890 1459 1946 λίαν
1524 1898 1710 1970 καιροῦ
1765 1895 1902 1948 σῶον

251 1977 349 2032 τὸν
377 1975 713 2051 στρατιώτην
740 1990 858 2040 τοῖς
890 1975 1038 2041 ἰδίοις
1070 1976 1363 2041 ἀπέδωκεν.

345 2054 457 2139 μς’.
522 2064 726 2145 Οὕτως,
800 2068 869 2132 ὡς
924 2067 1160 2144 εἴρηται,
1206 2074 1311 2124 τῶν
1380 2066 1644 2143 δαιμόνων
1691 2067 1903 2125 ἀπελα-

253 2154 454 2210 θέντων
498 2156 679 2234 αὐτοῦ,
714 2156 786 2218 ὡς
851 2155 987 2229 μηδὲ
1045 2159 1216 2234 ψόφον
1273 2157 1328 2214 ἐν
1387 2165 1463 2231 τῷ
1519 2155 1731 2229 ἐξιέναι,
1765 2155 1901 2232 μηδὲ

253 2245 492 2322 κραυγήν
561 2265 676 2299 τινα
733 2246 1111 2325 πεποιηκέναι,
1169 2247 1403 2323 καθάπερ
1473 2245 1653 2309 ἄλλοις
1699 2247 1899 2302 εἰώθει.

255 2353 375 2410 σαν,
438 2341 592 2389 τοῦτο
655 2336 754 2398 τῆς
812 2331 1243 2406 ὑπερϐαλλούσης
1293 2333 1560 2409 δυνάμεως
1589 2344 1682 2393 τοῦ
1739 2335 1899 2390 ἆθλο-

254 2423 416 2499 φόρου
475 2421 871 2494 ἔμποιησάσης,
931 2420 1110 2500 ὥσπερ
1153 2424 1283 2479 αὐτὰ
1338 2431 1414 2498 τῷ
1462 2422 1673 2500 ἀμέτρῳ
1728 2423 1896 2503 φόϐῳ,

257 2513 405 2586 πρωῒ
467 2511 554 2565 καὶ
587 2508 746 2565 πάλιν
790 2509 1082 2567 ἐπέπιπτον
1134 2513 1269 2571 κατὰ
1311 2513 1370 2568 τὸ
1401 2513 1580 2576 εἰωθὸς
1634 2515 1679 2568 οἱ
1710 2517 1898 2568 οίκεϊοι

255 2605 335 2670 τῷ
385 2599 676 2677 πάσχοντι,
711 2615 911 2678 χεῖρας
954 2601 1111 2656 αὐτοῦ
1173 2603 1257 2656 καὶ
1299 2600 1473 2674 ὤμους
1519 2602 1604 2656 καὶ
1661 2601 1898 2676 κεφαλὴν

256 2687 352 2742 καί
405 2688 470 2743 τὰ
528 2689 725 2764 γόνατα
794 2690 1260 2767 περισφίγγοντας.
1322 2688 1380 2747 Ὀ
1427 2688 1480 2744 δὲ
1522 2691 1653 2765 πρὸς
1714 2690 1898 2753 αὐτοὺς

258 2773 541 2848 εἷσϐλέψας
622 2776 727 2856 οὐχ
803 2777 1112 2858 αἰματώδει,
1185 2779 1359 2840 καθὼς
1436 2777 1728 2852 ἔμπροσθεν
1812 2780 1900 2832 καὶ

255 2866 632 2941 τεταραγμένῳ
707 2871 784 2938 τῷ
866 2865 1179 2946 βλέμματι,
1250 2865 1370 2922 ἀλλ’
1457 2870 1704 2924 εὐσταθεϊ
1784 2865 1900 2921 λίαν

255 2954 355 3019 τὴν
411 2958 508 3021 τῆς
569 2959 756 3033 ψυχῆς
815 2954 1057 3031 γαλήνην
1107 2957 1433 3034 ἐμφαίνοντι,
1487 2953 1742 3020 ἔκπληξιν
1800 2956 1899 3009 αὖ·

255 3055 375 3105 τοῖς
433 3043 656 3097 ἐνεποίει
733 3049 984 3122 χαρμονῇ
1068 3043 1430 3121 μεμιγμένην·
1507 3046 1580 3106 ὡς
1651 3041 1706 3097 δὲ
1775 3043 1898 3098 ἑπι-

1989 561 2183 621 medio
2229 563 2511 624 tenebant
2562 561 2884 633 inclusum,
2918 560 3156 634 silente,
3186 559 3494 638 reSpondit
3522 570 3624 623 ιιι..

1990 666 2127 708 men
2174 649 2382 710 dicens
2413 651 2483 710 ad
2517 667 2650 710 eum
2690 668 2705 709 :
2760 671 2781 703 ι
2819 646 2968 718 Quid
3000 647 3218 709 clamas
3248 647 3321 707 ad
3353 664 3448 709 me
3476 646 3509 697 6
3540 648 3565 710 ?
3595 672 3619 709 ι

2069 738 2167 799 45.
2204 736 2320 800 Sua
2350 738 2532 807 enim,
2568 755 2701 817 quae
2743 737 2924 798 corda
2952 735 3133 815 novit,
3167 735 3427 816 potentia
3477 756 3624 800 con-

1992 827 2188 904 spexit
2221 828 2522 907 prophetaa
2551 828 2808 888 animam
2858 825 3038 886 coelos
3071 843 3272 886 versus
3323 826 3620 888 volantem

1991 923 2166 994 atque
2195 924 2330 976 ante
2360 917 2550 995 ipsum
2585 923 2834 995 praeorta
2860 932 2932 975 ex
2966 916 3110 975 mari
3141 921 3202 976 et
3232 912 3493 976 inimicis
3517 914 3626 978 de-

1991 1006 2330 1083 speratione
2361 1005 2422 1064 in
2444 1005 2654 1083 spiritu
2686 1001 3373 1077 concidentem.lta,ille,
3405 1004 3506 1083 qui
3529 1023 3626 1065 co-

1989 1093 2340 1172 gnoscendi,
2376 1112 2509 1169 quae
2538 1095 2610 1153 ad
2659 1092 2844 1154 Deum
2877 1099 3170 1171 spectant,
3201 1091 3448 1170 gratiam
3483 1112 3626 1172 pro-

1990 1182 2117 1259 prio
2172 1182 2431 1260 martyrii
2492 1181 2581 1242 sui
2633 1180 2921 1258 sanguine
2967 1181 3125 1257 juste
3177 1180 3339 1250 emit,
3377 1180 3624 1244 silentes

1987 1271 2162 1330 etiam
2191 1271 2374 1342 audit,
2400 1287 2511 1332 nec
2543 1270 2791 1331 audiens
2815 1273 3064 1348 spernit.
3089 1267 3201 1330 Pro
3226 1285 3431 1329 eorum
3457 1269 3617 1330 enim

1985 1355 2332 1435 impotentia
2375 1376 2730 1418 sensuumve
2775 1357 3010 1417 defectu
3053 1355 3267 1418 animae
3313 1356 3625 1436 ipsiusmet

1986 1446 2279 1524 supplicat
2338 1446 2769 1519 misericordia,
2809 1445 2961 1525 quod
3009 1447 3157 1507 etin
3208 1463 3356 1506 nova
3385 1446 3483 1506 illa
3530 1446 3624 1508 le-

1987 1533 2179 1609 gionis
2238 1534 2471 1595 ofﬁcina
2529 1542 2621 1595 est
2673 1533 2918 1596 factum.
3000 1531 3158 1594 Nihil
3219 1534 3403 1607 enim,
3464 1533 3624 1615 quod

1987 1620 2472 1699 deprecationem
2530 1630 2721 1702 sonet,
2775 1640 3176 1701 energumeno
3231 1622 3389 1700 (cum
3449 1640 3624 1702 posse

1987 1709 2169 1787 enim,
2207 1720 2267 1770 ut
2316 1711 2536 1772 dictum
2571 1720 2680 1785 est,
2714 1711 2892 1772 etiam
2943 1709 3116 1784 velle,
3151 1711 3310 1786 quod
3368 1728 3538 1773 mens
3569 1711 3625 1773 ei

1987 1816 2129 1859 sana
2161 1817 2278 1859 non
2313 1809 2492 1874 esset,
2529 1800 2828 1879 amiserat)
2867 1801 3166 1878 loquente,
3199 1805 3326 1878 ipse
3373 1798 3624 1862 Sanctus

1985 1887 2139 1948 intra
2167 1887 2347 1949 breve
2376 1888 2692 1950 admodum
2722 1895 2955 1968 tempus
2985 1889 3340 1948 suis'sanum
3371 1889 3621 1950 militem

1984 1977 2266 2039 restituit.

2064 2067 2168 2126 46.
2219 2065 2605 2127 Βωιηοηίὺυε
2634 2065 2742 2137 sic,
2778 2073 2840 2126 ut
2870 2064 3090 2125 dictum
3139 2071 3249 2145 est,
3283 2082 3352 2127 ex
3381 2084 3452 2127 eo
3489 2067 3620 2145 eje-

1986 2153 2117 2228 ctis,
2180 2154 2262 2214 ita
2316 2163 2378 2214 ut
2437 2172 2567 2227 nec,
2623 2153 3122 2232 quemadmodum
3171 2153 3244 2214 ab
3301 2153 3434 2215 aliis
3489 2155 3622 2216 ﬁeri

1986 2243 2270 2315 soluerat,
2309 2243 2366 2303 in
2423 2242 2692 2304 exeundo
2751 2241 3090 2322 strepitum,
3137 2260 3248 2304 nec
3298 2243 3620 2304 clamorem

1984 2330 2168 2390 ullum
2205 2331 2421 2392 eximia
2453 2332 2844 2392 certaminum
2897 2329 3135 2391 victoris
3163 2331 3376 2392 virtute
3423 2331 3482 2392 id
3513 2332 3623 2392 im-

1986 2419 2290 2499 pediente,
2325 2439 2508 2499 osque
2553 2420 2990 2499 quodammodo
3037 2418 3113 2480 iis
3163 2437 3284 2499 pra;
3330 2419 3623 2481 immenso

1985 2508 2196 2569 timore
2263 2509 2630 2583 occludente,
2697 2507 3000 2568 ediderint
3047 2526 3220 2570 mane
3275 2508 3488 2569 iterum
3548 2511 3623 2571 de

1985 2615 2152 2657 more
2211 2597 2268 2657 in
2332 2598 2654 2674 patientem
2703 2595 3045 2669 familiares,
3112 2615 3318 2657 manus
3377 2598 3508 2677 ejus
3564 2608 3624 2661 et

1983 2685 2265 2746 humeros
2307 2694 2364 2747 et
2393 2695 2566 2766 caput
2597 2695 2655 2748 et
2685 2703 2876 2762 genua
2904 2685 3401 2764 constringentes,
3435 2687 3624 2749 irrue-

1985 2772 2146 2834 bant.
2179 2773 2287 2835 Hic
2329 2783 2524 2836 autem
2563 2774 2694 2834 illos
2725 2792 2843 2834 non
2893 2781 3165 2853 cruento,
3201 2781 3261 2835 ut
3308 2783 3468 2852 ante,
3503 2783 3622 2837 tur-

1985 2862 2238 2942 bataque
2269 2863 2454 2937 vultu,
2489 2863 2594 2925 sed
2629 2862 2951 2937 tranquillo
2991 2860 3335 2940 admodum,
3369 2863 3620 2925 animaa-

1985 2969 2100 3030 que
2129 2968 2329 3030 pacem
2358 2951 2775 3012 manifestante
2798 2951 3376 3030 intuitus,stuporem
3403 2953 3620 3029 gaudio

1985 3039 2223 3100 mistum
2260 3039 2330 3100 iis
2363 3041 2594 3118 injecit,
2628 3041 2774 3100 adeo
2836 3049 2919 3118 ut,
2951 3058 3081 3100 cum
3123 3038 3374 3100 maxima
3402 3057 3473 3100 ex
3505 3041 3623 3101 sibi

253 3131 388 3187 πολὺ
475 3129 890 3205 καθηδυνόμενοι
962 3138 1030 3207 τῇ
1106 3133 1196 3204 θέᾳ
1259 3133 1323 3207 τῆ
1383 3134 1513 3208 πρὸς
1577 3131 1731 3187 αὐτον
1812 3137 1898 3186 τοῦ

1987 3128 2044 3188 in
2078 3129 2179 3188 illo
2211 3128 2406 3188 oblato
2439 3129 2785 3208 spectaculo
2817 3128 3115 3207 voluptate
3142 3135 3406 3208 accepta,
3443 3130 3617 3208 quid-

253 3218 529 3294 φθέξασθαί
586 3241 637 3275 τι
699 3223 1031 3293 τιυσματικὸν
1088 3219 1430 3299 ἐπελάθοντο,
1463 3221 1735 3296 αὐτάρκως
1805 3220 1899 3282 τὰς

251 3309 454 3364 ἑαυτῶν
513 3310 694 3387 ψυχας
726 3307 809 3365 διὰ
861 3315 961 3376 τῆς
1021 3311 1253 3388 ὁράσεως
1311 3314 1398 3365 καὶ
1456 3309 1624 3383 μόνης
1683 3309 1897 3386 εὔφραί-

255 3417 458 3469 νοντες,
502 3396 720 3476 ἔφθασεν
779 3397 935 3462 αὐτός
983 3405 1050 3474 τῇ
1104 3401 1384 3475 Ῥωμαϊκῇ
1415 3397 1631 3476 γλώττῃ
1688 3398 1898 3475 ἐρωτῶν

251 3485 438 3550 αὐτοὺς
471 3485 906 3560 ἀπροσδοκήτως,

335 3574 445 3650 μζ’.
515 3576 596 3647 Τί,
657 3575 796 3653 φησί
877 3575 1159 3650 ἐμπίπτειν
1231 3575 1561 3654 ἐπιχειρεϊτέ
1628 3599 1720 3650 μοι
1806 3576 1893 3630 καὶ

251 3663 529 3742 κατέχειν,
580 3663 757 3742 ὤσπερ
812 3666 930 3730 τοὶς
988 3663 1043 3719 ἐν
1101 3665 1269 3744 χύχει
1315 3663 1521 3742 σφοδρῷ
1576 3663 1896 3742 σφενδονουο-

253 3754 443 3829 μένους
499 3753 628 3829 ὑπὲρ
660 3754 757 3819 τὴν
805 3752 1015 3828 κλίνην,
1048 3754 1083 3821 ἢ
1131 3754 1248 3818 τοὺς
1306 3752 1360 3806 ἐν
1387 3753 1645 3825 πνεύματι
1701 3751 1893 3826 δαιμο-

254 3841 348 3915 νίῳ
406 3838 846 3917 στρεϐλουμένους
876 3843 942 3898 τὰ
970 3843 1192 3912 σώματα
1226 3859 1241 3914 ;
1296 3843 1354 3898 (ii
1385 3840 1438 3896 δὲ
1498 3842 1581 3895 καὶ
1609 3841 1705 3907 τὴν
1758 3841 1895 3919 ἐρώ-

254 3952 411 3996 τησιν
489 3929 916 4006 καταπλαγέντες
1001 3934 1073 3994 ὡς
1159 3931 1402 4009 σώφρονα
1486 3930 1572 3984 καὶ
1627 3930 1724 3995 τὴν
1809 3938 1899 3987 τοῦ

256 4020 573 4096 πράγματος
631 4019 886 4089 ἀλήθειαν
943 4021 1114 4076 εἰπεῖν
1172 4017 1548 4098 αἰσχυνόμενοι
1608 4017 1900 4093 ἂπακρίθη-

257 4130 355 4166 σαν
415 4109 605 4173 οὕτως’
646 4108 956 4188 Κατέχομέν
1007 4131 1063 4164 σε
1107 4107 1251 4172 ὅπως
1313 4107 1538 4169 ἀναστὰς
1571 4105 1778 4184 ἐνδύσῃ,
1813 4107 1898 4162 καὶ

248 4195 565 4271 ἀπέλθωμεν
625 4200 698 4258 εἷς
746 4201 837 4253 τὸν
891 4196 1048 4253 οἶκόν
1109 4219 1224 4256 σου.
1289 4188 1346 4254 Ὀ
1392 4195 1446 4250 δέ
1503 4197 1631 4274 πρὸς
1683 4196 1892 4258 αὐτούς·

251 4287 403 4347 Τίνος
459 4287 558 4362 γὰρ
628 4287 786 4365 χάριν
837 4285 1055 4345 ἐνταῦθα
1113 4287 1529 4362 παρεγενόμεθα,
1592 4285 1726 4358 μήτε
1772 4285 1894 4360 ἑορ-

249 4375 347 4442 τῆς
409 4374 600 4444 οὔσης,
657 4376 791 4448 μήτε
845 4374 1010 4431 ἄλλου
1061 4377 1203 4438 τινὸς
1263 4374 1713 4449 κατεπείγοντος,
1761 4372 1896 4428 οὕτω

246 4465 372 4543 γὰρ,
406 4466 479 4527 ὡς
537 4464 774 4541 εἴρηται,
825 4463 1192 4537 ἠλλοιωμένος
1256 4463 1519 4541 ἐτύγχανε
1571 4485 1662 4525 τας
1707 4451 1961 4541 φρέναςῡ

247 4555 309 4608 τὸ
383 4554 657 4630 πρότερον,
692 4553 765 4615 ὡς
827 4550 967 4626 μηδὲ
1025 4551 1318 4625 διάλειμμα
1363 4551 1558 4630 ἔχοντα
1614 4549 1896 4627 διαγνωναι

303 4640 316 4658 ς
399 4641 424 4660 η
813 4643 826 4664 ,
916 4641 932 4659 κ
1110 4642 1123 4660 ι
1218 4642 1231 4662 ,
1277 4642 1289 4658 ς
1609 4639 1618 4656 ι
1849 4639 1860 4655 ς

248 4644 348 4697 κᾶν
399 4663 477 4696 οτι
537 4653 708 4702 νοσεῖ,
771 4651 829 4698 Οι
885 4639 939 4695 δε
1010 4663 1127 4718 περι
1177 4663 1331 4696 αυτον
1390 4639 1738 4714 ἐκπλαγέντες
1799 4661 1896 4704 την

251 4728 586 4809 σφοδρότητα
653 4732 745 4784 τοῦ
823 4730 1009 4790 πάθους
1081 4732 1167 4785 καὶ
1239 4731 1728 4804 ὑπερθιυμαίσαντες
1799 4731 1897 4791 τήν

247 4819 496 4897 θεοφόρον
556 4817 822 4895 ἐνέργειαν
851 4826 944 4874 τοῦ
1003 4818 1262 4896 μάρτυρος
1314 4815 1677 4894 φιλάνθρωπον
1736 4816 1896 4872 εἶπον

245 4909 380 4984 πρὸς
441 4907 618 4968 αὐτόν,
673 4908 770 4962 Διὰ
823 4908 873 4962 τί
932 4907 1030 4981 μὲν
1086 4905 1241 4973 ἦλθες
1300 4905 1538 4983 ἐνταῦθα,
1568 4905 1625 4959 οὒ
1683 4905 1792 4982 χρή
1837 4926 1895 4959 σε

249 5004 336 5052 νῦν
391 5001 608 5070 μαθεῖν’
654 4997 954 5075 εὐχαρίστει
1015 4993 1066 5050 δὲ
1123 5001 1199 5068 τῷ
1245 4997 1378 5068 Θεῷ,
1433 4996 1519 5049 καὶ
1577 4990 1752 5064 δόξαζε
1804 4994 1894 5048 τὸν

246 5085 401 5162 ἅγιον
459 5089 616 5144 αὐτοῦ
660 5085 915 5160 μάρτυρα,
948 5083 1029 5140 ὅτι
1087 5085 1145 5140 σὲ
1195 5085 1272 5156 μὴ
1331 5082 1524 5160 γνόντα
1552 5080 1679 5137 διότι
1734 5080 1892 5147 ἦλθες

246 5175 491 5253 ἐνταῦθα,
548 5181 636 5229 νῦν
714 5173 1063 5230 ἀποστέλλει’
1114 5172 1454 5250 γινώσκοντα
1517 5171 1614 5237 τὴν
1673 5173 1745 5234 εἷς
1802 5172 1891 5226 τὸν

247 5264 403 5320 οἶκον
434 5259 709 5319 ἐπάνοδον.
750 5269 836 5335 Τῷ
863 5260 917 5316 δὲ
951 5267 1066 5334 Θεῷ
1094 5264 1248 5336 ἡμῶν
1277 5264 1310 5329 ἡ
1333 5259 1476 5334 δόξα,
1507 5283 1562 5317 κ.
1595 5282 1644 5318 τ.
1681 5258 1735 5322 λ,

326 5427 360 5478 6
387 5428 571 5491 Exod.
609 5445 728 5501 xxv,
763 5430 865 5490 15.

321 5535 435 5604 (22)
469 5534 607 5591 Cum
641 5533 1006 5599 miraculum,
1053 5532 1144 5590 hic
1185 5533 1446 5599 relatum,
1475 5533 1627 5589 haud
1674 5531 1890 5604 dudum

249 5619 408 5673 tunc,
438 5619 571 5661 cum
603 5606 719 5661 hac
759 5607 1056 5670 scriberet,
1087 5605 1389 5666 accidisse,
1430 5604 1682 5660 Joannes
1711 5603 1892 5660 Thes-

249 5677 626 5738 salonicensis
679 5687 850 5746 supra
886 5689 1044 5732 num.
1109 5676 1177 5732 η
1210 5676 1438 5742 indicet,
1474 5688 1590 5731 non
1645 5680 1731 5730 est
1759 5689 1897 5731 sane

1983 3235 2182 3297 quam,
2239 3217 2394 3296 quod
2448 3236 2585 3278 eum
2640 3223 3093 3295 interrogarent,
3150 3216 3444 3295 proferre,
3494 3218 3619 3280 solo

1982 3307 2156 3367 etiam
2207 3305 2332 3366 visu
2366 3305 2598 3366 animos
2657 3305 3023 3367 sufﬁcienter
3053 3304 3417 3366 obiectantes
3447 3304 3620 3368 oble-

1981 3403 2208 3456 ctantes
2262 3395 2778 3473 obliviscerentur,
2810 3395 2938 3474 ipse
2983 3395 3144 3474 prius
3173 3394 3306 3456 illos
3355 3396 3623 3457 Romana

1979 3483 2179 3558 lingua
2209 3482 2613 3562 inexspectato
2640 3484 3037 3561 interrogarit.

2055 3572 2154 3632 4'7.
2182 3571 2358 3644 Quid,
2389 3572 2602 3652 inquit,
2625 3589 2719 3632 me
2748 3570 3057 3644 invadere,
3087 3589 3198 3632 nec
3229 3569 3612 3649 aliter,quam

1978 3661 2081 3738 qui
2133 3679 2251 3739 prae
2281 3661 2500 3738 algoris
2553 3661 2927 3721 vehementia
2956 3661 3015 3719 in
3060 3660 3212 3720 lecto
3245 3661 3496 3723 contorti
3528 3661 3621 3739 ja-

1979 3756 2115 3808 cent
2162 3749 2585 3827 corporibusve
2618 3750 2678 3809 in
2729 3747 3096 3810 damoniaco
3129 3749 3340 3828 spiritu
3393 3749 3616 3811 distor-

1983 3845 2260 3916 quentur,
2297 3837 2604 3899 continere
2657 3837 3008 3899 conamini?
3057 3837 3146 3899 Illi
3182 3855 3313 3900 vero
3369 3837 3622 3900 interro-

1979 3925 2238 4004 gatione,
2272 3932 2473 4004 utpote
2521 3945 2651 4006 quae
2680 3944 2837 3986 sanae
2869 3934 3025 3987 esset
3073 3930 3309 4001 mentis,
3346 3926 3621 4006 obstupe—

1981 4015 2138 4085 facti,
2173 4015 2378 4093 reique
2409 4016 2714 4076 veritatem
2749 4015 2949 4076 dicere
2981 4015 3426 4088 erubescentes,
3462 4016 3620 4078 hunc

1979 4103 2415 4180 responderunt
2447 4104 2504 4163 in
2530 4103 2794 4164 modum:
2824 4103 3175 4165 Detinemus
3200 4112 3349 4173 te,ut
3369 4122 3620 4183 surgens

1979 4193 2248 4252 vestiaris
2263 4200 2437 4270 atque
2458 4192 2739 4252 abeamus
2757 4193 2814 4252 in
2835 4192 3074 4253 domum
3095 4193 3616 4256 tuamJllicautem

1982 4281 2097 4342 illis
2123 4281 2378 4361 reponit:
2414 4279 2487 4342 Ut
2510 4281 2648 4360 quid
2677 4299 2834 4361 vero,
2865 4300 2996 4342 cum
3022 4300 3132 4342 nec
3157 4282 3284 4342 dies
3307 4282 3493 4342 festus
3513 4282 3610 4357 sit,

1982 4389 2092 4432 nec
2110 4370 2265 4430 aliud
2282 4369 2602 4450 quidquam
2619 4371 2970 4448 urgeat,huc
2998 4371 3214 4451 nos(ita
3229 4370 3386 4431 enim
3419 4370 3610 4447 prius,

1981 4467 2042 4520 ut
2064 4459 2282 4520 dictum
2311 4467 2462 4533 est,a
2487 4467 2685 4520 mente
2705 4459 2993 4521 alienatus
3019 4466 3238 4532 erat,ut
3260 4477 3606 4539 neque,quo

1981 4567 2113 4609 sese
2145 4557 2430 4623 aegrotare
2480 4557 2890 4626 cognosceret,
2926 4547 3308 4610 interstitium
3342 4547 3610 4628 haberet)

1976 4635 2354 4698 advenimus?
2379 4635 2465 4697 llli
2488 4638 2808 4716 autem,qui
2839 4655 3021 4718 prope
3042 4637 3207 4698 illum
3231 4635 3614 4703 erant,morbi

1977 4725 2352 4787 vehementia
2407 4723 2814 4804 obstupefacti,
2851 4725 3438 4805 misericordemque,
3485 4743 3616 4805 quae

1979 4813 2243 4875 divinum
2275 4811 2416 4888 quid
2449 4813 2776 4892 praeferret,
2812 4813 3082 4893 martyris
3131 4814 3402 4875 virtutem
3436 4831 3611 4891 supra

1983 4904 2218 4964 modum
2250 4901 2611 4962 admirantes
2643 4901 2917 4963 dixerunt
2944 4903 3016 4963 ad
3051 4921 3224 4965 eum:
3261 4905 3440 4974 Quam
3475 4902 3612 4980 qui-

1978 4993 2111 5054 dem
2148 4990 2222 5051 ob
2245 5009 2480 5051 causam
2513 4990 2629 5051 huc
2662 4991 2922 5066 veneris,
2956 5009 3074 5052 non
3105 4999 3342 5071 oportet
3375 4997 3429 5049 te
3459 4992 3612 5051 scire

1978 5080 2154 5142 modo
2202 5079 2423 5157 gratias
2455 5087 2650 5140 autem
2703 5097 2810 5154 age
2859 5082 3006 5154 Deo,
3040 5088 3426 5158 sanctumque
3481 5078 3612 5156 ejus

1979 5179 2290 5248 martyrem
2344 5168 2536 5240 lauda,
2571 5167 2727 5247 quod
2778 5175 2855 5244 te,
2889 5186 2994 5229 cur
3041 5168 3157 5228 huc
3198 5167 3438 5230 veneris
3483 5185 3603 5228 non

1975 5265 2341 5329 poscentem,
2375 5259 2613 5319 domum
2669 5257 2842 5317 modo
2874 5257 3069 5318 redire
3119 5264 3486 5336 noscontem,
3523 5256 3610 5317 di-

1971 5350 2189 5408 mittat.
2223 5344 2368 5424 (2‘2).
2403 5345 2526 5407 Deo
2559 5355 2762 5406 nostro
2786 5346 2999 5424 gloria,
3032 5354 3144 5407 ect.

1977 5547 2080 5590 cur
2130 5533 2185 5588 id
2218 5539 2514 5588 revocetur
2545 5531 2602 5587 in
2656 5531 2916 5602 dubium,
2953 5545 3057 5586 nec
3112 5532 3278 5588 etiam
3312 5531 3610 5602 ambigen-

1977 5605 2113 5662 dum
2145 5603 2388 5672 videtur,
2420 5605 2560 5672 quin
2593 5601 2774 5658 sancti
2805 5601 3071 5657 Demetrii
3107 5603 3336 5671 virtute,
3367 5602 3446 5658 uti
3477 5601 3610 5672 Qui-

1978 5675 2105 5734 dam
2139 5676 2379 5745 scriptor
2405 5681 2710 5735 asseverat,
2746 5673 2914 5728 tuerit
2951 5678 3252 5743 patratum.
