  <div class='ocr_page' id='page_1' title='image "/cluster/home/n/w/nwhite01/storage/ocr_20150623/116/mdp.39015008903554/627.png"; bbox 0 0 4056 6152; ppageno 0'>
   <div class='ocr_carea' id='block_1_1' title="bbox 437 237 2078 322">
    <p class='ocr_par' dir='ltr' id='par_1_1' title="bbox 437 237 2078 312">
     <span class='ocr_line' id='line_1_1' title="bbox 437 237 2078 312; baseline 0.004 -6"><span class='ocrx_word' id='word_1_1' title='bbox 437 237 592 309; x_wconf 76' lang='lat'><strong><em>1239</em></strong></span> <span class='ocrx_word' id='word_1_2' title='bbox 1813 251 2078 312; x_wconf 88' lang='lat' dir='ltr'><strong><em>SUPPLI</em></strong></span> 
     </span>
    </p>
   </div>
   <div class='ocr_carea' id='block_1_2' title="bbox 2168 237 3816 322">
    <p class='ocr_par' dir='ltr' id='par_1_2' title="bbox 2172 253 3816 322">
     <span class='ocr_line' id='line_1_2' title="bbox 2172 253 3816 322; baseline 0.004 -7"><span class='ocrx_word' id='word_1_3' title='bbox 2172 253 2437 316; x_wconf 88' lang='lat' dir='ltr'>ENTUM</span> <span class='ocrx_word' id='word_1_4' title='bbox 2448 301 2460 316; x_wconf 93' lang='lat'><strong><em>.</em></strong></span> <span class='ocrx_word' id='word_1_5' title='bbox 3673 253 3816 322; x_wconf 76' lang='grc'><strong><em>1240</em></strong></span> 
     </span>
    </p>
   </div>
   <div class='ocr_carea' id='block_1_3' title="bbox 1961 384 2287 448">
    <p class='ocr_par' dir='ltr' id='par_1_3' title="bbox 1961 384 2287 448">
     <span class='ocr_line' id='line_1_3' title="bbox 1961 384 2287 448; baseline 0.009 -9"><span class='ocrx_word' id='word_1_6' title='bbox 1961 384 2184 448; x_wconf 77' lang='lat' dir='ltr'><strong><em>CAPUT</em></strong></span> <span class='ocrx_word' id='word_1_7' title='bbox 2220 389 2287 444; x_wconf 86' lang='lat' dir='ltr'><strong><em>V.</em></strong></span> 
     </span>
    </p>
   </div>
   <div class='ocr_carea' id='block_1_4' title="bbox 794 475 3455 560">
    <p class='ocr_par' dir='ltr' id='par_1_4' title="bbox 794 475 3455 560">
     <span class='ocr_line' id='line_1_4' title="bbox 794 475 3455 560; baseline 0.005 -28"><span class='ocrx_word' id='word_1_8' title='bbox 794 475 894 542; x_wconf 85' lang='lat' dir='ltr'><strong><em>Qui</em></strong></span> <span class='ocrx_word' id='word_1_9' title='bbox 918 477 1104 535; x_wconf 81' lang='lat' dir='ltr'><strong><em>Sancti</em></strong></span> <span class='ocrx_word' id='word_1_10' title='bbox 1133 476 1388 551; x_wconf 73' lang='lat' dir='ltr'><strong><em>reliquias</em></strong></span> <span class='ocrx_word' id='word_1_11' title='bbox 1417 479 1732 549; x_wconf 83' lang='lat' dir='ltr'><strong><em>postularit,</em></strong></span> <span class='ocrx_word' id='word_1_12' title='bbox 1767 494 1957 550; x_wconf 81' lang='lat' dir='ltr'><strong><em>easque</em></strong></span> <span class='ocrx_word' id='word_1_13' title='bbox 1991 487 2159 537; x_wconf 78' lang='lat' dir='ltr'><strong><em>tamen</em></strong></span> <span class='ocrx_word' id='word_1_14' title='bbox 2187 485 2338 542; x_wconf 76' lang='lat' dir='ltr'><strong><em>haud</em></strong></span> <span class='ocrx_word' id='word_1_15' title='bbox 2374 487 2634 560; x_wconf 79' lang='lat' dir='ltr'><strong><em>imperari</em></strong></span> <span class='ocrx_word' id='word_1_16' title='bbox 2663 487 2960 559; x_wconf 85' lang='lat' dir='ltr'><strong><em>imperator</em></strong></span> <span class='ocrx_word' id='word_1_17' title='bbox 2997 485 3279 547; x_wconf 79' lang='lat' dir='ltr'><strong><em>Mauritius</em></strong></span> <span class='ocrx_word' id='word_1_18' title='bbox 3319 487 3455 560; x_wconf 66' lang='lat'><strong><em>(23).</em></strong></span> 
     </span>
    </p>
   </div>
   <div class='ocr_carea' id='block_1_5' title="bbox 513 574 2078 667">
    <p class='ocr_par' dir='ltr' id='par_1_5' title="bbox 513 574 2076 667">
     <span class='ocr_line' id='line_1_5' title="bbox 513 574 2076 667; baseline 0.002 -31"><span class='ocrx_word' id='word_1_19' title='bbox 513 574 826 667; x_wconf 86' lang='lat' dir='ltr'><strong><em>Dilecti,ad</em></strong></span> <span class='ocrx_word' id='word_1_20' title='bbox 846 576 1036 667; x_wconf 81' lang='lat' dir='ltr'><strong><em>magni</em></strong></span> <span class='ocrx_word' id='word_1_21' title='bbox 1059 575 1318 667; x_wconf 79' lang='lat' dir='ltr'><strong><em>e_t_iam,si</em></strong></span> <span class='ocrx_word' id='word_1_22' title='bbox 1341 575 1896 667; x_wconf 75' lang='lat' dir='ltr'><strong><em>placet,deilerique</em></strong></span> <span class='ocrx_word' id='word_1_23' title='bbox 1925 597 2076 639; x_wconf 90' lang='lat' dir='ltr'><strong><em>mar-</em></strong></span> 
     </span>
    </p>
   </div>
   <div class='ocr_carea' id='block_1_6' title="bbox 2168 574 3814 667">
    <p class='ocr_par' dir='ltr' id='par_1_6' title="bbox 2240 585 3814 667">
     <span class='ocr_line' id='line_1_6' title="bbox 2240 585 3814 667; baseline 0.002 -26"><span class='ocrx_word' id='word_1_24' title='bbox 2240 585 2568 662; x_wconf 84' lang='grc' dir='ltr'>Ἀγαπητοὶ,</span> <span class='ocrx_word' id='word_1_25' title='bbox 2605 586 2862 661; x_wconf 63' lang='grc' dir='ltr'>ἔλθωμεν,</span> <span class='ocrx_word' id='word_1_26' title='bbox 2899 588 2941 642; x_wconf 81' lang='grc' dir='ltr'><strong><em>εἰ</em></strong></span> <span class='ocrx_word' id='word_1_27' title='bbox 2997 585 3166 667; x_wconf 77' lang='grc' dir='ltr'>δοκεῖ,</span> <span class='ocrx_word' id='word_1_28' title='bbox 3200 590 3265 644; x_wconf 77' lang='grc' dir='ltr'>τὰ</span> <span class='ocrx_word' id='word_1_29' title='bbox 3314 589 3488 646; x_wconf 78' lang='grc' dir='ltr'>πολλᾶ</span> <span class='ocrx_word' id='word_1_30' title='bbox 3541 587 3814 667; x_wconf 74' lang='grc' dir='ltr'>παραδρα-</span> 
     </span>
    </p>
   </div>
   <div class='ocr_carea' id='block_1_7' title="bbox 441 663 2078 758">
    <p class='ocr_par' dir='ltr' id='par_1_7' title="bbox 441 663 2078 758">
     <span class='ocr_line' id='line_1_7' title="bbox 441 663 2078 758; baseline 0 -31"><span class='ocrx_word' id='word_1_31' title='bbox 441 666 605 746; x_wconf 86' lang='lat' dir='ltr'><strong><em>tyris,</em></strong></span> <span class='ocrx_word' id='word_1_32' title='bbox 641 663 1054 758; x_wconf 70' lang='lat' dir='ltr'><strong><em>praetermissis</em></strong></span> <span class='ocrx_word' id='word_1_33' title='bbox 1084 664 1157 725; x_wconf 93' lang='lat' dir='ltr'><strong><em>iis</em></strong></span> <span class='ocrx_word' id='word_1_34' title='bbox 1190 682 1322 745; x_wconf 64' lang='lat' dir='ltr'><strong><em>quae</em></strong></span> <span class='ocrx_word' id='word_1_35' title='bbox 1349 665 1611 744; x_wconf 83' lang='lat' dir='ltr'><strong><em>vulgaria</em></strong></span> <span class='ocrx_word' id='word_1_36' title='bbox 1653 674 1812 738; x_wconf 87' lang='lat' dir='ltr'><strong><em>sunt,</em></strong></span> <span class='ocrx_word' id='word_1_37' title='bbox 1847 667 2078 746; x_wconf 90' lang='lat' dir='ltr'><strong><em>appari-</em></strong></span> 
     </span>
    </p>
   </div>
   <div class='ocr_carea' id='block_1_8' title="bbox 2168 663 3814 758">
    <p class='ocr_par' dir='ltr' id='par_1_8' title="bbox 2171 663 3814 758">
     <span class='ocr_line' id='line_1_8' title="bbox 2171 663 3814 758; baseline 0.001 -28"><span class='ocrx_word' id='word_1_38' title='bbox 2171 675 2382 754; x_wconf 68' lang='grc' dir='ltr'>μόντες,</span> <span class='ocrx_word' id='word_1_39' title='bbox 2414 678 2502 732; x_wconf 86' lang='grc' dir='ltr'><strong><em>καὶ</em></strong></span> <span class='ocrx_word' id='word_1_40' title='bbox 2555 679 2628 740; x_wconf 77' lang='grc' dir='ltr'>εἷς</span> <span class='ocrx_word' id='word_1_41' title='bbox 2685 677 2939 738; x_wconf 74' lang='grc' dir='ltr'><strong><em>ὀπτασίας</em></strong></span> <span class='ocrx_word' id='word_1_42' title='bbox 2995 697 3085 731; x_wconf 78' lang='grc' dir='ltr'>το.)</span> <span class='ocrx_word' id='word_1_43' title='bbox 3138 663 3374 755; x_wconf 80' lang='grc' dir='ltr'>μεγάλου</span> <span class='ocrx_word' id='word_1_44' title='bbox 3432 680 3520 734; x_wconf 84' lang='grc' dir='ltr'><strong><em>καὶ</em></strong></span> <span class='ocrx_word' id='word_1_45' title='bbox 3567 663 3814 758; x_wconf 61' lang='grc' dir='ltr'>θεοφεέρου</span> 
     </span>
    </p>
   </div>
   <div class='ocr_carea' id='block_1_9' title="bbox 439 751 2078 844">
    <p class='ocr_par' dir='ltr' id='par_1_9' title="bbox 439 751 2078 834">
     <span class='ocr_line' id='line_1_9' title="bbox 439 751 2078 834; baseline 0.001 -19"><span class='ocrx_word' id='word_1_46' title='bbox 439 754 658 827; x_wconf 80' lang='lat' dir='ltr'><strong><em>tiones,</em></strong></span> <span class='ocrx_word' id='word_1_47' title='bbox 695 751 968 813; x_wconf 83' lang='lat' dir='ltr'><strong><em>eximiam</em></strong></span> <span class='ocrx_word' id='word_1_48' title='bbox 1023 754 1198 814; x_wconf 89' lang='lat' dir='ltr'><strong><em>etiam</em></strong></span> <span class='ocrx_word' id='word_1_49' title='bbox 1246 772 1351 834; x_wconf 89' lang='lat' dir='ltr'><strong><em>per</em></strong></span> <span class='ocrx_word' id='word_1_50' title='bbox 1404 772 1502 816; x_wconf 89' lang='lat' dir='ltr'><strong><em>eas</em></strong></span> <span class='ocrx_word' id='word_1_51' title='bbox 1554 755 1879 833; x_wconf 82' lang='lat' dir='ltr'><strong><em>magniﬁcae</em></strong></span> <span class='ocrx_word' id='word_1_52' title='bbox 1931 755 2078 817; x_wconf 82' lang='lat' dir='ltr'><strong><em>illius</em></strong></span> 
     </span>
    </p>
   </div>
   <div class='ocr_carea' id='block_1_10' title="bbox 2168 751 3814 844">
    <p class='ocr_par' dir='ltr' id='par_1_10' title="bbox 2171 763 3814 844">
     <span class='ocr_line' id='line_1_10' title="bbox 2171 763 3814 844; baseline 0.001 -26"><span class='ocrx_word' id='word_1_53' title='bbox 2171 764 2455 843; x_wconf 77' lang='grc' dir='ltr'>μάρτυρος,</span> <span class='ocrx_word' id='word_1_54' title='bbox 2515 764 2804 829; x_wconf 77' lang='grc' dir='ltr'>δεικνύντες</span> <span class='ocrx_word' id='word_1_55' title='bbox 2835 767 2921 822; x_wconf 81' lang='grc' dir='ltr'>καὶ</span> <span class='ocrx_word' id='word_1_56' title='bbox 2981 763 3048 820; x_wconf 87' lang='grc' dir='ltr'><strong><em>δι’</em></strong></span> <span class='ocrx_word' id='word_1_57' title='bbox 3110 766 3279 822; x_wconf 67' lang='grc' dir='ltr'>αὐτῶν</span> <span class='ocrx_word' id='word_1_58' title='bbox 3331 767 3426 834; x_wconf 75' lang='grc' dir='ltr'><strong><em>τὴν</em></strong></span> <span class='ocrx_word' id='word_1_59' title='bbox 3485 768 3814 844; x_wconf 73' lang='grc' dir='ltr'>δπερμεγέθτι</span> 
     </span>
    </p>
   </div>
   <div class='ocr_carea' id='block_1_11' title="bbox 436 841 2078 935">
    <p class='ocr_par' dir='ltr' id='par_1_11' title="bbox 436 841 2078 935">
     <span class='ocr_line' id='line_1_11' title="bbox 436 841 2078 935; baseline 0.001 -31"><span class='ocrx_word' id='word_1_60' title='bbox 436 841 881 935; x_wconf 71' lang='lat' dir='ltr'><strong><em>ineﬂ‘ahilisque</em></strong></span> <span class='ocrx_word' id='word_1_61' title='bbox 897 843 1176 935; x_wconf 64' lang='lat' dir='ltr'><strong><em>potentiae</em></strong></span> <span class='ocrx_word' id='word_1_62' title='bbox 1198 843 1445 922; x_wconf 80' lang='lat' dir='ltr'><strong><em>gloriam</em></strong></span> <span class='ocrx_word' id='word_1_63' title='bbox 1471 845 2078 935; x_wconf 82' lang='lat' dir='ltr'><strong><em>ostendentes,venia-</em></strong></span> 
     </span>
    </p>
   </div>
   <div class='ocr_carea' id='block_1_12' title="bbox 2168 841 3817 935">
    <p class='ocr_par' dir='ltr' id='par_1_12' title="bbox 2171 852 3817 935">
     <span class='ocr_line' id='line_1_12' title="bbox 2171 852 3817 935; baseline 0.002 -27"><span class='ocrx_word' id='word_1_64' title='bbox 2171 852 2321 919; x_wconf 79' lang='grc' dir='ltr'>δόξαν</span> <span class='ocrx_word' id='word_1_65' title='bbox 2365 860 2459 921; x_wconf 78' lang='grc' dir='ltr'>νῆς</span> <span class='ocrx_word' id='word_1_66' title='bbox 2517 853 2981 933; x_wconf 76' lang='grc' dir='ltr'><strong><em>μεγαλοπρεπείας</em></strong></span> <span class='ocrx_word' id='word_1_67' title='bbox 3039 856 3198 912; x_wconf 69' lang='grc' dir='ltr'>αὐτοῦ</span> <span class='ocrx_word' id='word_1_68' title='bbox 3257 856 3342 912; x_wconf 80' lang='grc' dir='ltr'><strong><em>καὶ</em></strong></span> <span class='ocrx_word' id='word_1_69' title='bbox 3399 862 3494 922; x_wconf 79' lang='grc' dir='ltr'>τῆς</span> <span class='ocrx_word' id='word_1_70' title='bbox 3552 856 3817 935; x_wconf 61' lang='grc' dir='ltr'>ἀνεκφρά-</span> 
     </span>
    </p>
   </div>
   <div class='ocr_carea' id='block_1_13' title="bbox 437 928 2078 1024">
    <p class='ocr_par' dir='ltr' id='par_1_13' title="bbox 437 928 2078 1024">
     <span class='ocr_line' id='line_1_13' title="bbox 437 928 2078 1024; baseline 0.001 -31"><span class='ocrx_word' id='word_1_71' title='bbox 437 949 589 993; x_wconf 91' lang='lat' dir='ltr'><strong><em>mus.</em></strong></span> <span class='ocrx_word' id='word_1_72' title='bbox 625 928 919 1024; x_wconf 75' lang='lat' dir='ltr'><strong><em>Quoniam</em></strong></span> <span class='ocrx_word' id='word_1_73' title='bbox 954 932 1112 993; x_wconf 91' lang='lat' dir='ltr'><strong><em>enim</em></strong></span> <span class='ocrx_word' id='word_1_74' title='bbox 1148 951 1383 1013; x_wconf 88' lang='lat' dir='ltr'><strong><em>semper</em></strong></span> <span class='ocrx_word' id='word_1_75' title='bbox 1414 932 1944 1012; x_wconf 82' lang='lat' dir='ltr'><strong><em>quidem,maxime</em></strong></span> <span class='ocrx_word' id='word_1_76' title='bbox 1974 952 2078 994; x_wconf 91' lang='lat' dir='ltr'><strong><em>au-</em></strong></span> 
     </span>
    </p>
   </div>
   <div class='ocr_carea' id='block_1_14' title="bbox 2168 928 3816 1024">
    <p class='ocr_par' dir='ltr' id='par_1_14' title="bbox 2173 928 3816 1024">
     <span class='ocr_line' id='line_1_14' title="bbox 2173 928 3816 1024; baseline 0.001 -26"><span class='ocrx_word' id='word_1_77' title='bbox 2173 965 2297 998; x_wconf 90' lang='grc' dir='ltr'>στου</span> <span class='ocrx_word' id='word_1_78' title='bbox 2353 928 2650 1018; x_wconf 75' lang='grc' dir='ltr'>δυνάμεως,</span> <span class='ocrx_word' id='word_1_79' title='bbox 2710 943 2928 1011; x_wconf 79' lang='grc' dir='ltr'>Ἐπειδή</span> <span class='ocrx_word' id='word_1_80' title='bbox 2980 943 3082 1022; x_wconf 77' lang='grc' dir='ltr'>γὰρ</span> <span class='ocrx_word' id='word_1_81' title='bbox 3140 944 3526 1024; x_wconf 78' lang='grc' dir='ltr'>φιλομάρτυρες</span> <span class='ocrx_word' id='word_1_82' title='bbox 3578 928 3816 1024; x_wconf 66' lang='grc' dir='ltr'>ἆκρίϐεἷς</span> 
     </span>
    </p>
   </div>
   <div class='ocr_carea' id='block_1_15' title="bbox 440 1017 2078 1111">
    <p class='ocr_par' dir='ltr' id='par_1_15' title="bbox 440 1017 2078 1111">
     <span class='ocr_line' id='line_1_15' title="bbox 440 1017 2078 1111; baseline 0.001 -29"><span class='ocrx_word' id='word_1_83' title='bbox 440 1028 559 1111; x_wconf 77' lang='lat' dir='ltr'><strong><em>tam</em></strong></span> <span class='ocrx_word' id='word_1_84' title='bbox 592 1017 943 1111; x_wconf 63' lang='lat' dir='ltr'><strong><em>idololatria)</em></strong></span> <span class='ocrx_word' id='word_1_85' title='bbox 972 1029 1263 1102; x_wconf 89' lang='lat' dir='ltr'><strong><em>tempore,</em></strong></span> <span class='ocrx_word' id='word_1_86' title='bbox 1297 1021 1400 1103; x_wconf 89' lang='lat' dir='ltr'><strong><em>qui</em></strong></span> <span class='ocrx_word' id='word_1_87' title='bbox 1459 1021 1749 1083; x_wconf 86' lang='lat' dir='ltr'><strong><em>civitatem</em></strong></span> <span class='ocrx_word' id='word_1_88' title='bbox 1783 1021 1936 1083; x_wconf 89' lang='lat' dir='ltr'><strong><em>hanc</em></strong></span> <span class='ocrx_word' id='word_1_89' title='bbox 1967 1026 2078 1085; x_wconf 89' lang='lat' dir='ltr'><strong><em>Dec</em></strong></span> 
     </span>
    </p>
   </div>
   <div class='ocr_carea' id='block_1_16' title="bbox 2168 1017 3816 1111">
    <p class='ocr_par' dir='ltr' id='par_1_16' title="bbox 2172 1031 3816 1111">
     <span class='ocr_line' id='line_1_16' title="bbox 2172 1031 3816 1111; baseline 0 -22"><span class='ocrx_word' id='word_1_90' title='bbox 2172 1054 2231 1089; x_wconf 88' lang='grc' dir='ltr'><strong><em>τε</em></strong></span> <span class='ocrx_word' id='word_1_91' title='bbox 2286 1032 2372 1090; x_wconf 84' lang='grc' dir='ltr'><strong><em>καὶ</em></strong></span> <span class='ocrx_word' id='word_1_92' title='bbox 2425 1032 2811 1111; x_wconf 69' lang='grc' dir='ltr'>ἀσφαλέστατα</span> <span class='ocrx_word' id='word_1_93' title='bbox 2867 1031 2946 1088; x_wconf 76' lang='grc' dir='ltr'><strong><em>ἀεὶ</em></strong></span> <span class='ocrx_word' id='word_1_94' title='bbox 3003 1033 3127 1111; x_wconf 72' lang='grc' dir='ltr'>μὲν,</span> <span class='ocrx_word' id='word_1_95' title='bbox 3171 1033 3403 1110; x_wconf 78' lang='grc' dir='ltr'>μάλιστα</span> <span class='ocrx_word' id='word_1_96' title='bbox 3459 1032 3514 1088; x_wconf 78' lang='grc' dir='ltr'><strong><em>δὲ</em></strong></span> <span class='ocrx_word' id='word_1_97' title='bbox 3579 1035 3628 1089; x_wconf 70' lang='grc' dir='ltr'><strong><em>οἱ</em></strong></span> <span class='ocrx_word' id='word_1_98' title='bbox 3684 1034 3816 1089; x_wconf 74' lang='grc' dir='ltr'>κατὰ</span> 
     </span>
    </p>
   </div>
   <div class='ocr_carea' id='block_1_17' title="bbox 441 1107 2089 1187">
    <p class='ocr_par' dir='ltr' id='par_1_17' title="bbox 441 1107 2089 1187">
     <span class='ocr_line' id='line_1_17' title="bbox 441 1107 2089 1187; baseline 0.001 -17"><span class='ocrx_word' id='word_1_99' title='bbox 441 1107 717 1170; x_wconf 90' lang='lat' dir='ltr'><strong><em>dilectam</em></strong></span> <span class='ocrx_word' id='word_1_100' title='bbox 752 1109 1488 1187; x_wconf 89' lang='lat' dir='ltr'><strong><em>incoluerunt,Christiani</em></strong></span> <span class='ocrx_word' id='word_1_101' title='bbox 1520 1112 1776 1172; x_wconf 89' lang='lat' dir='ltr'><strong><em>accurati</em></strong></span> <span class='ocrx_word' id='word_1_102' title='bbox 1809 1119 2089 1172; x_wconf 89' lang='lat' dir='ltr'><strong><em>constan-</em></strong></span> 
     </span>
    </p>
   </div>
   <div class='ocr_carea' id='block_1_18' title="bbox 442 1196 2084 1280">
    <p class='ocr_par' dir='ltr' id='par_1_18' title="bbox 442 1196 2084 1280">
     <span class='ocr_line' id='line_1_18' title="bbox 442 1196 2084 1280; baseline 0 -19"><span class='ocrx_word' id='word_1_103' title='bbox 442 1196 777 1277; x_wconf 79' lang='lat' dir='ltr'><strong><em>tissimique</em></strong></span> <span class='ocrx_word' id='word_1_104' title='bbox 802 1207 1124 1280; x_wconf 83' lang='lat' dir='ltr'><strong><em>martyrum</em></strong></span> <span class='ocrx_word' id='word_1_105' title='bbox 1148 1208 1443 1262; x_wconf 80' lang='lat' dir='ltr'><strong><em>amatores</em></strong></span> <span class='ocrx_word' id='word_1_106' title='bbox 1474 1200 1879 1280; x_wconf 24' lang='lat' dir='ltr'><strong><em>fuerunt,‘prae</em></strong></span> <span class='ocrx_word' id='word_1_107' title='bbox 1904 1210 2084 1280; x_wconf 90' lang='lat' dir='ltr'><strong><em>metu,</em></strong></span> 
     </span>
    </p>
   </div>
   <div class='ocr_carea' id='block_1_19' title="bbox 437 1288 2087 1370">
    <p class='ocr_par' dir='ltr' id='par_1_19' title="bbox 437 1288 2087 1370">
     <span class='ocr_line' id='line_1_19' title="bbox 437 1288 2087 1370; baseline 0 -20"><span class='ocrx_word' id='word_1_108' title='bbox 437 1307 514 1370; x_wconf 81' lang='lat' dir='ltr'><strong><em>ne</em></strong></span> <span class='ocrx_word' id='word_1_109' title='bbox 545 1296 883 1348; x_wconf 86' lang='lat' dir='ltr'><strong><em>sanctorum</em></strong></span> <span class='ocrx_word' id='word_1_110' title='bbox 915 1289 1195 1370; x_wconf 78' lang='lat' dir='ltr'><strong><em>martyrio</em></strong></span> <span class='ocrx_word' id='word_1_111' title='bbox 1221 1298 1641 1350; x_wconf 84' lang='lat' dir='ltr'><strong><em>coronatorum</em></strong></span> <span class='ocrx_word' id='word_1_112' title='bbox 1668 1307 1919 1368; x_wconf 81' lang='lat' dir='ltr'><strong><em>corpora</em></strong></span> <span class='ocrx_word' id='word_1_113' title='bbox 1953 1288 2087 1350; x_wconf 91' lang='lat' dir='ltr'><strong><em>ido-</em></strong></span> 
     </span>
    </p>
   </div>
   <div class='ocr_carea' id='block_1_20' title="bbox 435 1369 2088 1458">
    <p class='ocr_par' dir='ltr' id='par_1_20' title="bbox 435 1369 2088 1458">
     <span class='ocr_line' id='line_1_20' title="bbox 435 1369 2088 1458; baseline 0.001 -18"><span class='ocrx_word' id='word_1_114' title='bbox 435 1369 778 1443; x_wconf 78' lang='lat' dir='ltr'><strong><em>lolatrarum</em></strong></span> <span class='ocrx_word' id='word_1_115' title='bbox 839 1379 1022 1440; x_wconf 86' lang='lat' dir='ltr'><strong><em>furori</em></strong></span> <span class='ocrx_word' id='word_1_116' title='bbox 1054 1369 1595 1458; x_wconf 79' lang='lat' dir='ltr'><strong><em>committerentur,</em></strong></span> <span class='ocrx_word' id='word_1_117' title='bbox 1631 1380 1806 1442; x_wconf 86' lang='lat' dir='ltr'><strong><em>tacite</em></strong></span> <span class='ocrx_word' id='word_1_118' title='bbox 1863 1379 1968 1441; x_wconf 90' lang='lat' dir='ltr'><strong><em>illa</em></strong></span> <span class='ocrx_word' id='word_1_119' title='bbox 2020 1398 2088 1443; x_wconf 88' lang='lat' dir='ltr'><strong><em>ac</em></strong></span> 
     </span>
    </p>
   </div>
   <div class='ocr_carea' id='block_1_21' title="bbox 439 1468 2087 1550">
    <p class='ocr_par' dir='ltr' id='par_1_21' title="bbox 439 1468 2087 1550">
     <span class='ocr_line' id='line_1_21' title="bbox 439 1468 2087 1550; baseline -0.001 -19"><span class='ocrx_word' id='word_1_120' title='bbox 439 1470 786 1550; x_wconf 86' lang='lat' dir='ltr'><strong><em>mysteriose</em></strong></span> <span class='ocrx_word' id='word_1_121' title='bbox 842 1468 900 1529; x_wconf 90' lang='lat' dir='ltr'><strong><em>in</em></strong></span> <span class='ocrx_word' id='word_1_122' title='bbox 942 1477 1099 1529; x_wconf 88' lang='lat' dir='ltr'><strong><em>terra</em></strong></span> <span class='ocrx_word' id='word_1_123' title='bbox 1129 1468 1591 1544; x_wconf 89' lang='lat' dir='ltr'><strong><em>absconderunt,</em></strong></span> <span class='ocrx_word' id='word_1_124' title='bbox 1630 1469 1776 1530; x_wconf 89' lang='lat' dir='ltr'><strong><em>adeo</em></strong></span> <span class='ocrx_word' id='word_1_125' title='bbox 1811 1477 1872 1529; x_wconf 92' lang='lat' dir='ltr'><strong><em>ut</em></strong></span> <span class='ocrx_word' id='word_1_126' title='bbox 1903 1488 2087 1549; x_wconf 89' lang='lat' dir='ltr'><strong><em>usque</em></strong></span> 
     </span>
    </p>
   </div>
   <div class='ocr_carea' id='block_1_22' title="bbox 2171 1119 3814 1201">
    <p class='ocr_par' dir='ltr' id='par_1_22' title="bbox 2171 1119 3814 1201">
     <span class='ocr_line' id='line_1_22' title="bbox 2171 1119 3814 1201; baseline -0.001 -24"><span class='ocrx_word' id='word_1_127' title='bbox 2171 1122 2263 1177; x_wconf 78' lang='grc' dir='ltr'><strong><em>τὸν</em></strong></span> <span class='ocrx_word' id='word_1_128' title='bbox 2331 1127 2429 1188; x_wconf 84' lang='grc' dir='ltr'><strong><em>τῆς</em></strong></span> <span class='ocrx_word' id='word_1_129' title='bbox 2502 1119 2882 1196; x_wconf 84' lang='grc' dir='ltr'>εἰδωλομανίας</span> <span class='ocrx_word' id='word_1_130' title='bbox 2936 1123 3118 1198; x_wconf 84' lang='grc' dir='ltr'>καίρὸν</span> <span class='ocrx_word' id='word_1_131' title='bbox 3187 1125 3286 1189; x_wconf 79' lang='grc' dir='ltr'>τὴν</span> <span class='ocrx_word' id='word_1_132' title='bbox 3342 1122 3562 1201; x_wconf 80' lang='grc' dir='ltr'>θεοφιλῆ</span> <span class='ocrx_word' id='word_1_133' title='bbox 3621 1124 3814 1188; x_wconf 77' lang='grc' dir='ltr'>ταύτην</span> 
     </span>
    </p>
   </div>
   <div class='ocr_carea' id='block_1_23' title="bbox 2174 1211 3816 1289">
    <p class='ocr_par' dir='ltr' id='par_1_23' title="bbox 2174 1211 3816 1289">
     <span class='ocr_line' id='line_1_23' title="bbox 2174 1211 3816 1289; baseline -0.001 -24"><span class='ocrx_word' id='word_1_134' title='bbox 2174 1211 2568 1278; x_wconf 81' lang='grc' dir='ltr'><strong><em>Θεσσαλονίκην</em></strong></span> <span class='ocrx_word' id='word_1_135' title='bbox 2655 1212 2922 1272; x_wconf 73' lang='grc' dir='ltr'>οἰκοῦντες</span> <span class='ocrx_word' id='word_1_136' title='bbox 3020 1212 3322 1289; x_wconf 82' lang='grc' dir='ltr'>Χριστιανοί</span> <span class='ocrx_word' id='word_1_137' title='bbox 3403 1214 3816 1281; x_wconf 62' lang='grc' dir='ltr'><strong><em>καθειστήκεσαν</em></strong></span> 
     </span>
    </p>
   </div>
   <div class='ocr_carea' id='block_1_24' title="bbox 2170 1297 3818 1377">
    <p class='ocr_par' dir='ltr' id='par_1_24' title="bbox 2170 1297 3818 1377">
     <span class='ocr_line' id='line_1_24' title="bbox 2170 1297 3818 1377; baseline 0.001 -24"><span class='ocrx_word' id='word_1_138' title='bbox 2170 1300 2258 1354; x_wconf 83' lang='grc' dir='ltr'>καὶ</span> <span class='ocrx_word' id='word_1_139' title='bbox 2314 1297 2416 1354; x_wconf 82' lang='grc' dir='ltr'>δέει</span> <span class='ocrx_word' id='word_1_140' title='bbox 2480 1298 2573 1354; x_wconf 72' lang='grc' dir='ltr'><strong><em>τοῦ</em></strong></span> <span class='ocrx_word' id='word_1_141' title='bbox 2631 1298 2707 1374; x_wconf 69' lang='grc' dir='ltr'>μὴ</span> <span class='ocrx_word' id='word_1_142' title='bbox 2763 1301 2828 1355; x_wconf 79' lang='grc' dir='ltr'><strong><em>τὰ</em></strong></span> <span class='ocrx_word' id='word_1_143' title='bbox 2881 1300 3029 1374; x_wconf 89' lang='grc' dir='ltr'>τίμια</span> <span class='ocrx_word' id='word_1_144' title='bbox 3070 1299 3294 1374; x_wconf 85' lang='grc' dir='ltr'>σώματα</span> <span class='ocrx_word' id='word_1_145' title='bbox 3348 1308 3453 1355; x_wconf 79' lang='grc' dir='ltr'>τῶν</span> <span class='ocrx_word' id='word_1_146' title='bbox 3497 1302 3818 1377; x_wconf 77' lang='grc' dir='ltr'>μαρτυρούνο</span> 
     </span>
    </p>
   </div>
   <div class='ocr_carea' id='block_1_25' title="bbox 2169 1387 3816 1467">
    <p class='ocr_par' dir='ltr' id='par_1_25' title="bbox 2169 1387 3816 1467">
     <span class='ocr_line' id='line_1_25' title="bbox 2169 1387 3816 1467; baseline 0.002 -26"><span class='ocrx_word' id='word_1_147' title='bbox 2169 1409 2274 1442; x_wconf 88' lang='grc' dir='ltr'><strong><em>των</em></strong></span> <span class='ocrx_word' id='word_1_148' title='bbox 2356 1388 2518 1464; x_wconf 82' lang='grc' dir='ltr'>ἆγίων</span> <span class='ocrx_word' id='word_1_149' title='bbox 2577 1401 2694 1451; x_wconf 77' lang='grc' dir='ltr'>τοϊς</span> <span class='ocrx_word' id='word_1_150' title='bbox 2767 1395 2872 1444; x_wconf 81' lang='grc' dir='ltr'><strong><em>τῶν</em></strong></span> <span class='ocrx_word' id='word_1_151' title='bbox 2929 1387 3324 1467; x_wconf 82' lang='grc' dir='ltr'>εἰδωλολατρῶν</span> <span class='ocrx_word' id='word_1_152' title='bbox 3402 1387 3679 1467; x_wconf 72' lang='grc' dir='ltr'>προδοῦναι</span> <span class='ocrx_word' id='word_1_153' title='bbox 3734 1393 3816 1444; x_wconf 84' lang='grc' dir='ltr'>θυ-</span> 
     </span>
    </p>
   </div>
   <div class='ocr_carea' id='block_1_26' title="bbox 2171 1477 3813 1557">
    <p class='ocr_par' dir='ltr' id='par_1_26' title="bbox 2171 1477 3813 1557">
     <span class='ocr_line' id='line_1_26' title="bbox 2171 1477 3813 1557; baseline 0.001 -26"><span class='ocrx_word' id='word_1_154' title='bbox 2171 1489 2337 1556; x_wconf 71' lang='grc' dir='ltr'>μοῖς,</span> <span class='ocrx_word' id='word_1_155' title='bbox 2416 1477 2694 1556; x_wconf 80' lang='grc' dir='ltr'>ἐχεμύθως</span> <span class='ocrx_word' id='word_1_156' title='bbox 2784 1485 2950 1534; x_wconf 75' lang='grc' dir='ltr'>ταῦτα</span> <span class='ocrx_word' id='word_1_157' title='bbox 3019 1479 3104 1534; x_wconf 84' lang='grc' dir='ltr'>καὶ</span> <span class='ocrx_word' id='word_1_158' title='bbox 3185 1477 3564 1557; x_wconf 76' lang='grc' dir='ltr'>μυστηριωδώς</span> <span class='ocrx_word' id='word_1_159' title='bbox 3630 1480 3686 1534; x_wconf 85' lang='grc' dir='ltr'>ἐν</span> 
     </span>
    </p>
   </div>
   <div class='ocr_carea' id='block_1_27' title="bbox 436 1557 2078 1646">
    <p class='ocr_par' dir='ltr' id='par_1_27' title="bbox 436 1557 2078 1640">
     <span class='ocr_line' id='line_1_27' title="bbox 436 1557 2078 1640; baseline -0.001 -20"><span class='ocrx_word' id='word_1_160' title='bbox 436 1558 500 1620; x_wconf 88' lang='lat' dir='ltr'><strong><em>in</em></strong></span> <span class='ocrx_word' id='word_1_161' title='bbox 549 1576 810 1640; x_wconf 76' lang='lat' dir='ltr'><strong><em>praesens</em></strong></span> <span class='ocrx_word' id='word_1_162' title='bbox 841 1565 1074 1636; x_wconf 85' lang='lat' dir='ltr'><strong><em>tempus</em></strong></span> <span class='ocrx_word' id='word_1_163' title='bbox 1111 1575 1183 1617; x_wconf 78' lang='lat' dir='ltr'><strong><em>ex</em></strong></span> <span class='ocrx_word' id='word_1_164' title='bbox 1216 1557 1287 1618; x_wconf 91' lang='lat' dir='ltr'><strong><em>iis</em></strong></span> <span class='ocrx_word' id='word_1_165' title='bbox 1346 1559 1444 1638; x_wconf 91' lang='lat' dir='ltr'><strong><em>qui</em></strong></span> <span class='ocrx_word' id='word_1_166' title='bbox 1481 1558 1821 1637; x_wconf 81' lang='lat' dir='ltr'><strong><em>martyrium</em></strong></span> <span class='ocrx_word' id='word_1_167' title='bbox 1879 1558 1940 1620; x_wconf 89' lang='lat' dir='ltr'><strong><em>in</em></strong></span> <span class='ocrx_word' id='word_1_168' title='bbox 1977 1560 2078 1620; x_wconf 83' lang='lat' dir='ltr'><strong><em>hac</em></strong></span> 
     </span>
    </p>
   </div>
   <div class='ocr_carea' id='block_1_28' title="bbox 2168 1557 3810 1646">
    <p class='ocr_par' dir='ltr' id='par_1_28' title="bbox 2169 1565 3810 1646">
     <span class='ocr_line' id='line_1_28' title="bbox 2169 1565 3810 1646; baseline 0.002 -27"><span class='ocrx_word' id='word_1_169' title='bbox 2169 1565 2530 1640; x_wconf 82' lang='grc' dir='ltr'>κατετίθεσας,</span> <span class='ocrx_word' id='word_1_170' title='bbox 2605 1568 2676 1630; x_wconf 85' lang='grc' dir='ltr'>ὡς</span> <span class='ocrx_word' id='word_1_171' title='bbox 2751 1565 2890 1639; x_wconf 79' lang='grc' dir='ltr'>μηδὲ</span> <span class='ocrx_word' id='word_1_172' title='bbox 2952 1566 3113 1646; x_wconf 73' lang='grc' dir='ltr'>μέχρι</span> <span class='ocrx_word' id='word_1_173' title='bbox 3173 1577 3257 1625; x_wconf 78' lang='grc' dir='ltr'>νῦν</span> <span class='ocrx_word' id='word_1_174' title='bbox 3335 1574 3618 1646; x_wconf 70' lang='grc' dir='ltr'>τηλαυγῶς</span> <span class='ocrx_word' id='word_1_175' title='bbox 3700 1591 3810 1640; x_wconf 85' lang='grc' dir='ltr'>μη-</span> 
     </span>
    </p>
   </div>
   <div class='ocr_carea' id='block_1_29' title="bbox 437 1646 2078 1736">
    <p class='ocr_par' dir='ltr' id='par_1_29' title="bbox 437 1646 2078 1729">
     <span class='ocr_line' id='line_1_29' title="bbox 437 1646 2078 1729; baseline -0.002 -19"><span class='ocrx_word' id='word_1_176' title='bbox 437 1649 776 1729; x_wconf 83' lang='lat' dir='ltr'><strong><em>subierunt,</em></strong></span> <span class='ocrx_word' id='word_1_177' title='bbox 809 1646 1030 1708; x_wconf 86' lang='lat' dir='ltr'><strong><em>nullius</em></strong></span> <span class='ocrx_word' id='word_1_178' title='bbox 1063 1663 1330 1726; x_wconf 87' lang='lat' dir='ltr'><strong><em>prorsus,</em></strong></span> <span class='ocrx_word' id='word_1_179' title='bbox 1367 1656 1758 1726; x_wconf 69' lang='lat' dir='ltr'><strong><em>praeterquam</em></strong></span> <span class='ocrx_word' id='word_1_180' title='bbox 1816 1646 2078 1708; x_wconf 77' lang='lat' dir='ltr'><strong><em>celeber-</em></strong></span> 
     </span>
    </p>
   </div>
   <div class='ocr_carea' id='block_1_30' title="bbox 2168 1646 3815 1736">
    <p class='ocr_par' dir='ltr' id='par_1_30' title="bbox 2172 1651 3815 1736">
     <span class='ocr_line' id='line_1_30' title="bbox 2172 1651 3815 1736; baseline 0.003 -28"><span class='ocrx_word' id='word_1_181' title='bbox 2172 1651 2318 1718; x_wconf 80' lang='grc' dir='ltr'>δενὸς</span> <span class='ocrx_word' id='word_1_182' title='bbox 2375 1659 2480 1711; x_wconf 83' lang='grc' dir='ltr'>τῶν</span> <span class='ocrx_word' id='word_1_183' title='bbox 2538 1655 2590 1710; x_wconf 82' lang='grc' dir='ltr'><strong><em>ἓν</em></strong></span> <span class='ocrx_word' id='word_1_184' title='bbox 2654 1655 2789 1723; x_wconf 82' lang='grc' dir='ltr'>αύτῇ</span> <span class='ocrx_word' id='word_1_185' title='bbox 2848 1656 3292 1734; x_wconf 71' lang='grc' dir='ltr'><strong><em>μαρτυρησάντων</em></strong></span> <span class='ocrx_word' id='word_1_186' title='bbox 3351 1655 3657 1736; x_wconf 71' lang='grc' dir='ltr'>ἆγιοδόχως</span> <span class='ocrx_word' id='word_1_187' title='bbox 3713 1659 3815 1726; x_wconf 80' lang='grc' dir='ltr'>θή-</span> 
     </span>
    </p>
   </div>
   <div class='ocr_carea' id='block_1_31' title="bbox 435 1734 2078 1824">
    <p class='ocr_par' dir='ltr' id='par_1_31' title="bbox 435 1734 2078 1824">
     <span class='ocr_line' id='line_1_31' title="bbox 435 1734 2078 1824; baseline -0.001 -26"><span class='ocrx_word' id='word_1_188' title='bbox 435 1737 604 1800; x_wconf 69' lang='grc' dir='ltr'>τὶιηω</span> <span class='ocrx_word' id='word_1_189' title='bbox 634 1756 701 1800; x_wconf 88' lang='lat' dir='ltr'><strong><em>ac</em></strong></span> <span class='ocrx_word' id='word_1_190' title='bbox 751 1734 1142 1798; x_wconf 79' lang='lat' dir='ltr'><strong><em>sanctissimae</em></strong></span> <span class='ocrx_word' id='word_1_191' title='bbox 1175 1735 1417 1814; x_wconf 83' lang='lat' dir='ltr'><strong><em>virginis</em></strong></span> <span class='ocrx_word' id='word_1_192' title='bbox 1473 1736 1755 1824; x_wconf 75' lang='lat' dir='ltr'><strong><em>Matronae</em></strong></span> <span class='ocrx_word' id='word_1_193' title='bbox 1809 1734 1956 1815; x_wconf 59' lang='grc' dir='ltr'><strong><em>(Ἡ),</em></strong></span> <span class='ocrx_word' id='word_1_194' title='bbox 1990 1754 2078 1796; x_wconf 85' lang='lat' dir='ltr'><strong><em>sa-</em></strong></span> 
     </span>
    </p>
   </div>
   <div class='ocr_carea' id='block_1_32' title="bbox 2168 1734 3813 1824">
    <p class='ocr_par' dir='ltr' id='par_1_32' title="bbox 2173 1743 3813 1824">
     <span class='ocr_line' id='line_1_32' title="bbox 2173 1743 3813 1824; baseline 0.002 -25"><span class='ocrx_word' id='word_1_195' title='bbox 2173 1765 2267 1809; x_wconf 85' lang='grc' dir='ltr'><strong><em>κας</em></strong></span> <span class='ocrx_word' id='word_1_196' title='bbox 2328 1744 2649 1822; x_wconf 74' lang='grc' dir='ltr'>γνωσθῆναι,</span> <span class='ocrx_word' id='word_1_197' title='bbox 2712 1743 2834 1801; x_wconf 78' lang='grc' dir='ltr'>ὅποι</span> <span class='ocrx_word' id='word_1_198' title='bbox 2891 1747 3213 1824; x_wconf 77' lang='grc' dir='ltr'>τυγχάνοιεν</span> <span class='ocrx_word' id='word_1_199' title='bbox 3269 1745 3643 1824; x_wconf 65' lang='grc' dir='ltr'><strong><em>ἀποκείμεναι,</em></strong></span> <span class='ocrx_word' id='word_1_200' title='bbox 3677 1743 3813 1812; x_wconf 66' lang='grc' dir='ltr'>πλὴν</span> 
     </span>
    </p>
   </div>
   <div class='ocr_carea' id='block_1_33' title="bbox 439 1823 2078 1914">
    <p class='ocr_par' dir='ltr' id='par_1_33' title="bbox 439 1823 2078 1903">
     <span class='ocr_line' id='line_1_33' title="bbox 439 1823 2078 1903; baseline -0.001 -16"><span class='ocrx_word' id='word_1_201' title='bbox 439 1843 608 1887; x_wconf 90' lang='lat' dir='ltr'><strong><em>crum</em></strong></span> <span class='ocrx_word' id='word_1_202' title='bbox 663 1823 1091 1902; x_wconf 87' lang='lat' dir='ltr'><strong><em>conditorium,</em></strong></span> <span class='ocrx_word' id='word_1_203' title='bbox 1155 1842 1272 1903; x_wconf 91' lang='lat' dir='ltr'><strong><em>quo</em></strong></span> <span class='ocrx_word' id='word_1_204' title='bbox 1335 1823 1588 1903; x_wconf 81' lang='lat' dir='ltr'><strong><em>depositi</em></strong></span> <span class='ocrx_word' id='word_1_205' title='bbox 1641 1823 1898 1898; x_wconf 83' lang='lat' dir='ltr'><strong><em>fuerunt,</em></strong></span> <span class='ocrx_word' id='word_1_206' title='bbox 1931 1833 2078 1885; x_wconf 82' lang='lat' dir='ltr'><strong><em>certc</em></strong></span> 
     </span>
    </p>
   </div>
   <div class='ocr_carea' id='block_1_34' title="bbox 2168 1823 3814 1914">
    <p class='ocr_par' dir='ltr' id='par_1_34' title="bbox 2171 1833 3814 1914">
     <span class='ocr_line' id='line_1_34' title="bbox 2171 1833 3814 1914; baseline 0.002 -27"><span class='ocrx_word' id='word_1_207' title='bbox 2171 1833 2266 1900; x_wconf 75' lang='grc' dir='ltr'>τῆς</span> <span class='ocrx_word' id='word_1_208' title='bbox 2347 1834 2675 1908; x_wconf 75' lang='grc' dir='ltr'>σεμνοτάτης</span> <span class='ocrx_word' id='word_1_209' title='bbox 2767 1836 2854 1891; x_wconf 85' lang='grc' dir='ltr'><strong><em>καὶ</em></strong></span> <span class='ocrx_word' id='word_1_210' title='bbox 2936 1835 3193 1912; x_wconf 72' lang='grc' dir='ltr'>παναγίας</span> <span class='ocrx_word' id='word_1_211' title='bbox 3262 1834 3517 1914; x_wconf 76' lang='grc' dir='ltr'>παρθένου</span> <span class='ocrx_word' id='word_1_212' title='bbox 3583 1840 3814 1913; x_wconf 64' lang='lat' dir='ltr'>M11903-</span> 
     </span>
    </p>
   </div>
   <div class='ocr_carea' id='block_1_35' title="bbox 440 1923 740 1976">
    <p class='ocr_par' dir='ltr' id='par_1_35' title="bbox 440 1923 740 1976">
     <span class='ocr_line' id='line_1_35' title="bbox 440 1923 740 1976; baseline -0.007 0"><span class='ocrx_word' id='word_1_213' title='bbox 440 1923 740 1976; x_wconf 88' lang='lat' dir='ltr'><strong><em>noscatur.</em></strong></span> 
     </span>
    </p>
   </div>
   <div class='ocr_carea' id='block_1_36' title="bbox 517 2000 2090 2081">
    <p class='ocr_par' dir='ltr' id='par_1_36' title="bbox 517 2000 2090 2081">
     <span class='ocr_line' id='line_1_36' title="bbox 517 2000 2090 2081; baseline -0.003 -15"><span class='ocrx_word' id='word_1_214' title='bbox 517 2002 772 2066; x_wconf 78' lang='lat' dir='ltr'><strong><em>46.Cum</em></strong></span> <span class='ocrx_word' id='word_1_215' title='bbox 798 2003 925 2064; x_wconf 67' lang='lat' dir='ltr'><strong><em>haec</em></strong></span> <span class='ocrx_word' id='word_1_216' title='bbox 949 2001 1060 2081; x_wconf 83' lang='lat' dir='ltr'><strong><em>piae</em></strong></span> <span class='ocrx_word' id='word_1_217' title='bbox 1089 2000 1398 2062; x_wconf 65' lang='lat' dir='ltr'><strong><em>memoriae</em></strong></span> <span class='ocrx_word' id='word_1_218' title='bbox 1427 2001 1735 2064; x_wconf 88' lang='lat' dir='ltr'><strong><em>Mauritius</em></strong></span> <span class='ocrx_word' id='word_1_219' title='bbox 1767 2002 2090 2081; x_wconf 78' lang='lat' dir='ltr'><strong><em>imperator</em></strong></span> 
     </span>
    </p>
   </div>
   <div class='ocr_carea' id='block_1_37' title="bbox 439 2089 2084 2169">
    <p class='ocr_par' dir='ltr' id='par_1_37' title="bbox 439 2089 2084 2169">
     <span class='ocr_line' id='line_1_37' title="bbox 439 2089 2084 2169; baseline -0.001 -15"><span class='ocrx_word' id='word_1_220' title='bbox 439 2092 746 2154; x_wconf 89' lang='lat' dir='ltr'><strong><em>didicisset</em></strong></span> <span class='ocrx_word' id='word_1_221' title='bbox 796 2090 943 2166; x_wconf 73' lang='grc'><strong><em>(25),</em></strong></span> <span class='ocrx_word' id='word_1_222' title='bbox 979 2108 1046 2150; x_wconf 90' lang='lat' dir='ltr'><strong><em>ac</em></strong></span> <span class='ocrx_word' id='word_1_223' title='bbox 1093 2089 1304 2166; x_wconf 87' lang='lat' dir='ltr'><strong><em>partim</em></strong></span> <span class='ocrx_word' id='word_1_224' title='bbox 1340 2089 1608 2169; x_wconf 87' lang='lat' dir='ltr'><strong><em>quidem,</em></strong></span> <span class='ocrx_word' id='word_1_225' title='bbox 1649 2109 1862 2153; x_wconf 80' lang='lat' dir='ltr'><strong><em>verane</em></strong></span> <span class='ocrx_word' id='word_1_226' title='bbox 1906 2102 2084 2160; x_wconf 88' lang='lat' dir='ltr'><strong><em>esset,</em></strong></span> 
     </span>
    </p>
   </div>
   <div class='ocr_carea' id='block_1_38' title="bbox 441 2177 2090 2260">
    <p class='ocr_par' dir='ltr' id='par_1_38' title="bbox 441 2177 2090 2260">
     <span class='ocr_line' id='line_1_38' title="bbox 441 2177 2090 2260; baseline -0.002 -18"><span class='ocrx_word' id='word_1_227' title='bbox 441 2200 573 2260; x_wconf 69' lang='lat' dir='ltr'><strong><em>quae</em></strong></span> <span class='ocrx_word' id='word_1_228' title='bbox 603 2177 1050 2252; x_wconf 85' lang='lat' dir='ltr'><strong><em>celebrabatur,</em></strong></span> <span class='ocrx_word' id='word_1_229' title='bbox 1087 2177 1301 2238; x_wconf 81' lang='lat' dir='ltr'><strong><em>civium</em></strong></span> <span class='ocrx_word' id='word_1_230' title='bbox 1364 2196 1503 2256; x_wconf 84' lang='lat' dir='ltr'><strong><em>erga</em></strong></span> <span class='ocrx_word' id='word_1_231' title='bbox 1538 2189 1827 2258; x_wconf 88' lang='lat' dir='ltr'><strong><em>martyres</em></strong></span> <span class='ocrx_word' id='word_1_232' title='bbox 1860 2179 2090 2240; x_wconf 85' lang='lat' dir='ltr'><strong><em>sollici-</em></strong></span> 
     </span>
    </p>
   </div>
   <div class='ocr_carea' id='block_1_39' title="bbox 439 2266 2087 2349">
    <p class='ocr_par' dir='ltr' id='par_1_39' title="bbox 439 2266 2087 2349">
     <span class='ocr_line' id='line_1_39' title="bbox 439 2266 2087 2349; baseline -0.001 -19"><span class='ocrx_word' id='word_1_233' title='bbox 439 2270 603 2343; x_wconf 88' lang='lat' dir='ltr'><strong><em>tudo,</em></strong></span> <span class='ocrx_word' id='word_1_234' title='bbox 632 2268 891 2349; x_wconf 80' lang='lat' dir='ltr'><strong><em>experiri</em></strong></span> <span class='ocrx_word' id='word_1_235' title='bbox 926 2267 1122 2340; x_wconf 87' lang='lat' dir='ltr'><strong><em>vellet,</em></strong></span> <span class='ocrx_word' id='word_1_236' title='bbox 1160 2267 1370 2347; x_wconf 86' lang='lat' dir='ltr'><strong><em>partim</em></strong></span> <span class='ocrx_word' id='word_1_237' title='bbox 1404 2266 1602 2328; x_wconf 89' lang='lat' dir='ltr'><strong><em>autem</em></strong></span> <span class='ocrx_word' id='word_1_238' title='bbox 1635 2268 1834 2329; x_wconf 87' lang='lat' dir='ltr'><strong><em>divino</em></strong></span> <span class='ocrx_word' id='word_1_239' title='bbox 1864 2269 2087 2346; x_wconf 77' lang='lat' dir='ltr'><strong><em>glorio-</em></strong></span> 
     </span>
    </p>
   </div>
   <div class='ocr_carea' id='block_1_40' title="bbox 441 2355 2090 2438">
    <p class='ocr_par' dir='ltr' id='par_1_40' title="bbox 441 2355 2090 2438">
     <span class='ocr_line' id='line_1_40' title="bbox 441 2355 2090 2438; baseline -0.001 -19"><span class='ocrx_word' id='word_1_240' title='bbox 441 2358 663 2420; x_wconf 87' lang='lat' dir='ltr'><strong><em>sissimi</em></strong></span> <span class='ocrx_word' id='word_1_241' title='bbox 729 2356 996 2438; x_wconf 84' lang='lat' dir='ltr'><strong><em>martyris</em></strong></span> <span class='ocrx_word' id='word_1_242' title='bbox 1053 2355 1365 2430; x_wconf 88' lang='lat' dir='ltr'><strong><em>Demetrii,</em></strong></span> <span class='ocrx_word' id='word_1_243' title='bbox 1427 2357 1584 2436; x_wconf 92' lang='lat' dir='ltr'><strong><em>qnod</em></strong></span> <span class='ocrx_word' id='word_1_244' title='bbox 1645 2358 1828 2418; x_wconf 88' lang='lat' dir='ltr'><strong><em>multa</em></strong></span> <span class='ocrx_word' id='word_1_245' title='bbox 1889 2357 1963 2417; x_wconf 90' lang='lat' dir='ltr'><strong><em>de</em></strong></span> <span class='ocrx_word' id='word_1_246' title='bbox 2020 2377 2090 2418; x_wconf 89' lang='lat' dir='ltr'><strong><em>eo</em></strong></span> 
     </span>
    </p>
   </div>
   <div class='ocr_carea' id='block_1_41' title="bbox 438 2446 2088 2528">
    <p class='ocr_par' dir='ltr' id='par_1_41' title="bbox 438 2446 2088 2528">
     <span class='ocr_line' id='line_1_41' title="bbox 438 2446 2088 2528; baseline -0.001 -21"><span class='ocrx_word' id='word_1_247' title='bbox 438 2447 662 2528; x_wconf 88' lang='lat' dir='ltr'><strong><em>scripta</em></strong></span> <span class='ocrx_word' id='word_1_248' title='bbox 691 2465 825 2508; x_wconf 90' lang='lat' dir='ltr'><strong><em>esse</em></strong></span> <span class='ocrx_word' id='word_1_249' title='bbox 871 2446 1214 2518; x_wconf 84' lang='lat' dir='ltr'><strong><em>audivisset,</em></strong></span> <span class='ocrx_word' id='word_1_250' title='bbox 1243 2464 1447 2507; x_wconf 88' lang='lat' dir='ltr'><strong><em>amore</em></strong></span> <span class='ocrx_word' id='word_1_251' title='bbox 1477 2454 1630 2508; x_wconf 89' lang='lat' dir='ltr'><strong><em>esset</em></strong></span> <span class='ocrx_word' id='word_1_252' title='bbox 1654 2455 1984 2526; x_wconf 90' lang='lat' dir='ltr'><strong><em>correptus,</em></strong></span> <span class='ocrx_word' id='word_1_253' title='bbox 2016 2446 2088 2506; x_wconf 90' lang='lat' dir='ltr'><strong><em>ad</em></strong></span> 
     </span>
    </p>
   </div>
   <div class='ocr_carea' id='block_1_42' title="bbox 439 2533 2088 2616">
    <p class='ocr_par' dir='ltr' id='par_1_42' title="bbox 439 2533 2088 2616">
     <span class='ocr_line' id='line_1_42' title="bbox 439 2533 2088 2616; baseline -0.001 -19"><span class='ocrx_word' id='word_1_254' title='bbox 439 2555 600 2607; x_wconf 89' lang='lat' dir='ltr'><strong><em>eum,</em></strong></span> <span class='ocrx_word' id='word_1_255' title='bbox 629 2537 727 2616; x_wconf 91' lang='lat' dir='ltr'><strong><em>qui</em></strong></span> <span class='ocrx_word' id='word_1_256' title='bbox 762 2543 901 2597; x_wconf 89' lang='lat' dir='ltr'><strong><em>tunc</em></strong></span> <span class='ocrx_word' id='word_1_257' title='bbox 930 2534 1180 2597; x_wconf 90' lang='lat' dir='ltr'><strong><em>civitatis</em></strong></span> <span class='ocrx_word' id='word_1_258' title='bbox 1212 2533 1764 2596; x_wconf 88' lang='lat' dir='ltr'><strong><em>Thessalonicensis</em></strong></span> <span class='ocrx_word' id='word_1_259' title='bbox 1809 2535 2088 2613; x_wconf 80' lang='lat' dir='ltr'><strong><em>populum</em></strong></span> 
     </span>
    </p>
   </div>
   <div class='ocr_carea' id='block_1_43' title="bbox 438 2623 2088 2706">
    <p class='ocr_par' dir='ltr' id='par_1_43' title="bbox 438 2623 2088 2706">
     <span class='ocr_line' id='line_1_43' title="bbox 438 2623 2088 2706; baseline -0.004 -19"><span class='ocrx_word' id='word_1_260' title='bbox 438 2634 637 2706; x_wconf 84' lang='lat' dir='ltr'><strong><em>pastor</em></strong></span> <span class='ocrx_word' id='word_1_261' title='bbox 695 2624 1134 2698; x_wconf 89' lang='lat' dir='ltr'><strong><em>moderabatur,</em></strong></span> <span class='ocrx_word' id='word_1_262' title='bbox 1192 2625 1375 2684; x_wconf 87' lang='lat' dir='ltr'><strong><em>sacris</em></strong></span> <span class='ocrx_word' id='word_1_263' title='bbox 1432 2642 1578 2684; x_wconf 89' lang='lat' dir='ltr'><strong><em>usus</em></strong></span> <span class='ocrx_word' id='word_1_264' title='bbox 1624 2623 1914 2704; x_wconf 87' lang='lat' dir='ltr'><strong><em>apicibus,</em></strong></span> <span class='ocrx_word' id='word_1_265' title='bbox 1951 2631 2088 2682; x_wconf 88' lang='lat' dir='ltr'><strong><em>tan-</em></strong></span> 
     </span>
    </p>
   </div>
   <div class='ocr_carea' id='block_1_44' title="bbox 437 2711 2088 2796">
    <p class='ocr_par' dir='ltr' id='par_1_44' title="bbox 437 2711 2088 2796">
     <span class='ocr_line' id='line_1_44' title="bbox 437 2711 2088 2796; baseline -0.002 -20"><span class='ocrx_word' id='word_1_266' title='bbox 437 2734 614 2796; x_wconf 83' lang='lat' dir='ltr'><strong><em>quam</em></strong></span> <span class='ocrx_word' id='word_1_267' title='bbox 648 2715 778 2795; x_wconf 90' lang='lat' dir='ltr'><strong><em>pius</em></strong></span> <span class='ocrx_word' id='word_1_268' title='bbox 811 2715 1140 2790; x_wconf 85' lang='lat' dir='ltr'><strong><em>imperator</em></strong></span> <span class='ocrx_word' id='word_1_269' title='bbox 1174 2713 1368 2792; x_wconf 88' lang='lat' dir='ltr'><strong><em>petiit,</em></strong></span> <span class='ocrx_word' id='word_1_270' title='bbox 1406 2722 1465 2773; x_wconf 92' lang='lat' dir='ltr'><strong><em>ut</em></strong></span> <span class='ocrx_word' id='word_1_271' title='bbox 1510 2731 1542 2773; x_wconf 91' lang='lat' dir='ltr'><strong><em>e</em></strong></span> <span class='ocrx_word' id='word_1_272' title='bbox 1575 2711 1906 2774; x_wconf 84' lang='lat' dir='ltr'><strong><em>Christiferi</em></strong></span> <span class='ocrx_word' id='word_1_273' title='bbox 1939 2730 2088 2772; x_wconf 84' lang='lat' dir='ltr'><strong><em>mar-</em></strong></span> 
     </span>
    </p>
   </div>
   <div class='ocr_carea' id='block_1_45' title="bbox 439 2799 2086 2884">
    <p class='ocr_par' dir='ltr' id='par_1_45' title="bbox 439 2799 2086 2884">
     <span class='ocr_line' id='line_1_45' title="bbox 439 2799 2086 2884; baseline -0.002 -20"><span class='ocrx_word' id='word_1_274' title='bbox 439 2804 582 2884; x_wconf 88' lang='lat' dir='ltr'><strong><em>tyris</em></strong></span> <span class='ocrx_word' id='word_1_275' title='bbox 640 2802 929 2866; x_wconf 87' lang='lat' dir='ltr'><strong><em>Demetrii</em></strong></span> <span class='ocrx_word' id='word_1_276' title='bbox 991 2801 1262 2883; x_wconf 88' lang='lat' dir='ltr'><strong><em>reliquiis</em></strong></span> <span class='ocrx_word' id='word_1_277' title='bbox 1322 2800 1546 2881; x_wconf 74' lang='lat' dir='ltr'><strong><em>aliquid</em></strong></span> <span class='ocrx_word' id='word_1_278' title='bbox 1605 2801 1742 2873; x_wconf 90' lang='lat' dir='ltr'><strong><em>sibi,</em></strong></span> <span class='ocrx_word' id='word_1_279' title='bbox 1803 2799 2086 2861; x_wconf 86' lang='lat' dir='ltr'><strong><em>auxilium</em></strong></span> 
     </span>
    </p>
   </div>
   <div class='ocr_carea' id='block_1_46' title="bbox 435 2889 2088 2972">
    <p class='ocr_par' dir='ltr' id='par_1_46' title="bbox 435 2889 2088 2972">
     <span class='ocr_line' id='line_1_46' title="bbox 435 2889 2088 2972; baseline -0.002 -19"><span class='ocrx_word' id='word_1_280' title='bbox 435 2892 578 2954; x_wconf 89' lang='lat' dir='ltr'><strong><em>idde</em></strong></span> <span class='ocrx_word' id='word_1_281' title='bbox 601 2911 709 2972; x_wconf 89' lang='lat' dir='ltr'><strong><em>per</em></strong></span> <span class='ocrx_word' id='word_1_282' title='bbox 738 2891 915 2954; x_wconf 81' lang='lat' dir='ltr'><strong><em>ﬁdem</em></strong></span> <span class='ocrx_word' id='word_1_283' title='bbox 950 2892 1008 2952; x_wconf 91' lang='lat' dir='ltr'><strong><em>in</em></strong></span> <span class='ocrx_word' id='word_1_284' title='bbox 1039 2891 1196 2952; x_wconf 91' lang='lat' dir='ltr'><strong><em>bello</em></strong></span> <span class='ocrx_word' id='word_1_285' title='bbox 1229 2889 1502 2952; x_wconf 87' lang='lat' dir='ltr'><strong><em>obtinere</em></strong></span> <span class='ocrx_word' id='word_1_286' title='bbox 1537 2889 1922 2969; x_wconf 86' lang='lat' dir='ltr'><strong><em>desideranti,</em></strong></span> <span class='ocrx_word' id='word_1_287' title='bbox 1956 2891 2088 2950; x_wconf 90' lang='lat' dir='ltr'><strong><em>mit-</em></strong></span> 
     </span>
    </p>
   </div>
   <div class='ocr_carea' id='block_1_47' title="bbox 435 2979 2084 3060">
    <p class='ocr_par' dir='ltr' id='par_1_47' title="bbox 435 2979 2084 3060">
     <span class='ocr_line' id='line_1_47' title="bbox 435 2979 2084 3060; baseline -0.002 -17"><span class='ocrx_word' id='word_1_288' title='bbox 435 2989 682 3043; x_wconf 87' lang='lat' dir='ltr'><strong><em>teretur.</em></strong></span> <span class='ocrx_word' id='word_1_289' title='bbox 715 2981 806 3043; x_wconf 85' lang='lat' dir='ltr'><strong><em>Ad</em></strong></span> <span class='ocrx_word' id='word_1_290' title='bbox 860 2998 1062 3060; x_wconf 88' lang='lat' dir='ltr'><strong><em>quem,</em></strong></span> <span class='ocrx_word' id='word_1_291' title='bbox 1101 2979 1203 3057; x_wconf 88' lang='lat' dir='ltr'><strong><em>qui</em></strong></span> <span class='ocrx_word' id='word_1_292' title='bbox 1262 2979 1830 3058; x_wconf 83' lang='lat' dir='ltr'><strong><em>archiepisc0palem</em></strong></span> <span class='ocrx_word' id='word_1_293' title='bbox 1879 2979 2084 3040; x_wconf 86' lang='lat' dir='ltr'><strong><em>cathe-</em></strong></span> 
     </span>
    </p>
   </div>
   <div class='ocr_carea' id='block_1_48' title="bbox 439 3067 2082 3148">
    <p class='ocr_par' dir='ltr' id='par_1_48' title="bbox 439 3067 2082 3148">
     <span class='ocr_line' id='line_1_48' title="bbox 439 3067 2082 3148; baseline 0 -18"><span class='ocrx_word' id='word_1_294' title='bbox 439 3069 603 3131; x_wconf 87' lang='lat' dir='ltr'><strong><em>dram</em></strong></span> <span class='ocrx_word' id='word_1_295' title='bbox 641 3069 894 3132; x_wconf 80' lang='lat' dir='ltr'><strong><em>feliciter</em></strong></span> <span class='ocrx_word' id='word_1_296' title='bbox 925 3073 1270 3148; x_wconf 87' lang='lat' dir='ltr'><strong><em>occupabat,</em></strong></span> <span class='ocrx_word' id='word_1_297' title='bbox 1298 3067 1592 3130; x_wconf 89' lang='lat' dir='ltr'><strong><em>Eusebius</em></strong></span> <span class='ocrx_word' id='word_1_298' title='bbox 1627 3068 1743 3146; x_wconf 72' lang='lat'><strong><em>(26)</em></strong></span> <span class='ocrx_word' id='word_1_299' title='bbox 1778 3069 1903 3148; x_wconf 91' lang='lat' dir='ltr'><strong><em>ipse</em></strong></span> <span class='ocrx_word' id='word_1_300' title='bbox 1924 3071 2082 3130; x_wconf 91' lang='lat' dir='ltr'><strong><em>enim</em></strong></span> 
     </span>
    </p>
   </div>
   <div class='ocr_carea' id='block_1_49' title="bbox 2112 1945 2290 2011">
    <p class='ocr_par' dir='ltr' id='par_1_49' title="bbox 2112 1945 2290 2011">
     <span class='ocr_line' id='line_1_49' title="bbox 2112 1945 2290 2011; baseline 0.022 -35"><span class='ocrx_word' id='word_1_301' title='bbox 2112 1961 2150 2011; x_wconf 73' lang='grc' dir='ltr'><strong>Β</strong></span> <span class='ocrx_word' id='word_1_302' title='bbox 2172 1945 2290 1990; x_wconf 90' lang='grc' dir='ltr'>νης.</span> 
     </span>
    </p>
   </div>
   <div class='ocr_carea' id='block_1_50' title="bbox 2253 2009 3817 2084">
    <p class='ocr_par' dir='ltr' id='par_1_50' title="bbox 2253 2009 3817 2084">
     <span class='ocr_line' id='line_1_50' title="bbox 2253 2009 3817 2084; baseline 0.003 -17"><span class='ocrx_word' id='word_1_303' title='bbox 2253 2009 2336 2084; x_wconf 81' lang='grc' dir='ltr'><strong><em>μ’.</em></strong></span> <span class='ocrx_word' id='word_1_304' title='bbox 2396 2020 2566 2069; x_wconf 79' lang='grc' dir='ltr'>Ταῦτα</span> <span class='ocrx_word' id='word_1_305' title='bbox 2638 2013 2818 2084; x_wconf 69' lang='grc' dir='ltr'>μαθὼν</span> <span class='ocrx_word' id='word_1_306' title='bbox 2872 2014 2898 2068; x_wconf 84' lang='grc' dir='ltr'><strong>ὁ</strong></span> <span class='ocrx_word' id='word_1_307' title='bbox 2952 2011 3048 2079; x_wconf 71' lang='grc' dir='ltr'><strong><em>τῆς</em></strong></span> <span class='ocrx_word' id='word_1_308' title='bbox 3111 2011 3352 2078; x_wconf 70' lang='grc' dir='ltr'>εὐσεϐοῦς</span> <span class='ocrx_word' id='word_1_309' title='bbox 3410 2012 3594 2078; x_wconf 72' lang='grc' dir='ltr'>λέξεως</span> <span class='ocrx_word' id='word_1_310' title='bbox 3669 2022 3817 2073; x_wconf 76' lang='grc' dir='ltr'>Μαυ-</span> 
     </span>
    </p>
   </div>
   <div class='ocr_carea' id='block_1_51' title="bbox 2171 2097 3818 2178">
    <p class='ocr_par' dir='ltr' id='par_1_51' title="bbox 2171 2097 3818 2178">
     <span class='ocr_line' id='line_1_51' title="bbox 2171 2097 3818 2178; baseline 0.001 -24"><span class='ocrx_word' id='word_1_311' title='bbox 2171 2101 2333 2178; x_wconf 75' lang='grc' dir='ltr'>ρίκιος</span> <span class='ocrx_word' id='word_1_312' title='bbox 2390 2103 2416 2156; x_wconf 71' lang='grc' dir='ltr'>ὁ</span> <span class='ocrx_word' id='word_1_313' title='bbox 2456 2097 2726 2175; x_wconf 80' lang='grc' dir='ltr'>βασιλεὺς,</span> <span class='ocrx_word' id='word_1_314' title='bbox 2776 2101 2865 2156; x_wconf 81' lang='grc' dir='ltr'><strong><em>καὶ</em></strong></span> <span class='ocrx_word' id='word_1_315' title='bbox 2917 2110 3069 2158; x_wconf 78' lang='grc' dir='ltr'>τοῦτο</span> <span class='ocrx_word' id='word_1_316' title='bbox 3128 2102 3224 2176; x_wconf 75' lang='grc' dir='ltr'><strong><em>μὲν</em></strong></span> <span class='ocrx_word' id='word_1_317' title='bbox 3282 2100 3380 2167; x_wconf 71' lang='grc' dir='ltr'>τήν</span> <span class='ocrx_word' id='word_1_318' title='bbox 3432 2105 3539 2157; x_wconf 80' lang='grc' dir='ltr'>τῶν</span> <span class='ocrx_word' id='word_1_319' title='bbox 3584 2101 3818 2159; x_wconf 78' lang='grc' dir='ltr'>πολιτῶν</span> 
     </span>
    </p>
   </div>
   <div class='ocr_carea' id='block_1_52' title="bbox 2171 2187 3802 2266">
    <p class='ocr_par' dir='ltr' id='par_1_52' title="bbox 2171 2187 3802 2266">
     <span class='ocr_line' id='line_1_52' title="bbox 2171 2187 3802 2266; baseline 0.003 -24"><span class='ocrx_word' id='word_1_320' title='bbox 2171 2189 2300 2265; x_wconf 82' lang='grc' dir='ltr'><strong><em>περί</em></strong></span> <span class='ocrx_word' id='word_1_321' title='bbox 2373 2189 2492 2253; x_wconf 78' lang='grc' dir='ltr'>τοὺς</span> <span class='ocrx_word' id='word_1_322' title='bbox 2555 2188 2814 2265; x_wconf 83' lang='grc' dir='ltr'>μύρτυρας</span> <span class='ocrx_word' id='word_1_323' title='bbox 2870 2190 3151 2264; x_wconf 67' lang='grc' dir='ltr'>βοωμένην</span> <span class='ocrx_word' id='word_1_324' title='bbox 3228 2187 3496 2264; x_wconf 78' lang='grc' dir='ltr'>ἀκρίϐειαν</span> <span class='ocrx_word' id='word_1_325' title='bbox 3572 2194 3802 2266; x_wconf 74' lang='grc' dir='ltr'>πειράσα</span> 
     </span>
    </p>
   </div>
   <div class='ocr_carea' id='block_1_53' title="bbox 2171 2274 3818 2354">
    <p class='ocr_par' dir='ltr' id='par_1_53' title="bbox 2171 2274 3818 2354">
     <span class='ocr_line' id='line_1_53' title="bbox 2171 2274 3818 2354; baseline -0.001 -24"><span class='ocrx_word' id='word_1_326' title='bbox 2171 2274 2514 2350; x_wconf 83' lang='grc' dir='ltr'>βουλόμενος,</span> <span class='ocrx_word' id='word_1_327' title='bbox 2576 2277 2620 2330; x_wconf 77' lang='grc' dir='ltr'>εἷ</span> <span class='ocrx_word' id='word_1_328' title='bbox 2674 2274 2902 2354; x_wconf 79' lang='grc' dir='ltr'>πέφυκεν</span> <span class='ocrx_word' id='word_1_329' title='bbox 2959 2275 3186 2354; x_wconf 63' lang='grc' dir='ltr'>ἀληθὴς,</span> <span class='ocrx_word' id='word_1_330' title='bbox 3238 2285 3393 2335; x_wconf 79' lang='grc' dir='ltr'>τοῦτο</span> <span class='ocrx_word' id='word_1_331' title='bbox 3445 2275 3498 2332; x_wconf 78' lang='grc' dir='ltr'><strong><em>δὲ</em></strong></span> <span class='ocrx_word' id='word_1_332' title='bbox 3554 2280 3643 2334; x_wconf 85' lang='grc' dir='ltr'><strong><em>καὶ</em></strong></span> <span class='ocrx_word' id='word_1_333' title='bbox 3699 2279 3818 2350; x_wconf 78' lang='grc' dir='ltr'>θείῳ</span> 
     </span>
    </p>
   </div>
   <div class='ocr_carea' id='block_1_54' title="bbox 2175 2362 3818 2444">
    <p class='ocr_par' dir='ltr' id='par_1_54' title="bbox 2175 2362 3818 2444">
     <span class='ocr_line' id='line_1_54' title="bbox 2175 2362 3818 2444; baseline 0.004 -26"><span class='ocrx_word' id='word_1_334' title='bbox 2175 2362 2329 2438; x_wconf 76' lang='grc' dir='ltr'>ἔρωτι</span> <span class='ocrx_word' id='word_1_335' title='bbox 2395 2363 2613 2443; x_wconf 79' lang='grc' dir='ltr'>ληφθεὶς</span> <span class='ocrx_word' id='word_1_336' title='bbox 2669 2364 2762 2419; x_wconf 79' lang='grc' dir='ltr'>τοῦ</span> <span class='ocrx_word' id='word_1_337' title='bbox 2820 2363 3134 2430; x_wconf 80' lang='grc' dir='ltr'>πανενδόξου</span> <span class='ocrx_word' id='word_1_338' title='bbox 3191 2367 3452 2443; x_wconf 77' lang='grc' dir='ltr'>μάρτυρος</span> <span class='ocrx_word' id='word_1_339' title='bbox 3511 2369 3818 2444; x_wconf 65' lang='grc' dir='ltr'>Δημητρίου</span> 
     </span>
    </p>
   </div>
   <div class='ocr_carea' id='block_1_55' title="bbox 2174 2449 3811 2534">
    <p class='ocr_par' dir='ltr' id='par_1_55' title="bbox 2174 2449 3811 2534">
     <span class='ocr_line' id='line_1_55' title="bbox 2174 2449 3811 2534; baseline 0.004 -28"><span class='ocrx_word' id='word_1_340' title='bbox 2174 2449 2258 2508; x_wconf 77' lang='grc' dir='ltr'><strong><em>διὰ</em></strong></span> <span class='ocrx_word' id='word_1_341' title='bbox 2333 2454 2394 2508; x_wconf 83' lang='grc' dir='ltr'><strong><em>τὸ</em></strong></span> <span class='ocrx_word' id='word_1_342' title='bbox 2454 2455 2662 2508; x_wconf 80' lang='grc' dir='ltr'>ἀκούειν</span> <span class='ocrx_word' id='word_1_343' title='bbox 2722 2456 3147 2534; x_wconf 77' lang='grc' dir='ltr'>καταγεγράφθαι</span> <span class='ocrx_word' id='word_1_344' title='bbox 3221 2454 3395 2510; x_wconf 74' lang='grc' dir='ltr'>πολλὰ</span> <span class='ocrx_word' id='word_1_345' title='bbox 3453 2460 3576 2534; x_wconf 82' lang='grc' dir='ltr'>περὲ</span> <span class='ocrx_word' id='word_1_346' title='bbox 3637 2461 3811 2534; x_wconf 61' lang='grc' dir='ltr'>αὐτοῦ,</span> 
     </span>
    </p>
   </div>
   <div class='ocr_carea' id='block_1_56' title="bbox 2173 2540 3816 2623">
    <p class='ocr_par' dir='ltr' id='par_1_56' title="bbox 2173 2540 3816 2623">
     <span class='ocr_line' id='line_1_56' title="bbox 2173 2540 3816 2623; baseline 0.004 -27"><span class='ocrx_word' id='word_1_347' title='bbox 2173 2543 2247 2604; x_wconf 86' lang='grc' dir='ltr'>ὡς</span> <span class='ocrx_word' id='word_1_348' title='bbox 2305 2540 2618 2621; x_wconf 76' lang='grc' dir='ltr'>φιλευσεϐὴς</span> <span class='ocrx_word' id='word_1_349' title='bbox 2669 2541 2911 2618; x_wconf 83' lang='grc' dir='ltr'>βασιλεύς</span> <span class='ocrx_word' id='word_1_350' title='bbox 2964 2543 3204 2618; x_wconf 70' lang='grc' dir='ltr'>ᾐτήσατο</span> <span class='ocrx_word' id='word_1_351' title='bbox 3260 2545 3418 2608; x_wconf 81' lang='grc' dir='ltr'>θείαις</span> <span class='ocrx_word' id='word_1_352' title='bbox 3477 2545 3816 2623; x_wconf 60' lang='grc' dir='ltr'>χρησάμενος</span> 
     </span>
    </p>
   </div>
   <div class='ocr_carea' id='block_1_57' title="bbox 2171 2632 3812 2712">
    <p class='ocr_par' dir='ltr' id='par_1_57' title="bbox 2171 2632 3812 2712">
     <span class='ocr_line' id='line_1_57' title="bbox 2171 2632 3812 2712; baseline 0.001 -26"><span class='ocrx_word' id='word_1_353' title='bbox 2171 2632 2403 2708; x_wconf 84' lang='grc' dir='ltr'>κεραίαις</span> <span class='ocrx_word' id='word_1_354' title='bbox 2475 2633 2604 2708; x_wconf 78' lang='grc' dir='ltr'>πρὸς</span> <span class='ocrx_word' id='word_1_355' title='bbox 2656 2633 2748 2688; x_wconf 78' lang='grc' dir='ltr'><strong><em>τὸν</em></strong></span> <span class='ocrx_word' id='word_1_356' title='bbox 2797 2639 3087 2698; x_wconf 81' lang='grc' dir='ltr'>τηνικαῦτα</span> <span class='ocrx_word' id='word_1_357' title='bbox 3157 2635 3248 2690; x_wconf 81' lang='grc' dir='ltr'>τὸν</span> <span class='ocrx_word' id='word_1_358' title='bbox 3317 2636 3630 2712; x_wconf 77' lang='grc' dir='ltr'>Χριστιανὸν</span> <span class='ocrx_word' id='word_1_359' title='bbox 3689 2634 3812 2690; x_wconf 73' lang='grc' dir='ltr'>λαὸν</span> 
     </span>
    </p>
   </div>
   <div class='ocr_carea' id='block_1_58' title="bbox 2170 2721 3815 2800">
    <p class='ocr_par' dir='ltr' id='par_1_58' title="bbox 2170 2721 3815 2800">
     <span class='ocr_line' id='line_1_58' title="bbox 2170 2721 3815 2800; baseline 0.002 -25"><span class='ocrx_word' id='word_1_360' title='bbox 2170 2725 2266 2785; x_wconf 76' lang='grc' dir='ltr'>τῆς</span> <span class='ocrx_word' id='word_1_361' title='bbox 2311 2721 2738 2776; x_wconf 69' lang='grc' dir='ltr'>Θεσσαλιονικέων</span> <span class='ocrx_word' id='word_1_362' title='bbox 2795 2721 3145 2794; x_wconf 84' lang='grc' dir='ltr'>ποιμαίνοντα</span> <span class='ocrx_word' id='word_1_363' title='bbox 3202 2721 3434 2800; x_wconf 66' lang='grc' dir='ltr'>πόλεως,</span> <span class='ocrx_word' id='word_1_364' title='bbox 3490 2722 3630 2778; x_wconf 81' lang='grc' dir='ltr'>ὥστε</span> <span class='ocrx_word' id='word_1_365' title='bbox 3685 2746 3815 2798; x_wconf 81' lang='grc' dir='ltr'>πεμ-</span> 
     </span>
    </p>
   </div>
   <div class='ocr_carea' id='block_1_59' title="bbox 2170 2809 3809 2889">
    <p class='ocr_par' dir='ltr' id='par_1_59' title="bbox 2170 2809 3809 2889">
     <span class='ocr_line' id='line_1_59' title="bbox 2170 2809 3809 2889; baseline 0.002 -24"><span class='ocrx_word' id='word_1_366' title='bbox 2170 2813 2362 2887; x_wconf 76' lang='grc' dir='ltr'>φθῆναι</span> <span class='ocrx_word' id='word_1_367' title='bbox 2416 2813 2556 2882; x_wconf 73' lang='grc' dir='ltr'>αὐτῷ</span> <span class='ocrx_word' id='word_1_368' title='bbox 2605 2809 2857 2884; x_wconf 75' lang='grc' dir='ltr'>λείψανον</span> <span class='ocrx_word' id='word_1_369' title='bbox 2911 2832 2959 2866; x_wconf 89' lang='grc' dir='ltr'><strong><em>τι</em></strong></span> <span class='ocrx_word' id='word_1_370' title='bbox 3009 2811 3100 2866; x_wconf 75' lang='grc' dir='ltr'>τοῦ</span> <span class='ocrx_word' id='word_1_371' title='bbox 3140 2811 3498 2889; x_wconf 71' lang='grc' dir='ltr'>Χριστοφόρου</span> <span class='ocrx_word' id='word_1_372' title='bbox 3551 2814 3809 2889; x_wconf 76' lang='grc' dir='ltr'>μάρτυρος</span> 
     </span>
    </p>
   </div>
   <div class='ocr_carea' id='block_1_60' title="bbox 2172 2897 3811 2979">
    <p class='ocr_par' dir='ltr' id='par_1_60' title="bbox 2172 2897 3811 2979">
     <span class='ocr_line' id='line_1_60' title="bbox 2172 2897 3811 2979; baseline 0.004 -27"><span class='ocrx_word' id='word_1_373' title='bbox 2172 2899 2478 2976; x_wconf 70' lang='grc' dir='ltr'>Δημητρίου</span> <span class='ocrx_word' id='word_1_374' title='bbox 2530 2900 2700 2954; x_wconf 87' lang='grc' dir='ltr'>πίστει</span> <span class='ocrx_word' id='word_1_375' title='bbox 2729 2900 2828 2965; x_wconf 81' lang='grc' dir='ltr'>τὴν</span> <span class='ocrx_word' id='word_1_376' title='bbox 2878 2897 2929 2964; x_wconf 80' lang='grc' dir='ltr'><strong><em>ἐξ</em></strong></span> <span class='ocrx_word' id='word_1_377' title='bbox 2982 2899 3139 2956; x_wconf 72' lang='grc' dir='ltr'>αὐτοῦ</span> <span class='ocrx_word' id='word_1_378' title='bbox 3185 2901 3502 2979; x_wconf 61' lang='grc' dir='ltr'>συμμαχίαν</span> <span class='ocrx_word' id='word_1_379' title='bbox 3555 2901 3811 2977; x_wconf 78' lang='grc' dir='ltr'><strong><em>βουλομέο</em></strong></span> 
     </span>
    </p>
   </div>
   <div class='ocr_carea' id='block_1_61' title="bbox 2167 2987 3806 3069">
    <p class='ocr_par' dir='ltr' id='par_1_61' title="bbox 2167 2987 3806 3069">
     <span class='ocr_line' id='line_1_61' title="bbox 2167 2987 3806 3069; baseline 0.003 -27"><span class='ocrx_word' id='word_1_380' title='bbox 2167 2993 2240 3042; x_wconf 77' lang='grc' dir='ltr'>νὼ</span> <span class='ocrx_word' id='word_1_381' title='bbox 2295 2987 2694 3065; x_wconf 84' lang='grc' dir='ltr'>καρπώσασθαι.</span> <span class='ocrx_word' id='word_1_382' title='bbox 2751 2989 2887 3065; x_wconf 65' lang='grc' dir='ltr'>Πρὸς</span> <span class='ocrx_word' id='word_1_383' title='bbox 2943 2989 3000 3044; x_wconf 83' lang='grc' dir='ltr'><strong><em>ὃν</em></strong></span> <span class='ocrx_word' id='word_1_384' title='bbox 3052 2991 3080 3044; x_wconf 85' lang='grc' dir='ltr'>ὁ</span> <span class='ocrx_word' id='word_1_385' title='bbox 3138 2989 3405 3065; x_wconf 77' lang='grc' dir='ltr'>μακάγιος</span> <span class='ocrx_word' id='word_1_386' title='bbox 3455 2989 3806 3069; x_wconf 74' lang='grc' dir='ltr'>ἀρχιερατεύ-</span> 
     </span>
    </p>
   </div>
   <div class='ocr_carea' id='block_1_62' title="bbox 2168 3074 3812 3156">
    <p class='ocr_par' dir='ltr' id='par_1_62' title="bbox 2168 3074 3812 3156">
     <span class='ocr_line' id='line_1_62' title="bbox 2168 3074 3812 3156; baseline 0.004 -26"><span class='ocrx_word' id='word_1_387' title='bbox 2168 3097 2264 3138; x_wconf 87' lang='grc' dir='ltr'>σας</span> <span class='ocrx_word' id='word_1_388' title='bbox 2320 3074 2564 3140; x_wconf 76' lang='grc' dir='ltr'>Εὒσὲϐιος</span> <span class='ocrx_word' id='word_1_389' title='bbox 2613 3076 2795 3156; x_wconf 80' lang='grc' dir='ltr'>(αὐτὸς</span> <span class='ocrx_word' id='word_1_390' title='bbox 2849 3079 2948 3154; x_wconf 76' lang='grc' dir='ltr'>γὰρ</span> <span class='ocrx_word' id='word_1_391' title='bbox 2977 3077 3043 3145; x_wconf 82' lang='grc' dir='ltr'><strong><em>ἧν</em></strong></span> <span class='ocrx_word' id='word_1_392' title='bbox 3102 3081 3128 3134; x_wconf 84' lang='grc' dir='ltr'>ὁ</span> <span class='ocrx_word' id='word_1_393' title='bbox 3190 3079 3288 3142; x_wconf 72' lang='grc' dir='ltr'>τὴν</span> <span class='ocrx_word' id='word_1_394' title='bbox 3319 3077 3672 3154; x_wconf 70' lang='grc' dir='ltr'>προλεθεῖσπιν</span> <span class='ocrx_word' id='word_1_395' title='bbox 3726 3087 3812 3136; x_wconf 74' lang='grc' dir='ltr'><strong><em>τοῦ</em></strong></span> 
     </span>
    </p>
   </div>
   <div class='ocr_carea' id='block_1_63' title="bbox 438 3157 2078 3247">
    <p class='ocr_par' dir='ltr' id='par_1_63' title="bbox 438 3157 2078 3247">
     <span class='ocr_line' id='line_1_63' title="bbox 438 3157 2078 3247; baseline -0.001 -27"><span class='ocrx_word' id='word_1_396' title='bbox 438 3159 780 3239; x_wconf 63' lang='lat' dir='ltr'><strong><em>praedictam</em></strong></span> <span class='ocrx_word' id='word_1_397' title='bbox 813 3159 1191 3247; x_wconf 74' lang='lat' dir='ltr'><strong><em>imperatoris</em></strong></span> <span class='ocrx_word' id='word_1_398' title='bbox 1225 3157 1572 3237; x_wconf 86' lang='lat' dir='ltr'><strong><em>petitionem</em></strong></span> <span class='ocrx_word' id='word_1_399' title='bbox 1604 3159 1938 3239; x_wconf 81' lang='lat' dir='ltr'><strong><em>acceperat)</em></strong></span> <span class='ocrx_word' id='word_1_400' title='bbox 1977 3159 2078 3218; x_wconf 91' lang='lat' dir='ltr'><strong><em>hu-</em></strong></span> 
     </span>
    </p>
   </div>
   <div class='ocr_carea' id='block_1_64' title="bbox 2168 3157 3811 3247">
    <p class='ocr_par' dir='ltr' id='par_1_64' title="bbox 2168 3163 3811 3247">
     <span class='ocr_line' id='line_1_64' title="bbox 2168 3163 3811 3247; baseline 0.003 -27"><span class='ocrx_word' id='word_1_401' title='bbox 2168 3163 2427 3240; x_wconf 77' lang='grc' dir='ltr'>βασιλέως</span> <span class='ocrx_word' id='word_1_402' title='bbox 2486 3164 2764 3241; x_wconf 74' lang='grc' dir='ltr'>δεξάμενος</span> <span class='ocrx_word' id='word_1_403' title='bbox 2798 3165 3041 3245; x_wconf 76' lang='grc' dir='ltr'>αἴτησιν)</span> <span class='ocrx_word' id='word_1_404' title='bbox 3091 3164 3323 3224; x_wconf 75' lang='grc' dir='ltr'>τοιοῖσδὲ</span> <span class='ocrx_word' id='word_1_405' title='bbox 3352 3189 3486 3222; x_wconf 89' lang='grc' dir='ltr'>τισιν</span> <span class='ocrx_word' id='word_1_406' title='bbox 3537 3167 3811 3247; x_wconf 76' lang='grc' dir='ltr'>ἐχρήσατο</span> 
     </span>
    </p>
   </div>
   <div class='ocr_carea' id='block_1_65' title="bbox 434 3245 1276 3328">
    <p class='ocr_par' dir='ltr' id='par_1_65' title="bbox 434 3245 1276 3328">
     <span class='ocr_line' id='line_1_65' title="bbox 434 3245 1276 3328; baseline -0.004 -18"><span class='ocrx_word' id='word_1_407' title='bbox 434 3247 696 3328; x_wconf 87' lang='lat' dir='ltr'><strong><em>jusmodi</em></strong></span> <span class='ocrx_word' id='word_1_408' title='bbox 732 3265 870 3307; x_wconf 89' lang='lat' dir='ltr'><strong><em>usus</em></strong></span> <span class='ocrx_word' id='word_1_409' title='bbox 901 3254 991 3306; x_wconf 90' lang='lat' dir='ltr'><strong><em>est</em></strong></span> <span class='ocrx_word' id='word_1_410' title='bbox 1014 3245 1228 3307; x_wconf 85' lang='lat' dir='ltr'><strong><em>litteris</em></strong></span> <span class='ocrx_word' id='word_1_411' title='bbox 1263 3263 1276 3307; x_wconf 95' lang='lat'>:</span> 
     </span>
    </p>
   </div>
   <div class='ocr_carea' id='block_1_66' title="bbox 521 3333 2082 3414">
    <p class='ocr_par' dir='ltr' id='par_1_66' title="bbox 521 3333 2082 3414">
     <span class='ocr_line' id='line_1_66' title="bbox 521 3333 2082 3414; baseline -0.001 -16"><span class='ocrx_word' id='word_1_412' title='bbox 521 3335 622 3398; x_wconf 83' lang='lat'><strong><em>49.</em></strong></span> <span class='ocrx_word' id='word_1_413' title='bbox 647 3333 776 3396; x_wconf 85' lang='lat' dir='ltr'><strong><em>Non</em></strong></span> <span class='ocrx_word' id='word_1_414' title='bbox 798 3334 899 3413; x_wconf 88' lang='lat' dir='ltr'><strong><em>ita,</em></strong></span> <span class='ocrx_word' id='word_1_415' title='bbox 923 3333 1267 3414; x_wconf 83' lang='lat' dir='ltr'><strong><em>imperator,</em></strong></span> <span class='ocrx_word' id='word_1_416' title='bbox 1302 3333 1802 3409; x_wconf 86' lang='lat' dir='ltr'><strong><em>quemadmodum</em></strong></span> <span class='ocrx_word' id='word_1_417' title='bbox 1829 3344 1991 3398; x_wconf 90' lang='lat' dir='ltr'><strong><em>certe</em></strong></span> <span class='ocrx_word' id='word_1_418' title='bbox 2023 3337 2082 3397; x_wconf 91' lang='lat' dir='ltr'><strong><em>in</em></strong></span> 
     </span>
    </p>
   </div>
   <div class='ocr_carea' id='block_1_67' title="bbox 442 3422 2084 3503">
    <p class='ocr_par' dir='ltr' id='par_1_67' title="bbox 442 3422 2084 3503">
     <span class='ocr_line' id='line_1_67' title="bbox 442 3422 2084 3503; baseline 0 -17"><span class='ocrx_word' id='word_1_419' title='bbox 442 3424 574 3486; x_wconf 90' lang='lat' dir='ltr'><strong><em>aliis</em></strong></span> <span class='ocrx_word' id='word_1_420' title='bbox 591 3423 937 3503; x_wconf 81' lang='lat' dir='ltr'><strong><em>regionibus</em></strong></span> <span class='ocrx_word' id='word_1_421' title='bbox 959 3422 1372 3499; x_wconf 84' lang='lat' dir='ltr'><strong><em>usuvenit,Deo</em></strong></span> <span class='ocrx_word' id='word_1_422' title='bbox 1397 3423 1627 3484; x_wconf 66' lang='lat' dir='ltr'><strong><em>dilectae</em></strong></span> <span class='ocrx_word' id='word_1_423' title='bbox 1651 3423 2084 3487; x_wconf 63' lang='lat' dir='ltr'><strong><em>Thessalonicae</em></strong></span> 
     </span>
    </p>
   </div>
   <div class='ocr_carea' id='block_1_68' title="bbox 438 3512 2082 3593">
    <p class='ocr_par' dir='ltr' id='par_1_68' title="bbox 438 3512 2082 3593">
     <span class='ocr_line' id='line_1_68' title="bbox 438 3512 2082 3593; baseline 0 -18"><span class='ocrx_word' id='word_1_424' title='bbox 438 3513 663 3576; x_wconf 89' lang='lat' dir='ltr'><strong><em>alumni</em></strong></span> <span class='ocrx_word' id='word_1_425' title='bbox 685 3521 1047 3587; x_wconf 90' lang='lat' dir='ltr'><strong><em>sanctorum,</em></strong></span> <span class='ocrx_word' id='word_1_426' title='bbox 1078 3513 1178 3593; x_wconf 92' lang='lat' dir='ltr'><strong><em>qui</em></strong></span> <span class='ocrx_word' id='word_1_427' title='bbox 1207 3513 1550 3593; x_wconf 87' lang='lat' dir='ltr'><strong><em>martyrium</em></strong></span> <span class='ocrx_word' id='word_1_428' title='bbox 1583 3512 1915 3586; x_wconf 82' lang='lat' dir='ltr'><strong><em>subierunt,</em></strong></span> <span class='ocrx_word' id='word_1_429' title='bbox 1951 3533 2082 3575; x_wconf 85' lang='lat' dir='ltr'><strong><em>cor-</em></strong></span> 
     </span>
    </p>
   </div>
   <div class='ocr_carea' id='block_1_69' title="bbox 437 3602 2084 3684">
    <p class='ocr_par' dir='ltr' id='par_1_69' title="bbox 437 3602 2084 3684">
     <span class='ocr_line' id='line_1_69' title="bbox 437 3602 2084 3684; baseline 0 -20"><span class='ocrx_word' id='word_1_430' title='bbox 437 3622 582 3683; x_wconf 88' lang='lat' dir='ltr'><strong><em>pora</em></strong></span> <span class='ocrx_word' id='word_1_431' title='bbox 604 3604 891 3684; x_wconf 89' lang='lat' dir='ltr'><strong><em>palam,ut</em></strong></span> <span class='ocrx_word' id='word_1_432' title='bbox 909 3621 1117 3664; x_wconf 90' lang='lat' dir='ltr'><strong><em>eorum</em></strong></span> <span class='ocrx_word' id='word_1_433' title='bbox 1143 3613 1384 3682; x_wconf 85' lang='lat' dir='ltr'><strong><em>aspectu</em></strong></span> <span class='ocrx_word' id='word_1_434' title='bbox 1403 3609 1462 3664; x_wconf 90' lang='lat' dir='ltr'><strong><em>et</em></strong></span> <span class='ocrx_word' id='word_1_435' title='bbox 1487 3602 2084 3664; x_wconf 89' lang='lat' dir='ltr'><strong><em>tactuinsensibiliter</em></strong></span> 
     </span>
    </p>
   </div>
   <div class='ocr_carea' id='block_1_70' title="bbox 437 3692 2084 3772">
    <p class='ocr_par' dir='ltr' id='par_1_70' title="bbox 437 3692 2084 3772">
     <span class='ocr_line' id='line_1_70' title="bbox 437 3692 2084 3772; baseline -0.001 -19"><span class='ocrx_word' id='word_1_436' title='bbox 437 3711 508 3753; x_wconf 90' lang='lat' dir='ltr'><strong><em>ac</em></strong></span> <span class='ocrx_word' id='word_1_437' title='bbox 554 3692 838 3755; x_wconf 89' lang='lat' dir='ltr'><strong><em>continuo</em></strong></span> <span class='ocrx_word' id='word_1_438' title='bbox 891 3692 962 3754; x_wconf 88' lang='lat' dir='ltr'><strong><em>ad</em></strong></span> <span class='ocrx_word' id='word_1_439' title='bbox 996 3692 1273 3772; x_wconf 87' lang='lat' dir='ltr'><strong><em>pietatem</em></strong></span> <span class='ocrx_word' id='word_1_440' title='bbox 1319 3693 1548 3752; x_wconf 88' lang='lat' dir='ltr'><strong><em>animas</em></strong></span> <span class='ocrx_word' id='word_1_441' title='bbox 1580 3692 1857 3772; x_wconf 88' lang='lat' dir='ltr'><strong><em>excitent,</em></strong></span> <span class='ocrx_word' id='word_1_442' title='bbox 1890 3692 2084 3754; x_wconf 85' lang='lat' dir='ltr'><strong><em>solent</em></strong></span> 
     </span>
    </p>
   </div>
   <div class='ocr_carea' id='block_1_71' title="bbox 437 3781 2083 3862">
    <p class='ocr_par' dir='ltr' id='par_1_71' title="bbox 437 3781 2083 3862">
     <span class='ocr_line' id='line_1_71' title="bbox 437 3781 2083 3862; baseline -0.001 -20"><span class='ocrx_word' id='word_1_443' title='bbox 437 3799 735 3862; x_wconf 83' lang='lat' dir='ltr'><strong><em>exponere</em></strong></span> <span class='ocrx_word' id='word_1_444' title='bbox 767 3802 783 3858; x_wconf 89' lang='lat'><strong>;</strong></span> <span class='ocrx_word' id='word_1_445' title='bbox 814 3781 916 3843; x_wconf 89' lang='lat' dir='ltr'><strong><em>sed</em></strong></span> <span class='ocrx_word' id='word_1_446' title='bbox 951 3791 1156 3843; x_wconf 90' lang='lat' dir='ltr'><strong><em>contra</em></strong></span> <span class='ocrx_word' id='word_1_447' title='bbox 1187 3781 1364 3842; x_wconf 84' lang='lat' dir='ltr'><strong><em>ﬁdem</em></strong></span> <span class='ocrx_word' id='word_1_448' title='bbox 1390 3781 1449 3841; x_wconf 94' lang='lat' dir='ltr'><strong><em>in</em></strong></span> <span class='ocrx_word' id='word_1_449' title='bbox 1474 3781 1752 3842; x_wconf 87' lang='lat' dir='ltr'><strong><em>cordibus</em></strong></span> <span class='ocrx_word' id='word_1_450' title='bbox 1773 3781 1893 3842; x_wconf 87' lang='lat' dir='ltr'><strong><em>suis</em></strong></span> <span class='ocrx_word' id='word_1_451' title='bbox 1914 3781 2083 3842; x_wconf 91' lang='lat' dir='ltr'><strong><em>intel-</em></strong></span> 
     </span>
    </p>
   </div>
   <div class='ocr_carea' id='block_1_72' title="bbox 435 3869 2078 3951">
    <p class='ocr_par' dir='ltr' id='par_1_72' title="bbox 435 3869 2078 3951">
     <span class='ocr_line' id='line_1_72' title="bbox 435 3869 2078 3951; baseline 0 -19"><span class='ocrx_word' id='word_1_452' title='bbox 435 3870 772 3933; x_wconf 89' lang='lat' dir='ltr'><strong><em>lectualiter</em></strong></span> <span class='ocrx_word' id='word_1_453' title='bbox 819 3879 1146 3943; x_wconf 87' lang='lat' dir='ltr'><strong><em>servantes,</em></strong></span> <span class='ocrx_word' id='word_1_454' title='bbox 1182 3888 1503 3951; x_wconf 89' lang='lat' dir='ltr'><strong><em>rerumque</em></strong></span> <span class='ocrx_word' id='word_1_455' title='bbox 1533 3869 1876 3949; x_wconf 86' lang='lat' dir='ltr'><strong><em>hujusmodi</em></strong></span> <span class='ocrx_word' id='word_1_456' title='bbox 1907 3889 2078 3949; x_wconf 73' lang='lat' dir='ltr'><strong><em>aspe~</em></strong></span> 
     </span>
    </p>
   </div>
   <div class='ocr_carea' id='block_1_73' title="bbox 437 3959 2080 4042">
    <p class='ocr_par' dir='ltr' id='par_1_73' title="bbox 437 3959 2080 4042">
     <span class='ocr_line' id='line_1_73' title="bbox 437 3959 2080 4042; baseline 0.001 -22"><span class='ocrx_word' id='word_1_457' title='bbox 437 3969 596 4020; x_wconf 91' lang='lat' dir='ltr'><strong><em>ctum</em></strong></span> <span class='ocrx_word' id='word_1_458' title='bbox 652 3978 771 4042; x_wconf 64' lang='lat' dir='ltr'><strong><em>pra:</em></strong></span> <span class='ocrx_word' id='word_1_459' title='bbox 801 3960 1020 4040; x_wconf 87' lang='lat' dir='ltr'><strong><em>pietate</em></strong></span> <span class='ocrx_word' id='word_1_460' title='bbox 1052 3959 1269 4021; x_wconf 82' lang='lat' dir='ltr'><strong><em>eximia</em></strong></span> <span class='ocrx_word' id='word_1_461' title='bbox 1326 3969 1680 4030; x_wconf 89' lang='lat' dir='ltr'><strong><em>metuentes,</em></strong></span> <span class='ocrx_word' id='word_1_462' title='bbox 1720 3962 1828 4033; x_wconf 91' lang='lat' dir='ltr'><strong><em>eis,</em></strong></span> <span class='ocrx_word' id='word_1_463' title='bbox 1867 3969 1926 4019; x_wconf 93' lang='lat' dir='ltr'><strong><em>ut</em></strong></span> <span class='ocrx_word' id='word_1_464' title='bbox 1959 3960 2080 4021; x_wconf 90' lang='lat' dir='ltr'><strong><em>Deo</em></strong></span> 
     </span>
    </p>
   </div>
   <div class='ocr_carea' id='block_1_74' title="bbox 439 4047 2080 4127">
    <p class='ocr_par' dir='ltr' id='par_1_74' title="bbox 439 4047 2080 4127">
     <span class='ocr_line' id='line_1_74' title="bbox 439 4047 2080 4127; baseline 0.003 -19"><span class='ocrx_word' id='word_1_465' title='bbox 439 4047 730 4127; x_wconf 87' lang='lat' dir='ltr'><strong><em>placeant,</em></strong></span> <span class='ocrx_word' id='word_1_466' title='bbox 767 4048 908 4110; x_wconf 84' lang='lat' dir='ltr'><strong><em>ﬁdei</em></strong></span> <span class='ocrx_word' id='word_1_467' title='bbox 960 4048 1272 4111; x_wconf 85' lang='lat' dir='ltr'><strong><em>sinceritas</em></strong></span> <span class='ocrx_word' id='word_1_468' title='bbox 1302 4049 1576 4110; x_wconf 77' lang='lat' dir='ltr'><strong><em>sufﬁcere</em></strong></span> <span class='ocrx_word' id='word_1_469' title='bbox 1608 4047 1939 4109; x_wconf 81' lang='lat' dir='ltr'><strong><em>existimata</em></strong></span> <span class='ocrx_word' id='word_1_470' title='bbox 1968 4056 2080 4114; x_wconf 89' lang='lat' dir='ltr'><strong><em>est.</em></strong></span> 
     </span>
    </p>
   </div>
   <div class='ocr_carea' id='block_1_75' title="bbox 438 4143 2081 4219">
    <p class='ocr_par' dir='ltr' id='par_1_75' title="bbox 438 4143 2081 4219">
     <span class='ocr_line' id='line_1_75' title="bbox 438 4143 2081 4219; baseline 0.001 -19"><span class='ocrx_word' id='word_1_471' title='bbox 438 4144 745 4216; x_wconf 78' lang='lat' dir='ltr'><strong><em>Martyrum</em></strong></span> <span class='ocrx_word' id='word_1_472' title='bbox 764 4153 952 4202; x_wconf 88' lang='lat' dir='ltr'><strong><em>autem</em></strong></span> <span class='ocrx_word' id='word_1_473' title='bbox 987 4144 1204 4214; x_wconf 87' lang='lat' dir='ltr'><strong><em>Iipsana</em></strong></span> <span class='ocrx_word' id='word_1_474' title='bbox 1229 4143 1298 4200; x_wconf 89' lang='lat' dir='ltr'><strong><em>ita</em></strong></span> <span class='ocrx_word' id='word_1_475' title='bbox 1331 4158 1466 4200; x_wconf 86' lang='lat' dir='ltr'><strong><em>sene</em></strong></span> <span class='ocrx_word' id='word_1_476' title='bbox 1497 4143 1849 4219; x_wconf 79' lang='lat' dir='ltr'><strong><em>abscondere</em></strong></span> <span class='ocrx_word' id='word_1_477' title='bbox 1875 4143 2081 4201; x_wconf 87' lang='lat' dir='ltr'><strong><em>debere</em></strong></span> 
     </span>
    </p>
   </div>
   <div class='ocr_carea' id='block_1_76' title="bbox 436 4227 2077 4310">
    <p class='ocr_par' dir='ltr' id='par_1_76' title="bbox 436 4227 2077 4310">
     <span class='ocr_line' id='line_1_76' title="bbox 436 4227 2077 4310; baseline -0.002 -19"><span class='ocrx_word' id='word_1_478' title='bbox 436 4237 810 4310; x_wconf 88' lang='lat' dir='ltr'><strong><em>putarunt,ut</em></strong></span> <span class='ocrx_word' id='word_1_479' title='bbox 828 4229 973 4290; x_wconf 89' lang='lat' dir='ltr'><strong><em>nulli</em></strong></span> <span class='ocrx_word' id='word_1_480' title='bbox 997 4229 1238 4290; x_wconf 91' lang='lat' dir='ltr'><strong><em>omnino</em></strong></span> <span class='ocrx_word' id='word_1_481' title='bbox 1265 4238 1657 4308; x_wconf 62' lang='lat' dir='ltr'><strong><em>praterquam</em></strong></span> <span class='ocrx_word' id='word_1_482' title='bbox 1685 4227 1756 4286; x_wconf 84' lang='lat' dir='ltr'><strong><em>its</em></strong></span> <span class='ocrx_word' id='word_1_483' title='bbox 1781 4227 1950 4307; x_wconf 89' lang='lat' dir='ltr'><strong><em>ipsis,</em></strong></span> <span class='ocrx_word' id='word_1_484' title='bbox 1975 4229 2077 4308; x_wconf 90' lang='lat' dir='ltr'><strong><em>qui</em></strong></span> 
     </span>
    </p>
   </div>
   <div class='ocr_carea' id='block_1_77' title="bbox 507 4360 2071 4432">
    <p class='ocr_par' dir='ltr' id='par_1_77' title="bbox 507 4360 2071 4432">
     <span class='ocr_line' id='line_1_77' title="bbox 507 4360 2071 4432; baseline 0 -16"><span class='ocrx_word' id='word_1_485' title='bbox 507 4360 620 4431; x_wconf 75' lang='lat'><strong><em>(23)</em></strong></span> <span class='ocrx_word' id='word_1_486' title='bbox 676 4362 838 4430; x_wconf 87' lang='lat' dir='ltr'><strong><em>Quod</em></strong></span> <span class='ocrx_word' id='word_1_487' title='bbox 890 4365 997 4419; x_wconf 91' lang='lat' dir='ltr'><strong><em>hoc</em></strong></span> <span class='ocrx_word' id='word_1_488' title='bbox 1049 4361 1229 4432; x_wconf 88' lang='lat' dir='ltr'><strong><em>capite</em></strong></span> <span class='ocrx_word' id='word_1_489' title='bbox 1273 4369 1568 4432; x_wconf 74' lang='lat' dir='ltr'><strong><em>narratur,</em></strong></span> <span class='ocrx_word' id='word_1_490' title='bbox 1598 4360 1812 4432; x_wconf 87' lang='lat' dir='ltr'><strong><em>aut,__si</em></strong></span> <span class='ocrx_word' id='word_1_491' title='bbox 1848 4360 2071 4432; x_wconf 88' lang='lat' dir='ltr'><strong><em>__mavis,</em></strong></span> 
     </span>
    </p>
   </div>
   <div class='ocr_carea' id='block_1_78' title="bbox 432 4428 2075 4503">
    <p class='ocr_par' dir='ltr' id='par_1_78' title="bbox 432 4428 2075 4503">
     <span class='ocr_line' id='line_1_78' title="bbox 432 4428 2075 4503; baseline -0.001 -16"><span class='ocrx_word' id='word_1_492' title='bbox 432 4428 544 4488; x_wconf 82' lang='lat' dir='ltr'><strong><em>hoc</em></strong></span> <span class='ocrx_word' id='word_1_493' title='bbox 574 4428 763 4503; x_wconf 84' lang='lat' dir='ltr'><strong><em>ipsum</em></strong></span> <span class='ocrx_word' id='word_1_494' title='bbox 793 4443 965 4501; x_wconf 87' lang='lat' dir='ltr'><strong><em>caput</em></strong></span> <span class='ocrx_word' id='word_1_495' title='bbox 994 4449 1024 4488; x_wconf 89' lang='lat' dir='ltr'><strong><em>e</em></strong></span> <span class='ocrx_word' id='word_1_496' title='bbox 1055 4428 1162 4491; x_wconf 76' lang='lat' dir='ltr'><strong><em>ms.</em></strong></span> <span class='ocrx_word' id='word_1_497' title='bbox 1200 4435 1410 4503; x_wconf 85' lang='lat' dir='ltr'><strong><em>pariter</em></strong></span> <span class='ocrx_word' id='word_1_498' title='bbox 1442 4430 1640 4485; x_wconf 90' lang='lat' dir='ltr'><strong><em>codice</em></strong></span> <span class='ocrx_word' id='word_1_499' title='bbox 1669 4430 1806 4486; x_wconf 88' lang='lat' dir='ltr'><strong><em>olim</em></strong></span> <span class='ocrx_word' id='word_1_500' title='bbox 1846 4428 2075 4503; x_wconf 59' lang='lat' dir='ltr'><strong><em>iterari-</em></strong></span> 
     </span>
    </p>
   </div>
   <div class='ocr_carea' id='block_1_79' title="bbox 433 4500 2068 4574">
    <p class='ocr_par' dir='ltr' id='par_1_79' title="bbox 433 4500 2068 4574">
     <span class='ocr_line' id='line_1_79' title="bbox 433 4500 2068 4574; baseline 0 -16"><span class='ocrx_word' id='word_1_501' title='bbox 433 4500 770 4574; x_wconf 41' lang='lat' dir='ltr'><strong><em>mem—nunc</em></strong></span> <span class='ocrx_word' id='word_1_502' title='bbox 807 4500 964 4574; x_wconf 81' lang='lat' dir='ltr'><strong><em>regio</em></strong></span> <span class='ocrx_word' id='word_1_503' title='bbox 1005 4500 1330 4565; x_wconf 83' lang='lat' dir='ltr'><strong><em>Parisiensi,</em></strong></span> <span class='ocrx_word' id='word_1_504' title='bbox 1369 4502 1424 4557; x_wconf 92' lang='lat' dir='ltr'><strong><em>in</em></strong></span> <span class='ocrx_word' id='word_1_505' title='bbox 1459 4516 1572 4572; x_wconf 91' lang='lat' dir='ltr'><strong><em>quo</em></strong></span> <span class='ocrx_word' id='word_1_506' title='bbox 1603 4516 1631 4556; x_wconf 88' lang='lat' dir='ltr'><strong><em>a</em></strong></span> <span class='ocrx_word' id='word_1_507' title='bbox 1663 4515 1794 4574; x_wconf 79' lang='lat' dir='ltr'><strong><em>pag.</em></strong></span> <span class='ocrx_word' id='word_1_508' title='bbox 1845 4500 1934 4565; x_wconf 87' lang='grc'>55,</span> <span class='ocrx_word' id='word_1_509' title='bbox 1971 4517 2068 4558; x_wconf 91' lang='lat' dir='ltr'><strong><em>seu</em></strong></span> 
     </span>
    </p>
   </div>
   <div class='ocr_carea' id='block_1_80' title="bbox 432 4571 2068 4643">
    <p class='ocr_par' dir='ltr' id='par_1_80' title="bbox 432 4571 2068 4643">
     <span class='ocr_line' id='line_1_80' title="bbox 432 4571 2068 4643; baseline -0.001 -14"><span class='ocrx_word' id='word_1_510' title='bbox 432 4575 619 4643; x_wconf 88' lang='lat' dir='ltr'><strong><em>p0tius</em></strong></span> <span class='ocrx_word' id='word_1_511' title='bbox 649 4573 762 4636; x_wconf 82' lang='lat' dir='ltr'><strong><em>(bis</em></strong></span> <span class='ocrx_word' id='word_1_512' title='bbox 793 4571 944 4629; x_wconf 70' lang='lat' dir='ltr'><strong><em>enim</em></strong></span> <span class='ocrx_word' id='word_1_513' title='bbox 980 4576 1101 4629; x_wconf 62' lang='lat' dir='ltr'><strong><em>haec</em></strong></span> <span class='ocrx_word' id='word_1_514' title='bbox 1133 4587 1232 4641; x_wconf 86' lang='lat' dir='ltr'><strong><em>per</em></strong></span> <span class='ocrx_word' id='word_1_515' title='bbox 1261 4586 1516 4628; x_wconf 86' lang='lat' dir='ltr'><strong><em>errorem</em></strong></span> <span class='ocrx_word' id='word_1_516' title='bbox 1549 4571 1738 4643; x_wconf 84' lang='lat' dir='ltr'><strong><em>inille</em></strong></span> <span class='ocrx_word' id='word_1_517' title='bbox 1770 4577 2068 4642; x_wconf 84' lang='lat' dir='ltr'><strong><em>notantur)</em></strong></span> 
     </span>
    </p>
   </div>
   <div class='ocr_carea' id='block_1_81' title="bbox 433 4642 2069 4713">
    <p class='ocr_par' dir='ltr' id='par_1_81' title="bbox 433 4642 2069 4713">
     <span class='ocr_line' id='line_1_81' title="bbox 433 4642 2069 4713; baseline 0.001 -15"><span class='ocrx_word' id='word_1_518' title='bbox 433 4642 462 4698; x_wconf 69' lang='grc' dir='ltr'>ἐι</span> <span class='ocrx_word' id='word_1_519' title='bbox 505 4659 631 4713; x_wconf 83' lang='lat' dir='ltr'><strong><em>pag.</em></strong></span> <span class='ocrx_word' id='word_1_520' title='bbox 681 4644 750 4698; x_wconf 87' lang='lat'><strong><em>56</em></strong></span> <span class='ocrx_word' id='word_1_521' title='bbox 780 4657 962 4713; x_wconf 88' lang='lat' dir='ltr'><strong><em>usque</em></strong></span> <span class='ocrx_word' id='word_1_522' title='bbox 992 4646 1060 4700; x_wconf 86' lang='lat' dir='ltr'><strong><em>ad</em></strong></span> <span class='ocrx_word' id='word_1_523' title='bbox 1109 4657 1239 4712; x_wconf 86' lang='lat' dir='ltr'><strong><em>pag.</em></strong></span> <span class='ocrx_word' id='word_1_524' title='bbox 1272 4643 1341 4699; x_wconf 85' lang='lat'><strong><em>58</em></strong></span> <span class='ocrx_word' id='word_1_525' title='bbox 1397 4642 1748 4708; x_wconf 81' lang='lat' dir='ltr'><strong><em>extenditur,</em></strong></span> <span class='ocrx_word' id='word_1_526' title='bbox 1779 4644 2069 4713; x_wconf 86' lang='lat' dir='ltr'><strong><em>integrum</em></strong></span> 
     </span>
    </p>
   </div>
   <div class='ocr_carea' id='block_1_82' title="bbox 432 4715 2067 4786">
    <p class='ocr_par' dir='ltr' id='par_1_82' title="bbox 432 4715 2067 4786">
     <span class='ocr_line' id='line_1_82' title="bbox 432 4715 2067 4786; baseline 0.001 -18"><span class='ocrx_word' id='word_1_527' title='bbox 432 4727 609 4784; x_wconf 87' lang='lat' dir='ltr'><strong><em>penes</em></strong></span> <span class='ocrx_word' id='word_1_528' title='bbox 661 4727 765 4770; x_wconf 90' lang='lat' dir='ltr'><strong><em>nos</em></strong></span> <span class='ocrx_word' id='word_1_529' title='bbox 804 4721 986 4786; x_wconf 71' lang='lat' dir='ltr'><strong><em>exstat</em></strong></span> <span class='ocrx_word' id='word_1_530' title='bbox 1030 4717 1379 4784; x_wconf 87' lang='lat' dir='ltr'><strong><em>exscriptum</em></strong></span> <span class='ocrx_word' id='word_1_531' title='bbox 1437 4717 1693 4786; x_wconf 88' lang='lat' dir='ltr'><strong><em>sequenti</em></strong></span> <span class='ocrx_word' id='word_1_532' title='bbox 1745 4715 1798 4770; x_wconf 91' lang='lat' dir='ltr'><strong><em>in</em></strong></span> <span class='ocrx_word' id='word_1_533' title='bbox 1859 4715 2067 4784; x_wconf 75' lang='lat' dir='ltr'><strong><em>Capite,</em></strong></span> 
     </span>
    </p>
   </div>
   <div class='ocr_carea' id='block_1_83' title="bbox 432 4785 2066 4856">
    <p class='ocr_par' dir='ltr' id='par_1_83' title="bbox 432 4785 2066 4856">
     <span class='ocr_line' id='line_1_83' title="bbox 432 4785 2066 4856; baseline -0.001 -16"><span class='ocrx_word' id='word_1_534' title='bbox 432 4799 601 4852; x_wconf 87' lang='lat' dir='ltr'><strong><em>quem</em></strong></span> <span class='ocrx_word' id='word_1_535' title='bbox 634 4793 686 4840; x_wconf 88' lang='lat' dir='ltr'><strong><em>et</em></strong></span> <span class='ocrx_word' id='word_1_536' title='bbox 717 4787 772 4841; x_wconf 91' lang='lat' dir='ltr'><strong><em>in</em></strong></span> <span class='ocrx_word' id='word_1_537' title='bbox 807 4785 955 4842; x_wconf 84' lang='lat' dir='ltr'><strong><em>dicto</em></strong></span> <span class='ocrx_word' id='word_1_538' title='bbox 986 4786 1181 4842; x_wconf 89' lang='lat' dir='ltr'><strong><em>codice</em></strong></span> <span class='ocrx_word' id='word_1_539' title='bbox 1211 4789 1452 4856; x_wconf 74' lang='lat' dir='ltr'><strong><em>praeteri,</em></strong></span> <span class='ocrx_word' id='word_1_540' title='bbox 1487 4785 1654 4843; x_wconf 81' lang='lat' dir='ltr'><strong><em>titulo</em></strong></span> <span class='ocrx_word' id='word_1_541' title='bbox 1687 4786 2026 4855; x_wconf 80' lang='lat' dir='ltr'><strong><em>insignitum</em></strong></span> <span class='ocrx_word' id='word_1_542' title='bbox 2055 4805 2066 4838; x_wconf 90' lang='lat'>:</span> 
     </span>
    </p>
   </div>
   <div class='ocr_carea' id='block_1_84' title="bbox 431 4856 2070 4936">
    <p class='ocr_par' dir='ltr' id='par_1_84' title="bbox 431 4856 2070 4936">
     <span class='ocr_line' id='line_1_84' title="bbox 431 4856 2070 4936; baseline 0.004 -24"><span class='ocrx_word' id='word_1_543' title='bbox 431 4857 554 4933; x_wconf 82' lang='grc' dir='ltr'>Περὶ</span> <span class='ocrx_word' id='word_1_544' title='bbox 610 4857 709 4924; x_wconf 67' lang='grc' dir='ltr'>τῆς</span> <span class='ocrx_word' id='word_1_545' title='bbox 745 4856 1001 4923; x_wconf 66' lang='grc' dir='ltr'>αἰτήσεως</span> <span class='ocrx_word' id='word_1_546' title='bbox 1051 4860 1157 4913; x_wconf 79' lang='grc' dir='ltr'><strong><em>τῶν</em></strong></span> <span class='ocrx_word' id='word_1_547' title='bbox 1210 4858 1476 4932; x_wconf 73' lang='grc' dir='ltr'>λειψάνων</span> <span class='ocrx_word' id='word_1_548' title='bbox 1526 4859 1617 4915; x_wconf 80' lang='grc' dir='ltr'>τοῦ</span> <span class='ocrx_word' id='word_1_549' title='bbox 1668 4858 1947 4936; x_wconf 62' lang='grc' dir='ltr'><strong><em>μάρτυρος³</em></strong></span> <span class='ocrx_word' id='word_1_550' title='bbox 1985 4857 2070 4918; x_wconf 82' lang='lat' dir='ltr'><strong><em>De</em></strong></span> 
     </span>
    </p>
   </div>
   <div class='ocr_carea' id='block_1_85' title="bbox 421 4936 1462 5010">
    <p class='ocr_par' dir='ltr' id='par_1_85' title="bbox 421 4936 1462 5010">
     <span class='ocr_line' id='line_1_85' title="bbox 421 4936 1462 5010; baseline 0.002 -20"><span class='ocrx_word' id='word_1_551' title='bbox 421 4936 784 5010; x_wconf 57' lang='lat' dir='ltr'><strong><em>postulatione</em></strong></span> <span class='ocrx_word' id='word_1_552' title='bbox 811 4937 1163 5010; x_wconf 80' lang='lat' dir='ltr'><strong><em>reliquiarum</em></strong></span> <span class='ocrx_word' id='word_1_553' title='bbox 1192 4938 1462 5008; x_wconf 71' lang='lat' dir='ltr'><strong><em>martyris.</em></strong></span> 
     </span>
    </p>
   </div>
   <div class='ocr_carea' id='block_1_86' title="bbox 499 5006 2066 5078">
    <p class='ocr_par' dir='ltr' id='par_1_86' title="bbox 499 5006 2066 5078">
     <span class='ocr_line' id='line_1_86' title="bbox 499 5006 2066 5078; baseline -0.001 -17"><span class='ocrx_word' id='word_1_554' title='bbox 499 5006 608 5076; x_wconf 71' lang='lat' dir='ltr'><strong><em>(2t)</em></strong></span> <span class='ocrx_word' id='word_1_555' title='bbox 647 5007 725 5063; x_wconf 91' lang='lat' dir='ltr'><strong><em>De</em></strong></span> <span class='ocrx_word' id='word_1_556' title='bbox 775 5008 878 5062; x_wconf 86' lang='lat' dir='ltr'><strong><em>hac</em></strong></span> <span class='ocrx_word' id='word_1_557' title='bbox 908 5006 1100 5065; x_wconf 72' lang='lat' dir='ltr'><strong><em>sancta</em></strong></span> <span class='ocrx_word' id='word_1_558' title='bbox 1155 5006 1404 5078; x_wconf 75' lang='lat' dir='ltr'><strong><em>martyre</em></strong></span> <span class='ocrx_word' id='word_1_559' title='bbox 1434 5007 1501 5063; x_wconf 86' lang='lat' dir='ltr'><strong><em>ad</em></strong></span> <span class='ocrx_word' id='word_1_560' title='bbox 1556 5007 1705 5063; x_wconf 80' lang='lat' dir='ltr'><strong><em>diem</em></strong></span> <span class='ocrx_word' id='word_1_561' title='bbox 1743 5007 1806 5062; x_wconf 87' lang='grc'>15</span> <span class='ocrx_word' id='word_1_562' title='bbox 1865 5007 2066 5071; x_wconf 80' lang='lat' dir='ltr'><strong><em>Martii,</em></strong></span> 
     </span>
    </p>
   </div>
   <div class='ocr_carea' id='block_1_87' title="bbox 427 5079 2066 5158">
    <p class='ocr_par' dir='ltr' id='par_1_87' title="bbox 427 5079 2066 5158">
     <span class='ocr_line' id='line_1_87' title="bbox 427 5079 2066 5158; baseline -0.001 -24"><span class='ocrx_word' id='word_1_563' title='bbox 427 5087 779 5158; x_wconf 80' lang='lat' dir='ltr'><strong><em>quo_cxstat_</em></strong></span> <span class='ocrx_word' id='word_1_564' title='bbox 820 5079 1217 5158; x_wconf 75' lang='lat' dir='ltr'><strong><em>Martyrologio</em></strong></span> <span class='ocrx_word' id='word_1_565' title='bbox 1250 5079 1507 5158; x_wconf 79' lang='lat' dir='ltr'><strong><em>Romano</em></strong></span> <span class='ocrx_word' id='word_1_566' title='bbox 1538 5079 1831 5158; x_wconf 83' lang='lat' dir='ltr'><strong><em>inscripta,</em></strong></span> <span class='ocrx_word' id='word_1_567' title='bbox 1877 5088 2066 5133; x_wconf 89' lang='lat' dir='ltr'><strong><em>actum</em></strong></span> 
     </span>
    </p>
   </div>
   <div class='ocr_carea' id='block_1_88' title="bbox 426 5148 2064 5221">
    <p class='ocr_par' dir='ltr' id='par_1_88' title="bbox 426 5148 2064 5221">
     <span class='ocr_line' id='line_1_88' title="bbox 426 5148 2064 5221; baseline 0 -16"><span class='ocrx_word' id='word_1_568' title='bbox 426 5148 576 5221; x_wconf 76' lang='lat' dir='ltr'><strong><em>adud</em></strong></span> <span class='ocrx_word' id='word_1_569' title='bbox 610 5163 722 5205; x_wconf 85' lang='lat' dir='ltr'><strong><em>non</em></strong></span> <span class='ocrx_word' id='word_1_570' title='bbox 749 5149 876 5221; x_wconf 80' lang='lat' dir='ltr'><strong><em>jam</em></strong></span> <span class='ocrx_word' id='word_1_571' title='bbox 914 5148 1018 5217; x_wconf 73' lang='lat' dir='ltr'><strong><em>est,</em></strong></span> <span class='ocrx_word' id='word_1_572' title='bbox 1072 5148 1420 5221; x_wconf 64' lang='lat' dir='ltr'><strong><em>ibidemque,</em></strong></span> <span class='ocrx_word' id='word_1_573' title='bbox 1461 5148 1738 5219; x_wconf 87' lang='lat' dir='ltr'><strong><em>virginem</em></strong></span> <span class='ocrx_word' id='word_1_574' title='bbox 1765 5163 1896 5221; x_wconf 71' lang='lat' dir='ltr'><strong><em>eam</em></strong></span> <span class='ocrx_word' id='word_1_575' title='bbox 1949 5161 2064 5221; x_wconf 77' lang='lat' dir='ltr'><strong><em>non</em></strong></span> 
     </span>
    </p>
   </div>
   <div class='ocr_carea' id='block_1_89' title="bbox 424 5217 2066 5290">
    <p class='ocr_par' dir='ltr' id='par_1_89' title="bbox 424 5217 2066 5290">
     <span class='ocr_line' id='line_1_89' title="bbox 424 5217 2066 5290; baseline -0.001 -14"><span class='ocrx_word' id='word_1_576' title='bbox 424 5217 682 5283; x_wconf 78' lang='lat' dir='ltr'><strong><em>fuisse,a</em></strong></span> <span class='ocrx_word' id='word_1_577' title='bbox 744 5217 1020 5277; x_wconf 83' lang='lat' dir='ltr'><strong><em>Bollando</em></strong></span> <span class='ocrx_word' id='word_1_578' title='bbox 1078 5223 1132 5274; x_wconf 90' lang='lat' dir='ltr'><strong><em>in</em></strong></span> <span class='ocrx_word' id='word_1_579' title='bbox 1194 5217 1478 5284; x_wconf 69' lang='lat' dir='ltr'><strong><em>hismrica,</em></strong></span> <span class='ocrx_word' id='word_1_580' title='bbox 1519 5217 1688 5290; x_wconf 81' lang='lat' dir='ltr'><strong><em>quam</em></strong></span> <span class='ocrx_word' id='word_1_581' title='bbox 1749 5219 1818 5275; x_wconf 87' lang='lat' dir='ltr'><strong><em>de</em></strong></span> <span class='ocrx_word' id='word_1_582' title='bbox 1867 5220 2066 5275; x_wconf 76' lang='lat' dir='ltr'><strong><em>eadem</em></strong></span> 
     </span>
    </p>
   </div>
   <div class='ocr_carea' id='block_1_90' title="bbox 424 5290 2071 5362">
    <p class='ocr_par' dir='ltr' id='par_1_90' title="bbox 424 5290 2071 5362">
     <span class='ocr_line' id='line_1_90' title="bbox 424 5290 2071 5362; baseline 0.001 -17"><span class='ocrx_word' id='word_1_583' title='bbox 424 5291 743 5356; x_wconf 82' lang='lat' dir='ltr'><strong><em>contexuit,</em></strong></span> <span class='ocrx_word' id='word_1_584' title='bbox 772 5291 1299 5362; x_wconf 17' lang='lat' dir='ltr'><strong><em>Syllogeitanquam</em></strong></span> <span class='ocrx_word' id='word_1_585' title='bbox 1334 5291 1688 5362; x_wconf 84' lang='lat' dir='ltr'><strong><em>probabilius</em></strong></span> <span class='ocrx_word' id='word_1_586' title='bbox 1715 5304 1876 5347; x_wconf 87' lang='lat' dir='ltr'><strong><em>num.</em></strong></span> <span class='ocrx_word' id='word_1_587' title='bbox 1901 5290 1933 5343; x_wconf 90' lang='lat'>8</span> <span class='ocrx_word' id='word_1_588' title='bbox 1967 5290 2071 5347; x_wconf 81' lang='lat' dir='ltr'><strong><em>fuit</em></strong></span> 
     </span>
    </p>
   </div>
   <div class='ocr_carea' id='block_1_91' title="bbox 420 5361 2065 5431">
    <p class='ocr_par' dir='ltr' id='par_1_91' title="bbox 420 5361 2065 5431">
     <span class='ocr_line' id='line_1_91' title="bbox 420 5361 2065 5431; baseline 0.001 -17"><span class='ocrx_word' id='word_1_589' title='bbox 420 5362 802 5430; x_wconf 87' lang='lat' dir='ltr'><strong><em>propositum.</em></strong></span> <span class='ocrx_word' id='word_1_590' title='bbox 861 5361 1021 5431; x_wconf 86' lang='lat' dir='ltr'><strong><em>Quod</em></strong></span> <span class='ocrx_word' id='word_1_591' title='bbox 1054 5362 1250 5431; x_wconf 83' lang='lat' dir='ltr'><strong><em>nescio</em></strong></span> <span class='ocrx_word' id='word_1_592' title='bbox 1301 5361 1372 5418; x_wconf 86' lang='lat' dir='ltr'><strong><em>an</em></strong></span> <span class='ocrx_word' id='word_1_593' title='bbox 1409 5364 1479 5417; x_wconf 89' lang='lat' dir='ltr'><strong><em>ab</em></strong></span> <span class='ocrx_word' id='word_1_594' title='bbox 1518 5377 1584 5417; x_wconf 87' lang='lat' dir='ltr'><strong><em>eo</em></strong></span> <span class='ocrx_word' id='word_1_595' title='bbox 1644 5362 1846 5430; x_wconf 88' lang='lat' dir='ltr'><strong><em>Operis</em></strong></span> <span class='ocrx_word' id='word_1_596' title='bbox 1884 5363 2065 5415; x_wconf 86' lang='lat' dir='ltr'><strong><em>nostri</em></strong></span> 
     </span>
    </p>
   </div>
   <div class='ocr_carea' id='block_1_92' title="bbox 418 5429 2066 5499">
    <p class='ocr_par' dir='ltr' id='par_1_92' title="bbox 418 5429 2066 5499">
     <span class='ocr_line' id='line_1_92' title="bbox 418 5429 2066 5499; baseline 0.001 -14"><span class='ocrx_word' id='word_1_597' title='bbox 418 5429 716 5487; x_wconf 79' lang='lat' dir='ltr'><strong><em>conditore</em></strong></span> <span class='ocrx_word' id='word_1_598' title='bbox 745 5429 955 5486; x_wconf 80' lang='lat' dir='ltr'><strong><em>factum</em></strong></span> <span class='ocrx_word' id='word_1_599' title='bbox 989 5429 1208 5495; x_wconf 77' lang='lat' dir='ltr'><strong><em>fuisset,</em></strong></span> <span class='ocrx_word' id='word_1_600' title='bbox 1240 5432 1285 5487; x_wconf 88' lang='lat' dir='ltr'><strong><em>si</em></strong></span> <span class='ocrx_word' id='word_1_601' title='bbox 1333 5429 1878 5494; x_wconf 77' lang='lat' dir='ltr'><strong><em>luculentissinium,</em></strong></span> <span class='ocrx_word' id='word_1_602' title='bbox 1910 5431 2066 5499; x_wconf 92' lang='lat' dir='ltr'><strong><em>quod</em></strong></span> 
     </span>
    </p>
   </div>
   <div class='ocr_carea' id='block_1_93' title="bbox 463 5501 2059 5571">
    <p class='ocr_par' dir='ltr' id='par_1_93' title="bbox 463 5501 2059 5571">
     <span class='ocr_line' id='line_1_93' title="bbox 463 5501 2059 5571; baseline 0.001 -17"><span class='ocrx_word' id='word_1_603' title='bbox 463 5514 526 5554; x_wconf 92' lang='lat' dir='ltr'><strong><em>ro</em></strong></span> <span class='ocrx_word' id='word_1_604' title='bbox 555 5510 768 5571; x_wconf 75' lang='lat' dir='ltr'><strong><em>sallle</em></strong></span> <span class='ocrx_word' id='word_1_605' title='bbox 796 5501 950 5556; x_wconf 81' lang='lat' dir='ltr'><strong><em>illius</em></strong></span> <span class='ocrx_word' id='word_1_606' title='bbox 985 5504 1252 5571; x_wconf 86' lang='lat' dir='ltr'><strong><em>martyris</em></strong></span> <span class='ocrx_word' id='word_1_607' title='bbox 1283 5502 1614 5570; x_wconf 87' lang='lat' dir='ltr'><strong><em>virginitate</em></strong></span> <span class='ocrx_word' id='word_1_608' title='bbox 1645 5504 1736 5559; x_wconf 88' lang='lat' dir='ltr'><strong><em>hic</em></strong></span> <span class='ocrx_word' id='word_1_609' title='bbox 1784 5501 2059 5571; x_wconf 83' lang='lat' dir='ltr'><strong><em>occurrit,</em></strong></span> 
     </span>
    </p>
   </div>
   <div class='ocr_carea' id='block_1_94' title="bbox 2166 3254 2496 3331">
    <p class='ocr_par' dir='ltr' id='par_1_94' title="bbox 2166 3254 2496 3331">
     <span class='ocr_line' id='line_1_94' title="bbox 2166 3254 2496 3331; baseline 0.018 -23"><span class='ocrx_word' id='word_1_610' title='bbox 2166 3254 2496 3331; x_wconf 81' lang='grc' dir='ltr'>γράμμασιν.</span> 
     </span>
    </p>
   </div>
   <div class='ocr_carea' id='block_1_95' title="bbox 2247 3342 3809 3423">
    <p class='ocr_par' dir='ltr' id='par_1_95' title="bbox 2247 3342 3809 3423">
     <span class='ocr_line' id='line_1_95' title="bbox 2247 3342 3809 3423; baseline 0.002 -23"><span class='ocrx_word' id='word_1_611' title='bbox 2247 3343 2358 3417; x_wconf 88' lang='grc' dir='ltr'>μθ’,</span> <span class='ocrx_word' id='word_1_612' title='bbox 2420 3348 2535 3423; x_wconf 71' lang='grc' dir='ltr'><strong><em>Οὐχ</em></strong></span> <span class='ocrx_word' id='word_1_613' title='bbox 2565 3344 2748 3417; x_wconf 70' lang='grc' dir='ltr'>οὕτως,</span> <span class='ocrx_word' id='word_1_614' title='bbox 2782 3347 2828 3399; x_wconf 82' lang='grc' dir='ltr'>ὦ</span> <span class='ocrx_word' id='word_1_615' title='bbox 2859 3345 3099 3421; x_wconf 66' lang='grc' dir='ltr'>βασιλεῦ,</span> <span class='ocrx_word' id='word_1_616' title='bbox 3146 3342 3241 3410; x_wconf 74' lang='grc' dir='ltr'>τῆς</span> <span class='ocrx_word' id='word_1_617' title='bbox 3265 3345 3539 3422; x_wconf 66' lang='grc' dir='ltr'>θεοφιλοῦς</span> <span class='ocrx_word' id='word_1_618' title='bbox 3599 3354 3809 3404; x_wconf 81' lang='grc' dir='ltr'>Θεσσα-</span> 
     </span>
    </p>
   </div>
   <div class='ocr_carea' id='block_1_96' title="bbox 2167 3430 3810 3510">
    <p class='ocr_par' dir='ltr' id='par_1_96' title="bbox 2167 3430 3810 3510">
     <span class='ocr_line' id='line_1_96' title="bbox 2167 3430 3810 3510; baseline 0.001 -21"><span class='ocrx_word' id='word_1_619' title='bbox 2167 3430 2383 3498; x_wconf 86' lang='grc' dir='ltr'>λονίκης</span> <span class='ocrx_word' id='word_1_620' title='bbox 2439 3432 2505 3488; x_wconf 70' lang='grc' dir='ltr'><strong><em>τὰ</em></strong></span> <span class='ocrx_word' id='word_1_621' title='bbox 2555 3434 2851 3510; x_wconf 81' lang='grc' dir='ltr'>θρέμματα,</span> <span class='ocrx_word' id='word_1_622' title='bbox 2889 3434 3122 3509; x_wconf 78' lang='grc' dir='ltr'>καθάπερ</span> <span class='ocrx_word' id='word_1_623' title='bbox 3176 3433 3363 3507; x_wconf 78' lang='grc' dir='ltr'>ἀμέλει</span> <span class='ocrx_word' id='word_1_624' title='bbox 3413 3438 3509 3491; x_wconf 69' lang='grc' dir='ltr'><strong><em>κᾶν</em></strong></span> <span class='ocrx_word' id='word_1_625' title='bbox 3553 3438 3676 3498; x_wconf 70' lang='grc' dir='ltr'>ταῖς</span> <span class='ocrx_word' id='word_1_626' title='bbox 3709 3436 3810 3491; x_wconf 69' lang='grc' dir='ltr'><strong><em>ἄλ-</em></strong></span> 
     </span>
    </p>
   </div>
   <div class='ocr_carea' id='block_1_97' title="bbox 2165 3520 3807 3602">
    <p class='ocr_par' dir='ltr' id='par_1_97' title="bbox 2165 3520 3807 3602">
     <span class='ocr_line' id='line_1_97' title="bbox 2165 3520 3807 3602; baseline 0.003 -25"><span class='ocrx_word' id='word_1_627' title='bbox 2165 3520 2282 3586; x_wconf 87' lang='grc' dir='ltr'>λαις</span> <span class='ocrx_word' id='word_1_628' title='bbox 2333 3521 2536 3602; x_wconf 79' lang='grc' dir='ltr'>χώραις</span> <span class='ocrx_word' id='word_1_629' title='bbox 2593 3523 2801 3578; x_wconf 81' lang='grc' dir='ltr'>εἰώθασι</span> <span class='ocrx_word' id='word_1_630' title='bbox 2851 3529 2956 3579; x_wconf 81' lang='grc' dir='ltr'>τῶν</span> <span class='ocrx_word' id='word_1_631' title='bbox 3001 3524 3404 3601; x_wconf 79' lang='grc' dir='ltr'>μαρτυρούντων</span> <span class='ocrx_word' id='word_1_632' title='bbox 3456 3526 3623 3602; x_wconf 75' lang='grc' dir='ltr'>ἁγίων</span> <span class='ocrx_word' id='word_1_633' title='bbox 3671 3527 3807 3582; x_wconf 78' lang='grc' dir='ltr'>ἂνα-</span> 
     </span>
    </p>
   </div>
   <div class='ocr_carea' id='block_1_98' title="bbox 2165 3609 3811 3687">
    <p class='ocr_par' dir='ltr' id='par_1_98' title="bbox 2165 3609 3811 3687">
     <span class='ocr_line' id='line_1_98' title="bbox 2165 3609 3811 3687; baseline 0.003 -21"><span class='ocrx_word' id='word_1_634' title='bbox 2165 3609 2358 3683; x_wconf 78' lang='grc' dir='ltr'>φανδὸν</span> <span class='ocrx_word' id='word_1_635' title='bbox 2440 3611 2635 3667; x_wconf 78' lang='grc' dir='ltr'>τιθέναι</span> <span class='ocrx_word' id='word_1_636' title='bbox 2721 3613 2786 3667; x_wconf 79' lang='grc' dir='ltr'><strong><em>τὰ</em></strong></span> <span class='ocrx_word' id='word_1_637' title='bbox 2866 3612 3111 3687; x_wconf 72' lang='grc' dir='ltr'><strong><em>σώματα²</em></strong></span> <span class='ocrx_word' id='word_1_638' title='bbox 3181 3619 3254 3674; x_wconf 82' lang='grc' dir='ltr'>ὼς</span> <span class='ocrx_word' id='word_1_639' title='bbox 3323 3613 3652 3683; x_wconf 72' lang='grc' dir='ltr'>ἀναισθήτως</span> <span class='ocrx_word' id='word_1_640' title='bbox 3723 3618 3811 3671; x_wconf 85' lang='grc' dir='ltr'>καὶ</span> 
     </span>
    </p>
   </div>
   <div class='ocr_carea' id='block_1_99' title="bbox 2164 3701 3806 3780">
    <p class='ocr_par' dir='ltr' id='par_1_99' title="bbox 2164 3701 3806 3780">
     <span class='ocr_line' id='line_1_99' title="bbox 2164 3701 3806 3780; baseline 0.002 -26"><span class='ocrx_word' id='word_1_641' title='bbox 2164 3705 2405 3778; x_wconf 83' lang='grc' dir='ltr'>συνεχῶς</span> <span class='ocrx_word' id='word_1_642' title='bbox 2463 3706 2530 3775; x_wconf 75' lang='grc' dir='ltr'><strong><em>τῇ</em></strong></span> <span class='ocrx_word' id='word_1_643' title='bbox 2578 3701 2668 3773; x_wconf 81' lang='grc' dir='ltr'><strong><em>θέᾇ</em></strong></span> <span class='ocrx_word' id='word_1_644' title='bbox 2702 3702 2898 3757; x_wconf 86' lang='grc' dir='ltr'>τούτων</span> <span class='ocrx_word' id='word_1_645' title='bbox 2957 3702 3042 3756; x_wconf 85' lang='grc' dir='ltr'><strong><em>καὶ</em></strong></span> <span class='ocrx_word' id='word_1_646' title='bbox 3097 3707 3166 3776; x_wconf 78' lang='grc' dir='ltr'><strong><em>τῇ</em></strong></span> <span class='ocrx_word' id='word_1_647' title='bbox 3224 3702 3334 3780; x_wconf 72' lang='grc' dir='ltr'><strong><em>ἁφῇ</em></strong></span> <span class='ocrx_word' id='word_1_648' title='bbox 3379 3705 3510 3780; x_wconf 79' lang='grc' dir='ltr'>πρὸς</span> <span class='ocrx_word' id='word_1_649' title='bbox 3538 3702 3806 3760; x_wconf 70' lang='grc' dir='ltr'>εὒσέϐειαν</span> 
     </span>
    </p>
   </div>
   <div class='ocr_carea' id='block_1_100' title="bbox 2163 3791 3806 3873">
    <p class='ocr_par' dir='ltr' id='par_1_100' title="bbox 2163 3791 3806 3873">
     <span class='ocr_line' id='line_1_100' title="bbox 2163 3791 3806 3873; baseline 0 -25"><span class='ocrx_word' id='word_1_650' title='bbox 2163 3792 2257 3858; x_wconf 84' lang='grc' dir='ltr'>τοὶς</span> <span class='ocrx_word' id='word_1_651' title='bbox 2311 3795 2490 3873; x_wconf 77' lang='grc' dir='ltr'>ψυχὰς</span> <span class='ocrx_word' id='word_1_652' title='bbox 2521 3791 2869 3870; x_wconf 83' lang='grc' dir='ltr'>διεγείρωσεν·</span> <span class='ocrx_word' id='word_1_653' title='bbox 2937 3793 2995 3849; x_wconf 85' lang='grc' dir='ltr'>ἐκ</span> <span class='ocrx_word' id='word_1_654' title='bbox 3046 3791 3098 3848; x_wconf 83' lang='grc' dir='ltr'>δέ</span> <span class='ocrx_word' id='word_1_655' title='bbox 3151 3794 3446 3850; x_wconf 75' lang='grc' dir='ltr'>τούναντίου</span> <span class='ocrx_word' id='word_1_656' title='bbox 3477 3796 3574 3862; x_wconf 79' lang='grc' dir='ltr'>τὴν</span> <span class='ocrx_word' id='word_1_657' title='bbox 3631 3796 3806 3851; x_wconf 73' lang='grc' dir='ltr'>πίστιν</span> 
     </span>
    </p>
   </div>
   <div class='ocr_carea' id='block_1_101' title="bbox 2165 3881 3804 3960">
    <p class='ocr_par' dir='ltr' id='par_1_101' title="bbox 2165 3881 3804 3960">
     <span class='ocr_line' id='line_1_101' title="bbox 2165 3881 3804 3960; baseline 0.002 -23"><span class='ocrx_word' id='word_1_658' title='bbox 2165 3888 2357 3959; x_wconf 84' lang='grc' dir='ltr'>νοερῶς</span> <span class='ocrx_word' id='word_1_659' title='bbox 2415 3883 2466 3937; x_wconf 82' lang='grc' dir='ltr'>ἐν</span> <span class='ocrx_word' id='word_1_660' title='bbox 2498 3895 2618 3945; x_wconf 76' lang='grc' dir='ltr'>ταῖς</span> <span class='ocrx_word' id='word_1_661' title='bbox 2679 3883 2876 3938; x_wconf 80' lang='grc' dir='ltr'>ἑαυτῶν</span> <span class='ocrx_word' id='word_1_662' title='bbox 2934 3881 3166 3960; x_wconf 83' lang='grc' dir='ltr'>καρδίαις</span> <span class='ocrx_word' id='word_1_663' title='bbox 3219 3881 3538 3960; x_wconf 79' lang='grc' dir='ltr'>ἱδρύσαντες,</span> <span class='ocrx_word' id='word_1_664' title='bbox 3567 3886 3653 3940; x_wconf 83' lang='grc' dir='ltr'><strong><em>καὶ</em></strong></span> <span class='ocrx_word' id='word_1_665' title='bbox 3709 3887 3804 3952; x_wconf 69' lang='grc' dir='ltr'><strong><em>τὴν</em></strong></span> 
     </span>
    </p>
   </div>
   <div class='ocr_carea' id='block_1_102' title="bbox 2164 3969 3801 4048">
    <p class='ocr_par' dir='ltr' id='par_1_102' title="bbox 2164 3969 3801 4048">
     <span class='ocr_line' id='line_1_102' title="bbox 2164 3969 3801 4048; baseline 0.001 -20"><span class='ocrx_word' id='word_1_666' title='bbox 2164 3973 2422 4041; x_wconf 72' lang='grc' dir='ltr'>αἰσθητὴν</span> <span class='ocrx_word' id='word_1_667' title='bbox 2476 3973 2581 4028; x_wconf 76' lang='grc' dir='ltr'>τῶν</span> <span class='ocrx_word' id='word_1_668' title='bbox 2611 3972 2862 4028; x_wconf 83' lang='grc' dir='ltr'>τοιούτων</span> <span class='ocrx_word' id='word_1_669' title='bbox 2913 3971 3059 4044; x_wconf 79' lang='grc' dir='ltr'>θέαν,</span> <span class='ocrx_word' id='word_1_670' title='bbox 3109 3969 3175 4027; x_wconf 85' lang='grc' dir='ltr'>δι’</span> <span class='ocrx_word' id='word_1_671' title='bbox 3229 3971 3654 4048; x_wconf 73' lang='grc' dir='ltr'>ὑπερϐάλλουσαν</span> <span class='ocrx_word' id='word_1_672' title='bbox 3711 3975 3801 4029; x_wconf 72' lang='lat' dir='ltr'><strong><em>edo</em></strong></span> 
     </span>
    </p>
   </div>
   <div class='ocr_carea' id='block_1_103' title="bbox 2165 4059 3802 4140">
    <p class='ocr_par' dir='ltr' id='par_1_103' title="bbox 2165 4059 3802 4140">
     <span class='ocr_line' id='line_1_103' title="bbox 2165 4059 3802 4140; baseline 0.002 -24"><span class='ocrx_word' id='word_1_673' title='bbox 2165 4059 2378 4116; x_wconf 79' lang='grc' dir='ltr'>λάϐειαν</span> <span class='ocrx_word' id='word_1_674' title='bbox 2451 4059 2815 4140; x_wconf 60' lang='grc' dir='ltr'><strong><em>ι’)ῤῥωδειῖιντες²</em></strong></span> <span class='ocrx_word' id='word_1_675' title='bbox 2869 4061 3053 4139; x_wconf 79' lang='grc' dir='ltr'>ἀρκεῖν</span> <span class='ocrx_word' id='word_1_676' title='bbox 3123 4061 3222 4135; x_wconf 83' lang='grc' dir='ltr'>μὲν</span> <span class='ocrx_word' id='word_1_677' title='bbox 3292 4062 3473 4126; x_wconf 79' lang='grc' dir='ltr'>αύτοϊς</span> <span class='ocrx_word' id='word_1_678' title='bbox 3543 4064 3617 4126; x_wconf 79' lang='grc' dir='ltr'><strong><em>εἰς</em></strong></span> <span class='ocrx_word' id='word_1_679' title='bbox 3687 4067 3802 4119; x_wconf 79' lang='grc' dir='ltr'>θεα-</span> 
     </span>
    </p>
   </div>
   <div class='ocr_carea' id='block_1_104' title="bbox 2163 4148 3795 4228">
    <p class='ocr_par' dir='ltr' id='par_1_104' title="bbox 2163 4148 3795 4228">
     <span class='ocr_line' id='line_1_104' title="bbox 2163 4148 3795 4228; baseline 0.002 -24"><span class='ocrx_word' id='word_1_680' title='bbox 2163 4150 2405 4228; x_wconf 83' lang='grc' dir='ltr'>ρὲσκειαν</span> <span class='ocrx_word' id='word_1_681' title='bbox 2457 4152 2517 4205; x_wconf 83' lang='grc' dir='ltr'>τὸ</span> <span class='ocrx_word' id='word_1_682' title='bbox 2548 4148 2826 4227; x_wconf 79' lang='grc' dir='ltr'>εἱλικρινὲς</span> <span class='ocrx_word' id='word_1_683' title='bbox 2885 4150 3138 4222; x_wconf 68' lang='grc' dir='ltr'>ἐνομίσθη</span> <span class='ocrx_word' id='word_1_684' title='bbox 3188 4155 3288 4216; x_wconf 81' lang='grc' dir='ltr'>τῆς</span> <span class='ocrx_word' id='word_1_685' title='bbox 3337 4153 3586 4215; x_wconf 80' lang='grc' dir='ltr'>πίστεως,</span> <span class='ocrx_word' id='word_1_686' title='bbox 3625 4153 3696 4209; x_wconf 76' lang='grc' dir='ltr'><strong>Τὰ</strong></span> <span class='ocrx_word' id='word_1_687' title='bbox 3744 4150 3795 4208; x_wconf 77' lang='grc' dir='ltr'>δὲ</span> 
     </span>
    </p>
   </div>
   <div class='ocr_carea' id='block_1_105' title="bbox 2161 4237 3794 4318">
    <p class='ocr_par' dir='ltr' id='par_1_105' title="bbox 2161 4237 3794 4318">
     <span class='ocr_line' id='line_1_105' title="bbox 2161 4237 3794 4318; baseline 0.001 -24"><span class='ocrx_word' id='word_1_688' title='bbox 2161 4239 2266 4300; x_wconf 78' lang='grc' dir='ltr'>τῶν</span> <span class='ocrx_word' id='word_1_689' title='bbox 2340 4239 2615 4316; x_wconf 86' lang='grc' dir='ltr'>μαρτύρων</span> <span class='ocrx_word' id='word_1_690' title='bbox 2677 4238 2902 4313; x_wconf 85' lang='grc' dir='ltr'>λείψανα</span> <span class='ocrx_word' id='word_1_691' title='bbox 2976 4239 3306 4318; x_wconf 80' lang='grc' dir='ltr'>κατακρύψαι</span> <span class='ocrx_word' id='word_1_692' title='bbox 3362 4237 3474 4295; x_wconf 80' lang='grc' dir='ltr'>δεῖν</span> <span class='ocrx_word' id='word_1_693' title='bbox 3547 4241 3794 4315; x_wconf 75' lang='grc' dir='ltr'>ᾠήθησαν</span> 
     </span>
    </p>
   </div>
   <div class='ocr_carea' id='block_1_106' title="bbox 2159 4370 3564 4442">
    <p class='ocr_par' dir='ltr' id='par_1_106' title="bbox 2159 4370 3564 4442">
     <span class='ocr_line' id='line_1_106' title="bbox 2159 4370 3564 4442; baseline -0.001 -17"><span class='ocrx_word' id='word_1_694' title='bbox 2159 4371 2401 4441; x_wconf 84' lang='lat' dir='ltr'><strong><em>piscopi.</em></strong></span> <span class='ocrx_word' id='word_1_695' title='bbox 2435 4372 2825 4429; x_wconf 88' lang='lat' dir='ltr'><strong><em>testimonium</em></strong></span> <span class='ocrx_word' id='word_1_696' title='bbox 2862 4370 3150 4428; x_wconf 89' lang='lat' dir='ltr'><strong><em>habuisset</em></strong></span> <span class='ocrx_word' id='word_1_697' title='bbox 3180 4383 3564 4442; x_wconf 75' lang='lat' dir='ltr'><strong><em>perspectum.</em></strong></span> 
     </span>
    </p>
   </div>
   <div class='ocr_carea' id='block_1_107' title="bbox 2159 4442 3786 4522">
    <p class='ocr_par' dir='ltr' id='par_1_107' title="bbox 2159 4442 3786 4522">
     <span class='ocr_line' id='line_1_107' title="bbox 2159 4442 3786 4522; baseline 0.002 -26"><span class='ocrx_word' id='word_1_698' title='bbox 2159 4511 2170 4522; x_wconf 40' lang='lat'>&#39;</span> <span class='ocrx_word' id='word_1_699' title='bbox 2229 4442 2338 4512; x_wconf 75' lang='grc'>(25)</span> <span class='ocrx_word' id='word_1_700' title='bbox 2395 4442 2494 4522; x_wconf 65' lang='lat' dir='ltr'><strong><em>Hic</em></strong></span> <span class='ocrx_word' id='word_1_701' title='bbox 2532 4445 2601 4499; x_wconf 91' lang='lat' dir='ltr'><strong><em>ab</em></strong></span> <span class='ocrx_word' id='word_1_702' title='bbox 2632 4457 2784 4522; x_wconf 79' lang='lat' dir='ltr'><strong><em>anno</em></strong></span> <span class='ocrx_word' id='word_1_703' title='bbox 2811 4443 2917 4500; x_wconf 73' lang='lat'><strong><em>582</em></strong></span> <span class='ocrx_word' id='word_1_704' title='bbox 2948 4442 3020 4499; x_wconf 89' lang='lat' dir='ltr'><strong><em>ad</em></strong></span> <span class='ocrx_word' id='word_1_705' title='bbox 3049 4456 3286 4522; x_wconf 33' lang='lat' dir='ltr'><strong><em>,annum</em></strong></span> <span class='ocrx_word' id='word_1_706' title='bbox 3319 4458 3501 4522; x_wconf 77' lang='lat' dir='ltr'><strong><em>usque</em></strong></span> <span class='ocrx_word' id='word_1_707' title='bbox 3555 4443 3678 4504; x_wconf 80' lang='lat'><strong><em>602.</em></strong></span> <span class='ocrx_word' id='word_1_708' title='bbox 3714 4443 3786 4499; x_wconf 88' lang='lat' dir='ltr'><strong><em>uti</em></strong></span> 
     </span>
    </p>
   </div>
   <div class='ocr_carea' id='block_1_108' title="bbox 2155 4514 3786 4584">
    <p class='ocr_par' dir='ltr' id='par_1_108' title="bbox 2155 4514 3786 4584">
     <span class='ocr_line' id='line_1_108' title="bbox 2155 4514 3786 4584; baseline 0.002 -17"><span class='ocrx_word' id='word_1_709' title='bbox 2155 4514 2302 4569; x_wconf 87' lang='lat' dir='ltr'><strong><em>inter</em></strong></span> <span class='ocrx_word' id='word_1_710' title='bbox 2333 4514 2588 4571; x_wconf 86' lang='lat' dir='ltr'><strong><em>eruditos</em></strong></span> <span class='ocrx_word' id='word_1_711' title='bbox 2619 4514 2788 4571; x_wconf 91' lang='lat' dir='ltr'><strong><em>modo</em></strong></span> <span class='ocrx_word' id='word_1_712' title='bbox 2817 4515 3106 4578; x_wconf 81' lang='lat' dir='ltr'><strong><em>convenit,</em></strong></span> <span class='ocrx_word' id='word_1_713' title='bbox 3140 4515 3361 4584; x_wconf 87' lang='lat' dir='ltr'><strong><em>imperii</em></strong></span> <span class='ocrx_word' id='word_1_714' title='bbox 3393 4515 3647 4571; x_wconf 76' lang='lat' dir='ltr'><strong><em>hebenas</em></strong></span> <span class='ocrx_word' id='word_1_715' title='bbox 3675 4529 3786 4571; x_wconf 84' lang='lat' dir='ltr'><strong><em>mo-</em></strong></span> 
     </span>
    </p>
   </div>
   <div class='ocr_carea' id='block_1_109' title="bbox 2154 4584 3786 4656">
    <p class='ocr_par' dir='ltr' id='par_1_109' title="bbox 2154 4584 3786 4656">
     <span class='ocr_line' id='line_1_109' title="bbox 2154 4584 3786 4656; baseline 0.004 -20"><span class='ocrx_word' id='word_1_716' title='bbox 2154 4584 2385 4640; x_wconf 89' lang='lat' dir='ltr'><strong><em>deratus</em></strong></span> <span class='ocrx_word' id='word_1_717' title='bbox 2443 4596 2565 4650; x_wconf 85' lang='lat' dir='ltr'><strong><em>est;</em></strong></span> <span class='ocrx_word' id='word_1_718' title='bbox 2626 4594 2703 4649; x_wconf 84' lang='lat' dir='ltr'><strong><em>ut,</em></strong></span> <span class='ocrx_word' id='word_1_719' title='bbox 2737 4586 2888 4656; x_wconf 90' lang='lat' dir='ltr'><strong><em>quod</em></strong></span> <span class='ocrx_word' id='word_1_720' title='bbox 2941 4585 3032 4640; x_wconf 88' lang='lat' dir='ltr'><strong><em>hic</em></strong></span> <span class='ocrx_word' id='word_1_721' title='bbox 3063 4600 3195 4642; x_wconf 79' lang='lat' dir='ltr'><strong><em>mox</em></strong></span> <span class='ocrx_word' id='word_1_722' title='bbox 3231 4585 3300 4640; x_wconf 91' lang='lat' dir='ltr'><strong><em>de</em></strong></span> <span class='ocrx_word' id='word_1_723' title='bbox 3356 4586 3662 4656; x_wconf 72' lang='lat' dir='ltr'><strong><em>postulatis</em></strong></span> <span class='ocrx_word' id='word_1_724' title='bbox 3699 4599 3786 4656; x_wconf 86' lang='lat' dir='ltr'><strong><em>per</em></strong></span> 
     </span>
    </p>
   </div>
   <div class='ocr_carea' id='block_1_110' title="bbox 2153 4656 3785 4725">
    <p class='ocr_par' dir='ltr' id='par_1_110' title="bbox 2153 4656 3785 4725">
     <span class='ocr_line' id='line_1_110' title="bbox 2153 4656 3785 4725; baseline 0.001 -16"><span class='ocrx_word' id='word_1_725' title='bbox 2153 4669 2283 4710; x_wconf 87' lang='lat' dir='ltr'><strong><em>eum</em></strong></span> <span class='ocrx_word' id='word_1_726' title='bbox 2318 4659 2496 4713; x_wconf 91' lang='lat' dir='ltr'><strong><em>sancti</em></strong></span> <span class='ocrx_word' id='word_1_727' title='bbox 2532 4657 2801 4713; x_wconf 85' lang='lat' dir='ltr'><strong><em>Demetrii</em></strong></span> <span class='ocrx_word' id='word_1_728' title='bbox 2855 4656 3120 4725; x_wconf 78' lang='lat' dir='ltr'><strong><em>reliquiis</em></strong></span> <span class='ocrx_word' id='word_1_729' title='bbox 3151 4667 3440 4720; x_wconf 82' lang='lat' dir='ltr'><strong><em>narratur,</em></strong></span> <span class='ocrx_word' id='word_1_730' title='bbox 3475 4671 3582 4710; x_wconf 79' lang='lat' dir='ltr'><strong><em>nec</em></strong></span> <span class='ocrx_word' id='word_1_731' title='bbox 3629 4658 3785 4713; x_wconf 88' lang='lat' dir='ltr'><strong><em>citius</em></strong></span> 
     </span>
    </p>
   </div>
   <div class='ocr_carea' id='block_1_111' title="bbox 2151 4727 3786 4850">
    <p class='ocr_par' dir='ltr' id='par_1_111' title="bbox 2151 4727 3786 4850">
     <span class='ocr_line' id='line_1_111' title="bbox 2151 4727 3786 4850; baseline 0.002 -71"><span class='ocrx_word' id='word_1_732' title='bbox 2151 4738 2324 4850; x_wconf 70' lang='lat' dir='ltr'><strong><em>quam</em></strong></span> <span class='ocrx_word' id='word_1_733' title='bbox 2359 4742 2509 4783; x_wconf 88' lang='lat' dir='ltr'><strong><em>anno</em></strong></span> <span class='ocrx_word' id='word_1_734' title='bbox 2537 4727 2664 4808; x_wconf 64' lang='lat'><strong><em>582,</em></strong></span> <span class='ocrx_word' id='word_1_735' title='bbox 2697 4741 2804 4784; x_wconf 88' lang='lat' dir='ltr'><strong><em>nec</em></strong></span> <span class='ocrx_word' id='word_1_736' title='bbox 2859 4730 3044 4784; x_wconf 85' lang='lat' dir='ltr'><strong><em>serius</em></strong></span> <span class='ocrx_word' id='word_1_737' title='bbox 3074 4741 3244 4798; x_wconf 87' lang='lat' dir='ltr'><strong><em>quam</em></strong></span> <span class='ocrx_word' id='word_1_738' title='bbox 3301 4742 3456 4784; x_wconf 87' lang='lat' dir='ltr'><strong><em>anno</em></strong></span> <span class='ocrx_word' id='word_1_739' title='bbox 3485 4727 3592 4783; x_wconf 77' lang='lat'><strong><em>602</em></strong></span> <span class='ocrx_word' id='word_1_740' title='bbox 3647 4729 3786 4785; x_wconf 78' lang='lat' dir='ltr'><strong><em>acci-</em></strong></span> 
     </span>
     <span class='ocr_line' id='line_1_112' title="bbox 2197 4807 2689 4850; baseline 0 0"><span class='ocrx_word' id='word_1_741' title='bbox 2197 4811 2305 4850; x_wconf 70' lang='lat' dir='ltr'><strong><em>lSSG</em></strong></span> <span class='ocrx_word' id='word_1_742' title='bbox 2334 4811 2571 4850; x_wconf 83' lang='lat' dir='ltr'><strong><em>necesse</em></strong></span> <span class='ocrx_word' id='word_1_743' title='bbox 2599 4807 2689 4850; x_wconf 79' lang='lat' dir='ltr'><strong><em>Sll.</em></strong></span> 
     </span>
    </p>
   </div>
   <div class='ocr_carea' id='block_1_112' title="bbox 2197 4801 2689 4854">
    <p class='ocr_par' dir='ltr' id='par_1_112' title="bbox 2197 4801 2689 4854">
     <span class='ocr_line' id='line_1_113' title="bbox 2197 4801 2689 4854; baseline 0.004 -4"><span class='ocrx_word' id='word_1_744' title='bbox 2197 4801 2305 4852; x_wconf 84' lang='lat' dir='ltr'><strong><em>isse</em></strong></span> <span class='ocrx_word' id='word_1_745' title='bbox 2334 4811 2571 4854; x_wconf 85' lang='lat' dir='ltr'><strong><em>necesse</em></strong></span> <span class='ocrx_word' id='word_1_746' title='bbox 2599 4801 2689 4854; x_wconf 89' lang='lat' dir='ltr'><strong><em>sit.</em></strong></span> 
     </span>
    </p>
   </div>
   <div class='ocr_carea' id='block_1_113' title="bbox 2224 4868 3782 4940">
    <p class='ocr_par' dir='ltr' id='par_1_113' title="bbox 2224 4868 3782 4940">
     <span class='ocr_line' id='line_1_114' title="bbox 2224 4868 3782 4940; baseline 0.003 -18"><span class='ocrx_word' id='word_1_747' title='bbox 2224 4868 2336 4936; x_wconf 75' lang='lat'><strong><em>(26)</em></strong></span> <span class='ocrx_word' id='word_1_748' title='bbox 2365 4868 2516 4925; x_wconf 86' lang='lat' dir='ltr'><strong><em>Nihil</em></strong></span> <span class='ocrx_word' id='word_1_749' title='bbox 2548 4870 2791 4938; x_wconf 85' lang='lat' dir='ltr'><strong><em>uspiam,</em></strong></span> <span class='ocrx_word' id='word_1_750' title='bbox 2829 4870 2980 4940; x_wconf 90' lang='lat' dir='ltr'><strong><em>quod</em></strong></span> <span class='ocrx_word' id='word_1_751' title='bbox 3033 4868 3196 4926; x_wconf 69' lang='lat' dir='ltr'><strong><em>adita:</em></strong></span> <span class='ocrx_word' id='word_1_752' title='bbox 3226 4869 3295 4924; x_wconf 90' lang='lat' dir='ltr'><strong><em>ab</em></strong></span> <span class='ocrx_word' id='word_1_753' title='bbox 3333 4869 3442 4926; x_wconf 80' lang='lat' dir='ltr'><strong><em>hoc</em></strong></span> <span class='ocrx_word' id='word_1_754' title='bbox 3487 4869 3782 4927; x_wconf 80' lang='lat' dir='ltr'><strong><em>Thessalo-</em></strong></span> 
     </span>
    </p>
   </div>
   <div class='ocr_carea' id='block_1_114' title="bbox 2152 4938 3785 5004">
    <p class='ocr_par' dir='ltr' id='par_1_114' title="bbox 2152 4938 3785 5004">
     <span class='ocr_line' id='line_1_115' title="bbox 2152 4938 3785 5004; baseline 0.002 -12"><span class='ocrx_word' id='word_1_755' title='bbox 2152 4938 2402 4994; x_wconf 84' lang='lat' dir='ltr'><strong><em>nicensis</em></strong></span> <span class='ocrx_word' id='word_1_756' title='bbox 2460 4940 2737 4996; x_wconf 84' lang='lat' dir='ltr'><strong><em>cathedrae</em></strong></span> <span class='ocrx_word' id='word_1_757' title='bbox 2796 4938 3011 4996; x_wconf 82' lang='lat' dir='ltr'><strong><em>annum</em></strong></span> <span class='ocrx_word' id='word_1_758' title='bbox 3070 4941 3470 5004; x_wconf 64' lang='lat' dir='ltr'><strong><em>determiuem,</em></strong></span> <span class='ocrx_word' id='word_1_759' title='bbox 3534 4944 3785 4996; x_wconf 68' lang='lat' dir='ltr'><strong><em>inuenire</em></strong></span> 
     </span>
    </p>
   </div>
   <div class='ocr_carea' id='block_1_115' title="bbox 2155 5008 3783 5076">
    <p class='ocr_par' dir='ltr' id='par_1_115' title="bbox 2155 5008 3783 5076">
     <span class='ocr_line' id='line_1_116' title="bbox 2155 5008 3783 5076; baseline 0.003 -14"><span class='ocrx_word' id='word_1_760' title='bbox 2155 5008 2431 5066; x_wconf 86' lang='lat' dir='ltr'><strong><em>hactenus</em></strong></span> <span class='ocrx_word' id='word_1_761' title='bbox 2489 5012 2681 5073; x_wconf 88' lang='lat' dir='ltr'><strong><em>licuit;</em></strong></span> <span class='ocrx_word' id='word_1_762' title='bbox 2727 5015 2872 5067; x_wconf 88' lang='lat' dir='ltr'><strong><em>hanc</em></strong></span> <span class='ocrx_word' id='word_1_763' title='bbox 2903 5018 3091 5067; x_wconf 89' lang='lat' dir='ltr'><strong><em>tamen</em></strong></span> <span class='ocrx_word' id='word_1_764' title='bbox 3152 5011 3338 5076; x_wconf 91' lang='lat' dir='ltr'><strong><em>illum,</em></strong></span> <span class='ocrx_word' id='word_1_765' title='bbox 3370 5012 3629 5068; x_wconf 57' lang='lat' dir='ltr'><strong><em>Mauritio</em></strong></span> <span class='ocrx_word' id='word_1_766' title='bbox 3687 5014 3783 5067; x_wconf 87' lang='lat' dir='ltr'><strong><em>im-</em></strong></span> 
     </span>
    </p>
   </div>
   <div class='ocr_carea' id='block_1_116' title="bbox 2154 5081 3783 5150">
    <p class='ocr_par' dir='ltr' id='par_1_116' title="bbox 2154 5081 3783 5150">
     <span class='ocr_line' id='line_1_117' title="bbox 2154 5081 3783 5150; baseline 0.001 -15"><span class='ocrx_word' id='word_1_767' title='bbox 2154 5089 2389 5150; x_wconf 82' lang='lat' dir='ltr'><strong><em>perunte</em></strong></span> <span class='ocrx_word' id='word_1_768' title='bbox 2448 5097 2546 5138; x_wconf 84' lang='lat' dir='ltr'><strong><em>seu</em></strong></span> <span class='ocrx_word' id='word_1_769' title='bbox 2587 5097 2653 5137; x_wconf 91' lang='lat' dir='ltr'><strong><em>eo</em></strong></span> <span class='ocrx_word' id='word_1_770' title='bbox 2722 5091 2992 5150; x_wconf 88' lang='lat' dir='ltr'><strong><em>tempore,</em></strong></span> <span class='ocrx_word' id='word_1_771' title='bbox 3043 5083 3194 5150; x_wconf 83' lang='lat' dir='ltr'><strong><em>quod</em></strong></span> <span class='ocrx_word' id='word_1_772' title='bbox 3237 5083 3306 5137; x_wconf 89' lang='lat' dir='ltr'><strong><em>ab</em></strong></span> <span class='ocrx_word' id='word_1_773' title='bbox 3364 5097 3518 5138; x_wconf 86' lang='lat' dir='ltr'><strong><em>anno</em></strong></span> <span class='ocrx_word' id='word_1_774' title='bbox 3579 5083 3684 5138; x_wconf 70' lang='lat'><strong><em>58&#39;:</em></strong></span> <span class='ocrx_word' id='word_1_775' title='bbox 3721 5081 3783 5138; x_wconf 86' lang='lat' dir='ltr'><strong><em>ad</em></strong></span> 
     </span>
    </p>
   </div>
   <div class='ocr_carea' id='block_1_117' title="bbox 2155 5152 3784 5222">
    <p class='ocr_par' dir='ltr' id='par_1_117' title="bbox 2155 5152 3784 5222">
     <span class='ocr_line' id='line_1_118' title="bbox 2155 5152 3784 5222; baseline 0.002 -18"><span class='ocrx_word' id='word_1_776' title='bbox 2155 5165 2370 5207; x_wconf 88' lang='lat' dir='ltr'><strong><em>annum</em></strong></span> <span class='ocrx_word' id='word_1_777' title='bbox 2397 5167 2577 5222; x_wconf 89' lang='lat' dir='ltr'><strong><em>usque</em></strong></span> <span class='ocrx_word' id='word_1_778' title='bbox 2615 5152 2722 5208; x_wconf 74' lang='lat'><strong><em>602</em></strong></span> <span class='ocrx_word' id='word_1_779' title='bbox 2751 5154 3028 5216; x_wconf 80' lang='lat' dir='ltr'><strong><em>excurrit,</em></strong></span> <span class='ocrx_word' id='word_1_780' title='bbox 3060 5153 3271 5222; x_wconf 84' lang='lat' dir='ltr'><strong><em>reipsa,</em></strong></span> <span class='ocrx_word' id='word_1_781' title='bbox 3311 5156 3386 5208; x_wconf 90' lang='lat' dir='ltr'><strong><em>uti</em></strong></span> <span class='ocrx_word' id='word_1_782' title='bbox 3424 5153 3516 5208; x_wconf 87' lang='lat' dir='ltr'><strong><em>hic</em></strong></span> <span class='ocrx_word' id='word_1_783' title='bbox 3554 5153 3784 5210; x_wconf 81' lang='lat' dir='ltr'><strong><em>Joannis</em></strong></span> 
     </span>
    </p>
   </div>
   <div class='ocr_carea' id='block_1_118' title="bbox 2153 5223 3784 5294">
    <p class='ocr_par' dir='ltr' id='par_1_118' title="bbox 2153 5223 3784 5294">
     <span class='ocr_line' id='line_1_119' title="bbox 2153 5223 3784 5294; baseline 0.002 -18"><span class='ocrx_word' id='word_1_784' title='bbox 2153 5225 2404 5280; x_wconf 88' lang='lat' dir='ltr'><strong><em>narratio</em></strong></span> <span class='ocrx_word' id='word_1_785' title='bbox 2461 5225 2660 5294; x_wconf 75' lang='lat' dir='ltr'><strong><em>exigit,</em></strong></span> <span class='ocrx_word' id='word_1_786' title='bbox 2699 5226 2970 5283; x_wconf 85' lang='lat' dir='ltr'><strong><em>tenuisse.</em></strong></span> <span class='ocrx_word' id='word_1_787' title='bbox 3005 5224 3091 5280; x_wconf 88' lang='lat' dir='ltr'><strong><em>vel</em></strong></span> <span class='ocrx_word' id='word_1_788' title='bbox 3140 5238 3209 5280; x_wconf 80' lang='lat' dir='ltr'><strong><em>ex</em></strong></span> <span class='ocrx_word' id='word_1_789' title='bbox 3258 5238 3334 5294; x_wconf 74' lang='lat' dir='ltr'><strong><em>eo</em></strong></span> <span class='ocrx_word' id='word_1_790' title='bbox 3396 5223 3602 5293; x_wconf 89' lang='lat' dir='ltr'><strong><em>liquet,</em></strong></span> <span class='ocrx_word' id='word_1_791' title='bbox 3638 5224 3784 5294; x_wconf 88' lang='lat' dir='ltr'><strong><em>quod</em></strong></span> 
     </span>
    </p>
   </div>
   <div class='ocr_carea' id='block_1_119' title="bbox 2151 5293 3781 5365">
    <p class='ocr_par' dir='ltr' id='par_1_119' title="bbox 2151 5293 3781 5365">
     <span class='ocr_line' id='line_1_120' title="bbox 2151 5293 3781 5365; baseline 0 -17"><span class='ocrx_word' id='word_1_792' title='bbox 2151 5297 2358 5365; x_wconf 76' lang='lat' dir='ltr'><strong><em>scripta</em></strong></span> <span class='ocrx_word' id='word_1_793' title='bbox 2418 5294 2485 5348; x_wconf 88' lang='lat' dir='ltr'><strong><em>ad</em></strong></span> <span class='ocrx_word' id='word_1_794' title='bbox 2547 5293 2731 5355; x_wconf 85' lang='lat' dir='ltr'><strong><em>illum,</em></strong></span> <span class='ocrx_word' id='word_1_795' title='bbox 2765 5294 2879 5365; x_wconf 84' lang='lat' dir='ltr'><strong><em>jam</em></strong></span> <span class='ocrx_word' id='word_1_796' title='bbox 2938 5293 3507 5350; x_wconf 73' lang='lat' dir='ltr'><strong><em>Thessalonicensem</em></strong></span> <span class='ocrx_word' id='word_1_797' title='bbox 3565 5293 3781 5365; x_wconf 58' lang='lat' dir='ltr'><strong><em>archieg</em></strong></span> 
     </span>
    </p>
   </div>
   <div class='ocr_carea' id='block_1_120' title="bbox 2152 5362 3785 5436">
    <p class='ocr_par' dir='ltr' id='par_1_120' title="bbox 2152 5362 3785 5436">
     <span class='ocr_line' id='line_1_121' title="bbox 2152 5362 3785 5436; baseline 0.001 -20"><span class='ocrx_word' id='word_1_798' title='bbox 2152 5362 2779 5436; x_wconf 66' lang='lat' dir='ltr'><strong><em>piscopum._Gregorii&#39;</em></strong></span> <span class='ocrx_word' id='word_1_799' title='bbox 2819 5365 3000 5436; x_wconf 84' lang='lat' dir='ltr'><strong><em>Magni</em></strong></span> <span class='ocrx_word' id='word_1_800' title='bbox 3059 5366 3175 5434; x_wconf 84' lang='lat' dir='ltr'><strong><em>(adi</em></strong></span> <span class='ocrx_word' id='word_1_801' title='bbox 3230 5365 3516 5436; x_wconf 85' lang='lat' dir='ltr'><strong><em>Labbeum</em></strong></span> <span class='ocrx_word' id='word_1_802' title='bbox 3555 5374 3709 5430; x_wconf 80' lang='lat' dir='ltr'><strong><em>tum.</em></strong></span> <span class='ocrx_word' id='word_1_803' title='bbox 3743 5363 3785 5418; x_wconf 82' lang='lat' dir='ltr'><strong>V</strong></span> 
     </span>
    </p>
   </div>
   <div class='ocr_carea' id='block_1_121' title="bbox 2149 5431 3783 5504">
    <p class='ocr_par' dir='ltr' id='par_1_121' title="bbox 2149 5431 3783 5504">
     <span class='ocr_line' id='line_1_122' title="bbox 2149 5431 3783 5504; baseline 0.002 -17"><span class='ocrx_word' id='word_1_804' title='bbox 2149 5431 2353 5490; x_wconf 77' lang='lat' dir='ltr'><strong><em>Concil.</em></strong></span> <span class='ocrx_word' id='word_1_805' title='bbox 2417 5434 2524 5492; x_wconf 89' lang='lat' dir='ltr'><strong><em>col.</em></strong></span> <span class='ocrx_word' id='word_1_806' title='bbox 2603 5431 2762 5502; x_wconf 63' lang='lat'><strong><em>[293)</em></strong></span> <span class='ocrx_word' id='word_1_807' title='bbox 2823 5431 3006 5492; x_wconf 65' lang='lat' dir='ltr'><strong><em>exs&#39;tet</em></strong></span> <span class='ocrx_word' id='word_1_808' title='bbox 3068 5431 3331 5504; x_wconf 78' lang='lat' dir='ltr'><strong><em>epistola.</em></strong></span> <span class='ocrx_word' id='word_1_809' title='bbox 3393 5435 3706 5493; x_wconf 85' lang='lat' dir='ltr'><strong><em>indictione</em></strong></span> <span class='ocrx_word' id='word_1_810' title='bbox 3766 5449 3783 5490; x_wconf 88' lang='grc' dir='ltr'><strong><em>ι</em></strong></span> 
     </span>
    </p>
   </div>
   <div class='ocr_carea' id='block_1_122' title="bbox 2149 5506 3780 5578">
    <p class='ocr_par' dir='ltr' id='par_1_122' title="bbox 2149 5506 3780 5578">
     <span class='ocr_line' id='line_1_123' title="bbox 2149 5506 3780 5578; baseline 0.001 -17"><span class='ocrx_word' id='word_1_811' title='bbox 2149 5514 2360 5578; x_wconf 79' lang='lat' dir='ltr'><strong><em>notata.</em></strong></span> <span class='ocrx_word' id='word_1_812' title='bbox 2416 5521 2558 5576; x_wconf 82' lang='lat' dir='ltr'><strong><em>quae,</em></strong></span> <span class='ocrx_word' id='word_1_813' title='bbox 2621 5517 2680 5564; x_wconf 92' lang='lat' dir='ltr'><strong><em>ut</em></strong></span> <span class='ocrx_word' id='word_1_814' title='bbox 2717 5506 2971 5564; x_wconf 87' lang='lat' dir='ltr'><strong><em>calculos</em></strong></span> <span class='ocrx_word' id='word_1_815' title='bbox 3007 5507 3226 5564; x_wconf 89' lang='lat' dir='ltr'><strong><em>ineunti</em></strong></span> <span class='ocrx_word' id='word_1_816' title='bbox 3288 5508 3520 5578; x_wconf 87' lang='lat' dir='ltr'><strong><em>patebit,</em></strong></span> <span class='ocrx_word' id='word_1_817' title='bbox 3575 5519 3780 5563; x_wconf 78' lang='lat' dir='ltr'><strong><em>annum</em></strong></span> 
     </span>
    </p>
   </div>
   <div class='ocr_carea' id='block_1_123' title="bbox 453 5569 2557 5648">
    <p class='ocr_par' dir='ltr' id='par_1_123' title="bbox 453 5569 2557 5648">
     <span class='ocr_line' id='line_1_124' title="bbox 453 5569 2557 5648; baseline 0.006 -26"><span class='ocrx_word' id='word_1_818' title='bbox 453 5571 682 5637; x_wconf 89' lang='lat' dir='ltr'><strong><em>oannis,</em></strong></span> <span class='ocrx_word' id='word_1_819' title='bbox 712 5569 1243 5628; x_wconf 83' lang='lat' dir='ltr'><strong><em>Thessalonicensis</em></strong></span> <span class='ocrx_word' id='word_1_820' title='bbox 1300 5569 1510 5628; x_wconf 71' lang='lat' dir='ltr'><strong><em>saeculo</em></strong></span> <span class='ocrx_word' id='word_1_821' title='bbox 1551 5575 1790 5643; x_wconf 62' lang='lat' dir='ltr'><strong><em>septimo</em></strong></span> <span class='ocrx_word' id='word_1_822' title='bbox 1842 5570 2066 5628; x_wconf 87' lang='lat' dir='ltr'><strong><em>archie-</em></strong></span> <span class='ocrx_word' id='word_1_823' title='bbox 2146 5574 2250 5631; x_wconf 87' lang='grc'><strong><em>598</em></strong></span> <span class='ocrx_word' id='word_1_824' title='bbox 2281 5569 2557 5648; x_wconf 65' lang='lat' dir='ltr'><strong><em>designat.</em></strong></span> 
     </span>
    </p>
   </div>
  </div>
