4020 6132
253 353 411 418 1245
1337 352 1398 413 S.
1440 349 1824 412 DEMETRII
1868 346 2270 411 MABTYRIS
2311 349 2530 412 ACTA.
3469 342 3620 409 1246

249 491 505 560 ἀκούσας,
541 488 781 568 ἠχθέσθη
825 488 922 561 μὲν
979 487 1109 562 πρὸς
1165 487 1255 541 τὸν
1305 482 1648 559 πρεσϐύτερον
1710 482 1891 554 (ἐδόκει

1982 481 2176 542 throni
2233 481 2610 562 ademptione
2662 497 2756 542 me
2815 480 3153 544 contristes.
3216 479 3323 542 llle
3373 479 3620 542 audiens

248 582 353 656 γὰρ
401 581 558 634 αὐτὸν
616 577 977 646 πλάττεσθαι),
1020 574 1244 631 ἀπέλυσε
1305 573 1357 629 δὲ
1419 577 1571 630 αὐτὸν
1633 573 1891 648 αὒστηρύ⁴

1980 572 2321 651 presbytero
2348 570 2585 650 quidem
2613 584 2769 650 {eum
2797 577 2952 632 enim
2986 572 3210 648 fingere
3232 569 3618 632 existimabatt

249 690 423 741 τερον,
489 668 790 746 φανερώσας
849 665 1056 736 λοιπὸν,
1105 665 1190 719 καὶ
1245 666 1334 718 τὸν
1391 664 1591 719 σκοπῗλν
1646 663 1800 719 αὖτίιῦ
1830 664 1891 716 εἰ·

1981 661 2361 733 succensuit;
2396 663 2588 740 ipsum
2646 674 2845 722 autem
2879 661 3170 723 austerius
3201 660 3451 739 dimisit,
3486 669 3620 721 tan-

247 759 391 831 πὼν,
457 758 555 813 Καὶ
613 757 770 811 πόθεν
831 753 1063 816 κελεύεις
1121 752 1334 819 δοθῆναι
1392 753 1450 806 τὸ
1525 749 1773 806 ἐλλεῖπον
1829 756 1891 826 τῇ

1983 749 2114 808 dem
2149 749 2350 822 etiam,
2385 749 2710 810 intentione
2741 768 2849 810 sua
2892 749 3210 829 declarata,
3245 749 3452 811 dicens
3485 769 3498 811 :
3551 747 3623 810 Et

1985 837 2164 910 unde,
2205 839 2359 918 quod
2413 838 2664 918 panderi
2695 839 2931 916 argenti
2980 843 3170 917 deest,
3203 837 3332 900 dari
3386 838 3566 899 facias
3593 845 3622 902 ?

1980 926 2259 988 Aliumne
2312 927 2550 989 modum
2585 928 2835 991 subesse
2891 929 3045 992 nosti
3077 929 3102 991 ἲ
3133 928 3238 991 Dic
3273 949 3286 985 :
3321 927 3372 989 si
3425 936 3618 988 autem

1979 1035 2098 1077 non
2125 1016 2370 1079 subesse
2401 1035 2680 1098 reponas,
2715 1037 2790 1080 ne
2816 1026 3060 1095 temere,
3088 1020 3147 1079 in
3182 1019 3407 1080 alienas
3438 1016 3620 1078 tribu-

1978 1105 2228 1168 lationes
2257 1106 2726 1189 philosophatus,
2755 1107 3042 1188 judicium
3075 1109 3251 1170 feras.

335 1201 431 1262 νε’.
495 1204 556 1260 ιΟ
629 1200 681 1256 δὲ
755 1201 886 1277 ἀνὴρ
953 1198 1346 1278 συγκεχυμένος
1431 1194 1666 1264 ἐξῆλθεν*
1749 1197 1891 1254 οὔπω

2055 1196 2153 1257 55.
2188 1194 2292 1257 Vir
2324 1204 2520 1258 autem
2553 1196 2833 1258 confusus
2866 1197 3043 1258 exivit
3077 1217 3090 1256 :
3130 1197 3384 1258 necdum
3430 1195 3616 1268 enim,

247 1293 352 1370 γὰρ
393 1291 460 1358 ἧν
516 1292 659 1364 αὐτῷ
723 1289 964 1358 λαλήσας
1035 1290 1062 1344 ὁ
1131 1287 1282 1365 ἅγιος
1339 1289 1400 1342 16
1473 1285 1558 1342 δεῖ
1625 1286 1888 1365 γενέσθαι,

1976 1283 2116 1364 quid
2139 1283 2268 1346 fieri
2292 1288 2869 1364 oporteret,Sanctus
2904 1286 2956 1346 ei
2979 1285 3229 1358 dixerat,
3253 1285 3356 1347 sed
3394 1292 3618 1346 tantum

246 1380 390 1436 ἀλλὰ
444 1379 603 1454 μόνον
651 1380 712 1433 τὸ
758 1376 974 1444 λυθῆναι
1030 1377 1119 1432 τὸν
1167 1377 1346 1451 θρόνον
1393 1374 1705 1452 ἀπέτρεπεν
1757 1374 1891 1430 κάν-

1976 1373 2254 1434 thronum
2288 1374 2510 1435 destrui
2545 1375 2952 1454 prohibuerat,
2977 1384 3155 1455 atque
3196 1375 3334 1436 hinc
3369 1373 3618 1454 presby-

244 1473 426 1525 τεῠθεν
515 1470 542 1523 6
640 1465 985 1544 πρεσϐύτερος
1068 1464 1438 1529 ἀναξιόπιστος
1525 1462 1891 1536 ἐνδοκιμάζετο

1977 1473 2061 1522 ter
2088 1481 2288 1522 suasor
2318 1468 2654 1525 censebatur
2676 1469 2788 1524 ﬁde
2822 1469 3114 1541 indignus.
3144 1468 3413 1525 Sanctum
3441 1467 3619 1534 enim,

246 1556 566 1633 σύμϐουλος.
629 1557 700 1613 Τὸ
760 1556 855 1630 μὲν
900 1556 998 1632 γὰρ
1057 1554 1135 1627 μὴ
1184 1554 1400 1627 ἀρθῆναι
1458 1554 1548 1608 τὸν
1597 1553 1776 1629 θρόνον
1836 1553 1891 1607 ἐκ

1979 1568 2054 1610 ne
2109 1553 2354 1612 thronus
2383 1570 2416 1613 e
2465 1552 2596 1615 loco
2649 1553 2978 1626 tolleretur,
3016 1555 3309 1634 imperare
3358 1550 3617 1620 dicebat,

247 1654 346 1704 τοῦ
395 1645 556 1704 τᾶπου
617 1643 766 1720 ἔλεγε
801 1643 1028 1699 κελεύειν
1057 1645 1148 1698 τὸν
1193 1642 1366 1698 ἅλιον·
1430 1643 1587 1698 πόθεν
1633 1641 1683 1696 δὲ
1713 1644 1748 1708 ἡ
1805 1648 1891 1698 τοῦ

1979 1639 2140 1700 unde
2193 1649 2388 1701 autem
2449 1640 2744 1703 ciborium
2807 1643 3213 1723 perficeretur,
3246 1641 3447 1703 dicere
3502 1659 3622 1701 non

245 1735 496 1809 κιϐωρίου
572 1733 953 1811 συμπλήρωσις
1029 1731 1274 1810 γένηται,
1335 1733 1429 1788 οὒκ
1489 1731 1616 1809 εἶχε
1694 1728 1891 1808 λέγειν.

1980 1727 2255 1792 habebat.
2290 1731 2435 1791 Cum
2471 1740 2669 1792 autem
2707 1731 3001 1793 mensium
3043 1731 3285 1792 circiter
3312 1731 3520 1791 decem
3565 1740 3622 1793 et

243 1827 344 1887 Ὠς
404 1823 457 1880 δὲ
489 1826 607 1900 περί
663 1846 763 1879 που
807 1829 992 1896 μηνῶν
1050 1821 1174 1877 δέκα
1227 1821 1311 1876 καὶ
1343 1821 1482 1876 ὀκτώ
1513 1819 1782 1897 ὑπέρθεσις
1842 1819 1891 1873 ἐν

1980 1824 2113 1876 octo
2144 1815 2348 1877 dilatio
2393 1817 2453 1877 in
2485 1835 2552 1879 re
2603 1819 2753 1880 facta
2781 1821 3007 1889 fuisset,
3045 1839 3156 1881 nec
3203 1821 3414 1880 modus
3444 1819 3616 1888 alius,

241 1923 326 1988 τῷ
381 1915 650 1992 πράγματι
709 1912 921 1990 γέγονε,
973 1912 1058 1968 καί
1099 1911 1294 1988 τρόπος
1338 1909 1497 1974 ἄλλος
1544 1917 1638 1964 οὐκ
1675 1908 1891 1987 ἂνειραί-

1979 1903 2080 1984 qui
2102 1905 2593 1986 suppleret,quod
2619 1907 3185 1988 deerat,appareret,
3210 1907 3620 1988 archiepisco-

242 2026 369 2061 νετο
411 2003 731 2079 ἀναπγηρῶν
775 2003 836 2056 16
863 1999 1140 2072 ἒλλεϊπον,
1175 1998 1367 2065 ἔστησε
1395 1997 1580 2053 λοιπὸν
1613 1999 1640 2052 6
1701 1998 1891 2076 ἀρχιε-

1979 1995 2264 2078 ρυεοερυά
2291 2013 2355 2056 se
2379 1995 2618 2056 tandem
2656 1996 2824 2077 id,de
2845 2017 2962 2077 quo
2985 1997 3620 2068 deliberarat,omnino

240 2093 360 2171 ρέὺς
417 2090 540 2168 παρ’
577 2091 743 2162 ἐαυτῷ
793 2090 1004 2153 πάντως
1067 2090 1127 2143 τὸ
1176 2085 1586 2163 βεϐουλευμένον
1641 2088 1888 2159 ποιῆσαι,

1977 2083 2245 2171 exsequi,
2285 2101 2396 2144 nec
2439 2093 2620 2146 totum
2653 2088 2940 2165 templum
2973 2105 3043 2148 ex
3073 2105 3142 2147 eo
3173 2085 3353 2166 quod,
3387 2103 3518 2165 qua:
3547 2084 3618 2144 ad

239 2170 338 2238 καί
387 2182 465 2255 μὴ
507 2177 862 2256 παραϐλέπει)
927 2177 1066 2234 οὕτω
1109 2175 1364 2253 ἄσχημον
1421 2175 1542 2230 ὅλον
1599 2177 1688 2231 τὸν
1742 2177 1886 2244 ναὸν,

1977 2170 2137 2232 illius
2195 2183 2466 2233 ornatum
2521 2184 2881 2254 spectarent,
2919 2174 3299 2254 perfectionis
3356 2174 3624 2234 defectus

242 2269 331 2324 διὰ
385 2269 446 2324 τὸ
489 2266 669 2322 σϐέσαι
726 2267 786 2322 τὸ
829 2271 926 2332 τῆς
989 2265 1148 2321 αὐτοῦ
1207 2265 1488 2338 εὐκοσμίας
1547 2262 1886 2339 ἀπλήρωτον,

1977 2259 2347 2342 obscuraret,
2406 2263 2484 2323 ita
2539 2262 2886 2324 indecorum
2944 2283 3219 2338 cernere,
3295 2262 3618 2325 constituit.

243 2357 378 2415 Τότε
461 2354 526 2422 δὴ
585 2357 771 2410 λοιπὸν
842 2353 1050 2410 εὐδοκία
1129 2356 1261 2408 Θεοῦ
1337 2354 1423 2408 καὶ
1481 2354 1509 2407 6
1581 2349 1890 2416 πανένδοξος

1977 2348 2144 2410 Tunc
2166 2359 2360 2410 autem
2388 2351 2494 2413 Dei
2518 2349 2933 2414 benevolentia
2952 2353 3414 2432 gloriosissimus
3445 2353 3619 2412 etiam

239 2445 533 2525 ἀθλοφόρος
592 2443 767 2510 ἤνοιξε
813 2443 908 2510 τὴν
954 2455 1117 2522 χεῖρα
1149 2443 1248 2509 τὴν
1291 2441 1535 2519 ἄφθονον,
1584 2442 1668 2497 καὶ
1720 2441 1884 2496 ὀπτά-

1979 2439 2368 2499 certaminum
2403 2440 2592 2500 victor
2645 2459 2882 2501 manum
2915 2441 3312 2503 abundantem
3363 2441 3618 2521 aperuit,

239 2557 388 2591 νεται
459 2534 520 2588 τὸ
580 2533 748 2611 ερίτον
816 2539 893 2604 τῷ
964 2529 1297 2608 πρεσϐυτέρῳ
1361 2529 1554 2607 λέγων·
1621 2528 1891 2585 Ἀπελθὼν

1981 2527 2277 2608 tertioque
2305 2529 2651 2608 presbytero
2680 2531 2977 2610 apparuit,
3003 2532 3247 2593 dicens:
3285 2529 3504 2592 Abiens
3525 2529 3621 2590 dic

238 2623 477 2688 λάλησον
547 2629 622 2696 τῷ
693 2621 994 2692 ἓπισκύπῷ.
1071 2622 1158 2686 Μὴ
1245 2619 1514 2696 ὀλιγώρει,
1577 2618 1734 2674 πλέον
1804 2621 1891 2675 σοῦ

1981 2617 2261 2696 episcopo
2289 2638 2302 2676 :
2338 2619 2428 2680 Ne
2461 2621 2725 2679 animum
2771 2620 3199 2700 desponderas,
3233 2617 3419 2698 magis
3451 2618 3619 2698 mihi,

243 2713 402 2789 μέλαι
461 2734 552 2786 μοι
585 2713 702 2787 περὶ
745 2711 836 2767 τοῦ
867 2710 1019 2766 ο“ίκου
1068 2730 1170 2784 μου
1200 2710 1286 2764 καὶ
1316 2713 1413 2774 τῆς
1459 2707 1690 2781 πόλεως,
1727 2707 1891 2780 μηδὲν

1987 2723 2159 2784 quam
2196 2705 2320 2781 tibi,
2361 2707 2574 2768 domus
2624 2726 2756 2770 mea
2787 2715 2846 2770 et
2877 2709 3084 2770 civitas
3114 2725 3271 2770 curae
3316 2716 3425 2788 est,
3459 2707 3620 2768 nulla

237 2799 590 2878 μεριμνέσης.

1979 2793 2053 2855 de
2088 2812 2154 2854 re
2192 2795 2274 2856 sis
2306 2795 2618 2858 sollicitus.

320 2887 428 2953 ν;¹.
485 2888 658 2946 Ταῦτα
716 2888 766 2943 δ’
796 2885 1142 2966 πρεσϐύτερος
1194 2886 1446 2958 ἀκούσας,
1494 2884 1672 2962 δρόμῳ
1727 2898 1891 2965 ταχεῖ

2056 2883 2155 2945 56.
2189 2883 2326 2945 Haec
2359 2903 2494 2946 cum
2524 2885 2852 2966 praesbyter
2873 2884 3418 2965 audivisset,celeri
3440 2884 3617 2946 simul

241 2978 334 3032 σὺν
395 2974 574 3042 πολλῆ
604 2982 747 3054 χαρᾷ
806 2976 1055 3050 μηνυθεὶς
1108 2981 1186 3048 τῷ
1244 2975 1680 3053 ἆρχιεπισκόπῳ,
1715 2976 1890 3050 ἀνήγ-

1977 2989 2151 3032 cursu
2186 2981 2243 3032 et
2275 2972 2458 3035 multa
2488 2973 2710 3055 laatitia,
2747 2993 2881 3036 cum
2912 2974 3362 3053 archiepiscopo
3392 2993 3618 3034 renuno

243 3065 418 3143 γειλεν
503 3067 668 3137 αύτῷ,
732 3066 820 3120 καὶ
905 3063 1286 3142 εὐηγγελίσατο
1365 3064 1651 3141 ἀμέριμνον
1736 3065 1891 3120 αύτον

1977 3061 2157 3122 tiatus
2209 3060 2436 3131 fuisset,
2493 3063 2546 3122 ei
2605 3063 2858 3142 exposit,
2920 3063 3247 3140 edixitque,
3280 3072 3344 3123 ut
3397 3062 3622 3142 absque

244 3153 539 3226 διαμένειν,
589 3154 859 3231 Δακρύσας
910 3156 1000 3208 οὗν
1059 3157 1086 3208 6
1144 3153 1592 3232 ἀρχιεπίσκοπος,
1625 3151 1721 3208 καί
1779 3175 1891 3208 πα-

1981 3167 2124 3212 cura
2183 3160 2468 3213 maneret.
2524 3154 2895 3232 Lacrymans
2917 3152 3089 3230 igitur
3139 3151 3623 3231 archiepiscopus

342 3210 351 3226 \
525 3210 538 3215 '
703 3210 713 3231 Ι
847 3210 858 3216 ⁷
1182 3210 1252 3231 tr.
1553 3210 1592 3232 "

245 3243 536 3320 ταπλαγεὶς
597 3242 695 3308 τήν
751 3241 1075 3308 τηλικαύτην
1135 3250 1226 3298 τοῦ
1285 3242 1573 3319 ἀθλοφόροι)
1624 3242 1891 3318 συγκατά-

1979 3257 2048 3298 ac
2108 3238 2282 3299 talem
2335 3210 2726 3300 certaminum
2789 3210 3026 3301 victoi'is
3081 3210 3623 3302 demissio'nemret

248 3329 398 3387 ϐασίν
429 3319 483 3386 τε
544 3333 628 3387 καὶ
688 3332 962 3408 πρόνοιαν,
1000 3333 1086 3386 καὶ
1136 3331 1419 3394 πιστεύσας
1479 3331 1532 3400 ἐζ
1593 3329 1720 3396 ὅλης
1763 3352 1891 3408 καρ-

1980 3345 2180 3387 curam
2233 3327 2552 3403 admirans,
2588 3337 2828 3405 totoque
2883 3349 2951 3390 ex
3010 3329 3192 3391 corde
3242 3328 3625 3409 promissioni

245 846 385 922 ὑλκῇ
415 852 506 901 τοὺ
538 845 760 922 ἀργύρου
795 861 809 918 ;
872 841 1036 905 Οἶδας
1071 841 1150 898 ὅτι
1207 841 1419 896 ὕπεστι)
1467 838 1624 902 ἄλλος
1655 838 1846 915 τρόπος
1882 854 1897 912 ;

251 935 407 992 Εἰπέ·
459 937 503 990 εί
545 932 600 990 δὲ
659 933 718 989 οὗ
774 932 975 1010 λέγεις,
1009 934 1086 1006 μὴ
1146 931 1424 1006 κατάκρινε
1468 933 1769 1008 προπετῶς,
1804 951 1897 1007 φι-

247 1024 492 1104 λοσοφῶν
535 1025 609 1085 εἰς
639 1024 731 1088 τὰς
762 1021 1039 1098 ἀλλοτρίας
1064 1019 1289 1096 θλίψεις,

248 3419 357 3481 δίας
418 3427 484 3495 τῇ
555 3419 843 3498 ὑποσχέσει
901 3424 1080 3497 αὖτοῦ,
1131 3419 1199 3486 ἣν
1258 3421 1510 3496 πρότερον
1581 3419 1676 3474 οὒκ
1705 3419 1894 3497 ἐφανέ-

248 3531 362 3586 ρου,
397 3505 481 3563 διὰ
517 3509 576 3564 16
627 3530 694 3583 με
748 3515 885 3585 ζονι,
921 3509 1103 3582 οἶμαι,
1139 3508 1336 3586 ἀγωνίᾳ
1386 3510 1479 3569 τὰς
1511 3509 1693 3586 ψυχὰς
1738 3509 1896 3580 ἡμῶν

246 3597 637 3670 δοκιμάζεσθαι*
718 3598 894 3676 βραχύ
924 3619 972 3652 τι
1031 3596 1123 3653 τοῦ
1170 3594 1521 3673 πρεσϐυτέρου
1581 3595 1893 3661 ὑπεξελθόν-

237 3706 356 3756 τος,
420 3687 505 3741 καὶ
583 3692 772 3761 μικρᾶς
837 3685 976 3762 ὥρας
1058 3684 1508 3761 περιπλευσάσης,
1573 3683 1715 3761 λέγει
1775 3696 1892 3745 τοῖς

233 3774 466 3839 πλησίον
543 3775 827 3832 ἀκούσασιν
887 3781 998 3846 τῶν,
1059 3781 1349 3840 τηνικαῦτα
1419 3773 1682 3850 ῥηθέντων
1750 3774 1893 3850 παρὰ

235 3870 330 3919 τοῦ
402 3863 751 3941 πρεσϐυτέρου
807 3864 1084 3939 ῥημάτων·
1156 3863 1428 3936 Μείνωμεν
1487 3861 1686 3940 ὀλίγον,
1746 3860 1895 3917 ἀδελ-

237 3953 347 4032 φοί⁴
403 3951 637 4027 ἀψευδὴς
667 3954 766 4029 γὰρ
829 3955 985 4020 ἧτοῦ
1035 3950 1328 4028 ἀθλοφόρου
1357 3950 1672 4030 ὑπόσχεσις.
1734 3949 1894 4008 Ούπω

239 4039 296 4096 δὲ
359 4040 552 4120 σχεδὸν
584 4043 646 4097 τὸ
703 4041 848 4118 ῥῆμα
907 4042 1276 4118 πεπληρώκει,
1309 4041 1397 4095 καί
1442 4061 1525 4102 τις
1580 4043 1680 4095 τῶν
1738 4039 1894 4096 αὑτοῦ

239 4151 430 4208 φησιν,
492 4121 549 4186 Ὀ
593 4131 767 4205 κύριος
817 4135 1002 4194 Μηνᾶς
1051 4129 1273 4184 ’ίσταται
1317 4129 1486 4202 κάτω,
1519 4129 1605 4183 καὶ
1647 4129 1711 4184 τὰ
1759 4128 1892 4184 ὑπέ-

239 4240 367 4296 τερα
431 4215 568 4296 ἴχνη
641 4216 1074 4274 κατασπάσασθαι
1147 4215 1414 4292 βούλεται,
1490 4217 1704 4294 φάσκων
1795 4215 1896 4288 ἰδίᾳ

238 4306 414 4362 θέλειν
466 4319 819 4382 προσανοῐσαι
894 4305 1025 4378 ὑμῖν
1087 4321 1226 4361 τινα·
1290 4303 1374 4361 διὰ
1429 4312 1584 4361 τοῦτο
1640 4307 1738 4383 γὰρ
1806 4299 1893 4361 καὶ

237 4401 319 4467 τῷ
376 4417 594 4466 παροντι
654 4403 820 4474 καιρῷ
881 4393 1210 4460 ἐληλυθέναι·
1278 4395 1343 4463 ἦν
1402 4393 1457 4449 δὲ
1502 4395 1611 4474 ὥρα
1672 4395 1892 4469 πέμπτη

235 4484 334 4551 τῆς
366 4485 590 4560 ἡμερας.

1981 3417 2132 3494 ejus,
2161 3434 2334 3496 quam
2371 3418 2557 3496 prius,
2591 3425 2656 3478 ut
2700 3419 2934 3498 majori,
2970 3427 3132 3498 puto,
3164 3418 3380 3478 animae
3409 3426 3625 3478 nostrae

1981 3505 2274 3566 anxietate
2298 3505 2714 3585 probarentur,
2750 3507 2941 3586 palam
2977 3506 3132 3567 haud
3172 3506 3411 3578 fecerat,
3442 3506 3621 3566 ﬁdem

1978 3592 2291 3665 adhibens,
2340 3594 2696 3674 przesbytero
2749 3596 2985 3673 paulum
3050 3613 3286 3673 egresso
3336 3593 3620 3675 brevique

1979 3689 2250 3762 tempore
2272 3682 2496 3761 elapso,
2522 3684 2937 3762 praesentibus,
2965 3683 3064 3759 qui
3089 3681 3288 3754 verba,
3310 3700 3342 3743 a
3366 3681 3618 3761 presby-

1976 3777 2102 3829 tero
2159 3780 2296 3831 tunc
2349 3771 2527 3850 dicta,
2563 3772 2928 3852 audiverant,
2959 3771 3142 3832 dixit:
3205 3771 3622 3850 Exspectemus

1978 3858 2301 3939 paulisper,
2335 3859 2546 3920 fratres
2578 3882 2593 3936 ;
2624 3878 2760 3921 vera
2800 3862 2957 3921 enim
2991 3869 3080 3920 est
3109 3860 3494 3920 certaminum
3531 3860 3615 3919 vi-

1977 3949 2153 4008 ctoris
2186 3949 2522 4026 promissio.
2572 3949 2839 4011 Necdum
2875 3958 3066 4010 autem
3103 3949 3224 4008 fere
3272 3966 3611 4009 sermonem

1976 4035 2326 4117 absolverat,
2362 4046 2535 4116 atque
2583 4039 2797 4117 aliquis
2828 4058 2862 4099 e
2908 4037 3250 4100 domesticis
3297 4037 3426 4117 ejus
3475 4037 3608 4100 ait:

1979 4126 2264 4187 Dominus
2319 4128 2567 4188 Mennas
2625 4127 2780 4187 infra
2838 4136 2974 4196 stat,
3005 4135 3315 4207 vestraque
3373 4126 3616 4205 vestigia

1978 4215 2102 4274 vult
2145 4214 2445 4292 amplecti,
2479 4214 2784 4276 afﬁrmans
2828 4234 2960 4276 sese
2991 4215 3161 4276 vobis
3192 4233 3294 4275 sua
3342 4215 3610 4293 quaedam

1979 4303 2130 4364 velle
2162 4303 2380 4364 offerre
2415 4325 2430 4379 ;
2467 4304 2602 4364 ideo
2635 4305 2793 4365 enim
2826 4305 3099 4381 praesenti
3153 4315 3424 4385 tempore
3459 4304 3614 4384 (erat

1977 4398 2174 4456 autem
2207 4392 2324 4453 dici
2351 4393 2498 4454 hora
2527 4393 2754 4478 quinta)
2790 4411 2922 4454 sese
2954 4393 3211 4454 venisse.

323 4557 424 4642 '13:,
473 4557 576 4631 Ί’ος
631 4571 860 4628 ἀνελθὼν
909 4571 1051 4649 λέγει
1100 4578 1175 4645 τῷ
1233 4571 1661 4650 ἆρχιεπισκόπῳ·
1699 4571 1885 4629 Ἐπει-

2051 4569 2149 4632 57.
2183 4569 2294 4642 Qui
2325 4589 2457 4631 cum
2516 4571 2903 4646 ascendisset,
2939 4571 3083 4633 dixit
3110 4571 3560 4651 archiepiscopo
3598 4593 3611 4630 :

236 4659 304 4727 δὴ
339 4659 514 4716 πολλὰ
584 4662 846 4738 χρεωστῶ
902 4662 978 4733 τῷ
1038 4659 1333 4733 πανενδὸξῳ
1394 4662 1612 4738 μάρτυρι
1689 4670 1886 4734 Δημη-

233 4749 387 4825 τρί’μ,
450 4747 712 4812 πολλάκις
793 4771 860 4824 με
931 4751 989 4804 ὲκ
1068 4747 1318 4803 κινδύνων
1398 4750 1487 4804 καὶ
1559 4749 1717 4806 αὐτοῦ
1797 4758 1888 4806 τοῦ

233 4841 463 4893 θανάτου
519 4837 816 4912 ῥυσαμένῳ,
863 4836 1144 4898 πλεονάκις
1202 4835 1429 4912 ὥρμησα
1502 4837 1562 4892 ἐκ
1618 4843 1715 4903 τῆς
1787 4839 1888 4892 ὑπὸ

236 4934 370 4982 Θεοῦ
427 4923 751 5004 δωρηθείσης
814 4949 904 5000 μοι
955 4927 1254 5004 περιουσίας
1313 4926 1525 4999 μέτριόν
1574 4949 1623 4981 τι
1682 4948 1887 4994 προσα-

232 5028 428 5092 γαγεῖν
505 5021 582 5086 τῷ
649 5015 936 5087 πανσέπτῳ
1012 5018 1168 5072 αὐτοῦ
1233 5021 1354 5087 uti),
1418 5016 1503 5070 καὶ
1585 5015 1892 5088 ἠσθανόμην

234 5107 371 5160 κατὰ
403 5103 589 5182 ψυχὴν
631 5103 811 5180 ὥσπερ
854 5105 972 5160 τινὰ
1031 5101 1395 5158 συλλαλοῦντὰ
1453 5124 1568 5180 μοι,
1601 5102 1680 5158 ὅτι
1738 5102 1888 5158 Ἀνά-

236 5215 442 5267 μεινον,
507 5195 600 5249 οὐκ
669 5189 778 5246 ἔστι
865 5192 1069 5268 καιρός.
1143 5193 1381 5267 Ζήμερον
1459 5189 1538 5268 δὲ,
1600 5193 1892 5265 παμμακά-

234 5301 381 5359 pta-rs
441 5281 636 5356 Πάτερ,
684 5281 788 5336 ἀπὸ
844 5284 990 5356 πρωὶ
1036 5280 1205 5358 μέχρι
1267 5280 1462 5344 ταύτης
1507 5284 1604 5344 τῆς
1657 5279 1795 5356 ὥρας
1842 5281 1888 5336 οἱ

234 5369 487 5445 λογισμοί
536 5389 602 5442 με
675 5373 960 5425 συνωθοῦσι
1021 5367 1293 5444 λέγοντες,
1346 5367 1426 5422 ὃτι
1487 5368 1798 5444 Προσάγαγε
1856 5370 1888 5423 ἃ

235 5457 503 5521 πολλάκις
562 5457 870 5534 ἐπηγγείλω
911 5464 989 5529 τῷ
1049 5456 1348 5536 ἆθλοιρύρῳ,
1411 5455 1491 5513 ὅτι
1563 5463 1650 5510 νῦν
1707 5459 1890 5532 καιρὸς

234 5543 641 5622 εὐπρόσδεκτος,
702 5547 882 5602 καὶτὸ
912 5547 1075 5620 δῶρον
1136 5546 1188 5600 ἐν
1221 5545 1426 5622 ἀργύρῳ
1481 5543 1618 5623 ἤτω,
1665 5547 1750 5602 καὶ
1811 5547 1887 5620 μὴ

235 5635 292 5690 ἐν
350 5637 560 5714 χρυσῷ.
624 5635 821 5708 Δέομαι
877 5634 965 5689 οὖν
996 5634 1085 5702 τῆς
1141 5633 1442 5710 ἁγιωσύνης
1474 5656 1588 5710 σου,
1623 5635 1699 5709 μὴ
1751 5635 1889 5691 ἀπο-

1973 4657 2114 4720 Cnm
2149 4659 2577 4736 gloriosissimo
2611 4664 2844 4740 martyri
2875 4663 3189 4733 Demetris,
3209 4660 3308 4740 qui
3339 4679 3432 4720 me
3458 4679 3614 4739 Stepe

1972 4765 2044 4809 ex
2097 4746 2375 4826 periculis
2406 4757 2582 4826 atque
2615 4751 2736 4827 ipsa
2772 4758 2962 4809 morte
3000 4750 3242 4828 eripuit,
3277 4749 3458 4809 multa
3505 4750 3614 4808 de-

1972 4835 2472 4906 beam,modicum
2497 4837 2634 4914 quid
2655 4857 2685 4892 e
2709 4837 2860 4899 datis
2881 4838 3024 4898 mihi
3048 4857 3080 4898 a
3096 4841 3217 4901 Deo
3244 4837 3615 4900 facultatibus

1975 4924 2196 5002 templo
2216 4924 2346 5002 ejus
2376 4943 2551 5003 quam
2577 4928 2831 4986 maxime
2854 4927 3189 4987 venerando
3221 4927 3436 4987 offerre
3459 4944 3616 5004 saepe

1973 5012 2511 5092 desideravi,atque
2535 5015 2786 5094 aliquem
2815 5015 2975 5075 velut
3000 5015 3069 5075 ad
3103 5016 3615 5094 animam,Exspe-

1974 5110 2069 5163 cta
2123 5100 2400 5180 quoniam
2435 5108 2666 5178 tempus
2719 5113 3113 5181 Opportunum
3148 5123 3265 5164 non
3321 5113 3431 5184 est,
3466 5103 3615 5164 mihi

1977 5189 2275 5250 dicentem
2328 5190 2508 5251 seusi.
2543 5187 2735 5250 Hodie
2786 5209 2942 5263 vero,
2978 5190 3321 5254 beatissime
3351 5195 3546 5270 Pater,
3581 5211 3614 5252 a

1974 5297 2146 5339 mane
2167 5297 2352 5358 usque
2367 5279 2437 5338 ad
2461 5279 2613 5339 hanc
2638 5281 2842 5340 horam
2869 5281 3258 5359 cogitationes
3278 5301 3372 5344 me
3395 5283 3611 5362 impel-

1977 5369 2103 5428 lunt
2131 5368 2432 5429 dicentes:
2459 5366 2600 5437 Quae
2629 5387 2785 5449 saape
2815 5371 3207 5432 certaminum
3240 5369 3444 5432 victori
3467 5389 3612 5449 pro-

1975 5456 2350 5536 misisti,quia
2381 5474 2539 5515 nunc
2572 5465 2802 5538 tempus
2829 5459 3192 5539 acceptabile
3227 5468 3335 5533 est,
3363 5459 3473 5538 fer,
3502 5459 3611 5519 do-

1972 5552 2444 5626 numque‘tuum
2498 5542 2558 5604 in
2603 5555 2868 5626 argento,
2905 5566 3014 5608 nec
3061 5549 3122 5608 in
3153 5566 3297 5608 auro
3344 5549 3442 5609 sit.
3493 5546 3612 5609 Oro

1971 5633 2145 5714 igitur
2176 5633 2541 5700 sanctitatem
2578 5643 2758 5710 tuam,
2785 5655 2858 5704 ne
2889 5644 3116 5703 avertas
3150 5656 3383 5699 servum
3419 5647 3605 5712 tuum,
