4056 6152
236 275 389 350 1249
647 267 661 272 ’
1304 277 1366 349 s.
1413 280 1792 353 DEMETRII
1834 268 2235 347 MARTYRIS
2275 269 2496 342 ACTA.
3436 267 3592 344 12‘50

231 420 381 494 ἆγιον
437 421 590 474 οἶκον
668 423 760 474 τοῦ
839 417 1142 476 παναέπτου
1217 419 1529 503 ἀθλοφόροι),
1591 423 1705 499 εὗρε
1778 412 3466 478 τὸνΑοοτιαιηίηιιηινὶοιοιιίεπιεκίηιενθηρτεηάἰᾶοωυιη
3488 415 3587 478 hic

233 511 512 588 εἰρημένου
556 509 851 588 ἔμπροσθεν
907 518 1011 567 τῶν
1055 513 1322 590 ἀργυρέων
1354 518 1518 591 θυρῶν
1568 516 1662 572 106
1692 514 1870 571 ἐκεῖσε

1984 511 2113 565 sset
2142 503 2830 583 ingressus,praadictum
2857 503 3088 564 invenit
3111 511 3248 564 ante
3279 513 3590 582 argenteas

232 599 523 678 λεγομένου
578 597 845 676 κιῖωρίου,
892 599 1070 678 ἀχανῆ
1131 603 1219 658 καὶ
1279 602 1474 682 σχεδον
1517 604 1735 683 ἄπνουν,
1775 602 1868 659 καί

1984 593 2175 654 bidem
2207 594 2572 667 exsistentis,
2609 601 2673 654 ut
2703 591 3189 665 vocatur,ciborii
3210 593 3424 670 januas
3453 612 3588 655 mu-

231 692 337 747 τῶν
394 687 758 765 νεκρωθέντων
833 686 980 744 οὒδὲν
1035 687 1375 770 διαφέροντα.
1449 683 1544 756 Ὦς
1602 691 1655 749 δὲ
1713 671 1870 749 1500-

1984 701 2074 743 um
2108 700 2174 743 ac
2205 683 2331 744 fere
2361 684 2694 744 exanimem
2753 682 3019 759 nihilque
3070 701 3102 743 a
3136 683 3383 744 mortuis
3413 681 3591 745 diffe-

232 776 430 858 ρύϐητο
475 779 591 855 περὶ
635 783 724 832 τοῦ
768 776 920 856 φίλου
963 779 991 833 6
1023 769 1156 859 ἀνὴρ
1206 782 1542 862 συμπάσχων
1603 781 1699 838 καὶ
1737 803 1869 838 πεν-

1988 779 2207 831 entem.
2245 769 2387 833 Cum
2422 779 2618 832 autem
2673 770 2967 846 vir,amici
3030 771 3588 848 commiserescens,

231 871 335 925 θῶν
390 869 476 924 ἐπὶ
527 871 604 939 τῷ
659 863 916 941 συμϐάντι
976 858 1144 948 μάλα,
1224 869 1380 942 μόλις
1428 858 1579 946 μετά
1628 871 1872 934 πλείονας

1984 858 2152 948 leque
2176 878 2266 938 re,
2301 877 2432 940 quae
2461 860 2782 933 acciderat,
2819 860 3049 934 dolens,
3112 869 3270 948 esset
3299 860 3592 944 turbatus,

232 955 375 1035 ὥρας
433 958 504 1021 εἷς
552 956 738 1012 ἑαυτὸν
802 954 968 1012 ἐλθὼν
1033 959 1061 1013 6
1111 946 1479 1039 ’ὀνησιφόροῆ
1538 962 1624 1017 καὶ
1681 959 1874 1038 γνωρί-

1984 946 2114 1026 egre
2144 948 2466 1010 admodum
2521 958 2650 1029 post
2701 949 2900 1026 plures
2950 952 3126 1012 horas
3184 947 3595 1032 Onisephorus

233 1067 330 1110 σας
387 1047 478 1101 τὸν
531 1043 883 1123 ἀναγνώστην
939 1045 1011 1110 ὡς
1077 1046 1228 1126 φίλον
1284 1051 1506 1126 γνήσιον
1565 1053 1873 1126 πενθοῦντα,

1984 1040 2028 1099 ιιι
2063 1055 2128 1099 se
2156 1055 2450 1101 reversus.
2508 1039 2940 1119 lectoremque,
2991 1048 3052 1099 ut
3081 1039 3406 1118 genuinum
3439 1040 3591 1101 ami-

237 1135 328 1192 καὶ
381 1134 713 1213 πεφυρμένον
754 1146 872 1198 τοῖς
916 1131 1128 1212 δάκρυσι
1173 1134 1319 1214 λέγει
1364 1139 1494 1217 πρὸς
1540 1139 1719 1212 αὐτὸν,
1781 1138 1879 1192 Διά

235 1225 299 1280 16
344 1222 546 1291 συμϐάν
589 1245 702 1296 μοι,
749 1221 894 1301 κύριέ
961 1245 1064 1298 μου
1133 1223 1373 1303 Εὒσὲϐιε,
1439 1226 1675 1304 δακρύεις
1715 1246 1731 1302 ;
1775 1232 1879 1283 T06

238 1311 296 1369 δὲ
353 1313 795 1390 κατανεύσαντος,
853 1309 970 1367 οὒδέ
1041 1314 1140 1391 γάρ
1190 1313 1422 1381 λαλῆσαι
1485 1315 1569 1372 διὰ
1626 1316 1728 1382 τὴν
1779 1315 1873 1370 λύ-

239 1422 353 1468 πην
403 1398 694 1478 ἐξίσχυσεν,
754 1397 898 1478 λέγει
950 1400 1115 1476 αὐτῷ.
1175 1404 1282 1460 06x
1331 1402 1558 1482 ὀφείλεις
1617 1402 1877 1480 δαγρύειν,

239 1487 364 1546 ἀλλ’
398 1490 444 1544 εί
501 1487 710 1569 ἀγαπᾷς
755 1508 843 1565 με,
892 1488 1068 1568 ὄρυξον
1115 1505 1407 1573 μνημεῖον,
1443 1493 1530 1549 καὶ
1584 1497 1757 1563 ζῶντα
1814 1512 1880 1566 με

242 1579 585 1659 κατάχωσον.

325 1667 428 1734 Ea’.
493 1668 595 1726 T06
640 1669 694 1726 δὲ
750 1668 1193 1750 διαταραχθέντος
1249 1673 1334 1729 ἐπὶ
1383 1675 1459 1746 τῷ
1488 1669 1764 1750 παραδόξῳ
1793 1675 1883 1725 106

1961 1145 2094 1188 cum
2121 1126 2546 1189 lamentantem
2577 1128 2970 1208 lacrymisque
3020 1127 3301 1190 imitatum
3350 1130 3594 1209 conspi-

1963 1223 2126 1276 catus
2158 1214 2305 1276 dixit
2335 1216 2405 1276 ad
2442 1235 2576 1277 eum
2615 1237 2628 1280 :
2663 1215 2751 1279 Ob
2785 1217 2949 1290 idne,
2988 1217 3142 1298 quod
3180 1217 3325 1279 mihi
3355 1219 3594 1296 accidit,

1963 1306 2042 1364 mi
2071 1304 2311 1365 domine
2337 1303 2583 1385 Eusebi,
2621 1306 3005 1388 lacrymaris?
3035 1306 3242 1369 Eidem
3267 1315 3464 1370 autem
3490 1326 3598 1369 ca-

1965 1395 2084 1474 pite
2136 1402 2353 1474 (neque
2384 1395 2542 1456 enim
2579 1413 2697 1474 prie
2729 1396 2936 1457 dolore
2986 1395 3147 1477 loqui
3195 1398 3456 1477 poterat)
3487 1416 3598 1459 an-

1965 1483 2174 1544 nuenti
2203 1483 2350 1544 dixit
2384 1505 2396 1542 :
2446 1485 2787 1563 Lacrymari
2820 1485 2977 1546 haud
3009 1485 3217 1566 debes,
3253 1485 3382 1561 sed,
3429 1487 3477 1546 si
3505 1505 3601 1550 me

1965 1590 2152 1651 amas,
2185 1573 2528 1652 sepulcrum
2562 1573 2721 1653 l‘ode,
2755 1578 3073 1654 vivquue
3102 1593 3197 1637 me
3221 1574 3435 1655 sepeli.

2048 1662 2267 1724 61.]llo
2296 1681 2434 1724 vero
2465 1681 2572 1744 per
2603 1665 2819 1726 mirum
2841 1683 3179 1726 sermonem
3201 1664 3432 1725 turbato
3457 1665 3601 1726 tris-

243 1757 431 1838 λόγου,
504 1759 590 1815 καὶ
674 1749 1011 1838 σκυθρωπῶς
1068 1761 1378 1840 εἰρηκότος,
1457 1749 1607 1824 Τίνος
1695 1760 1877 1840 χάριν,

1989 1749 2126 1830 ique
2156 1751 2314 1812 vultu
2347 1753 2583 1814 dicente
2621 1773 2635 1813 :
2669 1753 2987 1832 Cujusnam
3020 1755 3103 1816 rei
3137 1754 3342 1834 gratia,
3377 1751 3604 1816 frater?

243 1845 488 1926 ἀδελφέ;
534 1847 742 1912 ἐκεῖνος
800 1847 1140 1928 ἀπεκρίνατο,
1203 1850 1282 1906 ὅτι
1353 1849 1649 1928 Περιὲπεσα
1707 1847 1884 1928 σφάλ-

1984 1859 2020 1901 .s
2077 1840 2432 1920 respondit:
2496 1841 2643 1912 Quia
2697 1841 2758 1901 in
2811 1843 3120 1924 delictum,
3156 1843 3317 1922 quali
3344 1853 3603 1905 mentem

243 1957 396 2011 ματι,
443 1934 548 2008 οἵῳ
618 1934 754 2010 μηδὲ
812 1939 1072 2014 μειρακίω
1129 1937 1194 2005 δὴ
1259 1946 1380 1995 νιιῦν
1425 1936 1886 2018 περιπεπτωκέναι

1984 1930 2308 2009 aecjuveni
2361 1930 2680 2008 aliquando
2735 1931 2916 1992 fuisse
2974 1939 3426 2012 conspurcatam
3467 1950 3606 1994 cre-

244 2025 380 2082 ποτὲ
436 2023 702 2088 πιστεύεις
747 2025 832 2102 ἂν,
865 2025 952 2106 ὑφ’
985 2025 1045 2082 οὗ
1077 2029 1163 2083 καὶ
1211 2029 1454 2106 μεγάλως
1507 2029 1598 2084 τὸν
1658 2026 1888 2106 ἀθλοφό-

245 2135 340 2194 ρον
383 2113 682 2196 παρώξυνα,
742 2117 814 2180 ὡς
875 2113 1008 2192 μηδὲ
1061 2117 1346 2195 πρόσωπόν
1421 2138 1488 2192 με
1560 2119 1651 2172 106
1704 2115 1892 2171 λοιποῦ

251 2202 406 2284 ἔχειν
461 2205 527 2260 τὰ
572 2203 818 2283 πρόπυλα
880 2211 974 2260 106
1020 2214 1146 2263 ναοῦ
1199 2210 1358 2265 αὖτοῦ
1403 2205 1696 2286 θεωρῆσαι,
1757 2205 1888 2279 μήτι

248 2313 312 2370 γε
373 2293 446 2366 τῷ
487 2293 622 2369 ἁγίῳ
676 2297 834 2352 αὐτοῦ
890 2294 977 2350 καὶ
1052 2294 1370 2371 ἡγιασμένῳ
1425 2294 1658 2373 κιϐωρίῳ
1716 2314 1888 2369 προσ-

250 2385 473 2456 ψαῦσαι.
533 2389 637 2440 Τοῦ
691 2379 745 2438 δὲ
831 2383 1170 2461 ἀναγνώστου
1254 2383 1546 2451 τηνικαῦτα
1605 2381 1889 2439 καταστεί-

251 2467 444 2536 λαντος
501 2471 598 2538 τὴν
646 2469 858 2538 πολλὴν
902 2475 1060 2531 αὖτοὺ
1100 2472 1321 2548 ἀθυμίαν
1362 2473 1449 2528 καὶ
1494 2473 1750 2551 σύγχυσιν
1809 2468 1893 2525 διὰ

250 2565 361 2616 τῶν
405 2560 616 2638 πραέων
673 2561 762 2617 καὶ
805 2563 1194 2639 παραινετικῶν
1250 2566 1408 2621 αὑτοῦ
1469 2561 1748 2640 ῥημάτων,
1808 2560 1896 2615 καὶ

251 2648 439 2712 πείσας
499 2649 872 2727 ἀφηγήσασθαι
944 2651 1005 2706 τὸ
1069 2649 1296 2732 συμϐὰν,
1342 2651 1507 2716 οὕτως
1564 2648 1757 2729 ἤρξατο
1801 2649 1895 2704 λέ-

253 2758 371 2816 γειν
407 2757 418 2771 ·
467 2738 666 2818 Οἶσθα,
711 2737 1154 2819 προσφιλέστατε,
1199 2740 1298 2807 τὴν
1349 2741 1649 2812 συνήθειαν,
1715 2737 1896 2816 ὅτιπερ

256 2825 344 2883 δεῖ
373 2827 584 2892 πάντως
613 2841 806 2905 κηροῖς
839 2827 1279 2905 καταλάμπεσθαι
1315 2831 1376 2886 τὸ
1419 2827 1566 2885 ἔνδον
1608 2834 1700 2886 τοῦ
1730 2829 1895 2905 ἡγια-

256 2916 454 2991 σμένοι)
481 2917 668 2973 τούτου
695 2915 940 2988 κιϐωρίου
974 2939 990 2992 ;

1970 2021 2100 2096 das,
2137 2020 2448 2101 prolapsus
2495 2041 2653 2102 sum,
2700 2039 2815 2102 quo
2849 2026 3022 2082 etiam
3057 2022 3448 2082 certaminum
3478 2022 3606 2084 vic-

1973 2117 2161 2170 torem
2198 2127 2557 2189 magnopere
2590 2111 2833 2182 irritavi,
2868 2110 3016 2171 adeo
3068 2119 3130 2172 ut
3180 2110 3458 2184 frontem,
3493 2129 3611 2192 quo

1977 2198 2180 2279 templi
2211 2201 2340 2276 ejus
2370 2199 2720 2260 vestibulum
2753 2199 3059 2280 aspiciam,
3098 2200 3315 2261 nedum
3339 2210 3612 2262 sanctum

1976 2287 2243 2368 ejusdem
2277 2307 2344 2350 ac
2375 2299 2668 2349 sacratum
2703 2287 2994 2350 ciborium
3048 2289 3354 2367 attingam,
3389 2288 3462 2350 de
3493 2307 3614 2350 cae-

1977 2386 2104 2438 tero
2137 2377 2291 2439 haud
2346 2376 2622 2440 habeam.
2679 2377 2823 2440 Cum
2880 2387 3077 2440 autem
3128 2377 3337 2456 lector,
3395 2395 3605 2458 magna

1975 2465 2106 2544 ejus
2135 2466 2472 2545 dejectione
2514 2465 2700 2527 animi
2758 2464 3334 2547 conturbationeque
3366 2466 3611 2529 mitibus

1979 2555 2104 2616 suis
2154 2555 2695 2636 adhortatoriisque
2745 2555 2940 2616 verbis
2999 2564 3138 2618 tunc
3192 2573 3499 2636 repressa,
3555 2557 3610 2617 ei

1979 2645 2181 2719 etiam,
2217 2652 2280 2705 ut
2311 2647 2464 2724 quod
2495 2645 2790 2706 acciderat
2827 2652 3148 2719 narrasset,
3195 2645 3501 2719 suasisset,
3533 2646 3615 2706 ita

1979 2734 2182 2796 dicere
2231 2734 2457 2817 incepit
2490 2757 2502 2792 :
2538 2733 3145 2810 Consuetudinemne,
3179 2733 3610 2809 amantissime,

1980 2841 2096 2904 qua
2125 2832 2419 2885 sacratum
2451 2823 2598 2885 illud
2630 2823 2918 2885 ciborium
2969 2823 3162 2886 cereis
3193 2823 3352 2886 intro
3380 2822 3613 2884 illumi-

1981 2913 2107 2974 nari
2141 2921 2396 2993 oportet,
2433 2913 2585 2975 nosti
2609 2919 2637 2976 ‘?

337 3003 438 3080 ξβ’.
501 3003 660 3079 Οἶδα,
717 2972 896 3084 φησίν.
960 2972 1056 3063 limi
1113 3013 1267 3064 10610
1325 3005 1379 3062 δὲ
1437 3009 1531 3064 οὒκ
1580 3007 1818 3086 ἀγνοεῖς,
1867 3008 1894 3062 6

1987 2972 1992 2973 ί
2617 2972 2788 3084 illud,
2811 3003 2954 3066 dixit
2975 3002 3406 3084 Onesiphorus,
3437 3001 3612 3080 igno-

257 3092 606 3174 Ὀνησιφόρος
663 3093 784 3174 ἔφη,
838 3098 910 3158 ὡς
966 3095 1188 3161 ἕκαστος
1231 3096 1352 3153 καθ’
1394 3096 1421 3152 6'
1453 3096 1515 3153 ἂν
1547 3097 1654 3176 ’έχη
1697 3097 1894 3169 προθέ-

257 3203 415 3263 σεως,
451 3184 665 3262 μικροὺς
698 3184 733 3251 ἢ
767 3183 1033 3262 μεγάλους
1083 3186 1261 3242 αὖτόθι
1312 3186 1594 3266 προσφέρει
1645 3188 1840 3262 κήρους
1878 3203 1895 3260 ;

260 3273 362 3330 Καὶ
409 3274 437 3328 6
491 3272 864 3354 ἀναγνώστης,
919 3273 1144 3341 Ἀληθὲς
1217 3276 1304 3331 καὶ
1361 3283 1538 3338 10610.
1594 3275 1740 3353 Ἐγὼ
1782 3275 1893 3345 οὖν,

254 3362 440 3440 φησὶν,
518 3363 591 3426 ὡς
671 3363 1070 3442 παραμονάριος
1133 3366 1352 3438 νομίσας
1413 3385 1898 3444 χρηματικωτερον

256 3463 557 3529 περιποιεῖν
615 3473 664 3508 τι
722 3454 810 3508 καὶ
852 3457 928 3525 τῷ
997 3453 1132 3530 ἁγίῳ
1193 3455 1276 3510 καὶ
1336 3453 1574 3530 ἐμαυτῷ,
1605 3454 1672 3509 τά
1722 3453 1898 3520 ἀληθῆ

259 3541 363 3620 γὰρ
419 3541 543 3620 ἐρῶ,
605 3541 700 3600 ἐπὶ
756 3542 851 3599 καί
913 3543 1119 3600 ἅπαντα
1177 3547 1388 3622 γνωστὰ
1443 3553 1520 3619 τῷ
1582 3547 1718 3620 Θεῷ,
1782 3547 1900 3610 τοὺς

261 3632 363 3706 μὲν
422 3631 685 3710 μεγάλους
763 3641 870 3690 τῶν
942 3635 1384 3713 προσφερομένων
1469 3637 1657 3716 κηφῶν
1721 3657 1898 3707 παρα-

228 3721 459 3800 ,χρῆμα
514 3719 809 3802 ἐσὲέννυον,
871 3720 1114 3802 λεπτοὺς-
1154 3721 1208 3780 δὲ
1264 3723 1376 3780 ἀντ’
1436 3726 1608 3782 αὐτῶν
1652 3723 1748 3782 καὶ
1803 3747 1899 3798 μι-

260 3799 417 3888 κροὺς
470 3809 732 3890 ἐπήγνυω
775 3799 1034 3872 καίεσθαι.
1094 3799 1270 3892 Ὦφθη
1331 3835 1422 3889 μοι
1479 3813 1568 3870 οὖν
1607 3815 1663 3871 ἐν
1714 3812 1899 3876 ὕπνοις

264 3901 294 3956 6
347 3898 499 3977 ἅγιος
682 3901 1005 3981 ἁμαρτωλῷ,
1053 3904 1142 3959 καί
1189 3924 1319 3982 φησι
1384 3908 1444 3980 τῇ
1481 3903 1697 3981 γλυκείᾳ
1749 3909 1902 3983 φωνῇ

262 3988 362 4057 τῆς
421 3988 648 4068 ἀμέτρου
703 3993 862 4049 αὐτοῦ
918 3989 1384 4071 συγκαταϐἀσεως,
1448 3989 1666 4073 ’Λδελφέ
1735 3989 1901 4061 Ὀνη-

263 4078 469 4158 σιφόρε,
503 4078 596 4134 οὒκ
625 4077 847 4158 τάρέσκει
882 4102 972 4155 μοι
1003 4081 1030 4137 ὃ
1082 4081 1277 4159 ἐργάζῃ
1317 4098 1330 4112 ⁸
1395 4079 1511 4140 οὐδὲ
1542 4083 1642 4160 γὰρ
1696 4082 1905 4159 μυρίαις

262 4165 466 4245 λίτραις
513 4168 714 4247 χρυσοῦ
756 4171 1136 4246 θεραπεύομαι,
1188 4173 1260 4232 ὡς
1306 4175 1429 4245 μιᾶς
1475 4169 1658 4248 ψυχῆς
1717 4191 1903 4237 σωτη-

262 4255 371 4334 ρίᾳ,
407 4255 441 4325 ἢ
472 4257 567 4314 οὒκ
597 4255 747 4323 οἶδας
775 4257 856 4314 ὅτι
907 4260 968 4315 τὸ
1017 4259 1441 4340 προσφερόμενον
1485 4265 1728 4337 πρᾶγμα,
1779 4259 1904 4316 ὅσον

1978 3110 2095 3168 ras,
2132 3101 2194 3154 ut
2224 3095 2497 3173 quisque,
2528 3093 2859 3154 secundum
2891 3093 3050 3173 quod
3090 3093 3364 3154 habuerit
3396 3111 3617 3173 propo-

1981 3181 2182 3258 situm,
2238 3199 2450 3262 parvos
2506 3182 2594 3243 vel
2646 3200 2892 3261 magnos
2923 3201 3128 3245 cereos
3156 3181 3332 3243 isthic
3359 3183 3614 3245 otl‘erat?

1981 3271 2066 3333 Ac
2093 3271 2278 3332 lector
2315 3294 2327 3329 :
2363 3271 2601 3334 Etillud
2627 3289 2828 3333 verum
2862 3281 2973 3333 est.
3009 3271 3128 3350 Ego
3161 3271 3364 3348 igitur,
3398 3271 3615 3354 inquit,

1983 3367 2047 3420 ut
2077 3360 2282 3440 templi
2327 3369 2551 3441 custos,
2605 3359 2808 3422 utilius
2840 3361 2976 3442 quid
3013 3371 3073 3423 et
3102 3361 3319 3422 Sancto
3351 3368 3408 3421 et
3469 3360 3616 3422 mihi

1981 3449 2151 3529 (vera
2180 3450 2366 3524 enim,
2403 3470 2534 3512 cum
2572 3460 2628 3512 et
2660 3454 2782 3515 Deo
2814 3459 3025 3513 cuncta
3053 3451 3170 3511 sint
3197 3458 3360 3525 nota,
3396 3449 3616 3529 praedi-

1984 3538 2158 3616 cabo)
2188 3550 2674 3620 comparaturum
2727 3559 2822 3603 me
2868 3549 3056 3620 ratus,
3089 3543 3346 3618 majores
3376 3539 3618 3618 quidem

1983 3647 2294 3690 cereorum
2319 3629 2654 3692 oblatorum
2689 3630 2884 3692 statim
2908 3629 3399 3705 exstinxi,eorum
3419 3636 3618 3690 autem

1984 3717 2115 3779 loco
2146 3727 2355 3780 tenues
2405 3727 2464 3781 et
2509 3738 2717 3800 parvos
2765 3716 3205 3782 comburendos
3235 3716 3442 3781 deﬁxi.
3472 3717 3622 3781 Mihi

1983 3807 2164 3885 igitur
2193 3809 2488 3887 peccatori
2510 3812 2761 3871 Sanctus
2807 3809 2867 3869 in
2893 3808 3116 3868 somnis
3147 3815 3240 3868 est
3262 3805 3449 3880 visus,
3480 3806 3617 3868 dui-

1983 3895 2158 3976 cique
2189 3899 2500 3960 immensae
2521 3897 2649 3978 ejus
2680 3895 3058 3958 demissionis
3087 3913 3229 3956 voce
3258 3893 3426 3968 dixit,
3450 3898 3617 3958 One-

1985 3985 2226 4066 siphore
2256 3985 2458 4063 frater,
2495 4005 2617 4048 non
2651 3985 2846 4068 placet
2901 3985 3073 4059 mihi,
3123 3984 3278 4066 quod
3312 3985 3615 4065 operaris:

1985 4093 2183 4156 neque
2214 4075 2398 4155 enim,
2431 4085 2495 4138 ut
2527 4076 2705 4138 unius
2760 4077 2974 4138 animae
3020 4075 3201 4155 salus,
3236 4074 3468 4137 inﬁnita
3495 4075 3626 4136 auri

1985 4163 2251 4244 pondera
2281 4164 2427 4226 mihi
2460 4165 2732 4246 placent;
2785 4163 3064 4226 nescisne
3094 4181 3248 4238 rem,
3285 4180 3416 4242 quae
3447 4163 3624 4225 offer-

1989 4261 2105 4328 tur,
2133 4261 2419 4334 quantum
2455 4253 2782 4316 ministerio
2804 4273 2912 4314 suo
2943 4253 3194 4333 fungens
3216 4251 3480 4332 visuique
3510 4251 3625 4312 ob-

261 4344 506 4420 ὶπιμένει
549 4344 868 4426 λειτουργῶν
929 4349 1014 4404 καὶ
1062 4350 1402 4429 φαινόμενον,
1454 4355 1703 4406 τοσοῦτον
1735 4371 1898 4427 παρο-

1986 4324 2397 4424 Ῑοειιίηιειῐιοι,
2436 4352 2659 4405 tantum
2687 4351 2946 4418 sanctos,
2979 4324 3171 4424 utvpro
3203 4359 3297 4416 co,
3331 4324 3431 4422 qui
3460 4339 3623 4403 illam

265 4440 376 4514 ρμᾷ
405 4435 525 4498 τοὺς
557 4436 736 4515 ἁγίους
769 4434 1072 4516 πρεσϐεύειν
1101 4438 1230 4517 ὑπὲρ
1266 4447 1358 4497 τοῦ
1404 4437 1854 4516 προσενέγκαντος
1887 4457 1905 4515 ;

347 4523 454 4604 ξγ’.
504 4524 607 4583 Ἔα
656 4526 744 4582 οὖν
807 4527 872 4584 τὰ
915 4527 1318 4608 προσφερόμενα
1360 4534 1466 4583 τῶν
1509 4528 1704 4606 κηρίων
1755 4529 1906 4584 καίε-

265 4616 386 4672 σθαι
445 4614 607 4695 ἄχρις
664 4615 727 4673 ἃν
786 4615 946 4683 ἄλλος
1002 4618 1359 4696 προσαγάγοι.
1404 4616 1551 4695 Ἐγὼ
1597 4615 1653 4673 δὲ
1685 4617 1906 4681 ὁτάλας

266 4701 616 4786 διυπνισθεὲς,
650 4708 744 4762 καὶ
796 4704 1148 4784 λογισάμενος
1203 4707 1298 4770 τὰς
1349 4706 1580 4782 ἐμαυτοῦ
1623 4707 1902 4787 ἆμαρνίας,

267 4790 492 4869 ἐνόμισα
534 4795 821 4874 φαντασίαν
860 4794 1194 4874 ἑωρακέναι·
1245 4794 1547 4874 ἁμαρτωλῷ
1612 4797 1736 4874 γὰρ,
1797 4817 1904 4875 φα-

343 4927 457 5016 S32)
484 4929 548 5016 1.9
564 4928 804 5016 ίωιειιίίε
834 4928 1164 5016 Grecorum
1196 4929 1433 5016 Moesia
1463 4929 1519 5016 te
1538 4929 1909 5016 arripuitque

270 4999 367 5056 hic
397 5000 468 5058 de
498 4999 862 5073 Onesiphoro
890 5003 1062 5060 etiam
1101 5009 1434 5072 narrantur,
1466 4999 1592 5058 loco
1641 5002 1778 5058 huic
1801 4999 1910 5058 're-

267 5071 940 5156 gpquepttaaquapna
969 5086 1100 5130 cum
1131 5071 1400 5156 adornata
1419 5087 1488 5156 Α
1525 5086 1627 5156 me
1647 5071 1911 5156 versione

266 5140 473 5201 Latina
503 5145 618 5217 huc
648 5140 950 5217 transfero,
991 5145 1288 5217 sequentia
1319 5142 1390 5201 ad
1419 5141 1491 5217 26
1530 5142 1794 5201 Octobris
1823 5143 1909 5200 le-

315 5225 544 5277 untur:
607 5215 730 5274 Ἐπὶ
785 5215 920 5274 πολὺ
981 5214 1090 5272 καῖ’
1122 5223 1227 5272 τῶν
1277 5214 1570 5290 λαμπάδων
1621 5217 1942 5293 ἡμμένων,.

299 5296 357 5350 πὶ
418 5294 576 5353 πλέον
634 5295 861 5352 ἱλεοῦται
917 5297 1005 5353 καὶ
1087 5298 1147 5353 τὸ
1205 5304 1363 5352 Θεῖον
1425 5304 1502 5370 τῷ
1566 5297 1902 5375 προσάγοντι,

266 5376 458 5432 θᾶττον
516 5377 569 5431 δὲ
659 5377 1079 5457 ἀφαιρουμένων,
1157 5377 1609 5452 ὑποτέμνεται,.,.
1707 5377 1908 5432 ἐκείνου

267 5455 331 5545 16
362 5456 540 5545 ἔλαιον
569 5457 630 5513 τὰ
653 5453 873 5545 πρεεγμςι
908 5478 920 5490 ·
977 5453 1245 5545 meultis
1277 5455 1908 5545 lampadibusacceni-

269 5534 376 5608 sis.
427 5536 576 5608 Deus
633 5532 925 5608 copiosius
977 5532 1231 5608 illisqui
1272 5532 1591 5608 easqot'fert.
1621 5533 1911 5608 ﬁtpropi-

269 5605 430 5676 ilus;
471 5605 725 5665 celerius
775 5617 968 5666 autem
1032 5605 1256 5678 ablatis,
1320 5605 1475 5666 illius
1508 5605 1911 5666 misericordiae

1992 4430 2224 4508 obtulit,
2256 4433 2653 4508 intercedant,
2686 4450 2929 4494 movere
2961 4431 3074 4506 (37)
3096 4438 3124 4494 ?

2069 4521 2166 4582 63.
2203 4522 2422 4585 Cereos
2455 4522 2654 4602 igitur,
2688 4521 2790 4603 qui
2820 4522 3170 4594 offeruntur,
3197 4519 3410 4583 ardere
3438 4518 3623 4602 sinas,

1989 4609 2181 4672 donec
2215 4611 2374 4674 illius
2403 4612 2668 4674 accedat.
2697 4610 2819 4688 Ego
2845 4621 3040 4674 autem
3075 4610 3259 4672 miser
3281 4609 3628 4692 expergefa-

1989 4707 2119 4761 ctus
2139 4718 2390 4781 moxque
2413 4712 2658 4781 peccata
2681 4702 3267 4780 recogitans,vanam
3293 4718 3388 4763 me
3406 4700 3630 4764 vidisse

1988 4789 2309 4869 imaginem
2326 4789 3023 4852 existimabam.Sanctus
3043 4791 3632 4871 enim,ainnt,pecca-

1990 4935 2136 4991 opus
2186 4922 2519 4978 succiditur.
2568 4941 2590 4972 ι
2655 4919 2912 4978 Rederus
2947 4930 3137 4977 autem
3181 4921 3240 4977 in
3283 4921 3556 4979 adornata
3593 4935 3628 4979 a

1993 5007 2137 5060 sese,
2169 5007 2302 5065 quae
2332 5007 2505 5065 penes
2536 5007 2641 5050 nos
2666 5006 2794 5065 __ms.
2849 5001 3031 5065 exstat
3063 4993 3264 5048 Latina
3291 4992 3628 5065 Meneorum

1994 5061 2256 5122 versione
2286 5061 2362 5121 ita
2390 5066 2449 5120 tn
2483 5061 2637 5120 hunc
2664 5063 2896 5120 illorum
2929 5063 3142 5130 locum,
3175 5075 3283 5119 nec
3317 5063 3628 5132 immerito,

1993 5137 2052 5192 in
2084 5137 2344 5208 margine
2375 5136 2641 5208 observat
2671 5152 2688 5191 :
2720 5133 3127 5208 «Non_v_idetur
3165 5134 3274 5190 hoc
3305 5146 3375 5191 ex
3405 5133 3521 5208 fide
3549 5133 3631 5190 di-

1989 5213 2166 5264 ctum.
2201 5203 2350 5265 Deus
2376 5207 2531 5262 enim
2561 5213 2822 5274 acceptat
2852 5203 3244 5275 oblata,prout
3269 5208 3340 5262 ab
3370 5203 3629 5262 offeren-

1991 5278 2144 5335 tibus
2182 5278 2338 5343 ﬂent,
2370 5278 2580 5349 quibus
2619 5273 2806 5333 aliena
2850 5273 3087 5349 malitia
3121 5273 3496 5349 nihilpotest
3525 5289 3628 5332 no-

1990 5365 2142 5413 cere,
2173 5347 2403 5407 etiamsi
2421 5351 2567 5406 dona
2600 5352 2748 5406 t‘urto
2775 5347 3191 5405 subducuntur.
3233 5367 3253 5396 ο
3283 5347 3452 5414 Hinc,
3485 5349 3627 5418 quid

1991 5421 2061 5479 do
2096 5422 2336 5480 Joannis
2392 5431 2574 5492 testu,
2621 5419 3158 5492 cujus-hoccasioue
3193 5420 3310 5476 hac
3361 5419 3626 5492 observo,

1989 5492 2352 5552 statuendum
2381 5492 2474 5561 sit,
2513 5488 2960 5564 facite'colligas.
