4056 6152
285 235 446 309 1253

1364 234 1427 308 S.
1474 237 1851 307 DEMETRII
1897 240 2300 304 MARTYRIS
2341 235 2565 304 ACTA.

3497 243 3651 310 1‘254

286 379 420 448 ὅλην
462 379 647 460 χώραν
695 379 1013 460 συνέχοντος
1065 378 1148 436 διὰ
1181 381 1240 437 τὸ
1273 388 1480 460 πρῶτον
1523 379 1622 454 μὲν
1663 380 1762 446 τὴν
1805 374 1920 432 ἰσό-

2013 370 2268 451 hincque
2293 386 2423 452 post
2442 392 2646 436 eorum
2671 373 3002 437 discessum
3029 375 3215 437 fames
3236 377 3427 438 valida
3447 377 3646 442 civita-

286 475 508 546 ψαμμον
562 469 769 536 ἐκείνην
821 475 926 527 τῶν
985 467 1262 548 βαρϐάρων
1331 471 1534 537 πληθὺν
1596 469 1804 524 ἅπαντα
1858 465 1924 521 τὰ

283 559 437 622 ἐκτὸς
500 565 594 626 τῆς
654 558 864 622 πόλεως
909 556 1356 638 καταδεδηχέναι,
1409 561 1480 621 ὡς
1527 562 1611 614 καὶ
1654 564 1759 614 τῶν
1789 565 1922 635 χοῦν

280 646 542 716 ἐκπλῆξαι
606 655 702 716 τῆς
767 649 867 727 γῆς
928 650 1065 704 κατὰ
1119 651 1180 704 τὸ
1229 648 1616 726 γεγραμμένον·
1654 647 1840 702 ἔπειτα
1870 643 1923 700 δὲ

277 741 366 793 καὶ
398 737 752 816 φημισθέντος
785 738 1125 816 ἁπανταχοῦ,
1186 739 1260 795 ὡς
1306 742 1340 806 ἡ
1391 738 1544 800 πόλις
1599 736 1762 809 ἑάλω,
1811 757 1923 808 μη-

279 824 402 882 δένα
459 834 566 883 τῶν
597 827 650 882 ἐν
712 825 916 891 πλοίοις
969 827 1379 904 ἐμπορευμὲνων
1429 827 1644 883 ἐνταῦθα
1679 831 1920 902 κατᾶραι,

279 914 522 978 κίνδυνος
565 914 828 983 ἱσοπαλὴς
889 923 966 989 τῷ
1016 914 1236 990 πολέμῳ
1280 917 1413 990 μετὰ
1443 919 1542 982 τὴν
1571 916 1771 972 ἐκεῖθεν
1802 911 1922 968 διά-

285 1025 448 1060 σωσιν
478 1008 618 1068 αὖθις
653 1004 950 1084 ἐπήρτητο,
986 1003 1200 1061 πάντων
1235 1006 1368 1080 ὁμοῦ
1397 1013 1472 1080 τῷ
1528 1005 1670 1079 λιμῷ
1730 1001 1922 1082 σχεδὸν

283 1094 642 1172 φθειρομένων
671 1093 813 1149 οἴκοι
839 1115 895 1149 τε
922 1094 1009 1148 καὶ
1038 1091 1287 1168 δημοσίᾳ.

2009 471 2125 525 tem
2158 464 2334 526 simul
2366 483 2433 525 ac
2479 472 2656 526 totam
2687 466 2993 544 regionem
3029 475 3349 546 premeret,
3385 467 3644 548 primum

2009 555 2248 634 quidem
2281 555 2436 632 quod
2472 555 2570 616 illa
2601 554 2994 616 barbarorum
3059 555 3394 630 multitudo,
3448 575 3648 621 arenae

2008 643 2382 722 similis,qu;e
2406 650 2570 704 extra
2592 645 2884 706 civitatem
2911 653 3102 716 erant,
3133 645 3427 707 omniaita
3446 654 3645 709 utnec

2011 739 2184 793 terrae
2213 732 2873 810 pulverem,secundum
2903 733 3058 812 quod
3093 735 3375 813 scriptum
3412 740 3522 812 est,
3551 737 3646 797 in-

2010 828 2226 881 tactum
2259 820 2591 901 reliquerit,
2627 821 3006 893 devastasset,
3036 821 3256 884 deinde
3287 825 3642 904 vero,quod,

2009 928 2142 970 cum
2177 909 2398 990 ubique
2428 909 2720 971 civitatem
2753 921 2981 990 captam
3015 930 3149 972 esse
3189 919 3349 973 esset
3379 911 3646 994 divulga-

2010 1007 2340 1077 tum,nemo
2367 1017 2569 1060 eorum
2594 1000 2694 1079 qui
2721 1000 2964 1079 navigiis
2992 1008 3382 1062 mercaturam
3400 1000 3643 1078 faciunt,

2007 1088 2126 1148 huc
2155 1089 2503 1172 respiceret,
2547 1088 2878 1168 periculum
2927 1087 3082 1150 bello
3114 1090 3338 1168 aequale
3369 1097 3502 1171 post
3530 1089 3644 1153 ob.

285 1189 510 1242 tentam
542 1201 609 1242 ex
645 1182 757 1244 hoc
783 1181 1276 1263 incolumitatem,
1310 1181 1584 1244 omnibus
1614 1179 1787 1243 simul
1838 1178 1992 1241 fame
2023 1187 2080 1240 et
2105 1177 2267 1239 domi
2300 1173 2646 1259 et’publice
2676 1177 2800 1240 fere
2845 1179 3254 1260 pereuntibus,
3288 1198 3493 1241 rursus
3520 1180 3640 1241 im-

285 1269 609 1349 pendebat.

315 1418 322 1423 .
370 1359 465 1425 ξς“.
501 1357 650 1416 Ἀλλ’
710 1362 738 1417 ὃ
794 1359 1074 1438 φιλόπολις
1121 1363 1209 1418 καὶ
1240 1361 1601 1442 φιλάνθρωπος
1657 1362 1750 1419 καί
1813 1361 1920 1416 πά·-

285 1471 389 1516 σης
435 1448 682 1524 ἔμπλεως
734 1450 1080 1527 ἂγαθότητος,
1136 1453 1162 1506 ὁ
1217 1449 1550 1529 ὑπερένδοξος
1609 1451 1923 1530 ἀθλοφόρος,

285 1542 383 1597 οὒκ
434 1535 704 1603 ἐνύσταξεν
765 1539 860 1594 επὶ
942 1544 1010 1615 τῇ
1080 1542 1342 1618 συμφορᾷ,
1404 1539 1520 1596 οὗὸὲ
1577 1541 1923 1615 κατημέλησε

282 1633 389 1683 τῶν
454 1628 673 1684 οἰκετῶν
732 1627 914 1701 αὒτοῦ,
974 1628 1143 1684 καίτοι
1189 1628 1410 1693 ἀναξίων
1442 1628 1607 1685 ὄντων
1658 1632 1810 1704 ἡμῶν
1843 1627 1926 1685 διὰ

279 1718 343 1772 τὸ
401 1715 599 1784 πλῆθος
660 1720 768 1782 τῶν
819 1715 1368 1792 πεπλημμελημένων
1399 1720 1535 1790 ἡμῖν
1578 1716 1782 1796 φειδοῦς
1839 1721 1925 1775 καὶ

282 1805 634 1879 συμπαθείας,
701 1806 786 1860 καὶ
849 1803 913 1872 δὴ
973 1807 1230 1886 Στεφάνῳ
1283 1809 1385 1862 τινὶ
1445 1807 1742 1881 ναυκλήρῳ,
1801 1810 1919 1888 φόρ-

2089 1356 2441 1434 66.Verum,
2462 1363 2560 1438 qui
2592 1357 2843 1419 civitatis
2893 1376 3099 1420 amans
3129 1368 3188 1421 et
3217 1358 3557 1423 misericors
3584 1368 3644 1424 et

2008 1449 2170 1509 omni
2205 1448 2473 1510 bonitate
2502 1447 2712 1526 plenus
2743 1447 3329 1526 est,gloriosissimus
3359 1451 3646 1514 certami-

2011 1555 2150 1598 num
2185 1536 2370 1598 victor
2426 1537 2746 1597 calamitati
2794 1537 2948 1598 haud
2998 1537 3360 1614 indormivit,
3393 1557 3504 1600 nec
3535 1559 3646 1606 nos

2006 1645 2210 1690 servos
2239 1646 2402 1700 suos,
2457 1634 2584 1687 utut
2619 1626 2692 1687 ob
2744 1626 3181 1689 multitudinem
3218 1646 3423 1688 eorum
3452 1648 3584 1710 quae
3610 1649 3646 1693 a

2007 1716 2180 1777 nobis
2196 1723 2368 1776 erant
2398 1716 2845 1795 pecca~ta,venia
2867 1723 2924 1776 et
2946 1715 3468 1779 commiseratione
3492 1719 3647 1781 indi-

2007 1825 2174 1883 gnos,
2210 1804 2488 1884 neglexit,
2521 1823 2589 1866 ac
2621 1804 2922 1884 Stephano
2957 1805 3193 1866 cuidam
3224 1807 3528 1890 nauclero,
3544 1811 3648 1891 qui

281 1916 376 1951 τον
434 1893 796 1973 ἐπιφερομένῳ
844 1899 988 1950 σίτου
1031 1895 1127 1951 καί
1189 1895 1304 1952 λίαν
1347 1895 1534 1975 πολὺν,
1571 1899 1654 1952 καὶ
1701 1896 1783 1953 ἐπὶ
1828 1899 1920 1964 τὴν

2013 1895 2332 1955 maximum
2371 1893 2654 1954 frumenti
2705 1893 3170 1968 onus'vehebat,
3225 1897 3646 1979 civitatumque

287 1981 531 2060 βασιλίδα
589 1990 694 2039 τῶν
768 1983 978 2040 πόλεων
1060 1984 1274 2041 πλέοντι
1335 1987 1616 2042 ὀπτάνεται
1670 1988 1803 2043 κατὰ
1867 1990 1926 2044 τὸ

286 2072 448 2151 μέρος
509 2072 635 2128 Χίου
685 2075 781 2141 τῆς
840 2075 1002 2142 νήσω
1061 2073 1115 2128 ἐν
1173 2073 1347 2151 ἡμέρᾳ
1397 2073 1703 2154 τηλαυγῶς,
1761 2078 1816 2131 ἒν
1881 2081 1926 2151 ᾧ

285 2166 377 2217 καὶ
429 2161 684 2240 γράφεται
743 2164 989 2241 σχήματι
1043 2162 1096 2218 ἑν
1144 2176 1266 2227 ταῖς
1321 2164 1506 2244 εἰκόσι,
1545 2163 1794 2238 μέλλοντι
1826 2169 1924 2233 τὴν

287 2248 458 2316 δεξιάν
514 2256 615 2317 τῆς
671 2253 799 2318 νηὸς
858 2252 1048 2319 ὀθόνην
1095 2251 1335 2310 ἀνέλκειν
1392 2258 1477 2310 καὶ
1508 2253 1592 2309 ἐπὶ
1616 2255 1677 2309 τὸ
1723 2256 1922 2326 Βυζάν-

285 2361 427 2414 τιον,
462 2340 535 2402 ὡς
595 2339 831 2418 εἴρηται,
881 2355 1256 2417 ποντοπορεῖν.
1296 2343 1574 2418 Παραστὰς
1607 2342 1696 2398 οὗν
1751 2343 1804 2400 ἐν
1849 2352 1923 2418 τῷ

282 2428 456 2501 πλοίῳ
483 2432 622 2508 φησί
663 2433 740 2503 τῷ
797 2431 1050 2509 Στεφάνῳ
1087 2449 1102 2466 ⁸
1140 2429 1413 2489 ’Ἄκουσον
1447 2454 1548 2506 μου
1590 2433 1676 2488 καὶ
1720 2435 1780 2489 τὸ
1809 2434 1923 2511 ἀρι-

278 2518 475 2596 στερὸν
505 2517 706 2592 ὕψοσον
736 2516 985 2596 ἄρμενον,
1017 2523 1104 2577 καὶ
1151 2520 1379 2577 πλεῦσον
1427 2523 1499 2585 εὶς
1535 2520 1922 2590 Θεσσαλονίκην

279 2607 633 2686 ἀχειμάστως
661 2609 749 2664 καὶ
778 2607 862 2664 διὰ
892 2609 1114 2689 τάχους.

365 2693 460 2767 ξζ’.
528 2697 722 2774 Χρῄζει
781 2697 884 2774 γὰρ
935 2704 1028 2754 τοῦ
1093 2697 1308 2775 εἴδους,
1369 2701 1455 2756 καὶ
1527 2700 1704 2766 καλῶς
1774 2701 1921 2782 ἔχεις

279 2783 498 2864 πρᾶξαι,
557 2785 670 2859 ἅμα
723 2788 898 2862 κάμοῦ
955 2787 1426 2866 προλαμϐάνοντος
1487 2812 1544 2846 σε
1615 2791 1753 2851 ἐκεῖ.
1820 2793 1922 2850 Τοῦ

280 2873 335 2930 δὲ
391 2877 463 2937 ὡς
505 2874 559 2931 ἐν
620 2877 864 2933 ἓκστάσει
917 2880 1202 2955 γεγονότος
1245 2877 1329 2935 διὰ
1371 2882 1433 2936 τὸ
1490 2879 1780 2958 παράδοξον
1824 2885 1921 2947 τῆς

277 2964 401 3029 Θέας
443 2971 538 3022 τοῦ
593 2966 877 3044 μάρτυρος,
940 2969 1029 3024 καὶ
1088 2968 1244 3043 μόλις
1295 2971 1427 3048 πρὸς
1477 2973 1634 3029 αὐτὸν
1693 2969 1922 3050 φθεγξα-

280 3054 468 3129 μένου,
515 3054 595 3110 δτι
644 3053 1000 3136 Ἠκοόσαμεν,
1047 3055 1301 3134 δέσποτα,
1361 3060 1460 3126 τὴν
1506 3057 1664 3116 πόλιν
1713 3062 1923 3127 εκείνην

2008 1984 2274 2062 reginam
2312 1982 2435 2063 (42)
2489 2000 2696 2044 versus
2758 1983 3088 2064 navigabat,
3148 1983 3221 2044 ad
3271 1985 3482 2048 insulae
3510 1986 3644 2049 Chii

2009 2072 2238 2153 plagam
2271 2072 2426 2153 (43),
2459 2071 2688 2147 habitu,
2724 2091 2838 2152 quo
2871 2073 2928 2132 in
2959 2072 3326 2151 imaginibus
3363 2075 3642 2154 pingitur,

2006 2171 2333 2241 assumpto,
2370 2163 2528 2222 clare
2559 2162 2620 2222 in
2651 2161 2749 2223 die
2801 2171 3067 2242 apparet,
3120 2182 3254 2224 cum
3289 2163 3338 2224 is
3369 2165 3647 2226 dextrum

2010 2251 2170 2312 navis
2202 2251 2395 2312 velum
2453 2251 2772 2323 levaturus,
2825 2251 3288 2333 Byzantiumque
3319 2270 3548 2330 versus,
3584 2263 3650 2316 ut

2007 2340 2229 2401 dictum
2263 2347 2375 2414 est,
2410 2340 2789 2418 navigaturus
2838 2347 3016 2401 esset.
3073 2347 3293 2401 Astans
3346 2341 3530 2418 igitur
3583 2343 3649 2405 in

2007 2429 2138 2490 navi
2171 2429 2315 2490 dicit
2345 2428 2646 2510 Stephano
2681 2445 2694 2490 :
2731 2428 2882 2492 Audi
2918 2446 3038 2503 me,
3091 2436 3150 2490 et
3180 2429 3486 2493 sinistrum
3516 2432 3648 2495 leva

2005 2518 2220 2591 velum,
2265 2517 2704 2599 tranquilleque
2732 2525 2792 2580 et
2819 2517 3103 2580 velociter
3153 2517 3644 2584 Thessalonicam

2005 2626 2237 2686 navrga.

2083 2699 2184 2761 67.
2218 2697 2539 2760 Frumento
2569 2697 2730 2759 enim
2761 2697 3009 2775 indiget,
3039 2697 3334 2779 facileque
3356 2699 3416 2761 id
3448 2700 3648 2766 facere

2006 2795 2194 2867 potes,
2231 2805 2301 2849 eo
2337 2805 2428 2848 me
2462 2788 2637 2848 simul
2667 2787 3157 2869 praecedente'te.
3193 2788 3336 2852 Cum
3367 2797 3565 2852 autem
3595 2791 3647 2853 is

2008 2876 2158 2938 mira
2184 2881 2454 2957 martyris
2486 2877 2712 2939 visione
2735 2877 2916 2939 veluti
2942 2884 3110 2940 extra
3132 2895 3198 2939 se
3226 2886 3431 2960 raptus
3461 2888 3642 2957 esset,

2007 2983 2282 3046 aegreque
2313 2966 2396 3025 illi
2452 2966 2700 3028 dixisset
2732 2987 2744 3028 :
2788 2966 3157 3042 Audivimus,
3192 2967 3458 3050 domine,
3491 2969 3646 3031 civi-

2009 3062 2184 3116 tatem
2218 3054 2378 3115 illam
2411 3073 2446 3116 a
2477 3055 2746 3116 barbaris
2779 3064 3008 3134 captam
3043 3074 3202 3132 esse,
3237 3065 3295 3119 et
3325 3058 3426 3136 qui
3455 3075 3525 3120 eo
3556 3061 3646 3122 ire

278 3144 380 3199 ὑπὸ
436 3141 712 3222 βαρϐάρων
772 3150 1198 3226 κατασχεθῆναι,
1261 3151 1348 3205 καὶ
1407 3149 1520 3214 πῶς
1576 3149 1695 3206 ἐκεῖ
1725 3173 1792 3226 με
1824 3173 1920 3207 κε·-

2013 3163 2106 3203 me
2127 3143 2308 3224 jubes
2329 3144 2360 3204 ?
2389 3146 2797 3207 Certaminum
2856 3146 3046 3208 victor
3100 3148 3408 3227 respondit
3439 3165 3453 3210 :
3488 3147 3648 3212 Vere

281 3229 452 3295 λεύεις
513 3234 804 3311 γενέσθαις
855 3236 881 3292 ὃ
932 3235 1221 3317 ἀθλοφόρος
1263 3237 1618 3317 ἀπεκρίνατο·
1679 3239 1920 3306 Ἀληθῶς

2013 3234 2161 3314 apud
2197 3234 2471 3297 homines
2499 3244 2666 3316 capta
2698 3244 2808 3316 est,
2846 3244 2903 3296 at
2934 3254 3050 3297 non
3083 3236 3237 3316 apud
3271 3239 3481 3300 Deum.
3508 3236 3646 3301 Om-

279 3322 424 3398 παρὰ
481 3321 773 3400 ἀνθρώποις
835 3323 1068 3405 ἐλήφθη,
1124 3326 1246 3382 ἀλλ’
1277 3330 1337 3385 οὒ
1372 3329 1511 3407 παρὰ
1540 3334 1679 3402 Θεῷ.
1741 3331 1920 3389 Πάντα

2013 3325 2103 3384 nia
2133 3325 2291 3386 enim
2346 3325 2470 3386 Deo
2500 3333 2637 3386 sunt
2670 3325 3000 3405 possibili].
3058 3326 3204 3389 Illuc
3260 3343 3403 3404 ergo
3441 3329 3647 3408 naviga

279 3415 382 3489 γαρ
431 3409 620 3468 δυνατὰ
677 3418 755 3486 τῷ
806 3421 944 3488 Θεῷ.
1002 3413 1154 3472 Ἐκεῖ
1207 3417 1295 3472 οὖν
1355 3417 1606 3494 πλεῦσον,
1651 3421 1738 3476 καὶ
1795 3429 1916 3485 ταῖς

2013 3412 2368 3496 navibusque
2401 3413 2511 3476 tibi
2543 3414 3005 3477 occurrentibus
3053 3415 3282 3487 nuntia,
3320 3415 3646 3479 Thessalo-

279 3501 471 3557 ὁλκάσι
525 3514 646 3565 ταῖς
709 3503 1048 3566 ὑπαντῶσαις
1108 3527 1188 3562 σοι
1249 3508 1506 3586 μήνυςον,
1567 3509 1654 3566 Sci
1685 3523 1802 3572 τοῖς
1833 3512 1914 3564 οἱ-

2013 3501 2193 3564 nicam
2253 3503 2362 3566 Dei
2418 3504 2828 3566 misericordia
2884 3506 3163 3566 salvatam
3222 3522 3382 3568 esse.
3416 3507 3639 3583 Atque,

278 3603 528 3668 κτιρμοτς
559 3599 648 3649 τοῦ
703 3593 834 3650 Θεοῦ
885 3594 1246 3672 Θεσσαλονίκη
1293 3597 1577 3656 σέσωσται.
1617 3600 1713 3656 Καὶ
1753 3606 1919 3655 ταῦτα

279 3681 444 3736 εἰπὼν
505 3681 765 3749 κατῆλθεν
822 3682 882 3740 ἐκ
942 3691 1034 3740 τοῦ
1105 3684 1290 3743 πλοίου
1348 3687 1421 3749 εἰς
1475 3687 1572 3753 τὴν
1623 3686 1915 3766 θάλασσαν,

276 3771 586 3848 περιπατῶν
647 3771 733 3829 ἐπὶ
793 3779 889 3830 τοῦ
946 3772 1156 3848 ὕδατος,
1239 3774 1410 3853 λέγων
1469 3781 1544 3849 τῷ
1613 3777 1868 3855 Στεφάνῳ
1901 3796 1914 3810 ⁸

282 3857 416 3920 Ἰδοὺ
458 3861 655 3928 ταύτην
700 3861 951 3938 πλεῦσον,
1007 3865 1080 3927 ὡς
1142 3867 1266 3942 ὁρᾷς
1329 3887 1395 3938 με
1461 3867 1921 3944 προπορευόμενόν

281 3971 402 4008 σου.

365 4038 474 4106 ἔνι’.
539 4040 634 4098 Καὶ
691 4039 764 4097 δὼ
822 4047 1157 4122 παραχρῆμα
1219 4043 1248 4098 δ
1316 4043 1585 4124 Στέφανος
1643 4044 1922 4109 διαναστὰς

280 4128 383 4193 τὴν
439 4126 610 4195 ἄλλην
652 4131 840 4196 ὀθόνην
883 4138 975 4188 τοῦ
1017 4131 1203 4191 πλοίου
1258 4131 1552 4206 ἀνείλκυσε,
1590 4131 1684 4189 καί
1728 4132 1920 4190 ἔπλευ-

282 4237 374 4272 σεν
416 4218 504 4274 ἒπὶ
547 4219 966 4295 Θεσσαλονίκην,
1024 4221 1186 4301 μέχρι
1246 4219 1450 4278 πολλοῦ
1505 4221 1769 4297 Θεῶμενος
1827 4225 1919 4280 τὸν

285 4303 596 4372 πανένδοξον
653 4305 888 4387 μάρτυρα
971 4311 1108 4366 κατὰ
1164 4317 1255 4366 τοῦ
1324 4311 1586 4388 πελάγους
1649 4310 1916 4376 ὁδεύοντα.

2002 3589 2094 3650 his
2125 3590 2321 3665 dictis,
2356 3609 2388 3654 e
2414 3593 2544 3654 navi
2567 3594 2626 3653 in
2657 3610 2818 3654 mare
2849 3592 3186 3666 descendit,
3223 3609 3401 3670 supra
3430 3610 3641 3673 aquam

2004 3678 2142 3739 dum
2176 3680 2460 3756 ambulat,
2495 3681 2790 3761 Stephano
2815 3681 3023 3742 dicens
3055 3699 3069 3744 :
3105 3680 3254 3743 Ecce
3287 3680 3646 3763 eadem,qua

2005 3785 2102 3830 me
2133 3779 2496 3850 praeuatem
2531 3770 2712 3847 vides,
2751 3771 2842 3832 via
2874 3773 3104 3850 naviga.

2086 4035 2186 4099 68.
2208 4038 2400 4118 Atque
2429 4037 2767 4116 Stephanus
2792 4037 2992 4100 statim
3017 4054 3268 4118 surgens
3291 4037 3453 4099 aliud
3479 4037 3645 4102 navis

2004 4127 2162 4189 velut
2183 4126 2396 4189 levavit
2415 4126 3025 4204 Thessalonicamqne
3069 4127 3376 4207 navigavit,
3409 4126 3638 4207 glorio-

2003 4216 2306 4277 sissimum
2340 4224 2655 4297 martyrem
2683 4217 2785 4279 diu
2818 4235 2998 4297 supra
3032 4235 3195 4279 mare
3225 4226 3466 4279 euntem
3497 4235 3635 4278 cer-

2003 4324 2172 4368 nens.
2209 4307 2328 4369 Sed
2361 4315 2419 4368 et
2445 4307 2591 4368 alios
2623 4307 3181 4386 praeternavigantes
3211 4326 3344 4369 cum
3377 4304 3634 4387 Stepha-

283 4391 455 4451 Ἀλλὰ
485 4397 572 4453 καὶ
620 4393 813 4463 ἅλλους
872 4397 1148 4463 πλείστους
1201 4399 1560 4464 ὰναπλέοντας
1592 4403 1619 4457 ὃ
1651 4404 1918 4481 Στεφανος

2013 4415 2115 4458 nus
2138 4395 2886 4471 vidisset,Thessalonicam
2911 4395 3017 4458 Dei
3044 4395 3262 4459 auxilio
3290 4413 3422 4458 esse
3441 4394 3635 4456 salva-

279 4485 604 4559 θεασάμενος
663 4486 876 4567 ἔκραζεν
944 4491 1130 4554 αὐτοῖς
1188 4491 1322 4546 κατὰ
1398 4490 1498 4557 τὴν
1553 4493 1917 4568 παραγγελίαν

2013 4496 2118 4548 iam
2142 4485 2216 4547 iis
2236 4487 2565 4548 secundum
2591 4486 2983 4549 certaminum
3005 4487 3239 4549 victoris
3272 4493 3636 4568 praeceptum

277 4581 373 4630 τοῦ
428 4549 742 4656 άΘλοφ-όρουῖ,
799 4549 874 4644 ibi;
938 4581 972 4648 ἡ
1031 4549 1187 4641 πόλις
1245 4549 1528 4658 συμμαγίᾳ
1581 4549 1916 4640 eéos'étaoé-

2013 4574 2296 4647 :lamavit,
2328 4583 2509 4656 utque
2540 4577 2612 4636 ad
2645 4577 3122 4654 illam,converso
3153 4549 3638 4657 cursu,appelle-

279 4686 504 4742 σωσται,
563 4667 653 4722 καὶ
709 4666 886 4724 ἔπεισε
943 4669 1408 4748 μεταστρέψαντας
1469 4675 1540 4734 είς
1584 4672 1748 4739 αὖτὴν
1790 4695 1918 4731 κατ-

277 4759 424 4834 ᾶραι,
483 4755 648 4820 Αὐτὸς
706 4758 808 4837 πρὸ
867 4758 1077 4817 πάντων
1134 4755 1297 4818 ἐλθὼν
1340 4765 1506 4818 ταῦτα
1551 4759 1778 4826 πολλοῖς
1808 4765 1914 4819 τῶν

278 4974 429 5031 inter
459 4989 674 5034 annum
706 4978 812 5035 582
843 4986 898 5036 et
924 4993 1140 5037 annum
1189 4980 1312 5046 603,
1375 4980 1459 5038 uti
1508 4980 1566 5038 in
1617 4980 1918 5042 Adnotatis

279 5048 546 5127 capristi
579 5049 895 5127 subdendis
924 5051 1162 5119 docebo,
1194 5053 1470 5127 evenerit,
1515 5068 1631 5124 quo
1661 5063 1917 5125 tempore

281 5117 530 5196 circiter,
571 5134 698 5191 qum
736 5122 828 5196 hic
883 5135 1013 5178 mox
1040 5117 1350 5180 narrantur
1371 5117 1713 5196 dictamque
1741 5117 1914 5194 eitpe-

280 5186 862 5268 ditio_ner_n_'pr_oxime
913 5207 1214 5263 excepere,
1267 5186 1634 5261 acciderint,‘
1669 5186 1916 5268 quisque

203 5289 206 5291 λ
281 5259 434 5316 haud
473 5259 776 5319 diﬁlculti-r
806 5271 1032 5320 statuet.

349 5332 464 5407 (42)
496 5332 603 5388 Per
633 5333 897 5407 ciuitatem
924 5336 1156 5407 reginam
1185 5336 1366 5407 apud,
1392 5338 1701 5406 scriptores
1759 5337 1913 5394 Grai-

276 5417 379 5459 cos
414 5405 902 5480 Constantinopolis
925 5405 1040 5463 non
1069 5422 1203 5465 raro
1219 5405 1594 5480 intelligitur,
1628 5410 1798 5479 idque
1823 5411 1915 5465 hic

275 5474 617 5552 no_m_inatim
676 5474 835 5552 apud,
880 5477 1154 5536 Joannem
1206 5477 1353 5544 ﬁeri,
1405 5474 1477 5536 εὖ.
1513 5480 1585 5538 iis
1623 5474 1751 5552 quia
1781 5495 1913 5540 mox

273 5545 622 5617 subdantur,
656 5545 1022 5608 manifestum
1059 5554 1165 5609 est.

1997 4671 2132 4724 rent
2161 4663 2514 4726 suasitHrec
2544 4665 2668 4746 ille,
2692 4685 2826 4728 cum
2861 4676 2996 4730 ante
3028 4685 3238 4730 omnes
3269 4665 3631 4743 advenisset,

1998 4752 2202 4815 multis
2223 4752 2473 4816 civitatis
2495 4755 2772 4832 narravit,
2776 4756 3119 4834 juramento
3143 4757 3411 4838 ipsisque
3433 4755 3635 4838 operi-

2072 4979 2184 5049 (43)
2218 4976 2409 5035 Insula
2448 4978 2568 5049 hinc
2613 4979 2670 5034 in
2719 4977 2868 5049 mari
2907 4976 3115 5047 lEgmo,
3150 4976 3322 5049 hodie
3352 4976 3638 5049 Archipe-

2002 5048 2151 5122 lago,
2183 5049 2337 5107 haud
2369 5048 2691 5122 proculgab‘
2713 5048 2870 5105 lonia
2905 5052 3155 5122 sinuque
3189 5048 3485 5122 Smyrnaea
3518 5048 3637 5122 _sita

1999 5118 2103 5186 est,
2139 5124 2212 5179 ita
2248 5128 2328 5182 ut.
2362 5123 2461 5191 qui
2494 5120 2627 5177 inde
2656 5118 3214 5191 Constantinopolim
3241 5118 3471 5191 cogitat.
3503 5118 3638 5175 dex-

2000 5192 2144 5249 tram
2181 5189 2398 5257 versus,
2450 5195 2544 5262 qui
2593 5205 2729 5246 vero
2781 5189 3242 5262 Thessalonicam
3279 5190 3527 5260 navigat,
3560 5191 3640 5246 si-

1998 5275 2236 5320 nistram
2272 5260 2486 5318 versus
2511 5277 2746 5320 cursum
2808 5261 3006 5319 debeat
3065 5260 3330 5332 dirigere,
3363 5262 3643 5332 quemad-

2001 5337 2232 5391 modum
2265 5351 2295 5389 e
2326 5335 2725 5405 geographicis
2781 5333 3104 5390 insularum
3159 5331 3524 5403 :trchipelagi
3559 5341 3643 5389 ta-

2000 5408 2150 5464 bulis
2182 5406 2454 5478 inspectis
2495 5414 2765 5478 patescet.
2803 5406 2926 5461 Haec
2955 5405 3024 5462 ad
3057 5418 3278 5470 eorum,
3327 5418 3457 5478 quin
3508 5418 3644 5468 mox

2001 5479 2094 5534 hic
2116 5477 2466 5544 subduntur,
2493 5476 2939 5550 intelligentiam
