3946 6146
345 243 498 316 1255
1707 236 1796 306 SU
1808 243 1995 308 PPLE

2090 239 2355 309 iN'I‘UM.
3309 232 3346 262 "
3569 239 3718 310 1256

347 386 462 449 b‘us
496 383 819 447 narrationi
880 380 1054 446 fidem
1107 381 1332 444 faciens
1382 379 1526 458 (44).
1561 379 1766 442 Statim
1826 379 1984 441 enim

2090 385 2164 446 τῆς
2209 377 2417 442 πόλεως
2463 377 2787 454 ἐξηγήσατο,
2847 377 2987 452 ὅρκῳ
3033 381 3121 433 καί
3170 381 3352 442 αὖτοτς
3387 377 3565 457 ἔργοις
3620 403 3716 436 πια-

348 475 812 556 gloriosissimus
861 480 1082 552 martyr
1127 469 1556 548 benignissima
1584 488 1690 531 sua
1724 488 1864 531 cura
1893 472 1984 530 οἰο-

2090 469 2408 543 ττωσάμενος
2467 469 2527 522 τὸ
2588 465 2853 545 διήγημα,
2906 468 3068 530 Εὐθὺς
3141 468 3241 546 γὰρ
3302 470 3330 523 ὃ
3404 467 3720 532 παιένδοξος

348 554 546 627 vitatis
582 566 806 627 luctum
838 563 898 624 in
929 561 1210 638 gaudium
1244 559 1557 635 convertit,
1603 559 1805 620 multis
1829 559 1984 620 intra

2090 559 2263 636 ιάρτυς
2309 561 2377 632 τῇ
2420 555 2900 636 φιλανθρωποτάτη
2938 557 3096 612 αὖτοῦ
3149 554 3438 630 κηδεμονίᾳ
3495 557 3722 634 ἔστρεψε

349 672 572 734 paucos
626 653 754 715 dies
805 649 1235 713 mercatoribus
1291 648 1805 728 adnavigantibus,
1880 648 1981 724 qui

2090 650 2157 704 τὸν
2212 647 2438 704 κοπετὸν
2494 651 2596 712 τῆς
2654 645 2865 710 πόλεως
2923 647 2996 709 εἰς
3054 646 3255 725 χαρὰν,
3328 647 3476 710 ἐντὸς
3525 647 3720 722 ὀλίγων

349 733 614 806 diversos
642 740 968 803 efferebant
996 737 1186 812 cibos,
1229 739 1676 818 legatorumque
1706 737 1980 811 civitatis,

2090 742 2278 816 (μερῶν
2333 734 2547 791 πολλῶν
2623 734 3101 809 προσπλευσάντων
3186 733 3459 814 ἐμπόρων,
3520 737 3719 816 φερόν-

350 835 448 915 qui
480 831 554 894 ob
610 830 782 892 famis
837 827 1233 890 calamitatem
1292 827 1367 888 ad
1403 827 1827 915 imperatorem
1859 827 1988 887 iveo

2090 847 2176 881 των
2235 823 2355 892 εἴδη
2417 823 2663 902 διάφορα,
2721 825 2810 880 καὶ
2865 821 3284 903 προφθασάντων
3357 826 3457 891 τὴν
3517 825 3722 882 ἐπάνο-

351 911 508 996 rant,
536 919 794 982 reditum
831 916 1294 998 praeveniebant.
1329 915 1497 978 Unde
1553 923 1612 978 et
1641 917 1700 977 in
1729 914 1897 977 vobis
1925 915 1985 977 id

2090 918 2156 970 ῖον
2214 917 2319 970 αῶν
2378 914 2511 990 πρὸς
2553 912 2776 989 βασιλέα
2818 917 2915 980 τῆς
2961 913 3167 978 πόλεως
3225 911 3564 985 πρεσϐευτῶν
3592 916 3724 989 περὶ

349 1008 744 1089 recogitantes
799 1007 1036 1081 discite,
1102 1013 1319 1086 quanta
1379 1004 1558 1066 fuerit
1613 1005 1988 1066 vehementia

2090 1004 2166 1067 τῆς
2225 1001 2464 1079 ἀνάγκης
2549 1007 2642 1057 τοῦ
2731 1000 2889 1075 λιμοῦ
2942 1001 3334 1080 φοιτησάντων.
3401 1002 3563 1060 ’Ὅθεν
3620 1007 3722 1058 καὶ

351 1099 515 1177 mali,
550 1097 624 1160 ob
675 1096 832 1179 quod
885 1097 1058 1158 etiam
1108 1095 1487 1175 imperatoris
1535 1111 1711 1156 aures
1752 1110 1857 1173 per
1891 1093 1983 1155 le-

2090 1089 2430 1166 ξυμϐαλόντες
2500 1089 2554 1145 ἐν
2609 1091 2820 1154 ἑαυτοῖς
2882 1090 3237 1170 καταμάθετε,
3287 1092 3430 1157 πόση
3489 1094 3524 1159 ἡ
3581 1114 3724 1171 σφο-

348 1186 646 1265 gationem
677 1184 881 1246 civitas
929 1192 1071 1245 tunc
1133 1181 1408 1245 turbarit.
1462 1185 1586 1245 Deo
1620 1191 1827 1243 nostro
1857 1181 1989 1258 glo-

2090 1180 2263 1258 ἴρότης
2306 1181 2566 1260 ἒτύγχανε
2596 1179 2690 1236 τοῦ
2720 1187 2908 1254 κακοῦ,
2954 1179 3041 1235 ὅτι
3097 1183 3183 1237 καὶ
3231 1180 3495 1256 βασιλέως
3551 1181 3729 1241 ἀκοὰς

348 1276 463 1351 ria,
495 1283 610 1338 elc.
2071 1271 2106 1337 ἡ
2154 1268 2309 1331 πόλις
2354 1271 2473 1326 τότε
2518 1268 2601 1324 διὰ
2632 1267 2911 1348 πρεσϐείας
2938 1268 3248 1348 ἓνώχλησε.
3283 1273 3371 1343 Τῷ
3420 1268 3475 1326 δὲ
3526 1277 3646 1344 Θεῷ
3689 1269 3727 1335 ἦ

2068 1352 2218 1431 δόξα,
2251 1381 2306 1420 κ.
2340 1380 2390 1417 τ.
2431 1357 2485 1420 λ.

1860 1464 2082 1524 CAPUT
2124 1464 2214 1522 IX.

673 1567 778 1637 Qui
813 1570 1038 1627 Sanctus
1066 1567 1175 1625 alio
1217 1566 1389 1624 adhuc
1417 1574 1648 1642 tempore
1695 1565 2077 1624 Thessalonica
2121 1566 2260 1638 fama
2307 1578 2510 1638 pressae
2540 1561 2848 1637 prodigiose
2884 1564 3218 1621 succurrerit
3255 1564 3392 1635 (45).

431 1692 533 1755 69.
567 1689 720 1762 Quot
767 1688 883 1750 alia
937 1687 1154 1749 similia
1212 1686 1487 1766 martyris
1517 1686 1810 1749 beneficia
1835 1702 1990 1747 enu-

2154 1683 2250 1750 ἔθ’,
2310 1683 2514 1750 ’Ἄλλας
2575 1684 2742 1748 πόσας
2794 1681 2994 1758 ἔψομεν
3050 1683 3372 1761 ἀπαριθμεῖν
3413 1695 3509 1744 τοῦ
3573 1688 3728 1766 μάρ-

351 1780 636 1846 meranda
664 1777 991 1841 habemus!
1027 1777 1326 1849 Quantum
1353 1795 1517 1849 vero,
1555 1785 1617 1838 ut
1647 1775 1987 1856 hujusmodi

2090 1797 2222 1854 τυρος
2276 1774 2657 1852 ὁμοιοτρόπους
2743 1772 3090 1848 εὖεργεσίαςί
3173 1773 3344 1836 Πόσος
3403 1775 3458 1830 δὲ
3517 1783 3726 1854 χρόνος

351 1888 602 1934 munera
650 1867 861 1929 litteris
919 1869 1365 1945 consignentur,
1424 1874 1658 1946 tempus
1687 1865 1987 1929 sufﬁciat?

2090 1863 2278 1942 ὶρκέσει
2364 1871 2454 1921 τοῦ
2543 1864 2863 1942 συγγράφειν
2937 1862 3002 1916 τὰ
3079 1870 3299 1918 τοιαῦτα
3371 1861 3724 1946 δωρήματα;

349 1960 552 2024 Solum
580 1958 780 2037 igitur,
811 1974 1002 2036 nuper
1029 1936 1205 2018 modo
1258 1936 1504 2035 factum,
1539 1936 1697 2034 (ιιιοό
1747 1972 1852 2036 per
1896 1972 1984 2034 se,

2090 1936 2269 2011 ίῦκοῦν
2327 1955 2489 2027 μόνον
2531 1955 2592 2007 τὸ
2624 1936 3028 2030 ⁷πρό-βραχέος
3085 1948 3200 2028 ἄρτι
3258 1936 3545 2029 γενόμενον
3590 1936 3722 2023 διηεί

349 2057 417 2114 ιιι
444 2065 604 2111 sanas
633 2045 851 2107 mentis
881 2044 1226 2107 hominibus
1248 2047 1448 2124 jugem
1477 2045 1685 2106 deiferi
1719 2043 1987 2124 martyris

2090 2044 2307 2121 γήσομαι
2341 2088 2358 2113 ,
2431 2043 2683 2118 αὔταρκες
2740 2041 2983 2120 ὑπάρχον
3059 2041 3295 2120 ἐναργῶς
3375 2045 3726 2120 παραστῆσαι

348 2156 551 2201 curam
585 2135 900 2198 manifesto
925 2142 1378 2214 commonstret,
1403 2134 1705 2196 sufﬁciens
1727 2141 1988 2208 est,nar-

346 2228 514 2290 rabo.
548 2225 748 2289 Nostis
777 2243 987 2288 omnes
1018 2223 1302 2287 frumenti
1335 2224 1810 2304 penuriam,qute
1844 2223 1985 2285 bre-

346 2317 656 2379 vissimum
688 2321 828 2376 ante
881 2321 1118 2395 tempus
1176 2332 1295 2375 non
1327 2313 1518 2375 solum
1552 2315 1612 2374 in
1641 2313 1749 2374 hac
1780 2321 1984 2374 custo-

347 2405 471 2468 dita
497 2421 532 2468 a
559 2403 680 2468 Deo
740 2403 998 2477 civitate,
1059 2402 1164 2466 sed
1199 2411 1256 2464 et
1287 2402 1507 2483 ubique
1537 2403 1664 2465 fere
1697 2402 1804 2463 fuit
1835 2403 1985 2482 (46),

348 2495 498 2558 adeo
549 2501 614 2556 ut
669 2500 728 2555 et
775 2495 852 2556 ad
913 2493 1102 2573 ipsam
1136 2493 1437 2554 civitatum
1471 2494 1736 2571 reginam
1769 2491 1987 2553 malum

347 2587 427 2647 sit
450 2601 853 2666 progressum,
878 2591 1060 2663 utque
1091 2600 1303 2644 omnes
1336 2601 1456 2662 prae
1484 2583 1644 2661 gravi
1669 2583 1852 2644 animi
1878 2582 1988 2645 de-

341 2675 604 2755 jectione
635 2671 1151 2745 contabescerent,
1185 2671 1321 2733 aliis
1379 2671 1558 2733 simul
1591 2671 1869 2734 omnibus
1902 2672 1989 2733 ci-

345 2763 441 2826 bis
496 2762 673 2825 veluti
731 2763 997 2842 penuriae
1047 2761 1110 2822 in
1169 2761 1472 2822 frumento
1531 2761 1987 2823 similitudinem

347 2850 867 2925 consectantibus;
920 2849 1079 2930 quod
1140 2857 1199 2911 et
1228 2849 1566 2927 sagaciores
1597 2850 1811 2912 famem
1847 2869 1990 2930 pro-

346 2943 481 3024 prie
511 2940 836 3023 appellant.
869 2938 1118 3013 Quando
1153 2941 1336 3011 enim,
1373 2956 1605 3018 gravem
1637 2941 1990 3016 animosque

346 3031 796 3095 tabefacientem
850 3028 1130 3092 frumenti
1183 3035 1496 3108 penuriam
1557 3027 1707 3090 cibis
1737 3028 1892 3108 aliis,
1927 3037 1992 3090 ut

345 3140 454 3204 par
483 3130 596 3196 est,
631 3117 1070 3200 supplentibus,
1129 3117 1468 3180 necessaria
1525 3136 1729 3181 emere
1767 3119 1892 3198 (47)
1926 3118 1988 3179 in

347 3211 492 3272 foris
521 3209 803 3292 possibile
834 3217 950 3284 est,
985 3208 1202 3270 famem
1235 3207 1474 3288 proprie
1526 3216 1664 3269 tunc
1695 3227 1814 3270 non
1854 3226 1986 3270 esse

347 3290 578 3362 cordati
627 3297 997 3378 judicarunt.
1033 3296 1200 3368 Quod
1259 3297 1310 3357 si
1361 3305 1556 3358 autem
1611 3297 1673 3358 in
1706 3308 1987 3377 promptu

2090 3295 2118 3348 »ἱ
2176 3290 2462 3371 ἐχέφρονες
2494 3307 2508 3322 ⁸

347 3387 506 3450 haud
534 3385 896 3464 fuerit,unde
917 3385 1202 3448 frumenti
1227 3387 1514 3464 angustia:
1536 3386 1816 3448 methodo
1840 3405 1990 3467 qua-

347 3476 484 3539 dam
515 3476 576 3538 in
607 3475 840 3557 populis
871 3475 1107 3537 occurri
1131 3475 1421 3549 videatur,
1454 3482 1593 3536 tunc
1623 3475 1818 3556 ipsum
1842 3475 1989 3537 illud

346 3567 497 3630 nihil
544 3585 676 3629 esse
725 3565 789 3626 in
848 3572 1151 3645 promptu,
1208 3583 1323 3644 quo
1376 3564 1434 3625 id
1472 3565 1591 3642 fiat,
1629 3574 1688 3628 et
1718 3583 1902 3646 opere
1933 3573 1990 3627 et

347 3657 593 3720 nomine
622 3655 862 3736 proprie
891 3654 1109 3716 famem
1146 3654 1306 3716 facit.

436 3745 531 3808 70.
566 3745 712 3808 Cum
766 3743 919 3805 malo
956 3743 1301 3823 hujusmodi
1353 3762 1566 3824 magno
1618 3753 1990 3825 premeretur

348 3833 964 3898 Thessalonicensium
989 3833 1218 3910 civitas,
1257 3841 1806 3914 exspectatumque,
1832 3835 1989 3914 quod

349 3925 631 4005 praesenti
661 3931 803 3985 tunc
832 3923 986 3986 fame
1020 3922 1214 4002 majus
1246 3922 1465 3984 malum
1499 3931 1646 3994 erat,
1675 3928 1987 3984 tumultum

348 4032 557 4077 omnes
585 4013 894 4087 timerent,
926 4009 1266 4073 communis
1325 4011 1593 4090 regionis
1624 4012 1804 4074 totius
1834 4012 1990 4092 apud

338 4101 526 4166 Deum
557 4103 942 4176 intercessor,
968 4099 1222 4162 civitatis
1253 4119 1460 4164 amans
1492 4109 1991 4182 peccatorumque

339 4201 683 4256 nostrorum
705 4191 1161 4270 immemor,qui
1184 4191 1518 4254 ineffabiles
1544 4191 1988 4254 misericordis-

344 4284 476 4345 simi
509 4282 619 4346 Dei
642 4301 709 4344 ac
739 4280 1069 4345 Servatoris
1119 4281 1308 4342 nostri
1329 4279 1470 4343 Jesu
1495 4281 1717 4344 Christi
1749 4280 1990 4342 miseri-

346 4374 586 4436 cordias
615 4371 1142 4436 commiseratione
1163 4368 1995 4449 exprimit,intellectualeque

345 4461 776 4526 misericordiae
786 4479 910 4522 suae
925 4467 1132 4540 pectus
1144 4457 1695 4520 dilucideomnibus
1709 4459 1989 4532 ostendit,

347 4550 814 4633 gloriosissimus
830 4555 1050 4628 martyr
1070 4544 1414 4611 Demetrius
1435 4553 1583 4610 nutu
1605 4547 1804 4610 divino
1820 4567 1852 4611 e
1866 4549 1995 4632 plu-

425 4711 536 4783 (tt)
572 4709 643 4769 Et
688 4711 833 4783 haec,
874 4721 997 4783 quia
1044 4707 1345 4783 hucusque
1394 4723 1519 4783 cap,
1565 4709 1830 4783 praesenti
1861 4723 1996 4768 nar-

351 4778 575 4850 rantur,
607 4778 1180 4854 apudilltabillonium
1238 4778 1378 4840 tom.
1428 4778 1868 4854 I’Anulectoa-am
1905 4797 1999 4837 ce-

355 4862 546 4927 terum,
578 4851 707 4927 pag.
733 4851 802 4908 79
831 4861 884 4927 et
911 4851 1063 4909 binis
1095 4865 1266 4927 seqq._
1288 4854 1625 4927 compendio
1652 4853 1723 4908 ab
1752 4853 1996 4910 Anasta-

353 4928 441 4987 sio
481 4923 932 4994 Biblto'thecario
955 4923 1215 4994 exposita
1256 4924 1539 4982 invenies.

430 4999 550 5071 (45),
574 4999 757 5071 Caput
786 4993 978 5071 hocin
1014 4993 1223 5071 codice
1247 4995 1384 5053 olim
1429 4993 1783 5062 Mazarinaao,
1819 5008 1848 5049 e
1881 5008 1995 5065 quo

356 5065 454 5129 hic
491 5065 696 5149 editur,
727 5082 870 5149 pag._
892 5065 962 5122 69
1005 5075 1069 5149 et
1117 5067 1994 5149 “quinquetseqq.orecensetur:

358 5140 742 5206 contractiori
777 5137 969 5200 isthoc
1001 5137 1170 5198 titulo
1196 5137 1540 5218 insignitum
1579 5154 1592 5198 :
1627 5137 1849 5218 Ἕτερον
1883 5140 1998 5214 περὶ

357 5228 456 5291 τῆς
515 5226 569 5278 ἐν
625 5224 770 5296 λιμῷ
828 5220 1072 5297 προνοίας
1130 5230 1221 5277 τοῦ
1268 5216 1818 5297 μάρτυροςέΑίὶΐιίί,
1860 5226 1998 5282 lmi-

356 5303 622 5362 raculum
654 5298 953 5368 nimirum)
985 5297 1051 5354 de
1083 5299 1348 5369 martyris
1379 5299 1602 5369 infame
1632 5312 1788 5369 cura.
1829 5297 1996 5367 Apud

357 5373 753 5433 Mabillonium
801 5367 974 5442 porro
1015 5376 1154 5442 tom.
1209 5367 1247 5424 l’
1291 5367 1530 5429 Veterum
1588 5367 1996 5442 Analectorum,

361 5460 495 5516 pag,
528 5446 679 5516 stet
724 5437 898 5516 sejq,
943 5437 1249 5516 exhibetur
1297 5442 1465 5516 etiam
1499 5439 1863 5510 compendio,
1899 5454 2000 5511 per

361 5511 721 5575 Anastasium
762 5511 1260 5570 Bibliothecarium
1294 5512 1656 5568 concinnato.

439 5585 556 5659 (46)
590 5584 746 5644 Licet
771 5583 1052 5651 ordinem,
1094 5595 1210 5654 quo
1253 5595 1494 5656 quaeque
1525 5592 1680 5656 gesta
1721 5589 1876 5650 sunt,
1905 5581 2002 5640 Jo-

2069 2145 2184 2198 τοῖς
2241 2133 2466 2210 νήφουσι
2525 2131 2621 2198 τῆς
2681 2130 2936 2209 θεοφόρου
2996 2131 3241 2209 προνοίας
3311 2138 3401 2187 τοῦ
3459 2134 3726 2211 μάρτυρος

2067 2223 2130 2278 τὸ
2171 2221 2410 2280 ἀένναον.
2476 2220 2747 2282 "Arruns;
2810 2219 2928 2274 ἴστε
2985 2221 3085 2285 τὴν
3153 2221 3254 2293 πρὸ
3308 2222 3542 2300 βραχέος
3603 2223 3725 2279 λίαν

2069 2318 2252 2387 καιροῦ
2308 2311 2599 2388 γενομένην
2660 2316 2751 2365 τοῦ
2811 2308 2954 2365 σίτου
3011 2309 3224 2383 σπάνιν,
3290 2313 3348 2367 οῦ
3392 2312 3528 2369 κατὰ
3585 2320 3720 2370 ταῦ-

2070 2423 2168 2468 την
2222 2399 2384 2474 μόνον
2424 2400 2524 2466 τὴν
2587 2398 2970 2477 θεοφρούρητον
3028 2396 3207 2473 πόλιν,
3254 2396 3390 2453 ἀλλὰ
3427 2402 3516 2454 καὶ
3574 2422 3723 2456 παν-

2070 2496 2240 2568 ταχοῦ
2293 2486 2512 2568 σχεδὸν,
2575 2489 2648 2549 ὡς
2711 2489 2800 2542 καὶ
2853 2487 2926 2550 εἷς
2988 2487 3152 2553 αὐτὴν
3211 2488 3403 2565 φθάσαι
3434 2489 3497 2544 τὸ
3549 2492 3721 2546 κακὸν

2071 2579 2170 2645 τὴν
2229 2575 2473 2654 βασιλίδα
2521 2579 2622 2632 ubi
2667 2575 2897 2651 πόλεων,
2933 2573 3078 2639 ὅπως
3137 2596 3194 2631 τε
3249 2577 3442 2639 πάντες
3497 2577 3552 2632 ἐν
3585 2579 3718 2634 ἀθυ-

2074 2669 2165 2742 μίᾳ
2209 2664 2353 2742 δεινῇ
2410 2665 2790 2738 κατετήίοντο,
2841 2665 3052 2721 πάντων
3105 2664 3217 2738 ἅμα
3269 2667 3357 2721 καὶ
3399 2667 3508 2722 τῶν
3536 2665 3718 2722 ἀλλων

2073 2755 2220 2813 εἰδῶν
2279 2754 2848 2822 συνακολουθησάντων
2900 2753 3078 2830 ὥσπερ
3127 2759 3203 2825 τῷ
3257 2754 3563 2829 ὁμοιώματι
3619 2756 3717 2820 τῆς

2071 2852 2163 2902 τοῦ
2221 2848 2365 2901 σίτου
2423 2844 2729 2909 στενώσεως
2765 2859 2778 2872 ·
2853 2842 2983 2920 ὅπερ
3041 2843 3126 2898 καὶ
3183 2843 3372 2919 κυρίως
3434 2844 3595 2917 λιμὸν
3666 2845 3716 2899 οἱ

2074 2934 2432 3014 ἀκριϐέστεροι
2463 2934 2832 3011 ὀνομάζουσιν,
2887 2930 3018 2989 ³Ὀτ’
3066 2930 3127 2986 ἂν
3185 2933 3286 3008 γὰρ
3329 2932 3389 2987 τὸ
3431 2935 3564 3008 βαρὺ
3631 2934 3719 2988 καὶ

2071 3026 2390 3103 τηκόψυχον
2438 3023 2534 3090 τῆς
2579 3033 2672 3081 τοῦ
2717 3025 2860 3078 σίτου
2903 3021 3148 3085 σπάνεως
3196 3021 3388 3098 ἑτέρων
3421 3019 3594 3093 εἰδῶν,
3643 3025 3717 3084 ὡς

2071 3112 2238 3193 εἰκός,
2268 3113 2532 3186 ὑπόντων,
2585 3109 2800 3168 δυνατὸν
2846 3109 2938 3178 εἴη
2997 3111 3133 3167 κατὰ
3164 3111 3256 3175 τὰς
3290 3111 3488 3187 ἀγορὰς
3541 3132 3716 3186 μετα-

2069 3200 2329 3276 δεύεσθαι,
2367 3205 2463 3260 οὐκ
2517 3202 2661 3257 εἶναι
2717 3201 2874 3276 λιμὸν
2922 3201 3015 3256 τόν
3073 3207 3312 3257 τοιοῦτον
3347 3200 3716 3257 τεθεσπίκασιν

2604 3292 2648 3347 εἰ
2727 3288 2781 3346 δὲ
2839 3290 2918 3364 μή
2977 3287 3198 3368 εὔπορον
3259 3289 3455 3360 ἔσοιτο,
3517 3289 3632 3347 ὅθεν
3679 3292 3716 3358 ἦ

2074 3382 2193 3459 περὶ
2245 3383 2336 3436 τόν
2411 3393 2564 3437 σῖτον
2643 3379 2760 3435 ἀνία
2829 3377 3036 3454 μεθόδῳ
3091 3380 3192 3436 τινὶ
3262 3376 3397 3443 δόξει
3450 3377 3717 3435 διοικονο-

2074 3473 2290 3546 μεϊσθαι
2357 3471 2493 3525 κατὰ
2556 3469 2680 3532 τοὺς
2736 3466 2962 3543 δήμους,
3009 3470 3128 3524 τότε
3172 3469 3234 3524 τὸ
3291 3468 3582 3546 ἀμήχανον
3625 3474 3719 3523 τοῦ

2074 3557 2242 3634 μηδὲν
2301 3560 2514 3616 ὑπεῖναι
2571 3557 2710 3638 ἔργῳ
2772 3560 2860 3614 καὶ
2917 3559 3140 3633 ὀνόματι
3181 3556 3374 3636 κυρίως
3413 3559 3503 3612 τὸν
3555 3556 3716 3632 λιμὸν

2072 3649 2448 3727 ἀπεργάζεται.

2153 3737 2223 3798 θ’.
2263 3737 2492 3814 Τοιαότῃ
2521 3740 2678 3812 κακίᾳ
2730 3738 2851 3796 τότε
2907 3741 3006 3804 τῆς
3062 3736 3494 3794 Θεσσαλονικέων
3526 3744 3714 3806 πιεζο-

2074 3827 2241 3902 μένης
2281 3826 2722 3907 μεγαλοπόλεως,
2769 3829 2858 3884 καὶ
2917 3834 3105 3902 μεῖζον
3156 3827 3323 3884 κακὸν
3373 3834 3464 3883 τοῦ
3512 3825 3717 3904 παρόν-

2072 3939 2162 3980 τος
2221 3917 2342 3974 τότε
2400 3916 2559 3993 λιμοῦ
2601 3918 2697 3985 τὴν
2757 3915 3203 3995 προσδοκωμένην
3234 3916 3482 3996 ταραχὴν
3513 3913 3714 3992 κατορ-

2071 4003 2374 4084 ῥωδοόντων
2434 4007 2708 4086 ἁπάντων,
2766 4009 2792 4062 ὁ
2855 4008 3030 4070 κοινὸς
3111 4011 3210 4072 τῆς
3269 4005 3453 4084 χώρας
3504 4005 3715 4070 ἀπάσης

2072 4095 2214 4174 παρὰ
2259 4101 2374 4169 Θεῷ
2432 4094 2780 4173 πρεσϐευτὴς,
2838 4098 2864 4152 ὁ
2912 4094 3192 4174 φιλόπολις
3245 4096 3330 4152 καὶ
3380 4102 3489 4152 τῶν
3535 4095 3714 4170 ἀμαρ-

2072 4187 2201 4242 τιών
2243 4185 2397 4260 ἡμῶν
2428 4186 2715 4263 ἀμνήμων,
2779 4188 2807 4242 ὁ
2859 4186 2979 4249 τοὺς
3012 4185 3240 4264 ἀφάτους
3268 4184 3575 4262 οἰκτιρμοὺς
3619 4188 3712 4239 τοῦ

2074 4273 2586 4353 πολυευσπλάγχνου
2631 4280 2761 4330 Θεοῦ
2803 4276 2890 4330 καὶ
2936 4279 3186 4351 Σωτῆρος
3261 4272 3440 4339 Ἰησοῦ
3487 4272 3710 4349 Χριστοῦ

2075 4370 2282 4430 νοητῶς
2345 4362 2710 4439 ἐκμαξάμενος
2784 4365 2870 4419 καὶ
2930 4365 3099 4432 στήθη
3180 4363 3330 4440 νοερᾶ
3402 4367 3499 4429 τῆς
3555 4361 3710 4417 αὺτοῦ

2077 4451 2464 4532 φιλανθρωπίας
2521 4451 2756 4531 ἐναργῶς
2814 4449 3150 4521 δεικνύμενος
3208 4457 3399 4531 πᾶσιν,
3473 4453 3503 4507 ὃ
3573 4473 3709 4507 παν-

2079 4539 2280 4607 ἐνδοξος
2339 4542 2536 4620 μάρτυ)
2593 4543 2901 4621 Δημήτριος
2961 4539 3176 4617 νεύματι
3252 4542 3376 4614 θείῳ
3434 4539 3496 4597 ἐκ
3557 4539 3705 4596 πλεί-

2080 4713 2257 4758 annes
2307 4700 2835 4759 Thessalonicensis
2867 4701 2923 4758 in
2979 4702 3269 4759 narrando
3300 4714 3416 4758 non
3446 4708 3708 4757 accurata

2081 4772 2292 4843 ubique
2344 4772 2630 4844 observet.
2688 4774 2873 4830 serius
2941 4781 3152 4839 tamen,
3203 4787 3324 4844 quae
3365 4772 3490 4837 hoc,
3544 4785 3710 4844 quam

2079 4841 2216 4914 quae
2236 4843 2576 4913 praecedenti
2631 4858 2757 4914 cap.
2809 4844 3002 4907 refert,
3055 4841 3328 4900 accidisse
3361 4857 3516 4906 reor,
3563 4841 3714 4913 Quod

2081 4915 2204 4979 illa,
2235 4923 2290 4970 at
2319 4929 2436 4971 non
2487 4917 2620 4972 item
2660 4915 2798 4986 haec,
2859 4914 3015 4971 brevi
3077 4914 3413 4971 admodum‘
3438 4922 3710 4985 tempore.

2081 4995 2388 5111 pntgq‘uam
2413 4987 2484 5043 ab
2516 5001 2583 5044 eo
2641 4986 2846 5044 litteris
2897 4986 3395 5058 consignarentur.
3421 4987 3714 5043 ~evenisse

2103 5071 2163 5111 ra
2209 5071 2236 5111 a
2270 5099 2284 5111 .

2081 5064 2284 5114 tradat.

2165 5128 2242 5202 (4}
2263 5127 2406 5188 Cum
2432 5134 2547 5190 tam
2576 5130 2822 5190 verbum
2851 5130 3067 5186 Δεύσθαι
3093 5147 3269 5208 quam
3299 5133 3514 5185 Δεῖσθαι
3547 5144 3714 5208 egero

2081 5225 2187 5270 seu
2211 5211 2568 5271 necessariis
2591 5227 2802 5271 carere
2824 5208 3392 5289 signiﬁcet,verbum
3427 5210 3711 5289 μεταδερε-

2083 5293 2228 5370 σθαι,
2258 5290 2415 5368 quod
2446 5289 2668 5350 frustra
2701 5291 2762 5352 in
2815 5289 3052 5352 Lexicis
3094 5288 3362 5370 Quaesivi,
3397 5289 3571 5370 idem,
3594 5288 3710 5370 hic,

2080 5367 2233 5441 quod
2253 5367 2555 5441 necessaria
2575 5385 2756 5434 emere,
2783 5384 2883 5426 seu
2912 5367 3250 5441 comparare.
3287 5368 3715 5441 verosimillime

2083 5438 2432 5512 significare,
2485 5441 2724 5498 modove
2780 5451 2932 5498 certe
2981 5438 3135 5497 haud
3191 5441 3434 5499 multum
3466 5438 3712 5497 absimili

2083 5511 2512 5584 exponendum,
2545 5519 2793 5584 spectato
2823 5527 3015 5580 sensu,
3045 5513 3330 5570 existimo.
