3946 6146
458 312 611 406 ἀνω

1813 314 2464 398 SUPPLEMENTUM.

3346 280 3373 295 ‘

3683 316 3823 396 1260

454 479 584 537 tore
653 467 1036 550 Theodosio,
1096 473 1303 530 contra
1374 434 1705 546 Eugenium
1778 472 2088 547 tyrannum

2248 466 2527 544 ετώθαζον,
2600 463 2715 521 ἐπεὶ
2771 464 2965 540 βοηθὸς
3038 460 3273 541 ἐγεγόνει
3347 470 3422 537 τῷ
3480 462 3703 543 μεγάλῳ
3742 467 3822 520 καὶ

452 561 679 624 bellum
731 559 986 640 gerenti,
1042 557 1357 620 auxiliator
1422 555 1649 631 fuisset)
1721 554 1871 635 (52),
1932 554 2097 616 illum

452 650 653 729 igitur,
688 658 753 713 ut
801 649 1023 711 dictum
1078 653 1194 722 est,
1228 645 1660 725 exclamabant,
1694 644 1899 706 lancea
1948 662 2097 705 con-

453 739 679 815 fossum
742 739 916 818 vique
988 735 1278 816 occisum,
1341 735 1571 815 prolato
1644 734 1819 796 etiam
1896 740 2098 795 sancto

455 829 724 907 martyris
754 827 1022 902 nomine,
1053 826 1233 888 naves
1262 842 1474 886 omnes
1517 824 1580 885 in
1613 821 2099 886 Thessalonicam

453 916 799 980 abduxisse.

535 1092 637 1157 73.
669 1094 818 1158 Cum
840 1100 1036 1155 autem
1058 1093 1153 1155 vir
1174 1093 1301 1154 haec
1322 1110 1439 1153 una
1468 1109 1600 1153 cum
1626 1090 1715 1152 eis
1745 1091 1846 1171 qui
1870 1089 1923 1152 ei
1947 1089 2093 1151 ade-

450 1191 608 1258 rant,
640 1182 988 1256 audivisset,
1023 1180 1252 1243 ﬁrmius
1285 1179 1553 1260 quidem,
1589 1178 1883 1240 somnium
1917 1197 2089 1241 suum

448 1289 800 1353 vocemque,
823 1287 1000 1351 quam
1025 1269 1315 1344 audierat,
1342 1286 1485 1331 vera
1513 1287 1646 1330 esse
1674 1268 2046 1329 existimabat
2075 1287 2093 1342 ;

446 1362 753 1425 veritatem
779 1369 982 1423 autem
1009 1378 1127 1421 non
1152 1358 1525 1437 discernens,
1556 1356 1660 1419 sed
1685 1356 1902 1437 Illyrici
1937 1363 2106 1435 prae-‘

447 1452 634 1514 fectos
660 1448 968 1515 hominem
998 1466 1195 1528 suum,
1231 1446 1622 1520 Demetrium,
1647 1455 1710 1507 ut
1757 1444 2094 1507 verosimile

448 1548 598 1616 erat,
618 1539 1008 1613 nominatum,
1039 1536 1142 1617 qui
1174 1545 1539 1599 mercatores
1563 1552 1772 1596 omnes
1804 1552 2095 1603 occuren-

449 1638 541 1691 tes
565 1629 846 1691 suasione
867 1626 1096 1701 sua,vel
1120 1626 1294 1686 etiam
1328 1624 1685 1688 necessitate
1705 1622 2097 1685 Thessaloni-

446 1736 576 1781 cam
606 1716 905 1799 proﬁcisci
937 1723 1198 1795 cogeret,
1235 1713 1474 1775 misisse
1506 1713 1871 1793 suspicatus,
1900 1712 2095 1774 statim

2182 563 2355 630 πιστῷ
2401 553 2618 631 βασιλεῖ
2668 552 2929 628 Θεοδοσίῳ
2976 551 3098 610 κατ’
3157 554 3400 631 Εὐγενίου
3432 555 3528 609 σοῦ
3585 556 3823 631 τυράννου

2182 642 2619 722 στρατευσαμένῳ
2728 644 2859 721 πρὸς
2958 640 3218 721 πόλεμον)
3304 642 3576 699 κᾶνταυϐα
3660 643 3820 698 τοίνυν

2184 730 2372 806 ἐϐόων,
2433 734 2506 794 ὡς
2564 729 2798 810 εἴρηται,
2833 730 2913 787 ὅτι
2966 733 2994 786 ὁ
3047 728 3465 810 λογχόπληκτος
3523 732 3613 786 καὶ
3654 732 3826 807 βιαιο-

2181 821 2403 884 θάνατος
2465 821 2697 895 ἐκεῖνος,
2744 819 3054 897 προσθέντες
3103 821 3190 876 καὶ
3232 821 3293 876 τὸ
3347 819 3498 897 ἅγιον
3544 822 3638 876 τοῦ
3692 820 3827 893 μάρ-

2181 932 2335 988 τυρος
2385 907 2575 983 ὄνομα,
2632 909 2839 974 ἐκεῖνος
2904 909 3079 986 φασὶν,
3139 907 3350 966 ἅπαντα
3403 908 3472 965 τὰ
3533 906 3706 965 πλοῖα
3762 910 3829 970 εἷς

2183 998 2575 1066 Θεσσαλονίκην
2607 998 2959 1074 ἀπέστρεψεν.

2258 1089 2366 1166 ογ’,
2432 1079 2488 1146 Ὀ
2544 1087 2597 1143 δὲ
2662 1087 2797 1166 ἀνὴρ
2843 1088 3042 1145 τούτων
3102 1086 3332 1150 ἀκούσας
3389 1088 3527 1162 μετᾶ
3599 1088 3690 1144 καὶ
3730 1094 3830 1144 τῶν

2178 1176 2439 1253 συνᾴντων
2470 1181 2612 1251 αὐτῷ
2656 1177 3010 1256 ἐπεσφράγισε
3063 1176 3160 1251 μὲν
3190 1178 3263 1240 ὡς
3318 1175 3499 1244 ἀληθῆ
3532 1177 3628 1233 τὸν
3691 1177 3826 1232 ὄνει-

2177 1288 2265 1344 ρον
2309 1269 2490 1346 αὺτοῦ,
2526 1267 2613 1323 καὶ
2661 1267 2727 1333 ην
2758 1265 2952 1333 ἤκουσε
3009 1274 3211 1346 φωνὴν,
3248 1265 3323 1338 μῆ
3353 1264 3627 1343 διακρίνας
3688 1264 3743 1321 δὲ
3772 1268 3828 1321 τὸ

2178 1353 2391 1431 ἀληθὲς,
2427 1352 2547 1411 ἀλλ’
2594 1355 2938 1419 ὕποτοπάσας
2996 1355 3116 1420 τοὺς
3170 1355 3445 1434 ὑπάρχους
3500 1361 3597 1411 τοῦ
3652 1353 3826 1412 Ἰλλυ-

2177 1447 2324 1522 ρικοῦ
2368 1443 2643 1522 ἄνθρωπον
2712 1441 2848 1499 ’ίδιον
2893 1442 3103 1501 στεῖλαι
3179 1444 3491 1520 Δημήτριον
3555 1444 3633 1507 ὣς
3693 1446 3827 1506 εἰκὸς

2180 1534 2594 1609 ὀνομαζόμενον,
2642 1533 2761 1597 τοὺς
2821 1533 3318 1612 προστυγχάνοντας
3374 1531 3645 1607 ἐμπόρους
3708 1554 3829 1590 πει-

2180 1626 2267 1679 θοῖ
2324 1622 2360 1690 ἢ
2391 1623 2487 1679 καὶ
2542 1622 2749 1700 ἀνάγκῃ
2809 1621 2905 1689 τὴν
2961 1621 3047 1677 ἐπὶ
3078 1619 3467 1686 Θεσσαλονίγην
3522 1620 3831 1677 στέλλεσθαι

2181 1711 2513 1788 βιοζόμενον,
2589 1710 2870 1789 γράμμασι
2967 1710 3303 1789 παραχρῆμα
3374 1709 3647 1789 κέχρηται
3708 1713 3833 1787 πρὸς

449 1808 522 1871 ad
578 1807 748 1869 illum
783 1805 886 1885 qui
930 1812 1075 1867 tunc
1107 1812 1233 1865 erat
1260 1802 1525 1884 praefecti
1578 1820 1831 1895 munere
1881 1800 2088 1895 Illyrici

2248 1826 2271 1858 ν
2330 1808 2619 1866 τηνικαῦτα
2679 1801 2777 1867 τὴν
2837 1798 3074 1878 ἔπαρχον
3130 1798 3604 1878 ἐγκεχειρισμένον
3662 1800 3836 1878 ἀρχὴν

446 1900 836 1970 principatum
862 1897 1298 1971 administrans,
1329 1895 1531 1954 litteris
1551 1892 1725 1959 dedit,
1756 1893 2094 1965 iniustitiam

452 1983 1155 2062 inclamans,nomenque
1177 1978 1651 2050 illius,Demetrii
1675 1976 2097 2058 nimirum,qui

445 2077 523 2138 ab
576 2093 671 2150 eo,
706 2081 772 2136 ut
800 2091 984 2136 naves
1013 2079 1278 2150 cogeret,
1315 2072 1530 2133 missus
1589 2081 1739 2144 erat,
1775 2068 2092 2148 adjiciens.

443 2162 566 2227 Nec
585 2162 682 2225 hic
705 2163 948 2245 quievit,
974 2161 1079 2224 sed
1100 2168 1159 2223 et
1188 2161 1261 2223 ad
1281 2160 1477 2234 illum,
1506 2159 1610 2240 qui
1634 2176 1770 2221 eum
1791 2158 1851 2218 in
1882 2157 2094 2221 Chium

445 2250 1031 2332 miserat,Abydique
1055 2250 1452 2332 principatum
1483 2247 1815 2321 obtinebat,
1840 2246 2092 2325 litteras,

448 2343 669 2424 quibus
695 2339 1140 2403 Thessalonicae
1158 2338 1451 2420 praesides
1481 2334 2094 2424 criminabatur,scri§

445 2422 583 2512 psit,
641 2429 698 2491 ei
756 2435 956 2507 etiam,
994 2447 1126 2509 quae
1173 2427 1245 2490 ad
1304 2435 1500 2488 actum
1550 2434 1608 2487 et
1658 2442 1878 2486 nomen
1929 2422 2097 2484 missi

444 2516 730 2583 Demetrii
781 2524 1147 2598 spectarent,
1213 2523 1351 2577 nota
1395 2515 1643 2590 faciens,
1708 2532 1824 2595 quo
1881 2513 1954 2593 is,
2009 2512 2098 2573 ira

444 2616 807 2684 commotus,
831 2605 1181 2686 imperatori
1210 2605 1326 2667 ista
1355 2604 1742 2683 signiﬁcaret,
1768 2619 2097 2683 rursusque

444 2698 774 2778 imperator
842 2694 1063 2758 Christi
1128 2712 1335 2757 amans
1413 2692 1816 2773 increpatoria
1872 2690 1948 2754 de
2019 2690 2095 2752 iis

445 2785 724 2848 mandata
753 2782 1111 2865 praesidibus
1142 2782 1334 2846 daret.

532 2872 628 2937 74.
662 2873 918 2936 Tantum
951 2881 1146 2935 autem
1177 2891 1209 2934 e
1256 2871 1365 2934 Dei
1396 2870 1773 2934 ordinatione
1799 2871 1907 2932 hac
1936 2870 1996 2932 in
2025 2888 2092 2932 re

442 2963 553 3047 fuit
585 2962 908 3034 turbatum,
935 2969 1001 3024 ut
1022 2960 1145 3023 Deo
1177 2961 1418 3041 placens
1446 2959 1862 3040 gloriosissimi
1894 2967 2091 3022 certa-

442 3054 673 3115 minum
698 3050 948 3116 victoris
974 3049 1347 3131 providentia
1378 3049 1843 3129 misericorsque
1872 3068 2014 3111 cura
2034 3049 2093 3108 in

444 3139 666 3203 ﬁnibus
685 3140 1051 3219 vulgaretur,
1079 3140 1473 3216 universaque
1497 3149 1655 3201 terra
1676 3146 2092 3213 nosceret,ne-

442 3248 560 3310 que
617 3208 953 3309 parentem,
987 3208 1241 3289 ﬁliorum
1286 3208 1612 3300 amantem,
1644 3227 1725 3289 ita
1774 3208 2152 3306 aliquandoC

440 3322 726 3393 genuinos
750 3319 901 3377 ﬁlios
918 3329 1240 3384 curasse,ut
1262 3319 1507 3377 multum
1526 3321 1855 3378 misericors
1880 3321 2093 3378 Deum-

442 3422 560 3486 que
583 3402 824 3466 imitans
848 3403 1125 3484 martyris
1146 3403 1461 3466 clementia
1483 3402 1659 3465 nobis
1680 3404 2091 3485 peccatoribus

439 3495 689 3572 ejusque
719 3492 907 3553 servis
939 3500 1070 3572 post
1099 3492 1286 3554 Deum
1340 3494 1666 3574 prospexit,
1700 3494 2086 3574 periculoque

438 3580 786 3660 hujusmodi
817 3598 929 3642 nec
960 3581 1296 3659 cogitantes
1329 3581 1559 3644 evulsit.
1598 3580 1737 3644 Haec
1770 3582 1881 3662 ipsi
1913 3581 2086 3645 nobis

432 3670 754 3749 multisque
799 3668 933 3732 aliis
963 3678 1300 3747 narrarunt,
1336 3670 1760 3749 gloriosissimi
1791 3672 2080 3752 praefecti,

430 3758 772 3837 juramento
794 3767 1227 3832 asseverantes,
1260 3759 1434 3821 nobis
1458 3759 1698 3841 quidem
1724 3760 2082 3837 coram,viro

438 3854 635 3909 autem
668 3846 729 3908 in
774 3847 972 3910 insula
1005 3847 1152 3910 Chio
1183 3849 1506 3911 constituto
1540 3867 1644 3929 per
1673 3848 2082 3930 litteras,ipsi-

436 3953 552 4015 que
579 3953 755 4015 porro
777 3935 1127 4013 imperatori
1148 3939 1874 4019 counvenientijurataque,
1910 3947 1974 3999 ut
2003 3937 2091 3999 di-

439 4034 599 4086 ctum
631 4031 741 4100 est,
775 4024 1088 4106 relatione,
1123 4044 1157 4088 a
1199 4024 1360 4088 nullo
1389 4026 1460 4090 ad
1495 4027 1648 4088 istud
1698 4045 2087 4108 quemquam,

437 4121 834 4194 praeterquam
861 4114 922 4176 in
948 4115 1133 4177 solam
1169 4116 1456 4199 Siciliam,
1481 4117 1586 4194 qui
1618 4136 1727 4178 nec
1749 4117 1968 4197 adhuc,
1994 4117 2090 4177 di—

439 4201 680 4283 cebant,
702 4221 979 4266 reversus
1001 4211 1179 4284 esset,
1207 4205 1314 4267 sed
1347 4224 1460 4267 nec
1483 4207 1725 4267 omnino
1756 4206 2086 4280 hominem,

442 4288 558 4352 sibi
579 4291 1014 4354 ministrantem
1028 4338 1044 4367 ,
1074 4293 1175 4374 qui
1201 4291 1537 4354 Demetrius
1556 4292 1889 4373 appellatus
1906 4300 2084 4372 esset,

434 4378 707 4455 haberet,
749 4398 782 4441 e
819 4382 1094 4443 mandato
1149 4381 1536 4461 imperatorio
1577 4381 1823 4442 missum
1877 4379 2081 4444 fuisse.

521 4469 615 4531 75.
676 4469 785 4530 Ast
811 4475 1006 4549 ipsum
1068 4469 1319 4530 civitatis
1348 4468 1901 4532 Thessalonicensis
1952 4478 2087 4550 post

434 4558 626 4621 Deum
651 4557 1487 4636 dominum,gluriusissimum
1514 4558 1738 4623 Christi
1765 4567 2081 4639 martyrem

434 4644 834 4718 Demetrium,
869 4664 1006 4707 cum
1050 4646 1343 4709 civitatem
1402 4666 1568 4711 suam
1600 4649 1757 4710 fame
1801 4648 2081 4710 afﬂictam

436 4732 710 4814 vidisset,
746 4732 912 4795 illius
937 4733 1121 4797 fuisse
1166 4737 1501 4820 misertum,
1535 4755 1797 4818 curaque
1844 4755 1971 4816 sua,
2009 4755 2083 4798 ne

439 4840 651 4885 omnes
678 4822 917 4903 penitus
943 4833 1342 4907 morerentur,
1377 4828 1647 4889 eﬂ‘ecisse
1682 4827 1824 4908 (53).
1857 4824 2079 4889 Verum

435 4915 569 4988 quid
601 4915 677 4973 ad
712 4914 927 4989 majora
967 4915 1336 4991 properantes
1367 4919 1623 4978 minimis
1652 4919 1807 4976 hisce
1838 4919 2086 4976 inbaare-

436 5006 760 5066 mus?Esse
785 5006 1089 5066 enimvero
1112 5019 1169 5065 et
1191 5004 1290 5067 illa
1315 5023 1524 5085 magna
1546 5014 1605 5068 et
1632 5004 1803 5078 mira,
1828 5003 2081 5066 manife-

506 5133 620 5205 (52)
651 5134 735 5192 Ad
766 5133 835 5189 24
863 5135 1031 5207 Junii
1057 5136 1230 5202 diem.
1267 5150 1381 5207 quo
1412 5139 1593 5195 sancti
1623 5136 1859 5195 Joannis
1890 5136 2080 5205 Bapti-

438 5213 540 5264 sta)
591 5206 878 5279 nativitias
911 5208 966 5263 in
1019 5205 1422 5279 Martyrologio
1449 5208 1704 5279 Romano
1740 5206 2080 5279 celebratur.

436 5284 628 5348 actum
658 5277 806 5348 apud
837 5291 946 5336 nos
975 5279 1045 5333 de
1078 5277 1187 5334 hoc
1219 5277 1416 5336 sancto
1467 5278 1826 5338 Praecursore
1856 5277 2079 5336 Domini

428 5347 547 5420 jam
607 5347 735 5420 esti;
769 5362 839 5405 ex
890 5350 963 5406 iis
989 5357 1178 5420 autem
1228 5363 1355 5419 quas
1383 5350 1592 5407 ibidem
1644 5352 1700 5407 in
1740 5350 2079 5407 concinnato

433 5419 505 5475 de
561 5433 628 5476 eo
686 5419 1107 5477 Commentario
1140 5419 1413 5478 historico
1465 5436 1625 5478 num.
1673 5421 1775 5479 106
1812 5428 1869 5477 et
1927 5420 2082 5478 binis

434 5503 593 5560 seqq.
635 5500 669 5549 ο
716 5489 1029 5560 Sozomeno
1070 5492 1126 5547 in
1162 5492 1414 5548 medium
1453 5492 1693 5550 adducta
1751 5502 1908 5560 sunt,
1939 5506 2081 5549 con-

432 5559 760 5633 ﬁrmantur,
794 5575 916 5630 quae
972 5559 1067 5617 hic
1106 5562 1274 5633 apud
1310 5564 1593 5620 Joannem
1643 5559 1951 5622 narrantdr
1990 5565 2080 5633 ide

428 5628 598 5705 jactls
646 5646 674 5684 a
707 5628 964 5701 daemone
1002 5634 1059 5689 in
1091 5628 1373 5692 Joannem
1412 5635 1724 5707 Baptistam
1779 5632 2075 5702 conviciis,

2179 1899 2274 1949 τοῦ
2339 1888 2633 1968 Ἰλλυρικοὸ
2689 1887 2968 1946 καταϐοῶν
3037 1888 3133 1954 τὴν
3184 1887 3410 1966 ἀδικίαν,
3443 1890 3698 1966 προσθεὶς
3755 1891 3839 1945 καὶ

2177 1982 2239 2037 τὸ
2276 1978 2452 2054 ὄνομα
2503 1985 2596 2035 τοῦ
2651 1978 2979 2057 πεμφθέντος
3037 1975 3191 2045 δῆθεν
3249 1977 3365 2055 παρ’
3410 1981 3575 2035 αὑτοῦ
3624 1988 3832 2052 Δημη-

2166 2068 2322 2151 ςιρίου
2346 2069 2577 2161 Δἐβίεέτῇ
2783 2066 3034 2161 Δπλοίωνῃ
3071 2067 3441 2161 ἀναγκαστικῆ
3496 2072 3835 2161 προστροπῇ,

2179 2158 2287 2215 Οὐκ
2335 2154 2576 2232 ἠμέλησε
2632 2156 2708 2231 δὲ,
2772 2155 2912 2213 ἀλλὰ
2957 2157 3042 2213 καὶ
3098 2162 3174 2229 τῷ
3224 2154 3489 2212 στείλαντι
3548 2156 3715 2212 αὐτὸν
3782 2159 3838 2211 ὲν

2181 2251 2312 2320 Χίῳ,
2345 2247 2431 2302 καὶ
2492 2246 2584 2313 τῆς
2636 2243 2854 2302 Ἀϐύδου
2905 2244 3298 2323 προκαθημένῳ
3350 2245 3665 2323 γεγρᾶφηκε
3718 2244 3835 2301 διν

2178 2332 2391 2391 ϐάλλων
2444 2335 2564 2398 τοὺς
2623 2334 2892 2413 ἐπάρχους
2938 2334 3353 2409 Θεσσαλονίκης,
3400 2335 3666 2411 γνωρίσας
3697 2336 3836 2408 αὖτῷ

2179 2425 2245 2480 τὰ
2300 2424 2435 2480 κατὰ
2464 2425 2663 2480 γεπτὸν
2692 2424 2790 2479 καὶ
2818 2426 2878 2480 τὸ
2921 2423 3088 2499 ὄνομα
3135 2431 3226 2480 τοῦ
3253 2423 3585 2502 πεμφθέντος
3635 2435 3834 2499 Δημηο

2180 2512 2344 2590 τρίου,
2404 2514 2476 2577 ὣς
2549 2513 2757 2571 ἐκεῖνον
2839 2512 3118 2580 κινηθέντα
3170 2516 3318 2588 θυμῷ
3386 2514 3606 2588 βασιλεῖ
3674 2522 3837 2569 ταῦτα

2177 2600 2549 2681 προσανοῒξαι,
2622 2603 2714 2659 γαὶ
2781 2601 3008 2677 βασιλέα
3090 2601 3248 2659 πάλιν
3318 2603 3409 2658 τὸν
3490 2602 3836 2681 φιλόχριστον

2177 2690 2596 2758 ἐπιπληκτικαῐς
2654 2692 2786 2759 πρὸς
2846 2692 2965 2754 τοὺς
3032 2690 3301 2772 ὲπᾶρλους
3362 2690 3637 2749 κελεύσεσι
3685 2695 3835 2772 χρή-

2180 2783 2365 2838 σασθαι
2395 2781 2513 2858 περὶ
2544 2780 2766 2840 τούτων.

2254 2867 2356 2931 σθ’.
2413 2876 2586 2927 Ταῦτα
2620 2866 2674 2924 δὲ
2726 2868 2777 2935 ἐξ
2808 2868 3095 2948 ὁμολογίας
3143 2875 3276 2927 Θεοῦ
3317 2871 3568 2951 ταραχὴν
3624 2872 3827 2927 τοσαύ-

2174 2980 2273 3025 την
2333 2956 2561 3032 ἐδὲξατο,
2595 2957 2688 3014 ’ίνα
2714 2958 2750 3024 τη
2801 2958 3082 3036 θεάρεστος
3131 2959 3353 3037 πρόνοια
3382 2963 3474 3016 καὶ
3528 2959 3833 3040 φιλάνθρωο

2176 3070 2275 3112 πος
2332 3046 2624 3121 κηδεμονία
2681 3054 2772 3104 τοῦ
2842 3046 3161 3113 πανενδόξου
3218 3048 3515 3129 ἀθλοφόρου
3584 3054 3838 3129 κηρυχθῇ

2176 3135 2230 3191 ἐν
2275 3148 2391 3199 τοῖς
2449 3135 2662 3213 πέρασι,
2695 3137 2782 3193 καὶ
2833 3142 2944 3215 γνῷ
2976 3144 3123 3194 πᾶσι
3170 3139 3205 3206 ἡ
3237 3138 3550 3214 οἰκουμένη,
3583 3137 3665 3195 ὅτι
3723 3138 3837 3197 οὗξέ

2175 3226 2359 3290 τοκεὺς
2436 3224 2686 3302 φιλόπαις
2774 3228 2880 3282 τῶν
2963 3227 3195 3304 γνησίων
3257 3231 3383 3284 υἱῶν
3459 3227 3838 3303 ἐπεμελήσιτο

2175 3314 2311 3371 οὕτω
2360 3312 2517 3394 ποτὲ,
2566 3316 2638 3376 ὡς
2693 3318 2751 3373 οὔ
2797 3313 3277 3396 πολύσπλάγχνος,
3324 3318 3412 3374 καὶ
3465 3319 3839 3397 χριστομίμη-

2172 3426 2260 3469 τος
2342 3412 2434 3462 τοῦ
2518 3405 2777 3483 μάρτυρος
2861 3403 3226 3484 φιλανθρωπία
3309 3412 3415 3462 τῶν
3496 3408 3839 3485 ἆμαρτωλῶν

2177 3496 2326 3569 ἡμῶν
2379 3495 2469 3548 καὶ
2519 3490 2718 3550 δούλων
2775 3496 2932 3551 αὖτοῦ
3007 3496 3143 3568 μετὰ
3210 3497 3340 3552 Θεὸν
3386 3497 3681 3571 προενόησε
3746 3492 3840 3554 καὶ

2165 3580 2481 3649 τηλικούτου
2566 3580 2821 3657 κινδύνου,
2909 3580 3075 3657 μηδὲν
3159 3586 3312 3660 ἡμῶν
3380 3588 3840 3664 μεριμνησαντων

2166 3671 2487 3731 ἀπέστανσε.
2551 3673 2707 3730 Αὒτοὶ
2764 3674 2901 3747 ἡμῖν
2952 3679 3118 3729 ταῦτα
3174 3675 3263 3731 καὶ
3329 3674 3533 3751 ἑτέροις
3593 3675 3834 3737 πολλοῖς

2142 3750 2214 3816 ὀἱ
2285 3758 2545 3827 ἐνδοξότοι
2615 3759 2849 3841 ὕπαρχοι
2928 3759 3280 3842 διηγήσαντο,
3357 3750 3633 3828 πείσαντες
3714 3765 3839 3842 μεθ’

2173 3848 2365 3928 ὅρκων,
2426 3852 2568 3924 ἡμᾶς
2617 3850 2714 3926 μὲν
2762 3851 2998 3925 αὒτοψεὶ,
3034 3852 3124 3907 τὸν
3181 3843 3320 3907 δὲ’ἐν
3370 3853 3483 3926 Χίῳ
3524 3851 3687 3931 ἄνδρα
3748 3853 3838 3911 διὰ

2173 3940 2528 4018 γραμμάτων,
2587 3943 2674 3998 καὶ
2750 3943 2908 4000 αὐτὸν
2990 3939 3044 3997 δὲ
3127 3940 3350 4018 βασιλέα
3431 3942 3500 3999 δι’
3561 3944 3838 4023 ἀναφορᾶς

2172 4030 2503 4109 πρεπούσης,
2564 4031 2635 4095 ὡς
2707 4028 2942 4107 εἴρηται,
2999 4032 3087 4088 καὶ
3161 4030 3455 4113 ἐνωμότου,
3507 4035 3583 4096 ὼς
3652 4033 3839 4097 οὐδεὶς

2174 4118 2422 4198 πέπομφέ
2479 4141 2596 4175 τινα
2628 4118 2715 4175 ἐπὶ
2760 4120 2950 4195 τούτῳ,
2986 4119 3129 4187 πλὴν
3156 4120 3212 4176 ἐν
3262 4123 3402 4198 μόνη
3432 4121 3651 4195 Σικελίᾳ
3694 4126 3839 4181 κατὰ

2173 4206 2412 4264 κέλευσιν
2472 4207 2785 4283 βασιλικήν’
2848 4210 2905 4273 ὃς
2977 4207 3093 4266 οὐδὲ
3163 4211 3487 4291 ὕπεστρεψεν
3542 4211 3644 4291 ἔτι,
3696 4211 3835 4289 ἔφα-

2171 4318 2291 4369 σαν,
2328 4294 2449 4352 ἀλλ’
2509 4295 2626 4353 οὐδὲ
2693 4296 2835 4362 ὅλως
2898 4298 3015 4378 ἔχει
3070 4298 3340 4374 ἅνθρωποι
3372 4303 3515 4376 αὖτῷ
3570 4300 3834 4380 ἐξυπηρεο

2168 4387 2422 4467 τούμενον
2461 4389 2768 4467 Δημήτριον
2800 4390 3358 4467 προσονομαζόμενον.

2250 4464 2348 4538 σε’,
2411 4473 2559 4533 Ἀλλ’
2592 4464 2671 4533 ὅτι
2725 4464 3043 4546 ὁδεσπὸτης
3091 4480 3225 4553 μετᾶ
3283 4480 3414 4536 Θεὸν
3465 4483 3560 4548 τῆς
3613 4479 3825 4556 μόλεως

2169 4561 2585 4643 Θεσσαλονίκης,
2647 4568 2675 4621 ὁ
2734 4567 2933 4643 μάρτυς
2994 4569 3084 4624 τοῦ
3142 4575 3371 4647 Χριστοῦ
3432 4573 3745 4649 Δημήτριος
3795 4573 3823 4626 ὁ

2166 4651 2499 4728 πανένδοξος,
2562 4657 2717 4721 αὐτὸς
2786 4654 3227 4732 λαηλατουμὲνην
3284 4656 3427 4732 λιμῷ
3496 4660 3597 4728 τὴν
3664 4664 3823 4718 αὐτοῦ

2166 4741 2322 4799 πόλιν
2410 4744 2733 4819 θεασάμενος
2820 4747 3151 4820 κατηλέησε,
3213 4748 3300 4803 καὶ
3386 4750 3487 4814 τὴν
3572 4747 3821 4826 πρόνοιαν

2163 4842 2256 4890 τοῦ
2311 4833 2382 4899 κη
2441 4832 2642 4898 πάντας
2708 4831 2865 4912 ἄρδην
2923 4835 3207 4892 ἀποθανεῖν
3260 4836 3577 4906 ἐποιήσατο.
3651 4836 3821 4894 Ἀλλὰ

2166 4921 2215 4976 τί
2302 4922 2417 5000 περί
2494 4923 2559 4978 τὰ
2633 4922 2847 4998 μείζύνα
2932 4923 3252 5006 σπεύδοντες
3332 4940 3450 4988 τοῖς
3515 4926 3823 5006 ἒλαχίστοις

2167 5010 2379 5072 τούτοις
2424 5008 2865 5093 ἐνδιατρίὸομενς
2931 5001 3049 5072 εὈτι
3100 5015 3199 5092 μὲν
3228 5016 3328 5094 γὰρ
3384 5016 3471 5071 καὶ
3714 5037 3821 5090 με·

2163 5144 2318 5225 quod
2349 5145 2444 5202 hic
2464 5145 2787 5225 Theodosio
2807 5148 3171 5225 imperatori,
3190 5148 3469 5225 adversus
3494 5150 3821 5225 Eugenium

2164 5222 2473 5287 tyrannum
2505 5220 2686 5297 quod
2723 5235 2876 5281 anno
2896 5220 3016 5279 39‘
3069 5224 3280 5289 evenit.
3313 5223 3531 5282 bellum
3574 5220 3819 5297 gerenti,

2164 5297 2317 5345 esset
2343 5260 2574 5345 auxilio.
2990 5320 2999 5326 -

2163 5302 2317 5345 esset
2343 5302 2574 5347 auxmo.
2990 5320 2999 5326 ο

2232 5358 2342 5428 (53)
2376 5359 2610 5444 Multum
2643 5363 3818 5444 enimveromloannes‘jl‘htssttlonirensis,

2162 5436 2227 5514 ut
2266 5432 2593 5514 prodigiose
2618 5450 2649 5491 a
2684 5434 2892 5493 Sancto
2921 5432 3375 5514 Thessalonjbus
3415 5437 3570 5514 [ante
3601 5441 3822 5514 pressis

2162 5503 2369 5582 iterum
2410 5503 2584 5582 fuisse
2641 5520 3006 5582 succursum,
3055 5505 3335 5582 ostendat,
3415 5508 3522 5566 hoc
3603 5503 3823 5579 pariter

2160 5575 2342 5642 capite
2374 5576 2460 5653 ad
2490 5575 2651 5653 hunc
2719 5593 2902 5650 usque
2932 5576 3121 5636 locum
3178 5581 3419 5652 laborat,
3445 5594 3568 5645 nec,
3601 5575 3662 5638 ut
3709 5593 3822 5653 ap-

2160 5652 2339 5716 paret,
2372 5644 2582 5703 intelici
2615 5644 2853 5721 prorsus
2885 5663 3179 5710 successu.
