3938 6134
423 313 574 392 1253
1771 309 2046 374 SUPPLE

2130 298 2421 375 ENTUM.
3625 300 3755 374 13264

418 451 871 522 ascendentium
891 443 1154 530 effugere
1178 468 1297 511 non
1321 447 1724 528 potuerant,in
1745 447 2046 525 pavimen-

2137 461 2257 527 γεῖν
2299 448 2395 510 τὰς
2457 446 2562 504 τῶν
2628 445 2953 503 ἂνελθόντωδ
3013 448 3315 526 μιαιφονίας
3375 449 3466 503 οὐκ
3523 447 3754 527 ἴσχυσανΙ

418 557 544 610 tum
576 539 1325 623 dejicerent,Barbarorum
1351 545 1551 598 autem
1572 535 1634 598 in
1654 553 1879 597 morem
1903 556 2044 598 con-

2130 536 2425 604 λεηλατεῖν
2486 534 2539 591 δὲ
2593 533 2876 612 βαρϐάρων
2907 535 3063 602 δίκην
3105 537 3227 608 τοὺς
3289 535 3647 616 ὁμοδιαίτους,
3685 547 3762 598 καὶ

419 633 764 699 tubernales
793 648 932 694 suos
980 637 1037 690 et
1086 635 1281 704 notos,
1317 634 1397 701 et,
1441 635 1506 687 ut
1533 623 1781 686 credere
1813 625 1900 686 fas
1932 635 2044 704 est,

2134 627 2458 705 γνωρίμους,
2516 627 2603 681 καὶ
2664 627 2736 687 ὡς
2789 625 2929 689 sine;
2983 638 3266 702 συγγενεῖς
3298 627 3385 681 καὶ
3434 625 3554 681 καθ’
3608 626 3762 682 ἅπαν-

421 730 701 804 cognatos
729 718 1496 804 exspoliarent,praeterque
1521 714 1645 804 haac
1666 713 2046 804 omniaipsas

2136 736 2201 770 τα
2281 722 2445 772 ταῦτα
2529 715 2618 770 καὶ
2687 714 2782 776 τὰς
2871 715 3039 777 οἰκίας
3097 715 3258 777 αὒτὰς
3315 713 3632 793 πυρπολεῖν,
3685 716 3766 770 ἵνα

420 801 631 876 domos
661 809 1075 879 incenderent,
1107 812 1192 880 ut,
1217 802 1719 883 quemadmodum
1754 803 2046 882 conjicere

2141 801 2278 878 μηδὲ
2323 805 2370 860 οἱ
2413 801 2679 879 τριϐέντες
2711 805 2784 866 ὡς
2817 803 2984 881 εἰκὸς,
3019 803 3105 859 καὶ
3136 801 3189 857 ἐν
3221 804 3468 881 πτωχείᾳ
3495 805 3599 870 τὴν
3642 805 3768 874 ζωὴν

421 901 582 975 licet,
609 915 806 978 neque
837 896 922 958 illi
951 897 1052 976 qui
1097 893 1280 957 attriti
1321 893 1597 965 fuissent,
1627 890 1842 953 victum
1879 893 2046 954 etiam

2139 899 2477 970 ποριζόμενοι
2508 889 2852 952 διαλάθωσιν.

423 987 816 1052 mendicando
848 993 1207 1066 quaerentes,
1241 983 1514 1044 laterent.

500 1078 604 1141 78.
639 1075 820 1138 Erant
850 1074 1056 1154 igitur,
1094 1082 1159 1134 ut
1189 1072 1414 1134 dictum
1445 1079 1556 1150 est,
1580 1071 1780 1132 omnia
1809 1073 1866 1132 in
1903 1080 2054 1132 trac-

421 1167 579 1229 tibus
607 1164 726 1226 illis
775 1164 906 1225 loca
954 1161 1342 1224 daamoniacis
1397 1159 1519 1222 illis
1551 1159 1814 1222 caedibus
1844 1160 2052 1240 direp-

2293 1069 2308 1096 I
2381 1059 2410 1085 7
2528 1094 2531 1098 ,
2648 1069 2664 1088 ‘
2792 1069 2818 1092 τ
3094 1069 3118 1089 ν
3407 1070 3419 1090 r
3755 1068 3769 1090 ν

2219 1091 2286 1135 οη
2323 1117 2337 1130 .
2403 1077 2550 1126 Ησαν
2606 1091 2702 1142 μεν
2761 1092 2873 1149 ουν,
2933 1071 3007 1131 ὡς
3065 1089 3303 1149 ειρηται,
3352 1091 3552 1132 παντες
3585 1071 3633 1126 οἱ
3663 1092 3751 1125 κατ

2136 1157 2317 1214 ἐκεῖνα
2375 1159 2442 1214 τὰ
2489 1159 2722 1233 κλίματα
2752 1159 2926 1236 χῶροι
2955 1157 3052 1225 τῆς
3084 1155 3399 1233 δαιμονικῆς
3436 1161 3638 1225 ταύτης
3680 1160 3768 1214 ἆν-

421 1256 801 1333 tionibusque
853 1252 1050 1333 plena,
1087 1259 1146 1312 et
1195 1248 1527 1312 secundum
1569 1248 1726 1328 quod
1762 1249 2046 1326 scriptum

2136 1245 2445 1318 δροκτασίας
2490 1248 2577 1302 καὶ
2634 1245 2922 1312 λεηλασίας
2967 1244 3248 1321 ἀνάπλεοι,
3296 1249 3558 1304 καὶκατὰ
3592 1249 3654 1303 τὸ
3682 1269 3768 1323 γε·

421 1352 533 1426 est,
560 1341 862 1423 speluncae
891 1341 1208 1402 latronum.
1245 1336 1338 1400 Uti
1379 1346 1574 1400 autem
1606 1337 1736 1399 loco
1772 1339 2046 1417 quopiam

2136 1334 2438 1412 γραμμένον
2495 1333 2734 1403 σπήλαια
2787 1334 3024 1410 λῃστῶν,
3080 1335 3284 1412 ’Ὠσπερ
3342 1334 3396 1390 δὲ
3453 1356 3602 1398 τινος
3658 1359 3773 1407 πυρ-

418 1422 665 1494 incenSO
723 1431 1086 1506 flammaque
1139 1427 1423 1490 adversus
1473 1444 1576 1488 eos
1633 1426 1733 1505 qui
1790 1444 1941 1505 aqua
1999 1427 2046 1486 ei

2138 1422 2463 1490 ποληθὲντος
2523 1424 2712 1496 τόπου,
2771 1425 2859 1481 καὶ
2911 1429 3008 1490 τῆς
3087 1422 3285 1502 φλογὸς
3340 1426 3768 1502 κατακρατούσης

414 1521 727 1590 resistunt,
758 1518 1137 1597 praevalente,
1170 1517 1315 1596 ipsa;
1345 1514 1524 1577 etiam
1557 1513 1770 1575 domus
1801 1515 2046 1576 circum-

2137 1512 2242 1568 τῶν
2299 1511 2738 1592 ἀπομαχομένων
2768 1519 2843 1585 τῷ
2885 1511 3031 1568 ὕδατι
3077 1515 3128 1568 αἱ
3169 1511 3318 1589 πέριξ
3348 1513 3509 1568 οἰκίαι
3542 1520 3612 1590 τῇ
3645 1535 3769 1593 σφο-

412 1611 612 1691 jectaz,
679 1607 825 1668 fumi
874 1605 1252 1668 vehementia
1306 1603 1649 1676 calefacta,
1702 1603 1928 1665 titionis
1981 1603 2046 1663 ad

2139 1599 2354 1678 δρότητι
2411 1601 2819 1678 θερμαινόμεναι
2866 1609 2959 1659 τοῦ
3002 1607 3223 1670 καπνοῦ,
3269 1601 3418 1656 αὗταί
3468 1623 3529 1657 τε
3591 1601 3769 1677 μελιί-

420 1686 612 1760 instar
640 1697 1006 1774 nigrescunt,
1037 1701 1217 1774 atque
1248 1700 1310 1754 ut
1342 1710 1518 1772 parva
1549 1692 1722 1752 etiam
1777 1692 2046 1772 quapiam

2138 1710 2313 1745 νονται
2347 1687 2508 1748 δαλοῦ
2550 1687 2724 1762 δίκην,
2770 1691 2858 1746 καὶ
2902 1690 3035 1766 πρὸς
3080 1686 3273 1764 ἄναψιν
3317 1691 3667 1764 ἐτοιμόταται
3695 1693 3772 1766 γί-

419 1806 598 1849 causa
628 1803 817 1866 eaque
848 1784 1004 1846 haud
1063 1784 1474 1862 inexspectata
1519 1789 1667 1841 actas
1712 1781 2046 1842 accendan-

2138 1799 2338 1851 νονται,
2411 1785 2535 1854 μιᾶς
2593 1801 2736 1842 τινος
2804 1781 2890 1835 καὶ
2959 1779 3216 1858 βραχείας
3278 1779 3626 1859 προφάσεως,
3687 1784 3771 1835 καὶ

422 1885 541 1952 tur,
577 1865 968 1952 paratissimae
998 1871 1280 1944 evadunt,
1313 1870 1396 1931 ita
1425 1869 1603 1932 etiam
1635 1886 1846 1930 omnes
1883 1869 1941 1930 in
1975 1871 2046 1931 Il-

2139 1868 2331 1933 ταύτης
2387 1865 2814 1944 προσδοκησίμου
2865 1866 3218 1945 δρασσόμεναι
3255 1886 3269 1900 ·
3332 1866 3470 1924 οὕτω
3544 1871 3635 1925 καὶ
3689 1873 3772 1929 τὰς

420 1965 604 2046 lyrico
636 1963 908 2024 civitates
957 1959 1287 2040 pervadens
1335 1958 1624 2020 malorum
1658 1957 2046 2021 Orientalium

2139 1958 2254 2028 περὶ
2313 1958 2375 2012 τὸ
2419 1955 2706 2033 Ἰλλυρικὸν
2757 1958 2967 2020 ἁπάσας
3011 1955 3195 2014 πόλεις
3244 1959 3278 2024 ἡ
3311 1964 3416 2013 τῶν
3451 1956 3773 2013 ἀνατολικῶν

419 2044 578 2116 fama
605 2051 831 2131 aliquas
862 2049 1103 2130 quidem
1138 2047 1397 2110 avaritiae
1428 2046 1852 2127 cupiditatibus
1882 2048 2046 2109 obte-

2139 2045 2295 2123 φήμη
2361 2044 2744 2120 διανεμηθεῖσα
2804 2052 2982 2101 κακῶν
3009 2091 3027 2124 ,
3085 2047 3227 2110 τινὰς
3285 2045 3381 2120 μὲν
3441 2047 3772 2124 κατεζόφωσε

423 2141 713 2216 nebravit,
765 2139 1196 2214 intestinaeque
1227 2137 1288 2198 in
1320 2135 1469 2216 ipsis
1501 2136 1757 2197 tribuum
1791 2137 2046 2215 virgultis

2137 2145 2256 2194 τοῖς
2314 2137 2410 2201 τῆς
2489 2133 2830 2213 φιλαργυρίας
2903 2138 3115 2214 θυμοῖς,
3182 2136 3269 2190 καὶ
3328 2135 3418 2195 τὰς
3497 2135 3772 2212 ἐμφυλίους

424 2232 695 2293 ﬂammas
723 2227 1022 2308 accendit,
1077 2227 1293 2288 deinde
1343 2243 1487 2287 vero
1529 2234 1592 2286 et
1640 2225 1993 2288 custoditam
2021 2245 2054 2286 a

421 2317 776 2399 martyribus
805 2315 1430 2379 Thessalonicensium
1479 2314 1858 2395 metropolim
1913 2315 2054 2376 lini--

422 2409 701 2471 timorum
734 2406 998 2468 facinora
1029 2422 1336 2466 rumorum
1368 2403 1530 2465 auris
1575 2401 2050 2472 circumdabant,

418 2496 841 2577 charitatisque
872 2495 1084 2573 fulgor,
1112 2512 1286 2574 quem
1320 2491 1639 2573 Apostolus
1675 2491 1740 2552 in
1770 2491 2057 2571 Epistolis

420 2587 658 2649 beatum
688 2585 938 2660 vocavit,
992 2583 1230 2646 invidia;
1287 2583 1560 2660 ingressu
1614 2598 1927 2662 repressus
1957 2583 2054 2642 ni-

417 2675 754 2757 grescebat.

2137 2220 2339 2300 φλόγας
2376 2225 2430 2278 ἓν
2476 2223 2664 2288 αὐταῖς
2710 2236 2826 2287 τοῖς
2886 2224 3128 2303 φυλικοῖς
3179 2224 3463 2302 φρυγάνοις
3519 2225 3720 2298 ἀνῆψεν
3753 2242 3766 2255 ’

2139 2307 2241 2376 ἤδη
2285 2310 2339 2366 δὲ
2401 2312 2489 2366 καὶ
2542 2312 2639 2378 την
2718 2310 3216 2391 μαρτυροφύλακτον
3271 2317 3378 2366 τῶν
3447 2313 3770 2370 Θεσσαλονιο

2139 2399 2273 2454 κέων
2325 2399 2657 2477 μητρόπολιν
2729 2400 3047 2457 ἆνεκύκλουν
3130 2413 3250 2463 ταῖς
3323 2399 3508 2477 αὔραις
3563 2405 3630 2457 τὰ
3675 2409 3770 2457 τῶν

2140 2500 2540 2568 πλησιοχωρων
2600 2487 3142 2567 δραματουργήματα¹
3202 2490 3289 2546 καὶ
3346 2495 3406 2544 τὸ
3461 2497 3568 2556 τῆς
3641 2493 3769 2568 ἀγά-

2331 2581 2345 2601 ,
2396 2584 2422 2594 η·
2724 2578 2739 2595 ⁸
2861 2578 2875 2600 \
2975 2581 2990 2600 κ
3026 2582 3038 2596 ⁸
3088 2577 3104 2603 θ
3215 2581 3224 2596 ⁸
3456 2577 3481 2596 ’δ
3511 2582 3526 2603 9
3563 2579 3578 2600 9

2139 2599 2247 2643 πης
2291 2599 2463 2636 αυτων
2512 2577 2800 2657 τηλαυγες,
2848 2582 2878 2634 b
2909 2600 2994 2635 και
3023 2601 3051 2635 ο
3111 2577 3418 2643 Αποστολος
3451 2593 3502 2635 οι
3560 2602 3767 2637 επιστοο

2137 2663 2247 2722 λῶν
2279 2665 2593 2738 ἐμακάρισε,
2638 2672 2708 2743 τῇ
2747 2673 2836 2724 τοῦ
2864 2666 3054 2745 φθόνου
3103 2664 3438 2746 παρεισδύσει
3503 2691 3766 2747 κατακρα-

2045 2825 2048 2828 ,
2136 2754 2291 2820 τηθὲν
2317 2753 2646 2828 ἐμελαίνετο,

498 2852 595 2915 79.
637 2848 1042 2914 Miserandum
1099 2846 1160 2909 in
1216 2846 1459 2909 modum
1520 2846 1724 2910 vtdere
1751 2855 1878 2909 erat
1902 2865 2046 2909 con-

2216 2841 2317 2906 σθ’,
2361 2832 2459 2899 Ἠν
2514 2865 2571 2900 τε
2628 2843 2850 2920 βλέπειν
2889 2843 3134 2910 ελεεινῶς
3191 2847 3483 2913 τηνικαῦτα
3542 2848 3643 2915 τὴν
3683 2853 3766 2915 τῆς

416 2938 636 3003 cordiae
667 2937 1042 3018 metropolim
1076 2934 1470 2998 dissensionis
1519 2953 1682 2998 mare
1733 2943 1872 2998 tunc
1925 2936 2046 2998 fac-

2135 2931 2505 3010 ὁμοφροσύνης
2562 2931 2896 3011 μητρόπολιν
2951 2931 3221 2991 θάλασσαν
3279 2932 3562 3014 διχονοίας
3622 2959 3768 3013 γεγε-

414 3036 557 3090 tam.
591 3026 779 3089 Nemo
835 3026 897 3088 in
950 3033 1250 3106 posterum
1307 3025 1500 3086 amico
1551 3027 1711 3086 vultu
1742 3032 1794 3100 (ο
1828 3023 2046 3086 malum

2134 3018 2394 3094 νημένην’
2431 3019 2609 3085 Οὒδεὶς
2653 3021 2843 3078 λοιπὸν
2871 3023 3034 3101 ὑγιῶς
3078 3024 3155 3094 τῷ
3195 3021 3427 3090 πλησίον
3477 3024 3764 3102 προσέϐλε-

410 3117 882 3216 inexspectatum
912 3115 954 3193 l)
990 3115 1323 3219 proximum
1358 3113 1703 3214 intuebatur
1731 3133 1745 3189 ;
1774 3113 2046 3219 morbum

2132 3130 2252 3184 πεν,
2299 3109 2344 3166 ὢ
2384 3117 2475 3166 τοῦ
2533 3109 2932 3188 ἀπροσδοκήτου
2990 3111 3206 3170 κακοῦί
3267 3110 3385 3171 οὐδὲ
3459 3118 3766 3193 συγγενικὸς

2130 3201 2155 3219 Δ
2266 3200 2279 3218 κ
2404 3199 2416 3215 ‘
2524 3199 2538 3219 ’
2685 3199 2710 3219 -Ι
2731 3205 2742 3219 Ι
2998 3200 3010 3219 1
3159 3203 3173 3219 l
3319 3201 3332 3219 Ι
3476 3205 3489 3219 ε
3511 3203 3534 3219 Ρ
3655 3207 3665 3219 ι

412 3213 640 3278 autem,
674 3203 774 3282 qui
806 3203 1081 3275 irruerat,
1132 3202 1229 3262 lux
1279 3201 1594 3280 congenita
1623 3219 1835 3264 sanare
1888 3201 2046 3263 haud

2130 3200 2320 3272 θεσμὸς
2365 3199 2462 3266 τὴν
2520 3199 2895 3275 ἐπισκήψασαν
2951 3200 3104 3257 νόσον
3159 3201 3415 3279 ἰατρεύειν
3476 3203 3758 3284 ἒξισχύων,

412 3298 663 3374 poterat.
692 3290 912 3352 Verum
943 3289 1448 3369 quemadmodum
1475 3290 1823 3351 abscondita
1852 3291 1912 3352 in
1949 3310 2046 3370 pa-

2131 3286 2281 3344 Ἀλλ’
2337 3288 2516 3365 ὥσπερ
2575 3289 2630 3345 ἐν
2699 3289 2916 3368 ἀχύρων
2983 3290 3174 3366 σωρεία
3233 3290 3361 3370 φλὸξ
3425 3295 3761 3372 κεκρυμμένη

409 3377 639 3441 learum
670 3395 882 3439 acervo
916 3378 1152 3438 ﬂamma
1181 3378 1306 3438 solo
1339 3377 1663 3457 praepedita
1692 3379 1852 3438 fumo
1882 3379 2046 3440 iners

2130 3377 2276 3452 μόνῳ
2330 3375 2683 3458 διασμύχεται
2748 3384 2823 3452 τῷ
2881 3386 3068 3454 καπνῷ
3108 3381 3398 3457 τυφομένη,
3432 3384 3524 3438 καὶ
3587 3389 3762 3461 μικρᾶς

409 3475 630 3542 manet,
659 3484 954 3548 parvaque
986 3465 1286 3548 palearum
1309 3465 1884 3542 incumbentium,ut
1909 3487 2042 3528 om-

2130 3465 2374 3534 ἐπιθυμεῖ
2432 3465 2852 3533 διασκαλεύσεως
2925 3475 3034 3525 τῶν
3106 3470 3459 3544 ὶπικειμὲνων
3524 3473 3759 3552 ἀχύρων,

407 3557 614 3619 nivora
644 3555 729 3616 vis
760 3555 890 3635 ejus
923 3555 1173 3618 excitata
1204 3555 1405 3615 omnia
1437 3554 1775 3634 adjacentia
1804 3557 2044 3618 combu-

2130 3557 2200 3619 εἰς
2258 3556 2317 3611 τὸ
2385 3557 2485 3624 τὴν
2563 3556 2729 3624 αὐτῆς
2797 3559 3088 3636 παμφάγον
3172 3560 3344 3635 ὁρμὴν
3400 3557 3760 3640 διεγερθεῖσαν

407 3653 499 3708 rat
529 3653 703 3724 atque
734 3644 794 3705 in
826 3644 1092 3707 cinerem
1121 3643 1373 3720 redigat,
1401 3644 1664 3706 motione
1691 3644 1939 3724 indiget,
1968 3648 2045 3708 ita

2130 3645 2296 3703 πάντα
2377 3642 2673 3721 διακαῦσαι,
2768 3649 2855 3703 καὶ
2938 3649 3340 3725 κατατεφρῶσαι
3393 3649 3459 3704 τὰ
3524 3652 3762 3730 περικεί-

409 3734 636 3815 civitas,
668 3733 777 3795 sub
811 3734 1080 3795 daemone
1135 3733 1354 3807 abdita,
1409 3743 1680 3796 mutuum
1732 3735 2042 3797 interitum

2130 3753 2262 3808 μετα
2301 3751 2314 3765 ’
2359 3732 2523 3800 οὕτως
2582 3737 2617 3802 ἡ
2672 3735 2826 3798 πόλις
2878 3736 2979 3791 ὑπὸ
3007 3745 3101 3795 τοῦ
3129 3734 3371 3811 δαίμονος
3414 3738 3652 3805 ὕπουλος
3685 3741 3766 3796 οὗ·

409 3822 496 3885 sic
528 3821 916 3904 parturiebat,
950 3832 1012 3883 ut
1045 3824 1220 3883 etiam
1267 3822 1340 3884 ad
1373 3822 1675 3902 palearum
1706 3825 2040 3905 exemplum

2130 3844 2232 3885 τως
2285 3820 2438 3881 ὤδινε
2501 3824 2591 3892 τὴν
2663 3823 2781 3881 κατ’
2844 3823 3091 3891 ἀλλήλων
3156 3823 3456 3904 διαφθορὰν,
3525 3831 3620 3885 καὶ
3675 3853 3761 3904 μι-

408 3930 608 3994 parva,
640 3930 755 3992 quo
786 3911 980 3973 caedes
1013 3919 1242 3973 mutuas
1294 3911 1630 3987 suscitaret,
1689 3933 2042 3990 ensemque,

2130 3918 2253 3988 κρᾶς
2298 3914 2371 3976 ὡς
2415 3913 2500 3969 Eni
2543 3919 2635 3969 τοῦ
2692 3912 3114 3992 παραδείγματος
3159 3921 3264 3971 τῶν
3328 3917 3550 3996 ἀχύρων
3595 3918 3758 3975 ἐδεῖτο

408 4000 512 4081 qui
538 3999 842 4062 interitum
873 4001 1174 4081 utrimque
1218 4001 1480 4078 afferret,
1516 4002 1804 4068 adversus
1833 4022 2043 4066 omnes

2130 4001 2438 4078 προφάσεως
2521 4003 2593 4065 εἷς
2653 4005 2714 4058 τὸ
2801 4002 3160 4080 ἆναῤῥιπίσαι,
3221 4006 3308 4060 καὶ
3367 4008 3503 4062 κατὰ
3556 4010 3761 4064 πάντων

408 4091 726 4162 emitteret,
762 4107 938 4150 causa
967 4089 1284 4169 indigeret.

2130 4091 2388 4166 ἀστράψαι
2418 4090 2517 4156 τὴν
2546 4089 2946 4171 ἀλληλοφθόρον
2979 4096 3276 4172 μάχαιραν,

484 4179 586 4242 80.
617 4176 692 4240 At
716 4195 879 4256 vero,
911 4178 1147 4240 civitate
1177 4179 1258 4240 ita
1289 4179 1443 4241 male
1475 4179 1872 4262 aﬁ‘ecta,quod
1897 4200 2038 4261 spe-

2205 4181 2265 4237 π¹
2279 4228 2292 4243 ,
2330 4178 2480 4236 Ἀλλ’
2525 4180 2614 4236 οὖν
2645 4180 2783 4238 οὕτω
2814 4190 2978 4239 κακοῦ
3021 4180 3361 4258 διακειμένης
3393 4191 3493 4253 τῆς
3527 4189 3755 4261 πόλεως,

405 4277 597 4330 ratum
631 4265 787 4328 haud
847 4265 1064 4348 fuerat,
1097 4267 1224 4328 fieri
1255 4267 1726 4345 gloriosissimus
1757 4273 2038 4332 certami-

2130 4266 2272 4328 οὖδὲν
2316 4270 2421 4324 τῶν
2454 4269 2814 4344 ἐλπιζομένων
2873 4271 3111 4349 γενέσθαι
3169 4275 3196 4330 ὁ
3245 4273 3563 4341 πανένδοξος
3612 4279 3757 4335 ἆθλο-

402 4374 545 4419 uum
585 4355 807 4418 Christi
860 4355 1048 4418 victor
1099 4355 1422 4429 concessit,
1469 4355 1669 4436 itaque
1715 4357 1854 4419 dum
1887 4361 2039 4421 mala

2130 4362 2279 4440 φόρος
2336 4366 2428 4415 τοῦ
2490 4366 2718 4435 Χριστοῦ
2771 4361 3171 4440 συνεχώρησεν,
3230 4361 3350 4419 ἀλλ’
3394 4364 3566 4431 οὕτως
3607 4367 3659 4423 ἐν
3689 4374 3753 4441 τῷ

404 4445 765 4538 molirentur
795 4443 1131 4538 populi,iras
1163 4443 1470 4538 exstinctae
1499 4444 1806 4538 s_unt.Cum
1841 4447 2038 4528 itaque

2130 4447 2456 4538 Βουλεύερθαί
2499 4449 2564 4504 τὰ
2609 4449 2747 4505 κακᾶ
2803 4450 2925 4514 τοὺς
2983 4447 3184 4526 δήμους
3243 4451 3667 4522 συνεσϐἐσθησαν
3711 4458 3750 4511 οἱ

398 4531 820 4611 inexspectata!
838 4532 1062 4592 irarum
1085 4530 1416 4594 sedationis
1439 4531 1697 4596 celerem
1719 4527 2036 4600 adventum

2130 4538 2294 4611 Ξυμοί,
2341 4527 2536 4599 Ἱκανὸς
2584 4538 2682 4606 μὲν
2727 4538 2821 4594 οὖν
2865 4542 2952 4594 καὶ
2993 4541 3054 4595 τὸ
3103 4540 3287 4618 ἀθρόον
3349 4542 3447 4610 τῆς
3495 4543 3747 4623 ἀπροσδο-

397 4620 474 4682 iis
501 4621 602 4702 qui
631 4619 850 4681 mentis
880 4620 1074 4680 forent
1115 4631 1444 4702 compotes,
1502 4641 1846 4704 comparare
1878 4636 2040 4690 esset

399 4709 730 4784 sufﬁciens,
765 4727 886 4770 non
943 4726 1118 4771 secus
1173 4728 1242 4773 ac
1287 4709 1489 4773 divina
1521 4713 1787 4793 quaedam
1835 4716 2034 4796 provi-

398 4800 590 4859 dentia
624 4798 1045 4872 ineﬂ'abilisque
1067 4809 1398 4860 sanctorum
1418 4803 1864 4873 obumbratio,id
1885 4807 2031 4866 fecit.

400 4887 513 4960 Qui
544 4888 703 4949 enim
733 4885 896 4947 solus
926 4886 1110 4948 corda
1151 4889 1392 4961 creavit,
1427 4907 1520 4964 ea,
1555 4897 1618 4950 ut
1647 4908 1884 4970 aquam,
1916 4912 2032 4972 quo

395 4975 1048 5050 voluerit,inﬂectit.Ne
1071 4993 1212 5038 vero
1235 4995 1440 5038 eorum
1464 4977 1565 5058 qui
1586 4977 1661 5039 de
1691 4980 1853 5042 hisce
1884 5000 2032 5043 con-

397 5064 532 5127 silia
581 5064 918 5142 conferunt,
973 5062 1191 5128 dubius
1237 5065 1464 5127 haereat
1518 5067 1779 5143 animus,
1831 5069 2032 5133 audite

393 5153 554 5232 quod
609 5154 827 5216 factum
879 5161 1015 5230 est;
1075 5153 1296 5229 audite,
1334 5172 1559 5234 quaaso,
1596 5174 1708 5217 nec
1738 5157 1931 5220 solum
1955 5159 2030 5222 ad

391 5241 834 5318 admirandum,
864 5240 970 5303 sed
1014 5251 1077 5305 et
1125 5243 1200 5305 ad
1250 5242 1610 5306 laudandum
1644 5264 1831 5326 usque
1865 5267 2029 5311 mar-

390 5341 579 5415 tyrem
612 5330 1024 5410 cogitationem
1057 5333 1352 5410 excitate;
1379 5335 1523 5414 quin
1571 5335 1691 5397 imo
1715 5337 1854 5417 quid
1887 5357 2024 5417 gra-

390 5428 512 5482 tum
541 5427 600 5482 et
622 5428 930 5500 acceptum
954 5422 1348 5482 certaminum
1373 5423 1579 5485 victori
1603 5423 2028 5506 sit,diligenter

387 5506 816 5584 examinantes,
849 5506 910 5568 id
941 5507 1138 5588 ipsum
1170 5517 1230 5571 et
1251 5528 1360 5571 vos
1381 5527 1451 5572 ex
1478 5518 1594 5572 tota
1622 5513 1820 5576 anima
1844 5515 2024 5580 virtu-

2121 4626 2288 4696 κήτου
2338 4629 2444 4680 τῶν
2496 4627 2668 4702 ὁργῦν
2721 4627 3102 4691 καταπαύσεως
3130 4642 3254 4691 τοῖς
3283 4638 3404 4686 νοῦν
3435 4631 3625 4712 ἔχουσι
3654 4655 3746 4690 πα-

2120 4715 2403 4794 ραστῆσαι,
2466 4715 2538 4777 ὡς
2596 4716 2709 4772 θεία
2756 4737 2832 4780 τις
2877 4717 3117 4797 πρόνοια,
3174 4720 3474 4802 καὶᾼὰγίων
3536 4721 3746 4802 Ξίρρητος

2119 4803 2416 4868 ἐπισκίασις
2474 4804 2534 4860 τὸ
2579 4811 2816 4864 τοιοῦτον
2856 4805 3226 4884 κατώρθωσεν,
3271 4798 3328 4867 Ὀ
3358 4797 3489 4888 ἡγὰρ
3551 4797 3744 4882 Hinc

2117 4893 2422 4966 καταμόνας
2477 4893 2569 4954 τὰς
2620 4892 2859 4974 καρδίας,
2949 4895 3128 4975 τρέπει
3206 4897 3398 4963 ταύτας
3476 4901 3576 4966 ὡς·

2117 4979 2247 5038 ὅπου
2302 4983 2390 5038 καὶ
2432 4980 2702 5057 βούλεται.
2759 4982 2873 5040 ’Ἱνα
2927 4983 2983 5040 δὲ
3038 4986 3118 5060 μὴ
3162 4984 3478 5066 διαμφοδίζῃ
3509 4983 3615 5045 τῶν
3645 4989 3746 5066 περὶ

2118 5077 2276 5127 ταῦτα
2331 5069 2730 5146 βουλευομένων
2783 5075 2810 5129 ὁ
2854 5083 3002 5153 νοῦς,
3063 5074 3326 5132 ἀκούσατε
3358 5078 3418 5132 τὸ
3449 5078 3742 5158 γενόμεᾶον,

2114 5160 2396 5234 ἀκούσατε,
2458 5160 2779 5243 παρακαλῶ,
2823 5164 2912 5220 καὶ
2956 5163 3033 5239 μή
3087 5187 3250 5239 μονον
3293 5163 3394 5229 ἕως
3425 5169 3521 5223 τοῦ
3548 5167 3744 5243 θαυμά-
3805 5226 3807 5229 ,

2116 5272 2225 5323 σαι,
2293 5250 2381 5306 καὶ
2445 5239 2793 5330 δοξολίιγῆσαι
2865 5253 2958 5309 τὸν
3019 5253 3253 5331 μάρτυρα
3287 5301 3305 5328 ,
3356 5254 3458 5322 τὴν
3530 5239 3744 5313 διάνοιαν

2111 5337 2414 5417 διαγείρητε
2447 5357 2462 5373 ·
2511 5338 2650 5398 ἀλλὰ
2691 5341 2758 5396 τὸ
2802 5343 3008 5410 αἱρετὸν
3053 5342 3143 5399 καὶ
3173 5341 3326 5423 φίλον
3356 5351 3434 5417 τῷ
3481 5345 3744 5425 ἀθλοφόρῳ

2109 5427 2619 5498 κατασκοπήσαντες
2671 5427 2925 5508 ἀκριϐῶς,
2993 5431 3120 5489 αὐτὸ
3170 5431 3259 5487 καὶ
3316 5434 3474 5508 ὑμεῖς
3529 5433 3579 5499 ἐξ
3619 5433 3742 5500 ὅλης

2108 5522 2292 5597 ψυχῆς
2337 5519 2425 5573 xxi
2482 5515 2749 5596 δυνάμεως
2811 5520 2946 5578 κατὰ
3003 5520 3104 5586 τὴν
3135 5517 3342 5576 ἔννοιαν
3373 5521 3739 5604 περισφίγξαν-
