3946 6146
2983 206 3016 219 ρ

311 273 468 340 1265
1397 279 1458 344 S.
1505 278 1883 344 DEMETRII

2009 278 2324 343 iRTYRIS
2365 278 2585 344 ACTA.
3516 272 3669 346 1266

306 433 425 490 τες,
477 412 703 481 ὑπήκοοι
762 409 1025 489 ἀκριϐεῖς,
1054 414 1142 470 καὶ
1197 412 1281 470 διὰ
1332 421 1485 473 τοῦτο
1541 416 1750 494 γνήσιοι
1807 411 1922 492 φίλο

2031 417 2206 492 teque
2249 413 2699 493 amplectentes,
2734 411 3096 475 adamussim
3145 409 3498 475 obedientes
3525 429 3667 494 εει·-

305 504 407 569 τῆς
437 500 780 575 ἀγαθωσύνης
813 501 969 558 αὐτοῦ
1012 501 1385 582 ἀναδειχθῆτε,

2037 503 2314 581 manique
2349 520 2454 581 per
2480 501 2540 563 id
2570 500 2846 563 bonitatls
2877 502 3006 581 ejus
3026 501 3199 564 amici
3229 501 3586 582 appareatis.

388 589 486 646 πα’
547 590 664 647 Ἵνα
691 591 790 669 γὰρ
843 591 920 667 μῆ
977 591 1258 670 ἀμφοδίζῃ,
1297 595 1368 660 ὼς
1412 595 1649 673 εἴρηται,
1680 598 1787 648 τῶν
1837 613 1922 669 περ

2115 590 2214 652 81.
2249 590 2334 652 Ne
2366 592 2549 665 enim,
2583 601 2652 651 ut
2691 590 2913 652 dictum
2945 599 3054 667 est,
3089 609 3297 653 eorum
3354 591 3456 672 qui
3489 591 3564 654 de
3590 591 3666 654 iis

302 684 472 734 ταῦτα
522 678 916 754 βουλευομένων
987 682 1015 735 ὁ
1073 688 1212 747 νοῦς,
1274 685 1496 762 πότερον
1565 680 1871 754 αὐτομάτως
1915 703 1922 730 τ

2033 678 2385 756 deliberant,
2438 680 2658 741 dubius
2709 681 2931 742 haereat
2984 682 3237 756 animus,
3298 679 3669 744 malorumno

303 772 413 823 τῶν
471 765 800 834 τηλικούτων
857 768 1034 824 κακῶν
1074 771 1229 849 φορὰ,
1263 770 1385 827 ὅσον
1437 771 1583 827 οὔπω
1637 767 1922 847 προσδογωι

2031 766 2374 847 hujusmodi
2433 786 2668 850 cursus,
2718 769 2820 850 qui
2877 777 3102 832 tantum
3158 788 3278 835 non
3321 777 3666 850 expectatus

302 856 464 930 μένη,
495 857 900 936 κατεκοιμίσθη,
963 858 996 925 ἢ
1052 858 1192 923 τίνος
1240 860 1456 938 προνοίᾳ
1514 865 1669 915 τοῦτο
1718 855 1922 934 γεγένηι

2030 857 2514 938 obvenit,spoute
2541 860 2764 935 sua,’an
2798 860 3127 940 cujuspiam
3161 859 3530 940 providentia
3555 877 3662 922 ac-

298 962 410 1000 ταιο
487 946 572 1000 καὶ
643 944 832 1020 πάλιν,
894 945 986 1002 ἵνα
1047 948 1125 1022 μὴ
1174 946 1626 1027 διαμφιὸάλληται
1673 952 1740 1022 τῇ
1808 947 1922 1002 τίνοη

2027 945 2243 1006 ciderit
2269 966 2284 1015 ;
2317 965 2383 1007 ac
2414 947 2611 1008 denuo
2641 965 2716 1008 ne
2745 947 2996 1029 dubitet,
3029 950 3340 1030 cujusnam
3371 949 3662 1011 interces-

296 1031 551 1110 πρεσϐείᾳ
631 1037 668 1102 ἧ-
748 1035 900 1098 πόλις
973 1035 1033 1092 ἐκ
1118 1044 1223 1092 τῶν
1306 1036 1482 1111 πυλῷν
1547 1043 1639 1093 τοῦ
1721 1035 1922 1092 θανάτοι

2026 1033 2196 1094 sione
2229 1053 2260 1095 e
2287 1035 2492 1096 mortis
2511 1037 2692 1116 portis
2715 1036 2918 1099 civitas
2947 1038 3124 1099 fuerit
3152 1038 3388 1110 educta,
3421 1036 3658 1098 cuidam

295 1120 627 1193 ἀνεσπάσθη,
675 1125 823 1202 ὡφθη
876 1125 977 1179 τινὶ
1035 1124 1151 1181 καθ’
1204 1124 1393 1190 ὕπνους
1464 1128 1656 1181 νεωστὶ
1705 1123 1765 1180 ἐκ
1836 1128 1934 1190 τῆς

299 1199 554 1276 Ἐλλάδος
613 1217 680 1287 τῇ
736 1199 1094 1289 θεσσαλονίκῃ
1151 1213 1566 1294 ἐπιδημήσαντι,
1626 1212 1775 1290 ἀνδρί
1833 1235 1932 1268 κο·-

295 1299 462 1376 σμίῳ,
513 1302 601 1356 καὶ
657 1308 763 1357 τῶν
833 1311 1121 1369 τηνικαῦτα
1175 1310 1267 1359 τοῦ
1339 1302 1628 1382 Ἰλλυρικοῦ
1681 1301 1934 1381 ἐπάρχων

291 1402 566 1465 συγγενεῖ,
643 1390 867 1468 πρώτως
957 1393 1024 1467 τῇ
1100 1391 1254 1447 πόλει
1339 1391 1759 1470 προσπλύσαντι,
1848 1392 1934 1446 καὶ

296 1476 437 1552 μηδὲ
496 1480 559 1534 τὰ
591 1481 873 1554 κινούμενα
925 1479 978 1535 ἐν
1034 1484 1168 1557 αὐτῇ
1219 1482 1303 1537 καὶ
1334 1481 1632 1555 λαλούμενα
1663 1480 1935 1557 ἀπογινώ-

291 1589 501 1646 σκοντι,
532 1569 750 1635 τοιαύτη
808 1591 882 1634 τις
934 1569 1053 1644 ὄψις
1087 1571 1319 1644 ὀνείρων,
1380 1569 1536 1627 Εἶδεν
1587 1569 1768 1628 ἑαυτὸν
1801 1568 1936 1624 Euat-

293 1654 541 1712 ϐαίνοντα
586 1656 677 1713 ἐπΐ
738 1657 835 1724 τήν
893 1659 1077 1735 πηγὴν
1126 1661 1229 1714 τῶν
1285 1659 1544 1737 ἰαμάτων,
1578 1657 1718 1734 κέγω
1769 1656 1833 1723 δὴ
1875 1649 1937 1713 τὸ

2017 1121 2075 1182 in
2100 1141 2334 1203 somno,
2357 1125 2455 1203 qui
2485 1125 2969 1187 Thessalonicam
2996 1145 3029 1189 e
3059 1125 3279 1190 Graecia
3301 1143 3514 1187 recens
3547 1124 3660 1186 ad-

2015 1219 2279 1289 venerat,
2311 1212 2433 1272 viro
2460 1214 2726 1274 modesto
2758 1231 3106 1296 eorumque,
3137 1216 3236 1293 qui
3267 1222 3410 1276 tunc
3442 1213 3658 1294 Illyrici

2017 1299 2280 1380 prmfeui
2302 1309 2772 1381 erant,cognato,
2803 1321 2936 1364 cum
2971 1304 3228 1382 primum
3261 1302 3332 1364 ad
3364 1303 3656 1364 civitatem

2017 1387 2364 1467 appulisset,
2390 1408 2500 1450 nec
2532 1408 2662 1469 quas
2690 1390 2749 1450 in
2781 1409 2851 1452 ea
2885 1391 3118 1454 turbata
3147 1395 3347 1453 essent
3377 1409 3446 1452 ac
3475 1391 3653 1467 dicta,

2021 1483 2332 1556 perspecta
2385 1477 2654 1551 haberet,
2690 1479 3029 1559 hujusmodi
3088 1483 3454 1544 somniorum
3513 1480 3656 1542 visio

2019 1569 2307 1645 apparuit.
2363 1565 2638 1647 Seipsum
2699 1569 2760 1629 in
2810 1569 3187 1632 curationum
3239 1570 3488 1645 fontem,
3523 1568 3657 1632 dico

2019 1662 2213 1714 autem
2270 1655 2330 1714 in
2363 1656 2764 1718 venerandum
2801 1659 3054 1720 maxime
3110 1659 3503 1721 certaminum
3532 1658 3662 1718 vic-

287 1755 384 1804 τοῦ
436 1745 729 1826 ἀθλοφόροι)
785 1749 1086 1804 πάνσεπτον
1142 1747 1382 1827 τέμενος,
1435 1746 1575 1804 ἑθάδι
1623 1746 1771 1822 νόμῷ
1827 1753 1922 1802 τῶι

2022 1741 2165 1800 toris
2195 1743 2508 1822 templum,
2539 1763 2611 1806 ex
2644 1763 2810 1807 more
2845 1764 3049 1808 eorum
3083 1746 3184 1828 qui
3214 1745 3435 1809 civitati
3467 1744 3660 1806 adna—

290 1833 702 1906 προσπλεόντων
761 1843 828 1913 τῇ
878 1834 1055 1916 πόλει,
1100 1835 1194 1892 ἅτε
1250 1834 1316 1904 δὴ
1364 1838 1450 1892 καὶ
1493 1836 1649 1901 αὑτὸς
1709 1837 1929 1913 πρώτως

285 1922 548 1980 εἰσϐαλὼν
578 1924 709 2000 αὒτῇ
720 1969 733 1984 .

369 2011 484 2089 πβ’.
546 2014 685 2070 Εἶτα
714 2012 960 2071 εἰσελθὼν
999 2013 1153 2081 δῆθεν
1200 2015 1254 2070 ἐν
1311 2020 1387 2086 τῷ
1448 2018 1580 2094 ναῷ,
1614 2017 1709 2071 καί
1770 2036 1930 2092 προσ·

285 2099 594 2180 ευξαμενος,
628 2103 724 2174 ὁρᾷ
765 2105 826 2158 τὸ
881 2104 1180 2180 ίερόσκευον
1223 2103 1424 2176 ἐκεῖνο,
1477 2105 1566 2159 καὶ
1616 2101 1930 2181 περικαλλὲς

284 2187 664 2268 δημιούργημκ
718 2193 852 2248 κατὰ
895 2191 1054 2267 μέσον
1097 2202 1189 2252 τοῦ
1237 2199 1364 2249 ναοῦ
1402 2194 1534 2265 πρὸς
1577 2205 1694 2254 τοῖς
1752 2190 1932 2258 λαιοτς

283 2278 540 2355 πλευροῖς
606 2278 947 2359 ἐφιδρυμένον
1006 2281 1254 2360 ἑξαγώνῳ
1314 2283 1580 2360 σχήματι,
1640 2283 1807 2337 κίοσιν
1878 2280 1931 2346 ἓξ

281 2370 372 2424 καὶ
429 2371 633 2448 τοίχοις
689 2370 1002 2448 ἰσαρίθμοις,
1039 2369 1092 2436 ἐξ
1149 2370 1371 2450 ἀργύρου
1425 2369 1640 2443 δοκίμου
1692 2371 1780 2426 καὶ
1811 2369 1931 2427 δικ-

282 2456 656 2536 γεγλυμμένου
726 2459 1170 2538 μεμορφωμένον,
1220 2463 1308 2516 καὶ
1357 2460 1454 2528 τήν
1496 2459 1692 2538 ὀροφὴν
1751 2459 1930 2516 ὡσαύ-

279 2568 406 2620 τως,
471 2546 577 2603 ἆπό
621 2552 729 2603 τῶν
787 2546 1064 2626 ἓξαγώνων
1121 2548 1360 2628 πλευρῶν
1429 2547 1754 2627 κυκλορικῶς
1829 2548 1929 2604 ἆν-

282 2636 542 2714 ίσχουσαν
607 2638 695 2692 καὶ
765 2639 838 2699 εἷς
910 2639 1035 2711 μίαν
1109 2637 1441 2717 στρογγύλην
1503 2640 1573 2700 ὡς
1645 2636 1704 2694 ἐκ
1767 2636 1928 2700 ποδὸς

275 2724 654 2802 ἀπολήγουσιν
711 2724 968 2801 σύνδεσιν,
1029 2729 1258 2805 σφαῖραν
1319 2749 1373 2783 τε
1443 2726 1696 2804 ἀργυρέαν
1756 2725 1924 2803 μεγέ-

275 2816 396 2877 θους
455 2813 513 2868 οὔ
572 2821 760 2892 μικροῦ
816 2814 1069 2894 φέρουσαν
1126 2814 1346 2895 ἄνωθεν,
1379 2815 1467 2896 ὑφ’
1511 2815 1576 2883 ἣν
1621 2816 1694 2877 ὡς
1747 2815 1925 2892 κρίνου

275 2900 495 2977 βλαστοὶ
567 2904 856 2977 θαυμάσιοι
921 2905 1288 2984 περιέχονται,
1334 2907 1409 2958 ὢν
1478 2905 1690 2960 πάντων
1750 2903 1929 2959 ἐπάνω

274 2993 339 3047 τὶ
397 2992 532 3048 κατᾶ
564 2999 654 3048 τοῦ
710 2993 934 3049 θανάτου
986 2996 1229 3072 πεπηγὸς
1287 2995 1538 3072 τρόπαιον
1569 2989 1924 3068 ἀκτινοϐολεϊ,

271 3085 352 3152 τῷ
407 3081 502 3156 μὲν
564 3081 800 3160 ἀργυρέῳ
877 3079 1308 3161 δημιουργήματι
1366 3084 1460 3146 τὰς
1531 3089 1621 3139 τοῦ
1681 3084 1928 3157 σώματος

2015 1830 2240 1924 vigent,
2279 1831 2653 1924 ingrediente
2701 1834 2850 1912 (erat
2898 1836 3056 1896 enim
3107 1843 3166 1897 et
3219 1835 3349 1916 ipse
3398 1833 3654 1916 primum

2013 1919 2075 1977 in
2102 1919 2254 1980 hanc
2284 1920 2557 2001 veniens)
2593 1924 2931 2002 conspexit.

2091 2007 2187 2068 82.
2223 2007 2452 2071 Deinde
2476 2028 2615 2072 vero
2646 2029 2779 2072 cum
2812 2013 2872 2073 in
2908 2013 3194 2094 templum
3225 2020 3388 2074 esset
3415 2018 3650 2090 ingres-

2013 2114 2134 2171 sus,
2195 2107 2565 2178 orassetque,
2625 2100 2772 2161 vidit
2814 2119 3046 2162 sacrum
3111 2101 3254 2163 illud
3325 2100 3664 2182 pulcherri-

2015 2205 2300 2263 mumque
2357 2206 2530 2268 opus,
2598 2189 2659 2249 in
2719 2189 2918 2250 medio
2968 2190 3174 2270 templi
3232 2189 3304 2250 ad
3355 2189 3656 2251 sinistram

2014 2276 2200 2353 figura
2258 2278 2635 2355 sexangulari
2698 2286 2985 2352 erectum,
3021 2279 3316 2340 columnis
3348 2295 3449 2339 sex
3513 2277 3656 2339 toti-

2019 2365 2275 2446 demque
2327 2365 2613 2428 lateribus
2643 2386 2676 2428 θ
2733 2367 2978 2448 probato
3008 2368 3360 2448 sculptoque
3407 2375 3656 2446 argento

2016 2454 2363 2535 formatum,
2399 2455 2794 2536 similiterque
2845 2464 2903 2518 et
2947 2457 3265 2537 fastigium,
3301 2455 3656 2535 sexangula-

2012 2543 2180 2605 ribus
2231 2544 2291 2604 in
2324 2544 2575 2606 circuitu
2609 2545 2893 2607 lateribus
2952 2546 3282 2626 suffultum,
3315 2554 3374 2606 et
3403 2546 3570 2623 quasi
3622 2562 3656 2607 a

2013 2632 2137 2694 basi
2189 2632 2250 2694 in
2284 2634 2603 2696 rotundam
2641 2635 3046 2714 colligaturam
3077 2634 3404 2712 destinens,
3436 2652 3654 2714 argen-

2011 2732 2290 2803 teamque
2339 2722 2764 2802 magnitudinis
2794 2725 2949 2786 haud
2983 2741 3177 2805 parvas
3223 2725 3514 2805 sphaeram
3547 2741 3650 2785 su-

2012 2813 2216 2892 perius
2264 2811 2489 2885 ferens,
2523 2813 2632 2874 sub
2687 2831 2804 2893 qua
2865 2814 3034 2894 mira,
3094 2813 3254 2875 velut
3303 2811 3649 2888 cucurbita,

2011 2901 2276 2979 germina
2330 2902 2734 2978 continentur,
2769 2919 2945 2981 supra
2977 2920 3108 2983 quae
3145 2903 3349 2963 omnia
3391 2901 3650 2964 deﬁxum

2010 2989 2295 3051 adversus
2367 2999 2620 3052 mortem
2693 2999 3006 3072 tropaeum,
3065 2991 3312 3063 vivifica,
3373 2991 3529 3066 dico,
3582 3008 3651 3052 ac

2009 3079 2348 3140 veneranda
2384 3078 2497 3141 Dei
2551 3087 2608 3141 et
2639 3079 2964 3142 Servatoris
3012 3081 3200 3142 nostri
3250 3098 3414 3154 crux,
3449 3080 3656 3141 radios

271 3155 424 3243 ὄψεις
486 3155 882 3247 παρασκευάζον
941 3155 1353 3244 ἐκπλήττεσθαι,
1411 3176 1480 3248 τῇ
1528 3168 1582 3226 δὲ
1645 3155 1922 3248 τοῦήΧρι-

2012 3167 2364 3247 ejaculatur,
2417 3176 2694 3247 argentea
2751 3169 2992 3248 quidem
3047 3178 3342 3231 structura
3385 3168 3653 3249 corporis

271 3265 401 3315 στοῦ
461 3260 640 3328 νοήσει
671 3260 793 3322 τοὺς
853 3265 952 3326 τῆς
982 3257 1216 3323 διανοίας
1274 3258 1572 3338 ὀφθαλμοὺς
1604 3272 1716 3323 τοῖς
1763 3261 1926 3336 ούρα-

271 3348 400 3408 νίοις
465 3348 799 3426 καταυγάζον
897 3349 1250 3428 χαρίσμασιν,
1324 3351 1351 3405 ὁ
1437 3349 1692 3429 ζωποιὶις,
1763 3349 1923 3430 φημὶ,

268 3435 369 3492 xz?
427 3437 626 3512 tipto;
669 3446 764 3496 τοῦ
837 3444 967 3496 Θεοῦ
1035 3439 1121 3496 καὶ
1193 3443 1446 3518 Σωτῆρος
1516 3439 1672 3514 ἡμῶν
1758 3459 1923 3494 σταυ-

266 3525 382 3605 ρός.

349 3613 468 3691 πγ’.
529 3622 692 3672 Τοῦτο
745 3613 810 3684 δὴ
846 3617 906 3672 τὸ
953 3615 1284 3695 θεοδώρητον
1313 3615 1595 3694 τέχνασμα
1637 3617 1770 3672 κατὰ
1799 3618 1919 3679 τοὺς

266 3702 462 3765 ὕπνους
520 3704 548 3758 ὁ
578 3703 711 3780 ἀνὴρ
769 3703 822 3758 ἐν
851 3711 929 3778 τῷ
986 3709 1094 3779 νάῷ
1123 3704 1442 3780 θεασάμενος
1497 3705 1558 3760 τὸ
1601 3703 1726 3782 παρ’
1783 3707 1918 3776 ἡμῖν

266 3789 595 3866 καλούμενον
683 3793 1003 3870 ἆγιὰσμένον
1087 3792 1353 3872 κιϐώριον,
1429 3793 1680 3866 ἐπηρώτα
1766 3792 1917 3860 δῆθεν

266 3886 390 3942 τοὺς
447 3879 698 3953 πλησίον,
732 3880 791 3937 Τί
848 3887 1026 3961 τοῦτο,
1080 3881 1317 3960 ἀδελφοὶ,
1352 3883 1412 3938 τὸ
1467 3882 1920 3957 καινοθαύμαστον

266 3968 502 4042 ποίημα,
539 3969 672 4024 κατὰ
710 3970 774 4025 τὸ
829 3968 1000 4044 μῆκος
1061 3979 1152 4028 τοῦ
1209 3980 1335 4028 ναοῦ
1393 3969 1553 4045 μέσον
1612 3969 1916 4052 ἐφίδρυταις

267 4058 330 4113 οὗ
383 4058 482 4135 γὰρ
513 4056 574 4111 ἂν
634 4057 831 4124 ταύτην
884 4057 1086 4138 εἰλήφει
1142 4060 1237 4126 τὴν
1283 4059 1473 4135 νώραν,
1522 4061 1564 4114 εἰ
1609 4062 1686 4135 μὴ
1747 4060 1920 4136 μεγαί-

266 4143 370 4210 λης
414 4149 559 4208 τινὸς
609 4145 795 4214 ἠξίωτο
837 4149 935 4214 τῆς
967 4148 1302 4226 προφάσεως.
1350 4148 1464 4205 Τῶν
1495 4146 1548 4202 δὲ
1605 4149 1910 4228 φησάντων,

266 4237 342 4300 ὡς
405 4232 618 4291 Ἐκεϊσε
683 4236 824 4313 παρὰ
879 4243 983 4291 τῶν
1055 4236 1294 4314 πατέρων
1349 4237 1648 4310 ἠκούσαμεν
1699 4241 1914 4314 ,κεῖσθαι

264 4326 576 4398 θεοπρεπῶς
645 4303 978 4402 ὕπερὲνδοξον
1036 4303 1325 4404 ἀθλοφόροι]
1392 4303 1720 4404 Δημήτριορί,
1782 4326 1912 4383 Ἐπ’

267 4414 519 4491 εθύμουν,
551 4413 652 4492 ἔφη
699 4415 726 4468 6
783 4413 938 4490 ἀνὴρ,
985 4418 1082 4479 τῆς
1143 4415 1278 4469 κατὰ
1335 4416 1395 4470 τὸ
1447 4413 1589 4471 ἔνδον
1654 4416 1911 4492 ὁράσεως,

269 4504 330 4560 Οἱ
406 4500 461 4557 δὲ
520 4501 855 4558 ὑπεδείκνυον
913 4502 1056 4575 αύτῷ
1125 4504 1212 4558 τὸν
1277 4505 1432 4579 πρὸ;’
1462 4517 1584 4565 ταῖς
1639 4504 1912 4583 ἆργυρέαις

267 4594 445 4668 θυραις
501 4592 785 4664 ἱστάμενον
836 4593 1107 4667 ὑπηρέτην
1164 4595 1242 4666 μὴ
1297 4591 1418 4647 ἄνευ
1447 4593 1629 4648 τούτου
1685 4615 1917 4670 φασκον-

266 4701 356 4744 τες
379 4680 496 4736 οἷόν
532 4700 590 4735 τε
614 4681 756 4737 εἶναί
789 4703 904 4736 τινα
954 4684 1058 4738 τῶν
1112 4679 1224 4737 ἔδον
1279 4695 1491 4760 τυχεῖν
1537 4684 1583 4754 ᾧ
1609 4684 1696 4737 καὶ
1747 4703 1914 4758 προσ-

267 4770 434 4825 ελθὼν
503 4772 530 4825 ὁ
602 4771 734 4846 ἀνὴρ
786 4767 928 4837 ἠξίου
988 4768 1265 4848 ἀνοιγῆναι
1325 4772 1506 4846 αὖτοῦ,
1553 4775 1916 4848 προσκυνῆσαι

265 4856 576 4936 βουλομένῳ
630 4859 718 4916 καὶ
775 4860 1090 4936 ἁγιασθῆναι
1137 4859 1205 4925 τῆ
1261 4859 1580 4938 θεοπαρόχῳ
1626 4867 1718 4916 τοῦ
1769 4859 1913 4932 μνή-

267 4969 434 5022 ματος
467 4947 650 5028 χάριτι
661 4991 673 5006 .

352 5034 461 5094 πδ’.
518 5044 621 5094 Τοῦ
650 5034 703 5092 δὲ
764 5035 1114 5101 διανοὶξαντος
1145 5037 1237 5100 τὰς
1297 5037 1475 5116 θύρας,
1510 5049 1677 5112 μήπω
1734 5036 1910 5092 εἰσελ-

267 5125 374 5182 θὼν
425 5126 452 5181 ὁ
496 5124 654 5202 ἆνὶρ,
686 5124 830 5182 εἶδεν
863 5125 959 5199 μὲν
1013 5126 1072 5181 τὸ
1115 5128 1201 5182 καὶ
1243 5128 1381 5200 ἡμῖν
1413 5128 1680 5201 ὁρώμενον
1739 5125 1904 5202 ἀργύ-

265 5235 384 5294 ρεον
441 5215 578 5270 κατὰ
635 5216 693 5270 τὸ
750 5214 910 5288 μέσον
978 5214 1247 5292 ἱδρυμένον
1317 5215 1496 5293 ὥσπερ
1567 5212 1904 5294 σκιμπόδιον,

265 5313 361 5360 τοῦ
393 5304 527 5358 κατὰ
583 5304 643 5358 τὸ
691 5305 818 5382 πρὸς
862 5302 1100 5384 κεφαλῆς
1159 5303 1316 5381 μέρος
1373 5304 1551 5384 θρόνον
1597 5306 1715 5360 τινὰ
1759 5303 1906 5380 λαμ-

266 5393 400 5469 πρὸν
458 5390 516 5445 ἐκ
573 5393 790 5472 χρυσίου
840 5394 928 5448 καὶ
989 5390 1145 5449 λίθων
1215 5392 1520 5452 πολυτελῶν
1582 5415 1906 5451 κατεσκευα-

266 5479 489 5556 σμένον,
550 5483 636 5536 καὶ
701 5482 792 5536 τὸν
853 5479 1156 5545 πανὲνδοξον
1199 5481 1490 5562 ἀθλοφόρον
1553 5491 1643 5540 τοῦ
1686 5491 1910 5562 Χριστοῦ

272 5568 582 5648 Δημήτριον
638 5569 973 5654 ἐφεζόμενον,
1032 5568 1200 5634 οὕτως
1251 5571 1418 5646 ἄποίῳ
1473 5575 1718 5654 σχήματι
1774 5572 1911 5629 κατὰ

2011 3256 2216 3318 oculos
2274 3256 2520 3336 percelli
2567 3256 2814 3332 faciens,
2867 3257 3082 3320 Christi
3115 3266 3311 3319 autem
3369 3257 3650 3320 conside-

2008 3345 2244 3407 ratione
2293 3344 2635 3407 coelestibus
2666 3345 2870 3424 gratiis
2925 3347 3142 3409 mentis
3173 3348 3378 3410 oculos
3425 3346 3655 3409 illumi-

2009 3453 2178 3497 nans.

2087 3613 2188 3675 85.
2224 3613 2347 3672 Hoc
2369 3619 2565 3673 autem
2591 3612 2873 3674 divinitus
2893 3611 3092 3673 datum
3115 3612 3258 3672 artis
3289 3628 3460 3692 opus,
3491 3614 3652 3692 quod
3729 3652 3746 3673 ε

2007 3719 2240 3762 sacrum
2267 3701 2420 3780 apud
2454 3718 2561 3762 nos
2593 3699 2882 3762 ciborium
2926 3709 3187 3777 vocatur,
3223 3701 3311 3762 vir
3335 3701 3396 3762 in
3426 3700 3650 3780 templo

2007 3808 2140 3851 cum
2183 3789 2448 3865 vidisset,
2484 3805 2587 3849 eos
2613 3791 2713 3868 qui
2759 3807 2942 3869 prope
2970 3799 3163 3870 erant,
3195 3789 3458 3869 rogabat,
3492 3789 3647 3861 Quid

2003 3877 2174 3953 illud,
2209 3877 2437 3942 fratres.
2475 3895 2688 3938 novum
2739 3877 3074 3939 mirandum
3106 3896 3255 3958 opus
3283 3877 3356 3938 ad
3389 3877 3646 3939 mediam

2004 3967 2205 4047 templi
2243 3966 2462 4046 (neque
2513 3967 2697 4045 enim,
2734 3965 2846 4026 nisi
2881 3984 3091 4044 magna
3138 3983 3316 4028 causa
3346 3965 3640 4044 subesset,

2003 4056 2195 4117 locum
2232 4054 2396 4116 illum
2429 4055 2776 4134 accepisset)
2812 4055 3238 4132 longitudinem
3272 4063 3362 4117 est
3403 4064 3644 4118 exstru-

1999 4151 2193 4207 ctum?
2223 4143 2344 4206 Illis
2367 4151 2561 4205 autem
2587 4142 2923 4204 dicentibus
2950 4163 2963 4205 :
3000 4143 3148 4216 Quia
3170 4144 3391 4206 ibidem
3416 4145 3642 4220 glorio-

1999 4235 2304 4296 sissimum
2355 4234 2745 4295 certaminum
2797 4215 3080 4296 victorem
3141 4215 3528 4309 Demetrium,
3577 4243 3640 4295 ut
3687 4215 3710 4251 ⁵

1999 4324 2280 4386 Sanctum
2335 4323 2534 4392 decet,
2562 4322 2788 4401 jacere,
2824 4340 2856 4383 e
2903 4321 3228 4400 majoribus
3254 4321 3585 4382 audivimus
3619 4344 3635 4398 ;

1998 4414 2362 4487 desiderem,
2399 4411 2546 4473 dixit
2594 4412 2704 4485 vir,
2734 4428 2868 4487 quae
2894 4410 3048 4470 intra
3095 4410 3510 4484 sunt,.videre.
3544 4410 3638 4473 Illi

1999 4513 2195 4565 autem
2225 4503 2538 4572 famulum.
2558 4501 2658 4580 qui
2685 4509 2822 4562 ante
2846 4507 3156 4578 argenteas
3178 4501 3397 4580 januas
3419 4499 3630 4582 stabat,

1999 4592 2055 4652 ei
2111 4591 2518 4662 ostenderunt,
2553 4607 2914 4670 quemquam
2967 4607 3036 4649 ea
3085 4606 3218 4668 quae
3268 4589 3424 4650 intra
3479 4597 3634 4661 sunt.

1999 4680 2268 4741 obtinere
2300 4678 2523 4758 absque
2579 4678 2683 4738 illo
2737 4696 2913 4755 posse
2958 4687 3290 4759 negantes;
3337 4678 3411 4739 ad
3457 4697 3636 4759 quem

1998 4771 2174 4829 etiam
2233 4767 2318 4829 vir
2345 4766 2663 4840 accedens,
2701 4765 2839 4840 sibi,
2874 4765 3124 4828 adorare
3170 4767 3558 4845 praestitaque
3604 4785 3640 4828 a

1997 4856 2117 4918 Deo
2151 4858 2517 4917 monumenti
2545 4859 2731 4934 gratia
2759 4853 3123 4916 sanctiﬁcari
3150 4856 3390 4934 volenti,
3417 4855 3636 4936 aperiri

2035 4947 2254 5008 etebat.

2035 4966 2254 5008 erepat.

1993 4966 2029 5026 Ρ
2074 5035 2326 5098 84.(]ιιηι
2351 5042 2545 5096 autem
2572 5032 2623 5095 is
2637 5033 2852 5111 januas
2873 5031 3225 5112 aperuisset,
3261 5031 3349 5092 vir
3367 5032 3630 5093 nondum

1993 5125 2300 5202 ingressus
2335 5124 2477 5185 vidit
2505 5122 2773 5204 quidem,
2804 5121 2909 5198 qui
2939 5128 2997 5182 et
3025 5139 3058 5182 a
3098 5119 3272 5180 nobis
3299 5119 3465 5181 visus
3494 5121 3626 5197 fuit,

1990 5214 2159 5294 quasi
2213 5214 2488 5276 lectulum
2534 5220 2878 5292 argenteum
2914 5210 2972 5271 iu
3023 5207 3218 5270 medio
3244 5215 3628 5290 exstructum,

1991 5304 2170 5382 hujus
2199 5303 2269 5364 ad
2304 5321 2432 5365 eam
2464 5319 2598 5382 quae
2624 5301 2696 5363 ad
2728 5309 2902 5380 caput
2940 5306 3052 5372 est,
3087 5305 3314 5376 partem
3350 5297 3627 5359 thronum

1992 5413 2167 5474 quem
2179 5393 2502 5473 piam,auro
2520 5387 3346 5472 aplendidum,praetiosisque
3367 5404 3398 5447 e
3421 5386 3631 5466 lapidi-

1994 5487 2101 5542 bus
2136 5496 2485 5555 paratum,ac
2510 5481 2982 5557 gloriosissimum
3015 5483 3392 5538 certaminum
3421 5478 3630 5535 Christi

1994 5570 2278 5633 victorem
2331 5569 2697 5642 Demetrium
2765 5565 2891 5647 tali,
2946 5567 3102 5654 quali
3163 5569 3222 5628 in
3276 5561 3629 5650 imaginibus
