3946 6146
1011 191 1050 221 ς

330 252 502 322 1267.

1683 252 2332 319 SUPPLEMENTUM.

3560 249 3702 316 1268

329 385 692 469 depingitur,
718 385 918 450 habitu
953 385 1264 450 sedentem
1297 406 1312 461 ;
1343 386 1414 449 ad
1449 404 1577 450 eam
1611 395 1971 466 autem,qn.'e

2205 386 2410 450 εἰκόνας
2441 383 2784 465 ἐγγράφεται,
2817 384 2952 442 κατὰ
3005 381 3060 440 δὲ
3119 384 3180 441 τὸ
3239 385 3370 463 πρὸς
3400 399 3518 450 τοῖς
3577 385 3702 440 ποσῖ

331 477 408 538 ad
466 476 672 540 lectuli
701 476 886 557 pedes
937 485 1050 547 est,
1087 483 1310 556 partem
1367 476 1646 537 thronum
1699 476 1975 549 alterum,

333 566 716 648 splendidum
750 565 988 645 quidem
1014 574 1070 625 et
1102 565 1298 645 illum,
1333 573 1522 628 totum
1551 576 1746 626 autem
1782 585 1848 625 ex
1891 581 1985 625 ar-

340 664 519 734 gento
549 654 832 730 solidum,
865 655 922 715 in
954 653 1112 733 quod
1147 653 1456 715 mulierem
1503 653 1838 732 quampiam
1870 653 1980 713 de-

338 744 767 818 centissimam,
832 741 1078 822 visuque
1134 741 1469 822 pulchram,
1503 741 1815 821 splendide
1873 759 1982 802 nec

337 834 638 914 superﬂue
717 831 1016 905 vestitam,
1065 832 1374 893 sedentem
1442 829 1677 892 videbat
1735 830 1983 910 ﬁxisque

341 920 532 982 oculis
579 920 639 980 in
673 927 990 999 martyrem
1039 919 1390 980 intuentem.
1424 919 1532 983 Vir
1563 919 1688 979 haec
1740 919 1982 998 conspi-

339 1017 503 1071 catus
575 1008 805 1087 ingredi
874 1007 1312 1087 quodammodo
1389 1007 1606 1078 timuit,
1670 1016 1982 1087 martyrem

343 1097 625 1159 nimirum
659 1115 792 1158 cum
834 1096 928 1177 pia
959 1096 1218 1173 quadam
1252 1095 1554 1176 nobilique
1585 1095 1803 1157 femina
1833 1096 1982 1157 soli-

341 1185 556 1249 tariam
589 1185 808 1248 ibidem
837 1185 1056 1263 degere
1087 1184 1446 1264 suspicatus.

423 1274 526 1338 85.
585 1275 730 1336 Cum
763 1282 957 1334 autem
1011 1273 1134 1349 ille,
1169 1272 1229 1333 in
1278 1274 1455 1334 animi
1507 1274 1986 1335 consternatione

343 1371 509 1426 extra
532 1369 1026 1442 stans,maneret,
1052 1361 1319 1423 mulieris
1354 1363 1744 1441 martyrisque
1767 1363 1985 1424 decore

345 1451 806 1532 obstupefactus,
838 1451 965 1512 loco
988 1468 1239 1528 surgens
1265 1450 1477 1512 mulier
1509 1450 1673 1512 exire
1696 1471 1726 1513 e
1757 1451 1983 1512 ciborio

267 1561 273 1566 ‘
343 1541 689 1614 conabatur,
719 1541 944 1620 impetu
975 1547 1172 1602 autem
1200 1541 1452 1600 maxime
1477 1559 1728 1617 surgens
1750 1552 1806 1602 et
1836 1560 1986 1600 mar-

347 1638 436 1710 tyr
466 1648 642 1692 manu
696 1629 856 1690 illam
887 1628 1134 1690 retinuit
1182 1637 1621 1708 retractamque
1651 1630 1710 1690 in
1773 1631 1985 1690 throno

2059 477 2152 530 τοῦ
2205 472 2467 553 κραόατου
2511 476 2669 551 μέρος
2717 473 2893 548 ἕτερον
2949 473 3128 550 θρόνον
3187 473 3430 552 λαμπρὸν
3484 475 3579 549 μὲι
3624 477 3708 529 καὶ

2064 565 2240 639 αὺτὸν,
2309 562 2357 628 ἒξ
2443 564 2664 642 ἀργύρου
2745 561 2799 617 δὲ
2860 563 3031 619 πάντα
3102 564 3468 640 συγκείμενον,
3525 562 3608 640 ἔφ’
3664 566 3710 636 ᾧ

2061 652 2422 726 κατεζομένης
2494 655 2588 729 ὁρᾷ
2648 651 2878 729 γυναῖκά
2953 673 3070 707 τινα
3129 651 3556 730 εὑπρεπεστάτην
3625 654 3714 708 καὶ

2063 741 2288 813 κοσμίαν
2357 739 2553 814 ἷδέσθα,
2608 745 2951 818 σεμνοτρανῶς
3007 741 3096 796 καί
3163 739 3450 819 ἀπερίττως
3510 742 3714 819 ἠμφιε-

2064 828 2290 903 σμένην,
2348 831 2434 884 καὶ
2489 829 2671 891 ἀτενὲς
2733 829 2862 905 πρὸς
2923 830 3013 885 τὸν
3089 830 3324 907 μάρτυρα
3392 830 3713 905 βλέποόσαν.

2066 923 2242 974 Ταῦτα
2297 916 2416 974 ἰδὼν
2449 920 2476 974 6
2535 919 2666 996 ἀνὴρ
2697 915 2978 984 ηὑλαϐἧθη
3035 918 3214 994 ὥσπερ
3272 919 3524 975 εἰσελθεῖν
3575 921 3714 976 ὑπο-

2065 1007 2307 1075 τοπήσας
2377 1008 2468 1063 τὸν
2524 1008 2759 1086 μάρτυρα
2819 1007 2954 1080 μετά
3007 1028 3148 1070 τινος
3214 1005 3367 1074 δῆθεν
3437 1004 3714 1064 θεοσεϐοῦς

2067 1094 2152 1150 καὶ
2179 1092 2426 1172 λαμπρὰς
2459 1097 2704 1173 γυναικὺν
2736 1093 2972 1164 ἱδιάζειν.

2320 1263 2412 1336 Ὠς
2469 1271 2522 1328 δὲ
2581 1272 2882 1347 μεμένηκεν
2924 1274 2978 1329 ὲν
3031 1273 3286 1344 ἐκπλήξει
3346 1275 3551 1335 ἐκεῖνος
3612 1273 3712 1338 ἔξω

2064 1361 2363 1435 ἱστάμενος,
2397 1369 2463 1435 τῇ
2523 1361 2803 1437 εὐπρεπείᾳ
2834 1368 2932 1430 τῆς
2990 1366 3235 1440 γυναικὸς
3279 1365 3366 1420 καὶ
3424 1367 3512 1419 τοῦ
3567 1364 3712 1440 μάρ-

2073 1471 2219 1526 τυρος
2323 1449 2767 1526 ἐκθαμϐούμενος,
2841 1453 3108 1509 ἀναστᾶσα
3208 1452 3357 1520 δῆθεν
3443 1455 3478 1520 ἡ
3585 1455 3716 1529 γυνῆ

2069 1537 2316 1616 ἐπειρᾶτο
2386 1538 2574 1605 ἐξιέναι
2637 1544 2725 1596 τοῦ
2795 1539 3061 1620 κιϐωρίου,
3145 1533 3314 1617 Ὀρμῇ
3371 1540 3425 1597 δὲ
3492 1543 3720 1619 μεγίστῃ

2070 1623 2348 1692 διαναστὰς
2402 1630 2547 1684 καὶὸ
2607 1630 2804 1705 μάρτυς
2864 1629 3130 1709 κατέσχεν
3162 1631 3325 1696 αὑτὴν
3363 1632 3456 1695 τῆς
3507 1633 3720 1710 χειρὸς,

2143 1270 2252 1330 πε’.

343 1737 453 1780 suo
484 1735 694 1780 rursus
717 1718 950 1791 locavit,
980 1717 1208 1778 dicens:
1243 1719 1360 1778 Per
1387 1717 1708 1778 Dominum
1743 1736 1817 1778 ne
1850 1719 1982 1780 hinc

2152 1719 2166 1771 i
2219 1715 2439 1780 ἑλκύσας
2474 1717 2635 1773 πάλιν
2689 1718 2774 1774 ἐπὶ
2816 1723 2906 1774 τὸν
2935 1721 3116 1795 θρόνον
3170 1721 3332 1785 αὐτῆς
3362 1720 3568 1790 καθέξει
3625 1723 3724 1776 αὑ-

343 1826 520 1871 exeas
571 1808 996 1887 relinquasque
1049 1806 1394 1880 civitatem;
1443 1807 1498 1866 ei
1531 1807 1692 1867 enim
1748 1825 1990 1886 semper

343 1897 612 1978 quidem,
651 1901 902 1957 maxime
936 1903 1132 1956 autem
1166 1895 1443 1974 praesenti
1477 1903 1747 1974 tempore
1778 1914 1987 1957 neces-

343 1987 500 2048 saria
521 1984 762 2047 es.Cum
792 1991 984 2044 autem
1011 1983 1136 2045 hac
1161 1985 1251 2044 vir
1272 1984 1619 2053 audivisset,
1648 1983 1987 2046 mulierem-

345 2093 458 2151 que
507 2079 566 2135 in
599 2079 806 2136 throno
855 2091 962 2134 suo
1011 2090 1212 2134 rursus
1260 2077 1574 2143 sedentem,
1607 2077 1988 2149 similiterque

346 2163 826 2236 gloriosissimum
861 2162 1234 2218 certaminum
1263 2161 1545 2218 Victorem
1579 2165 1634 2219 in
1663 2166 1866 2219 throno
1888 2179 1988 2220 au-

343 2265 448 2310 reo
479 2246 742 2326 vidisset,
767 2246 926 2308 exire
949 2245 1040 2307 vel
1067 2245 1208 2325 quid
1230 2245 1500 2326 proloqui
1526 2265 1708 2308 ausus
1732 2267 1848 2308 non
1873 2257 1983 2320 est,

344 2339 476 2420 sed,
525 2337 670 2400 foris
698 2339 1034 2400 reverentia
1079 2337 1359 2416 exhibita,
1391 2337 1594 2419 abivit,
1626 2339 1736 2400 hoc
1789 2339 1986 2401 solum

345 2426 420 2491 ab
452 2427 720 2489 adstante
753 2426 1034 2487 nimirum
1069 2425 1288 2487 famulo
1319 2426 1670 2490 sciscitatus:
1707 2427 1809 2489 Dei
1845 2429 1987 2489 mihi

343 2534 453 2598 per
481 2516 669 2578 Deum
709 2537 722 2579 :
759 2533 1032 2592 quamam
1062 2515 1160 2576 illa
1193 2515 1412 2576 mulier
1443 2515 1571 2577 sola
1600 2535 1732 2577 cum
1769 2516 1986 2580 Sancto

344 2605 611 2668 sedens?
658 2605 764 2668 llle
793 2612 988 2666 autem
1048 2603 1402 2684 respondit:
1449 2603 1616 2665 Tune
1663 2605 1824 2666 solus
1855 2625 1984 2666 eam

343 2693 634 2776 ignoras?
684 2695 895 2758 Omnis
946 2693 1150 2754 civitas
1204 2711 1331 2754 eam
1394 2694 1578 2767 novit,
1628 2712 1986 2775 semperque

347 2786 526 2847 etiam
578 2782 849 2845 eamdem
883 2801 1017 2843 cum
1071 2790 1323 2861 martyre
1354 2782 1600 2845 tersari.
1634 2781 1742 2844 Ille
1790 2793 1984 2844 autem

345 2872 660 2950 respondit
692 2893 706 2933 :
743 2870 962 2934 Verum
1010 2887 1144 2950 ego,
1181 2870 1534 2950 peregrinus
1585 2891 1719 2933 cum
1755 2871 1894 2952 sim,
1928 2873 1985 2934 id

350 2963 581 3043 ignoro.
641 2961 889 3042 Propter
937 2959 1287 3022 charitatem
1340 2979 1412 3022 ne
1442 2961 1733 3038 invideas,
1767 2963 1870 3024 sed
1932 2973 1990 3024 et

341 3071 563 3115 nomen
609 3051 752 3112 mihi
785 3050 1072 3112 edissere.

430 3141 528 3204 86.
579 3139 864 3203 Famulus
892 3147 1088 3199 autem
1121 3137 1433 3218 respondit
1467 3156 1480 3200 :
1531 3137 1668 3200 Haec
1701 3148 1789 3201 est
1831 3149 1995 3201 recta

351 3246 551 3290 rerum
587 3246 692 3308 per
727 3227 1043 3289 Dominum
1077 3226 1369 3286 ordinatio
1398 3228 1542 3301 (59),
1572 3245 1748 3307 quam
1774 3230 1932 3289 Deus
1960 3249 1992 3291 a

349 3316 537 3378 multo
569 3324 838 3395 tempore
869 3315 1260 3375 certaminum
1293 3315 1498 3375 victori
1532 3317 1853 3379 commisit.
1885 3316 1991 3379 Hic

348 3414 543 3468 autem
578 3404 738 3465 illam
772 3403 1053 3482 custodit,
1077 3403 1240 3462 nullo
1276 3403 1452 3464 modo
1485 3422 1614 3466 eam
1645 3404 1782 3465 hinc
1829 3407 1990 3469 exire

345 3495 577 3564 sinens,
605 3491 1111 3575 quemadmodum
1155 3500 1212 3552 et
1243 3498 1302 3552 tu
1333 3491 1552 3554 vidisti.
1603 3491 1738 3553 H336
1770 3494 1989 3556 famqu

279 3639 294 3659 ,
346 3588 625 3650 nimirum
684 3587 990 3666 loquente,
1024 3586 1470 3665 expergefactus
1500 3595 1588 3648 est
1620 3588 1745 3663 vir;
1780 3604 1987 3649 eorum

346 3685 569 3752 autem,
604 3695 734 3757 quae
756 3675 871 3737 sibi
900 3675 1022 3736 visa
1043 3676 1296 3755 fuerant,
1329 3675 1486 3755 quod
1519 3694 1649 3756 quae
1678 3679 1734 3736 in
1760 3677 1988 3738 civitate

347 3774 504 3829 mota
527 3766 740 3838 solent,
774 3772 973 3844 utpote
999 3763 1345 3844 peregrinus
1367 3767 1678 3844 exsistens,
1711 3783 1826 3825 non
1854 3784 1993 3827 nos-

347 3865 460 3930 set,
487 3856 636 3917 nihil
665 3854 1028 3930 intelligens,
1056 3853 1355 3932 praafecto,
1384 3853 1480 3931 qui
1507 3855 1798 3932 sanguine
1827 3855 1902 3926 ei,
1931 3866 1994 3916 ut

347 3946 569 4008 dictum
595 3953 704 4015 est,
735 3944 1090 4022 conjunctus
1118 3951 1266 4016 erat,
1307 3941 1588 4005 narravit.
1623 3945 1764 4004 Cum
1793 3953 1986 4004 autem

347 4052 459 4096 nec
483 4031 768 4112 hic,quod
783 4031 967 4092 visum
994 4031 1376 4105 fuerat,recte
1401 4031 1990 4111 perciperet,ipsum-

349 4129 471 4184 met
524 4121 624 4201 qui
659 4121 716 4182 id
765 4120 1014 4195 viderat,
1049 4121 1234 4181 virum
1295 4127 1663 4197 assumptum
1697 4121 1766 4180 ad
1828 4122 1986 4200 pium

318 4211 695 4289 'quemdam,
722 4210 823 4291 qui
875 4209 1183 4270 familiaris
1214 4209 1268 4270 ei
1303 4217 1452 4279 erat,
1490 4210 1848 4269 monachum
1887 4211 1990 4270 ad-

346 4300 818 4381 ducit,huicque,
845 4318 976 4379 quae
998 4299 1120 4360 viro
1138 4298 1395 4359 revelata
1419 4296 1694 4371 fuissent,
1721 4300 1981 4378 exponit,

344 4399 519 4471 atque
539 4391 610 4452 ad
644 4391 930 4470 majorem
963 4387 1226 4450 veritatis
1257 4386 1460 4457 fidem,
1491 4396 1551 4446 ut
1582 4386 1853 4465 ipsemet,
1881 4389 1982 4466 qui

343 4479 632 4540 visionem
655 4477 966 4556 habuerat,
984 4473 1379 4555 jurejurando
1403 4473 1554 4534 hanc
1576 4475 1982 4558 confiteretur,

348 4565 561 4629 effecit.
590 4566 742 4629 Dicit
771 4565 858 4626 eis
905 4564 1270 4625 monachus:
1310 4560 1666 4624 Benedictus
1695 4570 1771 4624 sit
1802 4567 1979 4642 Deus,

347 4655 639 4736 datusque
671 4653 743 4715 ab
775 4672 845 4715 eo
879 4652 1055 4714 nobis
1084 4651 1448 4712 intercessor
1476 4669 1544 4713 ac
1576 4661 1812 4715 curator
1839 4673 1983 4716 san-

343 4743 645 4806 ctissimus
676 4751 891 4824 martyr
917 4741 1280 4804 Demetrius.

423 4837 521 4895 8'7.
555 4832 814 4913 Etenim,
847 4842 909 4895 ut
951 4831 1182 4911 civitas,
1217 4831 1607 4894 certaminum
1641 4832 1863 4896 victore
1891 4853 1983 4898 re-

341 4929 494 4982 ctam
528 4920 633 4983 Dei
665 4919 1131 5000 ordinationem,
1167 4928 1229 4979 ut
1278 4938 1389 4980 nec
1421 4919 1643 4999 templo
1675 4940 1783 4981 suo
1815 4932 1984 4983 exeat

340 5027 454 5072 nec
483 5009 778 5072 civitatem
836 5011 1154 5090 relinquat,
1185 5009 1341 5087 apud
1373 5027 1438 5070 se
1469 5009 1786 5088 retinente,
1821 5010 1976 5071 inte-

338 5099 507 5163 stinae
545 5099 720 5178 illud,
756 5100 912 5179 quod
965 5098 1256 5177 impendit
1293 5097 1798 5177 formidatumque
1849 5099 1978 5179 fuit,

334 5187 644 5250 seditionis
660 5189 992 5269 periculum
1021 5187 1176 5248 haud
1199 5187 1460 5266 amplius
1478 5188 1976 5264 timeat,t‘uturum

335 5293 490 5358 esse,
515 5279 628 5358 ipsi
651 5279 842 5339 veraci
877 5280 1022 5357 Deo,
1049 5275 1302 5338 Domino
1335 5286 1540 5339 nostro
1569 5277 1707 5338 Jesu
1741 5278 1979 5340 Christo

401 5437 540 5577 ¢$59)
573 5435 786 5502 Eia-nit:
813 5435 1014 5500 Graece
1040 5435 1198 5495 idem
1230 5437 1508 5516 est,quod
1540 5435 1749 5498 Latine
1774 5445 1975 5502 rectm

442 5533 507 5577 0:
539 5534 722 5577 auare
745 5535 852 5577 e20
884 5518 1034 5577 duos
1055 5516 1231 5576 hasce
1254 5535 1430 5576 voces
1463 5517 1700 5577 Graecas
1735 5523 1970 5577 Romam}.

330 5516 507 5595 ordo;
539 5534 722 5595 quare
745 5535 852 5591 ego
884 5518 1034 5578 duos
1055 5516 1231 5576 hasce
1254 5535 1430 5576 voces
1463 5517 1700 5578 Graecas
1735 5523 1970 5595 Κυριακή

330 5593 574 5669 asscita;
604 5595 934 5674 periphrasi
984 5600 1159 5658 etiam
1190 5596 1460 5678 quapiam
1495 5595 1780 5662 claritatis
1812 5593 1969 5676 ergo

2071 1804 2170 1871 τὴν
2224 1805 2410 1878 εἰπὼν,
2447 1807 2544 1861 Διᾶ
2601 1808 2690 1862 τὸν
2754 1807 2941 1882 Κύριον
2997 1808 3075 1882 μὴ
3113 1805 3325 1883 ὶξέλθῃς
3389 1807 3550 1881 ἔνθεν,
3587 1807 3725 1882 μηδὲ

2073 1893 2210 1971 ἀφῇς
2266 1896 2359 1960 τὴν
2405 1893 2580 1950 πόλιν⁶
2640 1895 2798 1973 χρεία
2852 1896 2952 1974 γάρ
3005 1897 3099 1952 σού
3143 1896 3281 1952 ἐστιν
3318 1897 3397 1952 ἆεὶ
3453 1898 3578 1971 μὲν,
3612 1900 3725 1971 μεέ-

2072 1981 2227 2038 λιστα
2280 1980 2334 2037 δὲ
2389 1983 2442 2038 ἐν
2503 1988 2576 2055 τῷ
2634 1984 2852 2062 παρόντι
2913 1992 3100 2063 καιρῷ.
3141 1987 3202 2042 Ὃ
3261 1984 3314 2040 δὲ
3369 1986 3502 2060 ἀνὴρ
3557 1995 3722 2041 ταῦτα

2073 2070 2299 2134 ἀκούσας
2358 2074 2444 2128 καὶ
2492 2073 2812 2146 θεασάμενος
2877 2077 3218 2130 καθεσθεῖσαν
3262 2074 3422 2130 πάλιν
3452 2075 3552 2141 τὴν
3612 2098 3716 2152 γυ-

2074 2173 2235 2215 ναῖκα
2311 2159 2395 2216 ἐπὶ
2447 2169 2538 2218 τοῦ
2612 2161 2796 2237 θρόνου
2869 2166 3058 2237 αὑτῆς,
3103 2165 3192 2218 καὶ
3251 2165 3340 2219 τὸν
3407 2163 3719 2229 πανένδοξον

2072 2247 2358 2328 ἀθλοφόρον
2416 2251 2614 2326 ὁμοίως
2644 2251 2698 2308 ὲν
2749 2259 2818 2324 τῷ
2860 2251 3092 2331 χρυσέῳ,
3129 2253 3320 2330 θρόνῳ,
3355 2255 3450 2309 οὑκ
3481 2251 3719 2327 ἐτόλμη-

2073 2358 2161 2392 σεν
2217 2336 2470 2410 ἐξελθεῖν,
2503 2339 2538 2407 ἢ
2592 2338 2908 2419 φθέγξασθαί
2954 2363 3027 2413 τι,
3063 2339 3181 2396 ἀλλ’
3239 2341 3422 2406 ἔξωθεν
3481 2364 3715 2419 προσκυ-

2070 2427 2236 2494 νήσας
2297 2427 2584 2506 ἆνεχῶρει,
2618 2435 2773 2484 τοῦτο
2831 2431 2992 2498 μονον
3037 2429 3307 2506 ἐρωτήσας
3362 2453 3449 2486 τον
3509 2431 3726 2508 ἐφιστᾶ-

2069 2536 2227 2574 ιιενον
2288 2515 2440 2582 δῆθεν
2469 2517 2764 2594 ὑπηρέτην·
2827 2519 2951 2574 Εἰπέ
2995 2542 3088 2592 μοι
3147 2521 3276 2597 πρὸς
3308 2528 3399 2576 τοῦ
3454 2528 3612 2586 Θεοῦ,
3645 2521 3722 2582 τίς

2066 2606 2101 2672 ἡ
2149 2604 2282 2680 γυνὴ
2339 2607 2373 2672 ἡ
2407 2607 2542 2680 μετὰ
2597 2613 2688 2663 τοῦ
2719 2605 2869 2684 ἁγίου
2925 2607 3064 2680 μόνη
3123 2609 3498 2684 καθεζομένης,
3556 2601 3616 2666 Ὀ
3670 2609 3723 2666 δὲ

2069 2693 2350 2770 ἁπεκρίθη’
2415 2694 2486 2749 Σὺ
2519 2695 2681 2769 μόνος
2744 2695 2958 2771 ἀγνοεῖς
3011 2696 3228 2768 αὑτήνς
3291 2703 3442 2754 Πᾶσα
3473 2701 3510 2768 ἡ
3569 2698 3727 2760 πόλις

2072 2779 2240 2863 αὑτὴν
2295 2780 2596 2857 ἐπίσταται,
2630 2784 2718 2839 καὶ
2775 2783 2855 2840 ὅτι
2909 2783 2989 2842 ἀεὶ
3021 2785 3096 2859 τῷ
3143 2785 3360 2862 μάρτυρι
3423 2783 3722 2863 συνδιέγει.

2074 2859 2132 2926 ε0
2191 2867 2245 2924 δὲ
2275 2887 2458 2948 φησιν’
2525 2869 2674 2927 Ἀλλ’
2727 2871 2835 2949 ἐγὼ
2875 2871 3016 2938 ξένος
3047 2859 3323 2954 ὑπάρχων-
3361 2874 3564 2952 ἀγνοῶ,
3619 2859 3717 2930 Atii

2072 2957 2168 3025 τὴν
2228 2958 2444 3036 ἀγάπην
2488 2960 2576 3016 οὗν
2643 2961 2721 3035 μὴ
2765 2962 3055 3037 φθονήσῃς,
3103 2961 3240 3019 ἀλλὰ
3294 2964 3390 3018 οιᾶν
3434 2965 3495 3018 τὸ
3551 2963 3722 3036 ὄνομα

2011 3055 2050 3104 C
2075 3047 2271 3124 φράσον
2303 3070 2402 3123 μου
2413 3095 2424 3107 ,

2159 3135 2301 3209 ιτς.
2341 3128 2398 3195 Ὀ
2446 3135 2498 3192 δὲ
2526 3137 2794 3212 ὑπηρέτης
2850 3137 3130 3216 ἀπεκρίθη,
3179 3140 3322 3207 Αὕτη
3367 3139 3487 3196 ἐστὶ
3540 3141 3575 3208 ἠ
3637 3163 3725 3195 κυ-

2076 3226 2160 3300 ρία
2215 3224 2443 3298 εὑταξία,
2495 3227 2560 3294 ἢν
2626 3232 2654 3281 ὸ
2699 3230 2829 3290 Θεὸς
2882 3230 2986 3304 πρὸ
3028 3228 3230 3286 πολλοῦ
3301 3237 3377 3303 τῷ
3448 3230 3725 3309 ἀθλοφόρῳ

2075 3315 2487 3392 παρακατέθετο.
2548 3317 2712 3377 Αὐτὸς
2782 3313 2835 3370 δὲ
2906 3317 3100 3382 ταύτην
3172 3315 3414 3394 διατηρεῖ
3484 3319 3561 3392 μὴ
3620 3319 3724 3372 ὲών

2075 3402 2240 3469 αὐτὴν
2315 3400 2454 3459 ἔνθεν
2512 3401 2742 3468 ἐξελθεῖν
2817 3405 2878 3460 τὸ
2954 3404 3194 3478 σύνολον,
3258 3406 3438 3484 ὥσπερ
3497 3407 3590 3462 καί
3663 3408 3725 3462 σὺ

2074 3489 2296 3549 ἐθεάσω.
2374 3491 2547 3549 Ταῦτα
2603 3500 2694 3548 τοῦ
2750 3493 3014 3570 ὑπηρέτου
3071 3492 3223 3560 δῆθεν
3283 3493 3648 3563 λαλήσαντος,
3697 3499 3725 3551 6

2076 3579 2208 3646 ἀνὴρ
2265 3579 2479 3645 ἔξυπνος
2528 3581 2765 3659 γέγονεν’
2832 3580 2979 3638 οὐδὲν
3030 3580 3084 3637 δ⁰ε
3135 3585 3304 3646 συνεὶς
3364 3591 3470 3639 τῶν
3527 3585 3723 3662 ὀφθέν-

2076 3690 2182 3722 των
2239 3673 2402 3744 αὒτῷ,
2437 3668 2521 3726 διὰ
2550 3673 2611 3726 τὸ
2655 3671 2790 3745 μηδὲ
2819 3672 2884 3727 τὰ
2929 3670 2982 3726 ἐν
3016 3677 3078 3746 τῇ
3136 3671 3289 3728 πόλει
3321 3694 3615 3740 τηνικαυτα
3647 3698 3727 3730 κι-

2075 3758 2300 3831 νούμενα
2360 3760 2661 3836 γινώσκειν,
2720 3760 2811 3816 ἅτε
2871 3760 3014 3826 ξένος
3073 3762 3378 3840 τυγχάνων,
3429 3762 3726 3838 διηγήσατο

2073 3852 2237 3902 ταῦτα
2293 3849 2370 3922 τῷ
2426 3848 2652 3928 ἐπαρχῷ
2710 3863 2957 3926 συγγενεῖ
3015 3851 3171 3906 αὑτοῦ
3230 3854 3579 3917 καθεστηκότι
3651 3854 3723 3915 ὡς

2072 3932 2308 4010 εἴρηται.
2367 3928 2424 3994 Ὀ
2471 3936 2522 3992 δὲ
2565 3937 2702 4012 μηδὲ
2761 3941 2917 4002 αὐτὸς
2972 3937 3198 4017 ἀκριϐῶς
3265 3943 3601 4009 κατανοήσας
3665 3943 3723 3996 τὸ

2073 4025 2280 4099 ὑραθέν,
2341 4023 2515 4081 λαϐὼν
2572 4029 2729 4084 αὑτὸν
2789 4029 2877 4084 τὸν
2938 4025 3094 4104 ἄνδρα
3155 4029 3213 4083 τὸ
3255 4031 3603 4103 θεασάμενον,
3639 4031 3726 4085 ἇν-

2073 4133 2182 4168 εσιν
2231 4115 2302 4175 εἰς
2336 4116 2449 4170 τινὰ
2507 4118 2751 4195 μοναχὸν
2803 4114 3003 4193 εὐλαϐῇ
3060 4119 3258 4186 συνήθη
3311 4119 3453 4186 αὑτῴ
3507 4119 3722 4198 τυγχα-

2073 4223 2250 4281 νοντα,
2313 4205 2399 4260 καί
2467 4203 2734 4283 διηγεῖται
2795 4209 2936 4279 αὒτῴ
3007 4207 3072 4264 τὰ
3140 4214 3218 4280 τῷ
3295 4207 3438 4284 ἀνδρὶ
3509 4209 3720 4265 ἀποκα-

2071 4289 2347 4368 λυφθέντα,
2411 4294 2497 4348 καὶ
2566 4297 2696 4371 πρὸς
2773 4299 2988 4370 μείζονα
3053 4301 3152 4362 τῆς
3225 4295 3474 4363 ἀληθείας
3538 4300 3716 4353 πίστιν

2074 4379 2226 4436 αὑτὸν
2294 4384 2383 4438 τὸν
2451 4381 2623 4440 ἰδόντα
2683 4386 2963 4460 ἒνωμόνως
3028 4383 3391 4462 ὁμολογοῦντα
3450 4389 3718 4464 παρέστη-

2069 4490 2178 4532 σεν,
2214 4470 2370 4544 Λέγει
2421 4472 2605 4538 αὑτοῖς
2638 4476 2665 4530 6
2727 4475 2991 4554 μοναχός·
3033 4473 3332 4551 Εὐλογητὸς
3384 4477 3411 4530 6
3445 4476 3598 4555 Θεδς,
3631 4477 3718 4532 καὶ

2067 4561 2094 4613 6
2152 4556 2399 4635 δωρῆθεὶς
2453 4563 2588 4635 ἡμῖν
2644 4563 2768 4641 παρ’
2826 4567 2982 4621 αὑτοῦ
3035 4560 3360 4640 πρεσϐευτὴς
3405 4567 3492 4620 καὶ
3564 4563 3716 4631 κηδε·

2068 4648 2184 4722 μὼν
2219 4650 2246 4704 ὁ
2278 4650 2533 4727 πανάγιος
2577 4651 2772 4728 μάρτυς
2822 4653 3154 4729 Δημήτριος.

2145 4826 2256 4896 πζ’.
2316 4829 2553 4885 Πιστεύω
2586 4829 2686 4904 γὰρ
2743 4832 2885 4901 αὑτῷ
2941 4834 3018 4902 τῷ
3047 4827 3281 4901 ἀληθινῷ
3338 4831 3455 4901 Θεῷ
3486 4831 3562 4902 τῷ
3618 4840 3711 4888 κυ-

2066 4915 2158 4992 ρίῳ
2213 4917 2368 4988 ἡμῶν
2427 4914 2604 4984 Ἰησοῦ
2661 4918 2900 4995 Χνριστῷ,
2947 4917 3030 4973 ὅτι
3083 4917 3178 4973 οὑκ
3222 4916 3296 4974 ἔτι
3355 4915 3710 4997 φοϐηθήσεται

2063 5005 2097 5072 ἡ
2159 5003 2313 5068 πόλις
2345 5007 2436 5062 τὸν
2497 5006 2866 5084 ἐπηρτημένον
2916 5007 3102 5064 τοῦτον
3131 5007 3218 5062 καὶ
3276 5005 3711 5082 προσδοκώμενον

2064 5097 2160 5159 τῆς
2215 5093 2467 5172 ἐμφυλίου
2537 5097 2778 5158 στάσεως
2833 5094 3068 5152 κίνδυνον
3125 5102 3217 5151 τοῦ
3260 5094 3551 5174 ἀθλοφόροι)
3617 5099 3711 5162 τὴν

2060 5182 2240 5258 κυρίαν
2345 5185 2581 5249 εὑταξίαν
2669 5183 2791 5262 παρ’
2899 5186 3071 5257 ἑαυτῷ
3153 5186 3522 5262 κατασχόντος
3622 5189 3710 5240 τὸν

2061 5273 2185 5326 ναὸν
2242 5271 2400 5328 αὑτοῦ
2456 5273 2708 5349 ἐξελθεῖν,
2760 5271 2897 5349 μηδὲ
2963 5274 3061 5341 τὴν
3134 5271 3290 5330 πόλιν
3365 5273 3706 5336 καταλιπεῖν,

2059 5445 2216 5507 usus,
2268 5432 2931 5507 Latinqinterpretatus
2983 5445 3131 5498 sum,
3184 5429 3350 5488 Recta
3390 5447 3567 5489 rerum
3609 5447 3708 5507 per

2057 5501 2342 5559 Demittunt
2375 5502 2665 5562 ordinatio.
