3946 6146
151 268 299 338 i269

1218 272 1278 336 S.
1324 273 1703 339 DEMETRII
1750 273 2148 340 MARTYRIS
2188 274 2409 340 ACTA.

2890 214 2921 235 ρ

3352 273 3506 346 1270

145 417 314 468 ταῦτα
345 406 574 470 ἀκούσας
606 409 633 463 ὁ
678 404 938 487 ἔπαρχος,
986 407 1071 464 καὶ
1127 411 1174 465 οἱ
1225 410 1316 466 σὺν
1361 414 1502 484 αὖτῷ
1548 416 1749 477 συνῆκα

1838 414 2069 473 credo.
2130 411 2470 487 Praefectus,
2535 430 2671 474 cum
2729 412 2857 475 hac
2913 411 3169 495 audiret,
3200 411 3364 495 iique
3394 414 3499 497 qui

145 496 317 564 καλῶς
372 494 698 581 διακριθέντα
769 497 858 552 τὸν
921 495 1144 578 ὄνειρον,
1212 500 1297 557 καὶ
1341 497 1661 581 διεφήμισαν
1716 521 1752 555 τι

1862 518 1993 560 cum
2057 518 2126 561 eo
2167 507 2358 576 erant,
2414 509 2578 563 recte
2627 518 2762 564 esse
2806 494 3491 582 expositum’somnium,

140 592 359 664 πρᾶγμα
411 588 467 641 ἓν
499 590 565 661 τῇ
621 585 799 664 πόλει²
852 586 931 642 καὶ
978 594 1045 662 τῇ
1089 588 1271 667 χάριτι
1311 596 1406 646 τοῦ
1437 595 1661 667 Χριστοῦ
1692 610 1752 644 κα

1859 587 2304 665 intellexerunt,
2365 608 2617 673 remque
2674 592 2733 653 in
2790 590 3023 653 civitate
3089 591 3490 671 divulgarunt,

142 681 292 747 Θεοῦ,

136 764 451 842 ἀπείραστος
504 765 539 831 ἡ
600 762 753 827 πόλις
799 770 892 821 τοῦ
937 766 1172 823 τοιοῦτου
1210 765 1445 823 κινδύνου
1476 766 1768 842 μεμένηκε,

136 854 306 910 καίτοι
351 853 435 909 ἐπὶ
494 852 698 930 ἐτέρους
773 850 859 909 δύο
918 856 1185 919 ἐνιαυτοὺς
1231 859 1416 935 μυρίας
1461 856 1588 919 ὅσας
1634 878 1769 934 προσ

134 943 315 1022 φάσεις
371 941 861 1006 ἀνασκαλεῦσάντος
904 951 997 1000 τοῦ
1057 943 1249 1024 ἐχθροῦ
1306 945 1398 1002 ἐπὶ
1443 952 1518 1020 τῷ
1548 946 1645 1013 τὴν
1678 949 1770 1003 εῦ-

130 1029 307 1095 ταξίαν
360 1027 616 1105 διακόψαι
661 1035 760 1096 τῆς
810 1030 1039 1111 πόλεως,
1091 1031 1211 1099 ἥτις
1261 1032 1516 1109 διέμεινεν
1550 1032 1767 1111 ὲρῤιζω-

129 1120 265 1194 μένη
347 1117 430 1175 διὰ
517 1125 769 1194 Χριστοῦ,
854 1122 928 1184 ὡς
1005 1121 1104 1177 ὑπὸ
1175 1128 1272 1188 τῆς
1346 1130 1439 1181 τοῦ
1507 1123 1770 1200 μάρτυρος

127 1207 304 1273 δεξιᾶς
377 1207 748 1287 φυλαττομένῃ
810 1214 877 1286 τῇ
932 1209 1106 1267 πόλει.
1171 1214 1257 1285 Τῷ
1314 1210 1369 1267 δὲ
1442 1217 1558 1285 Θεῷ
1615 1213 1769 1287 ἡμῶν

124 1297 160 1364 ἠ
191 1296 311 1362 δόξα
369 1299 456 1354 καὶ
496 1298 558 1353 τὸ
602 1298 791 1376 κράτος
853 1300 924 1364 εἷς
983 1299 1103 1363 τοὺς
1149 1301 1341 1366 αἰῶνας
1398 1304 1504 1359 τῶν
1536 1299 1762 1359 αἰώνων.

123 1387 326 1461 Ἀμήν,

386 674 474 731 καί
554 677 681 763 τοῦ,
736 672 1052 741 πανενδόξου
1124 677 1386 756 μάρτυρος
1468 678 1752 753 Δημητρίοι

1858 676 2194 759 Christique
2224 687 2283 741 et
2311 679 2420 743 Dei
2452 679 2866 759 gloriosissimi
2900 682 3177 763 martyris
3207 683 3490 745 Demetrii

1855 766 2141 828 cbaritate
2170 767 2374 829 civitas
2407 768 2674 849 periculo
2706 770 3075 851 huiusmodi,
3100 777 3228 832 utut
3254 771 3490 835 duobus

1853 856 2023 916 annis
2052 855 2185 916 aliis
2215 855 2477 919 infinitas
2508 875 2717 939 prope,
2754 878 2874 941 quo
2920 867 3141 921 rectam
3188 859 3291 922 Dei
3322 861 3487 922 ordi-

1853 943 2179 1026 nationem,
2214 965 2344 1026 quae
2388 945 2631 1022 civitati,
2681 949 2857 1010 veluti
2900 967 3006 1029 per
3037 950 3305 1031 martyris
3334 950 3489 1012 dex-

1853 1041 2001 1094 tram
2034 1034 2363 1118 custoditze,
2400 1036 2717 1100 irradicata
2748 1057 2855 1119 per
2881 1037 3184 1100 Christum
3225 1039 3484 1115 inhaesit,

1852 1121 2084 1185 civitate
2116 1125 2462 1203 expelleret,
2500 1127 2842 1190 occasiones
2871 1128 3113 1189 inimico
3137 1128 3482 1204 suscitante,

1849 1208 2137 1272 intentata
2167 1215 2493 1293 permansit
2526 1213 2683 1295 (60).
2714 1217 2835 1278 Deo
2866 1223 3069 1279 nostro
3105 1215 3183 1279 sit
3207 1216 3397 1297 gloria
3429 1224 3486 1279 et

1850 1299 2039 1361 virtus
2067 1300 2126 1362 in
2157 1302 2372 1364 saecula
2403 1303 2777 1367 saeculorum.
2810 1305 3025 1368 Amen.

1628 1520 1853 1581 CAPUT
1891 1523 1982 1581 XI.

335 1618 415 1676 De
468 1618 688 1691 Iug/risi
734 1620 1007 1691 prta/ecta,
1060 1621 1159 1694 qui
1208 1620 1468 1679 Sanctum
1528 1621 1921 1693 ὁὶιιιρΙιοπισι-ἰι
1986 1630 2146 1696 atque
2195 1626 2264 1682 ab
2317 1640 2379 1683 eo
2435 1626 2644 1683 idcirco
2698 1627 2808 1697 fuit
2857 1627 3074 1699 punitus
3129 1628 3267 1697 (61).

198 1735 329 1802 πη¹.
376 1733 597 1802 Ἐπειδὴ
628 1735 680 1792 δὲ
713 1736 905 1815 Πέτρος
936 1740 1020 1794 καὶ
1080 1738 1310 1819 Παῦλος,
1371 1742 1417 1794 οἱ
1461 1740 1566 1795 τῶν
1620 1738 1752 1794 ἀπο-

1922 1739 2023 1806 88.
2060 1740 2205 1803 Cum
2240 1759 2381 1803 sane
2432 1744 2641 1803 Petrus
2701 1750 2761 1805 et
2792 1743 3037 1817 Paulus,
3083 1742 3481 1823 apostolorum

119 1824 328 1881 στόλων
384 1824 665 1902 ἀκρότατοι
714 1830 811 1884 οῦκ
868 1829 1260 1906 εῦεργετοῦντες
1319 1828 1480 1903 μόνον
1530 1829 1615 1884 καὶ
1661 1829 1759 1884 ἰώ-

115 1935 267 1988 μενοι
322 1914 419 1979 τὴν
481 1913 533 1969 ἐν
578 1918 761 1978 αὒτοϊς
817 1917 1117 1996 ἒνεφάνιζον
1175 1918 1335 1995 χάριν
1393 1926 1486 1975 τοῦ
1514 1917 1759 1992 Πνεόμα-

116 2022 232 2076 τος,
296 2002 433 2059 ἀλλὰ
493 2004 584 2059 καί
629 2005 1017 2082 τιμωρούμενοι
1061 2006 1180 2068 τοὺς
1241 2006 1407 2072 ἀξίους
1461 2006 1753 2081 κολάσεως,

118 2091 212 2148 καῖ
272 2099 742 2172 καταφρονητικῶς
800 2096 916 2171 περὶ
989 2096 1050 2150 τὸ
1125 2099 1274 2152 θετον
1331 2093 1756 2175 διαγινομιξνους²

113 2183 187 2244 ὡς
213 2181 411 2258 Πέτρος
457 2181 552 2246 μὲν
595 2182 840 2238 Ἀνανίαν
869 2182 966 2238 καί
1019 2184 1324 2263 Σάπφειραν
1380 2185 1468 2240 καὶ
1513 2184 1754 2259 Σίμωνα,

115 2269 353 2345 Ἐλύμαν
406 2268 461 2326 δὲ
516 2270 721 2334 Παῦλος
766 2274 856 2327 τὸν
908 2271 1082 2350 μάγον
1132 2274 1218 2329 καὶ
1249 2272 1495 2337 πλείονας
1538 2272 1755 2354 ἄλλους,

112 2359 261 2438 φέρε,
325 2360 452 2415 κάπὶ
508 2359 601 2415 τοῦ
656 2366 757 2417 τῶν
818 2360 1131 2417 ἀποστόλων
1187 2363 1554 2439 γνησιωτάτου
1600 2362 1757 2441 θρέμ-

111 2471 306 2523 ματος,
371 2455 462 2505 τοῦ
520 2447 857 2529 πανενδόξου,
918 2448 1084 2529 λέγω,
1131 2450 1393 2529 μάρτυρος
1435 2449 1659 2531 ἴδωμεν⁷
1712 2453 1755 2508 εἶ

109 2537 397 2615 γεγένηταί
444 2559 495 2593 τι
547 2545 812 2597 τοιοῦτον.
878 2539 973 2594 Διά
1017 2540 1117 2616 γὰρ
1179 2539 1279 2607 τὴν
1334 2538 1533 2605 ἄφατον
1597 2540 1757 2597 αὐτοῦ

105 2626 440 2691 ἀνεξικακίαν
500 2628 584 2683 καὶ
639 2629 739 2694 τὴν
804 2630 1131 2701 θεομίμητον
1189 2629 1495 2707 ἀγαθότητα
1552 2628 1752 2709 δυσχε-

103 2716 192 2794 ρὲς
263 2717 399 2790 ἡμῖν
466 2715 685 2793 γέγονεν
756 2716 1108 2793 ὁμοιότροπόν
1159 2738 1210 2773 τι
1290 2720 1553 2789 ζητήσασι
1633 2720 1753 2788 περὶ

103 2806 268 2862 αὐτὸν
326 2802 579 2883 ἐξευρεῖν,
651 2810 814 2860 πᾶσιν
890 2804 1048 2861 αῦτοῦ
1106 2814 1533 2885 συγχωροῦντος,
1594 2808 1665 2872 ὡς
1724 2810 1752 2863 ὁ

103 2896 239 2958 Θεὸς
273 2897 352 2966 τῷ
380 2895 587 2967 κόσμῳ,
628 2894 692 2949 τὰ
723 2893 897 2949 πολλὰ
930 2895 1361 2968 παραπτώματα.

182 2982 298 3042 πθ’.
353 2980 503 3039 Ἀλλ’
550 2983 662 3038 ἐπεὶ
713 2983 936 3045 ἕκαστος
984 2984 1115 3059 πρὸς
1166 2984 1265 3051 τὴν
1309 2987 1750 3060 ἒμπιστευθεϊσαν

1849 1829 2170 1908 principes,
2206 1849 2324 1891 non
2357 1831 2549 1892 solum
2600 1830 3033 1893 benefaciendo
3075 1832 3483 1913 sanandoque,

1843 1918 1946 1979 sed
1977 1929 2032 1979 et
2056 1920 2440 1999 castigatione
2470 1919 2682 1999 dignos
2713 1939 3060 1997 numenque
3105 1928 3480 2001 spernentes,

1842 2015 1905 2068 ut
1933 2008 2219 2069 Auaniam
2255 2008 2495 2089 quidem
2529 2018 2587 2070 et
2609 2009 2919 2090 Sapbiram
2954 2017 3012 2070 et
3042 2010 3339 2073 Simonem
3366 2009 3482 2071 Pe-

1841 2102 1965 2157 trus
1998 2096 2124 2174 (6'2)
2161 2097 2422 2177 Elymam
2456 2107 2652 2159 autem
2712 2116 2946 2177 magum
2984 2098 3252 2178 altosque
3283 2099 3482 2178 plures

1841 2186 2058 2247 Paulus
2094 2186 2235 2264 (63),
2268 2186 2595 2267 puniendo,
2632 2184 2912 2267 Spiritus,
2967 2204 3099 2268 quas
3148 2188 3235 2248 eis
3264 2186 3476 2261 inerat,

1839 2274 2081 2351 gratiam
2143 2274 2613 2355 manifestarent,
2674 2294 2803 2355 age,
2857 2294 2997 2337 num
3047 2284 3106 2337 et
3142 2293 3176 2336 a
3225 2275 3482 2338 maxime

1837 2362 2095 2441 genuino
2137 2364 2543 2437 apostolorum
2576 2362 2841 2439 alumno,
2879 2363 3341 2443 gloriosissimo,
3377 2364 3475 2425 in-

1839 2467 2038 2529 quam,
2075 2459 2349 2531 martyre,
2410 2450 2608 2513 simile
2658 2451 2799 2530 quid
2854 2460 3089 2532 gestum
3140 2453 3236 2525 sit,
3269 2452 3476 2515 videa-

1839 2557 1992 2601 mus.
2029 2539 2261 2601 Etenim
2298 2549 2537 2622 propter
2591 2540 2953 2604 inet'fabilem
2986 2559 3151 2603 suam
3184 2541 3476 2603 malorum

1840 2628 2230 2700 tolerantiam,
2265 2638 2441 2712 atque
2474 2648 2589 2711 qua
2616 2631 2805 2692 Deum
2836 2629 3121 2706 imitatur,
3156 2630 3480 2692 bonitatem

1835 2716 2030 2780 simile
2058 2718 2200 2799 quid
2227 2718 2301 2780 de
2332 2737 2400 2780 eo
2430 2719 2700 2800 reperire
2726 2718 2899 2781 nobis
2931 2718 3340 2799 quaerentibus
3367 2720 3474 2780 fuit

1834 2804 2101 2879 difﬁcile,
2158 2825 2290 2867 cum
2352 2807 2535 2867 multa
2587 2807 2888 2883 omnibus,
2923 2817 2988 2867 ut
3020 2807 3179 2869 Deus
3215 2807 3466 2882 mundo,

1833 2893 2049 2955 delicta
2078 2895 2403 2958 condonet.

1913 2984 2010 3046 89.
2041 2986 2260 3046 Verum
2291 3003 2421 3046 cum
2468 2985 2723 3066 quisque
2755 3002 2860 3066 pro
2900 2983 3258 3047 talentorum
3290 2985 3473 3048 animi

99 3071 250 3144 αὒτῷ
278 3072 384 3128 τῶν
412 3076 513 3138 τῆς
545 3069 773 3137 διανοίας
825 3071 1099 3127 ταλάντων
1143 3072 1440 3148 ποσότητα,
1503 3075 1591 3129 καὶ
1649 3076 1748 3138 τὴν

1838 3073 2162 3153 quantitate
2190 3073 2306 3135 sibi
2330 3073 2555 3136 credita
2580 3081 2643 3138 et
2669 3074 3078 3155 operationem
3106 3091 3139 3135 a
3161 3076 3283 3138 Deo
3304 3091 3476 3152 roge-

98 3160 355 3239 ἐργασίαν
397 3173 737 3239 παραιτεῖται
799 3161 940 3236 παρά
983 3160 1138 3233 Θεοῦ,
1170 3162 1256 3217 καὶ
1298 3174 1415 3226 τοῖς
1476 3163 1574 3238 μὲν
1619 3161 1748 3218 ἀκε-

1838 3170 1955 3241 tur,
1988 3179 2055 3222 ac
2086 3161 2549 3241 simplicioribus
2577 3162 2817 3244 quidem
2850 3162 3020 3224 venia
3049 3170 3112 3224 ut
3145 3162 3467 3243 plurimum

97 3249 393 3328 ραιοτὲρως
468 3250 760 3327 συγγνώμη
845 3249 1068 3316 πλείστη
1122 3250 1444 3329 παρέχεται,
1514 3264 1632 3315 τοῖς
1694 3251 1749 3307 δὲ

95 3337 544 3414 πανοδργοτέροις
604 3335 688 3394 ἐπ’
746 3338 1034 3416 αὐτοφώρῳ
1080 3343 1178 3404 τῆς
1240 3339 1614 3414 πλημμελείας
1677 3343 1748 3406 ὡς

93 3428 167 3483 τὰ
233 3426 407 3482 πολλά
465 3428 551 3483 καὶ
600 3429 635 3495 ἡ
698 3426 1026 3492 ἒπεξέλευσις
1086 3428 1309 3505 γίνεται,
1385 3429 1606 3495 εἰκότως
1662 3429 1745 3486 ἐπ’

92 3514 251 3594 ἀνδρί
317 3517 571 3593 μεγίστην
631 3516 778 3595 ἔχειν
833 3519 937 3572 τῶν
997 3522 1199 3595 φρενῶν
1261 3518 1592 3592 νομιζομένῳ
1647 3520 1748 3585 τὴν

92 3605 321 3681 δύναμιν
353 3650 369 3677 ,
431 3605 820 3682 παραπλησίως
891 3604 945 3660 δὲ
1021 3606 1229 3671 νηπίοις
1285 3605 1562 3685 σφαλέντι,
1625 3608 1748 3681 μίαν

87 3697 185 3752 καὶ
245 3694 447 3760 ταύτην
518 3693 673 3768 μόλις
736 3694 877 3771 πέρα
933 3700 1024 3749 τοῦ
1088 3693 1379 3771 ἀθλοφόροι)
1448 3695 1748 3770 γενομένην

90 3783 371 3849 ἐκδίκησιν
450 3782 750 3849 δυνηθέντες
819 3786 1174 3857 καταμαθεῖν,
1275 3796 1398 3845 ταῖς
1472 3781 1745 3840 εὖλαϐἐσιν

88 3873 250 3948 ὑμῶν
308 3872 498 3936 ἀκοαῖς
559 3874 961 3951 παραθήσομεν,
1036 3872 1426 3950 προτρέποντες
1484 3872 1595 3945 ἅμα
1660 3880 1745 3929 καί

87 3967 531 4041 παρεγγυῶντες,
591 3962 669 4032 μὴ
841 3960 1129 4039 ἀγαθότητι
1183 3961 1288 4016 τῶν
1336 3962 1497 4038 ἁγίων
1554 3961 1744 4037 βουλο-

84 4050 289 4125 μένους
347 4050 732 4129 κατορχεϊσθαί
788 4054 887 4115 τῆς
948 4050 1117 4107 αὐτῶν
1161 4051 1491 4124 θεομιμήτου
1536 4073 1743 4128 μακρο-

83 4140 311 4218 θυμίας,
359 4138 495 4195 ἀλλὰ
537 4139 685 4211 πάσῃ
728 4140 937 4217 φυλακῇ
986 4152 1173 4217 τηρεῖν
1223 4139 1355 4194 κατὰ
1404 4141 1466 4194 τὸ
1498 4160 1739 4217 γεγραμ-

85 4228 259 4303 μένον
291 4232 495 4305 πρῶτον
528 4229 625 4302 μὲν
670 4230 762 4289 τὰς
816 4228 1014 4284 ἑαυτῶν
1062 4225 1274 4302 καρδίας
1310 4245 1328 4265 ⁸
1362 4230 1405 4283 εἰ
1433 4226 1487 4283 δὲ
1533 4234 1610 4304 μὴ
1644 4228 1740 4285 κᾶν

80 4318 223 4394 γοῦν
253 4317 314 4373 τὸ
344 4314 428 4372 διὰ
456 4317 706 4394 γλώσσης
740 4315 1041 4394 ἐξενεγκεῖν
1086 4339 1134 4372 τι
1196 4318 1340 4394 ῥῆμα
1400 4318 1741 4397 βλασφημίας

81 4406 123 4474 ἢ
155 4405 461 4484 ἀφροσύνης
496 4405 759 4485 ἐχόμενον
773 4454 785 4467 ,

180 4496 252 4570 ζ’.
294 4495 586 4552 Ἀκούσατε
631 4497 729 4574 γὰρ
774 4497 847 4560 εἷς
892 4494 1023 4561 ὅσην
1082 4492 1378 4573 ὑπερϐολὴν
1426 4498 1590 4570 θυμοῦ
1650 4499 1738 4553 τὸν

81 4583 435 4664 ὓπερένδοξον
494 4586 730 4663 μάρτυρα
784 4584 942 4663 λόγος
1011 4585 1421 4662 παραφροσύνης
1472 4583 1735 4659 ἐκίνησεν,

80 4677 170 4738 ὣς
230 4677 328 4730 καὶ
375 4678 473 4740 τῆς
532 4674 763 4757 ἐμφύτου
819 4674 1153 4751 ἡμερότητος
1206 4673 1385 4751 ὥσπερ
1442 4673 1736 4745 ἐκλαθόμε-

81 4786 189 4821 νον
246 4763 578 4843 παραχρῆμα
634 4764 733 4830 τὴν
768 4762 1034 4830 ἐκδίκησιν
1078 4768 1155 4835 τῷ
1202 4763 1538 4840 ἡμαρτηκότι
1568 4785 1736 4835 προσ-

167 4881 292 4953 (60)
330 4881 458 4939 Haec
515 4883 703 4941 omnia
755 4882 1025 4953 Joannes,
1065 4890 1124 4953 ut
1156 4880 1737 4953 Thessalonicamgin-

80 4951 324 5011 tostin'is
373 4955 541 5010 etiam
584 4953 832 5010 motibus
887 4951 1077 5009 Sancti
1138 4952 1456 5023 patrocinio
1492 4951 1740 5009 evasisse

79 5024 359 5089 liberam,
397 5025 669 5087 suadeat;
703 5038 897 5081 verum
930 5038 1059 5080 cum
1092 5024 1307 5082 omnia.
1339 5036 1463 5093 quae
1494 5024 1648 5078 hunc
1680 5025 1738 5078 in

84 5096 279 5154 ﬁnem
315 5095 498 5156 aﬁert.
532 5097 630 5151 uni
689 5096 805 5151 fere
858 5096 1175 5151 innitantnr
1205 5095 1430 5155 visioni.
1464 5094 1583 5149 viro
1616 5094 1738 5150 cui-

83 5169 234 5224 dam
268 5167 487 5229 oblatae,
525 5166 762 5234 ﬁerique
789 5175 977 5235 queat,
1004 5177 1064 5221 ut
1089 5166 1228 5228 haec,
1259 5179 1371 5220 non
1404 5178 1541 5235 vera
1565 5178 1742 5234 appa-

78 5239 255 5300 ritio,
289 5237 385 5293 sed
420 5236 609 5293 illusio
639 5234 932 5298 duntaxat.
985 5236 1173 5301 fuerit,
1207 5236 1495 5292 studiosus
1531 5234 1731 5300 lector,

78 5307 383 5382 quidquid
414 5309 577 5364 etiam
632 5310 754 5382 hac
788 5309 1037 5382 inparie
1068 5313 1347 5371 statuerit,
1387 5304 1538 5362 haud
1573 5306 1734 5364 facile

79 5377 218 5437 lion
252 5377 631 5448 retragantem
667 5377 919 5435 habebit.

170 5459 288 5527 (61)
316 5458 495 5528 Caput
526 5460 650 5521 hoc.
688 5458 843 5529 quod
882 5459 996 5523 hic,
1029 5467 1201 5528 prout
1247 5456 1393 5528 apud
1441 5471 1547 5529 nos
1578 5471 1609 5513 e
1639 5472 1738 5515 co-

78 5529 229 5589 dice
275 5529 411 5587 olim
471 5528 800 5589 MaZarinaao
857 5529 1204 5601 descriptum
1256 5535 1456 5595 exstat,
1508 5528 1739 5586 lectoris

1833 3250 2216 3325 concedatur,
2253 3251 2643 3314 astutioribus
2701 3259 2904 3313 autem
2947 3256 3006 3311 in
3039 3250 3309 3313 criminis
3358 3251 3469 3313 de-

1834 3340 2236 3416 prehensione
2267 3340 2443 3401 etiam
2479 3340 2737 3402 vindicta
2789 3357 2963 3421 quam
2998 3338 3327 3420 sepissime
3355 3337 3468 3401 ob-

1830 3430 2046 3509 veniat,
2106 3428 2318 3490 merito
2369 3430 2430 3491 in
2485 3430 2702 3504 virum,
2759 3428 2859 3509 qui
2904 3428 3220 3490 maximam
3254 3427 3470 3489 mentis

1831 3518 1944 3578 vim
1971 3518 2193 3580 habere
2226 3518 2696 3598 existimabatur,
2735 3534 3050 3597 puerorum
3083 3525 3277 3578 autem
3303 3533 3470 3577 more

1832 3605 2139 3686 peccabat,
2191 3606 2451 3668 vindicta
2505 3608 2701 3680 unica,
2735 3607 2965 3685 hacque
2997 3622 3175 3684 aegre,
3207 3622 3241 3664 a
3266 3609 3466 3665 certa-

1831 3694 2055 3755 minum
2091 3696 2313 3756 victore
2372 3696 2557 3756 fuisse
2589 3694 3089 3768 animadversum,
3124 3691 3467 3772 perdiscere

1831 3783 2120 3858 valentes,
2160 3783 2273 3861 piis
2305 3784 2510 3845 vestris
2531 3783 2589 3844 id
2621 3782 2868 3845 auribus
2898 3781 3466 3863 proponemus,bor-

1829 3881 2019 3933 tantes
2052 3873 2233 3933 simul
2290 3883 2466 3952 atque
2518 3872 2932 3946 admonentes,
2993 3887 3071 3931 ne
3125 3877 3463 3930 sanctorum

1829 3960 2190 4039 benignitate
2221 3961 2439 4034 laetati,
2475 3959 2848 4033 earumdem,
2873 3977 3002 4039 quae
3059 3960 3249 4021 Deum
3272 3956 3464 4019 imita-

1823 4058 1939 4130 tur,
1977 4049 2480 4127 Ionganimitatem
2514 4048 2874 4110 contumelia
2923 4047 3299 4121 afﬁciamus;
3354 4047 3461 4108 sed

1824 4139 2009 4213 omni,
2042 4136 2370 4199 secundum
2403 4137 2556 4218 quod
2590 4138 2874 4216 scriptum
2907 4144 3018 4210 est,
3052 4135 3318 4197 custodia
3340 4153 3467 4197 ser-

1821 4245 2050 4299 vemus,
2088 4227 2338 4306 primum
2364 4227 2604 4307 quidem
2631 4225 2812 4286 corda
2836 4232 3070 4298 nostra;
3104 4225 3197 4285 sin
3236 4223 3458 4297 minus,

1823 4335 1900 4378 ne
1935 4334 2038 4377 ore
2068 4316 2277 4377 saltem
2310 4315 2727 4396 blasphemmn
2754 4315 2907 4395 quod
2939 4314 3302 4395 insipiensve
3326 4330 3465 4374 ver-

1824 4406 1963 4468 bum
2000 4406 2395 4485 proferamus.

1901 4495 2003 4555 90.
2029 4494 2247 4557 Audite
2274 4493 2537 4567 enim,ad
2562 4500 2838 4572 quantam
2864 4493 2968 4553 irae
2989 4490 3456 4571 magnitudinem

1820 4583 2315 4663 gloriosissimum
2337 4593 2655 4662 martyrem
2677 4581 2997 4644 dementiae
3019 4580 3264 4642 verbum
3298 4598 3460 4642 com-
3508 4612 3513 4621 ε

1824 4673 2096 4745 moverit,
2135 4680 2197 4732 ut
2227 4670 2733 4751 statim,ingenitaa
2761 4670 2921 4732 velut
2948 4672 3283 4732 clementiae
3299 4668 3455 4731 obli-

1825 4772 1938 4842 tus,
1966 4762 2019 4823 ei
2046 4766 2141 4841 qui
2176 4768 2471 4839 peccaret,
2503 4760 2822 4821 vindictam
2857 4759 3161 4821 inflixerit.
3197 4755 3302 4820 Vir
3331 4759 3457 4839 qui.

1817 4881 2003 4939 oculis
2038 4879 2403 4950 subiicimus,
2432 4894 2463 4936 a
2504 4878 2601 4936 fol.
2633 4878 2703 4933 82
2736 4894 2917 4950 usque
2947 4880 3015 4935 ad
3070 4878 3168 4935 fol.
3223 4891 3453 4935 versum

1820 4952 1891 5008 85
1946 4954 2003 5008 in
2046 4962 2411 5007 monumento
2468 4951 2574 5006 isto
2632 4950 2912 5006 litterario
2954 4955 3305 5011 recensetur,
3362 4963 3455 5004 se-

1822 5025 2016 5096 quenti
2054 5023 2236 5096 istboc
2266 5023 2436 5092 paulo
2472 5021 2741 5096 breviori,
2775 5034 2963 5096 quam
3000 5021 3091 5074 hic
3132 5025 3327 5096 noster
3354 5019 3451 5085 sit,

1823 5089 1992 5156 titulo
2023 5089 2297 5155 ati'ectum
2334 5110 2348 5154 :
2400 5095 2520 5167 Περὶ
2548 5100 2640 5147 τοῦ
2669 5089 3159 5169 βλασφημήσαντος
3188 5089 3449 5167 ἐπάρχου,

1822 5177 1907 5232 De
1945 5175 2223 5245 prta/ecta,
2282 5173 2379 5243 qui
2433 5170 2852 5245 blasphpgavit;
2921 5179 3102 5245 easta}
3156 5181 3328 5238 porro
3384 5172 3456 5245 et

1818 5237 1965 5317 apud
2018 5237 2406 5317 Mabinonium
2439 5237 2574 5317 tom.
2610 5241 2911 5317 [Veterum
2940 5237 3210 5317 Αιιιιιεειζ
3223 5252 3348 5308 pag.
3382 5237 3452 5293 82

1818 5308 1873 5375 ei
1901 5330 2086 5387 chq.,
2111 5328 2210 5384 per
2238 5312 2603 5371 Anastasium
2638 5310 3143 5370 Bibliothecarium
3172 5308 3452 5378 Compen-

1818 5388 1913 5446 dio
1943 5388 2206 5443 relatum.

1891 5457 1999 5521 (οἳ)
2031 5457 2134 5513 Adi
2168 5458 2341 5512 Actus
2379 5450 2789 5524 apostolorum.
2820 5465 2943 5522 cap.
2976 5466 3016 5508 ν
3045 5460 3099 5510 et
3136 5461 3259 5508 Vtu.

1891 5529 2003 5601 (63)
2032 5526 2170 5584 Vide
2195 5525 2424 5584 eosdem
2454 5527 2648 5592 Actus,
2680 5536 2803 5597 cap.
2835 5535 2937 5583 xu.
