3946 6146
436 300 581 367 1271

430 529 562 593 brio
588 525 1292 603 manenti,t‘uerit,dicere
1312 525 1631 606 oporteat?)
1651 525 2068 605 praefectorum

430 618 624 698 gentis
669 616 914 696 Illyrica;
947 615 1344 698 principatum
1400 622 1632 686 tenens,
1685 613 2070 675 nihilominus

433 706 675 789 quidem
701 709 954 767 maxima
970 723 1102 766 sese
1127 704 1350 786 pollere
1373 701 1763 781 intelligentia
1779 703 2070 784 glorians,

433 812 733 877 supraque
764 799 1163 876 propinquos,
1217 792 1400 856 veluti
1447 810 1628 871 supra
1655 793 2073 874 superfeetura:

433 891 662 966 portus,
692 901 827 945 sese
850 883 928 958 (id
963 883 1291 960 enim,cum
1327 891 1384 943 et
1417 882 1774 943 tentationes
1800 890 1865 942 ut
1891 881 2066 960 pluri-

434 993 596 1036 mum
631 992 734 1054 per
755 972 1099 1052 superbiam
1126 979 1387 1032 nostram
1413 970 1613 1032 induci
1652 971 2064 1044 didicerimus,

434 1063 514 1136 ei,
548 1063 785 1142 opinor,
820 1071 876 1122 et
919 1063 1258 1123 dementem
1286 1061 1342 1120 in
1368 1077 1472 1121 ore
1493 1058 1926 1140 blasphemiam
1962 1079 2067 1138 po-

433 1153 575 1232 suit)
611 1154 890 1224 efferens,
922 1149 1278 1232 quibusdam
1317 1167 1382 1210 ex
1414 1149 1488 1209 iis
1517 1149 1619 1230 qui
1651 1150 1905 1211 celebris
1933 1149 2070 1210 civi-

433 1241 570 1303 tatis
597 1240 1098 1302 administrationi
1135 1246 1455 1317 prazerant,
1497 1239 1828 1320 accessitis,
1866 1246 2071 1320 postuo

431 1330 594 1404 lavit,
629 1341 694 1391 ut
733 1329 996 1406 quaedam
1030 1327 1103 1390 ab
1138 1327 1210 1388 iis
1243 1327 1535 1388 ordinatio
1571 1327 1763 1390 ﬁeret.

515 1420 746 1481 91.lllis
767 1427 962 1479 autem
989 1417 1062 1477 de
1084 1417 1364 1496 praecepti
1399 1416 1681 1495 gravitate
1703 1416 2070 1492 dolentibus,

1781 299 2432 363 SUPPLEMENTUM.

429 439 570 502 dam
593 437 762 520 (quid
793 437 951 500 enim
984 435 1140 517 quod
1176 423 1396 499 nomen
1436 434 1584 508 ei,in
1616 442 1836 497 aeterno
1861 455 2059 516 oppro-

2160 439 2441 513 τρίψασθαι
2481 449 2495 466 ⁸

3651 299 3796 364 1272

2570 435 2670 503 τὴν
2753 436 2853 514 γὰρ
2911 441 3016 491 τῶν
3072 435 3328 516 ὑπάρχων
3384 437 3475 494 to?)
3532 437 3796 516 Ἰλλυριῶν

2153 528 2328 591 ἔθνους
2376 527 2551 606 ἀρχὴν
2586 523 2669 582 διὰ
2702 527 2885 605 χειρὸς
2917 524 3068 605 ’έχων
3098 526 3231 604 ἀνήρ
3282 550 3362 590 τις
3424 529 3498 603 (τί
3557 529 3656 605 γαρ
3713 531 3801 584 καὶ

2153 619 2384 694 τοῦνομα
2417 616 2590 694 λέγειν
2623 613 2708 672 ἐπ’
2743 613 3030 691 ὀνειδισμῷ
3077 618 3370 688 αἰωνίζοντι
3405 617 3448 696 ς)
3495 616 3638 684 πλην
3668 617 3806 673 αλλὰ.

2154 714 2278 784 γοῦν
2338 704 2593 782 φρόνησιν
2653 706 2911 782 μεγίστην
2960 704 3112 785 ἔχειν
3152 707 3534 785 καυχώμενος,
3583 712 3669 764 καὶ
3698 708 3804 763 τῶν

2155 795 2321 857 πέλας
2401 793 2579 869 ὥσπερ
2657 791 3032 850 ἐπικνωδάλων
3107 795 3564 872 κατεπαιρόμενος
3624 800 3810 868 (τοῦτο

2154 885 2254 963 γὰρ
2311 884 2467 957 οἶμαι
2523 883 2687 957 αὐτῷ,
2752 883 2840 940 καὶ
2899 883 2995 950 τῆς
3040 882 3341 962 ἀφροσύνης
3373 883 3427 938 ἐν
3457 882 3680 960 γλώττῃ
3714 884 3809 950 τὴν

2149 972 2481 1049 βλασφεμίαν
2537 971 2795 1028 ἀπέτεκεν
2832 1020 2846 1046 ,
2923 974 3040 1028 ἐπεὶ
3134 974 3221 1028 καὶ
3294 975 3419 1037 τοὺς
3475 973 3811 1048 πειρασμιιὺς

2149 1065 2221 1127 ὡς
2267 1063 2330 1120 τὰ
2388 1059 2562 1118 πολλὰ
2608 1059 2694 1116 διὰ
2739 1061 2836 1128 τὴν
2897 1062 3257 1140 ὑπερηφανίαν
3310 1065 3464 1136 ἡμῶν
3512 1063 3811 1140 ἐπάγεσθαι

2157 1150 2594 1228 μεμαθήκαμεν),
2654 1151 2802 1214 τινὰς
2847 1153 2954 1207 τῶν
3011 1156 3110 1217 τῆς
3169 1150 3380 1215 πόλεως
3411 1153 3579 1228 ῥητῆς
3625 1175 3813 1230 πραγ-

2159 1242 2378 1316 ματείας
2434 1239 2844 1316 προϊσταμένων
2901 1239 3386 1316 μεταστειλάμενος
3436 1240 3639 1318 ἀπῄτει
3693 1242 3811 1298 τινὰ

2156 1329 2281 1406 παρ’
2307 1328 2478 1385 αὐτῶν
2507 1331 2744 1406 γενέσθαι
2789 1328 3070 1397 διοίκησιν.

2240 1416 2360 1494 (cf.
2408 1425 2523 1476 Τῶν
2579 1417 2633 1474 δὲ
2692 1420 2753 1475 τὸ
2812 1421 3061 1498 φορτικὸν
3092 1428 3182 1478 τοῦ
3210 1419 3574 1497 ἐπιτάγματος
3607 1420 3811 1478 ἀποδυ-

433 1526 619 1588 seque
649 1506 707 1568 id
740 1507 934 1568 facere
968 1524 1086 1566 non
1112 1523 1287 1584 posse
1319 1523 1452 1565 cum
1480 1504 1758 1585 lacrymis
1781 1505 1852 1566 ad
1885 1524 2059 1583 genua

2159 1507 2417 1585 ρομένων,
2476 1509 2562 1564 καὶ
2608 1508 2685 1580 μὴ
2729 1509 2848 1565 οἶόν
2899 1530 2968 1582 τε,
3018 1509 3161 1566 εἶνάι
3193 1516 3349 1566 τοῦτο
3381 1511 3640 1588 πράττειν
3673 1513 3812 1584 μετᾶ

432 1595 1098 1669 contestantibus,nul|o
1128 1593 1304 1654 modo
1333 1593 1383 1653 is
1407 1593 2059 1674 cessit,impossibilita-

2159 1594 2392 1672 δαγρύων
2469 1598 2919 1677 γον-δπετούντων,
2979 1597 3241 1656 οὐδοτιοῦν
3314 1600 3522 1663 ἐκεῖνος
3581 1599 3815 1658 ἐνεξίδου

434 1695 555 1749 tem
579 1687 764 1767 ipsos,
798 1703 864 1746 re
915 1684 1099 1758 facili,
1135 1685 1182 1744 si
1214 1682 1814 1758 vellent,exsistente,
1851 1684 2059 1762 tingere

2159 1685 2372 1765 φάσκων
2430 1685 2748 1742 πλάττεσθαι
2821 1688 3006 1752 αὖτοὺς
3092 1710 3152 1744 το
3212 1687 3486 1767 ἀδύνατον,
3553 1693 3816 1770 εὖχεροῦς

340 1830 346 1835 .
432 1758 936 1838 asseveranslllis
959 1781 1154 1834 autem
1187 1770 1636 1846 dicentibus,-—
1670 1780 1831 1832 certe
1867 1758 2059 1832 modus

2159 1758 2249 1832 τοῦ
2304 1774 2614 1853 πράγματος
2671 1777 3086 1849 καθεστηκότος,
3155 1776 3310 1856 εἴπερ
3375 1758 3660 1840 ἐθέλοιενῗ
3698 1758 3818 1838 ἰΓιῖιν

433 1866 608 1938 alius,
635 1874 700 1926 ut
735 1862 1190 1942 magnificentiae
1219 1871 1355 1934 tum,
1383 1860 1558 1922 nobis
1595 1861 1928 1922 volentibus
1965 1880 2059 1940 po-

2159 1861 2214 1920 δὲ
2257 1865 2565 1943 φησάντων,
2601 1897 2674 1910 -—
2707 1868 2780 1928 ὡς
2815 1867 2920 1922 Οὔκ
2949 1864 3089 1923 ἔστιν
3122 1867 3313 1944 ἑτέρως
3347 1870 3631 1936 πεισθῆναι
3667 1872 3819 1942 ὑμῶν

434 1953 683 2016 tentiam
708 1971 826 2013 non
854 1949 1746 2031 suppetere,suadeamus,haud
1772 1959 2050 2030 superest

2159 1953 2256 2015 τὴν
2299 1951 2635 2030 ἐνδοξότητα,
2694 1952 2876 2029 ὅτιπερ
2935 1957 2994 2012 οὗ
3047 1955 3287 2012 θέλουσιν
3346 1959 3485 2032 ἡμῖν
3533 1961 3593 2015 τὸ
3649 1958 3818 2016 δύνα-

436 2042 552 2103 nisi
568 2039 1017 2122 perterribilem
1043 2036 1699 2119 incomparabilemque
1721 2039 2059 2118 gloriosissi-

2159 2046 2274 2099 σθαι
2334 2043 2638 2119 πρόσεστιν,
2701 2045 2746 2100 εἰ
2801 2045 2878 2118 μὴ
2951 2045 3428 2125 πληροφορσόντων
3499 2047 3664 2122 ἡμῶν
3724 2052 3816 2105 τὸν

436 2130 519 2192 mi
546 2135 816 2209 martyris
843 2125 1124 2190 Demetrii
1175 2127 1500 2208 potentiam
1527 2129 1869 2207 praeclarum
1904 2129 2059 2189 thro.

2159 2129 2533 2210 ὑπέρλαμπρον
2601 2133 2748 2206 ὑμῶν
2819 2133 3002 2210 θρόνον
3081 2133 3167 2191 ἐπὶ
3247 2137 3350 2202 τῆς
3405 2139 3632 2215 φρικτῆς
3727 2140 3816 2193 καὶ

436 2237 580 2282 num
604 2217 1652 2304 vestrumveritatisconvincamus;-
1678 2217 1959 2280 inimicus
1973 2237 2059 2298 pet

2159 2218 2537 2298 ἂπαραόλήτου
2609 2219 2881 2296 δυνάμεως
2968 2223 3058 2280 τοῦ
3141 2222 3457 2290 πανενδόξου
3535 2227 3811 2304 μάρτυρος

433 2308 599 2370 illum
633 2311 843 2388 (neque
874 2306 1032 2367 enim
1091 2305 1220 2385 ipse
1275 2322 1585 2366 enormem
1615 2303 2068 2384 blasphemiam,

433 2399 631 2460 verbis
664 2415 1038 2479 expressam,
1075 2395 1346 2476 proferre
1375 2395 1585 2472 velim)
1605 2414 1809 2456 vocem
1834 2393 2070 2459 emisit:

431 2487 553 2550 illis
585 2487 771 2561 enim,
809 2485 985 2548 veluti
1019 2484 1078 2546 in
1110 2485 1369 2546 verenda
1418 2485 1503 2545 rei
1537 2485 2070 2563 perjuramentum

432 2575 804 2658 probatione.
838 2574 1231 2637 certaminum
1286 2572 1530 2634 victoris
1557 2573 1830 2635 timorem
1861 2574 1920 2634 in
1951 2593 2072 2636 me-

431 2666 594 2727 dium
629 2663 1095 2738 adducentibus,
1137 2662 1220 2722 ita
1253 2661 1565 2741 praefectus
1596 2662 1910 2742 respondit
1939 2668 2070 2735 (ve-

433 2771 595 2827 rum,
627 2751 1202 2814 misericordissime
1250 2750 1470 2813 Christi
1503 2758 1745 2830 martyr,
1780 2753 2072 2831 propitius

432 2842 578 2902 mihi
593 2847 698 2916 sis;
718 2839 1105 2921 blasphemiae
1127 2840 1285 2902 enim
1304 2839 1924 2920 magnitudinem,non
1940 2842 2073 2903 dico

433 2929 745 3005 labiis,sed
779 2949 890 2992 nec
937 2929 1155 2991 litteris
1185 2929 1436 3008 exprimi
1467 2928 1594 2990 fero
1621 2947 1636 3004 ;
1668 2928 1844 2992 aliter
1873 2941 2072 2993 autem

433 3021 534 3100 qui
569 3019 1052 3101 circumloquens
1084 3017 1506 3097 cogitationem
1537 3019 1856 3097 aperiam?)
1886 3019 2071 3080 Frau-

2161 2309 2490 2387 Δημητρίου,
2524 2344 2600 2356 -—
2643 2313 2670 2367 ὁ
2715 2310 2906 2390 ἐχθρὸς
2938 2310 3007 2368 δι’
3052 2312 3207 2370 αὐτοῦ
3238 2314 3416 2394 φωνην
3448 2314 3684 2394 ἀφῆκεν,
3739 2321 3810 2375 Οὔ

2157 2400 2256 2476 γὰρ
2315 2397 2431 2454 ἔχω
2504 2398 2680 2478 λέγειν
2766 2403 2922 2465 αὐτὸς
3001 2401 3228 2481 ἄμετρον
3295 2404 3390 2470 τὴν
3454 2405 3806 2482 βλασφημίαν

2159 2487 2528 2567 ἠμφιεσμένην
2564 2508 2578 2522 ·
2669 2489 2882 2546 ἐκείνων
2953 2491 3052 2568 γὰρ
3083 2537 3098 2564 ,
3153 2494 3226 2557 ὡς
3285 2495 3338 2549 ἐν
3394 2492 3805 2572 ὑπερϐαλλούσῃ

2153 2577 2310 2654 ὅρκου
2368 2575 2722 2657 πληροφορίᾳ,
2781 2580 2844 2635 τὸ
2900 2577 3120 2659 φῶερὸν
3199 2589 3290 2639 τοῦ
3347 2580 3645 2660 ἀθλοφόροι)
3710 2608 3805 2641 πα-

2154 2666 2498 2745 ραγαγόντων
2558 2670 2631 2733 εἰς
2685 2669 2872 2741 μέσον,
2934 2669 3101 2735 οὕτως
3159 2673 3188 2728 ὁ
3261 2671 3501 2750 ἔπαρχος
3577 2673 3804 2742 ἁπεκρί-

2157 2776 2282 2812 νατο
2309 2772 2321 2786 '
2368 2755 2517 2834 (ἀλλ’
2563 2755 2722 2823 ἵλεώς
2765 2779 2855 2833 μοι
2895 2767 3074 2836 γενοῦ,
3137 2759 3608 2837 φιλανθρωπότατε
3660 2765 3804 2838 μάρο

2155 2866 2245 2906 τυς
2280 2848 2524 2932 Χριστοῦ.
2562 2848 2634 2903 Οὐ
2663 2847 2805 2926 φέρω
2863 2847 2988 2926 γάρ,
3047 2853 3107 2908 οὗ
3167 2849 3309 2926 λέγω
3359 2863 3475 2916 τοῖς
3533 2852 3802 2932 χείλεσιν,

2156 2932 2277 2990 ἀλλ’
2330 2931 2448 2992 οὐδὲ
2500 2935 2804 3012 γράμμασιν
2863 2936 3155 3016 ἐγχαράξαι
3209 2944 3307 3006 τῆς
3361 2939 3716 3016 βλασφημίας
3745 2931 3802 2998 τὸ

2158 3022 2383 3099 μέγεθος
2423 3046 2435 3057 ·
2500 3024 2693 3102 ἑτέρως
2746 3023 2802 3081 δὲ
2856 3032 2969 3092 πῶς
3028 3027 3352 3105 περιφρέσας
3404 3028 3639 3097 δηλώσω
3702 3034 3799 3098 τὴν

432 3109 569 3171 dem
597 3109 755 3171 enim
788 3108 1106 3190 quamdam
1164 3125 1322 3183 esse,
1371 3107 1541 3183 dixit,
1574 3107 2059 3186 gloriosissimum

2159 3110 2360 3169 ἔννοιαν
2395 3111 2438 3192 ;)
2489 3111 2639 3191 ἔλεγε
2683 3115 2783 3193 γὰρ
2821 3118 3178 3193 σομπαιγνίαν
3229 3119 3348 3174 τινὰ
3404 3133 3521 3182 τοῖς
3554 3118 3799 3181 πολίταις

436 3209 759 3277 martyrem
793 3197 1020 3259 civibus
1051 3201 1313 3275 suis,per
1343 3215 1479 3257 eum
1504 3205 1727 3258 certam
1750 3199 1840 3258 rei
1861 3217 2067 3259 occur-

429 3286 619 3347 rentis
650 3287 826 3346 ﬁdem
862 3285 1060 3346 facere
1109 3283 1464 3360 volentibus,
1501 3284 1940 3347 adminiculari.
1974 3286 2065 3348 Illi

424 3373 987 3455 vero,blasphemiaa
1007 3373 1478 3452 magnitudinem
1505 3392 1624 3434 non
1657 3374 2061 3452 ferentes,ob-

431 3463 641 3526 turatis
671 3463 934 3544 auribus,
971 3462 1265 3525 exierunt.

509 3554 609 3617 92.
643 3552 779 3614 Post
807 3554 956 3615 duos
989 3571 1125 3614 vero
1156 3551 1465 3626 dies,forte
1525 3561 1722 3614 autem
1778 3573 1886 3616 nec
1917 3555 2066 3616 duos

428 3642 659 3724 plenos,
694 3651 879 3704 totum
912 3641 1020 3702 viri
1056 3659 1273 3721 corpus
1322 3640 1396 3702 ab
1448 3642 1716 3704 humeris
1741 3645 1813 3704 ad
1847 3643 2062 3723 pedum

429 3751 617 3813 usque
647 3731 1080 3794 extremitatem
1117 3731 1326 3792 morbo
1359 3732 1708 3809 gravissimo
1741 3741 1829 3792 est
1859 3751 2066 3794 corre-

427 3821 704 3903 ptum,ita
738 3830 804 3882 ut
837 3837 949 3882 nec
980 3819 1054 3880 ab
1096 3821 1240 3881 artis
1290 3820 1540 3883 medica!
1571 3821 1780 3901 peritis
1826 3821 2070 3883 morbus

427 3921 938 3990 cognosceretur;
1001 3927 1259 3990 cumque
1292 3928 1529 3971 menses
1557 3910 1797 3972 circiter
1825 3921 1958 3973 octo
2006 3911 2067 3972 in

428 3999 708 4078 praedicto
770 3999 976 4060 morbo
1007 4001 1320 4060 omnivoro
1355 3999 1763 4075 perdurasset,
1800 4000 2061 4070 tandem,

425 4087 708 4149 adhibitis
739 4087 1216 4166 quibuscumque
1253 4088 1532 4168 medelis,
1570 4088 1905 4165 meliusque
1936 4092 2066 4168 ipso

425 4176 863 4258 quodammodo
893 4175 1358 4258 habente,desiit
1383 4176 1442 4236 in
1476 4178 1533 4238 id
1568 4195 1762 4256 pcena,
1789 4187 1849 4237 ut
1873 4180 2066 4240 media

427 4266 606 4328 totius
629 4267 896 4345 corporis
922 4274 1085 4346 parte
1109 4274 1266 4328 esset
1287 4265 1652 4340 debilitatus,
1681 4269 1759 4326 ita
1782 4277 1843 4327 ut
1865 4269 2065 4346 specie

423 4359 651 4430 quidem
689 4361 878 4416 omnia
907 4359 1390 4422 membra,eﬂectu
1411 4369 1600 4415 autem
1632 4373 1865 4415 manum
1892 4374 2063 4417 unam

2153 3199 2310 3256 αὖτοῦ
2369 3215 2641 3280 συνεργεῖν
2726 3204 2819 3258 τὸν
2909 3201 3241 3281 ὑπερένδοξον
3327 3228 3588 3286 μαρτυρα,
3678 3208 3798 3264 κατ’

2150 3293 2305 3348 αὐτοὺ
2365 3289 2727 3368 πληροφορεϊν
2785 3292 3131 3370 βουλομένοις
3192 3297 3286 3350 τοῦ
3356 3299 3798 3377 προστυγχάνον-

2147 3401 2259 3440 τος.
2314 3383 2373 3437 Οἱ
2418 3377 2494 3454 δὲ,
2548 3382 2610 3436 τὸ
2669 3380 2826 3460 Ξίκρον
2870 3382 2965 3449 τῆς
3022 3381 3363 3461 βλασφημίας
3416 3389 3521 3464 οὐχ
3575 3388 3798 3446 ὑπομεί-

2147 3489 2344 3538 ναντες,
2378 3468 2632 3544 βύσαντες
2663 3472 2725 3526 τὰ
2753 3473 2867 3528 ὦτα
2888 3470 3129 3548 ἐξῄεσαν,

2229 3557 2349 3633 ζβ’.
2399 3559 2545 3616 Μετᾶ
2604 3559 2657 3616 δὲ
2715 3560 2920 3639 ἡμέρας
2979 3560 3090 3640 δύο,
3129 3563 3274 3642 τάχα
3338 3562 3391 3619 δὲ
3417 3561 3536 3619 οὐδὲ
3567 3567 3794 3641 πλήρεις

2147 3644 2259 3718 δύο,
2318 3649 2379 3702 τὸ
2438 3653 2541 3704 πᾶν
2585 3655 2744 3722 σῶμα
2781 3656 2876 3706 τοῦ
2928 3647 3111 3728 ἀνδρὸς
3170 3648 3445 3708 ἆπᾶἱνωθεν
3495 3652 3661 3727 ὤμων
3693 3654 3794 3718 ἕως

2151 3732 2325 3814 ἄκρων
2373 3734 2547 3792 ποδῶν
2608 3737 2747 3812 νόσῳ
2803 3736 3078 3816 δεινοτάτῃ
3138 3741 3441 3820 κατεσχέθη
3491 3740 3688 3821 οὕτως,
3721 3746 3794 3808 ὡς

2151 3822 2286 3897 μηδὲ
2343 3823 2729 3903 διαγνωσθῆναι
2761 3828 2821 3882 τὸ
2852 3833 3007 3901 σῶμα
3038 3829 3180 3906 παρὰ
3226 3835 3334 3884 τῶν
3385 3835 3484 3897 τῆς
3542 3833 3793 3902 ἰατρικῆς

2148 3912 2434 3992 ἐμπείρων,
2491 3915 2582 3982 ὴαὶ
2625 3915 2797 3990 μῆνας
2846 3917 2962 3993 περί
3018 3939 3116 3973 που
3175 3919 3318 3975 ὀκτὼ
3351 3918 3404 3975 έν
3454 3927 3531 3992 τῷ
3584 3920 3791 3998 προλε-

2149 4002 2330 4082 χθέντι
2388 4005 2661 4083 παμφᾶγῳ
2745 4002 3050 4071 διατελέσας
3109 4008 3396 4082 νοσήματι,
3450 4007 3604 4071 τέλος
3659 4010 3795 4067 πολ·-

2147 4089 2255 4147 λῶν
2311 4090 2449 4148 ὅσων
2505 4095 2827 4170 γενομένων,
2890 4095 2975 4151 καὶ
3055 4095 3180 4172 ῥᾷον
3261 4096 3440 4175 ὥσπερ
3484 4097 3790 4178 ἐσχηκότος

2147 4184 2325 4254 αοῖιτοῦ,
2364 4183 2436 4247 εἰς
2471 4190 2625 4240 τοῦτο
2672 4181 2926 4249 manas
2972 4183 3038 4239 τὰ
3095 4189 3193 4251 τῆς
3249 4186 3434 4263 ὀργῆς,
3469 4189 3543 4251 ὡς
3577 4191 3636 4245 τὸ
3666 4187 3792 4263 ἧμι-

2145 4291 2207 4325 συ
2249 4269 2408 4347 μέρος
2470 4281 2564 4329 κοῦ
2619 4270 2744 4327 ὅλου
2801 4271 3050 4345 σώματος
3109 4273 3449 4350 παρεθῆναι,
3505 4279 3579 4336 ὡς
3637 4275 3785 4356 ἔχειν

2144 4358 2242 4431 μὲν
2298 4359 2453 4414 αὒτὸν
2508 4365 2574 4436 τῇ
2627 4359 2718 4433 θέᾳ
2777 4361 2948 4416 πάντα
3015 4361 3082 4418 τὰ
3139 4360 3306 4441 μέλη,
3363 4370 3430 4437 τῇ
3462 4362 3516 4420 δὲ
3553 4365 3784 4442 ἐνεργείᾳ

425 4451 482 4503 et
513 4443 825 4505 humerum
861 4461 1066 4518 unum,
1103 4441 1479 4521 pectorisque
1510 4449 1569 4502 et
1619 4442 1837 4502 ventris
1878 4443 2058 4504 dimi-

2159 4447 2267 4503 ιίαν
2326 4461 2512 4526 χεῖρα,
2557 4450 2644 4505 καὶ
2699 4452 2853 4522 ὦμον
2895 4448 3009 4526 ἕνα,
3069 4451 3156 4505 καὶ
3210 4453 3432 4521 στήθους
3463 4455 3549 4508 καὶ
3583 4441 3779 4510 κοιλίας

424 4531 616 4602 dium,
653 4531 928 4592 similiter
959 4539 1016 4591 et
1047 4531 1240 4591 femur
1272 4547 1452 4589 unum
1492 4538 1550 4592 et
1579 4548 1733 4608 genu
1759 4540 1818 4592 et
1848 4533 2057 4610 pedem

427 4620 707 4680 duntaxat
763 4619 1054 4693 haberet;
1101 4636 1238 4678 cum
1299 4637 1476 4698 porro
1535 4627 1792 4700 quatuor
1823 4639 2060 4684 menses

422 4706 596 4789 alios,
658 4727 772 4788 quo
835 4706 889 4768 ei
950 4706 1303 4788 impleretur
1355 4726 1568 4784 annus,
1604 4710 1681 4771 ita
1713 4711 2053 4784 mansisset,

423 4813 540 4856 non
573 4797 736 4876 prius
765 4795 1157 4858 certaminum
1217 4796 1485 4867 victoris,
1547 4807 1678 4858 utut
1709 4798 2054 4860 misericor-

421 4883 676 4965 dissimi,
712 4884 1042 4947 visitatione
1075 4885 1290 4964 dignus
1321 4896 1408 4947 est
1433 4886 1872 4967 habitus.quam
1908 4889 2054 4948 inul-

425 4971 500 5035 tis
527 4973 800 5055 lacryinis
857 4975 917 5035 in
979 4975 1317 5036 venerando
1375 4993 1550 5054 quam
1603 4977 1864 5038 maxime
1896 4976 2054 5038 illius

423 5063 646 5143 templo
678 5072 876 5126 mente
905 5072 1023 5126 tota
1057 5070 1213 5124 esset
1239 5063 1574 5137 confes'sus,
1610 5083 1744 5126 sese
1776 5084 2054 5146 peccasse

417 5153 594 5228 eique
625 5153 947 5233 spondere,
982 5154 1109 5214 fore
1141 5162 1204 5213 ut
1252 5153 1418 5214 illius
1472 5153 1718 5234 quidem
1755 5173 1871 5216 non
1905 5173 2052 5216 con-

417 5242 796 5303 temnendam
856 5242 1175 5322 potentiam
1228 5253 1601 5322 agnosceret,
1635 5242 1908 5304 insanum
1941 5262 2051 5305 au-

417 5337 533 5390 tem
571 5330 816 5392 verbum
855 5329 1200 5409 hujusmodi
1225 5330 1536 5411 deinceps,
1570 5350 1680 5394 nec
1708 5350 1815 5393 ore
1847 5334 2047 5406 etiam,

411 5419 678 5497 proferre
712 5418 984 5482 auderet.
1021 5421 1167 5496 Deo,
1199 5426 1317 5478 etc.

2141 4536 2202 4592 τὸ
2240 4538 2429 4612 ἡμίσυ,
2487 4536 2583 4594 καῖ
2643 4539 2817 4614 μηρὸν
2875 4538 3127 4604 ὡσαύτως
3185 4537 3299 4613 ἕνα,
3361 4544 3450 4597 καὶ
3501 4543 3625 4618 γόνυ
3684 4545 3778 4598 καί

2142 4623 2297 4684 πόδα.
2358 4627 2454 4684 Καὶ
2511 4624 2918 4702 ὃιαμειιενηκὼς
2963 4627 3129 4690 οὕτως
3198 4628 3284 4686 ἐπὶ
3345 4635 3522 4702 μῆνας
3577 4632 3775 4708 ἑτέρως

2139 4713 2417 4794 τέσσαρας,
2475 4717 2547 4780 ὡς
2622 4715 2970 4793 πληρωθῆναι
3032 4715 3174 4788 αὖτῷ
3243 4719 3336 4773 τὸν
3395 4719 3660 4791 ἐνιαυτὸν,
3719 4720 3775 4776 οὗ

2138 4803 2389 4882 πρότερον
2468 4804 2802 4881 ἐπισκέψεως
2882 4814 2974 4863 τοῦ
3069 4804 3361 4885 ἀθλοφόροι)
3445 4807 3768 4878 κατηξιώθη,

2138 4893 2308 4950 καίτοι
2365 4892 2863 4972 φιλανθρωποτάτου
2932 4894 3296 4974 ὑπάρχοντος,
3376 4898 3496 4974 πρὶν
3547 4901 3582 4964 ἢ
3636 4897 3772 4970 μετᾶ

2137 4978 2370 5059 δακρύων
2421 4982 2636 5039 πολλῶν
2687 4983 2742 5039 έν
2799 4984 2876 5056 τῷ
2939 4985 3096 5039 αὐτοῦ
3148 4984 3435 5058 πανσέπτῳ
3493 4993 3599 5059 ναῷ
3626 4987 3772 5051 πᾶση

2138 5067 2351 5146 δυνάμει
2435 5069 2882 5149 ἐξωμολογήσατο
2968 5071 3272 5128 ἐπταικέναι
3364 5075 3454 5130 καὶ
3510 5075 3770 5141 συνθήκας

2135 5163 2304 5216 θεῖναι
2368 5161 2496 5238 πρὸς
2581 5161 2739 5217 αὗτόν
2773 5179 2784 5192 ·
2857 5161 3218 5240 ἐπεγνωκέναι
3293 5162 3392 5236 μὲν
3449 5164 3547 5230 τὴν
3615 5166 3773 5220 αὐτου

2134 5251 2565 5328 ἀκαταφρόνητον
2608 5247 2852 5324 δύναμιν,
2904 5254 2981 5325 μὴ,
3025 5249 3296 5326 τολμῆσαι
3350 5250 3404 5307 δὲ
3463 5254 3522 5308 τὸ
3578 5250 3768 5307 λοιπὸν

2133 5336 2428 5416 ἀφροσύνης
2482 5338 2629 5414 ῥημα
2685 5347 2920 5395 τοιοῦτον
2979 5336 3116 5412 μηδὲ
3169 5338 3264 5395 κᾶν
3295 5338 3380 5395 διὰ
3410 5339 3652 5417 γλώττης
3688 5339 3771 5404 ἐξ·

2131 5439 2393 5502 ενεγκεϊν,
2425 5433 2512 5499 Τῷ
2539 5423 2593 5482 δὲ
2625 5434 2765 5507 Θεῷ,
2801 5449 2858 5488 κ.
2891 5450 2944 5488 τ.
2977 5427 3032 5488 λ.
