3946 6146
370 240 521 311 1275
1718 233 1807 299 SU
1817 232 2368 301 PPLEMENTUM.
3039 249 3047 258 '
3580 244 3722 312 1276

368 381 550 455 rium,
573 379 742 461 cujus
771 378 1051 459 superius
1080 396 1237 459 Step0
1288 373 1648 438 meminibus
1678 372 1830 456 (67),
1870 373 1983 452 ignt

2088 373 2251 451 πέρας
2294 383 2388 433 τοῦ
2429 376 2740 456 πράγματος
2790 376 3019 459 ἔπεισεν)
3082 379 3291 461 ἀνήφθη
3335 382 3455 460 πυρὶ
3484 383 3546 439 τὸ
3576 383 3724 462 ἅγιον

368 467 678 531 incensum
712 466 957 530 est.Hoc
977 474 1172 528 autem
1196 462 1357 528 brevi
1380 481 1486 545 per
1510 472 1688 525 totam
1711 462 1983 524 civitaten

2089 468 2248 524 αὑτοῦ
2302 463 2551 546 κιϐώριον
2602 467 2659 524 τὸ
2715 467 2990 547 ἂργόρεον,
3054 470 3171 537 περὶ
3204 469 3262 527 οὗ
3292 470 3554 537 πολλάκις
3580 474 3723 530 ἀνω·-

364 557 589 629 audito,
644 557 840 618 omnis
898 555 1197 636 praecipue
1246 561 1416 615 tetate
1464 553 1738 633 juvenes,
1795 570 1983 615 somnt

2086 554 2224 633 τὲρω
2265 555 2761 632 ἐμνημονεύσαμεν,
2821 557 3017 617 Τούτου
3075 557 3132 616 δὲ
3200 561 3340 618 κατὰ
3398 562 3576 629 πάσης
3632 572 3725 634 τῆς

364 646 641 728 expedite
690 665 796 727 per
855 645 1113 726 vigorem
1155 661 1426 714 excusso,
1459 642 1800 732 congregati
1832 649 1977 732 sunt

2087 643 2294 711 πόλεως
2352 645 2404 702 ἒν
2475 646 2677 726 βραχεῖ
2760 652 2927 726 καιρῷ
2982 647 3404 724 διακουσθὲντος,
3479 653 3725 732 συνήχθη

361 736 513 798 adeo
545 744 607 796 ut
637 753 884 798 numero
918 744 1033 796 tam
1088 732 1258 797 multi
1315 731 1563 804 fuerint,
1617 740 1681 793 ut
1709 731 1983 812 templum

2085 739 2191 790 πᾶν
2247 736 2308 791 τὸ
2360 733 2476 793 νέον
2532 738 2605 797 ὡς
2665 733 2898 810 μάλιστα
2945 743 3045 805 τῆς
3092 736 3329 819 ἡλικίας,
3395 742 3455 797 τὸ
3500 742 3587 798 καὶ
3633 731 3725 798 τὸν

371 825 624 889 maxime
694 825 1097 888 venerandum
1174 823 1607 886 obstrueretur.
1667 822 1999 900 Argentum

364 933 565 990 omne,
598 914 735 993 igne
765 913 1177 996 liquefactum,
1213 914 1274 997 in
1311 912 1673 993 pavimento,
1732 920 1792 972 ut
1821 930 1992 992 aqua,

358 1004 635 1083 jacebat;
663 1004 928 1066 ﬂuminis
961 1015 1154 1067 autem
1188 1004 1250 1064 in
1283 1001 1527 1063 modum
1559 1001 1618 1062 id
1642 1000 2001 1064 circumlue-

363 1090 458 1153 bat
482 1092 908 1172 amphorarum
937 1092 1273 1164 multitudo,
1307 1090 1523 1172 quibus
1555 1101 1615 1154 et
1646 1089 1750 1153 Dei
1795 1091 1995 1173 provi-

361 1181 557 1245 dentia
591 1183 844 1246 ﬂammte
876 1183 1206 1265 periculum
1240 1188 1578 1261 superatum
1613 1188 1725 1245 est.

436 1370 538 1432 96.
570 1372 703 1435 Non
735 1371 892 1433 enim
924 1371 1105 1432 animi
1142 1368 1481 1448 dejectione
1514 1369 1574 1429 in
1606 1366 1839 1429 consilii
1868 1367 1992 1429 ino-

361 1458 516 1539 piam
547 1460 760 1523 ciborii
777 1461 1117 1524 incendium
1143 1468 1368 1523 tantum
1393 1457 1994 1539 immergebat,quan-

360 1557 482 1611 tum
515 1559 728 1632 metus,
762 1570 839 1613 ne
860 1553 1097 1614 ﬂamma
1126 1550 1198 1612 ad
1230 1549 1435 1629 templi
1465 1549 1710 1610 lacunar
1742 1566 1993 1629 progre-

356 1637 621 1714 deretur,
658 1640 1052 1720 spectantium
1086 1639 1265 1701 corda
1297 1637 1628 1719 torquebat.
1654 1636 1819 1710 Quod
1856 1655 1989 1698 cum

2081 822 2244 881 ὕπνον
2296 826 2532 904 εὐχερῶς
2589 822 2655 881 δι’
2709 823 3005 882 εόσθένειαν
3061 826 3391 892 ἀποϐάλλον,
3427 820 3521 893 Ὠς
3552 828 3607 886 δὲ
3636 852 3719 886 το⁴

2081 919 2257 970 σοῦτοι
2301 913 2605 992 γεγόνασιν,
2675 916 2746 977 ὡς
2820 913 3185 985 ἀποϐασθῆναι
3265 919 3341 993 τῷ
3400 917 3591 986 πλήθει
3664 921 3726 976 τὸ

2082 1003 2338 1080 πανάγιον
2396 1003 2632 1077 τέμενες,
2666 1006 2694 1060 ὁ
2726 1004 2824 1080 μὲν
2862 1003 3083 1083 ἄργυρος
3113 1010 3333 1086 χαυθεὶς
3364 1011 3441 1082 τῷ
3489 1011 3615 1087 πυρί
3657 1009 3722 1077 ἧν

2082 1093 2222 1158 ἅπας
2254 1093 2337 1150 ἐπὶ
2381 1093 2602 1174 ἐδάφους
2636 1097 2707 1157 ὡς
2740 1093 2875 1173 ὕδωρ
2914 1114 2927 1128 ⁸
2959 1098 3019 1152 τὸ
3049 1093 3103 1152 δὲ
3134 1096 3336 1165 πλῆθος
3394 1105 3499 1157 τῶν
3541 1099 3720 1181 ἄμφθ-

2077 1182 2211 1261 ρὲων
2268 1182 2571 1261 περιέκλυζε
2641 1186 2824 1241 τοῦτον
2917 1185 3250 1264 ποταμηδὸν,
3321 1188 3407 1269 ὑφ’
3490 1189 3566 1245 ὧν
3622 1188 3719 1246 καί

2076 1274 2291 1352 προνοέᾳ
2323 1281 2452 1332 Θεοῦ
2480 1275 2719 1341 νενίκητο
2747 1275 2806 1331 τὸ
2837 1276 2935 1341 τῆς
2966 1273 3164 1353 φλογὸς
3188 1275 3536 1337 ἐπικίνδυνον.

2158 1362 2284 1437 ζ’ς.
2318 1366 2389 1420 Οὐ
2419 1369 2670 1420 τοσοῦτον
2715 1363 2814 1442 γὰρ
2857 1368 2927 1439 τῇ
2969 1363 3159 1439 ἂθυμίᾳ
3209 1365 3410 1432 πάντας
3455 1368 3529 1430 εἷς
3561 1367 3715 1439 ἄμη-

2075 1451 2265 1530 χανίαν
2325 1448 2605 1508 ἐϐιίπτισεν
2659 1454 2693 1520 ἡ
2746 1462 2839 1511 τοῦ
2881 1450 3127 1530 κιϐωρὶου
3184 1454 3541 1531 πυρπόλησις,
3588 1455 3713 1514 ὅσον

2072 1538 2109 1605 ἠ
2154 1539 2439 1616 προσδοκία
2492 1548 2583 1597 τοῦ
2612 1541 2823 1619 φθάνειν
2865 1542 2963 1609 τὴν
3006 1541 3181 1621 φλόγα
3211 1543 3335 1621 περί
3368 1545 3468 1612 τὴν
3513 1547 3715 1625 ὀροφὴν

2074 1636 2164 1685 τοῦ
2209 1636 2331 1685 ναοῦ
2362 1632 2452 1692 τὰς
2487 1628 2697 1707 καρδίας
2731 1635 2835 1687 τῶν
2893 1632 3160 1704 θεομὲνων
3216 1632 3461 1701 ἐξέτηκεν
3491 1650 3507 1666 ⁸
3550 1634 3714 1711 οῦπερ

362 1727 537 1790 etiam
567 1718 774 1807 (timor
794 1730 1162 1810 enim,quem
1191 1718 1532 1800 timuerant,
1568 1744 1747 1807 super
1771 1745 1897 1802 eos,
1930 1738 1983 1788 ut

2082 1719 2167 1774 καὶ
2225 1720 2512 1797 γενομένου
2574 1718 2750 1801 (φόϐος
2795 1720 2914 1800 γὰρ,
2974 1720 3033 1775 ’ὃν
3089 1718 3437 1796 ἐδεδοίκεσαν,
3484 1722 3719 1791 ἐπῆλθεν

359 1822 640 1898 scriptum
675 1829 785 1899 est,
812 1818 1008 1889 irruit)
1031 1837 1100 1880 ex
1127 1837 1196 1879 eo
1240 1816 1395 1899 quod
1428 1834 1688 1896 appensa
1721 1834 1753 1876 e
1783 1814 1994 1877 ciborii

358 1906 581 1968 vertice
600 1915 809 1970 catena
834 1908 1090 1983 ferrea,e
1110 1925 1225 1988 qua
1250 1905 1489 1987 quidam
1516 1906 1763 1966 multum
1790 1904 1995 1967 lucens

358 2002 794 2077 argenteusque
846 2009 1042 2059 crater
1097 2004 1234 2058 tunc
1268 1993 1669 2074 dependebat,
1705 1994 1854 2072 ignis
1886 2012 1993 2074 per

363 2083 522 2147 hunc
554 2085 816 2148 smilacis
851 2085 912 2147 in
957 2085 1197 2148 modum
1225 2085 1474 2147 diﬂ‘usus
1498 2082 1742 2145 lacunar
1757 2083 1991 2162 attigis-

360 2182 473 2254 set,
526 2176 922 2256 redigereque
969 2175 1029 2236 in
1081 2173 1342 2236 cinerem
1398 2172 1663 2235 calathos
1690 2173 1768 2233 ita
1800 2173 1992 2236 dictos

357 2260 706 2344 incepisset,
741 2263 956 2326 factum
990 2264 1218 2336 fuisset,
1254 2260 1535 2324 continuo
1569 2268 1708 2323 tunc
1749 2261 1987 2343 quidam

358 2369 463 2431 per
491 2371 630 2415 aera
660 2354 810 2414 vasis
843 2353 1114 2435 pluribus
1139 2350 1423 2433 aquil‘eris
1445 2349 1601 2413 bene
1632 2351 1902 2413 instructi
1926 2351 1987 2414 in

353 2441 552 2505 trabes
580 2450 888 2505 currentes
945 2444 1170 2522 ignem,
1226 2441 1349 2504 Deo
1381 2450 1762 2521 c00perante,
1798 2459 1983 2522 supe-

350 2538 579 2595 rarunt.
614 2531 753 2594 Post
780 2533 907 2595 haec
936 2533 1133 2613 igitur,
1169 2549 1303 2594 cum
1338 2529 1642 2591 turbarum
1668 2529 1983 2592 multitudo

352 2639 469 2682 non
501 2620 715 2702 exiret,
748 2622 850 2683 sed
883 2623 1038 2683 intra
1068 2626 1359 2694 maneret,
1386 2619 1551 2695 iique
1574 2617 1675 2695 qui
1699 2636 1826 2680 eam
1859 2618 1985 2680 abi-

349 2710 567 2789 gebant
593 2719 693 2772 aut
726 2711 900 2773 etiam
927 2729 1034 2791 per
1058 2718 1291 2772 noctem
1333 2711 1750 2788 intempestam
1783 2707 1983 2770 disce-

349 2797 495 2860 dere
515 2798 833 2879 jubebant,
887 2800 1139 2862 suadere
1194 2798 1252 2860 id
1289 2796 1508 2879 popqu
1565 2814 1683 2858 non
1716 2806 1981 2880 possent,

268 2916 269 2919 η
347 2888 635 2964 quosdam
669 2890 877 2970 templi
910 2890 1165 2951 maxime
1197 2889 1517 2951 venerandi
1550 2897 1881 2962 curatores,
1908 2906 1984 2949 ne

2077 1808 2283 1882 αὐτοῖς,
2345 1811 2517 1874 καθὼς
2570 1809 2889 1889 γέγραπται)
2955 1810 3014 1865 ἐκ
3068 1810 3164 1877 τῆς
3215 1808 3298 1868 διὰ
3340 1811 3437 1879 τῆς
3481 1819 3719 1892 κορυφῆς

2077 1904 2167 1954 τοῦ
2217 1897 2464 1976 κιϐωρίου
2538 1896 2879 1976 κρεμαμένης
2938 1898 3175 1964 ἁλύσεως
3236 1899 3477 1978 σιδῆρας,
3543 1902 3595 1969 ἒξ
3653 1904 3717 1970 ἧς

2073 1985 2385 2066 πολύφωτός
2435 2010 2517 2051 τις
2573 1987 2886 2066 ἆπηωρεϊτο
2943 1990 3030 2045 καὶ
3112 1989 3361 2068 ἀργύρεος
3420 1999 3714 2057 τηνικαῦτα

2073 2077 2298 2157 κρατὴρ,
2358 2077 2425 2133 δι’
2472 2078 2530 2134 οῦ
2588 2076 2738 2142 δίκην
2795 2076 3059 2153 σμίλακος
3118 2080 3178 2136 τὸ
3226 2086 3328 2154 πῦρ
3384 2080 3713 2155 ἀνανεμηθὲν

2073 2167 2264 2244 φθάσαι
2315 2168 2412 2234 τὴν
2464 2168 2683 2247 ὀροφὴν,
2748 2168 2835 2223 καὶ
2878 2168 2997 2230 τοὺς
3051 2166 3404 2242 καλουμένους
3447 2169 3706 2234 καλάθους

2072 2255 2317 2332 ἄρξασθαι
2363 2264 2702 2336 περιτεφροῦν
2737 2273 2752 2288 ⁶
2802 2257 2888 2313 καὶ
2932 2254 2996 2322 δὴ
3042 2258 3159 2314 τότε
3222 2257 3389 2332 τινὲς,
3452 2257 3705 2338 ἀεροδρο-

2072 2346 2340 2420 μήσαντες
2399 2345 2695 2410 εὔσκύλτως
2754 2347 2890 2403 κατὰ
2946 2352 3051 2402 τῶν
3109 2345 3276 2403 δοκῶν
3337 2347 3429 2403 σῦν
3472 2348 3708 2426 ἀγγείοις

2069 2432 2303 2490 πλείοσιν
2357 2434 2726 2516 ὕδατρφόροις,
2784 2442 2916 2493 Θεοῦ
2998 2444 3269 2514 συνεργεῐᾳ
3340 2437 3711 2515 περιεγένοντο

2066 2534 2159 2584 τοῦ
2220 2523 2485 2604 φλογμοῦ.
2551 2525 2696 2580 Μετᾶ
2748 2531 2873 2602 γοῦν
2932 2531 3119 2600 ταῦτα,
3178 2532 3270 2581 τοῦ
3324 2524 3561 2595 πλήθους
3603 2528 3710 2584 τῶν

2065 2614 2249 2694 ὄχλων
2320 2616 2379 2671 οῦ
2433 2612 2877 2695 διεκχωροῦντος,
2937 2612 3060 2670 ἀλλ’
3137 2613 3482 2688 ἐπιμένοντος
3540 2614 3708 2698 ἔνδον,

2066 2706 2152 2762 καθ
2208 2708 2314 2760 τῶν
2372 2701 2798 2781 ἀποσοϐοῦντων,
2830 2703 2867 2772 ἢ
2909 2704 2996 2760 καὶ
3044 2704 3354 2784 ὑποχωρεῖν
3385 2702 3471 2760 διὰ
3501 2707 3563 2762 τὸ
3595 2705 3709 2761 ἄω-

2067 2815 2157 2873 ρον
2216 2799 2312 2861 τῆς
2369 2794 2555 2857 νυκτὸς
2607 2791 2955 2867 κελευόντων,
3015 2792 3106 2849 οὖν
3162 2792 3458 2871 ἰσχυόντων
3516 2806 3709 2850 πεῖσαι

2066 2883 2165 2951 τὴν
2222 2882 2449 2959 πληθὺν,
2509 2880 2624 2947 δέος
2681 2880 2965 2947 ὑπεισῆλθε
3013 2881 3158 2946 τινὰς
3225 2887 3331 2936 τῶν
3390 2880 3707 2957 κηδεμόνων

2067 2974 2158 3029 τοῦ
2210 2972 2511 3028 πανσέπτου
2567 2977 2713 3043 ναοῦ,
2789 2971 2864 3045 μή
2922 2991 3060 3035 τινες
3110 2970 3344 3038 ἀγνῶτες
3402 2968 3487 3025 δια
3530 2993 3587 3026 τε
3646 2971 3709 3027 τὸ

347 2976 550 3079 ριίίιιιὶ,
587 2978 744 3079 quod
780 2988 837 3041 et
896 2978 1095 3060 populi
1129 2977 1460 3058 frequentia
1491 2985 1547 3038 et
1577 2996 1688 3040 nox
1721 2976 1978 3079 adesset,
2003 3028 2044 3079 α

349 3067 506 3128 baud
566 3068 688 3129 noti
742 3078 1072 3146 argentum.
1123 3087 1241 3130 non
1298 3077 1565 3144 tantum,
1630 3067 1784 3148 quod
1849 3067 1983 3146 igne

2082 3062 2266 3130 πλῆθος
2308 3072 2402 3122 τοῦ
2458 3060 2648 3142 ὄχλου,
2684 3060 2767 3117 διά
2827 3082 2881 3115 τε
2927 3061 2985 3116 τὸ
3030 3060 3191 3116 νύκτα
3232 3060 3543 3140 τυγχάνειν,
3575 3064 3705 3118 km-

347 3155 715 3218 cnmbustum
751 3166 898 3239 erat,
933 3158 1036 3219 sed
1066 3167 1123 3219 et
1155 3177 1353 3233 omne,
1389 3156 1544 3238 quod
1593 3157 1668 3219 ob
1698 3159 1981 3218 lestivita-

2082 3155 2378 3232 (ειρήσαιεν
2415 3154 2487 3214 εἷς
2539 3151 2782 3230 ἁρπαγὴν
2842 3160 2933 3209 τοῦ
2981 3149 3226 3226 ἀργύρου,
3285 3152 3345 3206 οὔ
3379 3156 3473 3206 τοῦ
3527 3173 3704 3207 κατα-

350 3244 424 3304 tis
446 3244 725 3306 decorem
759 3237 892 3306 erat
911 3264 1264 3327 appensum,
1318 3237 1623 3327 surripere
1654 3247 1979 3322 studerent,

2082 3242 2384 3323 ρλεχθὲντος
2443 3243 2611 3316 μόνου
2666 3246 2741 3313 τῷ
2799 3241 2940 3318 πυρὶ,
3016 3237 3155 3294 ἀλλὰ
3209 3239 3296 3295 καὶ
3357 3241 3551 3303 παντός
3608 3248 3704 3299 τοῦ

348 3332 524 3395 timor
553 3333 756 3397 subiit.

425 3423 619 3487 67.Ac
637 3423 726 3486 vir
745 3424 986 3505 quidem
1007 3425 1221 3506 aliquis
1250 3425 1568 3487 memorari
1589 3425 1977 3507 dignus,spe-

345 3512 688 3594 ctabilique,
723 3532 843 3591 quo
888 3515 1125 3587 Dacico,
1156 3522 1221 3576 ut
1249 3523 1515 3585 vocatur,
1550 3515 1974 3596 perillustrium

345 3600 561 3683 Illyrici
594 3603 1002 3684 praefectorum
1027 3604 1247 3667 scrinio
1272 3613 1541 3684 praeerat,
1561 3623 1808 3667 munere
1838 3606 1976 3669 fun-

341 3708 487 3769 gens
512 3692 794 3771 (68),cum
827 3694 1223 3771 modum,quo
1255 3694 1482 3774 absque
1505 3693 1687 3755 animi
1729 3696 1975 3774 aegritu-

345 3780 483 3841 dine
513 3780 928 3862 molestiaque,
964 3783 1078 3845 nisi
1104 3783 1238 3864 quis
1269 3783 1640 3846 subitaneam
1672 3784 1974 3846 Barbaro-

346 3885 473 3930 rum
508 3874 893 3933 incursionem
919 3885 1266 3947 praetexeret,
1290 3892 1322 3932 e
1344 3875 1555 3947 templo
1579 3876 1783 3946 expelli
1809 3878 1973 3935 turba

347 3967 689 4039 poss::t,non
723 3968 1041 4041 suppetere
1062 3960 1489 4037 consideraret,
1505 3959 1974 4034 vociferari,cer-

344 4044 630 4107 taminum
679 4046 898 4109 victore
943 4068 1045 4111 cor
1096 4050 1228 4130 ejus
1254 4049 1327 4111 ad
1358 4052 1473 4112 hoc
1502 4050 1786 4112 incitante
1820 4052 1970 4133 (69),

342 4132 602 4216 incepit:
630 4135 872 4200 Barbari
893 4138 966 4201 ad
992 4158 1215 4221 muros,
1250 4159 1283 4200 ο
1312 4140 1415 4201 viri
1446 4140 1626 4213 cives,
1657 4132 1973 4220 inexspec-

2063 3331 2396 3411 κρεμαμέκου
2429 3331 2558 3409 πρὸς
2589 3328 2875 3403 εὐκοσμίαν
2907 3331 3006 3396 τῆς
3037 3329 3254 3405 ἑορτῆς.

2144 3421 2254 3497 4ζ’.
2322 3422 2419 3478 Καὶ
2475 3418 2538 3487 δὴ
2595 3417 3015 3494 βουλευσάμενός
3072 3440 3153 3480 τις
3211 3415 3705 3492 ἆξιομνημόνευτος

2061 3512 2215 3587 ἀνὴρ,
2262 3511 2350 3567 καὶ
2382 3510 2475 3577 τὴν
2508 3506 2720 3582 ἔντιμον
2777 3508 3024 3584 στρατιὰν
3083 3514 3173 3564 τοῦ
3214 3509 3446 3563 Δακικοῦ
3498 3507 3705 3564 καλου*

2063 3600 2218 3668 μένου
2281 3600 2510 3674 σκιρνίου
2562 3604 2665 3654 τῶν
2708 3595 3099 3675 ὕπερλᾶμπρων
3158 3595 3418 3678 ὑπάρχων
3466 3597 3560 3653 τοῦ
3588 3596 3704 3654 ’ἰλ-

2059 3688 2273 3767 λυρικοῦ
2333 3687 2769 3766 στρατευόμενος,
2818 3689 2891 3751 ὼς
2942 3690 3038 3744 οὒκ
3091 3684 3237 3742 ἔσται
3295 3686 3491 3762 τρόπος
3543 3688 3570 3742 ὁ
3601 3684 3700 3745 δυ-

2059 3779 2284 3853 νάμενος
2344 3776 2582 3848 ἀλύπως,
2645 3777 2736 3832 καί
2805 3775 3232 3854 εῦπροφασζστως
3290 3775 3549 3842 ἒξωθῆσαι
3605 3776 3705 3832 τὸν

2059 3865 2222 3945 ὄχλον
2250 3869 2312 3922 ὲκ
2342 3871 2433 3922 τοῦ
2485 3872 2631 3938 ναοῦ,
2679 3866 2724 3921 εἰ
2779 3866 2856 3940 μὴ
2923 3865 3298 3943 προφασίσοιτό
3332 3885 3406 3927 τις
3445 3863 3705 3943 αἰφνιδίαν

2057 3954 2334 4034 βαρϐάρων
2417 3954 2732 4032 ἒπιδρομὴν,
2819 3955 2910 4010 τοῦ
2992 3952 3283 4033 ἀθλοφόρου
3345 3956 3445 4020 τήν
3504 3953 3707 4012 ἐκείνου

2059 4043 2271 4124 καρδίαν
2303 4050 2374 4109 εις
2432 4051 2586 4100 τοῦτο
2642 4044 2982 4116 κινήσαντος,
3035 4041 3227 4120 ἤρξατο
3288 4043 3441 4122 βοᾷν,
3489 4038 3706 4119 Βαρϐα-

2059 4156 2140 4206 ροι
2171 4137 2288 4213 περὶ
2342 4135 2403 4189 τὸ
2449 4146 2666 4212 τεῖχος,
2710 4135 2754 4187 ὦ
2798 4130 2974 4211 ἄνδρες
3007 4130 3251 4205 πολῖται,
3289 4128 3703 4205 ἄπροσδοκήτως

344 4231 460 4284 tate
491 4236 914 4306 apparuerunt,
937 4227 1040 4289 sed
1066 4246 1273 4291 omnes
1294 4247 1429 4291 cum
1449 4227 1629 4290 armis
1656 4247 1760 4308 pro
1787 4230 1976 4308 patria

2086 4224 2350 4304 φάνησαν,
2411 4221 2548 4279 ἀλλὰ
2603 4223 2695 4277 σὺν
2752 4221 2940 4280 ὅπλοις
2999 4222 3232 4281 ἅπαντες
3280 4222 3411 4296 ὑπὲρ
3466 4226 3566 4286 τῆς
3596 4243 3701 4277 πα·

341 4315 657 4396 erumpite.
687 4318 883 4399 Atque
905 4318 1031 4380 haec
1054 4318 1295 4398 quidem
1324 4318 1554 4398 [ingens
1576 4307 1695 4387 ille,
1711 4307 1969 4381 tantum-

2082 4312 2225 4391 τρίδος
2267 4313 2563 4390 ὁρμήσατε.
2614 4312 2726 4369 Καὶ
2778 4314 2940 4368 ταῦτα
2996 4310 3094 4386 μὲν
3143 4309 3351 4374 ἐκεῖνος
3384 4307 3537 4399 δῆριν
3566 4308 3700 4367 ἐϐόα

337 4421 453 4483 que
484 4423 518 4466 e
549 4405 768 4486 templo
788 4397 998 4470 turbas
1033 4397 1299 4487 exigere,
1337 4397 1681 4487 portasque,
1717 4427 1832 4489 quo
1858 4408 1980 4476 fusi

2082 4402 2451 4477 πλαττόμενος,
2535 4402 2622 4456 καὶ
2692 4399 2855 4477 μόνον
2929 4399 3208 4480 γινόμενος
3266 4401 3359 4454 τοῦ
3414 4397 3700 4476 ἐξαγαγεῖν

348 4494 575 4571 argenti
607 4494 805 4575 quiete
837 4499 1005 4558 tieret
1050 4486 1347 4572 collectio,
1384 4493 1633 4557 ﬁrmiter
1662 4486 1979 4560 occludere

2082 4494 2181 4559 ποῦς
2238 4490 2434 4573 ὄχλους
2493 4490 2555 4546 ἐκ
2617 4497 2712 4547 τοῦ
2766 4497 2912 4564 ναοῦ,
2977 4491 3065 4546 καὶ
3121 4486 3513 4566 κατασφαλισαι
3574 4492 3697 4553 τοὺς

350 4582 1012 4660 intendens,clamabat;
1040 4584 1098 4645 id
1129 4593 1354 4665 autem,
1383 4604 1457 4645 ne
1481 4585 1742 4648 noctium
1774 4604 1978 4651 errore

2082 4582 2356 4657 ωλεῶνας,
2402 4583 2475 4644 ὡς
2520 4581 2583 4636 ἃν
2626 4579 2743 4655 μεθ’
2776 4581 3003 4661 ἡσυχίας
3032 4580 3066 4647 ἡ
3129 4576 3366 4653 συλλογὴ
3415 4583 3509 4633 τοῦ
3571 4600 3692 4657 χω-

351 4669 555 4734 civitas
569 4672 1447 4755 periclitaretur,gloriosissimi
1480 4677 1748 4757 martyris
1774 4677 1975 4757 provi-

2082 4673 2325 4734 νευθὲντος
2390 4670 2616 4750 ἀργύρου
2673 4670 3028 4748 προσγένηται
3063 4685 3076 4698 ⁶
3146 4669 3207 4725 τὸ
3265 4665 3320 4723 δὲ
3401 4671 3698 4744 προμηθείᾳ

423 4830 538 4901 (67)
567 4831 849 4908 Nimirum
892 4847 1017 4908 cap.
1073 4837 1126 4902 7,
1176 4837 1246 4891 10
1293 4850 1359 4892 ac
1389 4836 1697 4906 pmsertim
1747 4835 1828 4908 6,,
1862 4850 1977 4908 quo

351 4903 642 4977 etiam,ut
678 4903 1049 4977 dubitandum
1087 4922 1204 4964 non
1243 4903 1494 4977 apparet,
1530 4907 1599 4963 de
1629 4907 1832 4965 cibarii
1870 4903 1981 4965 liu-

345 4973 439 5045 jus
470 4976 691 5049 eodem,
730 4975 801 5049 de
830 4991 945 5048 quo
974 4978 1088 5041 hic.
1120 4973 1386 5036 incendio
1423 4993 1612 5049 sermo
1643 4978 1704 5035 ﬁt
1730 4996 1744 5038 ;
1779 4993 1976 5049 quare,

350 5058 480 5128 cum
515 5047 764 5128 hocnuti
799 5047 864 5103 in
895 5049 1197 5113 adnotatis,
1221 5051 1388 5119 capiti
1422 5048 1514 5128 isti
1546 5047 1841 5128 subjectis,
1869 5049 1980 5105 do-

349 5117 467 5180 cui,
499 5117 710 5174 saeculo
739 5129 900 5176 sexto
938 5130 1269 5179 senescente
1293 5117 1751 5183 Vverosimillime,
1798 5128 1982 5177 certe-

350 5201 461 5263 que
495 5189 600 5263 sub
631 5189 902 5263 Eusebio,
925 5194 1023 5263 qui
1053 5191 1545 5249 Thessalonicens:
1568 5206 1622 5247 m
1655 5192 1979 5248 cathedram

352 5260 493 5334 (orte
527 5262 695 5317 etiam
730 5260 799 5316 ad
830 5260 1020 5318 saeculi
1052 5278 1234 5334 usque
1275 5264 1564 5334 sequentis
1595 5263 1824 5320 initium
1859 5277 1984 5319 mo-

351 5331 578 5387 deratus
606 5334 716 5404 est,
746 5335 1021 5397 evenerit,
1066 5331 1521 5404 incendiifquod
1554 5336 1813 5404 praesenti
1854 5348 1979 5402 cap.

352 5412 629 5524 aerisaut
678 5402 946 5470 Joannes,
979 5406 1195 5477 epocha
1229 5402 1469 5462 habetur
1498 5402 1584 5463 sa't
1613 5420 1790 5478 prope
1818 5418 1983 5462 com-

348 5482 524 5541 perta.
556 5482 563 5487 '

418 5540 531 5610 (68)
557 5542 765 5618 _Utique
790 5541 1002 5618 virum,
1035 5545 1246 5618 dequo
1276 5546 1390 5611 hic,
1422 5548 1572 5618 apud
1595 5547 1807 5618 Illyrici
1834 5560 1979 5617 prte-

349 5608 524 5670 tec'tos
551 5608 809 5670 functum
846 5608 1022 5677 tuisse
1059 5608 1270 5691 oﬁfcio,
1300 5608 1611 5689 intelligas,
1639 5608 1733 5676 a'di
1772 5608 1982 5679 Penei-

2059 4831 2247 4889 rolum
2287 4830 2344 4887 in
2379 4831 2500 4888 suis
2532 4830 2589 4886 in
2623 4827 2854 4897 Imperii
2889 4824 3196 4885 Orientalis
3222 4824 3492 4885 Notitiam
3531 4824 3700 4882 Com-

2062 4903 2374 4967 mentariis,
2434 4916 2562 4970 cap.
2619 4899 2689 4955 76
2726 4910 2781 4957 et
2826 4899 3057 4971 aliquot
3082 4910 3265 4969 seqq,
3301 4898 3379 4954 uti
3406 4897 3600 4961 etiam,
3629 4911 3697 4953 ac

2063 4975 2342 5044 praecipue
2372 4967 2625 5043 quidem,
2658 4985 2790 5044 capi
2815 4968 2884 5044 23
2913 4967 2966 5026 et
2995 4967 3084 5025 93.

2132 5036 2246 5117 (691
2273 5036 2413 5117 Cum
2463 5044 2571 5106 vir,
2612 5036 3059 5117 ’quijBarbaros,
3117 5040 3565 5117 q_uo_p_opulum
3620 5036 3695 5093 ad

2062 5109 2387 5172 exeundum
2422 5129 2451 5170 e
2482 5109 2694 5182 templo
2730 5112 3046 5178 induceret,
3098 5109 3171 5167 ad
3220 5109 3471 5167 civitatis
3502 5121 3698 5182 muros

2061 5188 2471 5257 inexspectato,
2507 5181 2769 5240 uti’mox
2826 5183 3111 5257 subditur.
3146 5181 3695 5257 advenis_se,_ﬂnxit,

2063 5252 2248 5315 facere
2270 5259 2323 5312 id
2355 5260 2570 5327 absque
2601 5255 2901 5311 mendacio
2925 5254 3078 5327 haud
3100 5253 3436 5327 patuerit,in
3469 5252 3697 5308 ﬁctione

2063 5329 2169 5411 illa_
2195 5340 2408 5411 partem
2437 5324 2717 5411 habuisse
2740 5334 2971 5411 sanctus
2993 5324 3312 5411 Demetrius
3342 5336 3468 5411 non
3493 5330 3691 5411 potest;

2065 5409 2127 5457 ut
2153 5393 2251 5456 hic
2279 5397 2524 5469 benigna
2578 5396 3045 5469 interpretatione
3096 5396 3347 5469 Joannes
3395 5393 3692 5469 Thessalo-

2063 5472 2319 5529 nicensis
2353 5463 2623 5540 indigeat,
2661 5463 3033 5540 potiusquege
3066 5466 3289 5540 populi,
3336 5465 3457 5540 qui,
3488 5463 3689 5540 Sancto

2063 5552 2288 5619 agente,
2340 5533 2739 5605 rem'iactain,
2763 5609 2774 5619 .
2798 5533 3411 5619 credideritfguam‘e
3441 5550 3539 5593 sua
3567 5533 3691 5609 opi-

2063 5609 2237 5673 nione
2267 5612 2497 5677 locutus
2526 5625 2653 5671 esse
2688 5609 3096 5675 existimandus
3128 5609 3219 5668 sit.
