3938 6134
452 264 473 332 1
488 267 606 333 279

1793 273 2440 337 SUPPLEMENTUM.

3671 271 3832 339 1280

448 420 714 486 numque
744 404 1006 472 Victoris
1035 410 1345 491 templum,
1379 409 1522 473 solis
1567 409 1637 472 iis
1669 409 1766 490 qui
1799 427 1832 471 e
1864 407 2072 470 minis-

2230 429 2270 479 ς,
2328 409 2415 464 καὶ
2464 409 2555 466 τὸν
2612 409 2736 465 ναὸν
2803 417 2896 468 τοῦ
2967 407 3256 490 ἀθλοφόρου
3319 410 3825 491 καθησυχάσαντα,

447 495 600 556 terio
653 497 784 578 ejus
840 511 1032 580 erant,
1101 501 1423 582 paucisque
1481 501 1656 562 etiam
1720 498 2077 579 quibusdam

447 585 712 664 praedicti
747 588 873 663 viri,
908 607 1056 670 quos
1087 589 1240 650 ultro
1298 591 1394 653 hic
1423 589 1770 660 retinuerat.
1805 587 2081 666 genuinis

445 674 658 736 amicis
687 675 838 738 intra
891 679 1367 755 remanentibus,
1428 679 1694 761 quietum
1727 679 1973 753 videret,
2008 675 2082 736 iis

446 761 546 841 qui
580 763 638 824 in
671 766 892 846 templo
924 777 1300 848 supererant,
1334 776 1536 848 utpote
1576 785 1702 828 rem
1757 785 1886 847 quae
1914 765 2076 828 acci-

447 849 617 913 derat
673 864 1044 935 perspectam
1106 857 1353 933 habens,
1390 857 1575 920 dixit:
1633 856 1808 930 Ecce,
1845 855 2074 918 Christo

445 957 516 1000 ac
542 943 665 1004 Deo
688 943 936 1022 juvante
967 947 1520 1027 gloriosissimoque
1571 955 1824 1027 martyre
1853 963 2075 1026 coope-

443 1039 635 1111 rante,
671 1041 732 1094 et
761 1033 914 1112 ignis
945 1036 1270 1098 exstinctus
1303 1046 1412 1111 est,
1445 1045 1503 1098 et
1529 1036 1676 1096 nihil
1709 1054 1912 1097 eorum
1943 1052 2078 1115 quas

442 1119 514 1180 ad
559 1119 751 1184 locum
805 1125 962 1187 hunc
1013 1135 1302 1204 spectant,
1351 1126 1598 1188 interiit.
1633 1125 1864 1204 Templi
1899 1123 2078 1202 igitur

443 1216 641 1288 portas
671 1211 1017 1276 claudentes
1071 1217 1271 1297 quiete
1317 1223 1653 1294 argentum,
1687 1213 1846 1292 quod
1877 1213 2076 1275 fusum

443 1305 554 1385 est,
590 1301 875 1379 colligite.
911 1303 1129 1366 Iterum
1153 1305 1344 1385 enim,
1375 1315 1541 1368 recte
1576 1306 1728 1376 novi,
1755 1303 1870 1365 loci
1902 1303 2075 1382 hujus

440 1384 625 1449 decor
669 1409 775 1469 per
809 1404 1081 1456 sanctum
1137 1384 1451 1474 martyrem
1511 1393 1903 1470 excitabitur;
1938 1410 2073 1452 cum

441 1484 636 1538 autem
689 1479 798 1554 illi,
834 1481 1127 1545 obseratis
1159 1485 1363 1561 portis.
1393 1491 1451 1544 et
1480 1490 1792 1561 argentum
1829 1481 2075 1560 collige-

439 1574 593 1636 rent,
657 1576 715 1628 et
772 1569 845 1630 ab
905 1576 1212 1633 exustione
1271 1579 1610 1652 purgarent,
1673 1569 2073 1632 Barbarorum

2161 497 2339 570 μόνων
2396 501 2502 555 τῶν
2558 498 2654 566 τῆς
2715 497 3001 576 ὑπηρεσίας
3060 501 3217 561 αὐτοῦ
3261 499 3418 556 ἑνδον
3478 500 3827 573 ἀπομεινάν-

2160 608 2291 666 των,
2348 589 2438 643 καὶ
2479 610 2638 644 τινων
2693 587 2887 665 ὀλίγων
2932 590 3018 646 καὶ
3051 591 3283 666 γνησίων
3343 589 3518 668 φίλων
3564 596 3660 646 106
3695 612 3831 666 προ-

2160 675 2444 755 λεχθέντος
2475 675 2685 754 ἀνδρὸς,
2735 677 2824 737 οὓς
2867 677 3022 743 αὒτὸς
3054 680 3223 736 ἑκοντὶ
3255 679 3720 758 παρακατέσχεν,
3755 681 3831 738 ὼς

2163 761 2310 828 εἰδὼς
2368 767 2429 821 τὸ
2477 766 2785 841 γενόμενον,
2848 766 2974 823 εἶπε
3015 780 3135 834 τοῖς
3175 771 3230 824 ἓν
3270 775 3350 842 τῷ
3393 775 3510 841 ναῷ
3555 766 3829 846 παραμέ-

2160 876 2334 911 νουσιν
2367 873 2382 890 ⁸
2432 854 2564 910 Ἰδοὺ
2620 865 2712 913 τοῦ
2771 855 2994 933 Χριστοῦ
3034 858 3125 913 καὶ
3165 867 3258 916 τοῦ
3299 864 3438 914 Θεοῦ
3489 859 3829 932 βοηθήσαν-

2159 965 2272 1017 τος,
2333 945 2421 1000 καὶ
2476 947 2570 1000 τοῦ
2655 943 2970 1010 πανενδόξου
3044 947 3300 1025 μάρτυρος
3373 950 3833 1024 συνεργήσαντος

2161 1040 2244 1089 καί
2287 1034 2345 1088 τὸ
2389 1040 2489 1110 πῦρ
2545 1030 2790 1107 ἐσϐέσθη,
2847 1035 2936 1090 καὶ
2993 1033 3132 1091 οὒδέν
3177 1041 3281 1091 τῶν
3311 1034 3564 1092 ἐντεῦθεν
3598 1034 3827 1096 ἆπῶλε,

2162 1120 2470 1187 κλείσαντες
2513 1125 2600 1178 οὗν
2665 1130 2755 1178 τοῦ
2811 1133 2937 1182 ναοῦ
2991 1125 3084 1187 τὰς
3141 1127 3320 1201 θύρας,
3381 1127 3503 1199 μεθ’
3572 1127 3827 1204 ἡσυχίας

2156 1213 2247 1266 τὸν
2290 1211 2623 1290 χωνευθέντα
2682 1212 2960 1277 συλλέξατε
3021 1213 3240 1292 ἄργυρον
3272 1231 3286 1246 ·
3355 1213 3520 1270 πάλιν
3587 1216 3701 1290 γὰρ
3773 1217 3828 1270 εὖ

2155 1298 2276 1358 οῖδα
2318 1299 2398 1356 ὅτι
2456 1303 2490 1368 ἡ
2551 1301 2836 1380 εὐπρέπεια
2879 1308 2971 1357 τοῦ
3000 1303 3165 1358 τόπου
3194 1303 3380 1362 τούτου
3407 1300 3498 1358 διὰ
3527 1313 3636 1362 τοῦ
3669 1304 3828 1380 ἁγίου

2155 1390 2411 1466 μάρτυρος
2455 1390 2809 1460 ἀναστήσεται
2847 1406 2861 1421 ⁸
2922 1397 3025 1446 τῶν
3081 1389 3135 1447 δὲ
3194 1392 3662 1472 ἀσφαλισαμὲνων
3730 1394 3827 1456 τὰς

2155 1479 2333 1556 θύρας,
2394 1481 2479 1534 καὶ
2538 1477 2901 1556 συλλεγόντων
2975 1483 3064 1536 τὸν
3140 1481 3379 1559 ἄργυρον,
3442 1483 3533 1537 καὶ
3601 1483 3678 1536 τὰ
3721 1487 3828 1546 τῆς

2158 1574 2420 1646 πυρκαϊᾶς
2497 1565 2969 1645 διακαθαιρόντων,
3043 1569 3294 1648 ἐγείρεται
3337 1569 3491 1637 δεινὴ
3553 1572 3675 1646 βοὴ
3743 1573 3830 1627 καὶ

440 1653 773 1736 phalangis,
807 1661 1180 1740 civitatisque
1202 1662 1497 1723 exercitus
1528 1659 1908 1721 tumultuarie
1939 1677 2072 1719 con-

2230 1657 2557 1734 ,zpizounoc
2644 1662 2742 1723 τῆς
2827 1661 2930 1714 τῶν
3002 1656 3274 1737 βαρϐάρων
3363 1657 3665 1738 φάλαγγος
3746 1661 3833 1713 καὶ

443 1744 839 1820 gredientium
874 1739 1100 1812 clamor
1128 1751 1319 1830 gravis
1347 1760 1404 1812 et
1434 1749 1533 1832 qui
1581 1748 1786 1829 procul
1831 1747 2072 1810 audire-

2230 1744 2249 1801 5
2305 1753 2528 1823 στρατοῦ
2582 1748 2679 1812 τῆς
2737 1747 2944 1810 πόλεως
2991 1746 3043 1812 ἑξ
3100 1745 3440 1827 αὒτοσχεδίου
3496 1748 3829 1825 συρρηγνυ-

445 1839 561 1906 tur,
591 1836 880 1900 excitatus
909 1849 1020 1901 est.

527 1923 668 1986 10l.
701 1923 846 1987 Cum
905 1946 1045 1988 vero
1101 1929 1202 2009 qui
1233 1929 1294 1988 in
1327 1928 1551 2008 templo
1581 1930 1776 2000 erant,
1814 1927 2075 1988 clamore

444 2020 644 2072 essent
669 2013 906 2092 turbati,
941 2035 1128 2098 eaque
1149 2037 1276 2098 quae
1308 2036 1427 2098 prie
1453 2016 1728 2079 manibus
1748 2015 2072 2090 habebant,

441 2100 831 2180 negligerent,
888 2108 1175 2168 mirabilis
1232 2110 1322 2168 vir
1378 2107 1478 2168 ille
1536 2107 1681 2168 dixit
1735 2106 1865 2167 eis:
1926 2103 2067 2177 Vos,

2203 1856 2332 1890 ενιυν
2341 1877 2356 1893 .

2203 1858 2356 1893 ενιυν.

2159 1858 2198 1908 μ
2239 1925 2342 2000 ρκ’.
2381 1915 2472 1987 Ὠς
2503 1922 2557 1979 δὲ
2590 1923 3087 2002 κατεθορυϐήθησαν
3112 1928 3159 1981 οἱ
3203 1925 3256 1981 ἐν
3306 1931 3381 1998 τῷ
3431 1932 3549 1997 ναῷ
3594 1931 3677 2001 τῇ
3724 1928 3830 2002 βοῇ

2158 2015 2246 2070 καὶ
2302 2019 2408 2068 τῶν
2452 2012 2508 2067 έν
2550 2015 2704 2092 χερσί
2749 2013 3117 2089 Αατημέλησε,
3158 2015 3298 2093 λέγει
3350 2015 3545 2076 αὐτοῖς
3599 2017 3634 2070 ὃ
3690 2021 3830 2071 θαυ-

2159 2104 2350 2176 μάσιος
2434 2101 2639 2164 ἐκεῖνος
2710 2105 2890 2178 ἀνήρ’
2964 2101 3175 2182 Ὑμεῖς,
3234 2101 3472 2180 ἀδελφοὶ,
3542 2105 3613 2161 τὸ
3665 2105 3828 2183 ἔργον

444 2187 679 2266 fratres,
713 2211 860 2273 opus
893 2205 1144 2257 vestrum
1193 2197 1388 2275 facite,
1437 2195 1788 2274 nullumque
1818 2193 1892 2255 de
1924 2198 2072 2256 Bar-

2231 2194 2303 2248 ὦν
2352 2205 2581 2264 ποιεῖτε,
2642 2193 2730 2248 καὶ
2782 2191 2982 2266 μηδένα
3032 2191 3189 2270 λόγον
3231 2192 3388 2271 ἔχετε
3431 2195 3559 2270 περὶ
3591 2192 3824 2270 βαρϐά-

444 2276 607 2340 baris
633 2299 972 2348 sermonem
1006 2287 1241 2350 habete.
1300 2285 1382 2346 Ex
1414 2304 1484 2346 eo
1538 2283 1721 2354 enim,
1759 2285 1913 2363 quod
1965 2301 2072 2362 ego

2230 2307 2260 2336 ιν
2299 2299 2308 2309 ·
2358 2281 2418 2337 έκ
2459 2282 2560 2359 γὰρ
2599 2289 2690 2336 106
2759 2283 2854 2356 εμὲ
2910 2281 3066 2338 10610
3128 2280 3408 2348 διαϐοῆσαι
3459 2284 3825 2360 τεταραγμὲο

437 2367 584 2430 illud
618 2370 993 2452 divulgarim,
1029 2375 1325 2437 turbatum
1359 2373 1622 2436 auditum
1659 2371 1913 2451 habetis,
1939 2372 2070 2433 edi-

2230 2393 2254 2426 ν
2298 2370 2454 2448 ἔχετε
2496 2373 2595 2436 τὴν
2638 2371 2829 2444 ἆκοὴο,
2876 2373 2962 2427 καὶ
3021 2371 3119 2438 τὴν
3177 2379 3263 2427 νῦν
3313 2371 3448 2446 βοὴν
3495 2373 3599 2428 οὒκ
3631 2371 3826 2428 οἴδατ⁹

435 2463 680 2540 tumque
704 2464 878 2523 modo
904 2464 1253 2537 clamorem,
1280 2469 1379 2544 qui
1413 2462 1570 2524 unde
1601 2463 1790 2525 factus
1818 2462 2070 2534 sit,nes-

2230 2483 2269 2516 εν
2324 2459 2691 2538 γεγενημένην
2736 2461 2953 2524 εἰκότως
3002 2458 3088 2516 διὰ
3135 2461 3231 2528 τὴν
3278 2459 3562 2536 πρόληψιν
3592 2462 3824 2538 βαρϐάο

437 2545 593 2624 citis,
628 2550 1022 2613 Barbarorum
1075 2553 1351 2615 similiter
1400 2569 1554 2631 esse,
1591 2570 1624 2612 e
1657 2558 2072 2631 przeconcepta

2232 2574 2255 2606 ν
2288 2549 2431 2605 εἶναι
2481 2549 2740 2622 νομίζετε.
2777 2551 2884 2605 ῡῦιι
2935 2549 3045 2604 ἔστι
3101 2548 3157 2604 δὲ
3206 2548 3399 2620 οὕτως,
3448 2553 3551 2606 οὐκ
3609 2549 3770 2605 ἔστιν
3805 2567 3817 2581 ·

437 2637 721 2714 opinione
772 2641 1144 2704 existimatis.
1176 2641 1305 2704 Non
1339 2642 1419 2702 ita
1448 2649 1670 2720 autem,
1701 2658 1817 2700 non
1850 2645 1926 2699 ita
1956 2648 2065 2701 est.

2230 2639 2260 2693 ὶ)
2301 2638 2420 2716 γὰρ,
2467 2639 2560 2694 106
2603 2637 2753 2714 ἁγίου
2795 2638 3060 2714 μάρτυρος
3093 2636 3482 2715 ὑποϐαλόντος,
3542 2640 3652 2705 τὴν
3711 2645 3823 2694 τῶν

437 2723 559 2804 Ego
588 2728 773 2796 enim.
807 2740 1160 2810 suggerente
1219 2739 1495 2811 martyre.
1557 2730 1949 2791 Barbarorum
1983 2729 2069 2789 fa—

2230 2724 2428 2804 ρϐἆρων
2484 2729 2672 2804 φήμην
2743 2725 3156 2800 ἆνεπλασάμην,
3211 2729 3284 2789 ὡς
3344 2725 3406 2781 ἂν
3466 2725 3820 2783 διασκεδάσαι

440 2832 622 2888 mam,
658 2826 719 2878 ut
751 2819 886 2881 hinc
937 2821 1166 2882 turbam
1198 2821 1526 2900 abigerem,
1561 2837 1803 2900 vosque,
1840 2835 1971 2899 qum
2001 2817 2072 2879 ad

2230 2837 2244 2868 ν
2287 2813 2456 2894 ὄχλον
2495 2818 2754 2887 ἓντεῦθεν,
2789 2816 2880 2871 καί
2917 2813 3032 2889 μεθ’
3077 2817 3307 2895 ἡσυχίας
3362 2817 3522 2889 δμεῐς
3575 2818 3645 2872 τὰ
3698 2818 3820 2894 περὶ

438 2905 642 2984 templi
676 2907 904 2970 cultum
936 2913 1440 2990 securitatemque
1493 2915 1861 2988 spectarent,
1907 2916 2072 2968 tran-

2230 2930 2250 2960 ν
2302 2904 2567 2976 ιιόσμησιν
2625 2907 2709 2960 καὶ
2765 2905 2863 2970 τὴν
2922 2904 3213 2984 ἀσφάλειαν
3259 2912 3351 2960 τοῦ
3413 2912 3542 2960 ναοῦ
3604 2926 3816 2981 μεριμ-

436 2993 620 3072 quille
651 3000 963 3074 euraretis,
1011 2999 1501 3063 conﬁnxi.Sacraa
1551 3006 1747 3060 autem
1779 2997 1924 3058 aedis
1956 2997 2072 3058 mi-

2230 3014 2379 3060 σητε,
2441 2995 2499 3050 Οἱ
2546 2992 2600 3049 δὲ
2657 3001 2750 3050 106
2808 2994 2956 3071 ἁγίου
3014 2995 3172 3053 οἴκου
3214 2993 3534 3072 λειτουργοὶ,
3603 2997 3705 3050 καὶ
3767 2997 3813 3052 0i

437 3083 631 3160 nistri,
666 3089 912 3168 virique,
944 3089 1049 3166 qui
1083 3090 1206 3151 haec
1238 3090 1492 3168 dixerat,
1527 3085 1700 3150 amici
1745 3106 1860 3148 uno
1894 3087 2070 3147 veluti

2230 3092 2294 3137 tat
2339 3083 2431 3138 τοῦ
2475 3085 2635 3138 ταῦτα
2694 3084 2968 3157 εἰρηκότος
3021 3081 3206 3161 ἀνδρὸς
3262 3085 3334 3146 ὡς
3394 3082 3446 3148 ἐξ
3498 3085 3621 3148 ἑνὸς
3671 3086 3808 3139 στό-

437 3190 538 3232 ore
569 3173 845 3239 dixerunt
883 3197 896 3239 :
931 3177 1087 3239 Deus
1119 3179 1306 3239 sancti
1356 3176 1886 3257 gloriosissimique
1918 3194 2071 3235 mar-

440 3260 580 3338 tyris
614 3260 902 3324 Demetrii
931 3264 1252 3326 benedicat
1278 3275 1334 3326 et
1366 3269 1422 3326 in
1455 3264 1628 3326 bonis
1660 3262 1952 3343 producat
1980 3263 2068 3322 vi-

438 3354 554 3407 tam
585 3360 769 3430 tuam,
805 3353 1061 3432 primum
1101 3353 1342 3432 quidem
1379 3353 1535 3433 quod
1557 3360 1727 3413 'sacra
1759 3368 1893 3411 vasa
1923 3360 2069 3412 lem-

433 3436 638 3516 plique
662 3441 1038 3501 securitatem
1061 3451 1123 3503 ut
1147 3441 1449 3522 genuinus
1469 3440 1838 3502 Christianus
1859 3439 2067 3500 sedqu

435 3527 684 3601 curaris,
719 3527 940 3592 deinde
973 3549 1108 3592 vero
1139 3531 1296 3612 quod
1328 3530 1556 3592 animas
1587 3538 1845 3602 nostras,
1880 3527 2070 3589 ﬁctio-

435 3633 512 3676 ne
541 3623 640 3677 tua
671 3634 740 3679 ex
777 3636 910 3679 vero
945 3619 1330 3696 manifestata,
1391 3619 1572 3680 veluti
1604 3637 1672 3680 ex
1727 3617 1963 3680 inferno
1996 3617 2070 3679 ad

434 3704 635 3768 lumen
661 3706 995 3772 reduxeris.

516 3884 654 3947 102.
689 3884 832 3948 Cum
879 3888 1038 3949 enim
1098 3907 1237 3951 vera
1283 3898 1340 3950 te
1371 3887 1445 3949 de
1476 3883 1753 3950 Barbaris
1785 3886 2063 3957 clamare,

432 3973 931 4048 existimaremus,
966 3979 1156 4039 oculis
1175 3977 1372 4056 (testis
1398 3977 1472 4038 sit
1502 3975 1736 4044 veritas)
1773 3992 1969 4050 neque
1999 3990 2069 4034 ea

436 4080 567 4142 qum
599 4081 716 4142 prae
743 4065 1018 4127 manibus
1050 4076 1236 4134 erant,
1276 4077 1393 4127 tota
1428 4073 1647 4136 mente,
1676 4081 1806 4143 quae
1826 4062 1897 4122 ad
1932 4061 2066 4122 bel-

434 4149 556 4211 lum
611 4153 1000 4216 existimatum
1049 4155 1418 4235 spectabant,
1475 4153 1863 4214 videbamus:
1914 4167 2071 4211 nunc

435 4249 629 4301 autem
663 4261 870 4304 omnes
905 4244 976 4306 iis
1005 4245 1222 4324 quibus
1257 4245 1587 4315 studemus,
1653 4258 1890 4301 manum
1945 4239 2070 4300 ala-

433 4331 618 4391 criter
645 4330 1115 4394 admovebimus.
1150 4333 1300 4394 Dum
1350 4350 1489 4392 vero
1538 4349 1672 4390 cum
1717 4327 1920 4408 templi
1953 4328 2069 4388 mi-

2152 3191 2318 3244 ματος
2375 3173 2534 3227 εἷπον
2569 3187 2584 3203 ’
2662 3174 2722 3229 '0
2779 3173 2910 3234 Θεὸς
2962 3179 3055 3229 τοῦ
3124 3172 3273 3250 ἆγῐου
3334 3172 3422 3227 καὶ
3479 3171 3807 3236 πανένδόξου

2151 3261 2410 3337 μάρτυρος
2475 3265 2782 3339 Δημητρίου
2840 3259 3127 3338 εὖλογήσαι
3203 3263 3291 3317 καὶ
3361 3259 3629 3326 πληθᾶναι
3700 3261 3804 3328 τήν

2150 3351 2294 3420 ζωήν
2346 3372 2438 3404 σου
2506 3350 2560 3405 έν
2613 3351 2836 3427 ἀγαθοῖς
2867 3367 2881 3382 ⁸
2949 3356 3159 3426 πρῶτον
3206 3350 3304 3423 μὲν
3349 3348 3430 3406 ὅτι
3476 3357 3588 3405 τῶν
3644 3351 3804 3428 ἱερῶν

2152 3441 2347 3496 σκευῶν
2425 3439 2520 3495 καί
2592 3439 2689 3506 τῆς
2761 3438 3049 3518 ἀσφαλείας
3131 3445 3222 3495 τοῦ
3279 3449 3405 3497 ναοῦ
3457 3441 3534 3503 ὡς
3592 3437 3807 3502 τέλειος

2154 3529 2463 3606 Χριστιανὸς
2521 3529 2767 3606 μεγάὶως
2826 3529 3139 3606 ἐφρόντισας
3178 3544 3193 3560 ⁸
3275 3531 3396 3585 εἶτα
3453 3526 3510 3584 δὲ
3572 3528 3659 3584 ὅτι
3718 3529 3808 3584 καὶ

2151 3618 2242 3678 τὰς
2345 3617 2609 3695 ἡμετέρας
2682 3625 2768 3672 νῦν
2831 3618 3035 3695 ψυχὰς*
3076 3619 3155 3681 ὡς
3227 3616 3280 3682 ἐξ
3366 3615 3494 3688 ᾅδου
3553 3620 3632 3678 εἷς
3691 3624 3807 3697 φῶς

2154 3706 2548 3784 ἆνεζώγρησας,
2610 3708 2850 3781 μηνύσας
2910 3706 3029 3764 κατ’
3094 3705 3288 3774 ἄληθες
3337 3711 3436 3773 τῆς
3487 3711 3594 3774 σῆς
3641 3729 3809 3784 προσ-

2151 3797 2444 3862 ﬂor/108mg.

2230 3883 2309 3960 Ρβ’
2363 3886 2686 3958 Νομίσαντες
2737 3886 2838 3963 γὰρ
2893 3881 3136 3961 ἄψευδῶς
3188 3905 3244 3940 σε
3317 3884 3435 3960 περῖ
3494 3890 3606 3938 τῶν
3666 3886 3804 3962 βαρ.

2150 3971 2324 4050 ϐάρων
2383 3971 2689 4047 διαϐοῆσαι,
2747 3977 2944 4050 μάρτυς
3029 3975 3060 4042 ἡ
3125 3972 3372 4046 ἀλήθεια,
3438 3971 3561 4030 οὖδὲ
3622 3975 3687 4030 τὰ
3755 3975 3806 4030 ἒν

2151 4065 2334 4142 χερσὶν
2367 4063 2618 4141 ἑωρῶμεν
2659 4064 2781 4128 τοῖς
2825 4063 3149 4142 ὀφθαλμοῖς,
3207 4060 3318 4136 ὅλῳ
3362 4069 3442 4134 τῷ
3473 4066 3563 4117 νοῖ
3597 4064 3667 4118 τὰ
3695 4066 3808 4141 περὶ

2148 4155 2240 4208 τὸν
2297 4151 2533 4226 πόλεμον
2591 4151 2988 4230 φανταζόμενον
3027 4168 3040 4182 ⁸
3104 4154 3194 4207 καὶ
3255 4161 3342 4210 νῦν
3397 4149 3448 4205 δὲ
3507 4152 3650 4224 μετὰ
3683 4173 3806 4229 προ-

2149 4242 2333 4316 θυμίας
2395 4241 2622 4305 ἅπαντες
2679 4243 2784 4297 τῶν
2830 4239 3273 4312 ἐσπουδασμένων
3334 4238 3752 4313 ἂντιληψόμεθα
3784 4261 3797 4274 ·

2150 4329 2222 4394 ὠς
2292 4325 2347 4382 δὲ
2401 4328 2492 4383 σὺν
2549 4341 2668 4392 τοϊς
2725 4328 3012 4404 ὑπηρέταις
3069 4335 3165 4386 τοῦ
3231 4334 3356 4384 ναοῦ
3415 4329 3506 4384 καὶ
3579 4330 3628 4383 οἱ
3687 4327 3802 4403 μετ’

433 4418 637 4479 nistris
665 4428 721 4480 et
753 4421 813 4482 lii
844 4423 1099 4501 quicum
1124 4440 1194 4482 eo
1225 4419 1683 4500 erant,juvenes
1713 4417 1828 4479 [ida
1844 4406 2070 4478 alacri-

2230 4418 2354 4473 είνου
2403 4417 2647 4494 νεώτεροι
2727 4424 2893 4493 πιστῇ
2952 4418 3214 4496 προθυμίᾳ
3273 4417 3392 4491 περὶ
3457 4416 3560 4483 τῆν
3601 4419 3801 4496 κᾶθαρο

440 4512 558 4566 tate
580 4507 650 4566 ad
674 4525 743 4570 ea
766 4528 898 4588 qua}
920 4510 1127 4570 adusta
1166 4517 1351 4587 erant,
1390 4506 1691 4586 purganda
1721 4523 1910 4584 eaque
1941 4523 2072 4585 quae

439 4594 502 4654 in
531 4594 821 4658 carbones
851 4599 1092 4659 redacta
1123 4607 1290 4659 erant
1313 4597 1615 4660 efferenda
1636 4613 1877 4677 operam
1902 4613 2068 4655 suam

441 4685 757 4755 conterret,
829 4685 966 4748 belli
1043 4688 1365 4750 clamorem
1421 4687 1685 4767 apertius
1746 4701 2071 4765 percepere

442 4775 838 4853 quaedamque
859 4794 963 4856 per
977 4786 1278 4839 assuetum
1297 4777 1561 4839 auditum
1585 4774 1907 4836 barbaricas
1925 4773 2075 4834 voei-

440 4863 748 4925 ferationis
781 4864 948 4944 signa
973 4885 1302 4946 cognovere
1333 4867 1480 4943 ('73).
1508 4863 1613 4925 Ille
1663 4873 1885 4936 autem,
1939 4880 2072 4922 cum

443 4953 553 5015 bos
600 4971 808 5016 rursus
861 4955 1123 5018 turbatos
1153 4957 1379 5017 videret
1413 4975 1427 5017 :
1461 4953 1634 5028 Quid,
1666 4951 1772 5032 ait,
1807 4960 2076 5012 amentes

443 5042 631 5116 statis,
665 5043 866 5124 operis
886 5045 1107 5107 nullam
1129 5063 1329 5108 curam
1356 5042 1686 5105 habentes?
1718 5040 1848 5102 Dixi
1882 5039 2072 5114 vobis,

443 5133 730 5210 templum
772 5143 974 5194 curate
1021 5135 1369 5215 nullumque
1419 5134 1495 5194 de
1525 5130 1682 5193 bello
1731 5145 2072 5190 sermonem

443 5218 681 5284 habete.
717 5221 866 5282 Illud
897 5240 1029 5302 ego,
1066 5231 1130 5282 ut
1160 5231 1295 5284 ante
1322 5223 1467 5297 dixi,
1518 5220 1756 5281 ﬁctione
1797 5217 1977 5288 ultro,
2013 5225 2076 5278 ut

514 5376 626 5448 (73)
654 5377 798 5436 Tum
846 5379 1084 5451 scilicet,
1115 5396 1247 5438 cum
1296 5380 1619 5437 incendium
1651 5379 1756 5436 hoc
1788 5391 1914 5447 cap.
1952 5390 2075 5434 me-

443 5458 725 5504 moratum
760 5451 966 5510 evenit.
1001 5467 1099 5508 seu
1133 5451 1341 5509 saeculo
1396 5460 1556 5508 sexto
1606 5455 1938 5506 senescente
1975 5461 2072 5504 se-

443 5519 739 5633 quenltisve
766 5519 929 5579 initio
971 5521 1431 5588 Thessalonicam
1489 5535 1671 5596 usque
1719 5521 1905 5584 Sclavi
1955 5533 2068 5578 non

2153 4529 2235 4562 σιν
2291 4511 2396 4561 τῶν
2443 4505 2808 4584 κεκαυμένων,
2869 4505 2967 4561 καῖ
3027 4508 3128 4572 την
3172 4503 3406 4572 ἐκϐολὴν
3449 4511 3562 4561 τῶν
3623 4506 3799 4573 ἀπην-

2151 4596 2505 4673 θρακωμένων
2577 4593 2918 4664 ἐπεϐοήθουν,
2996 4599 3254 4670 μειζόνως
3325 4595 3629 4671 ᾐσθάνονεο
3706 4602 3796 4662 τῆς

2152 4685 2282 4760 βοῆς
2325 4692 2417 4742 106
2459 4681 2712 4757 πολέμου,
2786 4685 2872 4740 καὶ
2923 4685 3040 4739 τινὰ
3101 4689 3197 4749 τῆς
3253 4682 3588 4760 βαρϐαρικῆς
3643 4706 3797 4762 κραυ-

2155 4772 2257 4849 γῆς
2303 4785 2507 4847 σημεῖα
2556 4771 2642 4827 διὰ.
2683 4773 2781 4838 τῆς
2827 4769 3005 4836 έθάδος
3064 4771 3232 4838 ἀκοῆς
3307 4772 3700 4849 έπεγίνωσιιον,
3749 4766 3798 4830 ’0

2157 4858 2211 4915 δὲ
2262 4863 2350 4916 καὶ
2409 4860 2567 4917 πάλιν
2625 4861 2807 4922 αὐτοὺς
2851 4858 3263 4938 θορυϐουμένους
3293 4858 3443 4939 ἰδὼν,
3499 4862 3587 4934 Τί,
3623 4864 3799 4939 φησὶν,

2156 4948 2375 5005 ἴστασθε
2457 4956 2548 5005 106
2630 4947 2783 5025 ἔργου
2848 4948 3326 5024 καταμελήσάντες
3375 4950 3575 5025 ὶνεοί;
3637 4951 3800 5007 Εἶπον

2156 5039 2307 5112 ὑμῖν,
2367 5044 2460 5094 τοῦ
2515 5047 2642 5095 ναοῦ
2684 5038 3020 5115 φροντίσατε,
3075 5037 3173 5094 καί
3233 5039 3355 5118 περὶ
3412 5045 3510 5094 106
3572 5037 3802 5114 πολέμου

2158 5125 2361 5201 μηδένα
2405 5125 2564 5203 λόγον
2625 5125 2808 5205 ἔχετε,
2872 5126 3016 5204 Ἐγὼ
3077 5137 3292 5201 τοῦτον,
3354 5127 3430 5190 ὠς
3488 5129 3801 5205 προείρηκα,

2156 5214 2520 5295 διευφήμησσ,
2597 5213 2938 5291 πλασάμενος
3009 5215 3184 5274 ἑκοντὶ
3240 5214 3329 5273 διὰ
3403 5216 3466 5272 τὸ
3542 5218 3802 5292 ἠρεμῆσαι

2156 5389 2287 5448 raro
2311 5372 2428 5445 jam
2465 5379 2856 5448 excurrerant.
2917 5374 3202 5448 editisque
3262 5389 3374 5448 pro
3436 5386 3629 5448 more.
3667 5375 3804 5448 apud

2156 5442 2442 5502 Barbaros
2471 5442 2602 5500 illos
2655 5453 2902 5512 recepto,
2935 5442 3190 5503 clamore
3232 5442 3627 5509 celeberrimo
3664 5442 3803 5508 iliius

2154 5515 2396 5580 civitatis
2425 5514 2643 5576 incolas
2675 5522 3017 5581 tenuerant.
