3946 6146
150 303 293 384 1281

1226 293 1289 376 S.
1337 294 1722 376 DEMETRII
1764 294 2167 374 MARTYRIS
2206 293 2428 373 ACTA.

3358 301 3513 379 1282

141 458 234 509 τοῦ
288 446 452 529 ὄχλου
511 449 605 505 16v
670 450 830 505 οἷκον⁰
905 451 995 502 νῦν
1054 442 1147 501 οὗν
1214 445 1626 527 ἇμεριμνοῦντες
1681 450 1786 504 τῶν

1963 460 2055 504 em
2109 461 2141 504 a
2172 441 2390 523 populo
2423 440 2620 506 deseri
2671 442 2955 518 facerem,
2987 442 3278 520 adhibita,
3311 445 3508 508 divul-

140 539 195 595 ὶν
227 539 410 619 χερσὶν
438 539 512 602 ὡς
557 535 730 596 δοῦλοι
760 543 852 595 τοῦ
881 536 1171 616 ἆθλοφόρου
1215 535 1558 616 φροντίσατε.

222 714 333 794 ργ’,
395 705 487 779 Ὠς
549 713 604 771 δὲ
658 714 880 794 ἤρξαντο
945 711 1105 774 παλιν
1149 714 1608 795 ἀναθαρσήσαντες
1679 716 1792 772 τού·

139 828 251 872 τοις
310 818 426 870 τοῖς
484 805 716 883 ῥήμασιν
772 805 838 860 τὰ
891 805 1018 883 περί
1073 805 1164 862 τὸν
1195 806 1320 862 ναὸν
1375 803 1669 886 συλλέγειν,
1704 806 1793 862 καὶ

136 897 412 968 καθαίρειν
483 894 579 950 καί
650 891 1037 966 διαϐαστάζειν,
1093 895 1181 950 καὶ
1250 898 1350 962 τὴν
1418 892 1536 971 μεθ’
1604 893 1790 961 ὕδατος

132 989 238 1062 γῆν
301 982 608 1062 διασαροῦν,
641 983 774 1052 ἧκόν
827 1003 964 1046 τινες
1013 982 1454 1061 ἀναγγέλλοντες,
1488 986 1562 1048 ὠς
1607 986 1790 1062 χάριτι

135 1081 372 1154 Χριστοῦ
424 1080 517 1131 τοῦ
589 1080 720 1131 Θεοῦ
774 1075 926 1148 ἡμῶν
1015 1071 1350 1152 ἐδιώχθησαν
1404 1077 1449 1130 οἱ
1519 1073 1788 1153 πολέμιοι,

131 1169 243 1220 τῶν
326 1161 506 1219 πυλῶν
605 1164 1110 1241 καταθρασυνθὲντες
1199 1161 1534 1239 ἐπιδραμεῖν
1730 1161 1786 1219 δὲ

136 1253 425 1332 συμμαχίᾳ
484 1258 573 1307 τοῦ
603 1250 895 1330 ἀθλοφόροι)
947 1253 1033 1307 καὶ
1077 1254 1217 1327 μόνη
1248 1253 1308 1307 16
1360 1259 1462 1308 πᾶν
1494 1260 1587 1309 τοῦ
1632 1251 1787 1308 πολέ-

135 1363 242 1418 μου
300 1341 622 1419 κατόρθωσε,
697 1340 906 1418 πρῶτον
975 1341 1073 1415 μὲν
1131 1340 1204 1404 ὡς
1286 1342 1376 1396 τὸν
1449 1343 1573 1398 ναὸν
1630 1343 1788 1399 αὐτοῦ

136 1429 404 1495 συνάξασα
448 1429 568 1492 τοὺς
628 1433 728 1496 τῆς
798 1427 1030 1506 πόλεως,
1080 1426 1488 1507 προϐαλλομένη
1562 1431 1652 1486 τὸν
1695 1430 1788 1506 ἐμ-

136 1519 392 1597 πρησμὸν
437 1518 521 1595 (οὐ
577 1517 675 1595 γὰρ
730 1517 793 1571 ἃν
863 1516 1037 1584 ἄλλως
1099 1519 1234 1594 μετὰ
1279 1516 1474 1586 σποδῆς
1535 1519 1665 1596 ἆωρὶ
1708 1541 1791 1576 νυ-

137 1610 265 1673 κτὸς
312 1607 373 1663 ἐκ
416 1613 520 1663 τῶν
576 1607 770 1662 κλινῶν
814 1605 1162 1686 διηγείροντο,
1197 1608 1239 1663 εί
1299 1608 1376 1679 μὴ
1424 1610 1484 1663 τὸ
1542 1610 1659 1683 περὶ
1703 1610 1789 1664 τὸν

135 1697 264 1754 ναὸν
338 1695 496 1758 σέϐας
565 1694 682 1771 μετ’
757 1695 1062 1766 ἐκπλήξεως
1129 1696 1316 1760 αὐτοὺς
1398 1694 1788 1776 διατοστησενγ

1873 531 2046 610 gavi;
2080 550 2239 593 nunc
2270 531 2450 610 igitur
2499 531 2646 592 nihil
2677 530 2939 605 solliciti,
2973 550 3103 614 quae
3161 553 3282 614 prae
3333 536 3516 598 mani-

1874 620 1984 682 bus
2015 631 2174 694 sunt,
2197 619 2376 683 veluti
2402 620 2792 682 certaminum
2818 620 3076 684 Victoris
3097 624 3511 698 servi,curate.

1956 710 2094 772 103.
2149 711 2293 772 Cum
2354 728 2531 790 porro
2584 710 2798 772 iterum
2854 709 3046 772 verbis
3099 713 3218 774 illis
3246 713 3514 777 animum

1875 799 2403 880 recipientes,quaa
2424 800 2498 862 ad
2526 800 2817 879 templum
2846 807 3207 879 spectarent,
3234 803 3520 882 colligere

1876 896 1933 949 et
1982 906 2233 968 purgare
2271 903 2325 948 et
2371 898 2764 968 comportare,
2797 907 3067 970 aquaque
3115 891 3519 970 pavimentum

1875 980 2166 1039 mundare
2189 977 2534 1057 coepissent,
2553 986 2848 1040 venerunt
2877 978 3112 1058 quidam
3134 980 3320 1058 gratia
3339 981 3519 1043 Chri-

1875 1066 1948 1126 sti
1995 1065 2102 1128 Dei
2136 1067 2321 1130 nostri
2365 1066 2664 1142 inimicos,
2698 1066 2799 1148 qui
2857 1069 2916 1129 in
2954 1080 3156 1148 portas
3188 1071 3522 1150 irrumpere

1871 1157 1997 1217 ausi
2033 1157 2286 1232 fuerant,
2321 1175 2455 1217 esse
2483 1156 2712 1236 fugatos
2762 1159 3214 1240 annuntiantes;
3249 1160 3524 1222 certami-

1872 1264 2011 1307 num
2043 1255 2243 1308 aulem
2291 1244 2544 1307 Victoris
2568 1246 2852 1307 auxilium
2885 1246 3065 1330 idque
3112 1247 3305 1310 solum
3338 1249 3411 1311 ad
3440 1249 3519 1311 fe-

1872 1335 2041 1396 licem
2070 1333 2290 1395 exitum
2325 1333 2546 1396 bellum
2583 1335 2954 1416 perduxisse,
2986 1336 3242 1418 primum
3279 1339 3523 1419 quidem

1872 1423 2033 1501 quod
2067 1423 2137 1484 ad
2173 1425 2457 1504 templum
2495 1437 2666 1485 suum
2699 1425 2958 1487 civitatis
2989 1427 3235 1502 incolas,
3272 1429 3523 1490 excitato

1875 1517 2139 1576 incendio
2163 1519 2301 1591 (non
2327 1520 2616 1584 enim,nisi
2646 1535 2741 1576 eos
2776 1523 3062 1578 veneratio
3094 1537 3224 1592 erga
3249 1522 3524 1594 templum

1875 1621 2008 1664 cum
2063 1603 2550 1664 consternatione
2575 1604 2887 1683 .conjucla,
2925 1607 3259 1682 excitasset,
3293 1605 3524 1686 impor—

1876 1701 2024 1752 tuno
2057 1693 2252 1753 noctis
2284 1701 2550 1773 tempore
2583 1692 2931 1755 festinanter
2961 1712 2991 1754 e
3023 1694 3192 1756 lectis
3221 1696 3524 1757 surrexis-

137 1786 264 1843 εἶτά
321 1808 380 1842 τε
438 1786 616 1863 ὥσπερ
664 1786 738 1848 είς
781 1784 1070 1864 παράταξιν
1119 1786 1334 1850 τούτους
1381 1787 1665 1864 ἀθροίσασά
1711 1808 1790 1864 τε,

1963 1781 2037 1861 at)
2072 1781 2341 1860 congerit
2368 1801 2384 1858 ;
2407 1781 2626 1844 deinde
2653 1800 2815 1858 vero,
2845 1783 3025 1863 quod,
3054 1803 3187 1846 cum
3221 1803 3323 1847 eos
3351 1786 3530 1846 veluti

138 1877 229 1932 καὶ
327 1875 683 1945 συσκεάσοσα,
770 1874 1090 1954 ἒμπγήσασα
1178 1876 1394 1953 θάρσους
1480 1873 1563 1931 διὰ
1667 1881 1790 1950 μιᾶς

140 1963 419 2042 ἀνθρώπου
480 1969 663 2042 φωνῆς
737 1962 836 2030 ἔξω
897 1962 1078 2022 πυλῶν
1121 1967 1354 2042 ὁρμῆσαι
1423 1971 1792 2044 καινοπρεπῶς

137 2054 526 2130 παρεσκεύασε,
576 2054 659 2110 καὶ
715 2052 877 2132 μέχρι
951 2061 1042 2109 τοῦ
1102 2059 1189 2109 νῦν
1250 2053 1340 2132 ἀφ’
1387 2054 1656 2132 ἑωσφόρου
1713 2051 1787 2116 δὶς

141 2144 229 2200 καὶ
290 2144 398 2222 τρὶς
440 2145 526 2200 καὶ
590 2141 874 2206 πλεονάκις
936 2143 1362 2222 συγκρούσαντας
1424 2144 1645 2211 νικητὰς
1709 2141 1793 2199 διὰ

141 2233 242 2299 τῆς
292 2233 514 2308 μνήμης
574 2233 730 2289 αὐτοῦ
772 2231 867 2298 τῆς
913 2239 998 2287 νῦν
1061 2231 1188 2309 παρ’
1229 2233 1364 2307 ἡϊμν
1435 2231 1794 2308 ἐπιτελουμέ-

142 2344 240 2389 νης
286 2321 409 2384 τοὺς
442 2319 598 2386 ἰδίους
645 2317 856 2383 δούλους
889 2318 1163 2386 ἀνέδειξεν,

223 2408 326 2486 ρδ’.
390 2403 483 2474 Ὠς
513 2408 568 2465 δὲ
616 2412 780 2466 ταῦτα
811 2411 857 2465 οἱ
910 2408 1250 2487 ἐξηγούμενοι
1282 2411 1468 2485 αὐτοψὶ
1513 2410 1794 2467 θεάσασθαι

145 2496 517 2578 διεμαρτύρου-θ
574 2499 720 2573 τότε,
768 2501 857 2555 καί
929 2497 1220 2573 διώμνυντο
1288 2498 1401 2568 (τόν
1465 2500 1566 2579 γὰρ
1624 2500 1798 2557 ἑκοντὶ

147 2588 478 2664 ψευσάμενον
527 2587 704 2651 ἄλλως
740 2589 832 2646 οὐκ
890 2587 1144 2665 ἔπειθον),
1176 2590 1203 2644 6
1256 2589 1545 2663 θαύμασιος
1593 2589 1797 2655 ἐκεῖνος

147 2675 302 2756 ἆνὴρ,
339 2678 399 2734 οὗ
428 2678 462 2745 ἡ
511 2675 695 2755 καρδία
751 2674 1026 2757 ἐψεύδετο,
1056 2679 1140 2734 καὶ
1197 2679 1260 2734 τὸ
1307 2677 1480 2753 στόμα
1525 2679 1622 2746 τὴν
1666 2678 1799 2749 ἁλή-

148 2767 292 2822 θειαν
352 2765 736 2845 ἂπεφθέγγετο,
800 2763 868 2822 δι’
936 2768 995 2822 οὗ
1064 2767 1092 2822 ὃ
1173 2767 1330 2839 Θεὸς,
1393 2767 1594 2827 ἐκείνου
1663 2767 1800 2824 ἄλλα

148 2853 605 2934 προθυμουμένου,
648 2855 802 2935 ἕτερα
857 2860 927 2931 τῇ
984 2853 1137 2912 πόλει
1197 2857 1436 2934 σωτήρια
1492 2857 1795 2936 ἒχαρίζετο,

149 2945 177 3001 6
228 2944 346 3008 νέος
395 2940 636 3022 Ἀϐραὰμ
679 2947 708 3000 6
767 2945 1099 3020 ψευσάμενος
1127 2944 1196 3020 τῇ
1243 2943 1391 3001 πόλει
1428 2945 1547 3010 τοὺς
1604 2943 1802 3025 βαρϐά·

149 3053 293 3113 ρους,
362 3031 458 3100 τὴν
515 3029 569 3088 δὲ
633 3033 896 3111 σωτηρίαν
939 3033 1082 3090 ἄκων
1152 3034 1285 3110 αὐτῇ
1339 3033 1674 3109 προξενήσων
1718 3033 1801 3091 διὰ

1877 1869 1950 1931 ad
1981 1870 2331 1932 conﬂictum
2368 1881 2786 1948 congregasset
2833 1883 3245 1953 parassetque,
3279 1874 3529 1935 audacia

1876 1959 2153 2039 impletos
2182 1977 2287 2040 per
2309 1978 2484 2020 unam
2510 1961 2772 2022 hominis
2802 1979 3006 2023 vocem
3037 1980 3201 2024 more
3225 1961 3470 2024 insolito
3497 1982 3531 2025 θ

1878 2050 2060 2128 portis
2115 2049 2319 2125 egredi
2354 2049 2580 2123 fecerit,
2619 2067 2941 2130 servosque
2993 2069 3152 2126 suos,
3190 2052 3262 2112 ab
3309 2067 3528 2113 aurora

1877 2156 2036 2198 nunc
2069 2156 2258 2218 usque
2304 2137 2394 2200 bis
2429 2147 2635 2218 terque
2683 2157 2752 2200 ac
2781 2157 2937 2220 saepe
2989 2159 3121 2202 cum
3158 2142 3324 2203 hoste
3379 2160 3526 2203 con-

1878 2245 2139 2305 gressos,
2174 2228 2427 2289 victores
2481 2226 2542 2286 in
2574 2245 2680 2289 sua
2711 2246 2840 2308 quae
2871 2228 3025 2307 apud
3075 2249 3181 2290 nos
3207 2249 3367 2292 nunc
3395 2231 3522 2310 agi-

1880 2325 1993 2388 tur,
2031 2316 2603 2378 commemoratione
2636 2315 2921 2379 effecerit.

1962 2405 2100 2467 104.
2152 2403 2296 2466 Cum
2347 2412 2572 2484 autem,
2611 2403 2715 2486 qui
2774 2425 2843 2467 ea
2898 2405 3244 2488 narrabant,
3276 2407 3525 2469 suismet

1879 2493 2066 2556 oculis
2097 2494 2298 2556 isthasc
2327 2512 2461 2556 sese
2494 2494 2733 2569 vidisse,
2759 2504 2900 2557 tunc
2932 2502 3319 2577 testarentur,
3351 2503 3531 2575 atque

1879 2588 2054 2645 etiam
2081 2584 2304 2664 (neque
2335 2583 2492 2645 enim
2539 2584 2732 2659 illum,
2765 2585 2868 2665 qui
2901 2585 3098 2648 studio
3129 2584 3319 2648 fuerat
3353 2603 3526 2648 men-

1882 2674 2013 2748 titu,
2047 2674 2220 2735 aliter
2268 2673 2722 2754 convincebant)
2771 2678 3066 2753 jurarent,
3101 2673 3389 2737 mirabilis
3439 2675 3530 2737 vir

1881 2762 1983 2823 ille
2011 2764 2180 2843 cujus
2201 2780 2306 2825 cor
2337 2762 2739 2825 mentiebatur
2761 2782 2947 2844 osque
2975 2763 3288 2826 veritatem
3323 2763 3526 2844 profo-

1881 2851 2072 2933 rebat,
2109 2869 2282 2931 quem
2337 2849 2516 2932 Deus,
2549 2852 2666 2915 alia
2694 2853 2798 2914 illo
2861 2852 3210 2927 meditante,
3243 2852 3359 2916 alia
3387 2853 3528 2916 civi-

1885 2940 1988 3002 tati
2038 2939 2313 3003 salutaria
2345 2939 2724 3020 largiebatur,
2761 2960 2948 3003 novus
2980 2941 3277 3004 Abraham
3309 2943 3530 3005 civitati

1885 3035 2162 3092 Barbaros
2187 3037 2476 3098 mentitus.
2510 3035 2557 3090 ei
2581 3045 2771 3092 autem
2810 3051 2909 3106 per
2943 3045 3248 3107 martyrem
3287 3037 3531 3095 salutem

148 3128 240 3179 τοῦ
283 3121 549 3200 μάρτυρος
594 3122 666 3182 ὡς
712 3121 918 3187 ἐκεῖνος
949 3123 1069 3187 τοὺς
1128 3121 1324 3185 παῖδας
1374 3121 1618 3198 ἐψεύδετο
1668 3124 1796 3200 μετᾶ

1969 3139 1999 3182 c
2019 3121 2282 3200 cogitans
2308 3120 2756 3195 conciliaturus,
2783 3122 2866 3182 uti
2889 3121 3153 3201 ille,sese
3175 3121 3366 3182 statim
3396 3141 3530 3184 cum

151 3210 242 3267 τοῦ
297 3211 480 3267 Ἰσαὰκ
547 3211 897 3290 ὑποστρέφειν
968 3215 1112 3275 εὐθὺς
1181 3211 1575 3291 ὑποσχόμενος,
1621 3218 1688 3289 τῇ
1748 3211 1796 3267 δὲ

1963 3228 2045 3271 iac
2065 3227 2441 3272 reversurum
2472 3211 2849 3292 promittens,
2874 3229 3234 3272 servossuos
3267 3210 3534 3292 decipie-

149 3297 368 3378 γλώττῃ
441 3299 600 3356 αὐτοῦ
669 3298 846 3379 ψωρΐς
915 3300 1210 3371 συνδήσεως
1309 3303 1370 3356 16
1441 3323 1500 3379 γε
1516 3303 1802 3376 θησόμενον

150 3389 535 3468 προεφήτευεν,
582 3391 732 3452 οὗτος
791 3387 854 3457 δὴ
897 3391 926 3445 6
970 3390 1102 3468 ἀνὴρ
1145 3389 1376 3455 ἀκούσας
1423 3392 1489 3446 τὰ
1533 3389 1802 3466 συμϐάντα

152 3484 221 3555 τῇ
261 3476 417 3534 πόλει
459 3476 664 3553 ὕμνησε
723 3502 800 3553 τῳ
832 3486 948 3555 Scip
989 3481 1080 3536 καὶ
1123 3486 1199 3554 τῷ
1228 3478 1502 3560 ἀθλοφόρω
1555 3488 1647 3538 οὖν
1684 3494 1802 3546 τοῖς

153 3573 408 3647 παροῦσιν
438 3568 616 3624 αὐτόθι
675 3567 869 3648 λέγων·
929 3569 1083 3647 Κύριε
1128 3571 1155 3625 6
1200 3570 1330 3632 Θεὸς
1374 3573 1400 3625 ὁ
1447 3573 1796 3646 προαιώ-ιιος,

154 3659 181 3714 6
252 3655 656 3739 παντοκράτωρ,
701 3661 730 3715 6
795 3664 903 3716 τῶν
953 3660 1182 3738 κρυφίων
1237 3659 1509 3736 γνώστης,
1554 3662 1641 3715 καὶ
1694 3666 1798 3715 τῶν

153 3743 366 3816 ἀδήλων
423 3745 757 3824 ἐπιστήμων,
819 3749 846 3804 6
890 3745 1286 3827 hsﬁtxyiaaro;
1343 3745 1396 3802 ἐν
1455 3748 1798 3826 εὐεργεσίαις,

155 3833 536 3902 ἂκατάληπτος
607 3837 662 3893 ἑν
731 3836 1114 3919 φιλανθρωπίᾳ,
1162 3835 1221 3892 οὗ
1289 3837 1324 3904 ἡ
1396 3833 1564 3913 βουλὴ
1622 3835 1800 3916 ἔργον,

155 3925 242 3982 καὶ
271 3925 335 3980 τὸ
394 3932 558 4002 νεῦμα
608 3927 921 4006 πράγματος
971 3923 1333 4001 ἀποτέλεσμα,
1367 3926 1429 3981 σὺ
1475 3932 1688 4004 καλεῖς,
1721 3927 1806 3982 καὶ

155 4014 330 4071 πάντα
393 4015 712 4073 ὑπακούουσί
782 4039 865 4074 σοι
937 4017 1140 4095 τρόμῳ,
1204 4013 1384 4091 διατί;
1431 4012 1512 4071 ὅτι
1569 4016 1635 4071 τὰ
1677 4015 1809 4090 σύμ-

154 4124 328 4160 παντα
407 4101 564 4160 δοῦλα
609 4107 699 4182 σὰ,
749 4108 777 4162 6
825 4106 1128 4182 καταμόνας
1171 4103 1378 4169 πλάσας
1450 4106 1541 4171 τὰς
1597 4101 1807 4181 καρδίας

152 4194 336 4268 ἡμῶν,
372 4195 456 4251 καὶ
485 4194 774 4253 ποικίλλων
818 4196 976 4262 αὐτὰς
1039 4196 1167 4274 πρὸς
1219 4194 1248 4251 ὃ
1295 4199 1406 4274 χρὴ
1451 4200 1543 4252 τοῦ
1584 4215 1806 4273 προκει-

156 4284 318 4359 μένου
349 4284 534 4364 χάριν.

237 4370 339 4451 ρε³.
401 4374 460 4430 Εἰ
515 4374 616 4452 γὰρ
672 4375 764 4431 καὶ
804 4375 866 4430 16
916 4370 1252 4438 αὐτεξούσιον
1295 4371 1533 4452 ἐχαρίσω
1595 4372 1804 4447 αὐτοῖς,

1888 3300 2004 3380 bat,
2040 3298 2238 3378 lingua
2265 3306 2490 3375 autem,
2523 3299 2681 3381 quod
2712 3299 2974 3362 futurum
3010 3307 3157 3376 erat,
3194 3318 3304 3362 nec
3335 3301 3535 3363 sciens

1887 3389 2277 3470 propiietabat
2304 3389 2457 3470 (74),
2481 3389 2583 3451 ille
2619 3390 2822 3471 itaque
2847 3390 2954 3461 vir,
2983 3409 3120 3452 cum
3153 3409 3286 3469 quae
3314 3390 3534 3453 civitati

1887 3479 2249 3559 acciderant,
2285 3479 2636 3555 audivisset,
2675 3499 2791 3542 una
2851 3499 2983 3540 cum
3017 3480 3090 3540 iis
3145 3479 3246 3555 qui
3305 3479 3530 3540 ibidem

1882 3567 2345 3644 aderant,Deum
2381 3569 2898 3649 certaminumque
2921 3567 3219 3630 Victorem
3253 3566 3545 3628 laudabat

1883 3656 2123 3718 dicens:
2167 3659 2419 3719 Domine
2449 3657 2627 3728 Deus.
2657 3677 2690 3718 o
2716 3667 2960 3730 aeterne,
2988 3676 3020 3716 ο
3065 3656 3467 3736 omnipotens,
3499 3675 3533 3718 ο

1883 3744 2366 3807 absconditorum
2392 3747 2662 3807 conditor
2685 3747 3178 3826 occultorumque
3209 3747 3533 3825 inspector,

1889 3854 1924 3896 o
1979 3834 2040 3895 in
2073 3834 2380 3896 beneﬁciis
2434 3835 2884 3912 investigabilis.
2920 3855 2954 3896 ο
3002 3833 3063 3897 in
3123 3833 3535 3896 misericordia

1889 3922 2716 4004 incomprehensibilis,cujus
2737 3923 3004 3985 voluntas
3028 3943 3199 4005 opus,
3233 3932 3532 4003 nutusque

1888 4013 1978 4076 rei
2009 4013 2279 4094 effectus,
2313 4020 2373 4074 tu
2401 4031 2596 4089 vocas,
2623 4014 2942 4094 omniaque
2972 4012 3080 4075 tibi
3109 4032 3244 4076 cum
3277 4021 3536 4077 tremore

1889 4101 2199 4183 obediunt,
2233 4110 2544 4184 propterea
2571 4102 2728 4181 quod
2791 4102 2919 4184 tibi,
2951 4105 3047 4185 qui
3108 4103 3269 4165 solus
3323 4105 3538 4167 creasti

1889 4193 2069 4256 corda
2089 4201 2289 4255 nostra
2319 4211 2527 4273 eaque,
2557 4201 2731 4274 prout
2761 4193 2862 4255 fini
2896 4193 3196 4274 proposito
3227 4196 3532 4272 convenit,

1889 4283 2192 4356 immutas,
2223 4282 2426 4343 omnia
2454 4281 2573 4344 sint
2603 4281 2895 4361 subjecta.

1972 4371 2111 4435 405.
2148 4372 2274 4435 Etsi
2303 4370 2464 4433 enim
2492 4379 2551 4432 et
2580 4370 2834 4433 liberum
2865 4371 3180 4434 arbitrium
3213 4372 3289 4434 iis
3307 4371 3390 4434 sis
3413 4371 3536 4435 lar-

153 4460 277 4518 ἀλλ’
337 4460 392 4517 ἐν
441 4475 566 4527 ταῖς
618 4464 944 4539 οἰκονομίαις
990 4469 1095 4520 τῶν
1137 4461 1452 4541 εὐεργεσιῶν
1495 4485 1586 4520 σου
1641 4460 1796 4529 πηδα·

1963 4471 2072 4542 lus,
2107 4463 2168 4522 in
2216 4469 2454 4523 tuorum
2489 4468 2687 4522 tamen
2738 4461 3168 4523 beneficiorum
3217 4462 3536 4543 dispensa-

154 4548 404 4630 λιουχετς
463 4552 622 4616 αὐτὰς
693 4553 824 4632 πρὸς
880 4554 941 4609 16
1004 4551 1289 4631 συμφέρον,
1339 4557 1526 4610 ὁποῖον
1582 4553 1668 4608 καί
1725 4557 1814 4607 νῦν

157 4637 241 4696 ὐπ’
305 4639 424 4716 ἰμοὶ
485 4643 562 4714 τῷ
626 4641 728 4716 νέῳ
788 4640 1034 4717 Βαλαὰμ,
1099 4640 1340 4699 Δέσποτά
1393 4663 1517 4721 μου,
1587 4641 1814 4719 εἰργάσω

159 4728 466 4808 ἁμαρτωλῷ
519 4731 608 4788 καὶ
663 4731 1062 4810 ἀπεριμερίμνῳ
1104 4727 1222 4787 κατ’
1283 4729 1490 4788 ἐκεῖνον
1547 4731 1817 4809 ὑπάρχον-

157 4836 237 4899 1t,
269 4817 356 4875 διὰ
407 4819 508 4887 τὴν
542 4821 767 4897 μνήμην
808 4827 902 4878 τοῦ
950 4817 1262 4885 πανὲνδόξου
1308 4821 1570 4899 μάρτυρος
1626 4820 1816 4876 οἰκτει-

162 4906 334 4985 ρήσας
391 4911 492 4977 τὴν
521 4909 839 4967 ταπείνωσιν
879 4909 1061 4989 ἡμῶν,
1095 4907 1190 4964 καί
1240 4909 1338 4977 τὴν
1369 4907 1500 4976 ὅλην
1552 4906 1815 4972 διασώσας

159 4996 327 5054 πόλιν
397 4995 449 5062 ἒξ
511 4996 914 5076 ἀπροσδοκήτου
964 5000 1050 5054 καὶ
1106 4997 1467 5076 ἀγνοουμένης
1536 4995 1816 5077 αἷχμαλωυ

160 5085 305 5149 σίας·
368 5084 549 5164 ὥσπερ
603 5089 704 5166 γὰρ
744 5090 953 5146 εκετνον
1008 5084 1146 5144 ἄλλα
1187 5087 1468 5167 προφέρειν
1509 5083 1593 5143 διὰ
1647 5084 1820 5165 γλώτ-

159 5193 260 5242 της
307 5172 630 5253 βουλόμενον
668 5176 821 5256 ἕτερα
875 5177 1262 5257 προσεύχεσθαι
1305 5179 1394 5234 καὶ
1444 5173 1688 5255 εὐλογεῖν
1725 5177 1816 5234 16v

157 5262 291 5320 λαὸν
351 5286 445 5322 σου
515 5263 600 5321 διὰ
654 5276 750 5326 τοῦ
804 5265 954 5346 ἁγίου
1029 5267 1332 5343 Πνεύματος
1389 5265 1810 5346 παρεσκεύασας,

1897 4552 2056 4613 tione
2080 4558 2385 4631 eos,prout
2415 4550 2675 4631 expedit,
2704 4550 3054 4628 moderaris,
3075 4551 3249 4614 sicuti
3273 4560 3332 4613 et
3354 4570 3535 4630 nunc,

1898 4640 1980 4701 mi
2014 4640 2290 4716 Domine,
2325 4638 2386 4700 in
2431 4657 2526 4700 me
2554 4659 2703 4702 novo
2760 4639 3024 4722 Balaam,
3059 4649 3370 4723 peccatore
3428 4659 3542 4705 nec

1896 4747 1993 4790 res
2039 4727 2113 4790 ad
2168 4728 2298 4808 ejus
2352 4728 2654 4809 exemplar
2713 4729 3156 4811 considerante,
3191 4730 3541 4794 humilitatis

1898 4827 2115 4880 nostra;
2153 4825 2397 4898 propter
2425 4817 2840 4896 gloriosissimi
2871 4820 3140 4898 martyris
3189 4821 3540 4882 memoriam

1900 4907 2200 4983 misertus,
2237 4906 2655 4987 civitatemque
2694 4913 2873 4968 totam
2909 4925 2976 4968 ex
3011 4907 3414 4988 inexspectata
3440 4909 3541 4970 in-

1899 4995 2252 5076 cognitaque
2282 4995 2621 5076 captivitate
2662 4995 2945 5071 liberans,
2981 4996 3197 5058 fecisti.
3233 4993 3327 5058 Uti
3378 4995 3538 5059 enim

1899 5085 2218 5161 illum,alia
2244 5086 2481 5164 profare
2501 5085 2701 5163 lingua
2719 5084 3165 5166 volentem,alia
3188 5088 3415 5166 precari
3443 5103 3541 5166 po.

1901 5175 2226 5258 pulumque
2249 5182 2414 5236 tuum
2449 5193 2551 5255 per
2573 5173 2857 5257 Spiritum
2889 5183 3158 5236 sanctum
3181 5173 3544 5238 benedicere

1898 5265 2142 5345 coegisti
2189 5265 2340 5345 (75),
2375 5265 2453 5326 ito
2485 5273 2545 5326 et
2573 5283 2668 5326 me
2720 5263 3029 5342 indignum
3061 5279 3298 5327 servum
3349 5271 3542 5340 tuum,

158 5352 302 5410 031m
359 5354 520 5431 κάμὲ,
552 5357 642 5411 τὸν
701 5355 912 5422 ἀνάξιον
942 5354 1127 5413 δοῦλόν
1180 5377 1295 5428 σου,
1327 5353 1464 5411 ἀλλὰ
1515 5353 1796 5432 βουλευσά-

1963 5356 2010 5418 ia
2031 5373 2137 5436 per
2166 5355 2632 5434 alienigenarum
2657 5353 3165 5417 denuntiationem
3199 5354 3396 5417 facere
3421 5368 3544 5416 me-

161 5463 322 5519 μενον
372 5441 457 5502 διὰ
506 5450 603 5513 τῆς
663 5447 851 5524 φήμης
904 5451 1010 5504 τῶν
1060 5444 1366 5524 ἀλλογενῶν
1412 5441 1796 5525 διαπράξασθαι.

1963 5454 2208 5522 tantem,
2234 5443 2590 5508 beneﬁcium
2623 5462 2802 5527 supra
2823 5441 3062 5506 modun:
3095 5444 3286 5524 majus
3315 5441 3543 5506 civitati

249 5612 379 5706 (74)
408 5612 524 5676 Adi
558 5613 774 5677 librum
805 5615 1077 5692 Genesis,
1107 5631 1240 5696 cap.
1275 5630 1421 5677 xm.
1978 5609 2101 5690 (75)
2137 5606 2372 5672 Videsis
2401 5607 2616 5671 librum
2647 5603 3070 5687 Nnmer.,cap.
3105 5619 3246 5668 xxiii
3278 5611 3338 5671 et
3368 5622 3544 5688 seqq.
