3938 6134
215 323 400 397 1285

1320 323 1380 400 s'.
1428 314 1802 406 DEMETRII
1857 316 2258 405 MARTYRIS
2297 325 2517 404 ACTA.

3461 307 3613 406 1286

211 467 329 522 καὶ
408 466 575 555 μηδὲν
645 467 776 525 ἄλλο
847 467 1224 549 προελέλεκτο,
1272 481 1364 531 τοῦ
1433 473 1725 555 ἀθλοφόροι)
1783 476 1874 542 τὴν

1991 474 2197 536 ιιίαηιεί
2256 475 2403 536 nihil
2455 473 2617 536 aliud
2662 481 2820 536 esset
2875 473 3266 554 praemissum,
3325 473 3602 536 eximiam

215 554 638 632 ἀνυπέρϐλητον
694 556 934 632 δύναμιν,
991 561 1070 614 καὶ
1163 562 1224 616 τὸ
1310 567 1408 628 τῆς
1495 554 1884 644 φιλανθρωπίας

217 647 397 701 αὐτοῦ
453 647 806 720 θεομίμητον,
855 648 941 702 καὶ
998 650 1059 702 τὸ
1132 651 1246 726 περὶ
1289 651 1389 717 τὴν
1433 653 1586 709 πόλιν
1645 653 1884 730 κηδεμο-

221 735 411 794 νικόν,
1298 795 1300 797 .

315 823 436 900 ρη¹,
487 825 586 879 Τοῦ
634 821 688 878 δὲ
745 824 844 901 γὰρ
895 824 1055 904 χάριν
1113 827 1200 882 καὶ
1264 827 1570 887 τελευταῖον
1622 853 1718 898 της
1750 853 1882 909 συγ-

220 917 444 991 γραφῆς
519 912 644 968 αὐτὸ
699 912 1024 992 συντέταχα,
1081 915 1152 976 ὡς
1213 914 1276 970 ἂν
1319 917 1712 997 ἁπερισπάστου
1785 927 1882 987 τῆς

222 1001 405 1067 ἀκοῆς
466 1002 616 1075 ὑμῶν
692 999 1172 1080 διαφυλαχθείσης,
1244 1007 1330 1062 καὶ
1395 1013 1462 1084 τῇ
1521 1008 1721 1086 μελέτῃ
1777 1017 1884 1066 τῶν

225 1087 535 1166 εἰρημένων
592 1090 689 1157 τῆς
748 1092 967 1165 μνήμης
1025 1104 1146 1154 ταῖς
1204 1091 1454 1159 διανοίαις
1511 1099 1659 1171 ὑμῶν
1728 1121 1882 1174 περι-

227 1179 523 1250 σωθείσης,
589 1182 976 1257 παρασκευάσω
1031 1182 1126 1245 τὰς
1175 1181 1389 1259 καρδίας
1447 1187 1656 1243 πάντων
1729 1187 1881 1253 ἀνεξ-

1968 563 2362 626 certaminum
2390 563 2645 625 Victoris
2669 561 2990 643 potentiam
3013 569 3068 623 et
3093 561 3396 641 illius,qua
3419 561 3604 624 Deum

1970 652 2736 733 imitatur,misericordiam
2762 670 3088 732 curamque
3112 669 3216 731 pro
3236 649 3599 728 civitate(78l

1968 741 2302 803 luculenter
2329 742 2629 803 ostendet.

2053 830 2186 894 108.
2219 828 2391 892 Hunc
2421 840 2618 892 autem
2645 831 2699 890 in
2735 830 2915 891 ﬁnem
2945 837 3003 890 et
3035 830 3148 891 hoc
3181 829 3416 892 tandem
3448 829 3603 892 scri-

1970 919 2188 1000 ptionis
2223 919 2553 998 composui,
2589 931 2654 980 ut
2684 918 2886 981 auditu
2919 930 3118 980 vestro
3152 938 3270 980 non
3298 919 3600 1000 distracto,

1968 1007 2383 1088 dictorumque
2434 1008 2721 1070 memoria
2771 1007 3226 1087 cogitationibus
3257 1008 3466 1069 vestris
3498 1027 3607 1089 per

1971 1097 2413 1158 meditationem
2440 1102 2751 1178 impressa,
2784 1097 2970 1158 corda
3001 1097 3415 1179 omnium,quo
3451 1104 3604 1159 assi-

1965 1186 2110 1248 duas
2132 1187 2279 1264 grati
2329 1186 2509 1247 animi
2540 1187 2950 1248 confessiones
2985 1207 3103 1248 non
3135 1187 3323 1248 solum
3360 1187 3416 1247 in
3465 1205 3604 1248 car-

230 1265 517 1331 αλείπτους
577 1268 672 1331 τὰς
728 1273 827 1334 τῆς
885 1269 1225 1348 εὐχαριστίας
1283 1273 1579 1352 ὁμολογίας
1619 1279 1678 1332 οὔ
1721 1278 1874 1351 μόνον

1991 1294 2062 1348 te,
2099 1277 2202 1338 sed
2229 1285 2286 1338 et
2318 1283 2446 1355 post
2472 1274 2694 1336 obitum
2723 1294 2862 1353 erga
2893 1275 3248 1337 clementem
3283 1276 3606 1355 patriaque

233 1362 294 1414 ἐν
351 1361 534 1439 σαρχὶ,
569 1358 707 1416 ἀλλὰ
753 1360 847 1416 καὶ
881 1363 1015 1436 μετὰ
1066 1363 1164 1429 τὴν
1196 1361 1368 1428 ἔξοδον
1418 1369 1547 1446 πρὸς
1579 1369 1669 1424 τὸν
1719 1368 1874 1433 ἀλεξί-

1991 1373 2295 1427 .ervantem
2331 1364 2724 1426 certaminum
2757 1361 3057 1427 Victorem
3083 1365 3469 1441 conservatis,
3499 1383 3606 1444 pa-

233 1470 405 1537 κακον
489 1449 576 1504 καὶ
676 1450 1017 1528 σωσίπατριν⁶
1105 1451 1394 1532 ἀθλοφόρον
1494 1454 1874 1537 ’διαφυλάττειν1

1991 1463 2100 1514 'ata
2131 1453 2405 1525 efﬁciam,
2460 1454 2658 1532 itaque
2704 1473 2826 1528 vos,
2889 1473 3007 1515 non
3038 1453 3228 1514 solum
3263 1455 3321 1514 in
3352 1454 3461 1516 hac
3491 1453 3608 1516 vita

233 1536 378 1593 οὕτω
421 1556 478 1592 τε
517 1540 884 1611 ιαρπωσασθαι
938 1539 1090 1614 ὑμᾶς,
1131 1542 1206 1614 μὴ
1261 1542 1359 1608 τὴν
1419 1543 1472 1598 ἐν
1522 1552 1598 1618 τῷ
1625 1546 1723 1620 βίῳ
1760 1536 1874 1602 τοόέ

1991 1543 2248 1620 nartyris
2303 1544 2718 1623 patrocinium,
2781 1543 2883 1605 sed
2941 1552 2998 1604 et
3047 1542 3349 1604 faciendas
3402 1543 3473 1604 ab
3534 1562 3604 1606 eo

232 1648 315 1700 τῳ
358 1626 677 1700 προστασίαν
736 1626 899 1700 μόνον
929 1635 1022 1684 τοῦ
1075 1630 1360 1706 μάρτυρος,
1393 1629 1530 1688 ἀλλὰ
1560 1635 1646 1690 καὶ
1678 1635 1770 1698 τὰς
1833 1638 1874 1690 Et

1991 1633 2123 1710 tpud
2172 1631 2465 1710 judicem,
2525 1632 2722 1712 decipi
2784 1652 2898 1693 non
2961 1633 3287 1712 Valentem,
3323 1632 3608 1695 asanctis

234 1722 317 1788 τῷ
392 1711 596 1793 φοϐερῷ
651 1716 854 1790 βήματι
927 1720 1018 1772 τοὺ
1105 1721 1330 1795 Χριστοῦ
1411 1720 1684 1800 πρεσϐείας
1758 1724 1874 1802 ὑπὲρ

1991 1720 2093 1780 suis
2123 1719 2490 1799 interpellari
2543 1711 2872 1795 amantem,
2942 1711 3344 1801 precibusque
3371 1739 3603 1802 eorum,

234 1805 396 1876 ἡμῶν
455 1802 580 1882 παρ’
642 1804 798 1859 αὑτοῦ
851 1807 980 1882 πρὸς
1029 1806 1118 1862 τὸν
1172 1806 1596 1887 ἁπαραλόγιστον
1653 1834 1874 1889 γενησο-

1991 1818 2033 1868 tt
2063 1808 2248 1869 Deum
2280 1809 2472 1883 decet,
2530 1818 2916 1884 abnuentem,
2969 1811 3027 1870 in
3089 1809 3338 1872 terribili
3389 1809 3609 1872 Christi

235 1889 405 1968 μένας
471 1894 656 1971 κριτὴν
698 1897 786 1950 τὸν
848 1894 1098 1974 φιλοῦντα
1150 1899 1291 1972 παρὰ
1349 1902 1454 1955 τῶν
1509 1902 1674 1979 ἁγίων
1732 1908 1874 1962 αὖτοὶ

1996 1897 2253 1959 ribunali
2290 1917 2394 1978 pro
2427 1898 2600 1960 nobis
2628 1899 3093 1962 intercessiones
3125 1899 3464 1963 obtineatis.

237 1984 525 2061 αἰτεῖσθαι,
581 1985 668 2039 καὶ
711 1984 807 2046 τὰς
853 1986 1026 2044 αὐτῶν
1069 1985 1311 2050 ἀξιώσεις
1356 1992 1662 2068 Θεοπρεπῶς
1716 2016 1881 2072 χαρι-

236 2072 484 2146 ζόμενον,

323 2161 426 2239 ρθ¹.
500 2161 722 2239 Λέγεται
793 2164 912 2242 περί
981 2187 1127 2228 τινος
1206 2167 1518 2244 πράγματος
1603 2169 1874 2236 ἠξιωκέναι

2049 2164 2446 2228 l09.Avarutn
2477 2176 2619 2228 tunc
2645 2165 2928 2246 temporis
2961 2166 3078 2227 dux
3112 2165 3358 2244 legatos,
3395 2173 3454 2226 ut
3481 2183 3608 2230 rem

241 2252 351 2307 τῶν
409 2253 700 2318 τηνικαῦτα
759 2259 864 2308 τῶν
939 2252 1178 2332 Ἀϐάρων
1258 2257 1552 2333 ἡγούμενον
1604 2260 1880 2318 στείλαντα

244 2337 482 2416 πρέσϐεις
539 2341 670 2416 πρὸς
754 2343 844 2396 τὸν
905 2344 1001 2408 τῆς
1073 2341 1320 2406 εὖσεὸὀῦς
1379 2345 1605 2418 λήξεως,
1673 2351 1761 2404 καὶ
1817 2351 1882 2405 τὰ

241 2429 508 2514 σκῆπτραΔ
544 2432 644 2496 τῆς
691 2432 966 2503 Ῥωμαίων
1009 2431 1188 2512 ἀρχῆς
1247 2434 1547 2514 κατέχοντα
1589 2438 1708 2494 τότε
1742 2446 1881 2498 Μαυ-

242 2518 428 2597 ρίκιον.
492 2508 584 2584 Ὠς
639 2519 692 2576 δὲ
747 2508 1170 2599 ἠστόχητοττῆς
1215 2508 1497 2601 αἰτήσεως,
1559 2528 1690 2605 ὀργῇ
1741 2530 1876 2584 ὰκα-

239 2607 490 2686 τασχέτῳ
531 2609 783 2688 φλεχθεῖς
827 2613 913 2665 καὶ
968 2612 1045 2684 τῷ
1075 2614 1466 2690 παρακούσαντι
1513 2615 1681 2691 μηδὲν
1717 2620 1878 2685 ποιῆ-

242 2717 331 2752 σαι
361 2695 671 2772 δυνάμενος,
719 2698 915 2776 τρόπον
971 2699 1198 2774 ἐπινοεῖ,
1253 2699 1321 2756 δι’
1351 2705 1412 2759 οὗ
1449 2704 1683 2778 μάλιστα
1737 2710 1879 2781 αὒτῷ

243 2782 493 2851 ὁδυνῆσαι
544 2787 612 2841 τὰ
669 2787 897 2864 μέγιστα
945 2789 1296 2865 ὑπετόπαζεν,
1334 2789 1463 2866 ὅπερ
1512 2794 1577 2860 ἧν
1626 2796 1714 2852 καὶ
1765 2818 1878 2851 πα-

241 2873 486 2940 νάὶηθες.
523 2877 813 2946 Σκοπήσας
843 2877 944 2956 γὰρ
993 2880 1066 2941 ὡς
1119 2879 1332 2947 ἁπάσης
1376 2881 1584 2946 πόλεως
1635 2884 1772 2940 κατά
1824 2907 1879 2940 τε

244 2964 478 3040 Θρᾴκην,
530 2967 618 3021 καὶ
660 2971 764 3021 πᾶν
832 2967 890 3021 τὸ
934 2966 1246 3046 Ἰλλυρικὸν,
1294 2970 1328 3036 ἡ
1373 2971 1724 3051 Οεοφόλακτος
1777 2977 1880 3029 τῶν

1964 2254 2300 2333 quampiam
2331 2263 2580 2334 peteret,
2616 2255 2688 2316 ad
2722 2255 2833 2335 piae
2865 2255 3199 2333 memoriae,
3248 2255 3346 2336 qui
3374 2264 3428 2317 et
3471 2264 3609 2318 tunc

1963 2343 2368 2405 Romanorum
2412 2345 2650 2424 imperii
2699 2357 2936 2425 sceptra
2971 2343 3230 2420 tenebat,
3268 2343 3607 2405 Mauritium

1965 2431 2199 2494 misisse
2232 2443 2504 2495 narratur
2537 2433 2844 2512 (79).Cum
2877 2444 3076 2495 autem
3110 2452 3142 2493 a
3175 2433 3468 2513 postulato
3501 2451 3608 2496 suo

1963 2519 2324 2596 aberrasset,
2378 2523 2466 2583 ira
2494 2524 2705 2585 ell‘reni
2759 2523 3065 2598 incensus,
3101 2521 3300 2601 eique,
3336 2521 3436 2602 qui
3467 2541 3604 2583 cum

1963 2610 2249 2673 exaudire
2281 2611 2734 2684 noluerat,nihil
2766 2613 2962 2674 facere
2994 2611 3471 2682 valens,modum
3505 2628 3605 2673 ex-

1963 2698 2260 2781 cogitavit,
2297 2721 2413 2781 quo
2447 2706 2767 2782 przecipue,
2802 2711 2864 2762 ut
2919 2701 3172 2762 maximo
3206 2717 3342 2761 eum
3399 2699 3606 2762 dolore

1961 2786 2244 2864 afﬁceret,
2258 2789 2516 2851 futurum
2543 2788 2986 2871 suspicabatur;
3012 2789 3178 2869 quod
3203 2797 3258 2850 et
3280 2797 3408 2849 erat
3430 2794 3608 2850 veris-

1961 2876 2198 2938 simum.
2235 2877 2378 2940 Cum
2411 2879 2593 2952 enim,
2630 2879 2908 2940 omnibus
2942 2888 2999 2940 et
3054 2878 3114 2938 in
3171 2875 3426 2938 Thracia
3456 2877 3606 2941 etin

1962 2964 2194 3046 Illyrico
2227 2966 2564 3029 civitatibus
2586 2967 2938 3029 custoditam
2973 2986 3004 3028 a
3053 2965 3174 3028 Deo
3220 2965 3606 3030 Thessaloni-

243 3052 670 3110 Θεσσαλονικέων
750 3055 1082 3132 μητρόπολις
1144 3056 1549 3132 ὑπερϐαλόντως
1627 3063 1874 3143 ὑπερέχει

1991 3055 2230 3116 ensium
2263 3059 2641 3138 metropolim
2673 3066 2731 3119 et
2762 3058 2983 3118 divitiis
3017 3055 3266 3117 diversis
3298 3062 3354 3116 et
3375 3055 3608 3119 solerti-

240 3142 450 3216 πλούτῳ
509 3165 567 3199 τε
643 3143 868 3219 ποικίλῳ
904 3194 920 3225 ,
973 3147 1067 3201 καί
1124 3146 1414 3224 ἀνθρώποις
1468 3151 1732 3214 εὖθεάτοις
1791 3142 1874 3210 καὶ

1991 3161 2067 3203 ius
2093 3148 2634 3220 perspicacibusque
2657 3164 2722 3205 ac
2745 3147 3253 3204 Christianissimis
3275 3147 3607 3205 hominibus

243 3244 504 3304 συνετοίς,
565 3234 650 3288 καὶ
720 3237 1276 3310 Χριστιανικωτάτοις,
1330 3240 1418 3295 καὶ
1460 3239 1644 3303 ἁπλῶς
1704 3243 1874 3298 εἰπεῖν

1995 3249 2140 3309 upra
2173 3230 2410 3292 modum
2472 3232 2764 3306 eminere,
2816 3240 3015 3310 atque,
3065 3238 3130 3290 ut
3171 3229 3350 3291 verbo
3383 3229 3600 3312 dicam,

241 3322 391 3398 γνοὺς
435 3323 507 3384 ὡς
551 3321 605 3377 ἐν
635 3321 820 3399 καρδίᾳ
876 3323 1136 3399 βασιλέως
1193 3340 1372 3384 κεῖται
1417 3331 1450 3397 ἡ
1507 3330 1874 3410 προλεχθεϊσα

2001 3325 2285 3380 rzetlictam
2312 3323 2692 3396 metropolim,
2734 3325 2888 3397 quod
2914 3323 3300 3396 praerogativis
3323 3324 3440 3380 suis
3461 3339 3604 3396 qua-

241 3409 572 3501 μητρόπολις
629 3410 713 3470 διὰ
756 3414 816 3468 τὸ
873 3411 1104 3486 λάμπειν
1149 3416 1523 3498 ἁπανταχόθεν
1579 3408 1715 3484 τοῖς
1747 3445 1874 3501 προ-

1995 3427 2190 3470 ersum
2217 3409 2935 3489 splenderet,imperatori
2967 3408 3133 3470 cordi
3163 3426 3324 3490 esse,
3360 3410 3604 3490 ipsaque

237 3498 521 3580 τερῆμασι,
571 3503 656 3557 καὶ
737 3501 817 3557 ὅτι
897 3504 1092 3570 ταύτης
1150 3513 1255 3562 τῶν
1319 3507 1736 3585 ἀπροσδοκήτων
1824 3535 1873 3567 τι

1991 3505 2428 3576 nexspectatum
2463 3499 2602 3579 quid
2637 3499 3053 3578 patiente,non
3091 3497 3290 3557 minus
3322 3517 3496 3576 quam
3527 3497 3604 3559 de

242 3589 534 3669 παθούσης,
583 3595 684 3670 οὔχ
740 3591 902 3658 ἧττον
951 3615 1048 3658 της
1099 3597 1206 3649 cev
1263 3595 1463 3651 τέκνων
1524 3604 1732 3676 σφαγῆς
1767 3598 1874 3655 ὀδο-

1991 3586 2221 3646 iliorum
2244 3587 2533 3676 cmde,qui
2555 3587 2818 3648 Romana
2833 3585 3102 3664 potentia
3121 3585 3436 3647 redimitus
3451 3596 3597 3662 erat,

243 3678 380 3753 νήσῃ
423 3681 513 3734 τὸν
556 3679 615 3751 τὰ
666 3678 941 3757 ρωμαϊκὸν
998 3683 1190 3759 κράτος
1242 3683 1656 3766 ἀνεστεμμένον,
1719 3688 1874 3746 καλεῖ

1991 3693 2095 3734 ιδεο
2118 3675 3346 3751 cruciandum,observasset,Sclavinorum
3375 3683 3600 3738 sectam

242 3766 369 3836 πρὸς
417 3766 603 3822 ἑαυτὸν
656 3768 752 3834 τὴν
784 3767 994 3824 ἅπασαν
1051 3775 1157 3824 τῶν
1191 3769 1524 3828 Σκλαὸινιῶν
1567 3763 1874 3852 θρησκείαν,

1991 3781 2203 3824 imnem
2229 3763 2668 3846 immanemque
2713 3776 2949 3843 gentem
2983 3763 3170 3842 (natio
3203 3764 3364 3827 enim
3398 3772 3515 3826 tota
3546 3764 3603 3827 ei

243 3855 330 3911 καὶ
381 3853 617 3924 θηριώδη
677 3855 847 3935 φυλὴν
922 3858 1184 3934 (ὑπέκειτο
1261 3861 1362 3938 γὰρ
1417 3865 1559 3936 αὐτῷ
1612 3865 1674 3918 τὸ
1735 3851 1874 3927 ἔθνος

1991 3851 2208 3914 ιυὺθτοι
2243 3853 2366 3933 (80)
2399 3854 2471 3915 ad
2496 3872 2559 3915 se
2590 3853 3110 3934 arcessit,illisque
3143 3852 3391 3914 aliarum
3423 3855 3600 3916 etiam

241 3942 427 4021 ἅπαν),
489 3946 575 4001 καὶ
635 3946 928 4023 προσμίξας
991 3950 1176 4012 αὐτοῖς
1240 3951 1328 4006 καὶ
1386 3949 1696 4029 ἀλλογενεϊς
1735 3977 1874 4019 τινας

1991 3941 2226 4018 gentium
2251 3943 2539 4005 Barbaros
2559 3942 3152 4016 imtniscens,omnes
3177 3942 3463 4006 adversus
3504 3962 3602 4006 cu~

239 4030 524 4111 βαρϐάρους
583 4042 894 4112 στρατεῦσαι
954 4037 1154 4100 πάντας
1201 4039 1336 4095 κατὰ
1395 4049 1491 4105 τῆς
1548 4045 1874 4122 Θεοφρουρή-

1991 4030 2249 4122 .toditam
2279 4049 2313 4092 a
2343 4033 2465 4094 Deo
2490 4031 2976 4095 Thessalonicam
3007 4050 3171 4095 arma
3196 4033 3469 4114 arripere
3491 4034 3599 4115 ju-

239 4144 332 4178 τοο
359 4122 750 4190 Θεσσαλονίκης
782 4126 1231 4202 παρεκελεύσατο.

321 4226 448 4317 (ἶὸ)
480 4226 682 4317 Codeit
713 4229 1274 4317 olimﬂMazarinteus
1305 4235 1417 4297 hoc
1444 4235 1572 4298 loco
1603 4236 1745 4317 legit
1779 4239 1875 4295 Καὶ

239 4307 305 4364 τὸ
332 4313 427 4374 τῆς
461 4309 578 4386 περὶ
625 4310 738 4394 τὴνΔ
787 4309 941 4394 πόλιν
983 4312 1306 4394 ’κηδεμονίας
1355 4307 1692 4394 ἀσόγκριτονῖ
1722 4317 1872 4380 adeo

240 4394 328 4447 ut.
353 4399 482 4468 cum
525 4387 693 4468 verba
727 4389 849 4468 haec
883 4389 1076 4448 Latine
1123 4404 1347 4468 sonent,
1391 4417 1412 4446 α
1445 4387 1620 4468 Ᾱιᾴυθ
1652 4387 1870 4454 incom-

241 4457 553 4528 parabilem
585 4459 654 4516 de
690 4459 918 4518 civitate
949 4477 1166 4526 curam,
1216 4485 1238 4513 ι
1276 4457 1467 4523 Graeco
1501 4457 1707 4525 c'odicis
1739 4483 1874 4526 nos-

241 4527 527 4622 triims.
557 4529 664 4622 '193
694 4535 890 4616 textui.
910 4533 1648 4622 solummodpuspperaddat
1678 4540 1874 4622 adjec-
1895 4559 1940 4611 ο

240 4597 417 4686 tivum
475 4602 812 4686 ἀσ-ύξκρ-ιτος,
856 4597 1397 4686 Δἱνιεριηριιγίιὁίιίιεῖζ
1432 4597 1874 4675 constructione

237 4679 446 4763 Graecis
482 4679 809 4763 admodum
847 4679 1114 4763 familiari
1171 4679 1523 4763 substantive
1554 4700 1874 4763 acceptum,

239 4749 606 4841 subst'antivo
638 4753 952 4830 κηδεμονία,
974 4773 1148 4833 cura,
1181 4758 1336 4838 quod
1363 4760 1466 4823 abs
1501 4780 1569 4824 eo
1600 4749 1871 4838 amciter,

241 4834 487 4904 genitivi
510 4847 659 4904 casu,
680 4847 973 4904 expresso.

315 4899 939 4985 (792AgumJllauritius
983 4907 1064 4985 ει)
1104 4909 1391 4985 ωηο-582
1424 4910 1494 4968 ad
1524 4925 1740 4969 annum
1779 4927 1878 4968 us—

239 4983 352 5055 quo
395 4973 522 5055 60g,
564 4977 642 5055 uti
677 4975 822 5032 inter
861 4977 1116 5055 eruditos
1148 4981 1319 5055 modo
1360 4985 1650 5055 convenit,
1702 4986 1876 5055 impe-

239 5046 330 5100 rio
355 5046 671 5124 praefuerit,
704 5051 1122 5124 consectarium
1179 5050 1316 5124 hinc
1372 5053 1546 5112 simul
1579 5046 1644 5112 et
1667 5068 1735 5111 ex
1767 5046 1876 5111 lioc

241 5119 443 5184 capitis
475 5121 770 5196 prasentjs
805 5120 931 5196 loco
973 5119 1056 5196 ﬁt,
1103 5128 1166 5178 ut
1194 5123 1467 5196 Avarum,
1501 5125 1570 5182 de
1609 5140 1721 5196 qua
1769 5127 1877 5183 hoc

239 5199 390 5268 cap.,
440 5197 642 5246 contra
695 5189 1159 5268 Thessalonicam
1188 5189 1498 5268 capeditio,
1553 5189 1709 5254 certo
1756 5210 1872 5268 non

241 5261 428 5339 serius
467 5274 638 5339 quam
670 5274 822 5317 anno
853 5261 979 5328 602,
1012 5277 1126 5339 nec
1144 5261 1339 5339 citius,
1371 5261 1541 5337 quam
1585 5283 1738 5324 anno
1767 5267 1874 5324 582

237 5329 527 5408 acciderit.
564 5331 768 5408 V_erum
804 5345 1042 5408 eventus
1093 5335 1251 5392 illius
1309 5329 1586 5408 epocham
1633 5341 1772 5396 intra
1808 5341 1877 5396 ad

238 5403 357 5472 not.
390 5400 459 5455 84
491 5402 668 5459 multo
704 5405 975 5472 proprius
1003 5400 1534 5467 determinabtmus.

311 5471 561 5550 t80)__Etsi
613 5471 855 5550 quidem
905 5475 1295 5550 Theophanes,
1335 5479 1664 5550 Simocatta,
1694 5482 1877 5538 Zona-

237 5553 330 5622 ras
363 5546 573 5622 aliique
606 5542 936 5622 Graecorum
970 5542 1227 5622 historici
1262 5542 1473 5620 passim
1523 5542 1676 5610 obvii
1709 5569 1770 5608 ea
1818 5554 1874 5610 in

239 5612 499 5690 Mauritio
533 5618 915 5690 suppeditent,
941 5632 1014 5690 ex
1056 5612 1431 5690 quibus-tunc
1461 5625 1709 5680 Avarum
1743 5623 1874 5680 duci

237 5696 338 5746 seu
366 5686 509 5762 regi,
543 5689 640 5760 qui
702 5686 956 5761 Chagani
1017 5686 1274 5761 nomine,
1309 5693 1580 5753 omnibus
1638 5709 1875 5770 prorsus

1967 4120 2142 4182 bebat
2169 4121 2228 4200 (8
2242 4122 2261 4183 ι
2276 4125 2320 4200 ).

1957 4231 2238 4299 supremis
2269 4229 2452 4302 gentis
2483 4229 2639 4286 illius
2671 4230 2914 4287 ducibus
2945 4228 3600 4302 communi,dlstingue-

1959 4301 2168 4382 batur;
2184 4301 2518 4382 {cedentum
2551 4302 2748 4382 luisse,
2777 4312 2872 4358 aut
2902 4303 3072 4357 etiam
3103 4315 3170 4358 ex
3204 4315 3272 4382 pa
3286 4310 3368 4357 rte
3391 4301 3594 4382 subje-

1958 4383 2102 4428 ctam
2137 4372 2467 4428 Sclavorum
2502 4374 2814 4444 nationem,
2852 4386 2964 4429 non
2999 4372 3287 4444 immerito
3319 4372 3596 4444 colligas;

1959 4445 2106 4500 hanc
2136 4453 2323 4500 tamen
2359 4452 2534 4500 totam
2593 4443 2662 4499 ab
2725 4446 2972 4500 Avarum
3031 4444 3195 4499 ducis
3226 4443 3473 4513 imperio
3499 4443 3601 4500 de.

1959 4515 2225 4586 pendisse
2253 4529 2352 4570 seu
2386 4515 2671 4571 subditam
2697 4517 2748 4571 ei
2783 4525 2917 4571 tunc
2949 4515 3143 4586 fuisse,
3177 4517 3444 4583 nuspiam
3473 4517 3598 4571 edi-

1956 4583 2129 4650 cunt;
2163 4594 2225 4642 ut
2281 4587 2474 4642 auxesi
2533 4586 2963 4642 verosimillime
3019 4583 3115 4642 bic
3147 4599 3286 4643 usus
3315 4587 3387 4643 sit
3421 4587 3599 4646 Joane

1957 4671 2082 4721 nes,
2114 4653 2648 4714 Thessalonicensis
2675 4658 3164 4727 archiepiscopus.

2027 4765 2146 4836 (81).
2166 4763 2252 4822 Ab
2273 4765 2523 4836 Avarum
2547 4765 2695 4822 duce
2720 4781 2820 4822 seu
2844 4765 3110 4836 Chagano
3137 4780 3295 4822 arma
3323 4766 3380 4822 in
3403 4765 3589 4824 Thes—

1959 4835 2296 4905 salonicam,
2357 4835 2632 4901 lllaurttio,
2694 4835 2920 4903 imperii
2953 4835 3207 4894 habenas
3239 4836 3595 4904 moderante,

1960 4916 2110 4964 mota
2139 4907 2330 4978 fuisse,
2377 4908 2671 4978 nec_apud
2725 4907 3132 4978 Theophanem
3163 4922 3269 4964 nec
3307 4909 3457 4975 apud
3484 4908 3591 4965 Zo-

1961 4993 2158 5036 naram
2192 4977 2404 5034 aliosve
2439 4976 2586 5034 u'los
2641 4976 2943 5036 historicos
2992 4981 3280 5036 memoriae
3311 4979 3597 5049 proditum

1960 5050 2232 5119 invenio;
2262 5063 2460 5105 verum
2493 5063 2625 5105 cum
2655 5050 2764 5106 sub
2795 5050 3055 5106 Mauritio
3077 5051 3290 5106 Avares
3319 5064 3386 5106 ac
3415 5050 3598 5108 Sclavi

1961 5121 2442 5192 frequentissime,
2483 5123 2560 5176 uti
2609 5120 2763 5190 apud
2799 5120 3031 5177 eosdem
3072 5121 3373 5179 historicos
3405 5121 3598 5180 videre

1958 5190 2117 5259 licet,
2149 5191 2206 5247 in
2238 5191 2463 5260 imperii
2498 5199 2677 5248 terras
2714 5193 3048 5263 irruperint,
3088 5205 3213 5256 nec,
3246 5193 3383 5262 quin
3418 5193 3598 5263 pluri-

1962 5278 2048 5318 ma
2084 5277 2212 5334 quae
2259 5263 2329 5318 ab
2371 5263 2481 5318 illis
2541 5271 2676 5319 tunc
2708 5262 2862 5334 gesta
2919 5263 3099 5332 luere,
3130 5263 3357 5334 silentio
3387 5262 3458 5320 ab
3508 5262 3597 5319 bi-

1957 5333 2185 5390 storicis
2225 5335 2494 5390 omnibus
2555 5335 2666 5390 sint
2722 5333 3025 5404 praeterita,
3086 5333 3461 5391 dubi'andum
3505 5337 3598 5400 sit,

1960 5417 2182 5461 narrata
2220 5408 2326 5460 hoe
2355 5407 2536 5472 capite
2560 5406 2812 5461 AVarum
2841 5406 3115 5462 adversus
3135 5405 3600 5464 Thessalonicam

1958 5476 2246 5548 expeditio
2281 5491 2381 5545 pro
2412 5475 2578 5548 dubia
2631 5477 3088 5533 commentitiavo
3124 5475 3356 5541 idcirco,
3387 5482 3539 5548 quod
3568 5495 3601 5536 a

1959 5547 2341 5616 scriptoribus
2373 5547 2500 5603 aliis
2534 5548 2684 5602 haud
2713 5559 3218 5612 commemoratur,
3255 5547 3452 5604 haberi
3483 5563 3600 5606 non

1958 5619 2159 5692 debet,
2182 5620 2428 5676 maxime
2455 5631 2587 5692 cum
2623 5619 2744 5675 dies
2775 5627 3014 5692 septcm,
3052 5626 3189 5675 teste
3243 5617 3384 5692 intra
3448 5619 3600 5692 ipso-

1959 5696 2075 5750 met
2126 5688 2371 5763 Joanne,
2437 5688 2717 5747 duntaxat
2780 5689 3052 5756 tenuerit,
3111 5689 3404 5762 possitque
3457 5688 3598 5751 adeo
