3946 6146
134 337 270 416 1ἳ89

1185 336 1249 413 S.
1298 335 1674 418 DEMETRII
1718 337 2119 420 MARTYRIS
2160 335 2383 422 ACTA.

3314 339 3468 430 1296

124 487 288 564 νεκρὸν
314 483 408 541 in?
453 485 512 542 τὶ
569 481 742 564 ἐκτὸς,
791 485 845 548 ὃς
896 482 980 540 διὰ
1022 481 1120 552 τῆς
1165 483 1420 562 κλίμακος
1465 486 1729 545 κυλινδούο

1848 503 2017 548 λθτευε
2037 499 2252 561 partem
2283 489 2628 550 exteriorem
2651 486 2971 552 deturbavit
3002 503 3294 555 mortuum
3325 498 3460 570 (86),

126 596 267 650 μενος
305 575 422 635 τοὺς
470 573 587 649 μετ’
633 574 802 629 αὗτῶν
851 572 1281 650 συγκατέστησεν
1338 578 1491 642 αὒτὸς
1524 578 1622 652 μὲν
1668 579 1738 642 είς

125 670 219 742 γῆν
257 664 569 720 καταπεσὼν
630 665 834 743 νεκρός,
898 665 1032 742 ἀμφὶ
1083 666 1176 728 τὰς
1233 665 1477 731 ἐπάλξεις
1509 665 1736 722 καταλι-

119 752 247 825 πών,
287 751 376 807 ’ἕνα
421 749 486 818 δὴ
519 765 762 832 φανοῖτο,
799 751 919 809 ὅποι
950 775 1006 809 τε
1038 753 1229 821 ἀνῆλθε
1273 756 1360 810 καὶ
1403 753 1520 810 ὅθεν
1562 753 1738 820 ἓξέπε-

121 863 206 897 σεν
243 861 254 873 ’
313 840 396 897 ὅτι
471 839 524 896 δὲ
583 849 674 897 τοῦ
731 841 1025 922 ἀθλοφόροι.»
1078 843 1264 922 γέγονε
1306 845 1365 900 τὸ
1420 845 1736 921 κατόρθωμα

118 929 270 998 δῆλον
319 929 380 986 ἐκ
433 937 524 985 τοῦ
563 928 763 1004 μηδένα
827 931 990 1011 μέχρι
1053 942 1141 992 :06
1182 939 1268 989 νῦν
1325 932 1594 1007 τολμῆσαι
1637 939 1736 1000 τῆς

120 1020 352 1086 ἀληθείας
413 1017 884 1093 κατεξαναστῆναι,
950 1024 1036 1076 καὶ
1103 1020 1202 1078 κᾶν
1257 1021 1518 1098 ἐρίιασθαι
1576 1021 1736 1101 φιλο-

115 1107 248 1180 δοξίᾳ,
300 1109 397 1164 τινὶ
469 1107 766 1166 πλάσασθαι
837 1113 935 1174 τῆς
1003 1116 1094 1165 τοῦ
1153 1110 1424 1187 τολμηροῦ
1477 1109 1739 1188 βαρϐάρου

114 1202 336 1275 σφαγῆς,
369 1194 548 1253 καίτοι
592 1202 697 1252 τῶν
754 1206 1044 1262 τηνικαῦτα
1104 1198 1432 1273 κρατούντων
1472 1200 1572 1264 τῆς
1629 1201 1738 1254 πό-

113 1284 246 1349 λεως
287 1284 457 1342 πολλά
486 1286 855 1360 ζητησάντων,
887 1287 974 1342 καὶ
1005 1286 1229 1360 τιμῆσαι
1289 1287 1616 1365 προθεμένων
1647 1289 1736 1343 τὸν

111 1373 356 1432 ἀνελόντι
384 1377 478 1430 τὸν
506 1373 788 1453 βάρϐαρον,

192 1639 316 1718 ριγ¹,
351 1637 542 1706 Μηδεὶς
585 1639 757 1696 τοίνυν
815 1639 1102 1696 ἀπιστείτω
1150 1639 1312 1714 μόνου
1355 1639 1445 1699 τυῧ
1503 1637 1736 1718 ἀθλοφό-

106 1753 198 1808 ρον
240 1732 297 1785 τδ
340 1736 577 1785 τοιοῦτον
618 1728 889 1807 γεγονέναι
960 1729 1302 1806 κατόρθωμα,
1374 1736 1580 1806 πρῶτον
1638 1729 1736 1801 μὲν

1820 572 1920 651 qui
1943 592 2049 654 per
2069 576 2262 639 scalas
2285 575 2577 638 volutatus
2599 576 2734 640 illos
2746 576 3128 661 simul,quiin
3154 584 3240 643 eis
3262 593 3460 654 erant.

1820 665 2099 758 detraxit,
2135 671 2264 750 ipse
2288 670 2527 750 quidem
2563 680 2826 732 mortuus
2855 671 2917 733 in
2951 681 3172 736 terram
3206 675 3453 758 cadens,

1818 757 1906 846 sui
1925 765 2122 846 autem
2147 759 2454 838 sanguinis
2476 769 2667 839 guttas
2687 759 2845 822 inter
2861 762 3062 842 spinas
3087 757 3455 846 relinquens,

1824 843 2042 922 (87),ut
2065 857 2469 926 appareret,et
2499 867 2617 929 quo
2644 847 3054 913 descendisset
3077 860 3136 913 et
3159 843 3323 915 unde
3344 872 3453 916 ex-

1821 933 2306 999 cidisset.Fuisse
2336 948 2536 998 autem
2567 936 2628 998 id
2657 941 3050 1001 certaminum
3077 938 3337 1004 Victoris
3370 941 3461 1004 fa-

1821 1023 2011 1103 cinus,
2077 1025 2452 1087 manifestum
2501 1032 2603 1088 est
2639 1043 2708 1088 ex
2743 1045 2813 1087 eo
2845 1028 3001 1108 quod
3033 1047 3209 1091 nemo
3240 1030 3313 1092 ad
3347 1031 3463 1093 hoc

1823 1129 2009 1201 usque
2040 1123 2276 1194 tempus
2306 1115 2536 1175 veritati
2563 1115 2863 1178 contraire
2885 1115 2962 1177 sit.
2981 1119 3454 1201 ausus,sibique,

1823 1199 2080 1277 fingendi
2115 1202 2252 1263 licet
2282 1221 2315 1265 e
2345 1221 2512 1264 vanae
2542 1203 2746 1280 gloriae
2768 1205 3094 1284 cupiditate
3124 1199 3454 1281 studiosus,

1820 1286 1998 1349 illatae
2027 1287 2280 1351 barbaro
2335 1290 2545 1352 audaci
2581 1290 2746 1352 necis
2799 1292 3050 1366 facinus,
3092 1303 3224 1355 utut
3252 1295 3324 1356 iis
3357 1296 3464 1376 qui

1820 1384 1959 1437 tunc
1981 1377 2278 1441 civitatem
2303 1378 2414 1441 sub
2433 1386 2728 1460 potestate
2749 1399 2858 1442 sua
2890 1381 3459 1458 tenebant,multum

1822 1467 2646 1549 qumrentibus,eumque,qui
2669 1467 2985 1532 barbarum
3007 1471 3459 1552 occiderat,ho-

1823 1565 2135 1616 noraturos
2156 1574 2289 1617 sese
2321 1556 2823 1635 promittentibus,
2853 1559 3198 1640 ascripserit
3228 1561 3377 1641 (88).

1902 1643 2236 1706 ll3.Nemo
2255 1645 2630 1724 igitursolius
2645 1647 3036 1710 certaminum
3053 1647 3311 1712 Victoris
3334 1661 3458 1713 tam

1822 1747 2097 1818 magnum
2130 1731 2363 1793 facinus
2393 1733 2859 1808 fuisse,credere
2881 1735 3455 1818 formidet,primum

108 1820 170 1876 ἐκ
210 1825 301 1874 τοῦ
343 1820 428 1874 καὶ
473 1817 671 1881 πάντας
715 1818 837 1881 τοὺς
882 1817 1059 1874 ἐκεῖσε
1103 1819 1509 1897 παρατυχόντας
1540 1815 1733 1894 βαρϐά-

1848 1817 2056 1897 ίυίόθιη
2080 1838 2148 1880 ex
2177 1838 2246 1882 eo
2268 1821 2424 1900 quod
2452 1829 2511 1882 et
2535 1841 2744 1884 omnes
2773 1823 2871 1899 qui
2899 1823 3121 1886 ibidem
3143 1815 3461 1889 sufﬁcienti

104 1931 245 1987 ρους,
284 1907 480 1974 πλῆθος
511 1903 662 1969 ὄντας
687 1907 890 1980 ἱκανὸν,
922 1909 1256 1985 παραχρῆμα
1288 1905 1454 1978 δειλίᾳ
1497 1905 1732 1984 ληφθέν-

106 2020 198 2062 τας
257 1996 468 2072 ἀμέτρῳ
524 1995 883 2074 ἀποχωρῆσαι
940 2001 1032 2051 τοῦ
1077 1996 1293 2075 τείχους
1337 1994 1564 2072 μακράν·
1613 1994 1736 2050 εἶτα

106 2085 161 2142 δὲ
220 2088 300 2141 καὶ
379 2085 460 2140 ὅτι
545 2081 660 2140 οὗδὲ
728 2089 833 2138 τῶν
902 2081 1100 2162 ἀνδρῶν
1180 2089 1277 2150 τῆς
1335 2082 1544 2148 πόλεως
1601 2082 1734 2150 ἦσάν

105 2196 244 2237 τινες
291 2175 378 2230 ἐπὶ
421 2175 514 2228 τοῦ
554 2173 766 2252 τείχους
813 2171 953 2240 πλὴν
996 2172 1113 2228 λίαν
1165 2171 1387 2252 ὀλίγων,
1429 2173 1480 2227 οἱ
1513 2172 1603 2228 καὶ
1634 2175 1731 2230 a6-

103 2272 183 2320 τοί
251 2263 542 2341 ταχύτερον
611 2260 952 2326 κατελθόντες
1006 2263 1148 2318 κατά
1219 2263 1308 2317 τὸν
1353 2259 1534 2338 ὄρθρον
1591 2258 1738 2316 οἴκοι

101 2351 500 2428 διανεπαύοντο,
533 2347 616 2404 διὰ
645 2350 706 2404 τὸ
737 2350 872 2420 μετά
901 2371 1046 2412 τινας
1090 2349 1320 2427 ἡμέρας,
1366 2351 1437 2411 ὡς
1497 2346 1734 2427 εἴρηται,

101 2443 202 2507 τὴν
245 2439 443 2504 πληθὺν
487 2439 694 2494 οἴεσθαι
752 2440 842 2493 τὸν
891 2436 1164 2516 βαρϐάρων
1213 2439 1551 2498 ἐπίστασθαι.
1583 2439 1655 2494 Τὸ
1682 2434 1737 2492 δὲ

101 2533 190 2586 καὶ
233 2531 476 2606 ταραχὴν
507 2528 707 2604 ἀθρόων
738 2529 992 2602 μεγίστην
1037 2528 1172 2583 κατά
1221 2527 1319 2594 τὴν
1376 2525 1532 2582 πόλιν
1577 2525 1734 2603 γενέ-

103 2623 248 2690 σθαι,
321 2619 391 2681 ὡς
449 2617 681 2680 ἃπαντας
766 2614 926 2692 ἄρδην
999 2614 1219 2680 ὁπλίτας
1275 2615 1359 2672 ἐπὶ
1422 2616 1477 2669 τὸ
1544 2626 1736 2693 τεῖχος

103 2706 448 2784 ἀναδραμεῖν,
487 2727 564 2765 τις
613 2705 672 2759 ἂν
722 2702 1009 2783 ἀμφιϐάλοι
1053 2704 1148 2771 τῆς
1193 2707 1332 2769 θείας
1375 2706 1513 2760 εἶναι
1568 2701 1738 2778 ῥοπῆς

100 2797 190 2852 καὶ
239 2783 400 2872 ἀγίων
443 2793 791 2856 ἐπισκιάσευς
835 2793 933 2858 τὴν
981 2793 1245 2870 ἐνέργειαν
1279 2811 1295 2866 ;
1349 2783 1440 2854 Ὠς
1472 2789 1526 2847 δὲ
1567 2790 1738 2866 ἡμέρα

98 2885 289 2940 λοιπὸν
351 2882 610 2959 ἓγεγόνει,
669 2884 715 2937 οἱ
771 2885 926 2959 θῆρες
983 2881 1178 2937 ἐκεῖνοι
1240 2883 1300 2937 τὸ
1357 2894 1544 2960 τεῖχος
1603 2879 1742 2936 ἅπαν

97 2971 282 3043 κύκλῳ
339 2969 657 3048 περιείλιξαν
715 2969 991 3048 ἀσφαλῶς,
1037 2972 1110 3031 ὡς
1156 2968 1291 3044 μηδέ
1336 2969 1536 3048 ὄρνεον,
1586 2971 1646 3025 τὸ
1676 2967 1741 3036 δὴ

96 3059 413 3136 λεγόμενον,
457 3063 808 3137 συγχωρῆσαι
839 3059 946 3114 τῶν
990 3056 1168 3114 πυλῶν
1217 3055 1446 3122 ἐξελθεῖν
1475 3056 1512 3124 ἦ
1557 3056 1740 3123 ἔξωθεν

95 3147 368 3205 εἰσελάσαι
399 3153 468 3222 τῇ
495 3145 670 3209 πόλει,

181 3235 309 3316 ριδ’.
345 3237 474 3294 Τότε
504 3233 570 3301 δὴ
621 3236 741 3292 τότε
797 3234 947 3315 ὤφθη
996 3237 1277 3313 τηλαυγῶς
1335 3235 1397 3291 τὸ
1440 3233 1740 3312 ἀναρίθμη-

92 3349 192 3385 τον
250 3325 453 3392 πλῆθος
489 3343 503 3358 ·
550 3325 656 3380 ἀπὸ
686 3325 786 3401 γάρ
813 3330 911 3392 τῆς
956 3325 1122 3403 ἄκρας
1166 3323 1258 3380 τοῦ
1301 3325 1432 3402 πρὸς
1472 3323 1742 3380 θάλασσαν

91 3417 314 3494 τείχους
373 3420 465 3470 τοῦ
508 3415 638 3491 πρὸς
684 3415 944 3477 ἀνατολὰς
1001 3414 1163 3492 μέχρι
1223 3419 1315 3470 τοῦ
1382 3413 1607 3491 πέρατος
1654 3419 1742 3470 τοῦ

91 3506 311 3562 δυτικοῦ
391 3503 522 3574 πρὸς
596 3501 864 3560 θάλασσαν
942 3503 1180 3582 τείχους,
1243 3501 1424 3579 ὥσπερ
1508 3500 1743 3579 στεφάνη

93 3591 468 3670 θανατηφόρος
526 3591 814 3671 περιέσχον
885 3595 986 3660 τὴν
1038 3590 1219 3666 πόλιν,
1293 3589 1502 3654 οὒδενὸς
1573 3590 1739 3646 τόπου

90 3680 462 3760 θεωρουμένου
523 3684 620 3746 τῆς
691 3685 817 3760 γῆς,
882 3681 940 3736 ὃν
998 3682 1025 3736 ὃ
1082 3677 1345 3759 βάρϐαρος
1391 3680 1484 3735 οὒκ
1525 3677 1738 3751 ἐπάτει,

90 3770 219 3828 ἀλλ’
255 3771 321 3838 ἦν
365 3767 496 3826 lim
525 3769 639 3825 ἀντὶ
669 3775 795 3846 γῆς,
854 3769 892 3836 ἣ
933 3767 1176 3842 δένδρων,
1239 3768 1268 3835 ἥ
1313 3766 1490 3847 χλόης
1522 3767 1614 3831 τὰς
1643 3787 1740 3821 κε-

90 3859 272 3939 φαλὰς
332 3864 438 3913 τῶν
479 3857 810 3936 ἀντιπάλων,
869 3856 1295 3927 ἀλλεπαλλήλων
1326 3857 1403 3912 ἔτι
1433 3856 1521 3912 καὶ
1553 3860 1744 3912 στενοε-

95 3946 488 4028 χωρουμένων,
524 3949 610 4004 καὶ
654 3949 744 4004 τὸν
799 3949 872 4010 εἷς
917 3947 1016 4014 τὴν
1061 3945 1237 4026 αὔριον
1279 3948 1416 4021 ἡμῖν
1473 3944 1744 4001 ἐπισειόν-

93 4060 210 4094 των
268 4034 499 4116 ἄφυκτον
529 4036 772 4099 θάνατον.
811 4039 905 4094 Καὶ
944 4037 1006 4093 τὸ
1057 4034 1122 4102 δὴ
1167 4036 1468 4110 θαυμαστὸν
1512 4033 1592 4091 ὅτι
1648 4035 1744 4100 τῆς

93 4129 312 4203 ἡμέρας
371 4124 578 4192 ἐκείνης
637 4126 697 4182 οὒ
754 4125 915 4202 μόνον
968 4126 1087 4200 περὶ
1133 4125 1194 4180 τὸ
1245 4136 1436 4204 τεῖχος
1499 4121 1748 4180 ἐκύκλουν

94 4217 234 4272 ὡσεὶ
263 4213 443 4289 ἅμμος
473 4215 571 4281 τὴν
615 4213 906 4290 θάλασσαν,
941 4213 1080 4270 ἀλλά
1124 4215 1212 4270 καὶ
1254 4211 1500 4269 πλεῖστοι
1535 4210 1653 4268 λίαν
1696 4209 1748 4275 ἐξ

95 4307 285 4362 αὐτῶν
332 4304 398 4358 τὰ
438 4304 556 4381 περὶ
598 4304 693 4371 τὴν
735 4302 892 4360 πόλιν
962 4301 1180 4383 φρούριά
1221 4322 1278 4358 τε
1321 4302 1409 4358 καὶ
1463 4299 1748 4379 προάστεια

97 4389 542 4470 κατελάμϐανον,
603 4393 914 4466 ληϊζόμενοι
972 4390 1169 4459 πάντα,
1215 4393 1302 4445 καὶ
1355 4388 1746 4468 κατεσθίοντες,

1822 1906 2204 1970 multitudine
2227 1909 2546 1982 aﬂ'uerunt,
2584 1909 2854 1991 Barbari,
2885 1910 3210 1975 immodico
3245 1913 3462 1978 timore

1818 1993 1982 2055 illico
2013 1997 2272 2076 correpti
2304 1999 2512 2078 procul
2544 2018 2577 2060 a
2606 2017 2781 2061 muro
2812 2000 3209 2076 recesserint;
3241 2002 3463 2066 deinde

1818 2100 1957 2144 vero
1985 2083 2146 2161 quod
2180 2103 2290 2146 nec
2319 2085 2547 2163 aliquot
2589 2098 2766 2150 nocte
2795 2088 2897 2149 illa
2926 2089 2985 2150 in
3035 2107 3207 2150 muro
3241 2089 3466 2154 fuerint

1818 2171 2069 2234 civitatis
2101 2171 2235 2254 viri,
2270 2175 2476 2254 paucis
2508 2175 2902 2257 exceptis,qui
2937 2175 3142 2254 et‘ipsi
3173 2178 3463 2241 citissime

1818 2259 2212 2334 abeuntes,ad
2240 2262 2588 2324 matutinum
2623 2281 2816 2344 usque
2872 2272 3129 2345 tempus,
3180 2266 3360 2346 quod,
3398 2276 3464 2328 ut

1819 2347 2041 2410 dictum
2066 2359 2174 2423 est,
2207 2359 2336 2431 post
2359 2349 2584 2432 aliquot
2602 2350 2888 2414 duntaxat
2910 2352 3038 2415 dies
3063 2354 3460 2416 Barbarorum

1821 2441 2248 2499 multitudinem
2271 2441 2597 2501 adfuturam
2620 2444 3070 2516 putarent,domi
3094 2447 3461 2516 quieverunt.

1817 2522 2046 2585 Adhmc
2061 2526 2383 2588 maximum
2402 2526 3457 2611 conferta;multitudinistumultum,

1819 2611 1903 2672 ita
1922 2621 1983 2672 ut
2002 2632 2209 2675 omnes
2227 2613 2349 2676 fere
2366 2616 2574 2676 armati
2596 2615 2668 2677 ad
2693 2634 2926 2677 murum
2951 2616 3458 2693 concurrerint,in

1820 2701 2054 2763 civitate
2077 2701 2294 2764 factum
2341 2703 2550 2781 fuisse,
2582 2721 2618 2765 a
2646 2702 2842 2767 divino
2874 2722 3006 2767 esse
3037 2712 3180 2766 nutu
3215 2714 3454 2768 sancto-

1821 2807 2062 2865 rumque
2082 2794 2546 2854 obumbrationis
2569 2796 2977 2870 cmcacia,quis
3000 2798 3298 2870 ambigat?
3319 2797 3461 2857 Cum

1824 2895 1999 2957 porro
2031 2878 2160 2940 dies
2188 2878 2422 2941 tandem
2474 2880 2659 2943 factus
2689 2889 2870 2957 esset,
2903 2881 3048 2944 fera:
3072 2882 3190 2944 illae
3221 2901 3462 2944 omnem

1823 2966 1882 3025 in
1915 2966 2170 3028 circuitu
2205 2986 2466 3043 murum,
2502 2969 2581 3029 ita
2604 2977 2668 3031 ut
2698 2988 2916 3051 neque,
2951 2970 3462 3048 quemadmodum

1824 3052 2236 3130 dicitur,avem
2265 3058 2452 3137 portis
2476 3058 2641 3120 exire
2668 3057 2760 3121 vel
2784 3059 2928 3120 foris
2951 3058 3011 3119 in
3038 3058 3334 3122 civitatem
3365 3061 3465 3122 in-

1759 3143 2458 3248 cgredi.plermitterent,
2510 3153 2629 3246 tuta
2673 3146 2949 3209 custodia
2969 3147 3464 3248 circumdedere.

1907 3233 2343 3296 ll-l.Continuo
2370 3241 2508 3296 tunc
2527 3234 2844 3298 innumera
2863 3235 3176 3296 multitudo
3201 3234 3466 3298 dilucide

1823 3319 1934 3382 fuit
1961 3331 2304 3402 conspecta.
2336 3321 2568 3384 Etenim
2623 3341 2656 3385 a
2689 3324 2867 3406 muri,
2901 3323 2974 3385 ad
3005 3342 3170 3386 mare
3198 3325 3466 3389 Orienta-

1825 3409 1940 3471 lem
1963 3428 2170 3472 versus
2193 3412 2421 3492 plagam
2443 3411 2946 3490 siti,extremitate
2969 3431 3156 3494 usque
3179 3413 3252 3474 ad
3279 3413 3463 3488 muri,

1825 3497 1897 3559 ad
1931 3516 2094 3560 mare
2122 3497 2562 3562 Occidentalem
2596 3519 2801 3564 versus
2833 3501 3058 3579 plagam
3083 3501 3208 3576 siti,
3245 3501 3463 3561 termi-

1823 3604 1991 3660 num,
2043 3606 2159 3648 non
2219 3605 2394 3650 secus
2447 3607 2516 3650 ac
2563 3606 2782 3651 corona
2837 3587 3114 3649 lethifera
3169 3587 3466 3648 civitatem

1821 3673 2254 3737 circumdabat.
2282 3676 2501 3739 Nullus
2533 3681 2704 3736 terrae
2734 3675 2924 3751 locus,
2959 3693 3138 3756 quem
3166 3673 3468 3737 Barbarus

1827 3780 1944 3823 non
1979 3761 2412 3836 obambularet,
2474 3762 2913 3842 aspiciebatur;
2971 3762 3116 3843 quin
3171 3771 3348 3824 terrae
3379 3761 3469 3824 vel

1826 3851 2110 3913 arborum
2160 3851 2249 3912 vel
2276 3851 2480 3912 herbas
2523 3851 2655 3912 loco
2691 3851 3096 3927 inimicorum,
3134 3859 3193 3912 et
3223 3850 3467 3931 quidem

1830 3957 1963 4001 sese
1995 3939 2246 4000 invicem
2278 3939 2474 4001 adhuc
2503 3945 2900 4019 prementium
2942 3937 3236 4021 nobisque
3259 3956 3469 4000 necem

1829 4026 2428 4108 inevitabilem,brevi
2451 4028 2852 4097 inferendam,
2891 4027 3473 4109 minantium,capita

1832 4125 1957 4178 erat
1980 4116 2206 4178 videre.
2235 4123 2430 4197 Atque
2458 4117 2571 4178 hoc
2597 4117 2722 4196 jam
2752 4118 2930 4179 etiam
2966 4117 3332 4190 mirandum,
3369 4135 3476 4179 eos

1831 4203 1930 4266 die
1956 4204 2057 4266 illa
2081 4205 2298 4266 moenia
2321 4223 2437 4267 non
2466 4212 2986 4280 tantum,utarena
3013 4205 3476 4282 mare,eircum-
3545 4255 3548 4258 .

1832 4293 2095 4368 dedisse,
2151 4311 2355 4354 verum
2417 4293 2593 4356 etiam
2632 4294 3110 4376 quamplurimos
3141 4312 3212 4356 ex
3239 4294 3312 4357 iis
3343 4311 3480 4374 qua;

1831 4383 2056 4445 circum
2080 4381 2380 4444 civitatem
2405 4381 2518 4444 sita
2542 4391 2797 4456 erant,et
2817 4382 3059 4445 castella
3081 4390 3139 4445 et
3160 4381 3474 4458 suburbia,

95 4483 196 4536 καὶ
249 4479 620 4554 λεπτύνοντες,
665 4481 761 4536 καί
803 4482 868 4536 τὰ
917 4478 1184 4536 ὑπόλοιπα
1239 4491 1358 4542 τοῖς
1415 4478 1537 4534 ποσὶ
1579 4499 1738 4534 κατα-

1848 4477 2148 4548 praedantes
2169 4476 2650 4560 absumentesque
2691 4492 2754 4534 ac
2776 4478 3235 4536 comminuentes
3260 4475 3477 4548 omnia,

96 4579 432 4632 πατοῦντες.
496 4572 599 4628 Οὗκ
654 4569 887 4648 ἔχρῃζον
941 4569 1060 4625 τότε
1120 4568 1334 4647 χάρακα
1391 4567 1580 4643 βαλεῖν
1637 4569 1754 4644 περὶ

92 4659 208 4725 την
257 4657 441 4734 πόλιν,
487 4657 523 4726 ἢ
567 4659 873 4737 πρόσχωμα
905 4672 919 4687 ⁸
967 4655 1139 4738 χοίραξ
1182 4656 1281 4734 γάρ
1324 4656 1508 4718 αὐτοῖς
1562 4657 1597 4723 ἡ
1653 4660 1758 4712 τῶν

185 4824 305 4895 (86)
337 4824 421 4882 En
465 4824 686 4896 insigne
731 4825 1018 4883 enimvero
1049 4831 1333 4896 patratum
1365 4821 1424 4879 in
1454 4821 1761 4896 Thessalo-

98 4893 448 4954 nieen’sium
480 4893 720 4967 gratiam
741 4912 780 4967 7a
813 4904 1010 4953 sancto
1051 4893 1356 4967 'Demetrio
1391 4893 1758 4967 prodigium;

98 4969 268 5038 sitne
327 4963 514 5024 autem
572 4969 623 5024 ei
677 4966 820 5038 ﬁdes
862 4976 1012 5024 certa
1052 4977 1221 5038 atque
1255 4963 1583 5038 indubitata
1604 4963 1765 5019 adhi-

103 5036 336 5106 benda,
397 5047 610 5095 statuat
660 5037 947 5095 studiosus
986 5036 1163 5094 lector
1202 5050 1273 5094 ex
1323 5037 1410 5102 iis,
1457 5049 1580 5106 quae
1629 5047 1762 5090 mox

96 5110 380 5167 Joannes
419 5107 626 5164 subdit.

185 5179 312 5248 (87)
347 5179 652 5251 Sequentie
693 5180 914 5244 istbaec,
945 5193 1068 5250 quae
1097 5177 1316 5236 Latinis
1342 5177 1500 5233 hisce
1554 5176 1765 5251 verbis,

106 5271 136 5304 σ
186 5247 285 5307 sui
327 5247 518 5308 autem
565 5251 871 5322 sanguinis
891 5247 1101 5320 guttas
1149 5251 1532 5322 inter‘spinas
1588 5247 1770 5322 relin:

101 5339 386 5398 quens,»
420 5317 808 5402 respondent,
833 5317 1040 5384 Graeca
1069 5319 1268 5402 verba,
1295 5317 1530 5402 Ῥανίνξας
1559 5321 1650 5376 καὶ
1679 5317 1770 5402 τρῖ»

101 5397 320 5459 όῖκείου
381 5397 610 5475 αἵματος
675 5397 808 5480 ἀμφὶ
866 5403 958 5465 τὰς
1015 5397 1263 5467 ἐπάλξεις
1315 5397 1676 5480 καταλιπώνη
1709 5397 1770 5458 in

1839 4579 2028 4640 eaque
2046 4578 2178 4642 quae
2196 4559 2439 4622 residua
2460 4561 2911 4642 erant,pedibus
2927 4561 3479 4642 conculcantes,oc-

1841 4668 2116 4730 cupasse.
2148 4649 2385 4710 Vallum
2417 4657 2558 4712 tunc
2587 4660 2687 4712 aut
2713 4669 2989 4730 aggerem
3019 4651 3244 4714 circum
3272 4650 3479 4714 civita-

1843 4820 1996 4875 ctum
2019 4815 2240 4890 oﬂerat,
2272 4815 2356 4890 uti
2389 4817 2598 4890 cuique
2643 4817 2854 4890 linguae
2886 4817 3084 4877 Graecae
3115 4818 3323 4890 perito.
3357 4830 3484 4876 rem

1843 4888 2256 4955 consideranti,
2287 4886 2449 4944 facile
2474 4886 2746 4955 patesceti

1917 4958 2030 5028 (88)
2065 4958 2190 5032 Post
2239 4968 2427 5032 textus
2465 4957 2662 5032 Graeci,
2703 4962 2802 5030 qui
2839 4960 3048 5019 ultimae
3078 4957 3486 5032 huieperiodo

1849 5031 2135 5101 Latinein
2165 5028 2364 5087 codice
2405 5038 2602 5086 nostro
2630 5029 2673 5097 -ι-
2705 5028 2811 5101 ms.
2865 5032 2964 5088 193
2996 5028 3321 5101 respondét.
3355 5043 3488 5101 ver-

1849 5103 1986 5163 bum
2019 5100 2317 5157 πλάσασθαι
2367 5101 2672 5181 sequentia
2728 5100 2956 5178 isthmc,
3010 5099 3109 5162 Καῖ
3149 5099 3488 5181 τὴνηάνδραο

1849 5181 2032 5260 γαθίαν
2077 5182 2248 5253 ἑαυτῷ
2290 5179 2592 5260 περιθῆναι,
2653 5179 2712 5241 in
2773 5181 2982 5243 codice
3041 5181 3182 5242 olim
3239 5179 3489 5244 Macari-

1852 5259 1971 5317 naeo
2001 5269 2318 5332 ponuntur,
2352 5259 2522 5330 idque
2546 5259 2758 5332 iterum
2791 5274 2964 5332 quam
2999 5264 3246 5319 maxime
3267 5273 3489 5332 oppor-

1853 5330 2016 5395 tune;
2041 5344 2170 5404 cum
2214 5330 2406 5404 dictus
2451 5331 2634 5388 codex
2667 5330 2881 5404 noster,
2936 5349 2965 5389 a
3003 5347 3116 5404 quo
3156 5346 3216 5388 ea
3256 5330 3492 5404 absunt.

1855 5418 1968 5460 non
1995 5403 2178 5471 magis
2218 5401 2327 5457 fere
2354 5401 2466 5471 hic,
2502 5416 2670 5475 quam
2707 5402 2830 5460 loco
2863 5405 2918 5459 in
2954 5401 3072 5460 not.
3108 5402 3344 5475 praeced.
3377 5414 3494 5457 me-

99 5483 328 5538 codice
366 5471 502 5538 olim
536 5471 845 5552 Mazarin'eo
905 5481 1192 5552 leguntur.
1231 5485 1402 5548 atque
1442 5479 1497 5552 id
1541 5477 1773 5552 quidem
1857 5481 2094 5552 morato.
2111 5485 2365 5552 sensum
2419 5471 2731 5552 perfectum
2770 5471 3125 5552 suppeditet,
3169 5475 3248 5552 uti
3280 5471 3492 5552 iterum

102 5560 455 5623 opportune
485 5551 815 5623 admodum,
847 5549 984 5608 cum
1011 5549 1186 5608 codex
1224 5559 1418 5623 noster

1446 5547 1488 5616 -ι-
1519 5541 1622 5605 nis.
1673 5547 1775 5604 193
1858 5545 2083 5616 linguae
2105 5541 2306 5616 Graeca:
2357 5541 2561 5616 perito.
2626 5558 2748 5604 rem
2806 5541 3219 5616 consideranti,
3265 5543 3496 5616 perspi-

103 5612 234 5680 εδδ
275 5623 406 5681 loco
458 5621 533 5680 sit
562 5612 812 5680 mutilus
828 5634 1176 5692 sensumque
1212 5612 1490 5678 duntaxat
1522 5618 1779 5690 imperfe-
1861 5612 2034 5672 cuum
2065 5612 2336 5672 facillime
2361 5612 2589 5672 evadet.

583 5741 842 5801 PATROL.
889 5739 1004 5803 GR.
1047 5738 1257 5804 CXVI.

3016 5733 3088 5798 41
