3946 6146
408 310 560 392 tias

1768 303 2223 384 SUPPLEMEN
2227 308 2390 385 TUM
2397 356 2417 383 ο

3648 317 3794 387 1996

413 461 647 522 sionem
697 451 1023 533 Eusebius,
1073 465 1215 518 tunc
1269 453 1779 536 archiepiscopus,
1833 453 2053 515 viderit.

2239 456 2356 512 τότε
2400 457 2682 536 ἀρχιερεὺς
2733 455 2982 520 Εὐσέϐιος
3041 453 3316 529 ἐθεάσατο,
3349 459 3634 531 ἀκούσατε,
3681 480 3786 513 πα-

422 550 646 628 audite,
676 546 995 621 admoneo,
1028 556 1204 626 atque
1259 545 1332 606 ad
1391 551 1662 625 pietatem
1714 542 2068 605 moveamini

419 635 1027 717 Deumque,omnium
1044 653 1270 714 regem,
1300 633 1376 696 ob
1403 631 1829 714 providentiam
1865 633 2066 693 diver-

426 743 551 786 sam
583 724 982 786 admiremini.
1017 721 1221 803 Neque
1252 722 1410 784 enim
1441 723 1554 784 alia
1584 722 1659 783 de
1691 739 1868 783 causa
1899 722 2069 782 visio-

421 832 530 876 nes
552 813 680 875 illas
705 811 1154 893 archiepiscopo
1179 819 1319 873 tunc
1339 811 1684 892 apparuisse
1707 829 1865 882 reor,
1889 829 2065 890 quam

421 910 486 963 ut
507 900 842 972 futurorum
876 901 1168 961 malorum
1194 901 1658 979 magnitudinem
1691 916 2067 979 praenoscens

421 1007 530 1069 per
588 989 982 1050 certaminum
1061 987 1360 1051 Victorem
1423 987 1700 1068 precibus
1771 987 2067 1049 continuis

419 1077 610 1140 Deum
668 1078 982 1158 placaret;
1037 1077 1196 1158 quod
1224 1086 1281 1139 et
1333 1077 1488 1152 fecit,
1520 1077 1594 1139 ab
1645 1096 1717 1137 eo
1771 1085 2062 1156 tempore,

422 1185 540 1247 quo
571 1167 863 1229 visionem
896 1166 1142 1244 viderat,
1179 1185 1367 1246 usque
1419 1165 1493 1226 ad
1530 1165 1704 1240 illud,
1732 1184 1848 1246 quo
1881 1164 2066 1225 nostri

424 1257 708 1319 misertus
763 1267 856 1317 est
903 1258 1087 1330 Deus,
1137 1274 1248 1317 nec
1298 1255 1359 1317 in
1417 1253 1796 1316 inimicorum
1859 1270 2068 1315 manus

420 1344 684 1419 tradidit,
722 1344 955 1424 ejulans
983 1351 1159 1424 atque
1191 1343 1540 1405 lamentans.

504 1437 643 1498 120.
679 1438 821 1500 Octo
872 1435 1030 1496 enim
1063 1443 1164 1497 aut
1217 1438 1430 1497 decem
1480 1433 1718 1515 diebus,
1751 1441 2064 1516 antequam

419 1524 709 1587 adversus
729 1543 842 1587 nos
872 1523 1166 1586 barbarici
1190 1523 1376 1585 nimbi
1397 1523 2065 1604 streperent,archiepi-

416 1631 637 1693 scopns
661 1613 723 1674 in
749 1630 957 1674 somno
978 1613 1266 1691 seipsum,
1285 1612 1343 1673 in
1369 1612 1621 1674 civitatis
1643 1613 1900 1685 theatro,
1937 1629 2066 1671 ma-

422 1720 535 1780 gna
568 1701 749 1781 hujus
808 1701 1182 1762 multitudine
1215 1709 1525 1781 praesente,
1559 1701 1865 1761 sedentem
1899 1699 2064 1776 vidit,

415 1808 653 1871 ac,cum
680 1791 854 1870 cujus
879 1789 968 1851 rei
993 1789 1180 1868 gratia
1199 1790 1260 1850 in
1293 1790 1447 1865 loco,
1473 1788 1739 1868 dignitati
1771 1807 1892 1850 sua:
1912 1789 2060 1851 adeo

417 1878 896 1954 inconvenienti,
931 1878 1195 1952 sederet,
1228 1879 1444 1940 dubius
1475 1887 1658 1950 esset,
1692 1895 2061 1957 surgensque

421 1966 588 2029 abire
633 1966 1045 2047 meditaretur,
1078 1966 1222 2028 vidit
1251 1966 1576 2046 tragcedum
1627 1965 1687 2027 in
1723 1967 1965 2039 theatri,
2002 1973 2063 2026 ut

421 2063 684 2130 vocatur,
713 2056 915 2133 logion
959 2054 1414 2134 ingredientem,
1441 2055 1676 2135 sibique
1708 2053 2005 2117 dicentem
2044 2077 2057 2118 :

415 2142 730 2225 Exspecta,
751 2145 886 2224 quia
917 2153 972 2204 te
1013 2155 1072 2206 et
1097 2143 1276 2205 tiliam
1313 2151 1468 2205 tuam
1501 2143 1809 2205 lamentari
1842 2143 2054 2206 debeo.

415 2231 569 2294 Huic
615 2242 812 2294 autem
847 2231 994 2293 dixit
1023 2231 1124 2293 ille
1155 2250 1169 2292 :
1196 2231 1280 2294 Ne
1310 2231 1547 2294 labores
1576 2252 1592 2306 ;
1617 2251 1725 2311 ego
1755 2233 1914 2292 enim
1947 2251 2059 2295 nec

417 2319 598 2382 ﬁliam
631 2319 845 2394 habeo,
880 2338 990 2382 nec
1020 2319 1081 2381 in
1111 2339 1206 2382 me
1257 2321 1601 2401 quidquam,
1635 2320 1794 2397 quod
1836 2321 2060 2382 lamen-

415 2409 857 2487 ris,hahes.llle
881 2416 1076 2471 autem
1101 2410 1430 2490 respondit:
1467 2407 1618 2471 Vere
1643 2408 1821 2470 tiliam
1847 2408 2052 2484 habes,

419 2517 669 2580 eamque
701 2498 1020 2560 multorum
1070 2497 1324 2560 ﬁliorum
1359 2505 1634 2576 matrem,
1667 2516 1735 2558 ac
1796 2506 1852 2559 te
1881 2500 2058 2559 etiam

415 2596 659 2667 propter
682 2586 838 2647 illam
859 2587 1171 2648 lamentari
1193 2588 1626 2666 oportet.Tunc
1649 2585 2057 2665 archiepisco-

416 2694 528 2755 pus
577 2675 872 2738 civitatem
907 2674 980 2736 ab
1020 2693 1091 2737 eo
1137 2675 1315 2737 tiliam
1371 2693 1538 2736 suam
1571 2674 1688 2736 dici
1740 2674 2053 2737 intellexit.

414 2764 560 2826 Cum
593 2769 790 2826 autem
845 2763 946 2825 ille
979 2762 1291 2826 lamentari
1325 2765 1667 2845 incepturus
1708 2773 1884 2835 esset,
1921 2783 2055 2826 sur-

407 2870 557 2930 gens
601 2870 635 2915 e
665 2854 880 2914 throno
929 2871 1036 2914 suo
1065 2852 1556 2934 archiepiscopus
1614 2872 1756 2915 voce
1785 2854 1935 2916 elata
1984 2853 2056 2916 ad

407 2959 546 3003 eum
578 2941 870 3004 clamavit:
899 2939 1015 3004 Per
1036 2960 1235 3003 rerum
1260 2941 1602 3004 sublimium
1626 2941 1836 3018 Deum,
1868 2961 2061 3022 neque

2149 543 2387 624 ρακαλῶ,
2442 550 2530 602 καὶ
2585 547 2955 625 κατανύχθηεε
3015 550 3147 624 πρὸς
3203 547 3500 619 εὐλάϐειαν,
3556 549 3644 603 καὶ
3700 549 3790 601 τὸν

2148 630 2489 706 παμϐασιλέα
2548 637 2678 691 Θεὸν
2737 639 2833 700 τῆς
2907 635 3157 703 ποικίλης
3221 644 3467 714 προνοίας
3536 638 3793 711 ὃπερθαυ-

2149 722 2375 778 πάσατεο
2410 720 2525 781 οὐδὲ
2569 724 2670 802 γὰρ
2703 721 2863 780 ἄλλοι)
2919 747 3012 780 του
3043 726 3204 803 χάριν
3256 727 3351 789 τὰς
3385 724 3532 800 ὄψεις
3587 725 3791 784 ὲκείνας

2149 809 2308 885 οἶμαι
2365 816 2441 883 τῷ
2497 810 2909 890 ἆρχιεπισκόπῳ
2963 815 3082 870 τότε
3154 819 3543 883 καταφανῆναι,
3604 813 3639 880 ἢ
3701 819 3795 867 τοῦ

2150 900 2442 976 προγνόντα
2486 902 2547 956 τὸ
2617 900 2841 979 μέγεθος
2901 909 3003 958 τῶν
3074 903 3343 976 ἐσομένων
3400 901 3584 958 δεινῶν
3634 900 3792 956 ἀδια-

2149 985 2382 1050 λείπτοις
2459 1005 2791 1068 προσευχαῖς
2853 993 2940 1046 τὸν
3015 993 3144 1047 Θεὸν
3201 990 3287 1048 διὰ
3344 999 3430 1048 τοῦ
3501 991 3795 1067 ἀθλοφόροι)

2149 1073 2544 1140 ἐξιλεώσασθαιο
2608 1075 2772 1154 ὅσπερ
2829 1081 2916 1134 καὶ
2974 1081 3259 1156 πεποίηκε,
3293 1080 3490 1135 κλαίων
3519 1081 3608 1136 καὶ
3668 1077 3793 1133 ὁδ’)-

2151 1163 2370 1240 ρόμενος
2427 1162 2517 1242 ἀφ’
2562 1167 2624 1221 οὗ
2673 1167 2764 1222 τὸν
2797 1165 2999 1244 ὄνειρον
3057 1169 3304 1246 ἑωράκει,
3338 1167 3440 1231 ἕως
3484 1170 3543 1224 οὗ
3593 1169 3797 1224 οἰκτεί-

2151 1274 2309 1330 ρησεν
2363 1255 2508 1327 ἡμᾶς
2560 1257 2588 1310 ὁ
2647 1257 2800 1328 Θεὸς,
2846 1258 2934 1312 καὶ
2977 1258 3036 1313 οὗ
3106 1256 3406 1334 παρέδωκεν
3457 1259 3529 1321 εὶς
3593 1271 3794 1336 χεῖρας

2151 1339 2377 1418 ἐχθρῶν,

2229 1430 2335 1506 ρκ’.
2391 1431 2500 1507 Πρὸ
2527 1431 2626 1508 γὰρ
2680 1431 2821 1488 ὀκτὼ
2868 1432 2902 1500 ἢ
2961 1431 3086 1491 δέκα
3117 1436 3331 1513 ἡμερῶν
3389 1443 3482 1492 τοῦ
3519 1437 3796 1513 βραχῖιναι

2146 1518 2281 1592 ἡμῖν
2325 1519 2417 1581 τὰς
2473 1516 2795 1598 βαρϐαρικὰς
2843 1520 3086 1601 νιφάδας,
3119 1525 3214 1600 ὁρᾷ
3268 1525 3453 1580 ἑαυτὸν
3496 1524 3616 1581 κατ’
3666 1523 3798 1600 ὄναρ

2147 1609 2174 1660 ὁ
2227 1607 2646 1686 ἀρχιεπίσοιοπος
2691 1612 2744 1663 εν
2795 1615 2871 1682 τῷ
2916 1610 3118 1686 θεάτρῳ
3175 1612 3268 1678 τῆς
3312 1611 3520 1676 πόλεως
3565 1612 3795 1682 καθεζὸ-

2151 1713 2332 1770 μενον,
2403 1693 2572 1772 ὄχλου
2645 1697 2886 1761 συνόντος
2961 1700 3103 1771 αὐτῷ
3160 1698 3382 1778 πολλοῦ,
3442 1702 3529 1756 καὶ
3586 1698 3651 1765 δὴ
3724 1700 3795 1756 ὡς

2092 1760 2390 1861 Βθιηπάρει
2437 1760 2588 1845 ’τίνος
2622 1805 2784 1862 χαριν
2841 1760 2896 1840 εδ
2950 1760 3115 1851 οὕτως
3173 1760 3469 1865 ἀναρμέδίῴ
3509 1760 3662 1861 τόπορ
3696 1791 3798 1852 τῆς

2144 1867 2285 1935 ἀξίας
2347 1872 2502 1928 αὸτοῦ
2559 1872 2854 1951 καθέζεται,
2890 1877 2980 1930 καὶ
3030 1874 3334 1950 βουλεύεται
3378 1877 3608 1940 ἀναστὰς
3648 1876 3798 1930 ὑπό-

2145 1971 2375 2037 χωΡεῖνι
2421 1961 2516 2034 δρᾷ
2575 1960 2845 2038 τραγῳδὸν
2899 1965 3272 2043 εἰσερχόμενον
3335 1964 3420 2022 ἰπὶ
3479 1966 3538 2020 τὸ
3598 1964 3800 2021 καλού-

2145 2069 2302 2121 μενον
2334 2057 2424 2107 τοῦ
2472 2049 2690 2126 θεάτρου
2719 2049 2898 2128 λογιον
2946 2058 3034 2108 καὶ
3062 2053 3286 2131 λέγοντα
3339 2059 3498 2127 αὐτῷ·
3565 2061 3794 2124 Μεῖνον,

2144 2135 2224 2190 ὅτι
2283 2136 2340 2192 σὲ
2369 2137 2457 2192 καὶ
2503 2144 2604 2204 τὴν
2633 2141 2887 2216 θυγατέρα
2943 2161 3038 2197 σου
3070 2141 3184 2220 ἔχω
3237 2141 3594 2220 τραγῳδῆσαι,
3628 2146 3694 2199 Ὀ
3739 2141 3795 2197 δὲ

2139 2224 2282 2301 λέγει
2337 2230 2498 2298 αὐτῷ·
2562 2227 2655 2294 Μὴ
2716 2230 2987 2304 κοπωθῇς·
3055 2229 3162 2308 ἐγὼ
3218 2230 3316 2306 γάρ
3360 2231 3472 2288 οὔτε
3529 2235 3798 2308 θυγατέρα

2140 2313 2276 2392 ἔχω,
2311 2313 2426 2369 οὔτε
2479 2313 2535 2370 δὲ
2567 2317 2640 2378 εἷς
2686 2315 2782 2382 ἐμὲ
2833 2315 2986 2396 ἔχεις
3033 2342 3082 2374 τι
3124 2318 3794 2397 τραγῳδῆσαι.⁸ἈποκρΞ-

2142 2425 2288 2458 νεται
2343 2402 2398 2458 δὲ
2443 2403 2669 2468 ἐκεῖνος·
2730 2403 2969 2469 Ἀληθῶς
3014 2409 3271 2485 θυγατέρα
3325 2409 3490 2488 ἔχεις,
3526 2411 3620 2465 καί
3683 2432 3795 2465 πο-

2142 2490 2412 2562 λύτεκνον,
2476 2495 2561 2549 καὶ
2619 2492 2704 2550 δεῖ
2763 2493 2877 2562 μετ’
2937 2497 3102 2563 αὐτὴν
3160 2499 3246 2553 καὶ
3308 2500 3363 2553 σὲ
3421 2497 3795 2577 τραγῳόἦααι.

2143 2580 2272 2638 Τότε
2329 2581 2554 2648 συνῆκεν
2585 2584 2612 2638 ὁ
2669 2583 3117 2662 ἀρχιεπίσκοπος,
3151 2585 3230 2642 ὅτι
3289 2588 3388 2654 τὴν
3431 2587 3527 2644 πό)
3545 2610 3594 2642 ιν
3641 2586 3793 2664 λέγει

2143 2671 2299 2726 αὒτού
2353 2669 2632 2748 θυγατέραο
2710 2676 2806 2735 ἐὶς
2865 2672 2918 2728 δὲ
2975 2671 3208 2748 ἤμελλεν
3270 2676 3474 2738 ἐκεῖνος
3528 2677 3790 2755 ἄρχεσθαι

2141 2764 2232 2815 τοῦ
2261 2757 2580 2836 τραγῳδεῖν,
2625 2760 2855 2826 ἀναστὰς
2905 2761 2965 2817 ἐκ
2995 2765 3087 2819 τοῦ
3130 2766 3312 2842 θρόνου
3344 2766 3500 2821 αὒτου
3529 2768 3558 2821 ὁ
3616 2766 3790 2844 ἀρχι-

2141 2848 2423 2912 επίσκοπος
2465 2849 2642 2925 κράζει
2685 2851 2826 2923 αὒτῷ
2851 2856 3020 2929 φωνῇ·
3083 2854 3184 2908 Τὸν
3230 2855 3355 2908 Θεὸν
3385 2859 3490 2909 τῶν
3545 2856 3790 2928 ὑψωμά-

2139 2957 2268 3008 των,
2303 2937 2441 3010 μήτε
2498 2936 2593 3021 εμὲ
2647 2937 3021 3018 τραγῳδήσῃς,
3077 2942 3215 3015 μήτε
3270 2942 3338 3007 ἣν
3398 2941 3571 3020 λέγεις
3630 2948 3795 3021 θυγα-

408 3047 502 3090 me
527 3031 894 3104 lamenteris,
922 3049 1141 3111 neque,
1177 3049 1354 3112 quam
1387 3050 1582 3108 vocas,
1618 3031 1799 3092 tiliam
1834 3018 2046 3092 meam.

2225 3045 2264 3080 ια
2316 3047 2440 3098 μου.
2503 3018 2562 3081 Ὀ
2618 3023 2673 3080 δὲ
2730 3025 3100 3109 διαπονηθεῖς,
3131 3032 3202 3094 ὡς
3260 3018 3588 3106 ἐμποδισθεὶς
3632 3018 3793 3100 δῆθεν

407 3117 550 3179 Cum
584 3127 780 3180 autem
813 3119 938 3192 ille,
975 3110 1131 3199 quod
1165 3110 1471 3196 nimirum,
1512 3140 1588 3183 ne
1619 3120 1914 3199 inciperet
1943 3121 2053 3182 im-

2225 3120 2233 3166 i
2277 3110 2544 3190 ἄρξασθαι,
2578 3112 2722 3192 λέγει
2754 3116 2914 3189 αὖτῷ.

407 3205 742 3284 pediretur,
777 3215 933 3267 esset
965 3207 1254 3284 turbatus,
1288 3209 1434 3271 dixit
1463 3209 1578 3290 ipsi
1613 3229 1628 3271 :

489 3293 629 3356 491.
663 3292 900 3374 Nonne,
935 3303 996 3355 ut
1055 3304 1114 3356 et
1144 3304 1200 3356 te
1232 3306 1292 3357 et
1341 3297 1520 3359 tiliam
1555 3305 1711 3358 tuam
1744 3297 2054 3374 lamenter,

405 3382 739 3447 convenit?
795 3384 1062 3464 Cumque
1093 3384 1309 3446 iterum
1364 3403 1497 3446 sese
1544 3386 1812 3466 incipere
1865 3385 2060 3448 simu-

405 3470 582 3546 laret,
643 3470 1133 3552 archiepiscopus
1192 3473 1425 3535 elatiori
1481 3492 1624 3536 voce
1681 3474 2053 3555 exclamavit,

403 3559 613 3621 dicens
645 3561 754 3640 ipsi
790 3577 804 3623 :
860 3563 973 3623 Per
1003 3561 1218 3636 Deum,
1274 3563 1374 3642 qui
1407 3581 1476 3625 ex
1507 3564 1862 3626 intemerata
1911 3563 2055 3625 Dei-

403 3665 546 3727 para
576 3659 820 3730 propter
849 3659 1112 3711 nostram
1145 3651 1396 3712 salutem
1451 3653 1780 3715 secundum
1813 3670 2054 3714 carnem

403 3744 574 3798 natus
606 3747 718 3812 est,
753 3758 945 3820 neque
977 3758 1092 3814 me,
1132 3759 1328 3821 neque
1380 3742 1559 3803 tiliam
1596 3761 1786 3804 meam
1819 3741 2053 3803 lamen-

402 3825 554 3886 teris
587 3846 604 3900 ;
636 3827 836 3907 itaque
895 3827 1095 3890 multis
1127 3830 1291 3890 horis
1347 3830 1604 3910 reponit,
1638 3831 1740 3892 illo
1771 3832 2051 3910 instante,

403 3930 592 3988 seque
624 3914 936 3977 lamentari
968 3916 1190 3980 habere
1237 3927 1541 3982 asserente
1576 3938 1588 3982 :
1625 3937 1886 4001 cumque
1915 3935 2052 3980 eum

403 4001 916 4085 archiepiscopus,
953 4024 1030 4068 ne
1081 4006 1136 4068 id
1190 4008 1431 4088 faceret,
1480 4010 1802 4090 adjuraret,
1855 4007 2052 4070 subito

2222 3289 2361 3366 ρκα’.
2440 3289 2548 3348 Οὐκ
2603 3289 2876 3372 ἐνδέχεται
2933 3294 3011 3370 μὴ
3086 3295 3420 3374 τραγῳδῆσαί
3475 3321 3540 3374 με
3595 3303 3685 3356 καὶ
3729 3304 3790 3356 σὲ

2141 3377 2234 3433 καί
2289 3378 2390 3446 τὴν
2447 3379 2703 3458 θυγατέρα
2760 3401 2897 3452 sou;
2963 3383 3060 3441 Καὶ
3110 3385 3184 3448 ὡς
3237 3386 3398 3442 πάλιν
3452 3389 3790 3465 ὑποκρίνεται

2139 3465 2420 3555 ἄρχεσθαι,
2455 3469 2482 3524 ὁ
2527 3468 2950 3548 ἀρχιεπίσκοπος
2999 3474 3331 3552 γεγωνοτέρᾳ
3361 3482 3428 3552 τῇ
3475 3483 3626 3555 φωνῇ
3657 3500 3792 3554 προ-

2140 3554 2348 3634 έκραξεν
2407 3554 2578 3634 λέγων
2609 3557 2771 3631 αὐτῷ’
2833 3561 2932 3617 Τὸν
2965 3562 3095 3616 Θεὸν
3150 3563 3239 3618 τόν
3279 3554 3538 3643 τεχθέντα
3569 3563 3627 3621 ἐκ
3689 3573 3790 3632 τῆς

2137 3644 2405 3723 ἆ-(ράντου
2449 3647 2706 3705 Θεοτόνυυ
2765 3650 2917 3726 σαρκὶ
2972 3647 3056 3705 διὰ
3105 3651 3206 3717 τὴν
3265 3653 3528 3731 ἡμετέραν
3591 3677 3788 3723 σωτη-

2138 3733 2274 3814 ρίαν,
2322 3735 2488 3822 μήτε,
2537 3734 2631 3807 ἐμὲ
2710 3735 3088 3814 τραγῳδήσῃς,
3151 3741 3286 3814 μήτε
3359 3743 3455 3809 τὴν
3521 3745 3794 3822 θυγατέρα

2137 3843 2263 3896 μου,
2294 3823 2381 3878 καὶ
2432 3821 2600 3887 οὕτως
2652 3823 2737 3879 ἐπὶ
2796 3824 2998 3888 πολλάς
3051 3851 3183 3898 φησι
3240 3830 3332 3891 τὰς
3379 3830 3543 3909 ὥρας,
3579 3821 3792 3890 ἐκείνου

2136 3910 2476 4000 ἐνισταμένου
2531 3913 2622 4000 turi
2663 3910 2926 3991 ,λέγοντος
2989 3913 3075 3971 ὅτι
3132 3916 3476 3995 Τρεγῳδῆσαι
3517 3920 3657 4000 ἔχω·
3698 3927 3792 3980 καὶ

2136 4004 2227 4055 τοῦ
2295 3998 2724 4076 ἆρχιεπισκόπου
2791 4005 3187 4080 κατορκῖζοντος
3265 4006 3421 4063 αὒτὸν
3473 3998 3585 4083 μή*
3625 4018 3791 4069 τοῦτο

404 4108 438 4151 e
471 4091 626 4168 logie
681 4094 920 4156 avulsus
950 4103 1060 4175 est,
1095 4087 1505 4178 disparuitque
1539 4087 1866 4178 tragcedus,
1903 4117 2045 4176 pro-

2225 4092 2378 4178 ἧσαι,
2412 4087 2559 4178 ἄφνω
2599 4087 2937 4148 ἀνάσπαστος
2993 4091 3052 4148 ἐκ
3108 4101 3200 4150 τοῦ
3259 4093 3438 4173 λογίου
3490 4099 3695 4175 γίνεται
3762 4104 3790 4157 ὁ

399 4186 534 4258 pter
574 4181 916 4259 juramenta
965 4173 1272 4246 lamentari
1323 4173 1442 4248 non
1493 4173 1694 4249 valens
1745 4173 2044 4255 civitatem

2226 4173 2392 4253 γῳδὸς
2457 4175 2548 4232 ιιαί
2605 4178 2832 4258 ἀφανὴς,
2881 4180 2958 4255 μὴ
3015 4183 3241 4261 ἰσχύσας
3296 4181 3382 4240 διὰ
3429 4187 3551 4251 τοὺς
3594 4187 3790 4254 ὅρκους

397 4268 1059 4353 archiepiscopumque,
1096 4273 1197 4353 qui
1227 4294 1358 4335 cum
1392 4276 1839 4355 expergefactus
1865 4283 2042 4352 esset,

2228 4264 2467 4342 γῳδῆααι
2521 4265 2622 4332 τὴν
2679 4266 2858 4342 πόλιν,
2924 4270 3011 4325 καὶ
3065 4273 3157 4327 τὸν
3220 4272 3670 4352 ἀρχιεπίσκοπον,
3726 4279 3787 4340 ὃς

399 4373 868 4460 magnarumque
925 4352 1324 4423 calamitatum
1372 4352 1655 4443 praesagia
1710 4365 1894 4426 fuisse
1955 4363 2040 4426 Ia-

2225 4356 2444 4416 πνισθεὶς
2524 4355 2611 4411 καὶ
2681 4352 2944 4432 διακρίνας
3019 4360 3092 4422 ὡς
3167 4368 3448 4440 συμφορῶν
3512 4364 3779 4442 μεγάλων

2253 4444 2265 4460 ,
2525 4445 2539 4460 .
2783 4443 2805 4460 κ
2838 4447 2849 4460 .
3005 4451 3026 4460 -
3151 4451 3162 4460 .
3411 4453 3424 4460 -
3503 4453 3514 4460 .

402 4454 600 4507 menta
629 4447 1007 4526 dijudicaret,
1043 4458 1213 4511 nocte
1244 4459 1301 4512 et
1332 4451 1438 4513 Die
1460 4451 1606 4528 Deo,
1632 4461 1692 4513 ut
1715 4455 2041 4526 caelestem,

2225 4444 2416 4516 θύματα
2496 4445 2542 4499 ol
2597 4443 2859 4532 τραγῳδοί
2933 4451 3344 4525 καθεστήκασιν,
3405 4453 3614 4532 ἡμέρας
3692 4460 3782 4511 καὶ

399 4549 531 4606 quae
578 4535 796 4597 civitati
853 4537 1258 4619 tmpendebat,
1291 4557 1523 4620 pmnam
1578 4540 2049 4604 misericorditer

2227 4532 2311 4593 τὸς
2369 4533 2458 4587 τὸν
2511 4533 2639 4587 Θεὸν
2698 4533 2790 4588 σὺν
2842 4531 3088 4612 δάκρυσιν
3157 4537 3474 4613 ἒλιτάνευεν,
3536 4564 3782 4621 παραγα-

398 4629 719 4703 averteret,
780 4641 913 4684 cum
966 4625 1240 4706 lacrymis
1296 4628 1717 4709 supplicabat;
1790 4650 1858 4693 ac
1917 4632 2047 4710 post

2225 4644 2247 4676 ν
2287 4620 2666 4699 φιλανθρώπως
2697 4621 2794 4710 τῂν
2851 4624 3226 4703 ἔπερχομένην
3267 4633 3335 4704 τῇ
3366 4628 3523 4685 πόλει
3575 4620 3779 4699 θεήλα-

399 4727 643 4801 paucos,
677 4721 740 4774 ut
790 4711 934 4788 dixi,
969 4714 1121 4791 dies,
1156 4708 1432 4780 immanis
1482 4719 1582 4781 illa
1610 4708 2045 4801 numerum—que

2265 4711 2521 4801 μάστιγι·
2550 4711 2670 4801 Δκαὶ
2717 4708 2781 4778 δὴ
2831 4711 2952 4801 μετ’
3010 4713 3216 4796 ὀλίγας,
3250 4720 3320 4784 ὡς
3377 4715 3534 4797 ἔφην,
3570 4722 3776 4799 ἡμέρας

397 4798 698 4862 excedens
747 4803 909 4864 natio
940 4805 1293 4869 custoditam
1327 4826 1360 4870 ιι
1405 4810 1528 4871 Deo
1558 4797 2041 4873 Thessalonicam

2241 4797 2494 4877 θηριῶδες
2547 4798 2723 4858 ἐκεῖνο
2765 4799 2960 4880 φῡλλον
3016 4806 3102 4860 καὶ
3163 4805 3382 4885 ἀριθμὸν
3453 4797 3778 4886 ὑπέρϐατήνον

397 4885 819 4980 circumdedit,
854 4895 1178 4972 statimque
1219 4895 1445 4959 luctum
1475 4898 1635 4961 hunc
1670 4901 2041 4980 praisagiisse

2329 4889 2712 4980 deo'ppodpntov
2807 4888 3201 4962 Θεσσαλονίκην
3311 4885 3771 4977 περιεκύκλωααν,

397 4977 725 5057 tragoedum
755 4983 1025 5060 cognovit
1053 4983 1193 5061 {93).
1671 4977 1688 4980 ’
1869 4977 1888 4979 “

2250 4978 2402 5068 εὖθῦς
2434 4977 2572 5056 ἔγνω
2628 4984 2810 5036 τοῦτον
2856 4980 2949 5036 τὸν
2995 4982 3186 5059 θρῆνον
3237 4989 3594 5061 μηνῦσαι.τὸν
3643 5012 3777 5068 τρα-

2153 5065 2309 5144 ῳδόν.

476 5144 618 5208 422.
653 5149 817 5243 ⁸Ωιιιι
886 5151 1115 5214 ratione
1185 5171 1304 5216 non
1360 5155 1758 5221 calamitatem
1816 5156 2037 5222 immo-

2225 5092 2309 5125 ιον.

2225 5157 2316 5233 »κβ’
2389 5161 2508 5222 Πῶς
2595 5157 2699 5237 οὒχ
2781 5157 3105 5238 ὑπέρμετρον
3186 5163 3464 5224 κάντεῦθεν
3548 5172 3764 5243 εἴποιμι

400 5231 618 5328 dicam,
651 5233 758 5298 Dei
810 5255 949 5328 vero
1008 5243 1492 5322 omnipotentiam
1550 5245 1841 5309 inﬁnitam
1895 5265 2040 5328 pro-

2268 5231 2576 5326 συμφορὰν,
2605 5231 2722 5311 uti:
2764 5245 2819 5304 δὲ
2849 5231 2944 5306 oin:
2997 5231 3412 5326 άπιιροπλάσιον
3455 5257 3518 5312 τὸ
3563 5231 3770 5314 παντο-

399 5322 666 5387 nuntiem
691 5331 718 5387 ?
753 5350 775 5381 σ
813 5325 1014 5390 Virtus
1044 5330 1203 5391 enim
1264 5350 1417 5410 mea,
1450 5334 1661 5416 inquit,
1692 5335 1754 5397 in
1786 5322 2040 5399 inﬁrmi-

2225 5357 2347 5413 ιμον
2400 5322 2497 5393 τοῦ
2526 5322 2656 5394 Θεοῦ
2688 5354 2704 5417 ς
2765 5359 2786 5392 ε
2820 5338 2883 5393 Ἦ
2935 5338 3036 5416 γὰρ
3079 5322 3294 5416 διέναμίς
3326 5365 3450 5419 μου,
3485 5363 3516 5404 ι
3580 5349 3766 5426 φησὶν,

646 5441 832 5538 Vision
862 5445 1684 5538 Eusebio,LIhessatonict'nsi
1726 5454 2042 5538 _archiepi-
2125 5465 2260 5514 tom.
2317 5453 2336 5512 l
2377 5456 2613 5538 (olerent
2658 5456 3255 5538 Analeclorungag.
3313 5462 3380 5538 83
3411 5471 3470 5523 et
3521 5479 3668 5538 seq.,
3705 5468 3766 5525 in

395 5524 586 5582 ιοορο.
650 5514 860 5579 Oblata.
912 5531 1084 5588 quam
1144 5521 1553 5602 hic_oratione
1606 5525 1776 5596 paulo
1833 5514 2044 5585 fusiore
2124 5514 2528 5600 compendium
2558 5528 2630 5586 ab
2650 5529 2954 5587 Anastasio
2983 5514 3764 5597 Bibli'otti’eca—r'io'contFa-ct'a:

393 5579 644 5638 Joannes
707 5585 895 5638 refert.
961 5599 1141 5638 exstat
1206 5600 1374 5638 altam
1414 5595 1562 5638 simul
1633 5597 2015 5638 “nhillnninm

428 5595 644 5639 oannes
707 5585 895 5653 refert,
928 5585 1141 5649 'exstat
1206 5592 1374 5649 etiam
1414 5595 1566 5664 apud
1607 5585 2040 5662 'ttabitlonium,
