3946 6146
258 269 402 336 1305

1347 269 1409 334 S.
1465 270 1839 334 DEMETRII
1885 260 2285 332 MARTYRIS
2329 261 2549 328 ACTA.

3455 250 3606 321 i306

248 429 425 486 χερσιν
481 405 800 486 ἐψηλάφησα
841 409 971 464 κατα
1009 408 1067 462 το
1131 396 1462 463 ἆνκτοὶιχὸν
1520 409 1617 472 τῆς
1671 406 1874 469 πόλεως

1974 406 2100 468 [σείς
2133 412 2299 485 parte
2330 412 2390 464 et
2420 400 2495 464 ab
2529 400 2794 464 hostibus
2823 413 2990 481 ges'a
3019 410 3076 463 et
3099 420 3132 463 a
3161 399 3288 462 solo
3318 396 3440 460 Deo
3470 397 3598 458 dis-

246 498 426 574 μέρος,
460 495 518 552 ’ἐκ
547 518 604 552 τε
636 503 738 551 τὼν
775 495 1037 565 πολεμίων
1076 494 1439 570 γεγενημένα,
1491 499 1575 552 καὶ
1617 497 1716 551 ὑπὸ
1767 495 1873 570 μόσ-

244 608 328 641 νου
359 592 487 642 Θεοῦ
543 582 991 654 διεσκεδασῢὲντα,
1051 584 1140 640 καί
1191 591 1359 639 ταυτα
1415 586 1644 663 μερικῶς
1675 584 1872 662 διηγή-

238 695 397 748 σομαι
455 679 533 746 τῷ
588 673 668 747 μὴ
717 673 1018 739 ἀποκνῆσαι
1072 676 1148 746 τῷ
1219 675 1384 745 μήκει
1442 675 1532 728 τοῦ
1590 671 1751 750 λόγου
1782 675 1875 738 τὴν

234 763 520 840 προθυμίαν
549 767 655 820 τῶν
687 762 957 838 ἀκροατοῦ)
991 761 1456 840 προμηθούμενος.

314 851 454 928 ρλγ’.
493 852 702 916 Σκοπὸς
742 851 842 928 γάρ
873 872 962 924 μοι
1012 852 1176 926 μόνον
1226 853 1561 924 παραστῆσαι
1607 856 1674 927 τῇ
1719 850 1875 930 φιλο-

231 940 338 1011 θέῳ
381 941 518 1016 ἂκοῆ
565 942 635 1002 ὡς
681 943 741 996 Ex
793 947 946 1010 Θεοῦ,
980 942 1067 996 καὶ
1096 943 1189 997 οὒκ
1220 939 1436 996 ἄλλοθεν
1480 942 1513 1002 ἡ
1545 943 1778 1018 σωτηρίᾳ
1810 946 1877 1016 τῇ

230 1028 386 1085 πόλει
443 1030 564 1085 τότε
645 1028 928 1107 γεγένηται
957 1077 973 1108 ,
1055 1031 1143 1085 καὶ
1200 1027 1453 1106 διεγεῖραι
1499 1031 1591 1094 τὰς
1647 1028 1876 1095 διανοίας

231 1118 482 1174 ἁπάντων
535 1119 665 1196 πρὸς
718 1117 858 1174 θείαν
922 1117 1226 1193 κατά-δυξιν,
1287 1121 1375 1176 καὶ
1431 1119 1711 1188 θεάρεστον
1753 1117 1873 1183 ’ch-

233 1205 560 1283 μολόγησιν,
621 1207 709 1263 ⁸ιιαὶ
761 1207 1103 1285 εὐχαριστίαν
1153 1213 1246 1264 τοῦ
1290 1206 1580 1287 ἀθλοφόρου
1637 1205 1870 1274 διενεκῆ.

233 1295 479 1370 Εἴπομεν
513 1298 586 1360 ὡς
616 1302 685 1372 τῇ
717 1295 903 1374 πρώτῃ
934 1295 1109 1372 ἡμέρᾳ
1161 1295 1255 1364 τῆς
1309 1296 1612 1375 πολιορκίας
1671 1298 1758 1353 καὶ
1808 1303 1876 1373 τῇ

230 1382 447 1462 δευτέρᾳ
507 1385 600 1446 τὰς
657 1385 851 1463 τροφάς
910 1404 968 1438 τε
1025 1383 1171 1439 αὐτοὶ
1251 1385 1550 1462 συνήγαγον
1602 1387 1650 1440 οἱ
1704 1383 1872 1441 πολέ-

229 1496 373 1549 μιοι,
432 1474 520 1529 καὶ
576 1474 714 1530 κατὰ
767 1471 862 1540 τῆς
911 1472 1120 1537 πόλεως
1164 1471 1338 1529 πολλὰ
1393 1475 1480 1529 καὶ
1524 1471 1742 1552 φοϐερὰ,
1789 1475 1876 1530 καὶ

220 1560 447 1642 διάφορα
501 1562 824 1640 ηὖτρέπισαν
874 1562 1071 1639 ὄργανα
1108 1583 1122 1599 ο
1171 1569 1237 1634 τῇ
1295 1561 1350 1617 δὲ
1393 1561 1570 1639 ἡμέρᾳ
1597 1569 1666 1639 τῇ
1696 1563 1871 1640 τρίτη,

221 1653 310 1708 καὶ
358 1650 523 1731 μέχρι
566 1657 672 1707 τῶν
740 1651 873 1706 ἑπτὰ
935 1649 1092 1729 (πέρα
1155 1651 1253 1727 γὰρ
1325 1651 1522 1707 τούτων
1565 1650 1875 1729 πολιορκεῖν

1959 498 2166 574 sipata,
2226 495 2353 554 Ιιτεο
2405 491 2732 569 sigillatim,
2788 510 2860 553 ne
2919 489 3216 552 sermonis
3262 486 3601 568 prolixitate

1958 583 2297 644 auditorum
2363 580 2728 644 desiderium
2775 579 2949 642 taedio
2998 578 3252 642 afficiam
3283 575 3594 648 sollicitus,

1961 671 2276 734 enarrabo.

2047 849 2177 910 133.
2217 849 2355 910 Mihi
2386 851 2546 912 enim
2599 849 2881 910 duntaxat
2924 856 3014 910 est
3065 847 3457 928 propositum,
3492 865 3600 908 au-

1959 936 2109 1000 ditui
2140 938 2326 1000 Deum
2358 937 2609 1013 amanti,
2635 938 2884 1000 salutem
2921 957 2990 1001 ex
3021 940 3165 1017 Deo,
3193 955 3302 998 nec
3331 936 3596 1009 aliunde,

1959 1026 2192 1089 civitati
2228 1038 2365 1090 tunc
2386 1027 2724 1101 obvenisse,
2753 1027 3130 1089 manifestum
3161 1026 3600 1102 efﬁcere,men-

1962 1124 2166 1197 tesque
2196 1117 2461 1179 omnium
2494 1117 2567 1178 ad
2600 1117 2862 1180 divinam
2885 1115 3409 1196 compunctionem
3436 1113 3596 1176 Deo-

1959 1225 2069 1282 que
2087 1211 2404 1282 placentem
2419 1211 2844 1270 confessionem
2857 1226 2922 1268 ac
2939 1212 3268 1269 continuam
3285 1208 3598 1282 gratiarum

1957 1295 2276 1370 actionem,
2334 1296 2728 1359 certaminum
2781 1295 3005 1358 Victori
3038 1293 3393 1368 faciendam,
3429 1291 3598 1354 exci-

1961 1393 2105 1446 tare.
2143 1384 2339 1447 Prima
2363 1405 2431 1449 ac
2451 1387 2711 1447 secunda
2734 1385 3061 1447 obsidionis
3084 1385 3181 1446 die
3205 1383 3363 1464 ipsos
3388 1380 3595 1443 inimi-

1959 1492 2060 1535 cos
2091 1481 2150 1534 et
2205 1474 2419 1536 victum
2479 1474 2794 1553 collegisse
2852 1482 2910 1534 et
2964 1475 3247 1536 adversus
3295 1471 3596 1534 civitatem

1960 1563 2144 1623 multa
2162 1582 2228 1624 ac
2253 1563 2542 1625 terribilia
2563 1563 2930 1643 diversaeque
2958 1564 3174 1644 speciei
3203 1562 3599 1623 instrumenta

1960 1669 2175 1731 praepai
2196 1671 2327 1713 asse
2359 1653 2660 1728 diximus;
2695 1654 3098 1714 tertiaauterr.
3135 1651 3320 1725 die,et
3351 1647 3422 1711 ad
3455 1667 3595 1728 sep-

223 1742 415 1803 αὖτοὺς
475 1742 572 1807 τῆν
631 1738 786 1796 πόλιν
848 1742 875 1795 ὁ
934 1737 1244 1804 πανένδοξος
1308 1740 1597 1817 pip-roseis
1626 1739 1871 1819 συνεχώ-

1974 1757 2074 1802 ,οιιι
2102 1758 2292 1820 usque
2318 1749 2470 1820 (post
2506 1742 2614 1801 hos
2655 1741 2812 1801 enim
2836 1741 3129 1802 civitatem
3157 1740 3289 1800 illos
3319 1737 3598 1799 obsidere

223 1827 414 1907 ρησεν)
476 1833 750 1906 προσῆγον
811 1827 974 1901 ἄρδην
1031 1841 1148 1886 τοῖς
1225 1829 1430 1908 τείχεσι
1489 1829 1721 1907 ἅπαντα,
1781 1830 1872 1892 τὰς

218 1916 500 1980 ἑλεπόλεις
563 1918 650 1972 καὶ
719 1917 842 1980 τοὺς
909 1917 1108 1994 κριοὺς,
1166 1917 1253 1972 καὶ
1314 1917 1437 1980 τοὺς
1495 1913 1872 1995 πετροϐόλους,

219 2007 312 2062 καὶ
372 2011 476 2061 τῶν
533 2004 794 2085 χελωνῶν
845 2006 909 2060 τὰ
953 2011 1215 2083 χαμερπῆ
1260 2003 1705 2082 ῥαϐδουργήματα
1740 2022 1752 2034 '
1789 2008 1876 2062 καὶ

221 2101 439 2173 πρῶτον
518 2096 614 2170 μὲν
687 2095 823 2151 κατὰ
893 2099 992 2160 τῆς
1054 2093 1358 2171 λεγομένης
1417 2095 1876 2173 κασανδρεωτικῆς

232 2183 412 2251 πύλης
456 2184 956 2261 προευτρεπίσαντες
999 2185 1071 2244 ὡς
1133 2180 1283 2238 εἶδον
1335 2185 1415 2238 ἐπ’
1450 2187 1610 2249 αὑτῆς
1642 2185 1743 2238 ὑπὸ
1775 2191 1880 2240 τῶν

230 2278 339 2338 τῆς
398 2275 605 2334 πόλεως
683 2271 1077 2336 ἆναρτηθέντων
1164 2269 1377 2348 ἅρπαγά
1466 2294 1580 2327 τινα
1640 2270 1879 2350 σιδήρεον

235 2361 365 2434 μὲν,
399 2361 572 2438 βραχὺ
605 2357 660 2414 δὲ
705 2361 792 2415 καὶ
842 2360 1000 2414 οἱοθεὶ
1059 2358 1438 2435 μορμολύκειον
1496 2361 1699 2426 νηπίιιιν
1752 2383 1879 2437 κρε-

232 2451 498 2524 μάμενον,
547 2447 711 2520 δειλίᾳ
772 2447 1119 2526 συσχεθέντες
1154 2447 1246 2503 τοῦ
1304 2446 1621 2513 τηλικούτου
1679 2472 1874 2528 μηχα-

231 2541 496 2613 νήματος,
531 2536 672 2613 λέγω
715 2536 780 2602 δὴ
830 2544 922 2592 τοῦ
974 2541 1141 2614 κριοῦ,
1200 2536 1655 2616 καταπτήξαντες,
1700 2537 1876 2612 ἄπρα-

230 2650 352 2683 κτοι
383 2627 735 2706 ἀνεχώρησαν
789 2625 882 2682 ἐπὶ
933 2627 1026 2690 τὰς
1059 2625 1286 2699 σκηνὰς,
1321 2624 1412 2681 καὶ
1447 2627 1600 2682 αὐτὸν
1631 2630 1722 2682 καὶ
1756 2628 1875 2689 τοὺς

228 2719 445 2792 ὁμοίους
477 2715 618 2789 αὒτῷ
655 2715 1116 2776 κακακαύσαντες.

344 2890 446 2948 λδ’.
505 2887 638 2948 TAna
696 2899 848 2948 τοῦτο
906 2897 1002 2948 τῆς
1045 2892 1256 2948 πόλεως
1315 2896 1347 2948 ἦ
1410 2892 1627 2948 δύναμις
1686 2896 1784 2948 ἀπε

309 2892 446 2966 Ρλδ’⁶
505 2892 638 2970 TA?“
696 2899 848 2949 τοῦτο
906 2897 1002 2957 τῆς
1045 2892 1256 2956 πόλεως
1315 2896 1348 2958 ἡ
1410 2892 1627 2969 δύναμις
1686 2896 1876 2972 ἀπειρ-

1958 1829 2411 1902 gloriosissimus
2434 1843 2648 1904 martyr
2674 1831 2824 1888 haud
2856 1831 3160 1897 concessit)
3182 1830 3304 1887 dies
3346 1839 3600 1899 tempore

1959 1914 2412 1990 labente,muris
2442 1917 2688 1978 omnino
2720 1916 3011 1997 omnia,et
3035 1915 3438 1977 obsidionales
3469 1931 3598 1974 ma-

1957 2002 2165 2063 chinas
2187 2011 2246 2064 et
2265 2004 2481 2066 arietes
2513 2013 2571 2066 et
2594 2003 2938 2083 petrobolos
2964 2003 3256 2081 humique
3287 2010 3602 2083 serpentes

1962 2092 2325 2153 testudinum
2359 2093 2538 2155 falces
2565 2094 2645 2174 Η)
2680 2093 3120 2172 applicuerunt;
3154 2112 3221 2154 ac
3254 2091 3448 2172 primo
3474 2091 3608 2171 qui-

1961 2179 2096 2240 dem
2121 2199 2255 2241 cum
2281 2181 2562 2243 adversus
2595 2190 2983 2262 portam,quae
3009 2179 3464 2246 Casandreotica
3493 2180 3589 2241 di-

1961 2269 2140 2348 citur,
2174 2271 2289 2329 vim
2322 2289 2487 2331 suam
2521 2269 2900 2344 direxissent,
2953 2283 3019 2331 ut
3067 2290 3136 2332 ex
3188 2289 3258 2330 ea
3287 2287 3319 2330 a
3351 2267 3596 2330 civitatis

1963 2359 2502 2438 propugnatoribus
2534 2360 2934 2440 harpagonem
2983 2359 3300 2440 quemdam
3335 2359 3594 2420 ferreum

1962 2446 2230 2529 quidem,
2266 2448 2563 2510 modicum
2585 2459 2782 2510 autem
2808 2468 2875 2511 ac
2899 2450 3059 2511 velut
3081 2466 3402 2529 puerorum
3429 2446 3596 2507 terri-

1961 2537 2362 2599 culamentnm
2387 2556 2737 2618 suspensum
2766 2537 3360 2610 viderunt,machinm
3384 2535 3593 2614 hujus-

1963 2625 2146 2699 modi,
2183 2626 2316 2688 dico
2345 2636 2540 2688 autem
2573 2627 2798 2706 arietis,
2843 2627 3053 2688 timore
3085 2625 3348 2704 correpti
3382 2625 3592 2703 pedem

1958 2716 2312 2789 retr0,uulla
2341 2734 2408 2778 re
2439 2717 2796 2794 praestita,ad
2833 2715 3212 2778 tabernacula
3241 2732 3350 2776 sua
3379 2713 3592 2791 tulere,

1963 2813 2019 2864 et
2043 2804 2198 2865 hanc
2231 2814 2291 2866 et
2321 2805 2375 2865 ei
2398 2804 2626 2866 similes
2652 2806 2769 2884 igni
2802 2806 3010 2867 dantes
3043 2804 3150 2884 (9.).

2041 2891 2181 2954 434.
2212 2891 2549 2956 Civitatisne
2610 2893 2690 2970 id,
2745 2913 2822 2956 an
2885 2895 2987 2955 Dei
3023 2892 3289 2961 omnino.
3325 2910 3454 2972 qua!
3485 2909 3593 2950 au-

229 2983 459 3059 γᾶσατο,
515 2983 550 3050 ἢ
594 2981 805 3044 πάντως
838 2984 871 3048 ἡ
935 2983 1027 3036 τοῦ
1071 2983 1222 3055 Θεοῦ,
1270 2982 1304 3047 ῆ
1341 2985 1732 3052 ταταπτήσσειν
1783 2981 1873 3039 δυ-

1974 2979 2159 3057 iaces,
2195 3001 2312 3044 non
2370 3002 2544 3044 secus
2595 3000 2664 3046 ac
2709 2983 2987 3057 infantes,
3025 2991 3250 3044 terrore
3283 2987 3594 3060 percutere

229 3071 440 3144 ναμένη
488 3072 575 3126 καὶ
617 3071 738 3132 τοὺς
794 3073 1008 3144 θρασεῖς
1065 3071 1138 3132 ὡς
1201 3071 1264 3128 τὰ
1313 3071 1526 3146 νῆπιας
1575 3071 1711 3128 Εἶτα
1751 3085 1870 3137 ταῖς

1974 3070 2128 3141 ποιεί,
2165 3073 2425 3163 potentia
2468 3072 2523 3132 id
2558 3073 2752 3163 effecit
2774 3080 2801 3134 ?
2833 3069 3062 3163 Deinde
3093 3090 3240 3163 vero
3267 3069 3597 3163 testu-dines

231 3157 610 3237 σϐυρσοφόροις
657 3157 899 3237 χελώνας
943 3155 1221 3219 ὑποδύντες
1256 3161 1328 3219 ὡς
1366 3159 1477 3237 ὄφις
1525 3161 1582 3215 τὸ
1653 3161 1867 3239 προτεί-

1974 3171 2298 3240 serpentnm
2324 3161 2383 3222 in
2410 3177 2634 3223 morem
2661 3161 2986 3224 subeuntes
3017 3159 3469 3234 dolabris,corio
3492 3155 3594 3218 ob-

231 3270 415 3327 χισμα
473 3247 694 3320 ἀξίναις,
755 3249 828 3308 ὡς
876 3245 1114 3324 εἴρηται,
1161 3248 1246 3302 καὶ
1290 3246 1530 3326 μοχλοῖς
1579 3249 1638 3304 ὲκ
1666 3251 1870 3328 βάθρων

230 3337 605 3407 ἀνασκευάζειν
664 3336 976 3415 ἐπεχείρουν
1011 3355 1025 3370 ⁸
1082 3337 1109 3390 ὃ
1158 3333 1223 3402 δὴ
1254 3335 1350 3391 καί
1393 3338 1466 3399 εἰς
1512 3335 1660 3415 ἔργον
1689 3343 1868 3403 αὐτοῖς

228 3426 446 3498 ἠνύετο,
504 3423 673 3493 δήπου
726 3427 786 3480 τὸ
821 3423 1266 3501 σπουδαζόμενον,
1301 3427 1345 3480 εί
1383 3425 1460 3498 μὴ
1505 3426 1664 3484 πάλιν
1695 3429 1729 3496 ἡ
1774 3429 1869 3484 οὒ-

230 3515 412 3588 ράνιος
456 3514 573 3578 τοῖς
636 3513 872 3576 πολίταις
931 3511 1281 3587 ἐπιλάμψασα
1313 3516 1534 3590 πρόνοια
1567 3513 1772 3592 ἀνδρείᾳ
1815 3539 1871 3572 τε

228 3607 330 3668 τὰς
383 3603 591 3680 καρδίας
638 3605 810 3661 αὒτῶν
853 3604 1161 3681 ἐθωράκισε,
1226 3602 1320 3659 καί
1380 3603 1598 3660 ὑπέθετο
1648 3607 1782 3662 κατὰ
1813 3609 1872 3661 τὸ

231 3696 594 3772 προτείχισμα
637 3693 890 3765 ἐξελθεῖν,
946 3695 1034 3748 καὶ
1076 3693 1444 3758 καταπτοῆσαι
1499 3694 1619 3756 τοὺς
1650 3692 1737 3749 δια
1767 3701 1873 3750 τῶν

229 3783 519 3862 χελωνῶν,
577 3789 766 3858 μικροῦ
823 3781 888 3848 δὴ
971 3781 1112 3836 ἅπαν
1186 3782 1310 3837 αὐτὸ
1369 3781 1813 3855 κατασκάψαντας
1855 3799 1869 3812 ·

230 3870 353 3929 οὐδὲ
408 3873 508 3948 γὰρ
550 3873 615 3940 ῆν
670 3872 731 3928 ἐκ
761 3878 852 3927 τοῦ
881 3870 1088 3949 τείχους
1119 3870 1276 3949 ῥῖχαί
1304 3891 1354 3925 τι
1385 3869 1503 3926 κατ’
1537 3873 1706 3928 ανῦτών
1734 3869 1878 3928 ἔνδον

227 3958 535 4040 εἰσὸύντων,
567 3962 652 4017 καὶ
715 3961 811 4016 ὕπὸ
862 3967 956 4015 τοῦ
1005 3959 1457 4038 προτειχίσματος
1491 3959 1873 4041 σκεπωμένων,

225 4051 320 4105 καὶ
352 4047 488 4125 μηδὲ
519 4048 802 4126 ὁρωμένων
831 4062 950 4112 τοῖς
996 4047 1214 4109 ἄνωθεν,

310 4226 444 4300 ρλε⁹.
475 4212 688 4303 ’.Ανδρες
745 4225 834 4282 οὖν
901 4223 1190 4303 ὁπλοφόροι
1235 4226 1466 4303 βραχεῖς
1514 4226 1742 4305 ἀριθμῷ,
1804 4229 1878 4284 ὧν

225 4321 256 4372 ὂ
294 4317 424 4379 Θεὸς
457 4314 632 4389 ἀνῆψε
663 4314 761 4380 τὴν
791 4315 1104 4392 προθυμίαν,
1139 4312 1352 4380 ἐξῆλθον
1405 4313 1489 4369 διὰ
1546 4320 1643 4382 τῆς
1677 4315 1874 4392 πύλης,

222 4404 312 4482 ἐφ’
348 4405 411 4471 ῆς
441 4403 534 4458 καί
589 4404 616 4458 ὁ
671 4401 958 4478 λεγόμενος
1017 4403 1361 4477 καταράκτης
1414 4402 1721 4480 κεχάλαστο
1753 4406 1875 4482 μὲν,

223 4493 537 4558 ἀνεσπάσθη
595 4489 648 4546 δὲ
692 4491 835 4564 τότε,
899 4491 986 4547 καὶ
1063 4490 1225 4565 μόνον
1299 4489 1584 4554 ἀναϐάντες
1642 4493 1728 4550 ἐπὶ
1786 4495 1879 4553 τοῦ

227 4669 318 4714 Ira
355 4673 421 4715 ac
452 4657 508 4716 in
539 4656 963 4716 Commentario
999 4657 1204 4726 praevio
1255 4658 1556 4714 statuimus
1617 4659 1877 4728 infraque

223 4730 421 4786 adhuc
450 4730 508 4786 in
539 4729 858 4790 Adnotatis.
915 4741 1040 4798 cap.
1074 4729 1704 4798 sequentisubdendis,
1738 4746 1877 4788 con-

225 4800 613 4864 ﬁrmabimus,
645 4800 935 4869 diversum
977 4796 1102 4869 esse
1143 4796 1215 4853 ab
1251 4796 1425 4869 hujus
1455 4799 1524 4855 de
1556 4796 1739 4857 sancti
1769 4801 1874 4860 De-

224 4873 431 4942 metrii,
453 4869 752 4942 miraculis
783 4866 1199 4942 lucubrationis
1227 4866 1484 4942 auctore,
1515 4869 1637 4940 qui,
1669 4885 1876 4942 quem-

219 4941 537 5014 admodum
558 4941 684 5014 jam
719 4939 940 5014 monui,
998 4937 1286 5014 obsidioni
1345 4937 1866 5014 TbeSsalonii:ensi,

217 5027 384 5070 anno
417 5012 518 5068 597
549 5008 866 5074 factm,sese
897 5008 1248 5072 interfuisse.
1276 5011 1739 5068 manifestissime
1763 5016 1872 5070 hoc

216 5083 356 5140 loco
385 5083 617 5139 indicat.

242 5098 356 5141 oco
385 5084 617 5139 indicat.

312 5154 401 5232 (1)
433 5153 802 5215 Vocabulum
859 5148 1236 5229 ῥαϐδούργημα
1294 5149 1354 5210 in
1412 5151 1592 5212 nullis
1627 5170 1871 5232 prorsus

218 5233 427 5288 lexicis
479 5235 736 5291 invenire
791 5232 990 5292 licuit;
1051 5239 1321 5293 attamen,
1363 5245 1493 5286 cum
1554 5232 1872 5289 testudines

215 5303 447 5360 bellicae
476 5302 750 5365 falcibus,
781 5302 1017 5372 quibus.
1051 5314 1207 5356 nunc
1236 5305 1554 5370 suspensis,
1591 5316 1748 5358 nunc
1781 5318 1868 5360 te-

210 5377 434 5442 ductis,
462 5376 754 5431 civitatum
790 5374 1155 5443 obsessorum
1183 5373 1308 5443 (adi
1326 5375 1382 5429 in
1411 5374 1616 5443 linguae
1660 5374 1871 5431 Latinae

212 5441 520 5502 Thesauro
549 5445 618 5502 ad
651 5442 989 5502 vocabulum
1039 5444 1249 5498 testudo
1289 5441 1593 5500 Robertum
1627 5443 1870 5514 Stepha-

214 5520 389 5580 num)
422 5519 567 5572 muri
600 5516 978 5578 feriebantur,
1012 5520 1203 5570 essent
1239 5525 1494 5579 armatae,
1524 5515 1717 5573 Graeca
1752 5518 1871 5573 haec

217 5585 429 5669 verba,
496 5590 591 5648 Καὶ
644 5596 749 5647 τῶν
808 5585 1069 5668 χελωνῶν
1118 5586 1183 5642 τὰ
1227 5587 1483 5669 χαμερπῆ
1533 5584 1865 5668 ῥαὲῖδουργή-

1957 3249 2542 3331 tectisvectibusque
2572 3251 3177 3330 propugnaculum,ut
3207 3249 3430 3311 dictum
3467 3254 3596 3320 est,

1955 3356 1987 3398 a
2009 3337 2410 3401 fundamentis
2425 3341 2657 3401 subveri
2673 3357 2774 3401 ere
2788 3337 3340 3421 conabantur;quod
3355 3335 3590 3412 utique,

1953 3429 2026 3488 ab
2052 3430 2196 3508 ipsis
2226 3429 2490 3491 studiose
2515 3429 3206 3509 tentatnm,exsecutioni
3230 3427 3407 3489 etiam
3435 3442 3598 3483 man-

1955 3516 2154 3578 datum
2209 3518 2438 3597 fuisset,
2499 3518 2612 3578 nisi
2663 3537 2868 3580 rursus
2898 3515 3273 3578 Providentia
3301 3514 3590 3578 cmlestis,

1956 3604 2184 3666 civibus
2215 3605 2488 3680 illucens,
2523 3614 2580 3667 et
2638 3605 2981 3667 fortitudine
3034 3603 3213 3666 corda
3265 3621 3497 3676 eorum,
3535 3613 3602 3661 ut

1957 3691 2164 3769 lorica,
2200 3694 2514 3765 induisset,
2570 3693 3021 3773 indidissetque,
3059 3702 3120 3754 ut
3154 3689 3597 3772 propugnaculo

1961 3783 2451 3863 exirent,eosque
2480 3785 2580 3864 qui
2610 3783 2668 3844 in
2695 3782 3092 3844 testudinibus
3117 3789 3307 3856 erant,
3329 3778 3598 3856 illudque

1962 3869 2087 3931 fere
2122 3878 2306 3932 totum
2344 3874 2563 3952 (neque
2605 3873 2765 3933 enim
2791 3881 2997 3933 contra
3022 3872 3178 3950 ipsos
3201 3869 3591 3942 introeuntes,

1963 3969 2139 4039 atque
2161 3979 2194 4021 a
2219 3961 2658 4041 propugnaculo
2701 3969 3004 4022 contectos
3029 3979 3138 4022 nec
3159 3958 3232 4020 ab
3255 3957 3328 4020 iis
3351 3957 3450 4039 qui
3467 3976 3596 4018 sur-

1963 4067 2090 4109 sum
2121 4060 2310 4130 erant,
2345 4058 2723 4130 conspectos,
2757 4051 2964 4130 projici
2997 4069 3029 4112 e
3072 4067 3241 4132 muro
3273 4047 3594 4130 quidquam

1966 4139 2216 4220 poterat)
2246 4139 2636 4211 suffoderent,
2673 4149 2900 4201 terrore
2928 4141 3255 4202 efficerent.

2043 4228 2180 4288 135.
2235 4227 2358 4288 Viri
2418 4228 2595 4306 igitur
2623 4228 2857 4299 armati,
2923 4229 3091 4310 pauci
3144 4245 3417 4306 numero,
3451 4244 3599 4306 quo-

1961 4335 2091 4377 rum
2116 4316 2275 4379 Deus
2298 4318 2662 4378 alacritatem
2700 4318 2992 4391 accendit,
3028 4337 3060 4379 e
3094 4326 3281 4396 porta,
3313 4315 3385 4376 ad
3419 4332 3593 4394 quam

1963 4415 2249 4470 cataracta
2287 4407 2389 4486 (3),
2418 4413 2479 4467 ut
2508 4415 2774 4483 vocatur,
2811 4406 3200 4480 erat,demiiti
3223 4405 3467 4486 quidem
3503 4421 3598 4464 so-

1963 4495 2231 4566 lita,tunc
2259 4503 2454 4557 autem
2489 4497 2700 4578 levata,
2729 4497 3285 4578 exierunt,cumque
3315 4494 3599 4555 duntaxat

1962 4665 2369 4745 u111,_Latine
2392 4664 2813 4745 interpretatus
2838 4685 2966 4727 sum
2986 4664 3274 4745 humique
3292 4667 3596 4742 serpentes

1961 4741 2329 4804 testudinum
2359 4743 2572 4820 falces.

2032 4821 2112 4892 (2)
2140 4822 2368 4892 Aliquid
2413 4823 2504 4876 hic
2563 4822 2759 4877 deesse
2795 4824 3008 4886 sensui,
3044 4839 3072 4877 a
3099 4823 3320 4879 Joanne
3352 4820 3591 4892 intento.

1954 4891 2172 4947 cerium
2209 4891 2481 4962 apparet:
2527 4905 2722 4948 verum
2748 4892 3018 4963 quidnam
3047 4893 3100 4948 id
3119 4896 3213 4956 sit,
3257 4891 3405 4946 haud
3439 4904 3595 4961 aeque

1954 4969 2038 5016 est
2058 4968 2310 5034 certum.
2343 4977 2446 5018 nec
2471 4977 2578 5034 ego
2607 4964 2862 5019 divinare
2892 4964 3078 5019 velim.

2025 5032 2107 5100 (3)
2147 5033 2478 5106 Cataraclze.
2508 5029 2588 5090 uti
2623 5037 2674 5088 in
2706 5049 2808 5106 suo
2835 5035 3039 5106 linguae
3061 5033 3270 5106 Latinae
3297 5029 3593 5106 Thesauro

1953 5102 2022 5158 ad
2055 5102 2396 5160 vocabulum
2426 5109 2705 5160 cataracta
2748 5100 3026 5161 Roberius
3054 5104 3375 5170 Stephanus
3404 5100 3592 5166 docet,

1957 5174 2104 5230 fores
2140 5176 2404 5247 pendula;
2442 5189 2508 5232 ex
2543 5175 2700 5246 ligno
2729 5174 3104 5247 ferrove,quze
3132 5173 3338 5230 dimitti
3379 5174 3592 5247 ac_tolli

1954 5258 2058 5315 pro
2095 5241 2377 5317 veluntate
2433 5241 2736 5317 custo'duin
2793 5241 3050 5317 possunt.
3103 5247 3390 5317 dicuntur.
3422 5241 3587 5317 Tales

1954 5325 2140 5372 autem
2183 5316 2350 5378 fores,
2404 5317 2646 5372 civitatis
2677 5315 3202 5374 Thessalonicensis
3235 5325 3454 5383 rortam
3487 5315 3593 5370 Ca-

1952 5387 2390 5458 sandreoticam,
2454 5400 2495 5458 ei
2541 5401 2653 5458 qua
2711 5387 3270 5449 Thessalonicenses,
3302 5387 3595 5458 inimicos

1953 5457 2451 5526 invasuriwgressi
2487 5455 2580 5513 hic
2629 5473 2836 5514 narran
2869 5472 2954 5522 ur,
2982 5474 3010 5513 a
3042 5458 3260 5514 Joanne
3282 5455 3593 5526 designari,

1953 5540 2020 5608 ex
2058 5525 2384 5608 iisquae’eb
2421 5543 2485 5585 eo
2516 5529 2662 5584 infra
2725 5543 2885 5585 num.
2921 5528 3018 5583 137
3053 5529 3336 5584 memoria:
3369 5525 3591 5603 piudita

1952 5600 2227 5667 invenies,
2266 5609 2350 5658 sat
2389 5609 2610 5660 certum
2641 5609 2896 5674 apparet.
