3946 6146
249 301 407 370 1309
1325 303 1387 370 S.
1439 306 1814 372 DEMETRII
1860 307 1876 369 l

2046 299 2264 366 [‘YRIS
2308 293 2529 366 ACTA.
3470 301 3626 374 1310

237 443 482 509 εἱλκύσθη
544 441 641 510 τήν
671 440 800 522 ἅνω,
846 444 930 501 καὶ
972 442 1170 505 ἶσωθεὶς
1220 435 1527 524 ἐχαλάσθη,
1562 444 1657 501 κτιῖ
1701 444 1876 502 λοιπὸν

2051 458 2084 499 n
2117 453 2383 519 superne
2420 439 2620 512 movit,
2659 443 3004 522 aequataque
3027 438 3286 504 demissa
3317 447 3428 514 est,
3453 439 3623 507 dubi-

235 534 524 612 ἧσάχασαν
558 533 608 587 αἱ
639 527 840 609 καρδίαι
871 541 973 589 τῶν
1006 529 1382 603 δισταζόντων.

2046 528 2344 607 utinmque
2378 529 2612 591 tandem
2645 530 2824 590 corda
2848 531 3218 610 quieverunt.

315 622 1355 678 ,λ”ὀ.·ρ,““-“
1574 623 1876 662 "'.

313 658 341 697 ρ
379 646 414 688 η
446 670 459 682 .
550 625 701 679 svo“
763 645 846 698 γαρ
884 636 1060 688 αλτοϊ..
1091 646 1176 680 και
1208 645 1266 678 το
1298 648 1392 680 .ων
1426 623 1666 701 δακραων
1692 628 1876 689 πληθο.

2060 617 2194 686 138,
2231 616 2382 679 Hinc
2415 620 2575 680 enim
2609 629 2667 680 et
2713 620 2831 681 illis
2863 621 3254 701 lacrymarum
3290 622 3459 700 copia
3516 622 3624 684 fuit

232 711 507 781 κεκίνητο,
560 710 652 766 τοῦ
695 711 886 790 ἐχθροῦ
937 709 1328 776 δποϐάὶλοντος
1393 713 1591 774 ἐννοίας
1655 715 1876 788 πονηρὰς

2051 716 2293 778 mmota,
2329 707 2482 786 quod
2539 709 2928 788 cogitationes
2981 727 3208 790 pravas,
3241 711 3408 791 quasi
3465 713 3625 774 Deus

227 801 303 863 ὡς
371 800 450 855 ὅτι
480 802 508 855 ὁ
543 802 670 864 Θεὸς
701 801 902 856 ἁλῶναι
960 802 1059 867 τὴν
1089 801 1242 857 πόλιν
1299 799 1638 878 βεϐούληται,
1674 804 1759 858 καὶ
1805 801 1876 857 διε

2046 804 2269 856 ntatem
2302 796 2433 875 capi
2481 797 2680 870 vellet,
2716 798 2972 878 ideoque
3024 807 3194 879 porta
3221 800 3420 862 clausa
3462 800 3618 862 haud

224 896 388 945 τουτο
431 891 466 956 ἡ
501 889 644 956 πύλη
705 892 766 948 οὐ
815 887 1069 950 κλείεται.
1137 891 1232 947 Καὶ
1275 888 1405 969 ὅπερ
1461 892 1613 956 αὐτὸς
1661 895 1728 964 τῇ
1781 912 1876 946 κα-

2046 893 2152 959 set,
2180 884 2460 947 inimicus
2505 897 2870 966 suggereret.
2910 888 2980 950 Et
3031 886 3271 968 quidem
3305 891 3462 969 quod
3494 888 3624 968 ipse

226 998 448 1056 κουργιᾳ
501 978 915 1056 ἐμηχανήσατο,
948 988 1102 1036 τοῦτο
1152 980 1237 1035 καὶ
1291 986 1366 1052 τῷ
1399 987 1515 1052 Θεῷ
1563 979 1876 1056 προσάπτειν

2046 972 2197 1034 alitia
2228 991 2334 1034 sua
2369 974 2769 1052 modiebatur,
2804 975 3283 1053 cogitationibus,
3317 986 3382 1038 ut
3410 977 3468 1038 id
3499 975 3624 1039 Deo

227 1081 358 1132 ταῖς
409 1064 668 1129 διανοίαις
700 1063 1017 1130 ὑπέϐαλλεν,
1071 1064 1239 1124 Ἀλλὰ
1286 1066 1408 1133 δόξα
1451 1073 1530 1142 τῷ
1560 1069 1694 1146 ἁγίῳ
1746 1071 1862 1141 Θεῷ

2046 1063 2364 1135 criberent,
2422 1063 2802 1143 subjiciebat.
2856 1064 3081 1127 Verum
3124 1067 3248 1128 Deo
3291 1073 3495 1128 sancto
3544 1066 3626 1129 sit

229 1158 306 1218 εἰς
353 1154 505 1218 τέλος
537 1153 636 1233 γάρ
686 1158 844 1213 αὗτοῦ
898 1156 933 1223 ἡ
986 1154 1234 1223 δολιότης
1265 1158 1361 1214 οόκ
1389 1157 1637 1237 ἴσχυσεν.
1685 1157 1876 1214 Βούλε-

2046 1151 2177 1213 iria:
2220 1151 2290 1212 ad
2327 1153 2509 1214 tinum
2550 1155 2711 1216 enim
2744 1154 2905 1216 fraus
2934 1155 3064 1234 ejus
3097 1153 3253 1216 haud
3289 1155 3618 1234 praevaluit.

233 1250 325 1304 σθε
382 1247 472 1302 καὶ
528 1243 694 1308 ἄλλας
750 1252 844 1303 τοῦ
897 1252 1122 1319 Χριστοῦ
1175 1247 1598 1326 θαυματουργίας
1653 1268 1884 1325 γεγενη-

231 1334 400 1411 μένας
456 1334 631 1410 τότε;
678 1335 1017 1410 Προθήσομαι
1087 1333 1184 1392 οὒκ
1250 1335 1466 1392 ἔλαττον
1538 1343 1642 1393 τῶν
1710 1333 1887 1392 ἄλλων

229 1420 687 1501 θωματουργίῶν·
745 1420 928 1491 ἐπειδῆ
991 1425 1091 1500 γὰρ
1146 1425 1214 1492 τῇ
1270 1426 1379 1496 θείᾳ
1446 1425 1582 1502 ῥοπῇ
1642 1425 1735 1489 τὰς
1793 1447 1889 1505 χε-

235 1517 438 1589 λώνας,
484 1518 570 1575 καὶ
601 1516 722 1580 τοὺς
779 1515 1043 1595 μοχλοὺς,
1077 1516 1166 1573 καὶ
1215 1519 1309 1579 τὰς
1339 1515 1584 1581 δικέλλας
1634 1518 1888 1574 καταλεί-

233 1611 459 1680 ψαντες,
507 1605 721 1682 ἔφυγον,
755 1603 978 1679 μηδενὸς
1030 1602 1336 1679 διώκοντος,
1372 1609 1418 1662 οἱ
1463 1606 1711 1682 πολέμιοι
1768 1607 1886 1664 λοι-

232 1697 337 1752 πὸν
367 1695 459 1751 ἐπὶ
491 1700 560 1775 τῇ
589 1693 708 1761 ἑξῆς
741 1707 853 1755 τοῖς
889 1693 1230 1772 πετροϐόλοις
1263 1696 1588 1775 ἐχρήσαντο.

314 1783 454 1862 ρλϐ’.
525 1772 695 1840 Ἠσαν
756 1778 816 1840 δὲ
875 1787 1017 1842 οὗτοι
1059 1785 1376 1863 τετράγωνοι
1432 1788 1494 1842 Ex.
1549 1785 1887 1863 πλατυτὲρων

231 1875 445 1948 βάσεων
505 1874 580 1938 εἷς
652 1872 978 1950 στειωτέρας
1037 1875 1266 1953 κορυφὰς
1326 1873 1744 1952 καταλήγοντες,
1802 1873 1884 1952 ἐφ’

225 1964 302 2019 ὼν
360 1962 501 2030 ἦσαν
563 1960 821 2041 κυλινδροι
893 1977 1102 2042 παχεῖς
1161 1963 1278 2020 λίαν
1344 1961 1759 2040 σεσιδηρωμένοι
1819 1965 1884 2019 τὰ

231 2051 454 2131 πέρατα,
516 2052 602 2108 καὶ
663 2050 722 2108 π’
779 2051 949 2108 αὒτῶν
1009 2051 1362 2126 καθηλωμένα
1412 2051 1538 2118 ξύλα
1609 2055 1681 2114 ὼς
1739 2050 1883 2108 δοκοὶ

223 2139 473 2220 πεγάλης
525 2140 692 2202 οἰκίας
725 2140 922 2220 ἔχοντα
979 2141 1073 2204 τὰς
1126 2139 1434 2220 σφενδόνας,
1465 2141 1670 2205 αἵτινες
1715 2142 1883 2215 ὑψού-

223 2252 383 2305 μεναι
439 2229 635 2308 πέτρας
689 2231 1005 2305 ἀπέπεμπον
1063 2231 1150 2287 καὶ
1211 2230 1448 2306 μεγάλας
1517 2234 1608 2286 καί
1655 2231 1880 2310 συχνὰςς

222 2321 296 2383 ὡς
358 2317 499 2394 μηδὲ
559 2320 657 2386 τὴν
714 2321 815 2397 γῆν
873 2321 1113 2377 δύνασθαι
1173 2319 1346 2398 φέρειν
1399 2320 1494 2384 τὰς
1526 2321 1697 2376 αὐτῶν
1741 2318 1881 2397 ἐῤῥί-

227 2414 376 2486 ψεις,
423 2410 560 2482 μήτι
602 2431 662 2486 γε
717 2407 998 2484 οἰκοδομὴν
1044 2407 1396 2486 ἀνθρωπίνην,
1442 2408 1580 2464 ἀλλὰ
1635 2410 1722 2466 καὶ
1777 2431 1878 2466 σα-

227 2499 334 2556 νίσι
364 2499 460 2562 τὰς
503 2512 644 2576 τρεῖς
704 2499 866 2572 μόνον
915 2497 1141 2574 πλευρὰς
1196 2501 1302 2554 τῶν
1351 2497 1694 2574 τετραγώνων
1734 2499 1878 2555 ὲκεί-

227 2610 338 2643 νων
368 2586 709 2665 πετροκόλων
761 2585 1058 2666 διέφραξαν,
1094 2595 1166 2650 ὼς
1218 2588 1294 2662 μὴ
1342 2589 1461 2650 τοὺς
1492 2585 1638 2643 ἔνδον
1689 2588 1880 2644 καθεύ-

227 2672 418 2740 δοντας
477 2677 576 2732 ὕπὸ
628 2683 733 2732 τῶν
777 2676 835 2732 ἐκ
883 2675 975 2732 τοῦ
1029 2677 1240 2755 τείχους
1293 2676 1667 2754 τιτρώσκεσθαι
1723 2673 1882 2751 βέλε-

229 2786 342 2826 σιν,
389 2765 486 2821 Καὶ
529 2762 713 2832 ἐπειδὴ
775 2763 1023 2842 πυρφόρῳ
1078 2765 1220 2841 βέλεί
1279 2766 1366 2828 εἷς
1439 2763 1490 2830 ἐξ
1550 2765 1719 2821 αὑτῶν
1791 2764 1882 2820 σὺν

232 2867 360 2916 ταῖς
414 2855 615 2910 σανίσιν
674 2853 1060 2932 ἆπηνθρᾶκώθη
1087 2902 1104 2926 ,
1170 2851 1608 2920 διαϐαστάξα-ιτες
1667 2854 1732 2915 τὰ
1788 2854 1881 2931 ὄρ-

232 2963 373 3018 γανα
427 2943 809 3022 ὑπεχώρησαν,
846 2944 929 2998 καὶ
975 2949 1043 3018 τῇ
1095 2943 1216 3010 ἑξῆς
1251 2943 1458 3021 ἤγαγον
1489 2944 1670 3007 αὐτοὺς
1719 2941 1884 2998 πάλιν

1970 1238 2242 1302 Vultisne
2275 1249 2332 1301 et
2358 1240 2472 1302 alia
2498 1242 2716 1305 Christi
2751 1243 3034 1306 miracula
3060 1252 3197 1306 tunc
3228 1243 3380 1305 facta
3409 1249 3436 1306 ?
3467 1245 3622 1307 Pro-

1971 1347 2208 1409 ponam,
2243 1330 2396 1409 quod
2429 1330 2562 1393 aliis
2595 1332 2878 1411 prodigiis
2909 1332 3064 1394 haud
3099 1341 3191 1393 est
3221 1331 3436 1393 minus.
3473 1331 3619 1394 Cum

1971 1418 2128 1478 enim
2164 1419 2267 1481 Dei
2304 1429 2474 1500 nutu,
2509 1421 2904 1483 testudinibus
2934 1430 2991 1483 et
3021 1421 3285 1483 vectibus
3315 1431 3375 1482 et
3404 1421 3618 1500 ligoni-

1972 1505 2083 1567 bus
2113 1507 2358 1587 relictis,
2393 1509 2640 1584 inimici,
2685 1509 2846 1572 nullo
2895 1510 3271 1590 insequente,
3306 1509 3618 1591 fugissent,

1973 1594 2210 1657 tandem
2241 1596 2339 1659 die
2371 1602 2640 1679 sequenti
2673 1599 2996 1681 petrobolis
3018 1600 3110 1661 usi
3139 1609 3302 1663 sunt.

2053 1772 2188 1835 139.
2225 1772 2296 1834 Hi
2356 1783 2551 1835 autem
2585 1775 3089 1855 quadrangulares
3137 1784 3328 1856 erant,
3362 1795 3395 1838 a
3441 1776 3614 1838 latio-

1969 1859 2137 1922 ribus
2167 1860 2412 1924 basibus
2463 1864 2521 1924 in
2557 1865 2917 1944 angustioris
2972 1866 3198 1944 fastigia
3249 1866 3613 1941 desinentes,

1968 1967 2149 2030 supra
2181 1970 2316 2030 qua:
2348 1961 2515 2013 erant
2538 1953 2788 2033 cylindri
2809 1955 2984 2034 Spl8>l
3014 1954 3523 2027 admodum,t’erro
3543 1954 3618 2016 ad

1968 2040 2373 2102 extremitates
2390 2043 2602 2102 armati
2633 2043 2908 2124 lignaque
2923 2043 3102 2106 clavis
3125 2044 3290 2106 hisce
3304 2044 3474 2106 affixa
3498 2061 3619 2105 ma-

1967 2145 2097 2205 gnae
2120 2127 2331 2190 domus
2363 2132 2617 2192 trabium
2645 2134 2909 2194 adinstar
2932 2132 3178 2196 balistas
3206 2137 3614 2212 complecten-

1971 2217 2206 2297 tia,quaa
2226 2236 2458 2280 sursum
2479 2220 2685 2283 levata;
2704 2220 2934 2302 lapides
2967 2229 3281 2300 magnoset
3301 2223 3614 2283 continuos

1966 2305 2428 2382 emittebant,ita
2453 2318 2514 2370 ut
2539 2329 2744 2370 eorum
2779 2311 3031 2390 impetus
3057 2329 3165 2371 nec
3190 2319 3368 2385 terra,
3393 2308 3612 2371 nedum

1965 2393 2222 2457 humana
2281 2396 2560 2459 habitatio
2592 2398 2750 2461 ferre
2805 2407 3002 2478 posset
3031 2423 3046 2475 ;
3079 2417 3282 2460 verum
3319 2399 3431 2461 tria
3465 2399 3617 2460 dun-

1966 2487 2122 2545 taxat
2173 2487 2734 2565 quadrangularium
2767 2487 3006 2550 illorum
3037 2497 3150 2568 peti
3169 2488 3478 2550 obolorum
3521 2488 3610 2550 la-

1965 2580 2142 2648 teras,
2179 2593 2253 2635 ne
2282 2581 2382 2654 qui
2429 2576 2587 2638 intus
2642 2578 3047 2651 morabantur,
3080 2577 3330 2656 sagittis,
3364 2597 3396 2639 e
3445 2595 3612 2639 muro

1969 2661 2846 2739 emissis,laederentur,talibus
2868 2667 3273 2748 replerunt,ac
3305 2674 3610 2746 postquam

1969 2770 2120 2814 unus
2167 2771 2240 2815 ex
2271 2754 2359 2814 eis
2389 2773 2522 2814 cum
2560 2755 2776 2817 tabulis
2808 2756 2924 2817 telo
2986 2755 3236 2835 ignifero
3270 2755 3328 2816 in
3389 2755 3607 2817 carbo-

1968 2857 2074 2903 nes
2107 2841 2315 2903 fuisset
2361 2843 2659 2917 redactus,
2694 2845 3106 2907 instrumentis
3135 2844 3403 2920 sublatis,
3440 2845 3610 2906 abie-

1968 2939 2128 3004 runt,
2175 2931 2393 3012 dieque
2423 2933 2692 3014 sequenti
2738 2934 2980 2996 eosdem
3011 2953 3218 2995 rursus
3247 2931 3608 3014 petrobolos,

229 3030 352 3094 τοὺς
424 3018 1044 3110 πετροϐόλουςγβύρσαις
1116 3018 1438 3106 νεοδάρτοις,
1501 3035 1572 3095 ὡς
1628 3033 1876 3109 προείπο-

2051 3018 2227 3110 llibus
2259 3037 2448 3099 nuper
2477 3021 2780 3102 detractis,
2816 3031 2878 3082 ut
2925 3022 3148 3085 dictum
3182 3032 3291 3096 est,
3328 3041 3442 3084 una
3473 3040 3608 3084 cum

231 3140 352 3193 μεν,
388 3119 478 3174 σὺν
530 3132 654 3183 ταῖς
708 3121 904 3177 συνίσιν
949 3121 1367 3201 ἠμφιεσμένους,
1424 3123 1509 3177 καὶ
1561 3120 1876 3187 πλησιέστε-

2046 3107 2187 3201 aulis
2232 3110 2476 3171 vestitos
2505 3111 2898 3201 adduxerunt,
2934 3129 3224 3192 muroque
3259 3110 3328 3201 iis
3371 3110 3611 3201 pr0pius

229 3230 319 3284 ρον
377 3209 668 3277 στήσαντες
726 3216 818 3266 τοῦ
867 3211 1103 3288 τείχους,
1152 3209 1341 3268 ἔϐαλον
1385 3210 1480 3279 ὄρη
1531 3211 1627 3268 καί
1669 3211 1884 3286 βουνοὺς

228 3295 344 3353 καθ’
396 3298 552 3370 ἡμῶν
613 3297 995 3370 ἀκοντίζοντες·
1041 3305 1091 3356 τί
1133 3302 1232 3377 γὰρ
1268 3299 1328 3357 ἂν
1384 3298 1514 3356 ἄλλο
1543 3322 1623 3362 τις
1679 3297 1881 3376 καλέσῃ

228 3387 346 3449 τοὺς
379 3385 808 3464 ἆμειρομεγέθεις
841 3387 1068 3451 ἐκείνους
1097 3388 1266 3450 λίθους
1302 3410 1319 3461 ;

308 3471 422 3551 ρμ.’.
488 3479 622 3530 Εἶτα
678 3477 728 3530 τί
785 3477 914 3553 πρὸς
973 3484 1134 3534 ταῦτα
1211 3478 1257 3532 οἱ
1313 3482 1411 3543 τῆς
1469 3475 1726 3555 πόλεωςς
1785 3479 1873 3539 Τίς

1968 3195 2222 3258 admotis
2271 3207 2506 3260 montes
2549 3217 2616 3260 ac
2674 3199 2856 3261 colles
2893 3201 3193 3280 .quidnam
3237 3200 3396 3262 enim
3447 3199 3609 3262 aliud

1968 3284 2102 3365 quis
2132 3296 2296 3348 vocet
2357 3287 2586 3366 lapides
2616 3288 2749 3348 illos
2780 3307 2957 3368 supra
2988 3289 3229 3351 modum
3284 3307 3523 3367 magnos
3551 3287 3605 3369 ?)

1965 3373 2026 3434 in
2059 3394 2166 3436 nos
2194 3375 2442 3438 intortos
2472 3377 2745 3456 ejaculati
2777 3387 2937 3439 sunt.

2044 3464 2176 3526 140.
2237 3467 2346 3527 Ast
2375 3466 2516 3544 quid
2569 3465 2813 3540 deinde,
2851 3466 2950 3544 qui
3001 3466 3256 3528 civitatis
3303 3477 3498 3540 erant,
3529 3465 3604 3529 ad

227 3561 374 3639 Ἐγώ
435 3584 594 3640 φημι.
652 3565 724 3622 Οὐ
785 3563 1181 3620 κατεδειλίασαν
1238 3564 1522 3632 ἐπινοῆσαί
1580 3586 1696 3620 τινα
1767 3565 1871 3619 τῶν

2050 3556 2110 3614 c?
2135 3552 2318 3625 Quid?
2339 3555 2464 3631 Ego
2490 3555 2802 3617 dicam.De
2824 3555 2958 3632 fuga
2980 3573 3102 3634 prae
3126 3563 3287 3614 metu
3313 3573 3600 3635 quorum-

228 3650 620 3730 ἐπιφεροπένων
669 3653 991 3733 ἀποφυγεῖν
1040 3655 1202 3732 εἶχον
1245 3655 1367 3730 γὰρ,
1413 3655 1486 3717 ὡς
1537 3653 1868 3731 προείρηται,

1955 3639 2088 3701 dam
2123 3659 2190 3701 ex
2222 3642 2314 3715 iis,
2347 3641 2560 3722 quibus
2587 3645 2793 3702 civitas
2817 3643 3219 3722 premebatur,
3256 3643 3606 3723 arripienda

227 3737 418 3815 θάρσος
486 3760 535 3794 τι
595 3729 872 3816 ἐνσπαρένή
907 3729 1209 3804 αὒτοϊςηὲκ
1266 3742 1404 3804 θείας
1462 3740 1656 3815 ῥοπῆς,
1691 3729 1874 3795 ἡἘπεὶ

2046 3747 2079 3789 n
2113 3730 2461 3806 cogitarunt.
2515 3729 2830 3793 Habebam
2860 3733 3044 3811 enim,
3079 3739 3143 3791 ut
3169 3729 3390 3793 dictum
3425 3741 3536 3806 est,
3569 3749 3602 3793 θ

230 3826 352 3883 ποία
411 3826 691 3904 στεῤῥότης
748 3829 1046 3904 ἀνθρωπίνη
1117 3831 1176 3886 οὗ
1231 3828 1553 3906 κατέπτεχε,
1610 3829 1697 3883 καὶ
1740 3848 1877 3883 κατ-

1959 3815 2066 3878 Dei
2091 3817 2389 3882 voluntate
2411 3819 2645 3879 insitam
2691 3819 2800 3879 sibi
2825 3819 3153 3882 audaciam.
3189 3819 3432 3880 Etiamsi
3465 3820 3603 3880 talia

229 3921 505 3991 ενεκροῦτο
559 3922 627 3992 τῇ
675 3917 764 3974 θέά
821 3924 919 3984 τῆς
979 3915 1300 3995 πετροϐόλου
1369 3904 1614 3996 χαλᾶζης
1671 3916 1875 3982 ἐκείνης

2046 3923 2225 3996 mana
2251 3909 2431 3966 virtus
2464 3906 2616 3968 haud
2643 3907 2936 3996 sutl'erret,
2969 3908 3410 3996 lapidiferaeque
3432 3925 3603 3986 gran-

227 4005 314 4059 καὶ
371 4010 448 4077 τῷ
498 4004 736 4080 ἀστὲκτῳ
793 4008 946 4084 ῥοίζῳ
1003 4009 1102 4075 τῆς
1162 4007 1543 4087 χειροποιήτου
1606 4004 1874 4083 βροντῆς;

227 4087 375 4148 Ἀλλ’
437 4091 584 4166 ὅμως
649 4096 749 4151 ὑπὸ
808 4103 938 4154 Θεοῦ
1002 4096 1289 4173 ῥωσθέντες
1347 4092 1721 4151 ἐϐουλεύσαντο
1775 4096 1878 4170 πρὸ

1959 3993 2117 4055 dinis
2168 3995 2327 4056 illius
2354 4004 2598 4074 aspectu
2628 4014 2697 4056 ac
2748 3995 3102 4058 intolerabili
3137 3995 3377 4057 tonitrui
3429 4012 3606 4057 manu

1963 4083 2098 4144 facti
2139 4083 2368 4162 fragore
2401 4084 2862 4164 examinaretur,
2901 4084 3167 4147 roborati
3194 4096 3388 4146 tamen
3419 4103 3452 4145 a
3484 4086 3602 4146 Deo

224 4186 330 4236 τῶν
390 4179 658 4246 ἐπάλξεων
737 4185 946 4263 ἂρτίσαι
1022 4185 1084 4243 ἐκ
1156 4183 1359 4264 ῥάϐδων
1417 4183 1628 4240 λεπτῶν
1697 4183 1876 4259 ὥσπερ

2046 4182 2095 4234 te
2141 4174 2350 4253 pinnas
2381 4191 2590 4254 parare
2645 4173 2966 4234 viminibus
3014 4194 3047 4236 e
3102 4174 3377 4235 tenuibus
3424 4173 3602 4236 veluti

219 4271 337 4325 τινὰ
383 4273 757 4350 καθυφασμένα
818 4262 1294 4349 καταπετάσματα,
1355 4275 1438 4329 καὶ
1493 4275 1586 4337 τὰς
1646 4273 1700 4328 ἐν
1756 4285 1874 4336 τοῖς

2046 4271 2263 4324 ntextas
2293 4262 2574 4342 quasdam
2607 4263 2896 4336 cortinas,
2933 4281 3154 4343 eosque
3184 4263 3282 4343 qui
3315 4264 3374 4322 in
3406 4281 3602 4324 creua-

220 4355 610 4434 δειπν-τηρίοις
689 4363 790 4418 ὑπὸ
862 4364 982 4426 τοὺς
1067 4362 1382 4438 δαιτυμόνας
1462 4361 1738 4436 τιθεμένας
1813 4361 1874 4417 ἐκ

219 4447 474 4526 παπύρων
549 4451 637 4506 καὶ
707 4452 919 4508 σάκκων
987 4454 1289 4530 στρωμνὰς,
1348 4452 1440 4508 ἵνα
1516 4451 1609 4507 τοῦ
1678 4450 1871 4529 πέτρου

1956 4352 2107 4414 culis
2156 4353 2264 4413 sub
2315 4351 2574 4413 convivis
2633 4363 2960 4430 ponuntur,
3001 4371 3034 4413 e
3085 4369 3304 4432 papyro
3358 4350 3600 4431 linoque

1956 4441 2142 4504 lectos
2193 4449 2330 4503 sunt
2362 4440 2576 4520 moliti,
2610 4440 2767 4520 quod
2814 4440 3114 4502 allidentis
3164 4439 3380 4520 lapidis
3432 4459 3601 4520 aeque

219 4537 679 4614 προσαράσσοντος
762 4528 1110 4621 διαμαλαχθῇ
1195 4541 1372 4618 ὥσπερ
1444 4544 1480 4612 ἦ
1567 4541 1716 4604 τάσις
1781 4528 1874 4598 τοῦ

2055 4532 2187 4592 soni
2214 4529 2470 4592 tntensio
2503 4529 2590 4590 vel
2617 4528 2927 4591 teneritate
2951 4528 3421 4611 repercussionis
3444 4539 3598 4590 tem-

217 4623 573 4706 κρούσματος,
635 4628 671 4696 ἢ
728 4635 804 4702 τῷ
881 4618 1258 4710 διασπωμένῳ,
1307 4631 1343 4699 ἢ
1403 4636 1479 4704 τῷ
1541 4627 1732 4702 ἅπαλῷ
1774 4629 1872 4696 sic

2046 4628 2156 4680 rata
2184 4618 2573 4680 emolliretur.

219 4713 524 4778 ἀντιτυπίας
555 4714 948 4790 μεθοδευθετσα,

299 4800 457 4877 ρμα’.
520 4799 687 4859 Ἀλλὰ
716 4815 880 4864 ταῦτα
935 4807 1031 4881 μὲν
1091 4809 1164 4870 ὡς
1219 4807 1483 4884 ἅνθρωποι
1539 4807 1586 4863 οἱ
1619 4804 1712 4871 τῆς
1765 4805 1870 4860 πό-

2041 4794 2174 4857 141.
2210 4794 2314 4856 Ast
2372 4795 2495 4855 haec
2527 4762 2767 4873 quidem
2801 4797 2956 4856 cives
2985 4802 3048 4856 ut
3079 4795 3353 4857 homines
3385 4796 3598 4857 molie-

218 4887 352 4954 λεως
398 4888 798 4973 ὶϐουλεύσαντο,
837 4897 864 4950 ὁ
893 4879 947 4951 δέ
1000 4898 1127 4960 Θεὸς
1158 4897 1229 4961 ὡς
1281 4879 1675 4967 πταντοδύναμος
1708 4890 1872 4962 ἐϐοή-

2046 4891 2170 4943 ntur
2204 4904 2219 4952 ;
2275 4899 2474 4942 verum
2535 4879 2716 4950 Deus.
2751 4890 2812 4942 ut
2857 4881 3261 4961 omnipotens,
3294 4883 3602 4962 suppetias

214 4981 368 5051 θησε,
401 4983 498 5036 καὶ
554 4970 888 5060 παρέστησεν
927 4986 1064 5058 ἡμῖν
1108 4987 1181 5049 ὡς
1227 4987 1346 5063 οὐχὶ
1379 4984 1677 5061 ἀνθρωπίνη
1731 4983 1869 5057 βοή·

2048 4972 2090 5032 it
2118 4970 2411 5063 nobisque
2443 4970 2627 5030 adfuit
2655 4979 2743 5063 ut,
2775 4970 3274 5063 quemadmodum
3308 4971 3594 5063 scriptum

212 5066 346 5138 θεία,
406 5067 525 5123 ἀλλ’
570 5070 604 5136 ἡ
633 5057 791 5135 ’δεξιὰ
838 5057 995 5129 αὒτοῦ
1053 5074 1192 5139 μόνη
1239 5057 1404 5128 ἔσωσε
1476 5057 1612 5127 κατὰ
1655 5071 1715 5126 τὸ
1770 5091 1867 5146 γε-

2051 5079 2190 5133 ,non
2219 5060 2541 5120 humanum
2567 5057 2988 5130 auxilium,sed
3008 5061 3131 5119 sola
3154 5058 3340 5138 ipsius
3355 5059 3597 5122 dextera

212 5156 519 5230 γραμμένον
574 5159 674 5225 τὴν
703 5159 884 5238 πόλιν,
915 5163 1003 5217 καὶ
1057 5165 1083 5217 ὁ
1125 5162 1367 5238 βραχίων
1399 5164 1426 5216 ὁ
1481 5159 1628 5236 ἅγιος
1679 5157 1862 5221 αὒτοὺ.

2046 5157 2340 5228 ictumque
2353 5147 2481 5226 ejus
2501 5147 2804 5208 brachium
2824 5147 3118 5209 civitatem
3147 5148 3596 5220 servaret.Quid

210 5229 269 5301 Τί
323 5245 421 5322 γὰρ
451 5248 538 5301 καὶ
567 5249 751 5324 γέγονε
790 5268 805 5329 ς
859 5229 988 5306 ’λπὸ
1019 5229 1136 5308 τοῦ.
1162 5229 1349 5328 ὲιῦγόας
1379 5250 1480 5312 ἕως
1515 5229 1655 5326 ὧρας
1711 5245 1867 5303 1686-

2055 5257 2107 5299 m
2129 5249 2415 5318 praeterea
2435 5245 2523 5297 est
2549 5237 3060 5329 factum?lnim_icis
3079 5235 3151 5298 ab
3171 5254 3380 5298 aurora
3405 5256 3595 5314 usque

209 5354 319 5405 μης
369 5333 487 5390 καθ’
532 5336 760 5404 ἑκάστην
792 5325 1020 5416 ’ἡμέραν
1070 5325 1451 5410 ἂκοντίζόντων
1494 5325 1599 5394 τῶν
1657 5336 1862 5415 ἐχθρῶν

2053 5328 2257 5388 horam
2301 5326 2616 5404 septimam
2669 5325 2894 5405 lapides
2943 5325 3079 5386 illos
3127 5343 3304 5405 supra
3355 5326 3594 5387 modum

211 5421 330 5484 τοὺς
399 5423 830 5502 ἁπειρομεγέθεις
902 5413 1130 5491 ἐκείνους
1187 5430 1384 5500 Λίθους,
1445 5424 1617 5490 οὒδείς
1690 5413 1860 5481 αιῦτῶν

2046 5435 2188 5495 gnos
2213 5414 2477 5496 quotidie
2505 5414 2962 5494 ejaculantibus,
2987 5432 3193 5476 eorum
3237 5413 3362 5475 fere
3397 5415 3594 5476 nullus

214 5507 407 5587 σχεδὸν
462 5519 538 5586 τῷ
586 5515 756 5594 τείχει
815 5517 1201 5593 προσέπαυσεν,
1233 5515 1352 5573 ἀλλ’
1382 5516 1417 5584 ἢ
1474 5515 1573 5581 ἔξω
1602 5521 1694 5571 τοῦ
1749 5515 1860 5569 τεί-

2048 5523 2260 5566 nurum
2293 5503 2564 5583 impegit,
2597 5502 2700 5565 sed
2733 5504 2820 5564 vel
2855 5512 3018 5564 extra
3049 5520 3280 5562 murum
3314 5502 3403 5563 vel
3434 5503 3593 5564 inte-

219 5620 372 5676 κους,
431 5601 466 5672 ἢ
528 5591 794 5681 ἒνδὸτερον
845 5591 1213 5686 κατεφέροντο·
1272 5606 1331 5666 οὗ
1387 5604 1441 5664 δὲ
1477 5603 1852 5686 κατεφέροντο,

2046 5593 2516 5656 sdeferebantur
2548 5613 2564 5670 ;
2611 5611 2726 5672 quo
2761 5611 2896 5654 vero
2950 5591 3395 5668 deferebantur,
3426 5610 3593 5656 scro-
