3938 6134
419 284 581 352 1311
1797 283 2442 349 SUPPLEMENTUM.
3669 286 3830 353 i312

421 422 555 486 bem
618 420 980 498 efﬁciebant,
1015 431 1143 486 utut
1195 423 1394 486 multis
1442 441 1476 484 e
1530 421 1845 503 lapidibus,
1880 425 1978 504 qui
2039 439 2072 482 e

2222 424 2366 478 θυνον
2421 420 2736 502 ἀπετέλουδ,
2797 423 2965 481 καίτοι
3021 423 3236 482 πολλῶν
3294 431 3405 482 τῶν
3451 424 3512 482 ἐκ
3560 430 3662 491 τῆς
3715 424 3831 481 πό-

423 518 655 579 civitate
709 527 882 579 erant
928 518 1155 596 emissi,
1191 535 1298 598 per
1345 516 1812 596 petrobolorum,
1847 518 1944 596 qui
1997 515 2067 576 ad

2222 533 2288 572 ως
2359 510 2768 568 ἆκοντισθέντων
2824 511 2981 570 λίθων
3037 513 3121 570 διὰ
3183 522 3275 570 τοῦ
3355 525 3641 572 στενωπποῦ
3723 519 3830 579 τῆς

425 605 713 667 barbaros
743 606 1105 687 spectabant,
1135 606 1370 668 verticis
1400 615 1739 685 aperturam
1763 614 2068 685 angustam

2222 605 2382 677 ρυφῇς
2459 606 2564 656 τῶν
2620 599 2897 680 βαρϐάρων
2967 601 3326 677 πετροϐὸλων,
3388 606 3462 668 ὡς
3517 603 3569 668 ἒξ
3631 606 3832 659 ἐπιτα-

423 695 603 756 veluti
640 712 708 756 ex
742 695 1020 756 mandato
1049 695 1489 775 delabentibus,
1523 713 1766 773 eosque,
1786 699 1883 775 qui
1917 701 2070 754 intro

2222 710 2255 753 Ις
2333 688 2698 746 κατελθόντων
2766 691 2862 747 καί
2937 693 3058 753 τοὺς
3130 690 3271 746 ἔνδον
3346 694 3825 752 ἀποκτεινόντων,

423 792 614 864 erant,
665 784 1095 846 occidentibus.
1155 784 1376 847 Verum
1432 804 1507 844 ne
1549 785 1684 864 quis
1739 785 1910 860 forte,
1951 799 2070 844 non

2222 775 2306 832 λλ’
2361 777 2452 832 ’ίνα
2506 779 2584 852 μὴ
2640 800 2722 842 τις
2781 779 2842 834 ἐκ
2896 786 2990 836 τοῦ
3043 779 3336 854 συμϐάντος
3403 779 3705 859 ὑπολάϐοι,
3757 785 3829 843 ὣς

427 876 642 948 Deum,
666 873 771 934 sed
803 874 1201 936 Barbarorum
1235 874 1619 955 imperitiam,
1649 881 1711 934 ut
1731 873 1958 953 lapides
1981 872 2068 933 vel

2222 867 2276 955 1ῠὶ
2339 868 2490 955 Θεὸς,
2525 865 2649 955 ἀλλ’
2676 869 2710 933 ἡ
2746 874 2850 923 τῶν
2881 865 3158 944 έαρόάρων
3215 869 3425 947 ἀπειρία
3455 871 3551 930 τὰς
3608 869 3826 940 πέτρας

423 962 601 1034 intra,
655 962 742 1023 vel
795 973 957 1024 extra
1017 981 1251 1024 murum
1321 950 1750 1024 delaberentur
1791 950 2073 1023 effecisse

2222 950 2429 1031 Βοτέρω,
2463 954 2498 1021 ἢ
2559 953 2798 1031 ἐξωτέρω
2854 964 2946 1012 τοῦ
3006 958 3218 1036 τείχους
3286 958 3585 1023 πεποίηκεν
3645 958 3826 1013 ἀκον-

421 1050 765 1125 arbitretur,
803 1053 982 1131 hujus
1017 1054 1102 1114 rei
1149 1071 1325 1114 causa
1357 1061 1536 1113 totam
1571 1070 1700 1112 eam
1732 1051 1805 1112 ad
1841 1069 2067 1132 suppe-

427 1140 682 1202 daneum
715 1159 901 1220 usque
932 1141 1052 1202 ictu
1087 1142 1264 1203 unico
1300 1143 1615 1218 prostravit
1644 1143 1763 1218 (7).

511 1229 643 1291 I42.
687 1227 844 1292 Sane
900 1230 1240 1291 misericors
1290 1229 1472 1309 Deus,
1522 1250 1656 1291 cum
1707 1249 1808 1291 eos
1851 1230 1952 1310 qui
2010 1230 2071 1291 in

423 1336 591 1378 muro
620 1327 810 1396 erant,
841 1317 1124 1380 ineffabili
1162 1320 1482 1381 formidine
1507 1319 1718 1380 iterum
1763 1328 2073 1398 correptos

421 1406 688 1486 vidisset,
717 1406 972 1487 lapidem
1008 1407 1160 1468 haud
1194 1408 1450 1486 amplius
1479 1408 1540 1468 in
1572 1425 1705 1468 eum
1740 1408 2072 1488 impingere

426 1497 720 1576 permisit,
750 1505 875 1557 utut
905 1496 1078 1557 dictis
1121 1495 1467 1574 petrobolis,
1499 1498 1596 1577 qui
1632 1505 1836 1557 contra
1887 1497 2072 1556 solam

428 1585 778 1646 orientalem
810 1585 1062 1646 civitatis
1099 1585 1331 1665 plagam
1365 1593 1533 1646 erant
1563 1585 1787 1659 intorti,
1819 1587 2074 1666 amplius

2153 1043 2402 1120 τίζεσθαι,
2439 1043 2626 1098 τούτου
2658 1045 2818 1123 χάριν
2862 1052 2958 1119 μιᾷ
3001 1052 3186 1122 πληγᾷ
3241 1052 3413 1102 πᾶσαν
3447 1047 3617 1112 αὐτὴν
3681 1067 3825 1102 κατ·

2154 1130 2404 1202 έστρεψεν
2434 1131 2533 1193 ἕως
2573 1140 2667 1188 τοῦ
2698 1131 3015 1208 περιπάτου.

2233 1219 2377 1294 ρμβ’.
2444 1218 2664 1294 Ἀμελει
2726 1226 2753 1277 ὁ
2797 1224 3160 1300 φιλάνθρωπος
3221 1226 3348 1286 Θεὸς
3392 1226 3583 1302 ἀφάτῳ
3642 1224 3823 1296 δειλία

2153 1307 2449 1386 ληφθέντας
2493 1309 2652 1364 πάλιν
2701 1312 2822 1373 τοὺς
2865 1311 2918 1366 ἐν
2972 1319 3046 1383 τῷ
3075 1314 3243 1391 τείχει
3288 1315 3645 1386 θεασάμενος,
3689 1319 3822 1371 οὐκ·

2156 1396 2232 1452 έτι
2293 1408 2646 1474 προσκροῦσαι
2705 1402 2846 1456 λίθον
2898 1402 2952 1455 ἐν
3009 1403 3150 1474 αὖτῷ
3205 1403 3572 1480 συνεχώρησε,
3636 1406 3824 1458 καίτοι

2158 1492 2261 1541 τῶν
2333 1488 2624 1560 ὲῖρημένων
2696 1487 3034 1563 πετροϐόλων
3108 1491 3162 1546 ἐν
3216 1499 3287 1563 τῷ
3346 1491 3650 1562 ἀνατολικῷ
3729 1493 3824 1546 καί

2158 1589 2448 1650 μονομερεϊ
2496 1581 2593 1642 τῆς
2648 1577 2854 1638 πόλεως
2901 1577 3068 1634 πλείω
3123 1586 3227 1634 τῶν
3292 1584 3622 1648 πεντήκοντα
3686 1602 3825 1654 τυγ-

427 1674 859 1752 quinquaginta
882 1657 1324 1736 exsistantibus.
1357 1676 1501 1736 Cum
1529 1657 2074 1754 igitur,quijarula-

2222 1666 2458 1724 ινόντων.
2523 1657 2616 1745 ’ῼς
2661 1668 2747 1720 οὖν
2805 1667 3080 1740 ἀπέκαμον
3133 1668 3510 1739 ἀκοντίζοντες,
3547 1672 3636 1725 καὶ
3705 1693 3824 1742 μη-

428 1749 665 1833 bantur,
695 1749 1154 1842 defatigarentur
1184 1763 1451 1843 nihilque
1474 1749 2070 1844 proﬁcerent,'eadem

2222 1775 2242 1806 ν
2298 1752 2566 1831 ἀνύοντες,
2631 1757 2717 1809 καὶ
2773 1756 2968 1821 ταύτην
3014 1756 3108 1822 τὴν
3164 1756 3364 1833 ἡμέραν
3418 1758 3827 1836 ἆπειχώρησαν

428 1853 604 1913 etiam
639 1852 738 1913 die
789 1853 846 1912 in
886 1841 1116 1925 castra,
1151 1871 1282 1913 cum
1333 1841 1438 1932 per
1476 1841 1814 1912 inauditam
1857 1852 2073 1915 Christi

2222 1862 2231 1902 ;
2303 1842 2399 1907 τήν
2458 1841 2892 1918 στρατοπεδείαν,
2929 1841 3012 1898 διὰ
3071 1844 3167 1910 τῆς
3199 1845 3422 1921 ἀοράτου
3454 1847 3664 1912 σκέπης
3736 1857 3828 1905 τοῦ

428 1941 858 2021 protectionem
892 1944 1186 2001 incassum
1222 1939 1614 2006 laborasseut.
1652 1949 1791 2000 sunt
1821 1941 2068 2002 reversi.

2222 1937 2380 1986 διστοῦ
2435 1934 2993 2003 ματαιοπονήσαντες.
3042 1935 3126 1998 Εἷς
3185 1945 3430 1993 τοσοῦτον
3492 1935 3548 1991 δὲ
3625 1937 3827 2011 θάρσος

425 2019 515 2092 Ad
548 2039 769 2090 tantam
802 2039 999 2091 autem
1032 2029 1338 2090 audaciam
1374 2048 1477 2090 eos
1528 2030 1628 2110 qui
1660 2031 1873 2090 timore
1903 2042 2074 2091 erant

2232 2019 2416 2092 Κύριος
2469 2021 2588 2084 τοὺς
2644 2022 3060 2098 νενεκρωμένους
3119 2030 3195 2096 τῷ
3248 2022 3393 2101 φόϐῳ
3445 2023 3827 2101 διανεζώγρη-

429 2118 666 2197 mortui,
698 2118 987 2180 Dominus
1017 2117 1214 2179 denuo
1240 2118 1558 2188 revocavit,
1582 2127 1644 2178 ut
1665 2127 1794 2197 post
1817 2119 1940 2180 haec
1968 2137 2074 2197 per

429 2215 680 2286 portam,
717 2225 849 2286 quae
879 2207 950 2267 ad
1007 2225 1169 2268 mare
1225 2206 1387 2268 ducit
1434 2212 1608 2268 etiam
1666 2217 2076 2269 excurrerent.

425 2304 608 2371 atque
637 2314 670 2356 e
719 2295 983 2356 barbaris
1012 2299 1265 2376 aliquos,
1300 2295 1399 2376 qui
1449 2301 1508 2355 in
1555 2296 1702 2357 mari
1734 2314 1867 2358 sese
1916 2297 2076 2358 lava-

426 2384 590 2453 bant.
617 2384 983 2459 occiderent,
1011 2404 1078 2447 ac
1101 2393 1439 2464 antequam,
1474 2384 1614 2465 quid
1643 2385 1861 2445 factum
1893 2397 2074 2468 esset,

429 2475 724 2534 exercitus
755 2483 979 2553 nosset,
1014 2474 1178 2535 nulla
1229 2475 1381 2536 facta
1415 2491 1600 2547 mora,
1627 2473 1785 2549 quod
1812 2491 1928 2534 non
1957 2482 2079 2534 tan-

429 2572 553 2625 tum
606 2562 887 2624 adversus
920 2563 1078 2624 hunc
1123 2562 1306 2640 exire,
1341 2561 1443 2622 sed
1501 2571 1557 2623 et
1589 2579 1832 2642 parvum
1893 2571 2076 2642 portae

429 2660 654 2712 vectem
706 2651 1042 2730 adaperire,
1097 2652 1496 2730 periculosum
1558 2660 1740 2720 esset,
1799 2652 1920 2712 sint
1973 2669 2071 2712 re-

426 2759 599 2802 VBrSI.

511 2830 648 2894 143.
693 2829 836 2902 Quis
870 2831 995 2892 haec
1023 2828 1236 2890 divinae
1266 2829 1578 2891 voluntatis
1630 2829 1890 2891 facinora
1922 2831 2078 2893 haud

427 2937 563 2980 esse
595 2917 849 2980 afﬁrmet
869 2917 901 2977 ?
932 2917 1080 2991 Quid
1115 2919 1246 2997 ejus
1277 2918 1744 2980 misericordiam
1777 2937 1954 2998 supra
1986 2922 2076 2980 ci-

2157 2125 2270 2178 σεν,
2316 2108 2388 2169 ὡς
2448 2108 2581 2181 μετὰ
2641 2116 2804 2164 ταῦτα
2848 2111 2935 2164 καὶ
2989 2108 3341 2186 ἐπεκδραμεϊν
3391 2111 3475 2168 διά
3536 2115 3645 2180 τῆς
3691 2119 3829 2191 πρὸς

2160 2192 2426 2250 θάλασσαν
2475 2195 2672 2273 πύλης,
2704 2199 2791 2252 καί
2833 2220 2979 2260 τινας
3037 2205 3142 2254 τῶν
3171 2199 3224 2254 ἐν
3272 2208 3333 2276 τῇ
3365 2201 3613 2277 θαλάσσῃ
3659 2202 3827 2258 λουο-

2162 2281 2336 2354 μένων
2395 2283 2748 2362 έναποστεάξαι
2829 2285 3127 2365 βαρϐάρων,
3190 2291 3273 2344 καὶ
3330 2291 3597 2364 σύντομον
3656 2293 3829 2368 ἑργά-

2161 2375 2348 2428 σασθαι
2402 2374 2499 2440 τὴν
2554 2375 2893 2452 ἀποστροφὴν
2952 2378 3052 2452 πρὸ
3117 2379 3203 2434 τού
3259 2381 3455 2452 γνῶναι
3513 2380 3582 2435 τεὶ
3640 2380 3828 2447 πλήθη

2159 2461 2220 2515 τὸ
2283 2464 2519 2537 γεγονὸς,
2557 2461 2638 2518 ὅτι
2697 2462 2917 2541 φοϐερὸν
2949 2465 3015 2532 ἦν
3057 2471 3115 2524 οὐ
3163 2468 3324 2540 μόνον
3384 2469 3445 2524 τὸ
3494 2469 3618 2524 κατ’
3653 2474 3827 2527 αὑτῶν

2157 2545 2413 2622 ἐξελθεῖν,
2481 2549 2616 2610 ἀλλὰ
2667 2554 2753 2608 καὶ
2824 2555 2886 2609 τὸ
2958 2554 3186 2634 μοχλίον
3244 2555 3414 2621 πύλης
3494 2558 3825 2634 παρανοῖξαι

2157 2638 2370 2716 μικρὸν.

2241 2816 2396 2893 ρμγ’.
2459 2824 2631 2874 Ταῦτα
2662 2820 2736 2880 τίς
2787 2819 2913 2898 auxi
2968 2825 3066 2886 τῆς
3129 2822 3276 2883 θείας
3308 2823 3476 2898 ῥοπῆς
3524 2826 3676 2880 εἶναι
3724 2829 3826 2902 φή-

2163 2925 2306 2959 σοιτο
2388 2905 2821 2982 κατορθώματα;
2906 2909 2994 2972 Τίς
3052 2912 3174 2988 οὐχὶ
3248 2913 3345 2976 τὴν
3416 2911 3824 2990 εὔσπλαγχνίατι

424 3008 662 3069 vitatem
687 3015 827 3068 tunc
859 3008 1041 3068 fuisse
1065 2992 1403 3087 adductam,
1437 3007 1591 3068 haud
1625 2992 2019 3070 conﬁteantur
2049 3009 2079 3068 ?

2222 2992 2320 3047 ιτοῦ
2363 2993 2677 3070 ὁμολογήσῃ
2726 2997 2844 3051 τότε
2877 3001 3240 3075 καταχθεῒσαν
3292 3000 3359 3067 τῆ
3389 3000 3547 3055 πόλει
3582 3019 3599 3074 ς
3659 3001 3824 3058 Ἀλλὰ

427 3095 668 3196 Verum
704 3097 910 3178 quidni
941 3097 1030 3196 a-d-
1074 3096 1129 3158 id
1165 3097 1321 3196 quod
1355 3083 1721 3196 praecipuum
1768 3099 2077 3196 est,‘venio

2254 3084 2330 3154 μὴ
2379 3085 2492 3160 περὶ
2523 3084 2582 3138 τε)
2635 3087 2835 3160 καίριον
2869 3085 3123 3165 ἔρχομαι,
3158 3090 3245 3142 καὶ
3287 3089 3386 3154 τὴν
3422 3093 3705 3168 αὖτοφανῆ
3737 3099 3826 3147 τοῦ

2238 3182 2280 3196 ι-
2335 3172 2407 3196 1-,
2724 3195 2728 3196 ν
2773 3175 2782 3192 ο
3186 3175 3195 3191 ι
3391 3177 3401 3196 9
3480 3178 3518 3196 In
3773 3182 3780 3190 ι

430 3174 940 3264 certaminumque
965 3174 1238 3263 Victoris,
1261 3174 1416 3264 quod
1443 3205 1508 3247 se
1532 3174 1944 3260 manifestavit,
1966 3205 2076 3249 au-

2227 3174 2449 3248 Λογόρου
2537 3175 2846 3250 συμμαχίαν
2932 3175 3297 3251 γεγενημένην
3385 3177 3654 3251 ἐντίθημι,
3731 3182 3824 3246 τηῖ

429 3272 730 3351 xilium,in
769 3259 927 3332 bello
954 3259 1416 3352 suppeditat-um,
1440 3274 1600 3350 quod
1626 3283 1683 3334 et
1715 3259 1972 3336 maxime
1995 3277 2079 3336 in-

2222 3260 2247 3315 Li
2294 3262 2412 3324 τοὺς
2445 3259 2560 3315 λίαν
2616 3261 2862 3323 ἀπίστους
2918 3265 2990 3327 εἷς
3023 3265 3116 3330 την
3161 3267 3255 3320 τοῦ
3300 3266 3620 3342 πράγματος
3693 3290 3827 3343 συγ-

431 3347 708 3422 credulos
740 3360 812 3421 ad
839 3363 924 3421 rei
957 3347 1489 3422 assentiendume‘t
1517 3361 1590 3422 ad
1621 3371 1930 3442 martyrem
1960 3364 2079 3426 lau-

2222 3349 2458 3416 ιθαθεσιν,
2522 3351 2616 3404 καὶ
2673 3347 2972 3428 δοξολογίαν
3043 3360 3134 3408 τοῦ
3205 3354 3464 3431 μάρτυρος
3540 3355 3824 3411 συνελάσαι

429 3449 691 3511 dandum
723 3449 1010 3511 inducere
1030 3457 1383 3530 potest,utut
1405 3449 1844 3512 narrationibus
1875 3450 2078 3513 inﬁni-

429 3541 504 3600 tis
526 3539 681 3617 aliis,
707 3558 836 3619 quae
865 3539 1196 3600 inauditum
1229 3557 1297 3600 ac
1315 3539 1556 3600 caeleste
1595 3539 1875 3602 auxilium
1911 3541 2081 3603 nobis

430 3628 904 3705 ostendunt,uon
930 3626 1368 3707 deﬁcientibus,
1401 3628 1552 3689 haud
1588 3628 1898 3708 propono?
1930 3629 2077 3692 lllud

430 3717 591 3779 enim
643 3727 848 3779 contra
898 3716 1172 3780 inimicos
1225 3717 1574 3778 miraculum
1610 3735 1716 3796 per
1761 3717 2082 3795 ipsummet

430 3815 744 3887 martyrem
778 3814 1057 3887 operatus
1089 3815 1177 3866 est
1209 3805 1514 3867 Dominus.
1551 3807 1766 3867 Sancta
1797 3814 1925 3868 erat
1951 3808 2081 3869 dies

427 3895 744 3958 Dominico
798 3894 1127 3956 obsidionis
1160 3903 1374 3955 nostrae
1432 3895 1683 3974 septima
1732 3913 1800 3957 ac
1847 3896 2078 3976 ultima,

425 3997 605 4064 atque
631 3985 782 4045 hanc
801 3984 977 4046 veluti
1001 3984 1076 4045 ob
1097 3983 1328 4044 dierum
1353 3985 1786 4064 praeteritorum
1814 3985 2079 4048 laborem

431 4072 629 4152 quiete
656 4073 882 4134 inimici
915 4072 1333 4150 transigentes,
1361 4073 1634 4152 sequenti
1665 4082 1728 4134 ut
1757 4073 1854 4133 die
1885 4083 2082 4135 certa-

426 4180 560 4223 me-i
595 4161 880 4224 adversus
909 4163 1207 4223 civitatem
1238 4179 1447 4222 omnes
1479 4162 1742 4234 omnino,
1783 4164 1997 4223 mmnia
2021 4163 2080 4224 in

427 4251 677 4312 circuitu
695 4251 1184 4330 invadentes,per
1207 4250 1380 4310 vitam
1411 4258 1468 4310 et
1499 4268 1706 4310 necem
1739 4250 2079 4312 committe-

427 4357 586 4422 rent,
619 4342 1206 4421 circumspiciebant,
1245 4351 1314 4402 ut
1357 4341 1444 4401 vel
1480 4340 1699 4402 timore
1741 4343 2083 4420 percutiens

2165 3434 2473 3513 ὀφείλουσαν
2517 3438 2683 3492 καίτοι
2716 3440 2809 3494 καί
2861 3438 3038 3494 ἄλλων
3069 3447 3268 3519 μυρίων
3328 3441 3689 3518 διηγημάτων
3734 3447 3828 3500 οὐκ

2164 3521 2467 3600 ἔπορύντων
2526 3527 2702 3604 ἡμῶν,
2732 3531 2838 3581 τῶν
2894 3529 2995 3594 τὴν
3040 3529 3266 3606 ἀόρατον
3314 3533 3450 3603 ἡμῖν
3509 3533 3601 3587 καὶ
3660 3533 3823 3608 οὖρά-

2163 3635 2272 3668 νιον
2331 3615 2725 3690 σαφηνιζόντων
2777 3616 3027 3690 βοήθειαν
3090 3637 3106 3691 ;
3169 3626 3333 3676 Τοῦτο
3392 3621 3493 3695 γὰρ
3527 3622 3590 3675 τξρ
3652 3625 3828 3695 θαῦμα

2163 3703 2298 3756 κατὰ
2341 3704 2445 3758 ubi
2478 3702 2749 3775 πολεμίων
2780 3707 2808 3760 ὁ
2868 3708 3047 3783 Κύριος
3080 3706 3162 3763 διὰ
3219 3715 3309 3764 τοῦ
3339 3709 3602 3786 μάρτυρος
3662 3711 3822 3766 αὐτοῦ

2164 3788 2548 3866 ἀπειργάσατο.
2621 3784 2774 3868 ’Λγία
2847 3793 3160 3872 ἐτύγχαιειν
3228 3798 3463 3874 Κυριακή
3619 3798 3822 3873 ἑϐδόμη

2162 3879 2250 3934 καὶ
2291 3878 2564 3936 τελευταία
2624 3885 2721 3946 τῆς
2782 3881 3089 3957 πολιορκίας
3151 3887 3330 3962 ἡμῶν,
3365 3888 3449 3940 καὶ
3508 3885 3577 3951 δὴ
3623 3890 3824 3954 ταύτην

2163 3968 2234 4030 ὡς
2279 3965 2337 4022 ἐκ
2380 3968 2619 4042 καμάτου
2658 3975 2762 4025 τῶν
2814 3969 3190 4047 προλαὸουσῶν
3235 3976 3448 4048 ἡμερῶν
3499 3979 3821 4052 καθησυγέ-

2164 4077 2348 4120 σαντες
2410 4059 2456 4112 οἱ
2489 4057 2715 4132 πολέμοι
2759 4059 3079 4116 ἐσκέπτοντο
3128 4064 3290 4140 μέχρι
3347 4068 3488 4132 ζωῆς
3521 4066 3612 4120 γαὶ
3667 4047 3820 4121 θιζά-

2164 4165 2255 4199 του
2315 4143 2629 4218 συμπλοκὴν
2684 4147 2752 4215 τῇ
2811 4148 2929 4215 ἑξῆς
2985 4152 3121 4205 κατὰ
3179 4156 3274 4216 τῆς
3335 4152 3544 4214 πόλεως
3590 4153 3818 4231 ἀπεργα-

2165 4236 2379 4311 σασθαι,
2437 4235 2650 4290 πάιτων
2682 4235 2844 4311 ἄρδην
2897 4239 3313 4312 συνεπιθεμένων
3368 4240 3547 4311 κύκλῳ
3594 4247 3671 4313 τῷ
3717 4244 3816 4300 τεί-

2166 4341 2281 4398 χει,
2315 4320 2404 4376 ἵνα
2457 4322 2492 4389 ἢ
2542 4321 2766 4402 σφοδρὸν
2812 4332 2915 4389 τῶς
2974 4324 3208 4400 ἐμϐολῆς
3254 4329 3603 4396 καταπλῆΞαν
3661 4331 3814 4388 ἀπώ-

427 4411 776 4512 irruptionis
832 4411 1216 4492 vehementes
1283 4428 1600 4501 custodes,
1663 4411 1762 4508 qui
1845 4449 2079 4492 sursum

2222 4431 2326 4475 rem
2386 4411 2534 4466 κάτω
2586 4414 2706 4476 τοὺς
2760 4413 2813 4469 ἐν
2875 4429 2996 4480 ταῖς
3055 4415 3299 4483 ἐπάλξεσι
3357 4418 3620 4497 φύλακας,
3653 4421 3689 4487 ἢ
3741 4423 3810 4495 μὴ

2245 4498 2256 4518 ι
2519 4501 2531 4518 ι
2741 4505 2754 4518 ς
2866 4503 2879 4518 .
2970 4502 2999 4518 ρ
3041 4504 3052 4518 ,
3362 4510 3371 4518 .
3662 4505 3699 4518 -.
3768 4512 3778 4518 .

430 4490 618 4591 erant
653 4529 974 4598 amoveret,
1011 4518 1127 4590 vel,
1161 4517 1208 4577 si
1265 4519 1319 4578 id
1357 4535 1427 4579 ex
1472 4526 1602 4577 voto
1634 4490 1752 4578 non
1794 4519 2079 4580 succede-

2222 4498 2354 4552 μύτου
2410 4501 2544 4555 κατὰ
2599 4505 2799 4558 σκοπὸν
2857 4502 3261 4577 ἀποϐαίνοντος,
3322 4510 3418 4573 τὴν
3491 4520 3621 4583 γούν
3662 4505 3807 4564 ’ἀπό-

429 4615 541 4687 ret,
576 4609 940 4686 experientia
988 4608 1218 4676 saltem,
1254 4622 1388 4668 sese
1450 4605 1739 4685 deinceps
1770 4609 2084 4687 pugnando

431 4695 579 4757 nihil
613 4697 899 4775 proiicere
931 4712 1127 4775 posse,
1158 4694 1554 4758 addiscerem.

516 4786 650 4846 144.
708 4787 902 4864 Atque
956 4785 1080 4844 haec
1121 4802 1255 4844 cum
1308 4783 1418 4863 illi,
1453 4783 1598 4844 utie
1648 4785 1967 4864 transfugis
1997 4785 2083 4846 di-

430 4893 600 4936 scere
624 4875 943 4955 potuimus,
980 4872 1435 4941 meditarentur,
1465 4890 1692 4953 uosque
1713 4873 1790 4934 ob
1816 4876 2076 4937 futurum

2169 4608 2352 4677 πειραν
2405 4585 2639 4660 λάϐοιεν,
2672 4599 2765 4648 τοῦ
2830 4591 2997 4667 μηδὲν
3050 4592 3238 4651 λοιπὸν
3282 4595 3627 4675 μαχομένους
3685 4601 3809 4677 ὡρι-

2166 4673 2282 4730 λεϊν
2315 4675 2567 4746 ἀνήνυτα,

2247 4762 2385 4838 ομδῖ
2427 4768 2522 4822 Καὶ
2575 4765 2638 4831 δὴ
2670 4772 2869 4824 τούτων
2928 4774 3109 4834 αὒτο·’ς
3151 4769 3610 4847 βεϐουλευμένων,
3639 4777 3710 4836 ὡς
3759 4776 3807 4831 ἐκ

2165 4859 2270 4908 τῶν
2328 4855 2690 4930 προσρυέντων
2772 4862 2962 4930 μαθεῖν
3031 4859 3385 4935 ἠδυνήθημεν,
3452 4865 3540 4917 καὶ
3613 4867 3805 4922 πάντων

431 4963 529 5025 die
551 4939 819 5043 sequenti
853 4970 1156 5024 tentamen
1185 4962 1406 5022 timore
1423 4939 1693 5021 essemus
1723 4979 1931 5023 omnes
1954 4981 2079 5025 cor-

2222 4948 2321 5040 aibv
2381 4943 2436 4995 ἐν
2496 4942 2642 5018 φόϐῳ
2705 4949 3037 5024 συσχεθένων
3084 4950 3200 5026 περὶ
3255 4955 3352 5014 τῆς
3399 4949 3698 5022 μελλούσης

427 5053 601 5132 repti,
629 5052 822 5114 subito
854 5050 964 5113 sub
983 5052 1189 5112 horam
1215 5049 1336 5110 diei
1370 5050 1639 5129 ejusdem
1675 5060 1937 5110 octavam
1962 5071 2085 5112 om-

429 5159 534 5202 nes
566 5141 817 5214 circum,
841 5140 940 5220 qui
969 5140 1040 5200 ad
1069 5138 1467 5200 Barbarorum
1499 5137 1828 5198 exercitum
1861 5147 2086 5217 specta.

431 5229 862 5308 bant,clamore
883 5228 1060 5288 simul
1082 5225 1348 5298 edito,ad
1373 5225 1660 5286 montium
1684 5227 2080 5302 summitates,

434 5319 703 5380 tentoriis
728 5335 844 5378 una
876 5335 1007 5376 cum
1043 5314 1388 5375 eorumdem
1413 5322 1697 5392 apparatu
1722 5314 2084 5394 relictus,l'u-

431 5415 665 5486 gerunt,
699 5406 954 5484 talisque
983 5412 1110 5464 erat
1139 5421 1270 5483 qua:
1301 5402 1462 5482 ipsos
1493 5420 1527 5462 a
1560 5413 1757 5463 mente
1786 5403 2085 5465 abaliena-

505 5524 584 5590 (7)
639 5522 1021 5593 Aliquiduhic
1081 5523 1286 5593 iterum
1333 5518 1803 5593 in‘textquco
1859 5523 2085 5593 videtur

435 5589 708 5656 omissum
733 5589 767 5657 ε’
797 5591 1019 5647 nullum
1049 5596 1205 5648 enim
1235 5591 1286 5647 is
1325 5589 1770 5654 subetantivum.
1805 5591 1874 5649 ad
1929 5599 2085 5666 quod

2166 5028 2287 5094 ἑξῆς
2343 5031 2576 5106 γίνεσθαι
2633 5032 2942 5108 ἐξετάσεως,
3006 5037 3154 5116 ἄφνω
3209 5041 3324 5114 περὶ
3367 5041 3510 5116 ὥραν
3570 5047 3665 5106 τῆς
3720 5047 3801 5100 αὖ·

2167 5123 2264 5207 ’ξῆς
2325 5120 2524 5196 ἡμέρας
2560 5120 2756 5197 ὀγδόην
2814 5124 3074 5204 ἅπαντες,
3109 5127 3294 5204 ἀθρόον
3342 5127 3524 5199 κύκλῳ
3551 5132 3643 5186 τὸν

2167 5204 2328 5283 ὄαρον
2401 5207 2813 5287 ἀνακράξαντες,
2875 5213 2968 5270 ἐπί
3044 5216 3138 5278 τὰς
3213 5216 3501 5294 ἀκρωρείας
3570 5204 3801 5295 φυγόντες

2166 5297 2457 5374 ἂπῴχοντο
2488 5299 2906 5374 καταλείψαντες
2964 5304 3057 5367 τὰς
3091 5308 3292 5369 σκηνὰς
3348 5307 3438 5360 σὺν
3469 5319 3594 5369 ταῖς
3653 5312 3800 5366 αὖτῶν

2165 5383 2442 5461 ἐξαρτίαις,
2508 5389 2595 5443 καὶ
2665 5391 2898 5458 τοσαύτη
2962 5391 3026 5458 ἧν
3100 5391 3534 5468 ἐκδειματώσαοα
3611 5399 3799 5458 τούτους

2169 5514 2410 5610 nomina
2442 5521 2616 5610 πᾷσαν
2663 5519 2848 5608 nothi,
2885 5527 3073 5583 totam
3131 5540 3283 5598 eam,
3317 5523 3532 5585 referri
3582 5534 3794 5610 queant,

2168 5594 2605 5680 complectitur.
