3938 6134
164 305 319 392 1313

160 460 519 542 κατάπλῆξις,
579 460 649 523 ὥς
708 484 853 524 τινας
900 460 1069 519 αὖτῶν
1112 459 1342 523 ἀόπλους
1373 481 1440 538 φυ
1457 470 1561 535 (εῖν
1591 477 1603 490 ·

161 553 284 628 περί
337 567 441 607 που
499 573 655 623 τριων
705 551 856 630 ὡρῶν
915 551 998 606 ἐπὶ
1057 551 1152 615 τὰς
1205 550 1435 628 κορυφὰς
1478 554 1584 604 τῶν
1641 545 1798 621 ἐγγὺς

162 639 330 716 ὀρέων
409 638 811 712 διαμείναντες,
882 638 1076 700 ίδόντες
1135 640 1168 693 ἃ
1225 637 1392 710 εἶδον,
1455 639 1527 698 ὡς
1583 633 1800 711 ὕστερον

162 727 426 805 ἔγνωμεν,
475 726 715 793 δύνοντος
745 735 837 784 τοῦ
865 726 1040 806 ἡλίου,
1076 731 1216 790 αὖθις
1263 725 1526 792 κατῆλθον
1569 723 1653 780 ἐπὶ
1702 723 1797 783 τὰς

163 817 366 882 σκηνὰς
423 817 646 887 ἑαυτῶν,
683 815 948 885 ἀλλήλους
1002 816 1062 872 ὲκ
1105 817 1392 894 προμυθίας
1444 821 1534 871 τοῦ
1565 810 1794 889 ἀθλοφό-

162 926 256 982 ροδ
289 903 692 978 σκυλεύσαντες,
741 907 813 967 ὡς
859 907 946 961 καὶ
996 905 1316 982 τραυματίας
1373 904 1493 966 τοὺς
1523 901 1798 960 πλείστους

165 997 431 1071 γενεσθαι.
497 996 633 1049 Εἶτα
687 998 786 1060 τῆς
841 995 1022 1057 ννκτὸς
1082 993 1288 1059 ἓκείνης
1349 991 1706 1056 διανυσθείσης
1747 988 1800 1042 ἐν

160 1083 370 1160 ἠσυχίᾳ
411 1081 611 1161 πολλῇ,
663 1084 748 1138 καὶ
787 1086 887 1160 οὐχ
929 1085 1000 1144 ὡς
1046 1085 1098 1137 αἱ
1141 1082 1416 1161 πρότερον,
1467 1086 1557 1140 τοῦ
1613 1076 1801 1155 αὕγους

163 1171 444 1250 φανέντος,
504 1172 672 1226 ἱκανοὶ
725 1171 832 1226 τῶν
884 1174 1089 1248 ἐχθρῶν
1143 1176 1259 1249 περί
1307 1171 1400 1236 τὰς
1438 1168 1599 1229 πύλας
1629 1186 1801 1245 προσ-

165 1261 413 1333 ρυόμενοι
473 1257 766 1336 ἐφάνησαν,
847 1264 952 1314 τῶν
1012 1257 1067 1314 δὲ
1123 1261 1220 1324 τῆς
1282 1259 1508 1338 ἀμέτρου
1566 1255 1802 1321 πληθύος

168 1348 376 1413 ἐκείνης
409 1349 649 1425 ἐφαίνετο
677 1346 865 1410 οὐδείς,

258 1603 399 1691 ρμε’.
468 1613 605 1670 Εἶτα
676 1611 1104 1680 διευλαϐηθὲντες
1166 1615 1205 1680 ἡ
1254 1613 1410 1674 πόλις
1481 1611 1632 1669 δόλον
1691 1609 1808 1666 τινὰ

1256 309 1315 390 s.
1353 301 1730 390 summa
1772 301 2170 384 MARTYRIS
2208 303 2429 387 ACTA.

1666 455 1790 512 εἶτα
1811 462 1846 509 Α
1875 453 1975 513 bat
2003 456 2406 517 consternatio
2431 463 2492 517 ut
2533 453 2715 536 aliqui
2737 454 2914 517 etiam
2938 453 3164 537 absque
3184 459 3367 519 armis
3389 459 3514 522 suis

3363 303 3512 390 1314

1881 541 2177 620 fugerent.
2206 545 2434 608 Deinde
2455 563 2588 607 cum
2620 545 2783 606 horis
2805 544 3049 606 eircitur
3071 544 3261 606 tribus
3283 546 3341 607 in
3362 548 3510 610 vici-

1881 649 2090 692 norum
2127 635 2412 695 montium
2443 633 2882 695 summitatibus
2915 633 3404 717 permansissent,
3443 637 3513 699 iis

1882 738 2013 796 qua;
2042 721 2338 797 viderunt,
2371 732 2432 783 ut
2481 731 2683 802 postea
2713 723 3117 802 cognovimus,
3152 727 3514 805 conspectis,

1881 826 2110 889 rursus,
2145 811 2272 873 sole
2303 812 2639 883 occidente,
2673 812 2742 872 ad
2780 812 3036 872 tentoria
3064 830 3172 872 sua
3197 831 3331 875 sese
3359 815 3517 876 invi-

1881 915 2037 977 cem,
2068 898 2145 960 ita
2175 907 2238 960 ut
2269 899 2505 980 plurimi
2535 901 3015 980 vulnerarentur,
3048 919 3082 961 e
3122 903 3513 965 certaminum

1881 985 2125 1048 victoris
2150 988 2516 1067 providentia
2537 988 2847 1050 trudentes
2869 996 3006 1049 sunt
3030 991 3516 1054 reversi.Deinde

1885 1093 2018 1135 cum
2045 1085 2278 1138 noctem
2306 1077 2464 1138 illam
2496 1078 2929 1158 quiete,contra
2950 1096 3018 1138 ac
3043 1080 3520 1157 prmcedeutibus

1887 1164 2157 1226 noctibus
2187 1165 2402 1228 factum
2439 1167 2671 1248 fuisset,
2704 1167 3154 1246 transegissent,
3174 1169 3272 1230 die
3305 1169 3518 1233 illuce-

1885 1262 2110 1327 scente,
2141 1255 2519 1318 inimicorum
2552 1265 2640 1318 sat
2670 1257 2862 1327 multi,
2897 1256 2998 1333 qui
3031 1257 3102 1317 ad
3137 1266 3340 1336 portas
3369 1278 3518 1321 con-

1887 1342 2198 1418 ﬂuxerant,
2235 1345 2401 1406 fuere
2433 1346 2734 1424 conspecti
2763 1365 2778 1421 ;
2813 1345 3049 1406 illorum
3089 1355 3285 1407 autem
3317 1349 3421 1424 qui
3449 1367 3522 1412 ex

1891 1429 2205 1494 innumera
2233 1432 2334 1495 illa
2364 1434 2745 1496 multitudine
2787 1435 3043 1514 fuerant,
3079 1435 3280 1498 nullus
3331 1456 3520 1518 appa-

1890 1518 2030 1582 ruit.

1970 1609 2106 1670 M5.
2143 1610 2371 1673 Deinde
2400 1631 2532 1673 cum
2586 1611 2810 1684 civitas,
2845 1632 2920 1673 ne
2977 1613 3146 1675 dolus
3202 1615 3412 1696 aliquis
3441 1625 3525 1679 at-

171 1701 557 1768 καθεστηκὲναι
613 1704 700 1758 καὶ
757 1700 990 1779 ἐνέδραν,
1037 1701 1154 1758 οὕτε
1209 1702 1300 1763 τὰς
1355 1701 1520 1764 πύλας
1553 1699 1804 1777 ἀνέῳξαν,

1907 1714 2008 1794 que
2039 1697 2269 1760 insidiae
2290 1699 2634 1794 subessent,
2671 1709 2986 1780 metueret,
3019 1719 3127 1762 nec
3159 1711 3356 1782 portas
3377 1723 3523 1785 ape-

175 1791 295 1848 ούτε
354 1793 473 1853 τοὺς
519 1792 1002 1870 προσχωρήσαντες
1059 1789 1179 1847 τότε
1239 1791 1343 1847 τῶν
1387 1791 1634 1846 ἐναντίων
1691 1785 1808 1842 ἐδε-

1907 1784 2153 1874 r_uit,nec
2183 1805 2255 1849 ex
2287 1787 2546 1849 inimicis
2566 1789 2829 1869 illos,qui
2862 1784 3524 1874 accesserant,recepit.

175 1880 335 1944 ξαντο
369 1899 382 1913 ⁸
430 1879 644 1935 ἐκείνων
699 1877 753 1934 δὲ
803 1879 1033 1936 πλεῖστα
1089 1879 1336 1956 βοώντων
1393 1881 1478 1935 καὶ
1522 1875 1813 1951 διομνυμέο

177 1992 306 2041 νων,
341 1971 414 2032 ὡς
444 1967 633 2047 ἔφυγον
668 1974 732 2044 τῇ
767 1968 919 2024 νυκτί
970 1969 1165 2030 πάντες
1195 1969 1430 2046 ἀψοφητὶ
1463 1969 1510 2023 οἱ
1540 1965 1810 2039 πολέμιοι,

178 2057 336 2132 μόλις
364 2062 479 2136 περὶ
509 2058 763 2131 πέμπτην
811 2056 951 2133 ὥραν
1007 2059 1106 2122 τῆς
1167 2057 1366 2134 ἡμέρας
1409 2060 1615 2117 τούτοις
1665 2055 1814 2109 ἀνοίσ-

178 2146 360 2210 ξαντες
443 2143 784 2209 εἰσεδέξαντο.
872 2147 967 2210 Ὧς
1042 2144 1097 2200 δὲ
1172 2145 1393 2224 ἠρώτων
1455 2141 1814 2222 ἀπαγγέλλειν

178 2231 426 2309 ἆψευδῶς
479 2234 544 2289 τὰ
605 2231 989 2309 βεϐουλευμένα
1049 2246 1167 2294 τοῖς
1227 2234 1468 2313 ἐχθροῖς,
1528 2234 1614 2289 καὶ
1676 2232 1812 2294 τίνος

183 2323 342 2402 χάριν
385 2323 566 2384 αὐτοῖς
627 2325 1094 2401 προσεχώρησαν,
1139 2321 1342 2401 ἔφησαν
1377 2339 1390 2353 ⁸
1452 2313 1643 2396 Ἡμεῖς
1716 2321 1814 2395 μὲν

177 2413 315 2488 πρὸς
369 2411 502 2485 ὑμᾶς
549 2412 956 2492 κατεφύγομεν,
1006 2411 1099 2467 ’ίνα
1155 2413 1234 2486 μὴ
1293 2409 1659 2488 διαφθαρῶμεν
1712 2410 1813 2464 ὑπὸ

177 2506 271 2556 τοῦ
327 2498 537 2577 λοιμοῦ,
599 2498 771 2561 ἄλλως
822 2520 881 2555 τε
938 2501 1176 2578 γνόντες,
1229 2498 1310 2555 ὅτι
1339 2501 1544 2556 καὶτὸν
1579 2497 1812 2572 πόλεμον

178 2589 494 2657 νενικήκατε
529 2603 542 2617 ⁸
605 2589 693 2643 καὶ
752 2589 850 2666 γὰρ
907 2586 1279 2666 ἠκριϐωθημεν
1333 2589 1412 2645 ὃτι
1457 2589 1548 2644 τὸν
1589 2588 1813 2664 στρατὸν

177 2678 326 2751 ὑμῶν
385 2676 546 2756 μέχρι
601 2687 697 2736 τοῦ
754 2677 840 2734 νῦν
898 2679 953 2733 ἐν
993 2678 1142 2750 μέσῳ
1198 2677 1296 2744 τῆς
1327 2677 1536 2741 πόλεως
1567 2677 1814 2754 κατεχρύ-

180 2772 339 2840 ψατε,
402 2768 488 2821 καὶ
547 2767 707 2841 μόνον
765 2771 855 2842 τῇ
885 2765 1013 2845 χθὲς
1055 2766 1227 2843 ἡμέρᾳ
1278 2765 1390 2844 ὥρᾳ
1435 2764 1597 2842 ὀγδόῃ
1628 2765 1816 2841 ἀθρόον

178 2858 366 2911 τοῦτον
397 2851 480 2909 διὰ
511 2859 696 2910 πασῶν
725 2856 830 2911 τῶν
859 2853 1040 2911 πυλῶν
1069 2854 1150 2932 ἐφ’
1188 2856 1326 2929 ἡμᾶς
1356 2853 1702 2926 ἐξωπλίσατε,
1728 2853 1816 2910 ὅτε

183 2947 270 2999 καὶ
301 2943 588 3024 φεύγοντας
618 2945 760 3018 ἡμᾶς
791 2943 986 3020 ἑωρᾶτε
1018 2945 1226 3004 πάντως
1259 2945 1346 3000 ἐπὶ
1372 2945 1437 3000 τὰ
1466 2943 1588 3022 ὅρη.

266 3119 442 3199 pug".
492 3119 842 3184 Κατελθόντες
899 3120 988 3176 οὖν
1043 3120 1296 3199 ἑσπέρας,
1330 3121 1417 3177 ὅτε
1446 3119 1530 3177 διὰ
1576 3127 1680 3178 τῶν
1725 3145 1821 3178 πυο

185 3210 294 3266 λῶν
337 3211 480 3274 αὖθις
551 3211 712 3265 εἰσιὸν
768 3211 828 3265 τὸ
892 3209 1018 3266 aera
1077 3211 1374 3287 στράτευμα
1426 3213 1815 3288 κατεμάθομεν,

187 3302 260 3363 εἰς
291 3297 557 3368 ἀλλήλους
614 3299 986 3378 χωρήσαντες,
1047 3296 1566 3374 συμϐουλευσάμενοι
1629 3298 1820 3378 ἔφυγον

188 3389 386 3445 ἐκεῖνοι
418 3385 486 3442 δι’
529 3386 660 3452 ὅλης
693 3387 876 3450 νυκτός
912 3403 927 3419 ⁸
959 3391 1116 3444 εἷπον
1146 3388 1247 3465 γὰρ
1276 3389 1348 3452 ὡς
1384 3390 1481 3465 πρὸ
1512 3394 1604 3444 τοῦ
1633 3388 1820 3465 αὖγους

188 3476 272 3534 ἐπ’
335 3477 520 3540 αὖτοὺς
575 3478 662 3532 καὶ
747 3479 893 3538 αὖθις
967 3475 1281 3554 ἐξορμήσειν
1368 3479 1428 3532 τὸ
1484 3475 1814 3553 στράτευμα,

189 3566 437 3623 Ἐκείνων
481 3567 569 3621 οὗν
627 3568 920 3643 φυγόντων,
967 3568 1130 3638 ἡμεῖς
1187 3566 1564 3641 ἆπεμείναμεν.
1627 3568 1821 3621 Συνέν-

185 3677 274 3717 τες
336 3653 390 3710 δὲ
435 3656 483 3710 οἱ
525 3655 623 3720 τῆς
683 3653 890 3716 πόλεως
946 3653 1240 3732 ἀγγελικὴν
1301 3656 1616 3732 συμμαχίαν
1644 3657 1820 3710 θεόθεν

189 3745 375 3807 αὐτοῖς
438 3741 913 3817 ὲξαποσταλεϊσαν,
961 3743 1354 3822 ἐφιλοσόφησαν
1390 3741 1486 3817 μὲν
1519 3747 1587 3817 τῇ
1617 3748 1818 3822 σιωπῆ,

185 3831 377 3906 ὕμνους
433 3832 493 3888 ἐκ
535 3830 748 3909 καρδίας
779 3839 855 3906 τῷ
914 3833 1030 3906 Θεῷ
1085 3833 1173 3888 καὶ
1230 3833 1572 3909 εὐχαριστίας
1615 3831 1822 3906 ἐκπέμ-

188 3926 406 3996 ψαντες,
455 3921 681 3983 ἐκείνοις
726 3917 780 3975 δὲ
841 3920 999 3976 εἷπον
1031 3938 1046 3954 °
1108 3921 1206 3977 Ναὶ
1260 3919 1488 3996 ἀκριϐῶς
1540 3918 1667 3997 ἅγρι
1721 3925 1820 3987 τῆς

189 4010 320 4088 χθὲς
376 4013 467 4067 οὖσι
515 4008 845 4086 ἐξηγάγομεν
885 4005 968 4088 ἐφ’
1021 4010 1157 4082 ὑμᾶς
1201 4011 1290 4065 τὸν
1335 4008 1556 4083 στρατόν
1595 4027 1608 4040 .
1642 4009 1734 4065 ἵνα
1766 4008 1819 4065 δὲ

190 4103 402 4174 γνῶμεν
447 4098 517 4162 ὡς
575 4096 883 4170 ἀληθεύετε,
939 4095 1130 4154 εἴπατε
1190 4098 1304 4154 τίνα
1363 4097 1631 4175 ἑωράκατε
1665 4100 1823 4155 αὐτοῦ

193 4187 614 4261 καθηγούμενον.
654 4185 758 4244 Καΐ
801 4188 886 4249 εἷς
937 4186 989 4251 εξ
1045 4191 1216 4245 αὐτῶν
1269 4186 1524 4264 ἀπεκρίθη
1562 4203 1577 4217 ⁸
1624 4186 1822 4266 ’Ἄνδρα

195 4274 462 4353 πυρῤάκην
546 4277 632 4331 καὶ
713 4274 956 4354 λαμπρὸν
1027 4274 1184 4347 ἵππῳ
1253 4273 1427 4349 λευκῷ
1482 4277 1820 4355 ἒφεζόμενσν,

1895 1871 2038 1934 Cum
2072 1892 2211 1936 vero
2260 1875 2578 1956 plurimum
2633 1875 2718 1936 illi
2751 1877 3100 1952 clamarent,
3136 1871 3529 1962 inimicosque

1896 1978 2104 2022 omnes
2136 1963 2428 2024 nocteilla
2457 1963 2679 2043 absque
2704 1965 2956 2044 strepitu
2987 1965 3207 2044 fugisse
3233 1970 3524 2043 jurarent,

1895 2066 2050 2127 agre
2081 2050 2192 2112 sub
2225 2053 2493 2131 quintam
2513 2052 2630 2112 diei
2663 2054 2896 2131 horam,
2929 2055 3116 2132 portis
3145 2055 3390 2134 apertis,
3423 2075 3529 2120 eos

1897 2149 2274 2218 receperunt.
2310 2139 2454 2201 Cum
2490 2157 2688 2219 porro,
2723 2149 2788 2202 ut
2840 2160 2971 2222 quae
3020 2143 3245 2206 inimici
3275 2145 3531 2208 fuissent

1898 2227 2110 2316 moliti,
2143 2229 2434 2308 cujusque
2463 2229 2552 2289 rei
2587 2231 2775 2306 gratia
2805 2230 2874 2291 ad
2911 2231 3074 2310 ipsos
3104 2234 3526 2316 accessissent,

1896 2315 2118 2396 absque
2152 2317 2463 2378 mendacio
2495 2319 3222 2399 renuntiarent,sciscitati
3251 2322 3526 2398 fuissent,

1896 2405 2172 2466 dixerunt
2205 2427 2217 2468 ε
2255 2405 2375 2466 Nos
2408 2405 2647 2486 quidem
2677 2409 2750 2469 ad
2799 2426 2905 2469 vos
2948 2408 3222 2485 fugimus,
3255 2429 3330 2470 ne
3365 2419 3532 2491 peste

1896 2511 2234 2574 pereamus,
2262 2495 2745 2572 aliterque,bello
2779 2515 2879 2558 vos
2912 2514 3046 2558 esse
3077 2500 3419 2578 superiores
3438 2499 3531 2562 fa-

1895 2592 2044 2657 ctos,
2093 2593 2470 2663 perspectum
2517 2583 2827 2646 habentes.
2862 2583 2981 2646 Vos
3009 2585 3170 2647 enim
3200 2589 3532 2650 exercitum

1895 2678 2155 2732 vestrum
2188 2672 2248 2733 in
2297 2673 2549 2734 civitatis
2599 2673 2931 2734 meditullio
2959 2693 3147 2754 usque
3180 2678 3356 2738 modo
3387 2678 3534 2739 abs-

1897 2759 2173 2821 condisse
2198 2771 2377 2841 atque
2409 2762 2532 2822 heri
2565 2761 2848 2824 duntaxat
2875 2764 3020 2824 hora
3045 2771 3267 2838 octava,
3294 2765 3532 2845 quando

1899 2857 1956 2909 et
1987 2867 2096 2910 nos
2125 2849 2197 2910 ad
2230 2859 2465 2911 montes
2491 2851 2732 2911 omnino
2757 2850 3050 2928 fugientes
3081 2853 3331 2933 vidistis,
3365 2853 3532 2916 illum

1901 2935 2076 2997 simul
2109 2938 2456 3000 universum
2491 2957 2599 3019 per
2643 2950 2842 3020 portas
2892 2959 3101 3003 omnes
3144 2940 3206 3002 in
3239 2960 3348 3003 nos
3381 2944 3534 3006 emi-

1836 3014 1878 3066 ο
1899 3025 2051 3086 sisse
2080 3026 2348 3106 apprime
2372 3014 2666 3089 novimus:

1980 3115 2120 3178 446.
2156 3114 2472 3197 Postquam
2533 3117 2753 3197 itaque,
2805 3119 3042 3198 quando
3096 3119 3422 3182 exercitum
3455 3121 3535 3181 il-

1901 3203 2021 3264 lum
2048 3223 2153 3284 per
2174 3215 2369 3284 portas
2397 3223 2632 3266 rursum
2663 3224 2794 3267 esse
2841 3207 3172 3286 ingressum
3195 3207 3535 3283 didicimus,

1901 3293 2141 3370 vesperi
2163 3301 2364 3355 essent
2384 3293 2870 3373 reversi,collatis
2894 3296 3310 3368 consiliis,tota
3333 3305 3532 3372 nocte,

1903 3382 2030 3442 aliis
2059 3390 2190 3463 post
2211 3383 2507 3444 aliosloco
2529 3382 3214 3462 cedentibus,fugerunt.
3248 3386 3534 3447 Futurum

1905 3473 2062 3532 enim
2097 3471 2398 3544 dicebant,
2455 3479 2518 3532 ut
2545 3480 2682 3532 ante
2713 3471 2908 3532 lucem
2944 3475 3120 3533 etiam
3152 3471 3442 3534 adversus
3470 3491 3538 3534 se

1903 3560 2118 3620 iterum
2152 3562 2450 3622 exercitus
2477 3560 2580 3621 ille
2614 3569 2896 3620 moveret.
2931 3561 3012 3620 Iis
3041 3560 3220 3639 igitur
3251 3560 3537 3638 fugienti-

1906 3647 2037 3727 bus,
2071 3665 2180 3709 nos
2205 3649 2666 3729 permansimus.
2723 3647 2812 3709 Illi
2860 3656 3084 3724 autem,
3151 3647 3254 3730 qui
3285 3648 3540 3710 civitatis

1906 3745 2097 3816 erant,
2124 3736 2292 3800 hisce
2312 3737 2940 3816 intellectis,auxilium
2969 3737 3303 3816 angelicum
3323 3737 3540 3798 divini-

1906 3833 1998 3886 tus
2028 3825 2142 3886 sibi
2164 3825 2522 3887 submissum
2555 3824 2958 3898 fuisse,Deum
2984 3843 3052 3885 ex
3075 3825 3258 3886 corde
3280 3825 3540 3887 laudan-

1903 3922 1992 3976 tes
2013 3914 2347 3995 gratiasque
2369 3915 2422 3976 ei
2440 3921 2680 3992 agentes
2705 3914 3243 3994 tacitejudicarunt
3267 3914 3535 3994 quidem,

1908 4003 2026 4065 illis
2047 4014 2243 4064 autem
2261 4003 2543 4064 dixerunt
2566 4020 2578 4061 :
2608 4002 2919 4063 Enimvero
2941 4007 3267 4066 exercitum
3291 4002 3538 4064 omnino

1903 4093 2192 4154 adversus
2213 4110 2318 4154 vos
2335 4093 2673 4153 hesternam
2693 4108 2883 4171 usque
2897 4093 2957 4152 in
2979 4091 3136 4153 diem
3159 4091 3316 4153 haud
3339 4091 3543 4154 eduxi-

1907 4199 2060 4256 mus;
2077 4193 2142 4242 ut
2159 4189 2452 4245 autem,an
2468 4197 2605 4241 vera
2624 4178 3540 4259 praedicetis,noscamus,dicite,

1907 4270 2004 4351 qui
2036 4275 2088 4330 ei
2148 4278 2516 4350 praeeuntem
2563 4268 2856 4330 videritis.
2908 4271 2995 4331 Ac
3031 4287 3187 4331 unus
3219 4287 3288 4331 ex
3320 4269 3408 4330 eis
3435 4287 3540 4332 re-

194 4365 279 4418 καὶ
308 4365 516 4437 ἱμάτιον
545 4373 801 4442 φοροῦντα
831 4363 1015 4421 λευκόν
1052 4384 1063 4396 ’
1110 4361 1220 4420 ἰδοὺ
1269 4371 1530 4420 τοιοῦτον·
1579 4368 1664 4420 καὶ
1694 4365 1819 4422 ἒπε-

1909 4359 2146 4439 spondit
2169 4376 2182 4417 :
2209 4357 2412 4420 Virum
2440 4359 2673 4436 igneum
2695 4375 2763 4419 ac
2788 4357 3236 4438 lucidum,equo
3253 4357 3389 4420 albo
3413 4377 3545 4421 vec-

196 4451 392 4508 δείκνυε
448 4455 716 4530 κρατήσας
769 4453 884 4516 ἐνὸς
940 4455 1046 4508 τῶν
1093 4452 1478 4530 παρεστώντων
1524 4455 1825 4511 ὑπατιανων

201 4537 474 4619 χλαμύδα,

277 4719 419 4796 ρμζ’.
482 4720 614 4777 Τότε
690 4719 881 4777 πάντες
964 4717 1296 4795 ὁμοθυμαδὸν
1379 4719 1614 4797 ἔγνωσαν
1670 4719 1826 4776 αὐτὸν

196 4810 336 4866 εἶναι
388 4811 479 4864 τὸν
553 4808 891 4886 ἦγησάμενον
962 4815 1054 4865 τοῦ
1121 4808 1346 4885 ἀοράτου
1430 4817 1678 4888 στρατοῦ,
1738 4808 1826 4864 καὶ

193 4895 524 4973 ἂνύμνησαν,
583 4899 671 4954 καὶ
714 4897 778 4964 ἧν
828 4895 962 4954 ἰδεῖν
1003 4895 1199 4974 δάκρυα
1251 4899 1385 4972 μετὰ
1428 4903 1601 4976 χαρᾶς
1632 4896 1826 4977 ἐκχεό-

195 5007 350 5062 μενα,
406 4988 494 5042 καὶ
551 4985 922 5063 ἆγαλλιῶντας
985 4985 1220 5050 ἅπαντας
1279 4985 1478 5063 λέγειν,
1554 4989 1647 5042 Σοὶ
1701 4984 1822 5052 δόξα

195 5075 408 5154 πρέπει,
444 5077 622 5152 Κύριε,
677 5076 759 5132 σοὶ
809 5077 842 5142 ἡ
897 5076 1280 5153 προσκύνησις,
1325 5073 1544 5151 βασιλεῦ
1597 5074 1829 5152 ἐπουρά-

199 5184 296 5222 νιε.
358 5163 418 5220 Ὀ
472 5165 565 5226 σὸς
610 5163 708 5240 γὰρ
752 5161 898 5227 ἔλεος
951 5161 1036 5219 διὰ
1093 5162 1255 5238 μέσον
1285 5169 1377 5219 τοῦ
1427 5162 1716 5243 ἀθλοφόροι)
1763 5164 1831 5241 τῇ

199 5251 352 5309 πόλει
396 5249 601 5330 ἔδυσεν,
662 5249 886 5331 ἐξεχύθη
945 5251 1042 5325 μὲν
1113 5247 1293 5329 χάρις,
1341 5252 1414 5314 ὡς
1459 5253 1487 5307 ὁ
1533 5250 1831 5326 Ψαλμῳδός

201 5362 384 5420 φησιν,
444 5341 500 5396 ἑν
541 5339 747 5419 χείλεσί
790 5362 905 5419 σου,
970 5341 1057 5396 ἐπὶ
1113 5338 1166 5394 δὲ
1235 5342 1328 5403 τὰς
1379 5339 1615 5417 κεφαλὰς
1675 5343 1832 5415 ἡμῶν

282 5613 316 5663 9
343 5613 499 5678 Psal.
531 5630 686 5691 xuv,
717 5615 776 5677 3.

1912 4457 2031 4510 tum
2063 4454 2348 4527 vesteque
2371 4447 2504 4508 alba
2533 4446 2808 4507 indutum
2839 4467 2854 4516 ;
2887 4464 3032 4508 ecce
3065 4447 3266 4527 talem,
3301 4465 3542 4527 unoque

1912 4556 1980 4600 ex
2004 4535 2333 4597 astantibus
2361 4534 3142 4616 apprehenso,cblamydem
3169 4535 3544 4598 consularem

1911 4625 2192 4687 ostendit.

1995 4715 2132 4778 M7.
2185 4715 2351 4776 Tunc
2406 4712 2598 4788 illum,
2647 4712 2747 4793 qui
2797 4711 3158 4775 invisibilem
3217 4713 3546 4777 exercitum

1908 4805 2195 4878 duxisset,
2227 4804 2594 4864 unanimiter
2622 4819 2832 4864 omnes
2859 4811 3226 4880 agnoverunt
3256 4821 3325 4864 ac
3350 4801 3550 4864 lauda-

1903 4898 2317 4972 runt,eratque
2346 4891 2634 4973 lacrymas
2663 4908 2785 4971 prae
2827 4890 3030 4951 laetitia
3057 4890 3278 4952 effusas
3308 4891 3534 4970 videre,

1906 4999 2239 5058 omnesque
2270 4980 2634 5043 exsultantes
2662 4980 2866 5042 dicere
2898 4996 2912 5038 :
2949 4977 3059 5054 Te,
3091 4979 3550 5055 Domine,decet

1913 5071 2188 5153 gloria,te
2211 5069 2617 5145 adoratio,rex
2645 5067 3173 5131 ccelestis.Etenim
3199 5069 3551 5132 misericor-

1913 5163 2008 5223 dia
2031 5168 2128 5222 tua
2148 5177 2256 5240 per
2278 5155 2951 5238 certaminumqVictoris
2980 5157 3373 5238 patrocinium
3401 5155 3550 5220 civi-

1914 5251 2017 5313 tati
2043 5247 2283 5324 all‘ulsit,
2321 5248 2504 5326 gratia
2537 5246 2804 5328 quidem,
2837 5255 2900 5308 ut
2928 5245 3242 5308 Psalmista
3291 5247 3372 5308 ait
3400 5247 3457 5325 9,
3491 5247 3554 5308 in

1915 5338 2085 5401 labiis
2116 5339 2234 5399 tuis
2281 5345 2375 5399 est
2424 5337 2662 5416 dill‘usa,
2692 5345 2894 5398 nostra
2927 5345 3120 5398 autem
3155 5354 3334 5417 super
3362 5335 3556 5416 capita
