3946 6146
212 304 360 391 ιειῆ

1283 289 1348 376 s'.
1397 303 1773 380 DEMETRII
1818 297 2215 379 MARTYRIS
2260 287 2483 377 ACTA.

3425 303 3575 383 1318

203 464 288 518 θεν
337 458 637 538 ἔγγενέσθαι
685 464 752 533 τῇ
812 455 960 515 πόλει
1021 452 1523 534 προΐστορήσαμεν,
1581 453 1715 523 ἀνήρ
1760 474 1838 516 τις

1951 461 2059 513 inte
2092 445 2882 538 narravimusjlluxisset,vir
2901 449 3138 530 quidam
3163 450 3567 526 nobilis,vitaa-

203 551 421 626 εὐγενὴς
478 550 565 604 καὶ
608 546 842 611 ἐπίδοξος
887 548 1022 602 κατά
1062 546 1152 600 xbv
1197 539 1335 616 βίον,
1385 548 1454 616 τῇ
1503 541 1556 597 δὲ
1587 541 1846 614 ἀπλάστῳ

201 637 386 714 καρδίᾳ
428 637 708 715 τυγχάδων
758 634 1115 710 ἐπιδοξότερος
1157 633 1244 687 καὶ
1291 637 1362 707 τῇ
1402 631 1509 686 τῶν
1571 632 1843 705 καλουμέ-

202 750 309 784 νων
364 725 705 794 ἰλλουστρίων
763 724 878 794 ἀξίᾳ
934 719 1320 798 τετιμημένος,
1380 723 1508 797 περὶ
1573 719 1632 775 οῦ
1702 721 1845 798 τάχα

199 817 290 872 καὶ
345 814 639 891 γέγραπται
680 830 692 843 ·
761 836 788 866 α
864 812 1092 868 ’Ἂκακοι
1173 811 1261 868 iui
1318 810 1490 872 εῦθεϊς
1547 806 1845 864 ἐκολλῶντό

201 926 321 982 μοι,
373 928 398 957 n
462 901 605 958 εἶδεν
649 903 858 978 ἑαυτὸν,
916 903 988 960 ὡς
1048 899 1173 979 ἔφη,
1239 896 1358 954 καθ’
1416 895 1632 975 ὕπνοις,
1667 900 1739 956 ὡς
1791 894 1846 951 δὲ

199 989 572 1069 ἀιριϐέστερον
615 1003 732 1053 τοῖς
785 987 1166 1067 γνησιωτέροις
1211 986 1434 1065 ἔλεχθη,
1485 985 1540 1041 ἐν
1597 987 1845 1042 εχστάσει

199 1083 511 1159 γενόμενος,
565 1078 767 1136 ἑστῶτα
812 1080 911 1150 πρὸ
960 1084 1051 1134 τοῦ
1094 1075 1343 1154 τριϐἇλου
1393 1082 1484 1132 τοῦ
1528 1075 1679 1151 ἁγίου
1723 1083 1848 1133 ναοῦ

201 1177 297 1226 τοῦ
377 1166 691 1233 πανενδόξου
773 1167 1034 1242 μάρτυρος
1124 1163 1454 1241 Δημητρίου.
1547 1165 1646 1220 Καὶ
1713 1161 1846 1234 ἰδοὺ,

203 1259 358 1338 φησὶ,
421 1256 508 1312 δύο
566 1256 704 1319 τινὲς
784 1253 1007 1318 εὐειδεῖς
1064 1255 1165 1310 καύ
1234 1252 1535 1328 εὔμεγέθεις
1598 1250 1848 1332 ὤφθησάν

204 1367 324 1421 μοι,
384 1344 706 1408 εἰσελθόντες
761 1342 947 1407 ἔξωθεν
1005 1342 1059 1397 ἐν
1112 1341 1256 1414 αὒτῷ
1314 1348 1389 1412 τῷ
1469 1337 1705 1417 τριϐήλῳ
1763 1339 1848 1404 οὓς

205 1436 296 1490 καὶ
353 1431 565 1490 ἐδόκουν
613 1431 876 1508 βασιλέως
933 1431 1076 1486 εἶναι
1128 1429 1612 1508 σωματοφύλακας,
1675 1430 1762 1484 καὶ
1820 1431 1847 1484 ὁ

204 1523 292 1584 εἷς
355 1523 528 1579 αῦτῶν
593 1520 784 1587 ἐϐόησε
839 1525 1010 1600 φωνῇ,
1076 1524 1184 1575 Ποῦ
1241 1519 1384 1574 ἐστιν
1435 1521 1462 1574 ὁ
1520 1518 1698 1596 κύριος
1742 1518 1848 1573 τῶν

408 1595 428 1614 η
853 1595 864 1600 -
1785 1607 1813 1616 ..

202 1609 364 1689 ὤδες
432 1613 581 1688 Ωφθη
639 1607 690 1664 δὲ
747 1609 799 1666 ἐν
858 1615 926 1684 τῇ
989 1607 1242 1683 βασιλικῇ
1299 1615 1392 1663 τοῦ
1437 1613 1563 1662 ναοῦ
1619 1607 1702 1670 εἷς
1744 1628 1847 1662 των

201 1701 488 1776 ὑπηρετῶν
550 1699 728 1767 αὐτοῦ,
806 1700 891 1754 καὶ
949 1698 1206 1773 ἀπεκρίθη
1265 1695 1439 1773 λέγων
1473 1711 1486 1725 ·
1567 1698 1624 1752 Τί
1696 1697 1851 1752 αὺτοῦ

203 1790 395 1866 χρείαν
432 1787 586 1866 ἔχετε
625 1807 641 1861 ;

285 1875 398 1954 ρν’.
460 1879 518 1934 Οἱ
574 1875 627 1931 δὲ
686 1880 893 1932 εἶπαν·
957 1867 1012 1933 Ὀ
1077 1877 1354 1941 Δεσπότης
1413 1876 1554 1948 ἡμᾶς
1601 1874 1851 1950 πέπομφε

204 1973 447 2042 μηνῦσαι
507 1967 649 2038 σῦτῷ
710 1965 1010 2042 ἀπόκρισιν.
1068 1963 1126 2021 Ὀ
1185 1962 1240 2018 δὲ
1296 1961 1624 2018 ὑπεδείκνυεν
1669 1961 1850 2023 αὐτοῖς

202 2057 266 2112 τὸ
328 2054 479 2131 ἅγιον
531 2051 779 2132 κιδωριον
832 2053 1007 2132 λέγων
1039 2069 1053 2082 '
1104 2053 1360 2110 Ἐνταῦθα
1416 2051 1582 2112 ἐστιν,
1636 2051 1695 2106 Οἱ
1754 2048 1850 2104 ἅν-

207 2141 354 2222 δρες,
395 2142 470 2198 ὧν
511 2145 546 2210 ἡ
623 2141 803 2220 ὅρασις
863 2143 930 2210 ἧν
973 2145 1047 2206 ὡς
1090 2139 1330 2218 ἀγγέλων
1396 2142 1550 2209 Θεοῦ,
1611 2139 1848 2204 πλησιάο

211 2253 402 2296 σαντες
455 2237 532 2305 τῷ
590 2231 738 2303 τόπῳ
781 2231 945 2287 εἶπαν
1004 2237 1073 2302 τῷ
1127 2231 1368 2308 ὑπηρέτῃ
1407 2250 1418 2261 ο
1485 2236 1713 2304 Κροῦσον
1768 2229 1854 2283 καὶ

211 2321 451 2398 μάνυσον
509 2323 653 2392 ἡμᾶς
726 2319 889 2392 αὐτῷ.
965 2318 1108 2398 Ἐγὼ
1165 2317 1218 2374 δὲ
1273 2315 1463 2391 θάμϐει
1521 2315 1853 2395 περιϐληθεὶς

210 2410 646 2477 συνηκολούθησα
703 2410 885 2470 αὐτοῖς
928 2410 1034 2465 ἀπὸ
1075 2417 1168 2465 τοῦ
1225 2405 1499 2483 τριϐήλου,
1545 2408 1632 2462 καὶ
1693 2405 1853 2472 ἔστην

211 2501 314 2577 πρὸ
365 2500 482 2562 ἐνὸς
539 2498 867 2572 μεσοστύλου
923 2505 1016 2555 τοῦ
1093 2498 1244 2574 ἀγίου
1304 2495 1569 2572 κιϐωρίηυ,
1633 2493 1856 2572 προσδο-

211 2593 320 2643 κῶν
369 2591 560 2659 μαθεῖν
615 2588 664 2642 τί
710 2585 1061 2664 ἀναγγελοῦαι
1106 2586 1250 2661 παρά
1291 2591 1383 2641 τοῦ
1412 2583 1674 2661 βασιλέως
1722 2585 1854 2662 πρὸς

212 2678 306 2732 τὸν
349 2675 523 2751 ἅγιον,
588 2667 644 2733 Ὀ
695 2675 748 2730 δὲ
797 2676 1064 2750 ὑπηρέτης
1117 2674 1370 2752 ἔκρουσεν
1425 2675 1497 2736 εἷς
1554 2674 1648 2734 τὰς
1704 2673 1855 2749 θύρας

212 2785 308 2824 του
362 2763 634 2844 κιϐωρίου,
723 2768 808 2822 καὶ
879 2764 1212 2844 παραχρῆμα
1285 2761 1491 2829 ἤνοιξεν
1567 2760 1772 2817 ἔνδοθεν
1827 2763 1854 2816 ὃ

211 2856 477 2932 πανάγιος
509 2857 596 2911 καὶ
630 2853 832 2919 ἔνδοξος
891 2854 1089 2931 μάρτυς
1143 2861 1236 2910 τοῦ
1292 2859 1540 2930 Χριστοῦ,
1587 2852 1674 2907 καὶ
1726 2849 1854 2915 ἔστη

212 2942 444 3009 πλησίον
501 2949 607 3000 τῶν
663 2947 852 3020 θυρῶν,
907 2944 981 3006 ὡς
1014 2946 1102 2998 καὶ
1132 2941 1250 3015 ἐμοὶ
1294 2947 1369 3013 τῷ
1420 2939 1611 3012 ἀναξίῳ
1667 2940 1850 3018 φαίνε-

1927 559 2043 618 que
2058 538 2400 602 conditione
2417 535 2827 610 clarus,corde
2838 548 3034 600 autem
3051 539 3305 619 simplici
3321 541 3562 617 clarior,

1929 629 2246 690 illustrium
2267 627 2444 688 etiam
2461 633 2544 698 ,ut
2567 626 3162 703 vocantur,dignitate
3193 629 3562 691 condecora-

1931 718 2130 797 tus,tle
2152 736 2269 792 quo
2293 716 2441 776 forte
2465 714 2644 776 etiam
2668 716 2956 794 scriptum
2980 725 3068 777 est
3104 739 3116 774 :
3151 741 3174 771 ιι
3203 715 3566 780 Innocentes

1930 816 1990 867 et
2018 806 2165 867 recti
2205 805 2583 866 adhaeserunt
2616 804 2761 866 mihi
2782 805 2858 879 l0,
2892 827 2922 862 ›
2978 805 3262 883 εεὶρειιιιι,
3298 814 3359 867 ιιι
3393 807 3563 882 dixit,

1928 896 1990 955 in
2013 892 2752 973 somno,quemadmodum
2777 902 2970 954 autem
2991 894 3064 954 ab
3089 894 3161 954 iis
3181 894 3286 974 qui
3315 912 3568 957 accura-

1930 984 2047 1044 tius
2078 983 2422 1062 loquuntur,
2460 981 2674 1042 melius
2706 989 2795 1042 est
2841 982 3090 1047 dictum.
3139 983 3196 1042 in
3229 983 3449 1045 exstasi
3477 987 3568 1046 fa-

1929 1081 2058 1134 ctus
2084 1083 2220 1133 ante
2243 1070 2434 1132 sancti
2458 1071 2849 1150 templi,quod
2872 1071 3304 1150 gloriosissimo
3330 1073 3570 1154 martyri

1935 1162 2236 1223 Demetrio
2283 1178 2518 1222 sacrum
2579 1169 2692 1234 est,
2751 1160 2910 1221 fores
2964 1169 3216 1222 stantem
3275 1162 3439 1225 vidit.
3502 1162 3571 1225 Et

1932 1250 2225 1324 ecce,duo
2257 1249 2638 1325 quidam,ait,
2667 1251 2897 1327 pulchri
2922 1257 3161 1329 aspectu
3193 1268 3571 1331 corporaque

1933 1338 2240 1418 permagni
2275 1338 2378 1398 visi
2413 1337 2558 1398 mihi
2612 1349 2749 1398 sunt
2806 1337 2948 1418 (12),
3003 1339 3105 1417 qui
3137 1337 3282 1400 foris
3341 1339 3573 1418 ingredi

1931 1429 2126 1507 ipsum
2163 1425 2413 1487 tribelon
2443 1426 2599 1506 (l3),
2635 1427 3025 1507 corporisque
3058 1426 3434 1506 imperatoris
3463 1448 3572 1491 cu-

1931 1515 2132 1577 stodes
2149 1534 2282 1577 esse
2325 1515 2702 1577 videbantur.
2743 1519 2821 1576 Ac
2843 1533 2996 1576 unus
3019 1516 3255 1577 illorum
3281 1518 3574 1579 vocifera-

1935 1613 2028 1665 tus
2059 1614 2148 1664 est
2178 1622 2189 1663 :
2221 1603 2325 1666 Ubi
2361 1613 2449 1665 est
2483 1605 2692 1665 horum
2722 1605 2988 1666 locorum
3017 1603 3330 1666 dominus?
3354 1606 3578 1668 Aderat

1933 1703 2128 1753 autem
2148 1693 2206 1753 in
2225 1693 2495 1773 principe
2510 1693 2714 1770 templi
2731 1693 2860 1754 loco
2877 1692 3284 1754 ministrorum
3300 1695 3574 1774 ejusdem

1877 1812 1913 1860 Β
1939 1799 2193 1852 unus,ac
2222 1780 2624 1862 respondebat
2647 1782 2855 1843 dicens
2887 1803 2900 1839 :
2937 1781 3090 1853 Quid
3115 1782 3213 1842 illo
3245 1783 3527 1863 indigetis
3549 1791 3576 1846 ?

2014 1870 2153 1932 150.
2189 1869 2277 1930 Illi
2309 1879 2505 1931 autem
2551 1878 2950 1949 reposuerunt
2983 1891 2996 1930 :
3055 1871 3363 1945 Dominus,
3397 1881 3461 1934 ut
3491 1874 3576 1934 illi

1935 1974 2288 2038 responsum
2326 1958 2725 2032 l'eramus,nos
2757 1958 2940 2020 misit.
2968 1959 3079 2020 iste
3109 1973 3306 2021 autem
3339 1979 3574 2023 sacrum

1938 2047 2057 2108 illis
2086 2045 2378 2108 ciborium
2409 2046 2688 2117 ostendit,
2725 2047 2938 2108 dicens
2973 2065 2986 2109 :
3024 2048 3110 2110 ibi
3140 2049 3576 2131 est.Viri,qno-

1935 2153 2066 2198 rum
2093 2144 2368 2215 aSpectus
2388 2137 2735 2213 angelorum
2759 2135 2866 2198 Dei
2888 2136 3154 2215 aspectui
3187 2148 3312 2199 erat
3335 2139 3574 2211 similis,

1938 2226 2069 2287 loco
2100 2224 2670 2304 appropinquantes,
2705 2224 2930 2286 famulo
2952 2225 3232 2288 dixerunt
3258 2246 3271 2289 :
3310 2228 3483 2290 Pulsa
3510 2249 3579 2291 ac

1938 2332 2044 2375 nos
2077 2314 2188 2388 ipsi
2222 2314 2514 2374 renuntia.
2556 2314 2676 2392 Ego
2708 2322 2902 2374 autem
2949 2319 3212 2376 tremore
3243 2319 3576 2380 circumse-

1939 2413 2070 2484 ptus
2101 2411 2338 2463 secutus
2370 2401 2529 2480 ipsos
2547 2420 2580 2462 a
2603 2401 2816 2464 tribelo
2839 2420 2994 2476 sum,
3018 2420 3084 2463 ac
3106 2413 3242 2464 ante
3265 2424 3447 2467 unum
3474 2425 3576 2467 sa-

1940 2492 2024 2554 cri
2046 2490 2257 2552 ciborii
2283 2491 2802 2552 intercolumnium
2836 2491 2974 2552 steti
3007 2491 3179 2572 quid,
3215 2512 3283 2554 ex
3314 2497 3576 2574 impera-

1938 2583 2085 2642 toris
2117 2588 2280 2652 parte
2329 2587 2535 2640 sancto
2584 2579 3031 2651 annuntiarent,
3065 2579 3302 2644 discere
3333 2583 3578 2646 deside-

1938 2687 2100 2730 rans.
2137 2667 2414 2730 Famulus
2444 2677 2639 2729 autem
2675 2667 2885 2730 cibarii
2911 2669 3130 2748 januas
3159 2670 3431 2752 pulsavit,
3457 2682 3580 2734 sta-

1939 2758 2165 2837 timque
2194 2757 2609 2820 sanctissimus
2641 2775 2709 2818 ac
2761 2755 3057 2833 gloriosus
3112 2757 3331 2821 Christi
3363 2771 3580 2843 martyr

1940 2846 2300 2908 intrinsecus
2329 2845 2584 2926 aperuit,
2600 2847 3034 2927 januisque,ita
3059 2855 3122 2908 ut
3155 2849 3301 2910 mihi
3332 2848 3581 2930 indigno

1940 2935 2113 2999 etiam
2169 2943 2504 3016 appareret,
2565 2953 2828 3016 praasens
2884 2938 3090 2999 astitit.
3173 2937 3293 3017 Ego
3352 2947 3574 3014 autem,

214 3035 332 3088 σθαι
386 3031 566 3094 αὐτόν.
631 3034 772 3110 Ἐγὼ
829 3031 884 3088 δὲ
955 3032 1132 3088 πίπτω
1191 3029 1276 3087 ἐπ’
1335 3028 1480 3107 ὄψιν,
1555 3029 1633 3102 μὴ
1687 3028 1855 3106 φέρων

1951 3026 2163 3087 vultum
2195 3025 2350 3106 ejus,
2385 3025 2484 3106 qui
2537 3024 2732 3102 angeli
2788 3025 3053 3105 speciem
3089 3045 3208 3106 prae
3237 3046 3302 3088 se
3332 3027 3579 3109 ferebat,

213 3121 341 3196 δρᾷν
401 3121 461 3176 τὸ
520 3119 856 3198 ἀγγελοειδὲς
911 3121 1068 3177 αὐτοῦ
1119 3120 1400 3196 πρόσωπον
1437 3133 1450 3146 ⁸
1518 3117 1582 3184 ἧν
1633 3117 1732 3192 γὰρ

1951 3114 2144 3176 videre
2194 3113 2349 3174 haud
2411 3113 2734 3186 sustinens,
2790 3113 2849 3173 in
2901 3113 3112 3176 faciem
3163 3114 3335 3180 cado.
3369 3116 3586 3197 Specie

213 3208 326 3282 ἰδέᾳ
370 3211 504 3267 κατά
546 3209 646 3277 τὴν
677 3211 884 3290 γραφὴν
915 3211 1013 3278 τὴν
1064 3213 1120 3265 ἓν
1169 3215 1268 3276 τῆς
1330 3207 1704 3287 ἀρχαιοτέραις
1757 3205 1854 3262 αὖ·

1951 3203 2101 3265 ειιὶιῐι
2133 3203 2446 3290 picturam,
2473 3203 2534 3262 in
2564 3202 3005 3278 antiquioribus
3061 3205 3190 3282 ejus
3220 3205 3586 3284 imaginibus

215 3299 310 3355 τοῦ
354 3299 548 3355 εἰκόσιν
591 3289 1032 3378 ἐγγεγραμμένην
1067 3315 1082 3329 ⁸
1144 3301 1172 3355 ὁ
1215 3297 1269 3354 δὲ
1340 3299 1489 3376 χρὼς
1540 3303 1632 3353 τοῦ
1687 3316 1857 3372 προσ.

1951 3309 2312 3370 expressam,
2344 3289 2646 3352 referebat
2704 3291 2874 3370 (14);
2933 3293 3097 3354 color
3143 3304 3341 3356 autem
3393 3297 3586 3358 vultus

214 3387 366 3444 ώπου
420 3391 578 3446 αὐτοῦ
633 3387 979 3462 Ααμπηδόνας
1023 3391 1096 3452 ὡς
1155 3387 1393 3456 ἡλιακῶν
1435 3387 1658 3442 ἀκτίνων
1718 3383 1857 3440 ἀπέ-

1951 3381 2074 3459 ejus
2103 3379 2416 3459 fulgorem,
2452 3378 2638 3440 radiis
2695 3379 2990 3442 solaribus
3021 3381 3305 3456 similem,
3341 3383 3583 3445 emitte-

215 3497 455 3552 πεμπεν,
501 3479 572 3537 ὡς
617 3479 705 3533 καὶ
771 3476 859 3534 ἐπ’
929 3477 1051 3553 ὄψιν
1115 3477 1361 3550 κειμένου
1419 3472 1859 3546 καταλάμπεσθαι

1951 3469 2063 3544 bat,
2098 3471 2178 3530 ita
2208 3478 2294 3544 ut,
2328 3486 2461 3529 cum
2497 3469 2557 3528 in
2588 3467 2799 3529 faciem
2828 3470 3122 3547 jacerem,
3158 3470 3354 3532 vultus
3385 3490 3581 3550 meus,

216 3567 280 3621 τὸ
338 3566 623 3642 πρόσωπόν
681 3588 784 3640 μου
839 3572 907 3642 τῇ
979 3567 1256 3638 ἀντιτυπία
1309 3571 1402 3638 τοῦ
1455 3562 1698 3642 ἒδάφους,
1760 3566 1857 3626 τῆς

1951 3559 2164 3619 lumine
2219 3575 2314 3618 me
2369 3558 2830 3637 perstringente,
2895 3557 3213 3636 pavimenti
3264 3576 3581 3639 repercus-

220 3654 390 3729 αὐγῆς
434 3675 499 3728 με
532 3656 1076 3733 περιαστραπτούσης.
1141 3657 1237 3712 Καὶ
1297 3654 1540 3728 κείμενος
1599 3649 1653 3704 δὲ
1714 3671 1857 3726 πρη-

1951 3647 2106 3733 tione
2164 3644 2531 3733 splenderet.
2581 3644 2948 3733 Achpronus
3005 3645 3250 3733 quidem
3312 3664 3586 3724 procum-

220 3742 317 3809 νὴς
377 3730 642 3817 ἐπιμελῶς
700 3730 820 3806 τοῖς
873 3745 972 3800 ὡτὶ
1014 3756 1336 3822 προσεῖχον,
1383 3743 1432 3796 τί
1474 3739 1536 3796 ἂν
1569 3736 1858 3807 λαλήσαιεν

1951 3731 2118 3807 bens,
2152 3732 2294 3812 quiti
2345 3732 2598 3792 invicem
2644 3730 2935 3804 dicerent,
2995 3732 3239 3794 auribus
3273 3736 3586 3815 percipere

219 3833 356 3909 πρὸς
401 3830 690 3905 ἀλλήλους,
746 3835 834 3889 καὶ
877 3833 1055 3889 ἀκούω
1112 3830 1294 3909 ὅτιπερ
1351 3830 1654 3898 ἠσπάσαντο
1683 3828 1730 3882 οἱ
1761 3825 1859 3881 ἄν-

1951 3821 2168 3894 studui,
2205 3818 2581 3900 benigneque
2611 3819 2862 3881 salutem
2894 3819 3110 3883 Sancto
3169 3821 3464 3902 impertiri
3495 3825 3584 3885 vi—

219 3917 336 3998 δρες
366 3919 695 4000 φιλοφρόνως
725 3927 814 3977 τον
843 3920 1018 4000 ἅγιον,

303 4009 444 4086 ρνα’.
508 4007 568 4065 Ὀ
625 4008 679 4065 δὲ
723 4009 868 4089 λέγει
919 4011 1049 4090 πρὸς
1118 4009 1303 4074 αὒτούς
1341 4027 1354 4042 ⁹

1419 3998 1481 4064 Ἠ
1526 4006 1686 4086 χάρις
1739 3994 1854 4077 μεθ’

303 4167 362 4219 10
396 4166 553 4231 Psal.
585 4185 742 4244 xxiv,
773 4168 875 4232 21.

1943 3929 2043 3973 ros
2068 3909 2266 3971 audio.

293 4325 643 4400 (12)Angeli
681 4329 736 4385 hi
764 4328 940 4400 fuisse
980 4343 1011 4385 e
1057 4327 1404 4400 narrationis
1429 4333 1740 4400 contextu,
1779 4325 1860 4384 uti
1886 4333 1927 4384 ι)
2026 4320 2164 4385 151.
2193 4319 2326 4400 ipse
2345 4317 2712 4400 autemdicit
2734 4321 2822 4383 eis
2857 4319 3094 4385 :Gratia
3115 4323 3191 4386 sit
3223 4321 3526 4387 vobiscum
3565 4343 3580 4390 :

123 4426 128 4430 -
219 4398 282 4456 in
309 4397 604 4456 Adnotafia
634 4403 774 4470 (not.
815 4399 875 4470 8)
915 4399 1033 4470 jam
1086 4401 1303 4462 monui.
1355 4397 1640 4457 videntur.
1673 4397 1859 4467 Certe,

217 4474 364 4543 quin
399 4470 470 4543 ab
501 4479 734 4528 auctore
764 4485 872 4542 pro
900 4471 1123 4543 angelis
1153 4471 1330 4529 habiti
1368 4471 1600 4535 iuerint,
1630 4470 1721 4525 vix
1755 4471 1861 4526 du-

217 4539 522 4599 bitandum
550 4539 809 4613 apparet.

309 4649 552 4732 (13)Ita
600 4651 950 4715 vocabulum
1009 4651 1277 4716 Gracum
1329 4651 1864 4732 rpiGnlovLLaline

219 4731 446 4804 reddidi
480 4751 493 4796 ;
528 4746 724 4790 verum
760 4735 816 4790 in
850 4734 1072 4804 magnis
1095 4733 1416 4791 Graecorum
1449 4731 1670 4804 ilcnaejs
1700 4745 1869 4804 excu-

220 4804 328 4875 sis,
362 4803 436 4875 in
476 4804 690 4874 quibus
719 4802 1098 4875 eadem—quae
1127 4804 1240 4866 hic.
1291 4803 1437 4861 visio
1481 4802 1550 4860 ad
1599 4802 1670 4858 26
1696 4803 1868 4860 Octo-

219 4872 350 4936 bris
381 4872 541 4935 diem
575 4883 866 4950 narratur,
902 4872 1154 4951 Τριέολὸν
1185 4880 1482 4951 exaratur;
1513 4884 1646 4936 utra
1665 4882 1863 4936 autem

263 4961 456 5024 raastet
497 4953 683 5020 lectio,
717 4969 834 5012 non
866 4953 1097 5016 deﬁnio.
1139 4953 1211 5012 Ut
1267 4955 1520 5024 interim,
1559 4953 1699 5024 quid
1755 4967 1866 5010 vox

263 4966 456 5011 restet
498 4966 683 5020 tecuo,
717 4969 834 5012 non
866 4966 1097 5016 cenato.
1145 4966 1211 5012 Ut
1267 4966 1520 5016 interim.
1559 4966 1699 5024 quin
1755 4967 1866 5010 vox

219 4966 324 5097 illa
359 5024 666 5097 significet,
712 5024 981 5097 lectorem
1013 5025 1304 5097 edoceam,
1355 5024 1413 5080 in
1470 5021 1696 5097 Menaeis
1745 5024 1868 5081 loco

220 5094 447 5177 cit._ili
477 5094 736 5158 habetur
781 5119 796 5156 :
832 5096 1008 5177 Ἀρχὴ
1036 5095 1091 5154 δὲ
1131 5104 1288 5154 τοῦτο
1335 5101 1432 5163 τῆς
1465 5096 1594 5177 πρὸς
1624 5097 1714 5152 τὸν
1745 5097 1870 5152 ναὸν

220 5174 450 5256 εἰσόδον,
529 5179 618 5234 καὶ
702 5174 968 5256 μεθόριον
1015 5179 1123 5235 τῶν
1207 5179 1359 5256 πρὸς
1426 5175 1652 5253 ἑσπέραν
1711 5179 1870 5256 αῷτοῦ

220 5255 506 5335 Θετταλῶν
540 5256 789 5335 μεγάλων
835 5254 934 5314 ήδόο
984 5260 1199 5319 κιόνων,
1239 5279 1266 5312 ε
1317 5254 1420 5316 Εει
1462 5264 1663 5316 autem
1721 5254 1867 5316 illud

219 5334 498 5404 (tribolon
531 5334 795 5406 videlicet
847 5351 949 5394 seu
1011 5335 1282 5400 tribelon,
1315 5335 1383 5391 de
1433 5348 1548 5406 quo
1606 5338 1869 5406 proxime

221 5403 360 5476 ante
383 5421 571 5463 sermo
603 5405 812 5464 ibidem
845 5409 968 5476 iui!)
999 5409 1185 5464 aditus
1215 5410 1282 5463 ιιι]
1311 5403 1584 5476 templum
1610 5403 1867 5473 initium,

219 5475 566 5550 duabusque
624 5480 847 5549 magnis
893 5479 1148 5550 ejusdem
1186 5477 1472 5550 columnis
1521 5475 1866 5550 Thessalicis

220 5546 635 5606 occidenialem
694 5546 1156 5622 plagam'versus
1215 5549 1550 5622 vicinum.)
1587 5546 1868 5606 Tribolon

221 5633 365 5690 ergo
416 5637 512 5676 seu
549 5619 974 5677 tribolon'idem
1009 5621 1286 5679 fortassis;
1319 5619 1470 5690 quod
1505 5619 1694 5674 Latine
1727 5629 1870 5676 tem-

222 5687 683 5762 pli—Avestibulum,
717 5691 1016 5762 sign-ﬂeat.
1064 5691 1260 5747 Verum
1297 5687 1545 5762 Cangius
1573 5705 1629 5762 ιιι
1664 5693 1869 5747 ιιιυιιιιε

223 5758 286 5827 δι
317 5758 538 5826 inﬁmae
566 5758 890 5828 Graecitatis
921 5760 1219 5829 Glossario
1251 5761 1324 5825 ad
1355 5758 1706 5825 vocabulum
1751 5786 1871 5844 τρι·-

1942 4398 2286 4485 6ολὸν,εἰιιιε
2301 4419 2404 4481 pro
2419 4401 2532 4485 hoc
2547 4398 3050 4485 legendumquod
3065 4404 3586 4485 quadriperticum

1913 4495 2044 4540 'esu
2076 4479 2314 4556 alr-iani
2351 4480 2525 4556 apud
2555 4479 2725 4556 mndii
2765 4483 2867 4556 navi
2911 4479 3229 4556 scrtpiores
3273 4479 3582 4556 signiﬁcat,

1944 4553 2246 4634 περίϐολον,
2311 4551 2680 4634 subdubitat,
2716 4551 3055 4634 meritoque
3098 4554 3158 4616 id
3191 4551 3580 4634 enm'facere,

1945 4632 2240 4704 propensa
2263 4632 2674 4697 existimarem,
2709 4632 2819 4704 nisi
2853 4632 3239 4704 hic'Joannis
3285 4632 3587 4694 Thessalo-

1945 4702 2198 4761 iiicénsis
2231 4703 2412 4767 locus,
2445 4707 2499 4758 in
2531 4715 2700 4771 quem
2729 4702 2925 4761 isxbaac
2947 4703 3210 4771 observo,
3239 4707 3587 4766 Menmorum

1950 4773 2398 4847 lectioni,_quaa_
2438 4786 2700 4847 pretere_a
2760 4787 2790 4828 e
2856 4775 3230 4847 Metaphraste
3286 4779 3586 4847 desumpta

1950 4855 2054 4910 est,
2087 4841 2324 4900 omnino
2376 4841 2604 4901 laceret.
2649 4841 2950 4912 Expendat
2999 4841 3228 4904 interim
3258 4851 3426 4906 etiam
3458 4841 3586 4907 stu-

1950 4916 2147 4972 diosus
2179 4915 2378 4978 lector,
2436 4928 2559 4985 quas
2598 4912 2746 4968 idem
2791 4913 3036 4985 Cangius
3088 4918 3145 4972 in
3194 4917 3426 4976 laudato
3480 4934 3586 4977 suo

1951 4985 2156 5043 mediae
2177 4993 2232 5042 et
2263 4985 2475 5043 intima
2495 4984 2807 5042 Graecitatis
2831 4984 3120 5043 Glossario
3141 4987 3212 5044 ad
3239 4989 3586 5048 vocabulum

1951 5056 2226 5135 περίϐολον
2251 5056 2544 5135 observat.

2023 5134 2130 5205 (14)
2161 5136 2327 5206 Apud
2352 5134 2772 5208 Mabillonium,
2798 5135 2948 5207 apud
2985 5151 3158 5208 quem
3188 5139 3357 5196 tom.I
3377 5139 3590 5198 Anale-

1952 5213 2196 5280 ctorum,
2231 5221 2362 5278 pag.
2396 5207 2466 5262 86
2501 5215 2556 5264 et
2612 5207 2764 5264 binis
2819 5221 2980 5280 seqq.
3008 5207 3180 5276 ’visio,
3221 5212 3342 5268 viro
3375 5208 3588 5269 illustri

1953 5221 2196 5272 ciorum,
2231 5221 2362 5278 pag.
2396 5221 2466 5262 δυ
2501 5221 2556 5264 ει
2612 5221 2764 5264 ιιιιιιε
2819 5221 2980 5336 seqq.
3015 5222 3180 5276 VISIO,
3221 5221 3342 5268 viro
3375 5221 3588 5269 illustri

1953 5277 2166 5358 oblata,
2202 5291 2541 5358 .quzgcapq
2577 5287 2835 5358 presenti
2869 5294 2898 5336 a
2926 5293 3150 5358 Moanne
3185 5291 3470 5347 narratur,
3514 5283 3588 5358 ab

1952 5348 2254 5420 Anastasio
2317 5347 2759 5420 Biblimhccario
2817 5354 3027 5420 pariter
3111 5363 3460 5416 recens-stur,
3520 5355 3591 5410 de

1952 5421 2137 5503 sancti
2179 5419 2473 5503 Demetrii,
2501 5433 2636 5500 vero
2670 5419 2876 5503 illustri
2910 5425 3483 5503 apparentis,_specio
3513 5428 3588 5483 ita

1950 5490 2195 5566 habetur
2223 5504 2236 5546 :
2273 5509 2296 5541 α
2333 5489 2464 5566 Erat
2507 5491 2686 5566 enim
2712 5489 3087 5566 speciest-jus
3114 5507 3230 5566 non
3257 5492 3422 5566 juxta
3455 5509 3591 5566 spe-

1952 5562 2120 5636 ciem,
2169 5575 2297 5631 quae
2357 5563 2414 5616 in
2458 5560 2893 5636 antiquioribus
2936 5560 3060 5636 ejus
3110 5560 3462 5636 imaginibus
3486 5560 3592 5623 ἐει

1953 5631 2218 5706 depicta;
2257 5650 2285 5706 ξ
2342 5641 2400 5687 ιιι
2458 5631 2570 5706 hic,
2629 5641 2881 5702 spectato
2926 5631 3258 5706 modo.qu6
3288 5638 3436 5705 apud
3486 5651 3595 5695 nos

1955 5701 2065 5760 hoc
2097 5706 2219 5775 loco
2257 5701 2509 5775 Joannes
2539 5701 2816 5775 loquitur,
2855 5701 3338 5775 auctorem'hunc'
3362 5707 3509 5766 inter
3540 5717 3595 5769 et

1955 5774 2321 5835 Anastasium
2357 5773 2866 5834 Biblioth‘ccarium
2898 5773 3050 5833 haud
3079 5777 3398 5837 conveniat.
