3938 6134
375 322 526 403 1319
1743 312 2388 393 SUPPLEMENTUM.
3443 343 3457 357 -
3601 317 3761 397 i320

370 475 541 553 cujus
566 467 763 532 autem
787 455 871 528 rei
894 484 1068 528 causa
1093 457 1332 525 venistis
1360 455 1429 524 ad
1458 459 1588 522 me?
1609 461 1824 524 Dicunt
1848 459 1954 521 viri
1981 482 1993 517 :

2141 469 2253 542 ιῶν,
2285 465 2423 527 τίνος
2456 464 2507 521 δὲ
2539 465 2715 522 ἕνεκεν
2747 467 3002 536 έσκύλητε
3037 468 3344 548 [ἐληλύθατε
3374 468 3433 549 Ῡ]
3468 471 3602 546 πρός
3633 490 3706 534 με
3738 487 3752 534 ἶ

371 548 494 626 Nos
526 560 810 623 Dominus
841 556 912 618 ad
944 557 1314 617 sanctitatem
1349 562 1502 612 tuam
1531 551 1710 630 misit,
1748 551 1872 610 haec
1904 548 2003 609 tibi

2141 552 2343 628 έγουσιν
2372 556 2419 609 οἱ
2453 555 2651 627 ἄνδρες·
2687 559 2750 614 Ὀ
2786 561 3060 624 Δεσπότης
3090 548 3576 631 ἂπὲστειλενῖῆμᾶς
3612 559 3752 635 πρὸς

373 651 715 730 signiﬁcans
743 667 757 706 :
789 645 969 709 Ocius
985 645 1186 704 exiens
1208 641 1341 702 veni
1371 641 1442 702 ad
1471 659 1588 715 me;
1617 639 1820 700 civitas
1844 637 2002 698 enim

374 727 636 800 inimicis
681 736 968 796 tradetur.
1004 733 1130 812 Ego
1165 749 1324 805 vero,
1359 748 1491 790 cum
1530 728 1584 786 id
1619 727 2006 800 audivissem,

372 831 662 901 turbatus,
699 824 906 903 reique
937 821 1107 882 dicta;
1139 817 1667 897 dolorelconfusus
1698 817 1757 877 in
1792 834 2006 877 manus

374 935 535 978 meas
564 912 1179 990 surrexi,sursumque
1205 907 1506 988 paulisper
1535 905 1863 986 suspiciens
1887 904 2003 964 mi-

2087 642 2186 707 τνὶδ
2219 644 2518 720 ἁγιωσύνην
2551 654 2835 724 σου,ταῦτα
2865 670 2946 704 σοι
2977 647 3483 725 δηλώσας,ταχέως
3516 645 3754 711 ἐξελθὼν

2088 729 2235 808 δεῦρο
2280 733 2410 810 πρός
2459 754 2524 806 με
2562 753 2575 768 ⁸
2647 737 2676 802 ἡ
2726 735 2881 798 πόλις
2911 738 3010 815 γὰρ
3039 751 3154 801 τοῖς
3190 737 3408 816 ἐχθροῖς
3442 734 3752 813 παραδίδο-

2089 842 2198 878 ται.
2248 820 2390 899 Ἐγὼ
2420 821 2472 878 δὲ
2531 823 2758 888 ἀκούσας
2803 829 3120 905 ταραχθεὶς,
3182 828 3276 881 καί
3333 827 3626 904 συγχυθεὶς

2090 907 2245 984 ὀδύνῃ
2303 920 2394 968 τοῦ
2437 910 2618 991 λόγου,
2665 912 2890 980 ἀνέστην
2948 914 3042 969 ἐπῗ
3099 915 3188 978 τὰς
3245 926 3439 993 χεῖρας
3485 927 3620 988 μου,
3661 915 3755 967 καὶ

372 1003 734 1066 sericordem
753 1000 917 1061 illum
943 1017 1008 1059 ac
1034 998 1554 1060 commiserantem
1581 994 1870 1074 martyris,
1898 1011 2003 1053 ve-

2141 999 2363 1072 ιακύψας
2425 998 2621 1079 ὀλίγον,
2669 1004 2774 1075 ὁρῶ
2841 1005 2899 1059 τὸ
2960 1002 3323 1084 φιλάνθρωπον
3364 1005 3451 1058 καὶ
3512 1024 3754 1074 συμπαο

370 1112 438 1155 re
469 1090 780 1154 clementis
803 1087 1221 1164 civitatemque
1243 1084 1756 1159 amantis,vultum
1788 1081 2003 1143 maesti-

2141 1109 2174 1151 ,ς
2265 1087 2442 1144 ἐκεῖνο
2502 1091 2787 1166 πρόσωπον
2845 1099 2935 1147 τοῦ
2971 1081 3170 1156 *ὄντως
3251 1093 3586 1168 οἷκτίρτιονος
3657 1093 3752 1146 καὶ

375 1182 452 1242 tia
472 1180 774 1244 turbatum
791 1195 858 1237 ac
881 1177 1108 1237 tristem
1125 1193 1255 1236 esse
1275 1171 2003 1256 aspicio,inclinatumquc

2141 1174 2432 1239 ιλοπόλιδος
2489 1178 2746 1255 μάρτυρος
2819 1179 3215 1259 συγκεχυμένον
3273 1185 3342 1255 τῇ
3415 1177 3563 1254 λύπῃ
3644 1178 3749 1233 καί

369 1271 432 1332 in
464 1281 708 1342 terram,
741 1283 997 1344 cumque
1042 1265 1290 1326 multum
1339 1265 1629 1344 temporis
1653 1260 2003 1333 transilsset,

2141 1263 2476 1342 Ξιταστυγνον,
2512 1267 2595 1321 καὶ
2639 1268 2711 1330 είς
2752 1273 2854 1344 γῆν
2884 1271 3120 1340 νεωκὸς,
3177 1269 3265 1324 καὶ
3323 1267 3528 1332 πολλῆς
3586 1289 3744 1343 παρ-

369 1355 1114 1438 silentiumqueineﬁ‘abile
1144 1354 1362 1414 factum
1387 1351 1864 1430 esset,lacrymas
1887 1350 2003 1438 ejus

2143 1353 2372 1432 χηκῦίας
2431 1359 2530 1420 τῆς
2590 1355 2758 1432 ὥρας,
2815 1359 2901 1413 καὶ
2953 1357 3153 1435 ἆφάτου
3193 1355 3483 1434 γενομένης
3545 1355 3740 1432 σιγῆς,

369 1467 476 1530 per
503 1466 684 1528 genas
700 1437 859 1524 illas,
895 1463 1024 1524 quae
1048 1442 1368 1503 divinitatis
1399 1439 1714 1530 quamdam
1736 1437 2000 1530 speciem

2145 1443 2231 1500 δον
2293 1446 2449 1501 αὺτοῦ
2499 1445 2564 1498 τὰ
2626 1441 2820 1519 δάκρυα
2884 1443 2967 1500 διὰ
3051 1453 3156 1501 τῶν
3210 1443 3451 1501 θεοειδῶν
3511 1446 3740 1500 ἐκείνων

372 1525 714 1618 praeferunt,
749 1535 1030 1597 cadentes
1074 1531 1216 1611 vidi,
1252 1532 1329 1590 ita
1360 1539 1423 1592 ut
1451 1527 1715 1618 famulus
1736 1526 1875 1618 viris
1902 1525 2000 1618 di-

2141 1539 2319 1608 ιρειῶν
2364 1529 2766 1602 καταϐαίνοντα,
2829 1535 2901 1597 ὼς
2953 1535 3041 1588 τὸν
3088 1533 3356 1611 ὑπηρέτην
3387 1535 3563 1588 εἰπεῖν
3594 1535 3740 1608 πρὸς

370 1614 553 1689 ceret:
577 1624 654 1688 Ut
689 1623 833 1701 quid
883 1621 1189 1682 dominum
1212 1637 1408 1680 meum
1429 1617 1634 1678 dolore
1665 1614 1948 1676 obruistis
1972 1620 2001 1676 ?

2141 1622 2205 1682 ὡς
2250 1619 2458 1697 ἄνδρας,
2519 1623 2578 1678 Τί
2629 1624 2720 1674 τὸν
2763 1624 2939 1698 κύριον
2997 1643 3098 1693 μου
3151 1628 3218 1692 τῇ
3267 1619 3440 1694 θλίψει
3485 1618 3736 1675 κατεϐα-

373 1717 548 1795 Vere,
583 1715 632 1775 si
681 1713 1071 1776 intentionem
1129 1717 1385 1769 vestram
1419 1705 1847 1788 prmcivissem,
1901 1721 2002 1764 vos

2141 1711 2301 1765 είσατε
2338 1729 2354 1784 ;
2392 1708 2630 1776 Ἀληθῶς
2687 1711 2728 1764 εί
2784 1710 3140 1786 προεγνώκειν
3185 1711 3274 1765 τὸν
3305 1711 3504 1764 σκοπὸν
3549 1710 3732 1782 ὑμῶν,

369 1804 481 1884 ipsi
517 1764 670 1865 haud
702 1799 1169 1864 denuntiassem.
1203 1799 1368 1858 Tunc
1421 1763 1660 1856 sanctus
1704 1811 1770 1854 os
1799 1810 1998 1864 suum,

2141 1763 2297 1765 ήνῖηῗῖ
2338 1763 2354 1784 ⁷
2415 1763 2446 1764 77
2516 1763 2550 1776 ’ἡ
2616 1763 2630 1774 ³
2695 1763 2726 1764 7’
2794 1763 2940 1786 eril
2992 1763 3017 1764 77
3071 1763 3106 1764 77
3200 1763 3237 1765 ’⁷
3362 1763 3367 1764 ⁷
3433 1763 3466 1764 '7
3583 1763 3602 1781 l7
3717 1763 3732 1782 Ἰ

2141 1821 2182 1853 »κ
2238 1798 2465 1872 ’ἐμήνυον
2516 1800 2649 1872 ὑμὰς
2712 1800 2873 1869 αὐτῷ.
2930 1799 3057 1855 Τότε
3136 1800 3197 1853 τὸ
3247 1798 3492 1873 θεολόγον
3569 1799 3738 1853 αὐτοῦ

369 1880 443 1952 de
469 1889 589 1951 Deo
642 1889 802 1968 loqui
859 1886 1122 1959 solitum,
1181 1884 1483 1964 aperiens,
1530 1880 1750 1942 famulo
1807 1880 2000 1940 dixit:

2141 1886 2291 1951 ροίξας
2324 1885 2495 1962 στόμα
2527 1890 2554 1942 6
2584 1887 2756 1965 ἅγιος,
2790 1888 2915 1942 εἶπε
2965 1895 3039 1958 τῷ
3088 1887 3350 1962 ὑπηρέτῃ.
3403 1887 3578 1964 ’Ἀφες
3624 1890 3732 1944 αὖ·

367 1979 609 2040 Dimitte
640 1977 796 2056 illos,
833 1974 1102 2035 conservi
1163 1971 1280 2033 mei
1312 1979 1472 2052 sunt,
1525 1989 1614 2044 ac,
1652 1986 1782 2050 quas
1815 1968 2003 2049 impe-

2141 1977 2206 2041 ιύς
2243 1993 2255 2006 ·
2292 1975 2560 2035 σύνδουλοί
2590 1980 2691 2051 μού
2722 1979 2844 2050 εἶσι,
2877 1977 2966 2032 καὶ
3017 1975 3049 2030 ἂ
3107 1975 3510 2048 ἐκελεύσθησαν,
3560 1983 3737 2031 ταῦτα

370 2075 498 2129 rata
526 2075 684 2139 sunt,
721 2075 869 2126 eaet
903 2061 1272 2123 nuntiarunt.

451 2155 589 2217 159.
624 2153 778 2216 Dixit
826 2162 1020 2213 autem
1053 2151 1142 2210 eis
1172 2168 1185 2208 :
1219 2148 1453 2210 Verene
1485 2147 1608 2208 haec
1636 2147 1782 2207 mihi
1811 2145 2000 2224 signi-

369 2245 564 2308 ﬁcavit
592 2239 928 2305 Dominus?
980 2239 1141 2300 Itane
1177 2239 1452 2318 potentiae
1479 2243 1632 2316 ejus,
1659 2244 1720 2296 ut
1753 2235 1884 2296 talis
1915 2235 2006 2295 ci»-

367 2341 536 2407 vitas,
563 2339 722 2394 tanto
757 2341 1024 2410 tempore
1056 2329 1185 2407 ejus
1217 2325 1534 2387 sudoribus
1562 2324 2005 2403 vcnerandique

368 2422 569 2485 lateris
600 2421 887 2498 sanguine
949 2419 1006 2478 in
1058 2417 1174 2478 ﬁde
1205 2415 1514 2486 aediﬁcata,
1547 2414 1621 2474 ab
1672 2411 2002 2474 immitibus

366 2513 482 2574 illis
514 2511 656 2572 feris
714 2508 1097 2581 dilaceretur,
1152 2515 1240 2568 est
1276 2505 1599 2584 placitum?
1633 2501 1854 2564 Haccne
1887 2502 2001 2563 nii-

367 2600 710 2664 sericordiae
742 2599 871 2677 ejus
893 2598 1206 2658 arrident?
1235 2592 1690 2673 Responderunt
1724 2591 1826 2652 viri
1863 2610 1875 2650 :
1906 2592 2003 2653 Ni-

369 2691 420 2752 si
450 2690 576 2750 haec
605 2689 659 2749 ei
695 2695 892 2748 essent
917 2685 1150 2766 placita,
1183 2702 1292 2744 nos
1321 2681 1393 2743 ad
1427 2679 1818 2744 venerandam
1852 2689 2001 2742 stre-

370 2779 658 2840 nnitatem
709 2785 868 2836 tuam
941 2773 1094 2836 haud
1158 2771 1436 2834 misisset.
1499 2769 1667 2831 Tunc
1717 2768 1994 2842 Sanctus,

369 2869 591 2928 vultum
644 2865 830 2944 magis
888 2881 1008 2944 prae
1064 2861 1270 2923 dolore
1331 2861 1671 2931 demittens,
1707 2867 2002 2939 caputque

371 2956 660 3036 quietum,
690 2973 756 3016 ac
787 2954 836 3014 si
867 2950 1434 3030 deliberaret,longo
1467 2958 1735 3028 tempore
1767 2957 2000 3022 tenens,

372 3045 485 3106 hoc
517 3060 732 3123 magna
760 3060 895 3104 cum
927 3039 1229 3102 anxietate
1258 3036 1423 3099 dedit
1455 3055 1808 3118 responsum
1837 3057 1853 3117 ;
1885 3055 1998 3115 ge-

2090 2067 2177 2121 καὶ
2208 2064 2565 2142 ἀπήγγειλαν,

2169 2153 2306 2232 ρνβ’,
2351 2154 2505 2232 Λέγει
2555 2153 2608 2209 δὲ
2657 2156 2786 2230 πρὸς
2815 2154 3042 2217 ὲκείνούς
3081 2174 3095 2190 ·
3129 2152 3366 2218 Ἀληθῶς
3418 2153 3584 2210 ταῦτα
3638 2175 3738 2225 μοι

2089 2242 2385 2308 δεδήλωκεν
2441 2246 2467 2298 6
2517 2245 2840 2315 Δεσπότηςς
2909 2242 3056 2299 Οῧτω
3126 2242 3361 2319 παρέστη
3406 2243 3483 2315 τῷ
3542 2244 3735 2320 κράτει

2091 2332 2267 2403 αὒτοῦ,
2329 2331 2421 2386 ’ἕνα
2465 2332 2760 2398 τηλικαύτη
2806 2331 2983 2409 πόλις,
3042 2332 3327 2391 τοσαύταις
3359 2344 3577 2408 γενεαῖς
3610 2344 3739 2392 τοῖς

2087 2419 2303 2484 ἱδρῶσιν
2358 2423 2535 2498 αὐτοῦ,
2619 2423 2705 2477 καὶ
2758 2427 2834 2493 τῷ
2922 2420 3109 2494 α’ίματι
3177 2423 3274 2486 τῆς
3336 2421 3514 2492 τιμίας
3570 2422 3741 2476 αὖτοῦ

2087 2509 2315 2587 πλευρᾶς
2359 2508 2769 2584 οἶκοδομηθεϊσα
2825 2515 2892 2584 τῇ
2951 2510 3146 2580 πίστει,
3186 2516 3274 2562 νῦν
3305 2509 3406 2564 ὑπὸ
3437 2514 3542 2564 τῶν
3589 2508 3732 2572 ἄνη-

2086 2600 2259 2675 μέρων
2302 2600 2494 2674 θηρίων
2545 2599 2742 2654 τούτων
2806 2596 3097 2671 διασπασθῇ
3134 2617 3151 2673 ;
3214 2603 3387 2654 Ταῦτα
3424 2599 3494 2664 τῆ
3525 2598 3729 2677 φιλαν-

2084 2687 2284 2766 θρυεπίᾳ
2336 2689 2492 2746 αὺτοῦ
2539 2687 2777 2764 ἤρεσενς
2835 2687 3219 2765 Ἀπεκρίθησαν
3280 2689 3326 2740 οἱ
3388 2684 3597 2762 ἄνδρες,
3665 2691 3726 2745 Εἰ

2085 2779 2162 2851 μὴ
2217 2786 2378 2834 ταῦτα
2423 2777 2659 2854 παρέστη
2703 2776 2857 2851 αὒτῇ,
2914 2779 3009 2834 οὐκ
3063 2775 3126 2829 ἂν
3195 2773 3505 2830 ἀπέστειλεν
3577 2779 3730 2851 ἡμᾶς

2084 2869 2215 2942 πρὸς
2255 2868 2316 2922 τὸ
2370 2867 2684 2939 θεοτίμητον
2743 2870 2838 2931 τῆς
2883 2869 3068 2943 ψυχῆς
3131 2883 3244 2924 σου.
3297 2864 3427 2920 Τότε
3458 2863 3628 2921 πλέον

2084 2957 2341 3034 κατηφείᾳ
2386 2954 2762 3031 σκυθρωπάσας
2808 2956 2834 3008 6
2902 2953 3074 3030 ἅγιος,
3121 2956 3212 3010 καὶ
3254 2951 3320 3018 ἧν
3385 2952 3558 3028 πολλῇ
3616 2954 3732 3030 ὥρᾳ

2085 3049 2245 3099 κινῶν
2276 3044 2372 3110 την
2402 3041 2635 3122 κεφαλὴν
2691 3042 2870 3118 ὥσπερ
2903 3041 2966 3108 ἦν
3019 3040 3422 3119 βουλευόμενος,
3485 3043 3575 3096 σὺν
3609 3043 3733 3099 θλί-

372 3115 669 3195 mebund'a
698 3132 857 3193 enim
917 3132 1046 3208 ejus
1105 3127 1360 3207 loquela,
1393 3115 1758 3208 remissaque
1789 3115 2003 3204 linguae

2141 3154 2174 3188 ει
2233 3130 2405 3206 πολλῇ
2449 3132 2646 3197 ταύτην
2675 3129 2837 3186 ’έδωκε
2879 3131 2979 3196 τὴν
3013 3131 3290 3208 ἀπόκρισιν
3326 3146 3340 3159 ⁸
3376 3133 3409 3198 ἡ
3469 3132 3573 3208 γὰρ
3623 3155 3732 3187 πο-

371 3241 476 3284 vox
521 3223 652 3301 ejus
711 3238 855 3298 erga
904 3219 1150 3298 patriam
1209 3216 1816 3292 commiserationem,
1875 3233 2002 3296 quae

367 3311 749 3374 immodicam
811 3309 866 3369 ei
925 3307 1220 3368 tristitiam
1249 3307 1465 3377 ciebat,
1503 3304 1874 3366 manifestam
1909 3305 2001 3365 fa-

367 3399 584 3462 ciebat.
623 3397 778 3461 Viris
808 3397 991 3476 igitur
1021 3395 1332 3476 respondit
1365 3394 1733 3469 :AbenMes,
1767 3393 2000 3469 fratres,

365 3489 545 3552 dicite
578 3486 950 3550 misericordi
981 3485 1255 3547 Domino:
1290 3483 1426 3545 Haec
1448 3482 1700 3544 dilectus
1733 3491 1868 3543 tuus
1896 3500 2003 3560 ge-

368 3581 708 3658 nuinusque
737 3591 946 3639 serVus
975 3574 1313 3636 Demetrius
1339 3571 1483 3635 dicit
1518 3589 1531 3633 :

451 3758 586 3823 153.
611 3761 724 3832 Τυ,
760 3757 1032 3832 Domine,
1067 3765 1127 3818 et
1159 3774 1326 3818 meus
1356 3754 1685 3818 etcivitatis
1715 3762 1772 3817 et
1795 3751 2005 3815 mundi

366 3849 626 3912 universi
651 3867 715 3910 es
737 3845 1116 3916 dominus,ac
1143 3855 1422 3927 tanquam
1450 3844 1816 3906 dominatum
1843 3842 2001 3905 obti—

372 3957 546 4019 nens,
579 3937 748 4011 mihi,
783 3943 845 3997 ut
895 3937 989 3996 hic
1010 3953 1145 3996 cum
1166 3935 1351 3996 servis
1380 3934 1495 3996 tuis
1517 3933 1870 4007 habitarem,
1907 3931 2004 3992 in-

371 4027 618 4106 junxisti
653 4023 798 4101 :qui
836 4025 1010 4103 igitur
1064 4041 1168 4085 eos
1199 4023 1259 4084 in
1293 4023 1393 4085 tali
1427 4025 1784 4086 necessitate
1815 4021 2005 4083 relin-

377 4133 566 4195 quere
587 4133 655 4176 ac
690 4113 854 4175 abire
894 4112 1138 4192 possim,
1171 4112 1265 4173 vel
1296 4131 1409 4192 quo
1438 4111 1594 4172 vultu
1628 4111 1829 4191 patriae
1861 4129 2006 4173 mea

378 4204 617 4266 interim
672 4199 1003 4282 aspiciam?
1049 4200 1252 4273 Qualis
1305 4209 1501 4261 autem
1553 4200 1724 4275 mihi,
1778 4200 2009 4262 civibus

377 4295 529 4356 meis
553 4289 1087 4374 pereuntilms,vita
1108 4299 1198 4351 est
1213 4289 1410 4350 futura
1433 4295 1460 4350 ?
1484 4286 1916 4362 Enimvero,uti
1938 4289 2012 4351 iis

375 4381 771 4461 gaudentibus
799 4375 1186 4461 spiritualiter
1211 4377 1476 4450 aderam,
1512 4378 1592 4436 ita
1627 4394 1736 4438 nec
1767 4379 2008 4440 eosdem

2085 3221 2437 3283 λυστένακτος
2499 3220 2654 3278 αὑτοῦ
2695 3217 2877 3292 λαλιὰ,
2916 3219 3002 3275 καὶ
3059 3220 3094 3286 ἡ
3151 3219 3570 3298 κατισχνωμένη
3633 3226 3736 3284 τῆς

2086 3311 2330 3388 γλώττης
2363 3310 2513 3389 φωνὴ
2570 3307 2760 3377 ἐδήλου
2792 3309 2891 3375 τὴν
2948 3309 3064 3386 περὶ
3119 3308 3218 3374 τῆς
3270 3307 3518 3384 πατρίδος
3574 3311 3738 3367 αὒτοῦ

2089 3399 2442 3478 συμπάθειαν,
2509 3395 2736 3476 ἄμετρον
2797 3401 2939 3468 αὖτῷ
2981 3397 3080 3463 τὴν
3125 3395 3297 3462 λύπην
3345 3399 3683 3473 γεννήσασαν
3717 3414 3732 3428 ·

2088 3488 2342 3564 ἀπεκρίθη
2388 3487 2475 3543 οὖν
2533 3499 2649 3549 τοῖς
2710 3483 2952 3558 ἇνδρασιν
2988 3505 3003 3522 ·
3065 3485 3430 3562 Πορευθέντες,
3478 3483 3732 3565 ἀδελφοὶ,

2089 3576 2278 3633 εἴπατε
2307 3579 2383 3649 τῷ
2412 3574 2592 3653 ἄγαθῷ
2613 3576 2860 3649 Λεσπότῃ
2889 3593 2901 3606 ·
2938 3583 3110 3632 Ταῦτα
3144 3571 3288 3650 λέγει
3320 3575 3347 3628 6
3394 3575 3597 3637 οἰκεῖός
3635 3597 3736 3632 σου

2087 3667 2174 3722 καὶ
2203 3666 2421 3740 γνήσιος
2443 3661 2626 3727 δοῦλος
2663 3665 2968 3740 Δημήτριος
3005 3681 3017 3694 ·

2169 3753 2308 3832 ρνγ’,
2373 3760 2468 3828 Σὺ,
2533 3753 2800 3825 Δέσποτα,
2845 3750 3022 3830 κύριος
3065 3755 3117 3808 εἷ
3157 3752 3332 3826 κάμοῦ
3373 3753 3594 3819 καὶτῆς
3626 3755 3734 3810 πό-

2087 3846 2246 3918 λεως,
2284 3843 2372 3900 καὶ
2429 3843 2628 3906 παντὸς
2685 3845 2778 3898 τοῦ
2828 3843 3052 3921 κόσμου,
3089 3843 3184 3898 καῖ
3210 3843 3283 3904 ὡς
3316 3841 3459 3921 ἔχων
3489 3840 3731 3906 ἐξουσίαν

2088 3933 2368 3996 ἐκέλευσας
2395 3940 2487 4008 μόι
2517 3933 2685 3990 οἰκεῖν
2741 3931 2958 3989 ἐνταῦθα
3009 3931 3145 4006 μετὰ
3195 3933 3299 3987 τῶν
3328 3928 3524 3987 δούλων
3580 3952 3678 3987 σου
3713 3949 3728 3962 ’

2088 4025 2200 4088 πὼς
2256 4025 2344 4078 οὖν
2414 4019 2634 4097 δύναμαι
2692 4027 3006 4077 καταλιπεῖν
3069 4020 3256 4080 αὐτοὺς
3314 4020 3368 4076 ἓν
3423 4020 3728 4096 τηλικαύτῃ

2089 4111 2321 4190 ἀνάγκῃ,
2381 4113 2469 4168 καὶ
2512 4111 2886 4191 ἀναχωρῆσαι,
2935 4109 2968 4178 ἢ
3012 4110 3154 4183 ποὶῳ
3202 4108 3466 4188 προσώπῳ
3512 4109 3730 4166 θεάσω-

2091 4222 2187 4274 μαι
2244 4201 2340 4257 τὶν
2385 4199 2648 4257 ἀνάλωσιν
2705 4204 2800 4268 τῆς
2845 4197 3092 4277 πατρίδος
3141 4218 3296 4273 μου;
3355 4201 3485 4253 Ποία
3524 4195 3581 4252 δὲ
3638 4201 3732 4273 μοὶ

2092 4291 2235 4362 ζωὴν
2289 4292 2394 4346 τὼν
2426 4288 2660 4347 πολιτῶν
2717 4311 2818 4364 μευ
2861 4286 3244 4362 ἀπολλυμένων
3279 4286 3490 4363 ;⁹Αλλέι
3517 4285 3730 4362 μᾶλλον

2094 4379 2296 4456 ὥσπερ,
2357 4377 2744 4457 εὐωχουμένων
2786 4378 2981 4456 αὐτῶν,
3038 4381 3409 4450 πνευματικῶς
3480 4377 3733 4450 συνημην

378 4471 782 4550 periclitantes
798 4470 1154 4549 relinquam,
1179 4466 1299 4526 imo
1322 4465 1411 4526 vel
1434 4465 1507 4526 iis
1537 4465 2003 4542 servatis,serva—

2141 4471 2297 4540 5101c,
2343 4466 2482 4523 οὕτω
2530 4469 2617 4522 καὶ
2673 4463 3078 4522 κινδυνευόντων
3135 4466 3308 4520 αὒτῶν
3349 4464 3444 4521 οὒκ
3498 4463 3728 4520 ἀπολει-

377 4559 488 4621 bor
507 4557 953 4637 incolumis,vel
975 4552 1365 4636 pereuntibus
1386 4553 2007 4618 commoriar.Etenim

378 4655 437 4710 et
465 4657 530 4709 tu
561 4647 838 4727 ipsemet,
869 4653 936 4707 ut
966 4653 1030 4706 ut
1085 4641 1372 4705 Dominus
1402 4640 1717 4718 exsistens,
1749 4645 2008 4706 animam

373 4745 532 4800 tuam
594 4752 700 4816 pro
748 4732 974 4815 ovibus,
1036 4741 1098 4794 ut
1155 4739 1375 4812 pastor,
1421 4730 1716 4811 posuisti;
1753 4736 2011 4812 peccatis

373 4834 570 4889 autem
603 4825 844 4904 nostris,
907 4829 1046 4901 quia
1097 4820 1510 4883 misericordia
1541 4829 1638 4881 tua
1689 4839 1868 4902 supra
1899 4842 2012 4886 nos

376 4935 610 4997 magna,
646 4916 852 4994 iraque
873 4913 1037 4993 justa
1083 4909 1534 4973 conversionem
1571 4918 1856 4993 nostram,
1894 4931 2011 4974 non

379 5013 653 5079 mortem,
686 5003 830 5079 vult,
863 5000 1334 5064 misericordiam
1369 5007 1526 5060 tuam
1560 5000 1713 5061 haud
1745 5001 2014 5081 superari

377 5094 564 5175 probe
596 5095 753 5156 novi.
787 5092 932 5156 Cum
958 5090 1161 5170 igitur,
1191 5088 1417 5170 optime
1443 5087 1715 5164 Domine,
1747 5105 1846 5152 res
1876 5109 2012 5152 om-

375 5203 483 5246 nes
515 5185 570 5244 in
601 5188 889 5262 potestate
911 5188 1004 5241 tua
1030 5178 1267 5251 habeas,
1303 5176 1665 5257 nobis,quod
1691 5177 2013 5258 vis,i‘acias;

375 5290 483 5351 ego
509 5273 764 5347 enim,ut
788 5278 926 5331 ante
953 5267 1196 5342 dixi,vel
1216 5266 1286 5327 iis
1311 5267 1583 5341 servatis,
1615 5267 1898 5331 servabor
1926 5270 2016 5330 in-

376 5361 650 5436 columis,
685 5358 776 5421 vel
808 5355 1200 5439 pereuntibus
1226 5354 1437 5418 iisdem
1471 5356 1851 5420 commorior.

457 5624 596 5685 154.
630 5622 767 5685 Haec
797 5623 1057 5703 benigno
1089 5623 1326 5685 dicente
1360 5624 1854 5705 martyre,anima
1885 5643 2018 5690 mea

2091 4561 2362 4635 φθησομαι
2392 4556 2563 4612 αὒτῶν
2599 4572 2614 4586 ⁹
2668 4553 2793 4610 ἀλλ’
2847 4554 2882 4622 ἢ
2928 4551 3244 4627 σωζομένων
3276 4553 3470 4628 αὒτῶν,
3517 4553 3729 4610 συσσώ-

2092 4653 2273 4726 ζομαι,
2319 4646 2355 4713 ἢ
2399 4643 2751 4724 φθειρομένων
2810 4643 3006 4722 αὐτῶν,
3040 4644 3461 4711 συναποθνήσκω
3489 4646 3675 4704 αὐτοῖς
3710 4657 3725 4672 ·

2092 4737 2181 4791 καὶ
2241 4737 2303 4791 σὺ
2362 4736 2462 4814 γὰρ
2505 4735 2684 4808 αὐτὸς,
2736 4733 2909 4789 καίτοι
2972 4734 3246 4799 Δεσπότης
3287 4731 3570 4811 ὑπάρχων,
3631 4734 3732 4797 τὴν

2095 4822 2277 4903 ψυχήν
2337 4845 2429 4880 σου
2472 4822 2703 4883 τέθεικας
2734 4822 2808 4884 ὡς
2840 4822 3043 4894 ποιμὴν
3079 4821 3209 4899 ὑπὲρ
3263 4824 3368 4875 τῶν
3424 4815 3726 4895 προϐάτων

2093 4913 2380 4988 ἐπίσταμαι
2411 4910 2466 4968 δὲ
2497 4907 2723 4988 ἀκριϐῶς
2772 4909 2852 4965 ὅτι
2903 4911 2964 4966 οὗ
3017 4911 3325 4979 νικήσουσιν
3385 4909 3436 4963 αἱ
3481 4909 3730 4985 ἁμαρτίαι

2094 5007 2249 5074 ἡμῶν
2306 5005 2407 5069 τὴν
2462 4997 2858 5079 εὖσπλαγχνίαν
2913 5020 3030 5072 σου,
3063 4997 3144 5054 ὅτι
3193 5000 3256 5054 τὸ
3288 4995 3436 5058 ἔλεός
3469 5019 3564 5052 σου
3597 4996 3733 5073 μέγα

2097 5090 2178 5171 ἐφ’
2229 5092 2396 5166 ἡμᾶς,
2458 5089 2545 5144 καὶ
2599 5091 2626 5145 6
2670 5088 2832 5162 θυμός
2871 5108 2963 5143 σου
2995 5089 3022 5143 6
3056 5085 3253 5151 δίκαιος
3281 5090 3378 5152 τῆς
3410 5083 3733 5163 ἰπιστροφῆς

2097 5180 2251 5257 ἡμῶν
2311 5179 2522 5259 χρῇζει,
2573 5177 2688 5234 οὔδε
2731 5183 2828 5243 τῆς
2873 5179 3064 5255 ιῖιθορᾶς
3102 5191 3116 5205 ⁸
3162 5174 3306 5253 ’έχων
3338 5176 3426 5228 οὗν
3461 5171 3732 5240 1:},va-

2097 5274 2212 5326 σίαν
2261 5270 2530 5345 ἁπάντων,
2565 5266 2725 5342 ἀγαθὲ
2786 5265 3048 5341 Δέσποτα,
3083 5264 3111 5318 ὃ
3142 5263 3372 5327 κελεύεις
3406 5264 3636 5329 ποίησον
3668 5264 3734 5325 εἷς

2097 5360 2240 5436 ἡμᾶς
2275 5374 2288 5388 ⁶
2353 5357 2459 5434 ἐγὼ
2503 5356 2622 5432 γὰρ,
2656 5356 2728 5417 ὡς
2767 5365 3044 5429 προεῖπον,
3079 5355 3116 5420 ἢ
3177 5351 3496 5426 σωζομένων
3542 5354 3732 5424 αὐτῶν,

2100 5453 2361 5523 σώζομαι,
2433 5445 2469 5513 ἢ
2554 5441 2996 5521 διαφθειρομένων
3067 5443 3268 5520 αὐτῶν,
3326 5441 3737 5508 συνσποθνήσκω

2100 5543 2308 5602 αὺτοῖς.

2182 5631 2311 5711 ρνδ’,
2373 5644 2545 5695 Ταῦτα
2621 5628 2712 5681 τοῦ
2770 5619 3150 5700 εὖσπλάγχνου
3206 5616 3546 5688 λαλήσαντος
3603 5619 3736 5698 μάρ-
