3938 6134
189 282 224 350 1
238 284 357 351 333

1279 292 1338 355 S.
1385 291 1762 356 DEMETRII
1804 291 2207 356 MARTYRIS
2246 292 2471 360 ACTA.

3406 291 3562 359 1334

172 423 538 490 διασωθέντες
603 426 878 504 πλωτῆρες
937 429 1028 484 τὸν
1083 429 1258 486 θεόθεν
1320 431 1504 494 αὒτοϊς
1548 432 1831 508 γενόμενον

1952 426 2030 487 ibi
2063 447 2169 509 per
2198 430 2592 492 certaminum
2624 428 2929 492 Victorem
2955 430 3185 494 cladem
3216 429 3401 493 fuisse
3430 430 3558 493 illa-

172 513 408 592 ὄλεθρον
453 515 535 572 διὰ
607 519 696 572 τοῦ
749 517 1034 596 ἀεθλοφόρου
1094 519 1466 596 ἀφηγήσαντο,
1526 523 1612 576 καὶ
1660 521 1833 595 ἄπρα-

161 624 310 660 utet
354 606 486 678 μετὰ
517 606 734 667 πένθους
766 610 1016 684 μεγίστου
1068 609 1132 664 τὰ
1185 609 1414 665 πλεῖστα
1463 617 1570 665 τῶν
1616 610 1834 688 μαγγα-

163 715 296 748 νων
351 697 438 750 καὶ
509 702 614 750 τῶν
671 695 879 752 σκύλων
942 696 1326 759 καταλιπόντες
1387 699 1506 773 μετ’
1569 700 1832 778 αἰσχύνης

165 781 426 860 ᾤχοντο.

273 870 441 949 ρξς¹,
475 873 533 928 Οἱ
568 870 621 926 δὲ
654 879 750 940 τῆς
795 875 1057 932 θεοσώτου
1111 877 1306 942 ταύτης
1369 883 1463 944 τῆς
1525 879 1638 935 καθ’
1689 881 1831 952 ἡμᾶς

170 966 301 1016 τῶν
361 959 782 1018 Θεσσαλονικέων
833 963 1044 1028 πολεως
1079 963 1256 1038 δρόμῳ
1287 969 1347 1020 τὸ
1379 967 1638 1043 πανάγιον
1669 967 1831 1041 τέμε-

179 1071 285 1104 νος
345 1057 438 1105 τοῦ
494 1051 664 1106 αὒτών
707 1053 1002 1128 προστάτου
1047 1055 1132 1109 καὶ
1190 1055 1508 1134 ὕπερμάχου
1551 1058 1637 1112 καὶ
1667 1058 1833 1134 ὕπερ-

176 1136 400 1202 ενδόξου
469 1137 857 1204 καταλαϐόντες
926 1143 1186 1220 μάρτυρος
1238 1146 1544 1221 Δημητρίου
1587 1151 1662 1217 τῷ
1725 1146 1838 1219 Θεῷ

181 1229 630 1306 εὐχαριστηρίους
662 1230 856 1304 ὕμνους
922 1231 1228 1306 ἀνέπεμπον
1279 1233 1526 1301 λέγοντες
1564 1254 1575 1267 ·
1651 1235 1836 1314 Εὒχα-

181 1317 474 1390 ριστοῦμέν
544 1339 650 1392 σοι,
730 1318 970 1375 Δέσποτα
1059 1324 1276 1398 οὖρανοῦ
1354 1325 1439 1378 ναὶ
1531 1326 1658 1400 γῆς,
1754 1323 1834 1379 ὅτι

179 1405 416 1470 ἀναξίων
461 1404 624 1462 ὄντων
662 1409 813 1481 ἡμῶν
845 1409 940 1476 τῆς
973 1411 1114 1486 παρὰ
1161 1433 1254 1466 σου
1287 1414 1548 1490 σωτηρίας
1597 1413 1680 1467 διὰ
1738 1414 1832 1476 τὰς

179 1494 407 1557 ἐνούσας
439 1496 576 1568 ἡμῖν
625 1497 881 1571 ἁμαρτίας
937 1498 1032 1552 οὒκ
1091 1498 1288 1564 ἔδωκας
1347 1503 1490 1573 ἡμᾶς
1538 1503 1610 1563 εἷς
1670 1503 1834 1579 θήραν

169 1583 361 1641 ὀδοῦσι
425 1590 530 1639 τῶν
575 1585 780 1666 ἐχθρῶν
837 1588 992 1660 ἡμῶν
1029 1607 1042 1620 ο

170 1670 465 1748 δεξάμενος
553 1676 645 1734 τὰς
734 1677 968 1745 αἰτήσεις

1093 1587 1212 1643 ἀλλ’
1251 1587 1458 1655 ἔσωσας
1489 1590 1631 1664 ἡμᾶς
1663 1613 1834 1668 προσ-

553 1676 645 1734 τὰς
734 1677 968 1745 αἰτήσεις
1051 1685 1140 1734 τοῦ
1217 1680 1437 1756 γνησίου
1515 1681 1834 1757 θεράποντος

1917 525 2059 590 tam,
2097 529 2434 591 narrarunt,
2493 537 2676 599 reque
2710 518 2954 596 infecta,
2992 522 3278 602 majorem
3327 521 3556 583 instru-

1917 615 2252 669 mentorum
2307 609 2755 690 spoliorumque
2819 621 3044 688 partem
3107 612 3362 673 maximo
3419 628 3555 672 cum

1917 696 2077 757 luctu
2113 697 2526 775 relinquentes
2560 718 2692 761 cum
2722 697 3024 762 dedecore
3053 699 3355 763 abierunt.

2001 875 2139 936 166.
2174 875 2285 947 Qui
2346 894 2484 938 vero
2544 877 2722 956 hujus
2778 898 2812 940 a
2867 878 2990 940 Deo
3021 887 3266 940 servata;
3294 878 3553 940 Thessa-

1917 964 2240 1025 lonicensis
2273 974 2490 1027 nostrae
2520 967 2771 1029 civitatis
2796 968 3431 1042 erant,sanctissimum
3460 986 3560 1047 pa-

1919 1054 2070 1115 troni
2106 1055 2196 1113 sui
2230 1074 2298 1116 ac
2329 1057 2780 1135 propugnatoris
2812 1058 3204 1137 martyrisque
3247 1057 3555 1136 gloriosis-

1923 1143 2057 1203 sitni
2087 1145 2369 1204 Demetrii
2405 1146 2688 1224 templum
2724 1146 2999 1210 festinato
3029 1145 3556 1222 adeuntes,laudes

1922 1234 2044 1295 Deo
2074 1251 2205 1294 cum
2241 1236 2560 1311 gratiarum
2593 1235 2829 1296 actione
2858 1237 3211 1316 conjunctas
3241 1235 3558 1308 dederunt,

1919 1322 2226 1383 dicentes:
2255 1323 2410 1397 Tibi,
2446 1323 2695 1385 Domine
2713 1325 3146 1402 cmlietterrze,
3185 1324 3402 1403 gratias
3431 1325 3557 1403 agi-

1919 1429 2071 1489 mus,
2108 1412 2262 1490 quod
2297 1429 2404 1472 nos
2430 1422 2672 1491 propter
2719 1414 3086 1475 adhaerentia
3117 1413 3289 1476 nobis
3319 1421 3560 1493 peccata

1918 1501 2110 1561 salute
2134 1520 2167 1562 a
2193 1510 2248 1562 te
2264 1500 2589 1563 obtinenda
2611 1501 2888 1582 indignos
2911 1503 3292 1565 inimicorum
3320 1509 3559 1564 nostro-

1917 1607 2048 1649 rum
2082 1589 2362 1650 dentibus
2384 1589 2442 1650 in
2468 1593 2725 1670 praedam
2751 1591 2905 1654 haud
2940 1592 3278 1665 tradideris,
3309 1591 3413 1652 sed
3445 1609 3558 1670 ge-

1921 1677 2087 1738 nuini
2121 1678 2277 1739 servi
2333 1678 2621 1740 Demetrii
2653 1699 2860 1759 preces
2913 1681 3248 1760 suscipiens
3276 1681 3558 1744 servaris.

177 1767 524 1840 Δημητρίου,
592 1765 688 1820 Καὶ
750 1773 902 1822 τοῦτο
956 1764 1009 1822 δὲ
1093 1768 1368 1846 τεράστιον
1429 1769 1682 1846 μέγιστον
1740 1769 1833 1824 καί

1952 1763 2046 1828 loc
2073 1785 2245 1845 porro
2269 1767 2445 1827 etiam
2475 1769 3330 1850 maximum,memoriaque,ut
3357 1769 3415 1830 id
3447 1787 3555 1832 ex-

172 1853 410 1926 μνήμης
439 1852 604 1922 ὄντως
641 1851 807 1918 δεῖξαι
841 1854 1006 1931 ἄξιον,
1064 1856 1144 1912 ὅτι
1191 1859 1218 1912 ὁ
1280 1863 1385 1912 τῶν
1429 1861 1599 1916 αὐτῶν
1646 1857 1830 1914 Σκλα-

169 1938 342 1996 ϐίνων
400 1940 648 2020 ἔξαρχος,
732 1943 965 2017 τοῦνομα
1050 1946 1287 2017 Χάτζων,
1376 1949 1513 2002 κατά
1569 1949 1630 2002 τὸ
1691 1951 1832 2020 αδτῷ

379 2029 388 2047 ,
546 2029 567 2048 ρ.
599 2032 609 2043 .
859 2034 867 2052 ,
999 2035 1012 2056 ς
1579 2037 1590 2055 .

179 2034 482 2102 ειθισμενον
540 2047 624 2085 οια
684 2053 932 2099 μαντείας
991 2034 1231 2108 ῃτήσατο
1275 2037 1489 2109 μαθεῖν,
1555 2056 1594 2090 ει
1652 2034 1828 2090 εἰσελ-

179 2123 305 2176 θεῖν
335 2117 454 2197 ἔχοι
485 2121 540 2174 ἒν
583 2125 650 2194 τῇ
705 2120 1045 2197 θεοφυλάκτῳ
1088 2123 1242 2196 ἡμῶν
1303 2122 1483 2196 πόλει,
1517 2125 1604 2179 καὶ
1637 2123 1828 2202 ἑῤῥήθη

199 2210 369 2279 αὒτῷ,
417 2206 496 2263 ὅτι
543 2207 796 2264 εἰσελθεῖν
828 2209 943 2288 ἔχει
979 2226 992 2239 °
1041 2212 1102 2266 τὸ
1152 2211 1206 2266 δὲ
1255 2218 1371 2274 πῶς
1415 2212 1507 2268 οὒκ
1537 2211 1832 2291 ὑπεδείχθη

200 2301 367 2369 αὐτῷ,
401 2299 487 2352 καὶ
522 2297 709 2354 λοιπὸν
741 2300 810 2362 ὡς
853 2299 956 2354 ἀπὸ
987 2302 1082 2365 τῆς
1119 2299 1356 2366 δοθείσης
1389 2303 1529 2374 ante»
1560 2303 1831 2376 μαντείας,

199 2388 448 2464 χρηστὰς
510 2385 654 2465 ἔχων
729 2393 808 2460 τῷ
860 2386 1036 2444 δοκεῖν
1089 2391 1182 2453 τὰς
1239 2387 1477 2465 ἐλπίδας,
1534 2392 1709 2468 θάρσει
1775 2391 1836 2448 τὰ

197 2473 374 2553 δρᾶμα
404 2477 702 2554 παρώξυνεν
713 2523 727 2536 .

283 2652 411 2731 ρξζ’.
477 2648 688 2710 Ἀλλ’ὁ
738 2655 967 2712 ἀλλοιῶν
1027 2660 1238 2734 καιροὺς
1294 2657 1389 2714 καῖ
1454 2659 1701 2737 χρόνους,
1749 2660 1836 2714 καὶ

198 2740 552 2813 διασκεδάζων
596 2742 786 2819 βουλὰς
839 2745 1067 2824 ἐχθρῶν,
1129 2754 1312 2803 τοῦτον
1342 2750 1513 2817 ζῶντα
1547 2747 1832 2825 αἷγμάλω-

194 2855 290 2889 τον
333 2845 451 2894 τοῖς
487 2831 730 2898 πολίταις
774 2832 859 2889 διὰ
918 2842 1009 2892 τοῦ
1064 2836 1526 2914 προσημανθέντος
1587 2859 1840 2914 παραπο-

195 2922 314 2978 λίου
375 2921 678 2999 παρέδωκεν
715 2943 730 2960 ο
788 2924 928 2986 τινὲς
994 2923 1047 2979 δὲ
1107 2933 1212 2981 τῶν
1255 2927 1321 2982 τά
1365 2927 1548 3004 πρῲτα
1579 2927 1842 3003 φερόντων

199 3016 300 3076 τῆς
358 3009 475 3066 καθ’
535 3011 678 3084 ἡμᾶς
737 3011 944 3074 πόλεως
1033 3011 1172 3069 οἴκοι
1245 3017 1427 3070 τοῦτον
1488 3015 1845 3093 κατέκρυπτον

199 3095 414 3172 κέρδους
445 3100 588 3161 τινὸς
632 3099 725 3154 καί
760 3100 970 3178 τρόπων
1014 3106 1108 3160 οὒκ
1171 3101 1403 3179 εὗλόγων
1455 3103 1614 3181 χάριν
1648 3123 1661 3136 ·

200 3187 319 3247 οὐδὲ
351 3187 405 3242 ἐν
434 3186 605 3260 τούτῷ
633 3187 866 3265 ἤργησεν
899 3191 933 3256 ἡ
988 3213 1028 3270 χ
1035 3189 1372 3268 ριστόϐουλος
1419 3199 1512 3248 τοῦ
1554 3191 1845 3271 ἀθλοφόρου

200 3278 504 3354 προμήθεια
538 3293 552 3306 ·

200 3366 406 3436 τόλμαν
460 3367 642 3422 τοῦτον
722 3369 781 3421 εκ
865 3375 957 3422 τοῦ
1013 3367 1186 3441 οἴκου,
1251 3369 1371 3424 ἔνθα
1428 3371 1844 3448 κατεκρύπτετο,

199 3455 485 3531 ἐξήγαγον,
567 3455 650 3510 κα³
727 3457 944 3532 σύρασαι
1025 3455 1108 3512 διὰ
1169 3463 1263 3523 τῆς
1321 3457 1528 3522 πόλεως
1602 3455 1843 3514 ἐλιθοϐό-

202 3543 423 3609 λησαν⁸
472 3545 555 3599 καὶ
604 3543 767 3608 οὕτως
822 3544 976 3608 ἀξίως
1036 3551 1131 3611 τῆς
1194 3548 1350 3601 αὖτοῦ
1424 3546 1842 3621 δυσμενεστάτης

201 3633 426 3711 γνώμης
495 3631 706 3697 ἐπάξιον
763 3633 1103 3710 ἀπηνέγκατο
1159 3635 1406 3692 θάνατον.
1484 3634 1687 3700 Μ’,ὂεζς
1758 3635 1848 3690 οὖν

203 3729 311 3778 τῶν
354 3720 760 3800 φιλομαρτύρων
804 3725 949 3796 ὑμῶν
1009 3723 1294 3780 ἀπιστοϊτο
1351 3737 1466 3785 τοϊς
1500 3725 1760 3801 ἀγροίκως
1792 3724 1846 3779 ἐν

201 3812 430 3891 βραχέσι
489 3814 604 3888 περὶ
663 3813 861 3867 τούτων
904 3816 1260 3890 ἱστορηθεϊσιν
1304 3831 1314 3842 '
1372 3815 1414 3868 εἰ
1474 3815 1572 3891 γὰρ
1632 3815 1719 3868 καί
1765 3835 1844 3878 τις

201 3905 275 3962 ὡς
333 3899 498 3974 ψευδῆ
560 3921 627 3973 με
671 3907 833 3956 ταῦτα
878 3903 1177 3978 συγγράψαι
1225 3901 1516 3978 λογίσεται,
1553 3904 1837 3972 σκοπείτω,

201 3993 275 4051 ὡς
332 3990 383 4044 ἐν
415 3995 591 4066 γραφῇ
641 3992 965 4068 τυγχάνουσι
1025 3993 1128 4067 πρὸ
1177 3991 1270 4046 τοῦ
1302 3993 1560 4066 παναγίου
1593 3991 1840 4064 τεμένους

198 4088 294 4135 τοῦ
355 4078 679 4149 ἀειμνήστου
735 4079 995 4155 μάρτυρος
1060 4081 1365 4154 Δημητρίου
1421 4087 1513 4135 τοῦ
1585 4084 1714 4156 πρὸς
1767 4083 1843 4152 τῷ

202 4169 353 4245 μέρει
410 4173 502 4222 τοῦ
545 4167 870 4239 καλουμένου
926 4169 1100 4244 ξύλου,
1167 4167 1427 4234 δηλοῦντα
1478 4170 1573 4235 τὴν
1630 4169 1840 4224 ἅπασαν

195 4264 291 4312 τοῦ
344 4253 581 4330 πολέμου
629 4255 914 4332 παράταξιν

615 3276 754 3333 ἀλλὰ
818 3281 1002 3355 γύναια
1059 3282 1188 3357 πρὸς
1251 3278 1484 3357 ἀνδρείαν
1543 3281 1844 3349 ἀναστήσας

923 4305 937 4334 ,
1003 4260 1087 4314 καὶ
1152 4259 1245 4325 τὴν
1290 4259 1363 4320 εἰς
1423 4260 1563 4331 ἡμᾶς
1617 4256 1700 4312 διὰ
1753 4264 1841 4313 τοῦ

1723 3099 1903 3197 me

1916 1855 2256 1931 hibeamus,
2291 1874 2428 1916 vero
2460 1856 2704 1934 dignum
2755 1857 2864 1919 fuit
2898 1858 3274 1937 miraculum,
3311 1875 3557 1918 eorum-

1916 1944 2051 2004 dem
2086 1945 2427 2006 Sclavorum
2464 1945 2789 2024 principem
2824 1947 2925 2024 qui
2981 1947 3239 2007 Chatzon
3298 1945 3558 2007 vocaba-

1915 2040 2012 2093 tur
2045 2034 2190 2111 (98),
2229 2052 2332 2113 pro
2365 2051 2530 2094 more
2579 2051 2707 2108 suo,
2743 2033 2973 2095 foretne
3016 2034 3078 2094 in
3128 2034 3490 2096 custoditam
3523 2052 3557 2094 a

1918 2121 2036 2183 Deo
2068 2123 2356 2182 civitatem
2392 2130 2656 2182 nostram
2690 2123 3092 2200 ingressurus,
3141 2123 3369 2185 oraculi
3402 2122 3560 2203 peti-

1917 2211 2073 2270 tione
2095 2209 2326 2270 discere
2343 2210 2853 2286 studuisse,eique
2878 2213 3005 2272 fore
3027 2219 3092 2272 ut
3113 2211 3556 2290 ingrederetur,

1917 2317 2269 2378 responsum
2303 2298 2525 2372 fuisse;
2559 2318 2675 2379 quo
2706 2307 2901 2361 autem
2935 2299 3112 2361 modo
3159 2299 3214 2362 ei
3247 2309 3556 2360 ostensum

1920 2388 2074 2449 haud
2107 2397 2252 2460 crat,
2288 2388 2524 2448 tandem
2559 2387 2760 2466 etiam,
2789 2396 2992 2467 utpote
3025 2407 3058 2449 e
3081 2388 3218 2449 dato
3255 2387 3370 2448 sibi
3400 2387 3553 2449 vati-

1920 2477 2075 2538 cinio
2110 2476 2422 2554 bonam,ut
2449 2477 2794 2558 apparebat,
2822 2494 2988 2556 spem
3024 2477 3406 2551 habens,rem
3440 2495 3551 2540 au-

1927 2565 2127 2626 dacter
2157 2566 2265 2626 fuit
2294 2583 2626 2644 aggressus.

2005 2657 2141 2717 167.
2178 2657 2393 2716 Verum
2445 2657 2543 2734 qui
2604 2654 2950 2717 occasiones
2995 2673 3064 2716 ac
3124 2665 3393 2735 tempora
3425 2674 3559 2716 mu-

1926 2753 2031 2813 tat,
2070 2745 2568 2824 inimicorumque
2601 2744 2850 2806 consilia
2881 2744 3362 2823 dissipat,vivum
3395 2744 3561 2804 illum

1927 2833 2151 2894 civibus
2213 2851 2316 2913 per
2360 2833 2663 2913 praefatam
2726 2833 3035 2914 portellam
3091 2832 3385 2912 captivum
3439 2841 3563 2893 tra-

1928 2921 2110 2996 didit;
2172 2921 2410 3002 quidam
2469 2931 2666 2983 autem
2713 2921 2971 2984 civitatis
3023 2931 3243 2983 nostrae
3274 2922 3566 3001 primores
3625 2915 3628 2918 ’

1930 3011 2089 3072 domi
2122 3030 2244 3072 sua:
2275 3012 2438 3072 illum
2473 3011 2620 3072 lucri
2670 3011 2922 3091 alicujus
2953 3011 3426 3092 studiorumque,
3461 3029 3564 3072 ra—

1933 3100 2078 3160 tioni
2111 3100 2266 3160 haud
2301 3109 3050 3169 consentaneorum,eausa
3079 3100 3560 3170 absconderunt;

1929 3208 2132 3250 verum
2186 3207 2379 3269 neque
2411 3194 2520 3250 hac
2552 3190 2610 3249 in
2643 3207 2709 3250 re
2760 3190 2974 3251 Christi
3031 3189 3298 3252 consiliis
3328 3189 3566 3267 sapiens

1929 3281 2316 3340 certaminum
2337 3277 2594 3340 Victoris
2617 3278 2984 3357 providentia
3007 3278 3190 3340 otiata
3214 3287 3324 3352 est;
3358 3295 3564 3339 verum

1931 3371 2201 3426 mulieres
2223 3368 2290 3425 ad
2317 3370 2515 3426 fortem
2541 3368 2840 3426 audaciam
2864 3370 2934 3425 ab
2953 3384 3020 3426 eo
3041 3370 3348 3436 excitata,e
3370 3368 3568 3436 domo,

1930 3453 2027 3514 ubi
2059 3453 2469 3526 Iatebat,illum
2501 3451 2858 3525 eduxerunt,
2887 3460 3256 3532 tractumque
3279 3469 3386 3531 per
3412 3451 3563 3512 civi-

1926 3550 2102 3603 tatem
2139 3540 2431 3622 lapidibus
2489 3549 2960 3620 oppresserunt;
3023 3549 3199 3620 atque
3243 3540 3325 3601 ita
3356 3540 3564 3601 merito

1929 3640 2177 3691 mortem
2210 3630 2510 3689 voluntate
2539 3647 2646 3687 sua
2704 3627 3093 3688 infestissima
3146 3628 3382 3706 dignam
3414 3628 3564 3688 sub-

1928 3721 1995 3782 iit
2028 3719 2179 3797 (29).
2207 3717 2390 3780 Nemo
2416 3717 2593 3796 igitur
2615 3725 2900 3791 vestrum,
2934 3716 3034 3796 qui
3059 3725 3373 3797 martyrem
3397 3734 3567 3777 ama-

1929 3809 2020 3880 tis,
2051 3809 2120 3868 iis
2143 3825 2273 3883 quze
2295 3807 2368 3867 de
2395 3806 2512 3866 illis
2544 3806 2762 3866 rustico
2785 3823 3064 3866 sermone
3097 3815 3332 3866 narrata
3365 3807 3568 3883 paucis

1925 3896 2269 3967 sunt,fidein
2295 3895 2552 3970 deneget
2589 3893 2736 3974 (30).
2769 3892 2936 3965 Quod
2972 3899 3018 3954 si
3049 3895 3210 3955 enim
3253 3893 3382 3974 quis
3415 3893 3561 3964 haec,

1924 3997 1986 4048 ut
2017 3987 2183 4063 faba,
2219 3983 2538 4062 scripsisse
2587 4001 2680 4043 me
2727 3991 3018 4057 autumet,
3051 3982 3247 4043 videat
3304 3983 3402 4061 qui
3433 3989 3567 4042 ante

1924 4075 2356 4137 sanctissimum
2391 4089 2629 4149 semper
2663 4070 3032 4132 memorandi
3058 4070 3325 4150 martyris
3359 4069 3566 4131 Deme-

1925 4165 2020 4227 trii
2053 4163 2340 4240 templum
2373 4160 2447 4221 ad
2484 4159 2647 4237 ligni,
2684 4171 2750 4220 ut
2793 4167 3056 4234 vocatur,
3091 4159 3285 4219 locum
3311 4159 3372 4219 in
3403 4158 3562 4222 scri-

1926 4255 2040 4336 ptis
2073 4250 2384 4312 ostendant
2415 4267 2650 4309 omnem
2688 4247 2828 4310 belli
2864 4249 3160 4336 ordinem,
3187 4247 3566 4327 salutemque

197 4345 489 4422 ἀθλοφόρου
537 4345 822 4422 σωτηρίαν,
875 4343 942 4400 δι’
996 4347 1055 4402 οὗ
1111 4347 1479 4413 ἀναπέμπεται
1528 4345 1674 4426 δόξα,
1707 4346 1835 4420 τιμὴ

1952 4343 2097 4404 iobis
2115 4340 2387 4402 collatam
2407 4355 2513 4417 per
2529 4336 2917 4398 certaminum
2935 4335 3563 4426 Victorem,perquem

197 4436 288 4490 καὶ
319 4435 669 4510 προσκύνησις
701 4440 776 4506 τῷ
811 4438 968 4513 Πατρὶ
1001 4437 1084 4492 καὶ
1119 4439 1194 4508 τῷ
1226 4437 1353 4508 Υίῳ.

1927 4431 2213 4494 tribuitur
2263 4427 2474 4506 gloria,
2534 4428 2726 4487 honor
2778 4435 2838 4486 et
2887 4424 3152 4487 adoratio
3184 4423 3340 4485 Patri
3371 4439 3429 4484 et
3460 4421 3562 4485 Fi-

1926 4523 2028 4597 lio,
2066 4529 2184 4582 etc.

1713 4638 1945 4697 CAPUT
1984 4637 2053 4694 II.

200 4735 381 4792 Sclaai
437 4736 631 4791 iterum
680 4732 1109 4791 Thessalonicam
1161 4733 1613 4809 aggrediunturp
1633 4732 1899 4809 Deumque
1943 4754 2004 4791 ac
2060 4730 2669 4809 :anctutpﬂDcmefrium
2711 4729 2817 4788 sibi
2870 4730 3180 4787 contrarios
3225 4729 3460 4801 experti,
3507 4744 3566 4786 re

979 4832 988 4842 .
1199 4803 1246 4805 "
1393 4807 1608 4876 infecta,
1648 4803 1894 4866 recedere
1931 4812 2200 4879 coguntur
2240 4803 2372 4874 (3i)-

285 4905 420 4983 ρξη’,
484 4908 579 4965 Καὶ
631 4907 912 4980 θαυμάτων
972 4906 1210 4978 θαύματα
1269 4902 1522 4983 τυγχάνει
1579 4905 1836 4986 ἀνώτερα,

201 4999 288 5054 καὶ
350 4996 674 5073 πραγμάτων
731 4996 1019 5072 πράγματα
1100 4991 1367 5072 ὑπάρχει’
1403 4992 1682 5072 ὑπέρτερα,
1753 4999 1840 5053 καὶ

237 5115 390 5241 1ξολ-8)
420 5113 690 5196 Neehoc
747 5113 912 5169 ducis
963 5112 1296 5170 Srlavorum
1343 5125 1554 5167 nomen
1617 5113 1838 5184 uspiam

263 5202 334 5238 ιη
374 5199 624 5240 invento.

197 5186 334 5244 alibi
374 5185 624 5240 invenio.

271 5257 386 5326 (29)
421 5255 480 5310 In
517 5271 658 5312 nere
697 5253 964 5311 Chatzoni
998 5264 1114 5311 tam
1173 5254 1407 5326 indigne
1440 5249 1588 5326 illata
1624 5263 1839 5322 partem

199 5324 632 5398 quampiam,uti
669 5327 758 5398 hic
794 5337 992 5398 auctor
1023 5326 1253 5388 indicat,
1291 5324 1557 5381 habuis‘se
1581 5337 1839 5383 sanctum

198 5396 566 5458 Demetrium.
603 5397 846 5454 multum
892 5396 1108 5454 dub‘to.

272 5468 385 5538 (30)
419 5469 555 5534 Qum
608 5472 880 5524 hactenus
937 5482 1064 5538 cap.
1107 5465 1371 5537 praesenti
1405 5465 1475 5538 de
1510 5464 1842 5524 Sclavorum

202 5536 398 5596 contra
435 5538 900 5596 Thessalonicam
950 5536 1331 5608 expeditione,
1381 5536 1668 5608 hujusque
1701 5539 1847 5595 infe-

206 5609 298 5680 lici
331 5625 602 5674 successu
634 5617 831 5669 auctor
863 5607 1076 5678 retulit,
1111 5609 1276 5668 facile
1304 5607 1846 5692 quidem,qnantum

2012 4900 2521 4967 168.Etmiracula
2547 4898 2846 4961 miraculis
2872 4901 3091 4976 majora
3113 4907 3248 4960 sunt
3270 4905 3327 4958 et
3348 4916 3448 4958 res
3469 4915 3564 4959 re-

1924 5001 2552 5074 busprazstantiores,et
2570 4995 2715 5054 bella
2737 5013 2764 5053 a
2790 4996 2955 5054 bellis
2977 4995 3327 5062 diﬂerunt,et
3353 4995 3560 5066 scripta

1922 5115 2150 5182 Opinor.
2208 5109 2360 5178 apud
2411 5121 2612 5166 omnes
2641 5105 2810 5182 fidem
2846 5105 3182 5169 invenient;
3225 5119 3424 5182 verum
3458 5107 3558 5176 qui

1923 5176 2202 5241 miraculo
2237 5176 2290 5237 id
2349 5182 2580 5246 factum,
2630 5177 3021 5248 visionemqne
3078 5190 3247 5246 supra
3299 5176 3558 5248 relatam,

1924 5270 2034 5326 qua
2073 5269 2196 5326 sese
2253 5261 2510 5326 sanctus
2535 5249 2857 5326 Demetrius
2889 5247 3152 5326 piurimis
3183 5247 3558 5326 spectandum

1929 5317 2045 5383 t'um
2081 5324 2319 5387 dederit,
2363 5321 2516 5378 haud
2571 5319 2736 5377 facile
2765 5317 3087 5385 admittant,
3118 5317 3232 5375 non
3266 5317 3560 5374 defuturos

1927 5398 2211 5454 existimo.

1999 5468 2112 5536 (31)
2145 5467 2319 5536 Caput
2353 5465 2459 5521 hoc
2490 5463 2548 5519 in
2579 5461 2774 5536 codice
2820 5457 3352 5536 olim_Mazarinae_o.,
3385 5471 3415 5513 e
3446 5471 3559 5527 quo

1929 5529 2024 5596 hic
2056 5529 2481 5609 ty'pisprimum
2515 5533 2837 5609 excuditur,
2858 5548 2888 5586 a
2917 5529 3016 5609 fol,
3047 5529 3347 5609 verset“
3377 5542 3560 5609 usque

1929 5609 1998 5680 ad
2035 5597 2135 5680 fo'I:
2186 5597 2288 5675 155
2323 5605 2578 5680 excurrit
2609 5624 2623 5684 ξ
2672 5617 2739 5678 ac
2786 5597 3116 5688 sequentem
3146 5599 3376 5684 quidem
3407 5597 3561 5669 hunc
