3938 6134
199 304 364 372 1341

331 445 430 510 οδ⁹,

299 471 430 526 ροο,
496 471 590 524 λυ,
655 471 895 503 Δεσποτα
975 471 1079 502 τιυν
1154 471 1423 523 απαντων,
1487 471 1849 525 φιλανυρωπος

198 537 310 599 ὢν,
349 536 647 603 ηὖδόκησας
706 535 773 591 ἷι’
817 540 959 610 ἡμᾶς
1020 536 1442 608 ἐνανθρωπῆσαι,
1493 539 1578 590 καὶ
1634 537 1855 612 σταυρὸν

200 630 306 683 καὶ
365 627 586 683 θάνατον
629 626 758 702 ὑπὲρ
816 636 907 684 τοῦ
958 625 1140 704 γένους
1200 627 1352 698 ἡμῶν
1422 628 1730 695 ὑπομεῖναι.
1796 625 1856 678 ab

199 718 561 793 προσήγαγες
627 716 812 771 ἑαδτὸν
883 716 1010 792 ὑπὲρ
1065 717 1222 788 ἡμῶν
1291 717 1466 771 θυσίαν
1511 715 1739 790 καθαρὰν
1781 719 1857 784 τῷ

199 812 298 879 σῷ
359 807 539 884 (lupi,
604 806 665 860 σὺ
709 803 1038 882 ἐξηγόρασας
1105 803 1242 878 ἣμᾶς
1295 811 1499 877 σεαυτῷ
1548 808 1624 876 τῷ
1681 803 1856 874 οἰκείῳ

199 896 433 971 αἵματι,
468 893 814 968 ἐκλεξάμενος
845 897 986 968 ἡμᾶς
1036 891 1165 949 λαὸν
1209 915 1303 952 σου
1354 894 1676 970 περιούσιον,
1711 891 1855 955 ἔθνος

196 984 391 1064 ἅγιον,
427 988 503 1059 μὴ
536 981 837 1039 εἰσέλθωσιν
871 983 991 1049 ἔθνη
1041 984 1114 1046 εἷς
1165 983 1264 1049 τὴν
1320 981 1679 1060 κληρονομίαν
1738 1004 1854 1055 σου,

199 1073 297 1149 μὴ
357 1074 602 1148 μιαίνωσι
660 1073 784 1137 τοὺς
839 1071 1042 1151 ἁγίους,
1095 1071 1182 1136 οὒς
1243 1073 1393 1136 οὗτὸς
1451 1071 1757 1138 ηὒδόκησας
1803 1072 1857 1128 ἐν

201 1163 402 1227 αὐτοῖς
459 1162 754 1234 ἐνοικῆσαι,
812 1161 884 1228 κὰ
942 1160 1331 1238 ἐπαιρέσθωσαν
1387 1159 1503 1218 καθ’
1559 1162 1737 1236 ἡμῶν,
1780 1163 1854 1224 ὡς

202 1251 384 1308 πάλαι
429 1252 514 1308 ἐπὶ
565 1257 657 1308 τοῦ
716 1247 884 1306 Δαυῖδ
911 1250 939 1304 ὃ
984 1249 1405 1329 μεγαλοῤῥήμων
1463 1249 1673 1323 Γολιαθ,
1721 1249 1859 1307 ἀλλὰ

205 1338 310 1406 δὺς
366 1343 503 1416 ἡμῖν
551 1353 668 1404 τοῖς
709 1352 984 1404 ταπεινοῖς
1026 1339 1110 1394 καὶ
1139 1337 1365 1404 ἀναξίοις
1397 1336 1602 1404 δούλοις
1633 1360 1748 1412 σου,
1783 1341 1857 1406 ὡς

205 1437 300 1506 τῷ
329 1437 406 1505 σῷ
449 1427 592 1486 παιδὶ
637 1426 806 1485 Δαυῖδ
832 1427 974 1485 λίθον
1025 1429 1315 1505 σωτήριον,
1353 1427 1454 1495 τὴν
1497 1429 1598 1496 σὴν
1630 1429 1855 1507 ἀόρατον

206 1520 555 1600 συμμαχίαν,
632 1520 778 1581 ὃπως
863 1516 929 1573 δι’
1019 1517 1186 1582 αὗτῆς
1271 1515 1700 1597 σφενδονίσαντες
1760 1521 1854 1581 τὰς

205 1609 576 1689 κατοτέλνους
628 1609 748 1664 καθ’
816 1609 972 1682 ἡμῶν
1030 1611 1134 1663 τῶν
1202 1605 1478 1685 βαρϐέρων
1508 1608 1857 1686 ἆποκρουσώ-

206 1702 353 1773 μεθα
410 1697 708 1775 φάλαγγας,
753 1695 832 1772 μὴ
881 1695 1180 1774 ἀπράκτους
1245 1719 1339 1760 τας
1383 1697 1513 1765 ὑπὲρ
1569 1697 1722 1772 ἡμῶν
1773 1695 1858 1754 διὰ

1295 309 1352 374 S.
1404 306 1775 373 DEMETRII
1833 310 2230 375 MARTYRIS
2271 312 2488 378 ACTA.

496 446 590 524 Σῦ,
655 446 895 503 Δέσποτα
975 453 1079 502 τῶν
1154 446 1423 523 ἁπάντων,
1487 444 1910 525 φιλάνθρωποςλ

3432 313 3583 382 1342

2023 445 2156 508 ΓΗ.
2211 444 2322 524 Τιι,
2365 463 2561 506 rerum
2626 443 2890 506 omnium
2929 444 3200 526 Domine,
3243 445 3578 510 misericors

1940 553 2072 595 cum
2108 535 2212 604 sis,
2266 545 2505 614 propter
2569 554 2672 595 nos
2729 547 2996 597 naturam
3059 538 3372 599 humanam
3407 557 3578 599 assu-

1941 643 2128 703 mere,
2179 644 2547 706 crucemque
2591 645 2660 688 ac
2694 635 2944 688 mortem
2979 646 3086 708 pro
3119 646 3337 705 genere
3373 638 3578 690 nostro

1941 715 2192 775 sufferre
2246 715 2506 795 Voluisti,
2563 726 2618 777 tu
2675 719 2929 796 teipsum
2967 736 3072 797 pro
3107 717 3278 778 nobis
3309 718 3579 779 obtulisti

1943 804 2096 864 Patri
2124 813 2221 865 tuo
2246 805 2603 866 sacriﬁcium
2639 805 3025 880 mundum,tu
3057 825 3164 868 nos
3197 805 3302 867 tibi
3338 807 3578 888 proprio

1938 893 2227 972 sanguine
2261 893 2720 976 emisti,eligens
2751 913 2858 956 nos
2890 897 3168 977 populum
3206 905 3369 959 tuum
3395 915 3580 977 pecu-

1940 983 2171 1050 liarein,
2205 991 2443 1061 gentem
2483 992 2790 1044 sanctam:
2853 1003 2968 1045 non
3027 984 3251 1046 intrent
3284 994 3492 1064 gentes
3517 985 3578 1045 in

1939 1071 2344 1134 biereditatem
2382 1079 2564 1147 tuam,
2617 1091 2692 1134 ne
2723 1073 3160 1135 commaculent
3190 1084 3392 1136 sancta
3425 1083 3580 1136 tem-

1941 1160 2042 1242 pla‘
2069 1171 2187 1233 tua,
2224 1179 2355 1242 quae
2388 1164 2514 1241 ipse
2546 1161 2703 1223 inter
2749 1180 2878 1223 eam
2931 1163 3265 1226 inhabitare
3319 1162 3576 1238 voluisti,

1941 1269 2016 1314 ne
2050 1253 2331 1313 adversus
2363 1270 2493 1325 nos,
2529 1251 2613 1312 uti
2644 1251 2949 1328 quondam
3010 1271 3293 1332 arrogans
3343 1253 3580 1317 Goliath

1940 1340 2224 1402 adversus
2250 1339 2456 1415 David,
2505 1335 2839 1404 exaltentur
2867 1361 2882 1416 ;
2913 1342 3019 1404 sed
3047 1341 3220 1405 nobis
3253 1343 3582 1404 humilibus

1942 1438 2120 1509 atque
2143 1429 2402 1508 indignis
2426 1431 2616 1491 servis
2637 1431 2776 1511 tuis,
2815 1440 2879 1492 ut
2901 1431 3119 1494 famulo
3140 1441 3239 1493 tuo
3269 1432 3474 1504 David,
3509 1430 3584 1492 da

1936 1517 2194 1599 lapidem
2222 1521 2540 1581 salutarem
2553 1528 2731 1593 ,tuam
2759 1520 3113 1584 invisibilem
3135 1522 3192 1582 in
3208 1521 3365 1584 bello
3379 1541 3580 1603 opem,

1940 1618 1999 1669 ut
2022 1627 2125 1688 per
2149 1627 2279 1671 eam
2313 1609 2500 1670 funda
2543 1618 2778 1671 utentes
2827 1610 2964 1672 dolo
2989 1610 3270 1672 adversus
3304 1630 3417 1673 nos
3452 1613 3580 1672 ins-

1939 1704 2160 1760 tructas
2191 1697 2585 1760 Barbarorum
2628 1700 2948 1779 phalanges
2978 1701 3447 1781 repellamus,ne
3477 1700 3576 1762 fu-

204 1797 313 1846 τοῦ
368 1786 654 1866 ἆθλοφόρου
710 1808 804 1842 σου
866 1785 1272 1863 προσαγομὲνας
1331 1784 1540 1856 δεήσεις
1596 1788 1843 1865 ποιήσῃς,

1993 1805 2035 1846 is
2065 1805 2098 1848 a
2131 1796 2228 1848 tuo
2288 1787 2683 1848 certaminum
2745 1789 2979 1850 Victore
3010 1808 3118 1870 pro
3169 1789 3342 1851 nobis
3373 1807 3581 1871 preces

208 1877 300 1951 μὴ
353 1877 551 1956 ἰσχύσῃ
593 1873 712 1931 καθ’
740 1877 896 1949 ἡμῶν
927 1876 988 1930 τὸ
1024 1873 1417 1941 εἶδωλόπηκτον
1475 1877 1561 1931 καὶ
1605 1875 1859 1950 ἆθεμιτό-

206 1987 392 2042 γαμον
435 1967 520 2022 καὶ
575 1964 885 2040 παράνομον
941 1963 1112 2044 ἔθνος,
1176 1963 1278 2042 μὴ,
1337 1963 1576 2020 Δέσποτα
1609 1980 1625 1997 ⁸
1687 1963 1857 2030 δεῖξον

205 2057 362 2127 ἡμᾶς
407 2055 492 2110 καὶ
541 2061 630 2110 νῦν
672 2053 790 2109 νέον
820 2074 914 2110 σου
959 2051 1086 2110 λαὸν
1120 2051 1358 2132 Ἰσραὴλ,
1395 2055 1468 2116 ὡς
1523 2052 1582 2109 ἐκ
1611 2059 1716 2110 τῶν
1760 2057 1856 2111 Αἱ-

207 2143 449 2222 γυπτίων
479 2141 824 2202 διασωθέντα.

301 2231 437 2310 ροε¹.
486 2232 582 2290 Καὶ
639 2240 803 2290 ταῦτα
860 2232 949 2288 καὶ
1004 2229 1236 2288 πλεῖστα
1285 2232 1576 2311 εῦχόμενος
1607 2235 1729 2298 τοὺς
1761 2257 1858 2291 πο-

210 2321 367 2386 λίτας
399 2319 779 2398 παρεθάρρυνεν
810 2319 983 2386 ἀξίους
1033 2326 1292 2398 παριστᾷν
1349 2322 1565 2384 ἑαυτοὺς
1609 2330 1684 2398 τῷ
1743 2330 1859 2397 Θεῷ

207 2412 304 2468 καὶ
353 2409 482 2488 ὑπὲρ
524 2407 772 2486 πατρίδος
817 2411 907 2465 καὶ
967 2410 1106 2466 ναῶ)
1161 2409 1435 2488 παναγίων
1491 2414 1576 2468 καὶ
1627 2415 1855 2478 πίστεως

211 2499 596 2578 διανίστασθαι,
653 2500 742 2555 καὶ
797 2504 903 2554 τῶν
953 2497 1230 2577 βαρϐάρων
1279 2499 1510 2557 ἐναντίον
1558 2501 1854 2579 ἀντιπαρα-

210 2589 522 2650 τάσσεσθαι.
569 2593 679 2654 Τῆς
735 2587 825 2643 οῦν
882 2586 1189 2666 πολιορκίας
1247 2589 1552 2666 γινομένης,
1607 2593 1694 2648 καὶ
1753 2599 1856 2648 τῶν

212 2675 554 2749 πετροϐόλων
641 2677 900 2733 πάντοθεν
986 2677 1367 2748 ἀκοντιζόντων
1439 2678 1560 2759 οὖχὶ
1635 2679 1854 2753 πέτρας,

215 2767 344 2824 ἀλλ’
386 2767 485 2844 ὅρη
539 2768 626 2823 καὶ
665 2767 907 2842 βουνοὺς,
941 2767 1025 2831 εἷς
1055 2765 1108 2822 ἐν
1152 2772 1220 2842 τῇ
1275 2765 1422 2822 ἔνδον
1463 2775 1568 2824 τῶν
1625 2768 1856 2827 πολιτῶν

215 2855 484 2936 πετραρέα
537 2857 795 2936 ὑπάρχων
864 2859 1038 2912 θεόθεν
1105 2856 1444 2931 ἐμπνευσθεὶς
1527 2865 1700 2936 μικρῷ
1754 2858 1855 2914 κά-

215 2945 394 3026 χληκι
453 2945 751 3024 ἐπιγράψας
809 2946 870 3000 τὸ
953 2944 1121 3019 ὄνομα
1190 2951 1284 3001 τοῦ
1343 2945 1494 3022 ἁγίου
1554 2949 1864 3026 Δημητρίου

215 3035 468 3104 ἠκόντισε
504 3035 721 3113 κράξας,
781 3031 871 3091 Ἐν
933 3041 1008 3107 τῷ
1067 3033 1288 3107 ὀνόματι
1329 3042 1422 3092 τοῦ
1467 3043 1598 3092 Θεοῦ
1641 3039 1726 3092 καὶ
1769 3043 1861 3092 τοῦ

217 3124 372 3202 ἁγίου
417 3124 726 3200 Δημητρίου
760 3142 774 3156 ⁸
807 3123 896 3179 καὶ
928 3122 1278 3188 ἀπολυθέντος
1323 3131 1413 3181 τοῦ
1464 3123 1628 3197 λίθου,
1664 3126 1843 3200 ὁμοίως

1993 3145 2060 3188 ne
2089 3128 2465 3218 extrinsecus
2510 3147 2543 3188 a
2595 3127 2877 3218 Barbaris
2940 3129 3112 3218 alter,
3169 3128 3269 3209 qui
3304 3128 3505 3218 triplo
3531 3135 3588 3218 et

219 3213 317 3270 καί
373 3212 560 3279 ἔξωθεν
611 3211 671 3269 ἐκ
725 3217 828 3268 τῶν
891 3209 1166 3288 βαρϐάρων
1242 3213 1372 3290 ὑπὲρ
1430 3215 1587 3270 αὖτὸν
1642 3215 1862 3290 τριπλοῦ

215 3304 307 3360 καὶ
348 3301 591 3358 ἐπέκεινα
623 3304 978 3370 καθεστῶτος,
1015 3301 1310 3368 ὑπαντῆσαι
1371 3309 1555 3358 τοῦτον
1598 3303 1686 3359 καὶ
1734 3304 1858 3359 ἀνθ-

217 3390 551 3469 υποστρέψαι
605 3391 678 3452 είς
741 3391 838 3457 τὴν
896 3389 1082 3469 χώραν
1141 3396 1240 3457 τῆς
1292 3389 1620 3468 βαρϐαρικῆς
1669 3414 1862 3470 πετρο-

218 3478 401 3552 ϐόλου,
489 3478 812 3558 ἄμφοτέρους
895 3477 1243 3540 κατελθόντας
1328 3479 1422 3534 καί
1507 3481 1628 3544 τοὺς
1687 3479 1864 3536 ἐκεῖσε

217 3571 537 3626 ἀποκτεῖναι
609 3567 742 3642 μετᾶ
817 3574 909 3624 τοῦ
963 3569 1019 3622 ἓν
1079 3567 1212 3641 αῦτῆ
1263 3566 1413 3633 ὄντος
1473 3569 1860 3647 μαγγαναρίου,

220 3659 309 3714 καὶ
369 3657 504 3731 μετὰ
552 3663 792 3713 τοιοῦτον
851 3658 1048 3729 θαῦμα,
1115 3655 1284 3728 μέσης
1347 3654 1450 3722 ἤδη
1508 3657 1603 3725 τῆς
1658 3658 1860 3734 ἡμέρας

219 3745 538 3824 γενομένης,
574 3746 721 3823 ἄφνω
752 3747 969 3818 σεισμὸς
1003 3743 1169 3820 μέγας
1217 3745 1448 3822 ἐγένετο,
1510 3745 1647 3802 ὥστε
1692 3747 1862 3802 πάντα

219 3838 310 3892 τὸν
343 3833 470 3891 λαὸν
501 3835 598 3900 τῆς
634 3832 842 3897 πόλεως
886 3832 1172 3911 ἀνακράξαι
1204 3834 1264 3888 τὸ
1301 3834 1478 3912 Κύριε,
1513 3834 1755 3900 ἐλέησον.

303 3913 465 4000 ρος’.
525 3924 627 3982 Τοῦ
685 3921 739 3977 δὲ
802 3919 1120 4000 βαρϐαρικοῦ
1177 3921 1409 3989 πλήθους
1460 3924 1758 4002 ἑωρακότος
1801 3925 1862 3980 τὸ

221 4027 415 4093 τεῖχος
471 4014 893 4074 καταπεπτωκὸς
953 4009 1114 4090 ἅπαν,
1177 4012 1565 4090 πνεφορμῆσαι
1630 4015 1758 4091 πρὸς
1807 4016 1861 4069 τὸ

219 4105 322 4169 τὴν
379 4103 534 4159 πόλιν
595 4103 764 4172 ἑλεῖν,
823 4101 911 4155 καὶ
958 4099 1373 4168 πλησιασάντων
1433 4103 1604 4159 αὐτῶν
1647 4105 1768 4180 ὁρᾷν
1803 4105 1861 4158 τὸ

226 4209 419 4273 τεῖχος
452 4195 684 4271 καθάπερ
725 4195 786 4249 τὸ
843 4198 1051 4272 πρῶτον
1099 4194 1287 4261 ἑστὼς,
1343 4192 1483 4248 ἔνθεν
1527 4215 1584 4250 τε
1614 4195 1857 4272 ἐπεγνω-

227 4285 369 4340 κέναι
401 4285 490 4339 τὸν
521 4285 616 4350 τὴν
658 4284 914 4350 τοιαύτην
967 4283 1239 4360 ἑωρακότα
1289 4281 1606 4360 ἐπαγγελίαν
1664 4285 1857 4364 ἀρχιε-

220 4376 335 4452 ρέα,
396 4372 474 4429 ὅτι
533 4373 854 4429 ἐπέσκεπται
908 4373 1006 4438 τὴν
1074 4373 1231 4427 πόλιν
1289 4374 1315 4428 ὁ
1380 4374 1559 4450 Κύριος
1621 4371 1705 4429 διὰ
1766 4381 1859 4430 τοῦ

219 4462 511 4542 ἆθλουόρου
555 4464 734 4520 αύτοῦ.
773 4463 1028 4538 Εὕρηνται
1079 4462 1202 4538 γὰρ,
1265 4462 1338 4524 ὡς
1367 4462 1452 4518 καἶ
1489 4460 1718 4518 πλεῖστα
1766 4485 1852 4518 τε·

216 4552 454 4631 θέανται,
517 4553 579 4607 ἐκ
639 4559 742 4606 τῶν
803 4550 944 4627 παρᾶ
973 4556 1078 4606 τῶν
1121 4548 1396 4627 βαρϐαρων
1453 4552 1729 4629 ῥιφέντων,
1790 4526 1925 4617 ὼςο

219 4638 470 4719 νιφάδων,
523 4639 721 4720 βελῶν,
766 4640 880 4695 τινὰ
925 4637 976 4703 ἐξ
1008 4642 1179 4697 αὐτῶν
1227 4640 1288 4693 τὸ
1334 4641 1700 4714 ἐπτερωμένον
1753 4640 1859 4713 μέ-

219 4751 304 4803 ρος
364 4734 440 4801 τῷ
481 4730 650 4809 τείχει
713 4727 1064 4801 κολληθέντα,
1115 4729 1206 4782 τὸν
1240 4724 1290 4782 δὲ
1327 4725 1539 4803 σίδηρον
1575 4730 1704 4806 πρὸς
1740 4730 1860 4790 τοὺς

216 4818 554 4883 ὑπεναντίους
611 4818 846 4896 τρέπειν,
906 4815 1133 4873 "Extare
1193 4815 1282 4872 οὖν
1326 4815 1418 4872 τοῦ
1451 4814 1711 4894 προέδρου
1766 4819 1860 4885 τὴν

218 4905 584 4983 γεγενημένην
610 4910 677 4980 τῇ
705 4904 858 4960 πόλει
913 4905 1053 4981 παρὰ
1105 4911 1234 4960 Θεοῦ
1282 4903 1580 4972 ἐπισκοπὴν
1622 4903 1706 4960 διὰ
1762 4911 1859 4973 τῆς

215 5001 306 5050 τοῦ
365 5004 586 5070 σεισμοῦ
639 4998 887 5074 ταραχῆς
939 4993 1358 5072 σαφηνίσαντος,
1431 4995 1520 5049 καὶ
1574 4999 1678 5050 τῶν
1724 4995 1860 5070 βαρ-

216 5081 389 5156 ϐἄρων
445 5081 630 5148 ἔξωθεν
688 5080 1164 5160 καταπλαγέντων,
1226 5081 1487 5140 ἐπιπλείω
1547 5083 1596 5138 οἱ
1625 5087 1722 5150 τῆς
1755 5085 1860 5140 πό-

215 5170 350 5237 λεως
383 5171 591 5251 ἀνδρίαν
646 5174 783 5228 κατὰ
829 5178 936 5229 τῶν
977 5173 1225 5228 ἐναντίων
1271 5171 1602 5252 ἠμφιέσαντο
1637 5187 1650 5199 ⁸
1718 5173 1860 5236 τινὲς

289 5340 404 5409 (ιο)
434 5339 589 5398 Talia
625 5354 764 5398 sane
791 5347 940 5400 sunt.
965 5353 1097 5411 qua:
1146 5339 1240 5395 hic
1277 5339 1348 5395 ab
1398 5349 1633 5396 auctore
1665 5348 1862 5399 nostro

215 5408 545 5477 narrantur,
577 5423 658 5477 ut,
690 5415 735 5467 si
761 5412 929 5468 modo
963 5408 1154 5466 locum
1183 5411 1564 5478 obtinuerint,
1597 5411 1864 5470 dubitare

216 5496 332 5539 non
367 5484 724 5555 sinant.quin
753 5492 872 5538 tum
897 5481 1514 5555 Thessalonicensibus
1537 5481 1865 5555 prodigiose

217 5496 332 5539 non
367 5495 724 5555 sinant.quin
753 5495 872 5538 tum
897 5495 1514 5538 't'nessalonicensinus
1533 5495 1863 5608 gronigiose

217 5569 246 5610 a
299 5563 498 5610 sancto
546 5554 840 5611 Demetrio
897 5553 1070 5610 tuerit
1128 5565 1488 5610 succursum.
1587 5559 1863 5611 rationem

217 5624 469 5692 interim,
504 5638 677 5702 quam
713 5639 742 5684 a
786 5624 1007 5684 Joanne
1055 5623 1553 5685 Thessalonice-nsi
1587 5623 1654 5681 ad
1690 5623 1865 5686 Deum

1943 1875 2144 1938 irritas
2177 1876 2383 1951 facias,
2417 1895 2494 1937 ne
2525 1876 2807 1938 adversus
2839 1897 2968 1952 nos,
3006 1897 3103 1951 ne,
3126 1878 3584 1950 Domine,idolis

1941 1965 2176 2028 addicta
2210 1985 2278 2028 ac
2308 1967 2530 2030 incesta
2578 1967 2882 2048 impiaque
2915 1968 3072 2028 natio
3105 1971 3437 2048 praevaleat,
3471 1986 3582 2030 ex-

1942 2054 2084 2116 hibe
2141 2074 2248 2116 nos
2307 2057 2480 2118 etiam
2539 2075 2695 2117 nunc
2739 2075 2950 2118 novum
2987 2066 3152 2119 tuum
3189 2057 3260 2119 ab
3294 2057 3584 2140 [Egyptiis

1943 2143 2384 2223 quodammodo
2417 2154 2742 2219 servatum,
2777 2145 3057 2226 populum
3092 2145 3294 2208 Israel.

2026 2234 2162 2296 t75.
2223 2236 2415 2314 Atque
2471 2235 2598 2296 haec
2651 2244 2709 2295 et
2760 2235 3014 2314 plurima
3044 2255 3220 2297 orans
3251 2235 3474 2298 civibus
3506 2235 3581 2297 ti-

1943 2323 2176 2384 duciam
2209 2323 2485 2399 addebat,
2521 2343 2637 2404 quo
2666 2324 2894 2404 seipsos
2927 2325 3141 2403 dignos
3173 2325 3294 2386 Deo
3327 2325 3580 2387 exhibe-

1943 2422 2099 2493 rent,
2132 2421 2192 2473 ut
2215 2422 2272 2474 et
2296 2431 2401 2493 pro
2429 2413 2614 2491 patria
2634 2423 2690 2473 et
2713 2415 2949 2493 templis
2969 2415 3372 2476 sanctissimis
3388 2423 3445 2476 et
3466 2415 3583 2476 ﬁde

1941 2501 2598 2583 insurgerent,acieque
2621 2513 2836 2565 contra
2861 2502 3147 2565 Barbaros
3177 2504 3579 2566 decertarent.

1941 2595 2246 2652 Obsidione
2271 2598 2440 2668 igitur
2464 2597 3143 2670 incv~pta.petrobolisque
3171 2597 3579 2668 undequaque,

1940 2699 2058 2741 non
2093 2680 2340 2760 lapides.
2375 2681 2476 2742 sed
2513 2689 2743 2744 montes
2770 2690 2833 2740 el
2883 2680 3089 2755 colles,
3125 2680 3580 2759 ejaculantibas,

1942 2789 2096 2830 unus
2119 2769 2177 2830 in
2206 2768 2444 2831 civitate
2465 2788 2497 2830 e
2522 2770 2750 2830 civibus
2779 2769 3037 2842 lapidum
3058 2771 3274 2849 jactor,
3301 2770 3586 2833 divinitus

1944 2858 2285 2939 inspiratus,
2322 2877 2455 2920 cum
2491 2877 2666 2939 parvo
2703 2859 2904 2938 lapillo
2937 2860 3124 2920 sancti
3150 2859 3433 2921 Demetrii
3470 2879 3584 2918 no-

1945 2967 2080 3009 men
2107 2949 2536 3029 inscripsisset,
2577 2967 2708 3010 cum
2737 2949 3254 3010 emisitclamans:
3291 2947 3355 3010 In
3393 2948 3496 3011 Dei
3529 2956 3588 3009 ct

1946 3038 2132 3098 sancti
2162 3039 2445 3100 Demetrii
2481 3039 2745 3110 nomine,
2780 3057 3033 3119 cumque
3060 3039 3231 3118 lapis,
3268 3037 3586 3099 similiter-

1945 3216 2202 3296 amplius
2223 3219 2410 3295 major
2435 3216 2802 3295 eral,fuisset
2832 3217 3114 3292 emissus,
3151 3217 3369 3278 accidit
3403 3224 3464 3276 ut
3494 3217 3589 3277 hic

1947 3305 2030 3366 illi
2063 3315 2427 3381 occurreret,
2483 3315 2656 3386 atque
2711 3305 2783 3367 ad
2817 3306 3010 3366 locum
3044 3325 3158 3387 quo
3199 3305 3584 3368 barbarorum

1948 3404 2074 3456 erat
2102 3395 2441 3475 petrobolus
2471 3405 3086 3476 reverteretur,utque
3120 3395 3294 3456 ambo
3325 3394 3585 3455 drscen-

1950 3485 2159 3546 dentes
2190 3502 2292 3546 eos
2326 3484 2504 3545 etiam
2540 3485 2640 3564 qui
2676 3485 2900 3545 ibidem
2928 3494 3244 3555 erant,una
3277 3502 3413 3544 cum
3447 3487 3588 3542 arti-

1946 3574 2080 3652 ﬁce,
2113 3575 2214 3653 qui
2247 3575 2305 3634 in
2338 3592 2406 3635 eo
2436 3573 2963 3652 erat,occiderent.
2988 3575 3075 3634 Ac
3102 3579 3232 3653 post
3255 3571 3373 3632 tale
3398 3570 3583 3630 mira-

1947 3663 2174 3736 culum,
2210 3681 2341 3722 cum
2405 3663 2601 3724 media
2645 3664 2764 3742 jam
2798 3661 2932 3722 dies
2965 3671 3142 3732 esset,
3179 3660 3376 3721 subito
3411 3669 3585 3720 terrae

1948 3759 2142 3811 motus
2167 3750 2354 3812 factus
2378 3761 2466 3811 est
2510 3770 2780 3830 magnus,
2820 3751 2897 3812 ita
2937 3751 3217 3811 utomnis
3239 3749 3414 3810 simul
3441 3749 3596 3810 civis

1947 3840 2079 3899 tatis
2112 3841 2364 3919 populus
2395 3841 2701 3912 clamaret,
2740 3839 3013 3913 Domine,
3053 3840 3361 3900 miserere.

2027 3931 2165 3993 1'76.
2199 3931 2346 3990 Cum
2382 3938 2579 3990 autem
2633 3928 2945 3990 barbarica
2999 3927 3312 3988 multitudo
3345 3943 3580 3986 murum

1944 4037 2182 4079 omnem
2206 4019 2420 4080 collabi
2443 4019 2779 4093 vidisset,ut
2800 4017 3094 4078 civitatem
3119 4028 3387 4095 caperet,
3413 4014 3588 4077 simul

1945 4107 2220 4168 univeisa
2255 4110 2721 4182 movit,cumque
2751 4106 3307 4186 approiiinquasset,
3344 4121 3578 4164 murum

1944 4205 2010 4258 ut
2040 4205 2447 4258 antestantem
2468 4196 2630 4268 vidit,
2667 4196 2946 4276 hincque,
2987 4197 3082 4274 qui
3119 4194 3572 4276 promissionem

1944 4285 2282 4365 hujusmodi
2309 4285 2366 4346 in
2391 4286 2620 4347 visione
2634 4279 3578 4364 acceperat,archiepiscopu<,ci-

1944 4376 2179 4436 vitatein
2219 4393 2324 4456 per
2352 4393 2522 4436 suum
2557 4374 2952 4435 certaminum
2985 4373 3284 4435 Victorem
3315 4371 3580 4432 visitasse

1944 4465 2590 4540 Βοιιπιὶιιιιιη,(ιοίςηονίι⁸
2622 4463 2666 4524 Ε
2696 4463 2922 4542 sagittis
2955 4459 3422 4543 prietereamivis
3443 4477 3582 4520 con-

1942 4554 2141 4614 fertim
2180 4554 2448 4614 cadentis
2480 4557 2538 4616 in
2575 4555 2816 4614 modum
2870 4571 2975 4632 per
3002 4551 3292 4614 Barbaros
3319 4547 3579 4626 emissis,

1944 4643 2268 4718 nonnullae,
2301 4644 2477 4704 allata
2505 4644 2593 4704 sui
2619 4650 2784 4721 parte
2819 4662 2984 4703 muro
3007 4641 3448 4712 afﬁxaﬂerrata
3471 4656 3582 4698 au-

1946 4741 2060 4793 tem
2097 4750 2305 4793 versus
2353 4734 2553 4793 hostes
2605 4749 2818 4804 versae,
2857 4733 3106 4792 inventae
3139 4731 3376 4790 fuerunt
3411 4737 3588 4808 atque

1945 4823 2120 4882 etiam
2156 4830 2216 4881 ut
2265 4821 2586 4902 plurimum
2644 4828 2977 4900 conspectae
3023 4821 3183 4897 (40).
3221 4818 3313 4880 Ab
3345 4835 3415 4877 eo
3445 4833 3586 4893 ergo

1943 4919 2479 4990 temporeeterrai
2532 4918 2724 4970 motus
2787 4909 3040 4970 tumultu
3099 4906 3494 4968 visitationem
3553 4921 3588 4963 a

1949 4999 2070 5061 Deo
2097 4999 2322 5062 civitati
2350 5001 2558 5061 factam
2577 4997 3045 5077 ,arcbiepiscOpo
3069 4991 3590 5062 declarante,Bar-

1948 5089 2228 5168 barisque
2258 5089 2402 5150 foris
2453 5087 2872 5161 consternatis,
2921 5086 3273 5150 fortitudine
3304 5083 3591 5144 adversus

1945 5179 2223 5242 inimicos
2280 5179 2593 5242 maximam
2641 5186 2893 5259 partem,
2947 5179 3048 5257 qui
3107 5174 3359 5238 civitatis
3389 5178 3582 5246 erant,

1951 5347 2135 5404 fusam
2167 5362 2338 5416 supra
2379 5349 2426 5403 is
2459 5346 2650 5408 refert.
2686 5345 2868 5417 lapilli
2919 5346 3112 5402 emissi
3149 5341 3426 5400 miraculo
3463 5347 3588 5408 post

1946 5429 2142 5492 secuto
2171 5434 2294 5492 esse
2327 5419 2840 5492 accommodatam,
2888 5417 3086 5492 mirari
3135 5417 3308 5476 subit,
3354 5424 3588 5492 eamque

1946 5490 2146 5547 Joanni
2175 5505 2200 5545 a
2228 5488 2457 5548 laudato
2487 5499 2721 5545 auctore
2757 5482 2859 5558 pro
2890 5487 3128 5546 arbitrio
3161 5502 3285 5544 esse
3313 5482 3582 5543 atﬂictam

1949 5563 2442 5622 vehementissime
2489 5561 2776 5635 suspicor.
