3946 6146
348 187 501 260 134⁸7

1701 193 2358 264 SUPPLEMENTUM.

3584 195 3733 268 1348

345 329 597 410 rogabat
648 323 798 409 (46),
833 342 907 393 ne
957 340 1128 410 pinna
1183 327 1277 392 iila
1325 328 1455 413 (47)
1500 332 1672 395 nobis
1719 335 1830 396 sub
1862 355 1994 400 sese

2155 340 2213 394 ὸν
2274 337 2560 417 ἐπἰἀῦτοῦ
2615 333 2692 409 μὴ
2753 337 2944 404 ταύτην
3000 335 3136 414 ἡμῖν
3193 337 3431 417 γενέσθαι
3490 339 3592 405 τὴν
3640 340 3736 396 ἰπ-

347 419 636 482 eveniret.
683 417 927 481 Factum
961 429 1156 481 autem
1189 428 1302 501 est,
1336 431 1401 482 ut
1434 429 1492 483 et
1523 441 1701 502 parvo
1731 432 1998 505 tempore

347 518 509 582 ante,
542 508 602 572 id
659 517 770 585 est,
805 529 924 572 uno
954 509 1102 570 forte
1157 527 1362 571 mense
1419 511 1658 574 circiter
1686 514 1758 574 ad
1812 515 1996 576 Deum

349 607 590 660 sanctus
620 599 720 661 ille
749 597 920 660 Pater
953 606 1155 660 noster
1187 597 1313 679 (48)
1345 599 1645 677 migraret,
1679 622 1746 666 ac
1779 603 2000 668 deinde

351 686 641 750 eruditam
703 687 860 750 illam
897 705 930 749 a
986 687 1108 750 Deo
1141 688 1434 751 civitatem
1475 701 1734 752 nostram
1768 695 2000 756 caelitus

351 777 642 854 immissa,
659 785 721 838 ut
751 775 980 839 dictum
1017 777 1527 852 est,ineifahilium
1561 781 1794 844 illorum
1829 791 2002 845 terrae

353 872 621 928 motuum
654 884 828 947 pmna
859 865 937 927 ita
972 867 1307 948 corriperet
1332 868 1484 949 (49),
1517 879 1580 932 ut
1608 870 1882 934 examina
1909 873 2000 934 ci-

347 954 542 1017 vitatis
575 973 708 1035 pars
743 964 916 1020 etc...
947 955 1092 1038 (50).

433 1046 574 1108 l83.
602 1043 1001 1108 lnetfabilium
1034 1066 1172 1126 ergo
1205 1046 1768 1132 celebratorumque
1797 1071 1832 1114 a
1865 1053 2002 1115 Bar-

351 1134 510 1197 baris
551 1134 970 1197 miraculorum
1025 1137 1373 1198 memoriam
1413 1140 1470 1199 in
1530 1139 1735 1202 laetitia
1795 1143 1998 1217 modo,

347 1243 480 1312 cum
517 1225 941 1306 tranquillitate
993 1227 1332 1306 conjuncta,
1368 1229 1490 1290 Deo
1525 1237 1896 1312 martyreque
1925 1233 2000 1294 ob

351 1311 600 1376 salutem
633 1332 798 1375 suam
849 1313 1053 1376 civitas
1083 1317 1398 1394 quotannis
1445 1335 1736 1380 renovans
1787 1311 1844 1381 in
1877 1322 2001 1382 ani.

351 1402 558 1464 mabus
606 1403 845 1464 salutari
871 1402 1170 1466 Curatoris
1215 1404 1305 1466 sui
1339 1406 1556 1488 templo
1599 1428 1732 1470 cum
1767 1410 2002 1490 hymnis

347 1492 828 1568 conveniebant;
892 1502 1027 1572 post
1087 1494 1499 1557 brevissimum
1572 1516 1708 1560 vero
1769 1509 2001 1580 tempus

340 1581 465 1662 jam
516 1583 732 1644 iterum
780 1583 998 1645 civitati
1031 1583 1352 1646 ineti'abilis
1393 1605 1428 1646 e
1473 1589 1731 1666 peccatis
1782 1589 2001 1651 nostris

2081 426 2364 493 εξὲλευςιν.
2410 409 2471 483 ”Ο
2527 424 2581 481 δὲ
2627 428 2712 481 καὶ
2767 427 3074 505 γεγένηται⁹
3104 429 3193 482 καὶ
3245 429 3343 504 πρὸ
3395 429 3541 489 τινὸς
3595 429 3732 506 βρα-

2080 516 2212 596 γέος
2264 513 2472 594 καιροῦ,
2528 515 2670 572 τοῦτ’
2702 514 2834 588 ἔστι,
2869 517 3013 595 τάχα
3061 538 3163 573 που
3212 518 3378 592 μηνὸς
3436 518 3552 582 ἑνὸς
3600 521 3735 595 πρὸς

2083 607 2210 662 Θεὸν
2289 607 2382 661 κὸν
2441 603 2598 660 αυτὸν
2654 602 3003 680 ἀποδημῆσαι
3062 603 3206 661 ὅσιον
3283 607 3438 678 ἡμῶν
3498 605 3734 685 Πατέρα,

2082 696 2169 751 καὶ
2221 693 2324 751 εἶθ’
2383 693 2520 750 οὕτω
2567 691 2893 751 καταλαϐεῖν
2950 697 3050 762 τὴν
3105 692 3474 751 θεοπαίδευτον
3539 697 3737 762 ταύτην

2081 785 2238 859 ἡμῶν
2272 781 2426 840 πόλιν
2472 783 2566 850 νὴν
2622 789 2727 838 τῶν
2763 783 3163 861 ἇνερμηνεύτων
3205 783 3418 840 ἐκείνων
3469 792 3735 861 σεισμὼι,

2083 875 2158 938 ὡς
2218 872 2432 951 εἴρηται
2480 870 2737 942 θεήλατον
2779 873 2968 953 ὀργὴν,
3003 872 3140 931 ὥστε
3199 877 3294 930 καὶ
3351 875 3414 930 τὸ
3471 873 3737 932 πλεῖστον

2083 962 2178 1030 τῆς
2206 961 2437 1036 πόλεως,
2472 982 2525 1023 κ.
2561 984 2613 1022 τ.
2659 960 2715 1026 λ,

2164 1051 2311 1130 ρπγ’.
2399 1058 2514 1109 Τῶν
2586 1058 2675 1108 οὖν
2743 1051 3120 1122 ἆνεκλαλήτων
3193 1054 3390 1110 τούτων
3445 1055 3734 1128 θαυμάτων

2082 1141 2176 1197 καῖ
2241 1141 2301 1198 ἐκ
2355 1143 2462 1197 τῶν
2530 1139 2806 1219 βαρϐάρων
2869 1142 3273 1219 κηρυττομένων
3327 1143 3381 1199 ἐν
3440 1144 3737 1222 εὒγροσύνῃ

2083 1229 2270 1287 λοιπὸν
2328 1230 2442 1303 μεθ’
2495 1230 2726 1308 ἡσυχίας
2789 1231 3007 1299 ἡπόλις
3062 1239 3139 1306 τῷ
3185 1239 3302 1305 Θεῷ
3348 1233 3436 1288 καὶ
3467 1233 3546 1306 τῷ
3590 1236 3739 1309 μάρ-

2083 1332 2200 1389 τυρι
2254 1311 2383 1388 ὑπὲρ
2422 1311 2518 1378 τῆς
2578 1311 2778 1366 ἑαυτῶν
2829 1313 3094 1388 σωτηρίας
3152 1310 3272 1367 κατ’
3317 1311 3432 1378 ’ἐτος
3491 1313 3742 1368 ἄνανεοόο

2084 1421 2233 1475 μενοι
2287 1399 2403 1474 μεθ’
2461 1399 2638 1474 ὕμνων
2693 1403 3091 1478 συνηθροίζοντο
3146 1400 3200 1466 ἐς
3261 1405 3336 1474 τῷ
3393 1403 3742 1480 ψυχοσώπψ

2081 1493 2290 1563 τεμένει
2347 1497 2442 1545 τοῦ
2499 1489 2670 1545 αὐτῶν
2742 1489 3059 1565 κηδεμόνος·
3121 1489 3237 1564 μετ’
3299 1491 3574 1568 ὀλιγοστὸν
3647 1497 3741 1548 οὖν

2084 1579 2266 1634 τοῦτον
2320 1577 2419 1646 ἤδη
2451 1581 2644 1658 χρὸνον
2702 1578 2898 1646 ἐπῆλθε
2927 1580 3088 1636 πάλιν
3137 1579 3204 1654 τῇ
3246 1579 3400 1636 πόλει
3432 1579 3483 1644 ἐξ
3527 1581 3740 1654 ἡμετέ-

347 1669 581 1732 aﬂlictio
623 1671 886 1752 obvenit,
922 1692 990 1734 ex
1047 1692 1116 1735 eo
1149 1673 1307 1753 quod
1365 1676 1760 1737 venerandum
1793 1697 1999 1760 corpo-

2153 1692 2187 1724 »ν
2247 1669 2648 1745 ἁμαρτημάτων
2705 1667 2902 1747 ἅφατος
2959 1671 3133 1743 θλίψις
3192 1668 3252 1725 ἐκ
3305 1675 3399 1725 τοῦ
3446 1689 3535 1725 τον
3584 1691 3739 1725 παν-

347 1779 601 1841 rumque
649 1780 718 1822 ac
787 1762 1118 1822 animarum
1181 1761 1435 1824 salutem
1509 1765 1767 1828 aiferens
1837 1756 1996 1849 saepe

2153 1780 2230 1814 ιον
2290 1762 2374 1814 καί
2437 1757 2790 1836 ἰαματοφόρον
2840 1756 2934 1813 καί
3004 1756 3377 1838 ψυχοῤῥύστην
3450 1761 3576 1814 ναὸν
3640 1766 3738 1816 τοῦ

347 1850 658 1910 memorati
693 1851 877 1910 nostri
927 1858 1058 1930 post
1091 1852 1276 1913 Deum
1340 1851 1590 1932 domini,
1626 1858 1811 1917 sancti
1845 1875 1995 1918 mar-

347 1941 491 2016 tyris
542 1938 856 2009 Demetrii,
906 1939 1193 2020 templum
1247 1941 1420 2002 modo
1474 1941 1758 2006 invisibili
1819 1945 1996 2009 fuerit

348 2027 728 2090 combustum
763 2028 995 2109 (5i)..._.

432 2109 568 2169 184.
605 2111 817 2184 Deum,
854 2107 916 2169 ut
946 2107 1262 2190 Spiritum,
1285 2112 1385 2192 qui
1422 2115 1683 2176 Beseleel
1715 2115 1775 2176 in
1810 2116 2000 2179 taber-

350 2197 546 2287 naculi
573 2206 871 2260 structura
899 2198 1246 2261 illaminavit
1301 2201 1452 2282 (δῦ),
1482 2204 1541 2264 in
1571 2205 1822 2280 animas,
1852 2225 1998 2287 quas

348 2286 479 2368 ipse
530 2289 816 2368 respexit,
850 2289 1193 2363 immiteret,
1231 2293 1455 2370 rogavit
1511 2294 1660 2374 (53),
1700 2315 1816 2375 quo
1870 2286 2001 2358 rur-

351 2395 452 2438 sus
483 2377 725 2438 domuin
784 2396 949 2439 suam
986 2380 1243 2459 propriis
1275 2382 1498 2444 civibus
1553 2383 1870 2462 splendide
1901 2405 1998 2448 ex-

349 2463 582 2528 citaret.
619 2463 787 2537 Quod
836 2474 893 2527 et
925 2466 1139 2528 factum
1200 2477 1312 2548 est,
1349 2490 1572 2552 perque
1604 2472 1995 2535 certaminum

347 2553 608 2619 Victoris
633 2565 694 2615 et
722 2573 924 2615 curam
958 2565 1016 2618 et
1045 2557 1335 2618 auxilium
1363 2559 1765 2640 pulcherrima
1787 2561 1886 2624 illa
1909 2582 1997 2625 sa-

348 2641 712 2724 nitatemque
732 2643 1104 2720 afferensmti
1126 2655 1183 2707 et
1213 2666 1367 2708 nunc
1393 2650 1870 2721 cernitis,erecta
1890 2652 1997 2713 fuit

347 2733 506 2794 aedes
527 2751 715 2805 sacra,
745 2752 876 2815 quae
897 2736 1226 2814 peregrinis
1250 2738 1419 2816 juxta
1444 2758 1511 2800 ac
1535 2741 1757 2801 civibus
1784 2742 1994 2804 saluta-

348 2822 456 2911 ris,
492 2821 739 2902 pristino
763 2824 937 2886 etiam
964 2824 1176 2886 honori
1199 2828 1494 2909 restituta,
1524 2828 1840 2911 laetitiaque
1873 2851 1994 2893 om-

351 2910 527 2974 nibus
547 2911 718 2988 facta,
753 2915 1180 2978 convenienter
1208 2935 1340 2998 quae
1371 2920 1657 2999 postulata
1687 2910 1822 2982 sunt
1855 2941 1995 2983 cun-

420 3033 823 3130 Stndlioannes
872 3036 1115 3105 scilicet,
1155 3037 1648 3099 Tbessalonicensi
1709 3043 2054 3130 archiepl-c

345 3119 577 3176 scopas.

418 3177 527 3245 tt?)
581 3176 772 3234 Terra:
821 3186 1087 3256 motuum
1113 3179 1434 3256 nimirum;
1491 3198 1678 3256 neque
1712 3188 1866 3244 enim
1925 3187 1995 3245 de

344 3247 452 3306 alia
489 3261 648 3316 poena
677 3256 874 3305 auctor
904 3257 1036 3306 ante
1067 3252 1168 3306 fuit
1197 3247 1440 3309 locutus.

417 3319 529 3401 (ιβ)
587 3317 726 3401 Cum
756 3319 1036 3377 Joannem
1069 3320 1639 3401 Thessalonicensem
1698 3340 1806 3383 nec
1838 3328 1996 3401 testis

345 3393 526 3448 sacris
571 3393 907 3472 ascriptum,
939 3404 1046 3472 nec
1079 3393 1243 3472 cultu
1291 3395 1993 3472 ecclesiasucocondeco-

345 3473 531 3520 ratum
562 3463 785 3531 uspiam
818 3463 1124 3529 inveniam,
1157 3467 1442 3530 existimo,
1476 3482 1606 3524 eum
1659 3469 1729 3525 ab
1759 3480 1992 3529 auctore

347 3534 530 3591 nostri
563 3534 743 3589 sancti
779 3533 944 3590 titulo
967 3534 1242 3593 duntaxat
1264 3535 1356 3592 hic
1386 3537 1530 3594 aﬂlci
1565 3553 1638 3596 ex
1668 3554 1825 3598 more
1855 3543 1995 3600 olim

344 3614 600 3675 recepto.
632 3619 748 3675 quo
807 3607 1059 3675 episcopi
1119 3616 1238 3664 tum
1277 3608 1548 3674 defuncti.
1585 3613 1794 3668 tumin
1851 3615 1995 3671 vivis

345 3674 557 3752 adhuc
578 3674 930 3752 superstites,
969 3674 1206 3735 honoris
1232 3694 1410 3752 causa
1444 3696 1546 3737 seu
1578 3696 1679 3752 per
1711 3683 1856 3741 tituli
1889 3687 1995 3742 ho-

344 3747 560 3804 norarii
595 3748 828 3819 modum
859 3748 1048 3804 Sancti
1080 3749 1356 3819 appellari
1389 3747 1668 3811 solebant.

414 3819 526 3888 (49)
585 3816 727 3875 Cum
781 3819 1027 3876 Joannes
1075 3816 1602 3880 Thessalonicensis
1651 3825 1862 3884 saeculo
1919 3840 1991 3884 vn

353 3889 937 3972 senescenteohierit,
970 3905 1200 3972 unoque
1233 3891 1510 3952 duntaxat
1539 3909 1737 3972 mense
1766 3897 1994 3972 circiter

354 3960 426 4016 ab
457 3961 614 4016 obitu
666 3960 820 4016 illius
852 3961 1064 4033 elapso.
1099 3960 1177 4019 uti
1210 3971 1406 4021 auctor
1439 3976 1635 4024 noster
1683 3967 1777 4024 hic
1808 3970 1988 4034 docet,

353 4037 513 4086 terra;
553 4041 739 4088 motus
761 4045 957 4110 piens,
987 4037 1057 4090 de
1087 4049 1197 4104 qua
1238 4038 1373 4106 agit,
1403 4039 1683 4110 eVenerit,
1705 4047 1995 4110 utcunque

356 4111 706 4181 compertum
758 4101 998 4181 habetur
1042 4101 1303 4177 tempus:
1325 4101 1438 4179 quo
1471 4110 1573 4166 ista
1631 4101 1996 4168 Thessaloni-

355 4186 478 4229 cam
509 4171 680 4246 atljigi
714 4177 1036 4246 contigerit.

397 4244 780 4328 '(50)_Pagin_a
815 4244 926 4328 hic,
960 4263 1087 4320 quae
1144 4249 1396 4328 alioquin
1429 4250 1625 4328 luisset
1673 4252 1794 4313 157.
1831 4268 1861 4310 e
1898 4267 1995 4312 co-

355 4314 481 4372 dice
512 4314 672 4372 olim’
709 4314 1028 4392 Haaarinaéo
1062 4330 1144 4378 est
1190 4314 1425 4392 excisa;
1479 4323 1575 4378 illa
1616 4333 1802 4380 autem
1853 4333 1994 4390 tota,

356 4397 418 4444 ut
475 4399 731 4458 apparet,
786 4391 1106 4461 descriptus
1164 4391 1332 4447 fuerit
1378 4391 1648 4450 terribilis
1699 4394 1795 4450 ille
1834 4405 1997 4453 terrae

2077 1845 2335 1912 πολλάκις
2393 1845 2677 1927 λεχθέντος
2734 1848 2870 1922 μετὰ
2928 1849 3056 1904 Θεὸν
3101 1846 3359 1904 δεσπότου
3401 1847 3581 1924 ἡμῶν,
3638 1855 3737 1905 τοῦ

2075 1937 2229 2013 ἁγίου
2287 1936 2547 2015 μάρτυρος
2607 1945 2938 2012 Δημητριου,
2999 1936 3346 2015 πυρίκαυστον
3391 1935 3443 2002 ἐξ
3500 1939 3736 2014 ἀοράτου

2080 2025 2278 2102 τρόπου
2307 2026 2544 2102 γενέσθαι
2577 2072 2590 2087 .
2626 2069 2642 2084 .
2678 2071 2693 2086 .
2732 2073 2746 2086 .

2083 2112 2226 2192 ρπδ⁹.
2273 2115 2345 2172 Τὸ
2378 2113 2590 2183 Πνεῦμα
2647 2113 2884 2189 ᾐτήσατο
2935 2117 2994 2172 τὸ
3038 2114 3092 2170 ἐν
3148 2121 3216 2192 τῇ
3265 2115 3437 2183 σκηνῆ
3492 2118 3584 2172 τὸν
3631 2124 3735 2172 Βι-

2083 2202 2277 2271 σελεὴλ
2359 2202 2592 2282 φωτίσαν
2648 2205 2740 2260 τὸν
2792 2205 2923 2260 Θεὸν
2988 2204 3340 2279 καταπέμψαι
3417 2206 3487 2270 εἷς
3557 2205 3739 2282 ἅσπερ

2083 2292 2236 2357 αὒτῆς
2291 2291 2469 2348 ἐπεῖδε
2501 2292 2707 2372 ψυχὰς,
2740 2292 2832 2348 ’ἕνα
2875 2293 3032 2350 πάλιν
3080 2297 3172 2350 τὸν
3216 2299 3374 2352 αὐτοῦ
3403 2295 3559 2350 οἷκον
3609 2308 3738 2358 τοῖς

2082 2382 2295 2445 οἰκείοις
2369 2381 2612 2445 πολιταις
2684 2380 2901 2462 φαιδρὸν
2977 2383 3376 2462 ἑγκαταστήσῃ·
3437 2381 3568 2461 ὅπερ
3643 2386 3738 2440 καὶ

2079 2469 2386 2549 γεγένηται,
2447 2472 2534 2527 καὶ
2591 2468 2674 2526 διὰ
2731 2475 2830 2540 τῆς
2885 2481 2977 2530 τοῦ
3029 2471 3322 2552 ἀθλοφόρου
3387 2469 3618 2540 cuman;
3676 2494 3735 2529 τε

2078 2562 2164 2617 καὶ
2215 2561 2536 2634 συνάρσεως,
2594 2561 2667 2619 ὡς
2754 2563 2907 2638 ὁρᾶτε
2963 2562 3056 2618 καὶ
3127 2571 3238 2638 νῦν,
3301 2563 3329 2616 ὁ
3385 2561 3734 2640 ὐπερκαλλὴς

2079 2649 2229 2714 οὗτος
2288 2650 2373 2705 καὶ
2431 2649 2785 2728 ἶαματοφόρος
2846 2650 3002 2714 οἶκος
3061 2651 3345 2729 ἆνιερώθη,
3408 2650 3566 2716 ξ’ἐνων
3636 2653 3734 2708 καῖ

2078 2739 2313 2795 πολιτῶν
2367 2740 2628 2817 σωτήριος
2681 2746 2767 2795 καὶ
2822 2745 2922 2807 τῆς
2975 2739 3231 2818 προτέρας
3279 2738 3577 2807 ἠξιωμένος
3641 2762 3734 2796 τι-

2077 2833 2209 2904 μῆς,
2244 2829 2534 2906 εὖφροσύνη
2582 2848 2640 2883 τε
2696 2842 2813 2891 τοῖς
2866 2851 2991 2884 πασι
3049 2830 3359 2905 γενόμενος,
3396 2835 3524 2886 πᾶσι
3580 2851 3735 2908 παρ-

2079 2919 2195 2998 έχει
2252 2919 2344 2980 τὰς
2390 2915 2623 2984 αἰτήσεις
2676 2918 3009 2998 προσφόρως,
3071 2919 3124 2973 ἐν
3178 2922 3224 2992 ᾧ
3275 2920 3367 2974 καί
3429 2919 3736 2997 πανηγυρίο

2079 3036 2361 3110 hincque,
2387 3046 2451 3094 ut
2499 3036 2653 3093 illam
2702 3039 3372 3110 occuparent,_inermes
3420 3037 3731 3104 accissent,

2079 3108 2320 3180 pristino
2350 3109 2409 3165 in
2446 3115 2597 3180 statu
2629 3108 2961 3178 muros,'uti
2995 3108 3154 3166 multi
3199 3123 3266 3165 ex
3321 3110 3390 3165 iis
3423 3111 3564 3178 ipsis
3596 3123 3736 3179 pos-

2076 3179 2165 3238 tea
2226 3180 2355 3237 fassi
2395 3189 2552 3251 sunt,
2587 3179 2932 3251 invenerint,
2973 3180 3412 3251 armatisquein
3451 3181 3521 3236 iis
3583 3195 3737 3251 prae-

2077 3251 2297 3308 sidiarii
2381 3249 2666 3320 plurimi,
2731 3249 2861 3308 licet
2945 3251 3174 3308 interim
3228 3249 3386 3308 'nuili
3464 3249 3597 3308 lere'
3671 3255 3732 3308 in

2077 3325 2223 3379 urbe
2281 3321 2434 3379 cives
2487 3321 2695 3388 iurent,
2747 3336 2874 3378 sese
2929 3322 3268 3392 spectandos
3333 3322 3731 3380 exbihuerint.

2077 3393 2282 3466 Paucis
2335 3406 2529 3466 porro,
2564 3393 2776 3464 quibus
2819 3392 3386 3466 Thessalonicenses,
3431 3393 3736 3452 miraculis

2079 3463 2594 3537 bujusmo'ditper’
2622 3467 2778 3536 ipsos
2819 3463 3094 3537 Barbaros
3151 3467 3382 3536 agnitis,
3419 3475 3734 3522 recreatos.

2077 3535 2373 3608 ad'sancti
2431 3535 2701 3593 Demetrii
2763 3535 3060 3608 templum,
3117 3535 3359 3608 repetita
3416 3538 3735 3607 quotannis

2076 3607 2465 3676 solemnitate,
2495 3607 2836 3678 convenisse
2883 3607 3098 3678 narrat,
3132 3607 3318 3664 verbis
3350 3608 3738 3678 interpositis,

2076 3693 2224 3737 nova
2258 3691 2394 3736 mox
2419 3693 2517 3736 eos
2566 3677 2927 3749 adversitate,
2954 3677 3090 3735 dicti
3153 3679 3374 3736 scilicet
3402 3677 3603 3749 templi
3637 3679 3739 3736 iu-

2076 3752 2283 3809 cendio
2311 3749 2488 3821 fuisse
2542 3747 2800 3821 aﬂlictos,
2833 3762 2964 3821 pag.
3002 3749 3103 3806 t59
3135 3749 3328 3807 refert.
3363 3747 3566 3818 Verba,
3597 3750 3735 3821 qui-

2077 3823 2182 3894 bus
2212 3821 2268 3878 id
2300 3820 2510 3878 ibidem
2564 3820 2716 3894 iacit,
2750 3835 2814 3877 ea
2839 3820 2968 3892 ipsa
2999 3831 3154 3888 sunt,
3184 3835 3313 3894 qua
3354 3821 3470 3892 hic,
3498 3820 3726 3892 aliquot

2077 3893 2206 3950 aliis
2235 3899 2421 3962 aucta,
2455 3892 2624 3950 modo
2653 3903 2994 3964 sequuntur.

2148 3965 2261 4034 (at)
2319 3964 2477 4021 Modo
2511 3965 2601 4020 hic
2657 3962 2967 4020 in‘codice
3003 3963 3140 4020 o'im
3187 3963 3519 4020 Mazarineo
3568 3962 3726 4022 addit

2074 4046 2270 4092 auctor
2304 4035 2497 4106 templi
2537 4037 2719 4092 sancti
2752 4034 3021 4092 Demetrii
3054 4034 3386 4092 incendium
3416 4034 3575 4091 nulla
3612 4049 3728 4106 ira-

2079 4110 2256 4173 tione,
2290 4105 2442 4162 unde
2473 4106 2530 4162 id
2577 4122 2604 4162 a
2637 4120 2812 4163 manu
2860 4107 3134 4163 invisibili
3180 4106 3486 4164 excitatum
3541 4105 3723 4163 fuisse

2078 4178 2221 4243 vult,
2252 4179 2509 4249 extingui
2565 4179 2841 4248 potuisse,
2872 4179 3092 4235 etiamsi
3143 4192 3250 4234 nec
3300 4179 3583 4240 homines,
3617 4191 3724 4234 nec

2079 4250 2456 4306 instrumenta
2496 4250 2563 4305 ad
2599 4263 2719 4305 rem
2750 4251 3173 4320 exsequendam
3216 4249 3478 4320 deessent
3508 4264 3528 4317 ;
3556 4259 3727 4320 atque

2081 4325 2153 4378 ita
2195 4321 2427 4378 quidem
2475 4335 2702 4378 sacrum
2740 4319 2881 4376 illud
2917 4319 3223 4377 aediﬁcium
3253 4319 3500 4376 ﬂammis
3549 4319 3728 4378 fuisse

2080 4393 2468 4457 combustum,
2503 4403 2564 4448 ut
2595 4406 2666 4448 ne
2696 4393 2933 4448 minima
2963 4393 3192 4462 quidem
3225 4407 3295 4448 ex
3316 4408 3384 4447 eo
3414 4406 3549 4462 pars
3571 4405 3727 4448 man-

355 4469 560 4537 mptus,
587 4473 757 4528 quem
791 4475 889 4527 per
918 4461 1044 4537 dies
1070 4463 1262 4537 plures
1299 4465 1557 4537 durasse.
1584 4465 1850 4537 adeoque
1900 4484 1989 4522 ex-
2018 4464 2215 4537 oserit
2253 4475 2544 4533 superstes
2577 4476 2768 4537 acum
2835 4461 3237 4534 vero’plurimi
3285 4467 3357 4537 de
3409 4461 3725 4537 infortunio

355 4530 564 4608 stitisse
595 4543 846 4608 gravem,
883 4543 942 4588 ut
994 4530 1251 4604 plerique
1280 4534 1480 4590 domos
1515 4530 1840 4608 relinquere
1871 4538 1996 4596 tue-

356 4599 800 4681 rlntcompulsi,
827 4599 1384 4681 auctorpos'teaseu
1427 4620 1556 4681 pag,
1589 4599 1700 4664 158'
1746 4609 1994 4681 subjun-

397 4673 453 4728 it.
482 4669 652 4750 Addit
675 4669 869 4750 por_r_o,
903 4684 957 4730 et
978 4669 1089 4750 hic
1126 4675 1370 4734 eluxisse
1401 4669 1782 4750 p'ro'digiosam
1815 4669 1995 4738 sancti

407 4745 619 4818 ometrit
657 4744 726 4799 de
761 4744 1364 4805 Thessalonicensibus
1389 4744 1595 4806 curaui
1621 4768 1636 4818 ;
1677 4766 1808 4808 eum
1841 4754 1994 4808 enim

357 4829 387 4871 a
417 4813 697 4895 pluribus,
733 4825 904 4895 terrae
925 4829 1080 4876 motu
1135 4818 1484 4895 durante,_e_t
1533 4813 1819 4895 civitatem
1852 4824 1995 4881 obe-

355 4888 980 4968 quitantcmnethujus
1023 4904 1132 4947 una
1192 4905 1322 4948 cum
1359 4890 1519 4968 aliis,
1551 4901 1613 4949 ut
1670 4894 1994 4964 perhibent,

351 4958 540 5037 Sancti
603 4958 939 5037 custodiam
983 4972 1309 5037 agentem,
1354 4961 1528 5020 fuisse
1595 4958 1994 5037 conspectum,

352 5030 760 5101 neminemque
791 5046 845 5108 _e
891 5030 1115 5090 civilius
1169 5033 1564 5108 ediﬂciorum,
1601 5030 1761 5107 quae'
1787 5030 1994 5108 magno

353 5114 597 5157 numero
662 5102 928 5164 condere,
988 5109 1153 5160 ruina
1226 5106 1410 5177 fuisse,
1467 5102 1826 5177 oppressum.
1885 5102 1991 5166 ΞΜ

354 5185 836 5235 omnescessante
855 5180 1021 5232 teme
1055 5183 1230 5238 motu,
1265 5176 1584 5234 incolumes
1615 5179 1844 5236 domum
1873 5195 1998 5237 esse

355 5244 878 5322 YDYEISOSLAGDEBD
931 5245 1313 5322 ‘Sclavostqut
1367 5257 1487 5322 tum
1539 5251 1688 5306 haud
1721 5251 1925 5322 procul
1967 5269 1995 5308 a

355 5315 575 5371 civitate
620 5314 1118 5374 Thessalonicensi
1169 5314 1426 5384 aberant,
1458 5319 1604 5377 hanc
1637 5314 1823 5379 tamen
1881 5337 1995 5380 non

353 5399 686 5469 Occupasse,
715 5387 885 5469 idque
938 5402 1106 5469 exeo
1143 5389 1370 5469 factum,
1405 5392 1719 5469 quodcum
1744 5407 1821 5469 _e_x_
1859 5395 2000 5450 emi-

353 5457 716 5536 nentioribus
738 5457 1190 5536 lociscivitatem
1221 5457 1449 5536 penitus
1471 5463 1679 5521 collabi
1706 5465 1997 5536 vidisxent,

354 5531 620 5599 civesque
679 5528 786 5586 sub
853 5529 976 5604 ejus
1039 5528 1525 5606 ruina'sepultos
1589 5528 1998 5596 existimarent.

2078 4535 2177 4591 illo
2211 4548 2556 4606 magnopere
2589 4536 2863 4600 dolerent,
2888 4548 2994 4592 nec
3019 4533 3177 4600 viro,
3211 4537 3316 4592 bos
3346 4535 3490 4606 inter
3520 4533 3725 4591 illusui

2077 4610 2174 4679 qui
2208 4605 2482 4677 templum
2514 4606 2714 4679 priori,
2751 4619 2856 4661 nec
2886 4606 3164 4679 elegantia
3211 4620 3316 4662 nec
3347 4605 3463 4663 ulla
3506 4619 3719 4679 praero-

2079 4676 2262 4749 gativa
2315 4676 2574 4744 interius,
2610 4677 2772 4749 brevi
2827 4676 3247 4745 aediﬁcandum,
3280 4691 3407 4749 sese
3434 4694 3466 4733 e
3501 4676 3722 4749 revela-

2079 4747 2234 4807 tione
2290 4749 2397 4806 sibi
2455 4750 2597 4806 tacta
2658 4747 2927 4806 didicisse
2985 4750 3294 4813 asserebat,
3329 4748 3500 4804 ﬁdem
3558 4748 3723 4805 adhi-

2078 4821 2299 4886 berent,
2334 4822 2683 4878 Demetrium
2719 4821 2951 4892 illorum
2993 4822 3315 4888 misertum,
3339 4821 3561 4892 iecisse,
3597 4833 3720 4892 qua

2078 4893 2174 4949 hic
2215 4907 2364 4964 mox”
2396 4892 2585 4964 verbis
2625 4891 2994 4964 sequentibus
3051 4894 3342 4964 memoria
3379 4890 3718 4964 produntur.

2150 4962 2266 5034 (52)
2326 4963 2499 5034 Hunc,
2547 4962 2821 5022 Dominus
2880 4963 3204 5022 incredibili
3243 4962 3472 5034 metalla
3528 4963 3723 5020 elabo-

2077 5031 2252 5091 randi
2276 5043 2331 5091 et
2359 5033 2628 5106 quaelibet
2653 5037 2712 5090 in
2747 5035 3089 5092 mechanicis
3121 5031 3452 5093 inveniendi
3485 5035 3722 5098 scientia

2078 5107 2368 5170 insuuxit,
2405 5107 2700 5178 eidemque
2735 5109 2950 5178 Moyses
2997 5107 3484 5164 constructionem
3533 5107 3723 5163 taber-

2082 5180 2271 5304 031520“
2307 5179 2534 5235 l'mderis
2563 5177 2870 5236 cemmisil.
2903 5181 3012 5237 Adi
3055 5180 3150 5234 lib.
3185 5178 3367 5236 Exodi
3399 5192 3527 5248 cap.
3564 5187 3720 5242 xxxi,

2083 5264 2136 5304 ν.
2210 5293 2222 5304 .

2083 5264 2136 5306 ν.
2169 5264 2222 5311 ἐι

2153 5321 2266 5392 (53)
2321 5320 2564 5380 Sanctus
2615 5319 3252 5394 scilicetiDemetrius;
3326 5333 3507 5394 nque
3571 5322 3724 5394 enim

2081 5391 2217 5461 alia,
2248 5395 2316 5449 de
2374 5407 2486 5466 qua
2540 5401 2752 5464 queant
2784 5393 2977 5451 isthmc
3037 5391 3304 5466 intelligi,
3336 5391 3576 5466 persona
3633 5393 3726 5450 hic

2082 5467 2351 5523 occurrit.
