3946 6146
117 306 279 391 1353
1197 323 1258 387 s.
1305 305 1683 391 DEMETRII
1726 305 2122 396 MARTYRIS
2163 300 2387 395 ACTA.
3340 338 3489 407 1354

110 462 399 542 σθενάρους
469 462 554 519 καὶ
624 467 692 538 τῇ
755 463 846 534 θέᾳ
928 461 1332 541 ὑπερλάμπρους
1397 462 1779 531 ἀσπιδιώκταςη

1943 486 2000 528 ιιι
2027 473 2156 528 utut
2177 463 2336 529 haud
2363 482 2636 546 magnam
2669 466 3140 534 indidit.Rursu
3159 479 3360 538 autem
3387 476 3491 539 alii

108 565 236 617 τοῖς
295 552 536 615 πολίταις
585 551 854 618 ἐνέθηκεν.
916 551 1129 629 "Exiget
1188 550 1243 607 δὲ
1288 551 1448 609 πάλιν
1501 552 1766 632 ἑωράκει-

1941 565 2126 617 erunt
2176 556 2499 634 benignum
2556 555 2721 618 illum
2787 567 3104 639 martyrem
3168 564 3490 645 patriaeque

108 664 215 697 σαν
287 643 378 698 τὸν
442 644 661 707 εὖσθενῆ
729 648 918 698 τοῦτον
984 642 1219 719 μάρτυρα
1298 643 1387 698 καὶ
1445 646 1766 724 σωσίπατριν

107 729 471 810 διατρέχοντα
542 727 753 807 ἒξεῆρον
831 738 906 804 τῷ
986 732 1157 810 τείχει
1227 732 1314 786 καὶ
1386 729 1558 797 ξένους
1619 737 1768 801 τινὰς

108 819 408 894 εὖτόλμους
468 818 734 897 ἀξιοῦνται,
784 820 869 875 καὶ
928 820 1001 884 εἷς
1054 818 1250 884 τόπους
1304 822 1447 884 τινὰς
1493 826 1597 877 τῶν
1655 847 1767 880 τει-

104 908 266 988 χέων
343 908 579 981 ἑστάναι,
635 909 1060 982 παρατάσσεσθαί
1128 931 1185 964 τε
1256 910 1343 966 καὶ
1420 909 1767 989 παραφυλάτ-

105 1020 224 1054 τειν
262 1046 277 1060 .
315 1040 330 1054 .
369 1041 384 1058 .
426 1047 440 1060 .
479 1041 492 1056 .
534 1042 548 1056 .
587 1041 602 1056 .
668 999 762 1055 Καὶ
821 999 1006 1055 τούτου
1064 996 1188 1070 παρ’
1247 998 1419 1054 αὐτῶν
1462 999 1763 1077 γινομένου,

105 1089 202 1145 καὶ
265 1087 361 1155 τῆς
407 1086 550 1143 ἔνδον
608 1086 816 1151 ξυλείας
868 1088 1047 1153 πάσης
1100 1088 1406 1166 καυθείσης,
1454 1086 1581 1164 μηδ’
1627 1088 1764 1150 ὅλως

102 1177 212 1243 τὴν
272 1184 377 1232 τῶν
436 1174 662 1254 σιδήριον
720 1176 954 1231 σύνθεσιν
1013 1177 1143 1251 πρὸς
1202 1199 1251 1233 τι
1310 1182 1609 1256 χαυνῶσαι,
1646 1177 1764 1233 ἀλλ’

108 1268 184 1327 ὼς
275 1263 769 1342 ἑγκεχωνιασμὲνα,
851 1264 885 1330 ἣ
971 1264 1023 1321 ἐν
1097 1265 1261 1342 ἑτέρῳ
1344 1265 1769 1344 προσπεπηγότα

111 1353 270 1415 εῖδει.

188 1442 339 1522 ρπθ’,
399 1442 551 1506 Οὕτω
605 1445 666 1499 τὸ
725 1444 853 1499 αὐτὸ
911 1443 1246 1521 παραπύλιον
1315 1447 1400 1500 καὶ
1445 1446 1571 1501 καὲν
1631 1452 1767 1502 σῶον

105 1531 405 1611 διέμεινεν,
480 1535 553 1595 ὡς
648 1534 765 1596 τοὺς
859 1531 1148 1612 βαρϐάρους
1235 1533 1594 1611 ἐκπλαγέντας
1678 1543 1773 1591 τοῦ

107 1622 358 1680 τοιούτου
429 1621 727 1687 ἀποστῆναι
799 1622 988 1701 τόπου,
1048 1624 1260 1700 πληγάς
1319 1645 1373 1678 τε
1434 1628 1530 1681 οὒκ
1587 1623 1768 1701 ὀλίγας

108 1715 201 1767 καὶ
236 1711 508 1787 τραύματα
573 1712 666 1766 καὶ
725 1712 914 1790 φόνους
973 1711 1026 1766 ἐν
1082 1726 1195 1772 τοῖς
1251 1713 1434 1776 αὐτοῖς
1489 1711 1768 1791 βαρϐάροις

1850 654 2210 735 servatorem
2244 654 2407 735 extra
2442 663 2672 707 murum
2698 655 3065 721 currentem,
3085 651 3492 735 quosdamque

1852 734 2200 815 peregrinos
2230 733 2606 808 rohustos,ac
2628 743 2842 815 apectu
2875 737 3273 817 praefulgidos,
3305 733 3494 806 scuti-

1852 825 2008 885 feros
2033 824 2382 904 audaces,ut
2412 823 2764 905 quibusdam
2797 826 2976 888 etiam
3009 847 3314 892 murorum
3347 832 3498 895 locis

1852 922 2098 990 starent,
2134 911 2488 974 resisterent
2509 921 2688 989 atque
2709 914 2986 977 excubias
3014 927 3280 996 agerent,
3314 921 3497 984 addu-

1851 1011 2162 1066 centem...
2193 1007 2273 1064 Ac
2306 1020 2440 1063 cum
2475 1002 2620 1062 illud
2649 1003 2865 1064 factum
2901 1005 2973 1066 ab
3003 1006 3077 1067 iis
3107 1007 3335 1086 fuisset,
3369 1029 3495 1074 om-

1853 1093 2063 1166 nisque
2116 1093 2366 1152 interior
2419 1092 2612 1170 lignea
2666 1093 2910 1155 materia
2962 1106 3117 1157 esset
3160 1098 3492 1179 combusta,

1855 1182 2016 1241 nullo
2063 1182 2244 1242 modo
2302 1182 2595 1243 ferrorum
2651 1183 3101 1248 commissuram
3153 1187 3354 1269 laxari,
3388 1189 3495 1252 sed

1855 1291 1923 1332 ea
1979 1272 2136 1332 velut
2195 1272 2252 1332 in
2286 1290 2469 1331 unum
2521 1273 2767 1334 conflari
2799 1291 2902 1335 seu
2951 1274 3129 1337 alium
3165 1278 3221 1339 in
3275 1285 3492 1341 statum

1854 1378 2246 1422 concrescere
2279 1361 2498 1421 evenit.

1937 1450 2071 1512 189.
2109 1452 2194 1512 ita
2248 1450 2456 1511 eadem
2493 1452 2766 1528 portella,
2800 1461 2927 1514 utut
2975 1454 3301 1532 combusta,
3337 1456 3497 1520 salva

1858 1543 2203 1618 permansit,
2241 1541 2323 1601 ita
2380 1547 2445 1602 ut
2501 1541 2750 1604 Barbari
2810 1546 3066 1624 perculsi
3127 1547 3322 1610 aloco
3379 1548 3498 1610 hu-

1849 1631 2112 1709 jusmodi
2139 1631 2514 1703 recederent,
2543 1633 2848 1714 plagaeque
2881 1635 3035 1697 haud
3059 1654 3262 1717 paucae
3292 1638 3499 1700 vulne-

1855 1738 2038 1798 raque
2072 1739 2137 1779 ac
2172 1719 2363 1781 caedes
2404 1725 2460 1780 in
2502 1721 2645 1800 ipsis
2675 1721 2952 1784 Barbaris
3007 1728 3184 1787 modo
3217 1727 3501 1789 invisibili

107 1801 354 1876 ἀοράτως
407 1803 746 1874 γεγενῆσθαι,
795 1804 856 1858 οὗ
925 1801 1088 1876 μόνον
1149 1804 1205 1856 ἓν
1263 1809 1336 1874 τῷ
1397 1802 1540 1876 αὐτῷ
1594 1802 1765 1882 τόπῳ,

1941 1817 2216 1883 rent,non
2246 1808 2420 1897 modo
2446 1808 2505 1868 in
2529 1810 2739 1870 eodem
2775 1811 2927 1887 loco,
2953 1831 3156 1875 verum
3191 1814 3367 1876 etiam
3397 1833 3503 1897 per

107 1888 255 1944 ἁλλᾶ
312 1889 395 1944 καὶ
423 1886 488 1942 δι’
551 1887 680 1954 ὁλης
713 1895 809 1955 τῆς
859 1890 1115 1968 χερσαίας
1161 1894 1247 1946 καὶ
1297 1892 1430 1946 κατὰ
1482 1891 1766 1947 θάλατταν.

109 1977 268 2034 Ἐπεὶ
321 1977 408 2032 οὖν
445 1990 590 2054 τρεῖς
645 1979 848 2053 ἡμέρας
893 1979 1059 2040 οὕτως
1097 2027 1108 2040 .
1148 2026 1162 2040 .
1203 2021 1216 2036 ο
1280 1993 1401 2042 ταῖς
1452 1980 1640 2044 πύλαις
1685 1982 1771 2036 καὶ

109 2068 248 2144 πρὸς
306 2079 428 2128 τοῖς
493 2064 617 2144 παρ’
675 2068 846 2125 αὐτῶν
919 2072 1284 2143 συνοραθεῖσιν
1343 2069 1626 2134 εὖαλώτοις
1684 2071 1769 2125 καὶ

111 2155 593 2235 εὖμαχιμωτᾶτοις
661 2157 844 2220 τόποις
917 2157 1052 2213 κατὰ
1121 2158 1211 2212 τὸν
1275 2157 1459 2232 ὅμοιον
1517 2159 1766 2234 πολεμή-

111 2266 306 2308 σαντες
365 2244 560 2323 τρόπον
618 2246 718 2313 τήν
775 2266 831 2300 τε
895 2244 1179 2324 δυστυχίαν
1245 2246 1380 2321 μετὰ
1449 2248 1636 2324 opma)
1685 2246 1772 2302 καὶ

112 2332 426 2410 ὒλυλυγμοῦ
485 2331 601 2408 μεθ’
661 2334 862 2390 est)th
926 2330 1207 2407 λαϐόντες,
1265 2336 1352 2391 καὶ
1409 2338 1527 2397 τοὺς
1597 2334 1772 2391 θεόθεν

117 2437 308 2488 αυτοῖς
367 2423 666 2502 σφαγέντας
724 2423 990 2502 ἄρχοντας
1036 2421 1120 2478 διὰ
1176 2427 1268 2478 τοῦ
1320 2423 1632 2503 ἀθλοφόρου,
1687 2425 1772 2481 καὶ

117 2514 244 2575 τοὺς
303 2516 463 2570 αὐτοῦ
490 2512 822 2590 πληγέντας,
859 2513 977 2588 μετ’
1029 2513 1282 2584 ἀλλήλων
1333 2515 1640 2595 μαχόμενος
1701 2517 1771 2578 εἷς

118 2603 242 2663 τοὺς
275 2599 432 2666 ἰδίους
465 2602 658 2665 τόπους
684 2602 922 2668 ἀπῆλθον
958 2645 970 2662 .
1013 2651 1026 2665 ,
1064 2646 1080 2664 .
1119 2652 1132 2666 ,

200 2691 324 2770 ρζ’.
387 2694 445 2749 Οἱ
503 2691 558 2747 δὲ
617 2689 870 2770 βάρϐαροι
952 2695 1082 2770 πρὸς
1140 2691 1409 2762 ὀλλήλους
1467 2695 1772 2774 μαχόμενοι

117 2780 309 2858 ἔλεγον
351 2794 470 2843 τοῖς
534 2781 844 2859 διεγείρασιν
903 2783 1110 2847 αὺτούς
1177 2787 1282 2841 Οὐκ
1343 2782 1554 2859 ἐλέγετε
1609 2786 1770 2860 ἡμῖν,

117 2869 329 2946 μηδένα
381 2870 433 2926 ἐν
621 2870 774 2927 πόλει
817 2871 1054 2947 ὑπεῖναι,
1091 2874 1134 2928 εἰ
1193 2873 1268 2947 μή
1315 2893 1460 2937 τινας
1519 2873 1771 2952 γέροντας

118 2964 210 3018 καὶ
266 2957 419 3038 ὀλίγα
465 2980 826 3040 γυναικαρια;
876 2963 973 3019 Καὶ
1006 2964 1162 3018 πόθεν
1211 2963 1246 3031 ἡ
1286 2962 1518 3028 τοσαύτη
1569 2961 1771 3029 πληθὺς

1856 1917 2092 1958 omnem
2113 1907 2290 1958 terra;
2315 1895 2542 1976 plagam
2570 1906 2746 1978 atque
2770 1899 2829 1960 in
2852 1901 3020 1964 mari.
3046 1905 3364 1984 Postquam
3391 1895 3502 1984 igi-

1857 1995 1954 2048 tur
1985 1989 2062 2076 ita
2094 2005 2194 2064 per
2230 1986 2358 2047 dies
2384 1995 2504 2048 tres
2543 1989 2746 2067 (64)...
2782 2006 2970 2070 prope
2999 2000 3218 2070 portas,
3254 1993 3504 2076 locaque

1855 2095 1985 2155 quae
2015 2075 2086 2136 ab
2113 2077 2199 2136 eis
2219 2085 2394 2154 captu
2427 2076 2622 2137 facilia
2644 2077 2970 2155 laboreque
3001 2079 3163 2142 nullo
3195 2075 3502 2163 expugna-

1855 2164 1996 2225 hilia
2033 2164 2270 2226 fuerant
2319 2165 2674 2246 existimata,
2708 2165 2889 2227 simili
2945 2169 3121 2231 modo
3153 2171 3506 2254 fortunaque

1856 2255 2106 2315 adversa
2141 2261 2534 2342 pugnassent,
2561 2272 2694 2316 cum
2721 2255 2962 2334 planctu
2991 2258 3218 2335 ejulatu
3249 2268 3312 2322 et
3341 2262 3505 2342 prin-

1858 2342 2114 2422 cipibus,
2149 2341 2253 2421 qui
2305 2341 2590 2405 divinitus
2620 2343 2708 2405 eis
2748 2363 2784 2405 a
2822 2350 3214 2409 certaminum
3269 2348 3508 2413 Victore

1856 2433 2089 2492 fuerant
2119 2431 2325 2503 occisi,
2363 2438 2421 2492 et
2452 2432 2523 2492 iis
2547 2435 2644 2512 qui
2677 2433 2751 2494 ab
2783 2453 2852 2496 eo
2882 2433 2978 2496 isti
3009 2435 3264 2519 fuerant,
3299 2456 3514 2501 secum

1858 2527 2143 2601 acceptis,
2177 2521 2250 2582 ad
2284 2520 2412 2582 loca
2446 2520 2687 2601 propria
2711 2531 3041 2603 pugnantes
3069 2526 3355 2590 adversus
3405 2525 3506 2589 in-

1857 2611 2044 2672 vicem
2078 2609 2355 2670 abierunt
2389 2609 2593 2690 (65)...

1945 2699 2075 2762 190.
2127 2697 2366 2759 Barbari
2397 2708 2620 2774 autem,
2655 2718 2791 2760 cum
2850 2703 3100 2765 invicem
3140 2706 3501 2786 pugnabant,

1859 2788 1929 2850 iis
1948 2789 2043 2868 qui
2072 2787 2204 2848 illos
2229 2787 2701 2863 exstimularant,
2724 2787 3026 2855 dicebant:
3059 2791 3270 2857 Nonne
3303 2797 3504 2874 nobis,

1857 2880 2155 2938 nemiuem
2190 2876 2250 2937 in
2283 2875 2539 2953 civitate,
2564 2876 2677 2938 nisi
2700 2895 2873 2940 senes
2899 2880 3214 2961 quosdam,
3249 2883 3504 2964 paucas-

1855 2984 1969 3045 que
2014 2965 2420 3045 mulierculas,
2452 2984 2768 3047 superesse
2799 2968 3027 3032 dixistis
3060 2969 3085 3032 ?
3141 2969 3311 3034 Unde
3344 2982 3506 3036 tanta

119 3058 218 3109 τοῦ
263 3049 318 3104 ἐν
360 3056 428 3125 τῇ
469 3049 623 3106 πόλει
685 3049 814 3106 λαοῦ
882 3053 916 3118 ἡ
980 3050 1511 3127 ἀντιπαραταξαμὲνη
1584 3055 1768 3127 ἡμϊνς

1941 3073 1990 3116 ae
2041 3055 2213 3116 nobis
2246 3056 2466 3118 restitit
2497 3057 2556 3116 in
2607 3055 2848 3118 civitate
2879 3058 3080 3138 populi
3131 3062 3446 3126 multitudo
3480 3069 3511 3126 ι

121 3146 295 3199 Τοῦτο
353 3137 408 3194 δὲ
455 3146 584 3196 πᾶσι
644 3137 806 3206 δῆλον
862 3142 1206 3219 καθὲστηκέν,
1242 3144 1313 3206 ὡς
1357 3141 1393 3207 ἡ
1449 3147 1554 3198 τῶν
1607 3144 1772 3219 ἁγίων

125 3228 148 3250 θ
178 3231 195 3247 \
318 3230 338 3241 ⁸
403 3226 479 3250 ’ΛἹ
576 3231 588 3250 Ι
933 3229 942 3247 1
1119 3237 1146 3246 σ-
1268 3229 1302 3250 l\
1355 3234 1370 3246 ι
1442 3231 1456 3250 ι
1511 3231 1526 3248 \
1625 3233 1638 3250 ε
1706 3237 1733 3248 ιι-

1941 3153 2204 3206 uctorum
2237 3144 2294 3205 id
2319 3145 2501 3245 fuisse
2534 3144 2784 3206 militare
2815 3137 3120 3225 auxilium,
3150 3149 3374 3212 civitati
3397 3165 3504 3232 pro

121 3228 211 3285 διὰ
254 3230 346 3286 τοῦ
398 3226 681 3309 ὐθλοφόρου
754 3229 1014 3308 γενομένη
1085 3237 1154 3305 τῇ
1209 3229 1370 3287 πόλεί
1439 3231 1567 3310 ὑπὲρ
1617 3233 1770 3307 ἡμῶν

1941 3233 2028 3295 bis
2053 3251 2157 3314 per
2188 3231 2583 3294 certaminum
2613 3233 2918 3296 Victorem
2949 3235 3212 3313 allatum,
3251 3226 3504 3301 manife-

123 3317 414 3398 συμμαχία
448 3362 462 3378 .
502 3363 515 3378 .
555 3364 571 3382 ,
607 3366 624 3383 ,
700 3320 794 3377 Καὶ
826 3317 958 3386 αὕτη
990 3317 1041 3374 δὲ
1086 3317 1243 3376 πάλιν
1275 3317 1360 3375 διὰ
1407 3319 1511 3377 τῶν
1542 3327 1634 3376 τοῦ
1680 3343 1772 3401 φι-

1941 3342 2014 3385 Im
2062 3321 2340 3384 omnibus
2370 3322 2479 3383 fuit
2513 3322 2716 3403 (66)...
2753 3323 2950 3400 Atque
3005 3325 3119 3387 hoc
3153 3344 3363 3388 rursus
3416 3343 3524 3407 per

196 3436 322 3509 (64)
351 3437 522 3494 Voces
568 3437 786 3508 aliquot
817 3437 875 3494 in
927 3437 1118 3494 codice
1147 3436 1286 3495 olim
1318 3437 1649 3495 Mazarinaeo
1683 3438 1776 3494 hic

123 3523 316 3566 exesae
346 3518 477 3565 sunt
509 3523 527 3578 ;
581 3519 643 3565 ut
673 3518 860 3566 autem
906 3524 936 3563 θ
967 3509 1202 3580 reliquis
1239 3524 1442 3580 sensus
1492 3511 1777 3580 perfectus

122 3581 439 3660 formetur,
465 3597 596 3642 esse
627 3592 769 3660 puto
792 3579 1188 3660 supplendum
1212 3583 1367 3659 πρὸς,
1394 3579 1777 3659 Latinamque

123 3661 351 3786 idet]ch
374 3659 1115 3732 interpretationem’sensui
1151 3664 1226 3716 ita
1259 3660 1520 3730 suppleto
1551 3673 1779 3718 accom-

124 3746 222 3786 mo
267 3746 378 3786 ενι.

124 3746 378 3789 mouavr.

1861 3445 2039 3507 sidiis,
2072 3442 2286 3518 quibus
2336 3443 2460 3518 haec
2509 3443 2628 3518 ipsa
2687 3444 2883 3518 civitas
2926 3443 3243 3518 aliquando
3296 3447 3510 3518 impete

1862 3527 2042 3588 retur,
2071 3514 2126 3569 in
2179 3514 2300 3588 loca
2329 3516 2451 3588 alia,
2495 3514 3048 3588 civitatisejnsdeni
3072 3519 3311 3588 _murisi
3341 3514 3516 3588 quam

1860 3585 2120 3657 proxime
2178 3584 2513 3657 adiacentia,
2573 3584 2937 3655 irruptiones,
2969 3585 3180 3655 quibus
3225 3584 3414 3657 ﬂebat,
3454 3597 3516 3644 ut

1862 3655 1912 3715 et
1945 3658 2148 3727 captivi
2184 3656 2612 3727 abducerentur
2643 3657 3112 3727 quamplurimi,
3143 3665 3198 3713 et
3250 3655 3362 3713 alia
3395 3671 3514 3715 non

1861 3743 2040 3798 pauca
2094 3725 2710 3783 Thessalonicensihus
2755 3725 3112 3784 inferrentur
3143 3727 3369 3784 damna.
3415 3727 3518 3786 Est

1863 3797 2055 3869 porro,
2114 3797 2592 3867 quemadmodum
2628 3808 2825 3854 auctor
2882 3800 3270 3869 prosequitur,
3313 3809 3518 3868 praete-

1863 3886 1955 3927 rea
2021 3873 2250 3937 tactum,
2300 3877 2379 3932 ut,
2440 3883 2570 3923 cum
2632 3871 2907 3925 continuo
2973 3869 3042 3926 de
3109 3869 3516 3927 Thessalonica

129 3947 323 4016 potius
370 3959 472 4014 per
524 3946 778 4017 angelos,
823 3939 921 4002 ilio
973 3952 1168 4017 sancto
1224 3955 1418 4002 nostro
1463 3959 1495 4002 a
1543 3944 1663 4001 Deo
1724 3942 1779 4017 id
1864 3939 2213 4017 occupanda
2263 3939 2499 4017 Barbari
2551 3939 2890 4017 cogitarent,
2945 3940 3204 4017 variique
3246 3942 3398 4017 hunc
3456 3942 3514 3997 in

129 4009 495 4085 impetra'nte,
541 4009 898 4089 ,SElavo'rum
965 4016 1285 4089 obsidione,
1335 4031 1460 4085 cap.
1517 4015 1779 4089 praesenti
1864 4009 2038 4068 finem
2101 4013 2252 4089 varia
2291 4012 2667 4089 instrumenta
2703 4012 2906 4067 bellica
2947 4009 3522 4089 cmng'ere_niteren-

129 4080 733 4150 me'morata,'|iherata
788 4088 889 4144 fuit
941 4080 1469 4144 Thessalonicensis
1520 4080 1779 4156 civitas;
1867 4097 1978 4148 tur,
2019 4081 2303 4154 quispiam
2341 4096 2422 4156 ex
2481 4080 2571 4146 iis,
2604 4080 3116 4156 instrumentorum
3158 4080 3516 4156 huiusmodi,

131 4169 194 4216 ut
229 4167 420 4215 autem
459 4157 517 4213 id
550 4172 679 4214 vere
709 4174 809 4228 per
840 4159 1164 4230 prodigium
1206 4160 1414 4214 factum
1448 4159 1643 4224 fuisse,
1681 4151 1785 4213 au;
1868 4165 1992 4230 ut_ut_
2036 4151 2281 4230 natione
2337 4151 2610 4230 Sclavus,
2667 4153 3187 4230 construendoLum
3238 4151 3514 4230 peritior,

132 4241 258 4287 ctor
315 4230 661 4285 luculentius
711 4222 1183 4294 'oste'ndatfmox
1233 4231 1426 4294 etiam,
1476 4222 1780 4300 p03tquam
1868 4227 1995 4282 miri
2038 4224 2259 4281 artificii
2315 4225 2519 4300 turrim
2575 4222 2846 4300 ligneam,
2888 4239 2998 4296 qua
3051 4222 3518 4300 Thessalonicam

133 4301 680 4377 Thessalonicenses
756 4300 832 4377 de
897 4301 1045 4377 felici
1111 4302 1219 4356 isto
1263 4295 1555 4377 _sueees_su
1623 4295 1783 4377 sum-
1867 4304 2022 4354 certo
2080 4296 2522 4377 expugnandam
2555 4295 2866 4377 asserebat,
2901 4295 3257 4377 exe’og‘itarit.
3313 4295 3518 4376 Verum

135 4388 260 4430 mas
321 4371 432 4428 Deo
488 4385 554 4428 ac
617 4372 941 4442 sospitatori
1003 4380 1201 4442 sancto
1259 4371 1546 4428 Demetrio
1603 4370 1784 4442 egisse
1868 4383 2047 4442 cum,
2093 4365 2264 4442 turris
2333 4367 2487 4422 illius
2555 4365 2938 4442 delineatione
2999 4367 3266 4442 Sctavirae
3332 4368 3520 4442 gentis

135 4443 649 4516 gratias,_retu|it,
683 4437 742 4499 in
793 4442 919 4500 cod.
959 4443 1093 4500 olim
1145 4441 1465 4516 Mazarinaao
1521 4437 1787 4516 [σμ’-180
1869 4439 2226 4516 principibus
2255 4443 2541 4509 proposita
2567 4453 2632 4493 ac
2651 4437 3337 4516 approbata,sibique_p_er
3361 4437 3518 4503 illos,

136 4508 618 4611 §9Piﬂﬁi9b_9.‘.‘fe
669 4524 1015 4587 υυοιιοτυω
1074 4513 1490 4585 interpositam
1519 4513 1781 4584 υτοιίωθ
1809 4508 2546 4611 sint.ia.a.,cva:z;.a°
2571 4509 3069 4611 asseasse,
3093 4508 3522 4611 eaeam;

135 4580 603 4645 hic'sub'du'nt‘ur.
672 4580 690 4587 ’
1226 4580 1243 4585 ⁷
1520 4580 1535 4584 ⁷
1809 4580 2152 4636 "suuendae
2207 4580 2525 4649 periculum
2570 4581 2838 4646 facerent,
2881 4584 3072 4652 copias
3131 4580 3523 4650 inexspectato

202 3803 317 3870 (65)
371 3804 554 3874 Atque
609 3802 705 3871 ita,
737 3811 799 3860 ut
834 3803 1023 3858 verbis
1067 3800 1185 3873 jam
1217 3801 1626 3874 pramissisab
1676 3815 1781 3857 au-

129 3883 288 3931 ctore
319 3873 513 3931 nostro
541 3883 832 3939 narratur,
867 3888 966 3944 per
997 3883 1256 3932 sanctum
1293 3873 1645 3931 Demetrium
1676 3886 1779 3944 seu

211 4656 327 4729 (66)
358 4656 462 4713 Hic
491 4657 660 4716 modo
689 4655 750 4729 in
779 4657 907 4715 cod.
941 4655 1421 4729 olimAMazarinaeo
1442 4669 1558 4712 non
1585 4669 1789 4729 pauca,

138 4746 170 4785 ιι
209 4727 377 4786 nobis
417 4730 616 4786 iterum
648 4728 721 4785 ob
780 4729 1051 4799 temporis
1089 4727 1451 4799 brevitatem,
1476 4741 1593 4799 quo
1631 4728 1679 4783 is
1719 4728 1791 4784 ad

137 4815 377 4858 manum
427 4800 552 4865 fuit,
603 4813 720 4857 non
753 4797 1049 4870 descripta,
1081 4809 1280 4870 auctor
1327 4797 1674 4868 subjungit;
1725 4812 1791 4870 ac

135 4874 330 4945 primo
370 4872 600 4942 quidem
633 4874 832 4945 paucis
892 4869 1017 4945 post
1067 4869 1266 4945 diebus
1297 4871 1466 4945 etiam
1523 4870 1654 4926 illos
1691 4869 1790 4938 qui

137 4939 211 5001 ad
269 4939 560 5000 annonam
592 4939 1006 5015 a'Bellegeiitis
1040 4939 1340 5015 emendem
1374 4941 1599 5015 fuerant
1653 4953 1790 4996 cum

137 5016 386 5072 navibus
417 5012 985 5078 emissi,ineoltimes,
1019 5014 1414 5081 patrocinante
1437 5012 1558 5067 suis
1589 5020 1791 5067 sancto

140 5085 453 5150 Demetrio,
476 5099 589 5143 una
621 5100 752 5142 cum
784 5085 936 5142 haud
984 5098 1176 5155 parva,
1209 5097 1380 5155 quam
1411 5082 1791 5155 advehebant,

139 5158 417 5214 frumenti
475 5158 638 5227 copia
697 5172 821 5215 esse
877 5152 1156 5220 reversos,
1201 5152 1331 5211 c‘um
1360 5153 1475 5227 jam
1543 5152 1795 5210 Thessa-

141 5228 350 5285 lonicae
417 5225 778 5285 obsidionem
865 5229 1126 5287 deserere
1211 5225 1543 5294 compulsos
1618 5227 1796 5281 fuisse

141 5299 398 5371 Sclavos,
435 5300 584 5369 apud
615 5299 966 5371 Bellegizitas
1013 5296 1348 5354 didicissent
1378 5315 1392 5358 ;
1427 5294 1656 5371 deinde
1661 5309 1798 5371 vero

145 5369 328 5442 addit,
357 5366 656 5428 liberatam
685 5366 916 5442 quidem
949 5371 1116 5442 modo
1163 5383 1285 5442 asa
1316 5367 1573 5442 exposito
1611 5366 1798 5424 Thes-

146 5438 462 5499 salonicam
505 5438 836 5500 Sclavoi'um
873 5441 1166 5518 obsidione
1195 5440 1389 5518 fuisse,
1417 5438 1795 5518 haudtamen

189 5523 448 5584 ropterea
497 5528 753 5570 cessasse
783 5514 1148 5584 quotidianae
1197 5512 1315 5584 fere
1347 5511 1551 5566 borum
1582 5510 1640 5566 in
1671 5510 1794 5584 loca

189 5527 448 5583 ropterea
497 5528 753 5570 cessasse
783 5527 1148 5584 quoumunas
1197 5527 1315 5569 tere
1347 5527 1551 5566 norum
1582 5527 1640 5566 ιιι
1671 5527 1794 5566 toca

146 5527 579 5647 Ilj'heasalonicae
611 5585 797 5644 vicina
837 5582 1225 5649 excursiones,
1261 5583 1549 5653 faciasque
1589 5596 1654 5640 ex
1707 5581 1797 5638 in-

598 5712 857 5774 PATROL.
904 5713 1020 5776 Gn.
1064 5680 1271 5773 CXVi.

1870 4653 2272 4719 admoverant,
2303 4653 2643 4707 necessariis
2671 4653 2739 4708 ad
2784 4654 3268 4710 constructionem
3302 4652 3527 4708 submi-

1871 4724 2150 4791 nistratis,
2213 4735 2445 4793 manum
2497 4725 2678 4793 operi,
2744 4725 2938 4780 multis
2995 4728 3046 4780 ei
3097 4737 3262 4793 opem
3304 4723 3532 4780 ferenti-

1873 4796 1996 4859 bus,
2039 4795 2373 4864 admoturus
2407 4791 2644 4862 jamjam
2700 4803 2869 4862 esset,
2924 4791 3202 4850 subito—ei
3261 4802 3530 4864 spectan-

1874 4867 2008 4923 dum
2043 4879 2162 4920 sese
2209 4863 2409 4921 obtulit
2462 4871 2694 4921 sanctus
2750 4863 3098 4932 Demetrius,
3132 4863 3414 4934 alapa’que
3470 4867 3528 4920 in

1873 4937 2037 4994 facile
2077 4948 2414 5007 percussum
2450 4936 2657 4990 mentis
2696 4933 2966 5005 impotem
3000 4933 3263 4999 reddidit,
3296 4933 3529 5007 adeant

1876 5005 2412 5078 fugam—celerrime
2469 5008 2800 5076 arripuerit,
2833 5015 3001 5076 atque
3061 5007 3117 5061 in
3178 5015 3402 5062 montes
3438 5005 3530 5062 de-

1878 5077 2082 5144 sertos,
2142 5079 2351 5134 frustra
2422 5077 2856 5148 insequentibus
2933 5078 3082 5141 aliis,
3142 5090 3404 5148 opusque
3467 5085 3530 5135 ut

1880 5151 2273 5215 exordiretur,
2341 5147 2818 5211 inclamantibus,
2890 5163 2960 5204 ex
3023 5147 3324 5204 hominum
3400 5161 3532 5205 con-

1881 5231 2099 5292 spectu,
2145 5235 2260 5277 non
2311 5234 2477 5276 secus
2506 5233 2571 5292 ac
2619 5220 2733 5277 fera
2766 5221 2920 5276 hunc
2961 5221 3527 5292 vitansgsecesserit.

1883 5287 1962 5350 lbi
2030 5287 2220 5362 porro,
2274 5292 2457 5347 donec
2531 5290 2734 5356 Sclavi,
2803 5289 3062 5349 machina
3129 5287 3352 5356 bellica,
3396 5305 3530 5362 qua

1882 5361 2351 5433 Thessalonicam
2391 5370 2780 5433 expugnatum
2836 5365 2902 5419 iri
2962 5370 3282 5432 sperarent,
3317 5361 3530 5433 infecta

1884 5435 1956 5493 ob
1991 5432 2288 5492 architecti
2321 5435 2508 5503 fugam
2557 5432 2852 5499 manente,
2887 5447 3166 5505 susceptae
3209 5435 3267 5490 in
3297 5432 3536 5493 Thessa-

1881 5509 2207 5564 lonicenses
2239 5505 2590 5575 expeditioni
2628 5511 2893 5563 nuntium
2942 5507 3242 5570 remisere,
3275 5518 3535 5564 commo-

1879 5589 2037 5637 ratus
2102 5587 2236 5640 est;
2307 5587 2444 5634 tunc
2514 5584 2702 5634 autim
2771 5583 3020 5634 mentem
3086 5589 3308 5647 sanam,
3361 5590 3534 5649 quam

3045 5703 3122 5768 43
