3938 6134
114 308 140 383 1
154 300 282 383 357

1201 302 1263 381 ς.
1310 310 1687 382 DEMETRII
1729 294 2129 382 MARTYRIS
2168 312 2392 383 ACTA.

3337 324 3490 391 1358

100 454 426 512 παυσάντων
477 453 568 511 καί
624 450 937 523 διαζεόκτων
1009 450 1214 534 ὅπλων,
1271 453 1391 518 τοὺς
1439 454 1746 515 θαλαττίους

1916 470 2041 514 rum
2076 459 2336 534 partium
2368 461 2512 518 sunt
2545 455 2762 537 partim
2796 457 3255 534 quiescentibus
3278 461 3491 525 armis-

101 541 401 619 πλωτῆρας
456 543 580 607 τοὺς
623 541 710 597 ἐπὶ
752 539 1092 621 παρακομιδῇ
1135 548 1353 621 καρπῶν
1419 541 1473 596 ἐν
1533 548 1601 618 τῇ
1657 543 1759 618 βα-

101 632 394 708 σιλευούσῃ
453 631 698 693 ἀνιόντας
770 631 924 688 πόλει
981 631 1334 707 παμπόλλους
1386 630 1760 708 ἐκπορθήσαν-

102 743 222 799 τες,
272 722 379 778 ἀπὸ
427 743 485 777 τε
546 722 653 777 τῶν
718 722 894 791 νήσων
953 723 1039 777 καὶ
1091 726 1191 789 τῆς
1242 725 1432 786 στενῆς
1465 719 1759 799 θαλάττης,

102 813 198 867 καὶ
262 818 364 868 τῶν
424 810 509 867 ἐπὶ
564 813 625 866 τὸ
669 811 866 889 Πάριον
922 812 1011 867 καὶ
1057 812 1396 887 [Ιροκόνησον
1448 811 1634 875 τόπους
1662 809 1757 865 καί

106 901 302 961 αὐτοὺς
366 902 489 964 τοὺς
555 900 628 964 εἷς
708 914 768 955 το
829 898 1116 956 τελωνετον
1170 901 1281 974 ἅμα
1344 906 1447 955 τῶν
1505 900 1759 973 πλοΐμων

105 988 613 1069 αἰχμαλωτίσαντες
665 990 798 1065 μετᾶ
857 988 1121 1046 πλείστων
1176 988 1321 1056 νηῶν
1351 987 1495 1045 οἴκοι
1528 987 1613 1044 ἐπὶ
1666 991 1759 1043 Θυ-

107 1077 311 1141 Ἇάκους
345 1079 587 1138 ἀπίασιν.

194 1258 261 1335 ρζ
278 1256 353 1316 α’.
383 1258 513 1316 Τότε
556 1255 611 1312 δὲ
638 1259 665 1314 ὁ
721 1261 829 1312 τῶν
876 1256 1205 1334 πραγμάτων
1236 1256 1438 1334 κύριος,
1473 1257 1501 1311 ὁ
1532 1277 1757 1334 χριστο-

114 1347 321 1425 στεφῆς
357 1349 505 1420 ἡμῶν
560 1344 833 1422 βασιλεὺς,
882 1345 982 1412 τὴν
1028 1344 1289 1420 ἒπιμονὴν
1339 1346 1425 1401 καὶ
1456 1343 1761 1415 ἀλαζονείαν

114 1442 223 1491 τῶν
277 1436 483 1514 ἐχθρῶν
529 1438 664 1512 ὁρῶν
720 1436 780 1491 οὔ
824 1433 985 1508 μόνον
1024 1435 1120 1502 τὴν
1178 1436 1307 1512 πρὸς
1344 1434 1441 1502 τήν
1472 1432 1588 1489 καθ’
1618 1435 1760 1508 ἡμᾶς

116 1524 302 1597 πόλιν,
348 1524 425 1580 ἔτι
475 1523 529 1579 δὲ
589 1527 676 1580 καὶ
722 1526 851 1601 πρὸς
897 1523 1082 1584 αὖτοὺς
1141 1522 1343 1595 τολμᾷν
1399 1524 1760 1601 ἀντιπαρατά-

117 1612 302 1679 ξασθαι
362 1615 480 1676 τοὺς
543 1621 885 1691 κρατοῦντας,
944 1612 1134 1678 ἠξίωσε
1196 1613 1314 1675 τοὺς
1361 1612 1421 1666 ἐκ
1485 1618 1575 1668 τοῦ
1603 1611 1762 1668 αὖτοῦ

1843 560 1960 621 que
1981 542 2537 622 disjunctis,nautas
2565 545 2827 608 marinos
2850 546 3162 631 plurimos,
3187 549 3345 631 quia
3372 550 3485 615 de-

1843 635 2106 692 vehendis
2152 637 2222 694 ait
2264 638 2556 695 civitatem
2580 638 2958 709 imperantem
2982 641 3265 701 fructibus
3287 658 3487 703 rever-

1844 718 2749 809 tebantur,diripientes,eosque
2762 724 2864 803 qui
2878 723 2938 786 in
2954 723 3168 786 insulis
3183 727 3486 809 marisque

1842 807 2111 886 angustia
2132 827 2200 870 ac
2226 807 2373 871 locis
2396 810 2470 870 iis
2491 828 2620 891 quin
2670 813 2910 874 Parium
2959 831 3028 875 ac
3061 807 3486 879 Proconissum

1843 914 2047 957 versus
2072 896 2196 977 (69)
2235 898 2347 961 sita
2390 907 2547 970 sunt,
2592 898 2965 975 habitabant,
2996 910 3172 985 atque
3200 903 3487 985 ipsosmet

1844 985 2020 1045 etiam
2055 987 2209 1066 quia
2241 986 2629 1067 vectigalibus
2650 997 2965 1069 erant,una
2989 1009 3127 1053 cum
3153 991 3229 1053 iis
3251 1011 3389 1070 qua;
3406 994 3482 1055 ad

1846 1074 2275 1152 navigationem
2309 1075 2680 1156 spectabant,
2705 1078 3032 1161 capientes,
3063 1099 3198 1143 cum
3231 1082 3481 1146 navibus

1846 1162 2116 1242 plurimis
2147 1165 2219 1225 ad
2256 1184 2420 1227 casas
2455 1166 2580 1246 (Ἰο)
2616 1185 2757 1229 suas
2787 1170 3265 1235 revertebantur.

1924 1256 2025 1315 191
2047 1255 2233 1316 .Tunc
2264 1263 2460 1317 autem
2492 1273 2692 1318 rerum
2723 1257 3349 1334 dominus,coronatus
3371 1282 3484 1325 no-

1845 1352 1967 1402 ster
1997 1362 2030 1403 a
2057 1343 2296 1406 Christo
2328 1344 2680 1425 imperator,
2714 1346 3098 1410 inimicorum
3132 1348 3486 1414 obstinatio-

1849 1450 1983 1491 nem
2015 1440 2191 1512 atque
2223 1434 2773 1515 arrogantiam,non
2796 1436 2989 1499 solum
3013 1438 3305 1501 civitatem
3339 1459 3485 1503 nos-

1845 1524 2135 1602 tram,sed
2162 1532 2447 1604 prieterea
2470 1526 2647 1586 etiam
2672 1517 2775 1587 e'os
2792 1526 2892 1605 qui
2916 1527 3312 1608 principatum
3335 1530 3486 1594 obti-

1843 1611 2334 1691 nebant,aggredi
2358 1615 2583 1677 audere
2612 1616 3237 1696 conSpiciens,contra
3258 1638 3362 1681 eos
3384 1621 3488 1701 qui

117 1701 473 1783 qtloxpwtoﬁ
549 1709 771 1782 στρατοῦ
845 1701 929 1759 διὰ
989 1702 1197 1778 Θρᾴκης
1257 1703 1346 1758 καὶ
1403 1708 1510 1757 τῶν
1571 1700 1759 1756 ἁντίων

1938 1700 2260 1763 exercitum
2284 1720 2456 1763 suum
2497 1703 2715 1766 Christi
2754 1714 3052 1768 amantem
3106 1700 3481 1785 spectabant,

116 1792 257 1847 κατὰ
314 1796 418 1847 τῶν
475 1793 568 1847 τοῦ
645 1796 961 1869 Στρυμῶνος
1022 1789 1624 1863 καταστρατοπεόεὖσαι,
1702 1790 1758 1845 o3

1920 1800 2049 1851 utra
2076 1808 2177 1851 eos
2201 1790 2303 1866 qui
2326 1791 2399 1851 ad
2426 1794 2798 1871 Strymonem
2830 1793 3008 1857 sedes
3038 1794 3339 1861 habebant
3366 1815 3488 1861 non

117 1879 388 1955 ιρυπηδὸν
444 1880 563 1946 ἦτοι
594 1878 877 1956 λαθραίως,
926 1877 1063 1934 ἀλλὰ
1113 1880 1202 1934 καὶ
1258 1879 1602 1957 προμηνύσας
1663 1880 1761 1935 αὖοι

1916 1880 2072 1941 culte
2096 1889 2194 1941 aut
2216 1879 2444 1959 furtim,
2470 1883 2574 1942 sed
2601 1891 2659 1943 et
2682 1901 2813 1961 quae
2835 1883 3119 1947 adversus
3141 1902 3246 1948 eos
3267 1886 3327 1947 in
3351 1904 3492 1967 pro-

115 1969 237 2030 τοῖς
304 1972 402 2036 την
470 1971 600 2045 πρὸς
630 1969 815 2031 αὐτοὺς
848 1966 1108 2032 ἐξέλευσιν
1143 1985 1154 1998 ⁸
1192 1965 1389 2032 οἵτινες
1418 1967 1756 2045 προεγνωκό-

1916 1978 2038 2030 ictu
2062 1969 2599 2050 erat,expeditione
2614 1978 2753 2033 aute
2776 1971 3267 2054 denuntiata,per
3286 1965 3485 2038 Thra-

115 2076 230 2135 τες,
293 2059 388 2122 τὰς
444 2056 754 2125 κλεισούρας
812 2058 899 2112 καὶ
954 2057 1076 2119 τοὺς
1155 2056 1503 2135 ὀχυροτέρους
1562 2054 1757 2117 τόπους

1916 2076 1994 2117 im
2023 2058 2268 2138 locaque
2291 2059 2485 2120 vicina
2518 2077 2759 2123 movere
2776 2060 2986 2140 jussit.
3023 2060 3137 2134 Qui
3166 2080 3295 2126 rem
3328 2081 3485 2145 prai-

113 2144 508 2211 καταλαϐόντες
569 2148 699 2224 πρὸς
774 2145 1072 2203 ἀντίστασιν
1134 2152 1241 2201 τῶν
1282 2145 1603 2219 Ῥωμαϊκῶν
1662 2145 1754 2201 ἐκ·

1922 2147 2478 2225 scenles,angustiis
2500 2147 2770 2229 locisque
2793 2150 3163 2214 firmioribus
3185 2144 3491 2235 occupatis

115 2237 526 2311 στρατευμάτω)
586 2232 976 2305 ἀνθωπλίζοντο
1013 2283 1026 2308 ,
1087 2240 1261 2291 πᾶσαν
1340 2235 1437 2301 τὴν
1498 2231 1758 2312 βάρϐαρον

1928 2236 2210 2297 Romanis
2228 2236 2594 2298 exercitibus
2619 2238 3169 2313 resisterent,arma
3190 2259 3262 2303 ex
3283 2231 3490 2305 adver-

113 2323 172 2380 ἐκ
225 2324 493 2404 διαφόρων
535 2325 716 2402 ῥηγῶν
773 2325 1021 2401 βοήθειαν
1074 2325 1147 2387 εἷς
1182 2324 1497 2402 συμμαχίαν
1526 2344 1753 2398 προτρεο

57 2404 66 2413 .
115 2418 349 2488 ψάμενοι
360 2458 371 2472 .
454 2458 457 2459 ν

196 2504 258 2581 ρζ
278 2502 360 2580 β’.
395 2502 561 2560 Ἀλλὰ
609 2503 693 2559 καῖ
749 2502 803 2557 ἐν
856 2502 1025 2575 τούτῳ
1083 2505 1176 2557 τοῦ
1218 2501 1512 2572 εὖσθενοῦς,
1548 2504 1619 2563 ὡς
1664 2500 1758 2557 λέ-

1841 2322 2234 2397 so,universis
2260 2326 2553 2387 variorum
2585 2343 2797 2406 regum
2826 2326 3155 2392 barbaricis
3174 2329 3489 2393 auxiliari-

1844 2412 1954 2474 bus
1978 2414 2168 2493 copiis
2196 2414 2267 2476 ad
2319 2413 2459 2478 belli
2510 2416 2853 2478 societatem
2890 2418 3135 2499 vocatis,
3172 2428 3484 2500 pararunt.

1930 2504 2063 2565 192.
2097 2501 2316 2565 Verum
2372 2512 2429 2565 et
2477 2504 2587 2566 hac
2644 2506 2707 2565 in
2738 2511 2828 2579 re,
2890 2517 3129 2585 potens,
3163 2515 3230 2570 ιιι
3258 2508 3484 2571 dictum

118 2591 327 2667 λεκται,
392 2592 648 2671 μάρτυρος
708 2593 845 2668 μετὰ
898 2598 1005 2648 τῶν
1059 2589 1262 2647 λοιπῶν
1296 2591 1457 2669 ἁγίων
1503 2591 1761 2647 καθοπλιυ

1918 2601 1959 2659 t.
1997 2601 2234 2673 martyr,
2268 2593 2514 2674 reliquis
2543 2612 2680 2656 cum
2737 2594 2962 2656 sanctis
2995 2613 3160 2658 arma
3190 2595 3490 2660 submini-

119 2683 376 2756 σαμὲνου,
423 2684 590 2745 νίκαις
636 2684 698 2737 τί,
761 2672 1063 2755 Ῥωμαϊκὸν
1115 2681 1250 2737 κατὰ
1299 2683 1404 2736 τῶν
1460 2679 1765 2737 Σκλαϐίνων

1916 2699 2064 2755 rans,
2089 2672 2418 2745 Humanum
2452 2683 2784 2745 exercitum
2815 2693 3023 2746 contra
3042 2684 3279 2750 Sclavos
3294 2685 3486 2750 victo-

117 2770 340 2836 ὶνέδειξε
398 2769 751 2850 στρατόπεδον
800 2772 887 2826 καὶ
953 2775 1024 2832 εἰς
1087 2768 1147 2831 ἂς
1208 2771 1353 2825 αὐτοὶ
1409 2771 1765 2839 πεποιήκασιν

1920 2789 1974 2830 m
2008 2770 2224 2845 effecit,
2256 2789 2477 2852 perque
2510 2770 2780 2851 insidias,
2812 2790 2957 2852 quas
2991 2772 3233 2852 ipsimet
3260 2782 3493 2839 struxeo

123 2859 335 2937 ἐνέδρας
369 2861 488 2923 τοὺς
540 2859 711 2917 αὐτῶν
761 2859 1038 2938 σθεναροὺς
1088 2860 1176 2915 καὶ
1206 2858 1426 2937 ἐξόχους
1461 2860 1546 2914 καὶ
1602 2858 1761 2914 ὁπλί-

1918 2869 2001 2938 nt,
2050 2860 2234 2922 fortes
2263 2878 2469 2921 eorum
2523 2861 3082 2943 prmstantioresque
3113 2881 3183 2925 ac
3229 2872 3492 2928 armatos

121 2971 215 3015 τας
275 2948 628 3029 κατέσφαξαν,
662 2950 749 3005 καὶ
805 2946 990 3028 ἔφυγεν
1040 2954 1184 3006 πᾶσα
1213 2948 1250 3014 ἦ
1280 2946 1545 3025 βάρϐαρος
1597 2947 1759 3028 φυλὴ,

1923 2947 2065 3009 cidit
2089 2970 2105 3020 ;
2130 2956 2305 3029 atque
2328 2949 2524 3011 omnis
2546 2968 2694 3029 gens
2716 2948 2973 3012 barbara
2988 2951 3185 3031 fugam
3207 2951 3487 3034 arripuit,

125 3036 261 3096 ὥστε
313 3039 457 3103 τινὰς
512 3036 884 3113 εἷσδραμόντας
944 3042 1011 3113 τῇ
1068 3038 1181 3094 καθ’
1233 3037 1375 3111 ἡμᾶς
1422 3034 1764 3115 Osos-aluum!)

1926 3056 1993 3098 eo
2023 3046 2087 3100 ut
2116 3038 2400 3117 quosdam
2436 3038 2537 3119 qui
2590 3039 2662 3099 ad
2716 3047 2976 3101 nostram
3040 3040 3395 3104 custoditam
3451 3061 3488 3105 a

123 3125 278 3183 πόλει
330 3124 591 3206 κρυιρηδὸν
637 3124 932 3205 διήγειραν,
990 3123 1073 3205 ἐφ’
1145 3129 1191 3200 ᾧ
1251 3124 1480 3191 ἱξελθεϊν
1536 3127 1609 3190 εἰς
1669 3128 1760 3184 τὰς

124 3215 294 3272 αὐτῶν
340 3218 502 3281 κάσας
548 3217 640 3281 τὰς
700 3215 951 3288 πλησίον,
1002 3215 1090 3271 καὶ
1138 3215 1373 3294 καρποὺς
1425 3216 1545 3278 τοὺς
1592 3214 1763 3272 αὐτῶν

124 3302 310 3363 λαϐεῖν
364 3303 447 3362 διὰ
501 3311 595 3362 τοῦ
650 3305 852 3386 ἀφέτου
881 3301 1068 3384 φόϐου,
1110 3306 1197 3361 καὶ
1239 3309 1338 3372 τῆς
1392 3304 1679 3383 γενομένης
1709 3305 1763 3360 ἐν

122 3397 306 3459 αὐτοῖς
349 3399 697 3475 κατασφαγῆς
742 3395 834 3456 τὰς
896 3396 1067 3451 αὐτῶν
1123 3393 1377 3473 φαμιλίας
1427 3395 1599 3451 πάντα
1656 3418 1762 3451 κα-

121 3482 442 3548 ταλιπόντας
500 3496 619 3546 τοῖς
679 3484 860 3561 μέρεσι
911 3484 1303 3560 προσπελάσαι,
1336 3485 1425 3540 καὶ
1455 3483 1521 3550 ἦν
1552 3484 1761 3561 θεωρῆ-

125 3594 207 3629 σαι
285 3574 406 3639 τοὺς
477 3573 791 3641 νικηθέντας
866 3577 964 3629 καὶ
1043 3572 1275 3651 φυγάδας
1331 3572 1578 3646 πολίτας,
1651 3572 1762 3646 ἅμα

125 3661 323 3738 γυναιξὶ
379 3663 469 3719 καὶ
526 3662 730 3727 τέκνοις
774 3663 848 3725 εἷς
906 3662 1000 3727 τὰς
1044 3661 1213 3725 κτίσας
1272 3667 1378 3718 τῶν
1441 3663 1558 3740 περὶ
1608 3661 1765 3717 πόλιν

126 3754 210 3807 καὶ
267 3750 472 3808 λοιπῶο
515 3749 919 3824 πλησιαζόντων
969 3749 1149 3808 τόπων
1179 3750 1435 3815 ἀπιόντας
1464 3753 1550 3807 καὶ
1585 3749 1764 3831 φέρειν

130 3852 308 3919 σῖτον,
367 3840 583 3920 ὄσπρια,
639 3843 724 3897 καὶ
784 3839 951 3905 ἄλλας
1011 3841 1309 3906 ἀποσκευὰς
1338 3841 1427 3897 καὶ
1487 3841 1553 3898 τὰ
1604 3838 1767 3897 λοιπὰ

132 3929 193 3985 τὰ
247 3930 380 4000 πρὸς
432 3930 739 4007 ἀποτροπὴν
804 3928 888 3986 ἐπ’
943 3928 1106 3991 ὤμων
1160 3930 1608 4006 ἀποκομίζοντας,
1668 3928 1765 3985 ἀό-

133 4016 295 4083 πλους
325 4020 418 4077 καί
450 4021 522 4085 ὡς
574 4018 744 4077 ἔνεστι
796 4017 882 4075 διὰ
935 4020 1032 4087 τὴν
1088 4017 1207 4076 ὁδὸν
1265 4020 1353 4075 καὶ
1394 4019 1484 4075 τὸν
1525 4018 1769 4075 καύσωνα

129 4108 473 4189 ἠμιχίτονας,
518 4111 605 4166 καὶ
660 4108 790 4189 ὕπερ
842 4110 987 4165 αὐτοὶ
1018 4110 1155 4166 κατὰ
1191 4114 1288 4177 τῆς
1349 4107 1557 4173 πόλεως
1614 4111 1771 4184 ἡμῶν

130 4194 524 4274 ἐϐουλεύσαντο,
583 4206 737 4256 τοῦτο
790 4196 876 4254 διὰ
917 4207 1010 4257 τοῦ
1038 4198 1300 4278 μάρτυρος
1331 4199 1366 4266 ἡ
1402 4196 1511 4253 ἅνω
1554 4197 1765 4264 πάντως

128 4287 344 4363 πρόνοια
374 4290 447 4353 εἷς
478 4288 664 4352 αὐτοὺς
696 4288 1028 4366 ἐπανήγαγε,

205 4377 362 4456 ρ4’γ’.
408 4387 511 4437 Τοῦ
545 4379 646 4457 γὰρ
697 4384 920 4456 στρατοῦ
966 4377 1143 4433 ἐκεῖσε
1195 4375 1257 4432 ἐκ
1314 4380 1407 4433 τοῦ
1435 4375 1647 4442 δικαίως
1679 4380 1767 4435 καὶ

1846 3124 1968 3187 Deo
1991 3126 2284 3188 civitatem
2314 3127 3070 3207 confugerant,clanculum
3106 3130 3404 3193 monuerit
3425 3139 3489 3193 ut

1846 3215 1920 3277 ad
1942 3234 2109 3277 casas
2130 3235 2268 3277 suas
2292 3234 2475 3296 prope
2507 3234 2635 3278 eam
2670 3216 2815 3277 sitas
2849 3217 3106 3292 exirent,
3141 3218 3494 3301 fructusque

1845 3305 2193 3367 earumdem
2217 3305 2711 3386 colligerent,quo
2734 3305 2808 3366 ob
2833 3304 3195 3369 ineffabilem
3216 3308 3491 3370 timorem

1845 3403 2185 3475 tantamque
2209 3394 2267 3455 in
2289 3413 2353 3456 se
2372 3395 2597 3457 caedem
2615 3393 2870 3455 familias
2894 3411 3031 3457 suas
3051 3403 3294 3458 omnino
3312 3397 3495 3459 relin-

1844 3483 2203 3564 quentes,ad
2237 3493 2429 3562 partes
2453 3485 2583 3546 illas
2605 3483 2989 3560 accederent;
3018 3486 3481 3567 popularesque,

1847 3572 1948 3651 qui
1980 3571 2195 3633 devicti
2241 3582 2409 3633 erant
2442 3591 2511 3634 ac
2541 3570 2865 3651 fugiebant,
2914 3589 3048 3632 cum
3090 3571 3376 3634 uxoribus
3422 3593 3493 3636 ac

1846 3660 2053 3721 liberis
2074 3660 2145 3720 ad
2171 3659 2418 3721 sitorum
2447 3676 2634 3741 prope
2654 3657 2817 3719 illam
2837 3658 3329 3741 reliquorumque
3349 3663 3491 3724 vici-

1847 3767 2058 3809 norum
2094 3749 2361 3810 locorum
2395 3767 2563 3810 casas
2593 3746 2889 3809 abeuntes
2912 3748 3399 3831 frumentumque
3423 3769 3494 3815 ac

1850 3838 2017 3899 olera
2046 3838 2330 3911 ferentes,
2366 3846 2497 3898 erat
2526 3836 2751 3912 videre,
2780 3835 2861 3897 uti
2891 3835 3070 3898 etiam
3096 3835 3199 3917 qui
3226 3837 3492 3919 impedi-

1853 3934 2051 3989 menta
2078 3926 2425 4007 reliquaque
2484 3926 2637 4006 fugae
2685 3943 2950 4002 congrua
2980 3923 3249 3987 humeris
3279 3924 3491 4007 parta-

1853 4016 2016 4097 bant,
2041 4017 2186 4079 alios
2209 4017 2495 4096 inermes,
2523 4023 2700 4097 atque
2720 4022 2783 4075 ut
2805 4032 2911 4094 per
2938 4014 3090 4076 viam
3114 4031 3183 4076 ac
3214 4014 3491 4080 ardorem

1850 4104 2521 4186 licebat,semivestitos;
2549 4122 2617 4166 ac
2642 4102 2802 4184 quod
2825 4103 2938 4183 ipsi
2963 4111 3171 4165 contra
3192 4102 3490 4167 civitatem

1851 4203 2110 4256 nostram
2148 4194 2415 4255 meditati
2448 4201 2641 4267 erant,
2676 4191 2735 4253 id
2762 4209 2866 4271 per
2891 4200 3210 4273 martyrem
3235 4211 3497 4275 superna

1849 4283 2217 4365 providentia
2246 4301 2426 4364 supra
2456 4301 2564 4345 eos
2596 4279 2842 4344 omnino
2875 4281 3137 4359 induxit.

1935 4374 2065 4435 193.
2101 4372 2156 4435 Is
2207 4390 2409 4451 porro,
2471 4371 2575 4450 qui
2626 4371 2790 4452 jusle
2838 4389 2906 4432 ac
2938 4371 3035 4451 pie
3066 4369 3241 4433 nobis
3296 4370 3495 4453 impe-

129 4465 352 4531 εὐσεϐῶς
383 4467 676 4544 βασιλεύειν
712 4470 847 4544 ἡμῖν
878 4467 1147 4547 λαχόντος
1196 4465 1480 4530 σταλέντος
1524 4467 1610 4524 ἐπὶ
1654 4490 1763 4525 πα-

1916 4481 1980 4525 re
2011 4472 2101 4524 est
2129 4464 2410 4544 sortitus,
2472 4462 2655 4523 misso
2685 4460 2757 4522 ad
2792 4458 3035 4523 Sclavos
3063 4461 3497 4542 oppugnandos

130 4556 332 4632 ρατάξει
362 4563 470 4613 τῶν
513 4554 843 4637 Σκλαϐίνων,
903 4556 1159 4635 σιτοφόρα
1208 4556 1387 4636 σκάφη
1418 4558 1507 4614 καὶ
1538 4560 1638 4637 πρὸ
1667 4562 1765 4625 τῆς

1916 4554 2145 4634 :ercitu,
2180 4535 2415 4631 navigia
2434 4550 2636 4624 etiam,
2662 4548 2963 4612 frumento
2993 4535 3307 4624 ouu's-tajd
3338 4551 3498 4632 peti-

139 4642 285 4719 ημῶν
341 4647 602 4715 αἰτήσεως
654 4649 875 4703 ἒνταῦθα
928 4644 1236 4707 ἀπέστειλε.
1298 4649 1413 4703 Τῶν
1444 4648 1770 4724 κρατούντων

134 4737 215 4791 καὶ
272 4735 325 4791 ἐν
393 4736 563 4810 τούτῳ
639 4736 987 4815 ἀργησάντων
1067 4732 1151 4790 διὰ
1205 4737 1297 4791 τὸν
1363 4734 1550 4817 φόϐον,
1613 4736 1772 4814 οὗπερ

136 4821 385 4893 ἐποίησαν
444 4824 506 4882 ἐκ
569 4832 677 4882 τῶν
718 4824 936 4884 ἐνταῦθα
978 4823 1224 4904 ἔκφορίου
1277 4826 1473 4901 μήπως
1503 4826 1770 4904 γνωσθὲν-

136 4932 218 4978 τες
274 4915 634 4995 ἀγανακτήσει
691 4916 777 4971 καὶ
830 4911 1198 4987 ὕποῦληθῶσι,
1256 4918 1342 4972 καὶ
1398 4916 1444 4971 εί
1502 4916 1580 4991 μὴ
1641 4913 1770 4995 ἄχρι

139 5019 489 5090 regionibus,
520 5015 674 5077 baud
702 5018 902 5090 procul
937 5019 1131 5083 etiam,
1156 5029 1219 5076 ut
1258 5018 1498 5087 dictum,
1524 5033 1558 5076 a
1585 5020 1770 5078 Thes-

141 5088 386 5147 salonica
424 5091 684 5161 remotis,
706 5088 787 5147 ab
818 5090 1079 5161 ipsismet
1110 5092 1556 5160 imperatoribus
1605 5092 1770 5149 sedes

141 5161 380 5217 subinde
434 5160 777 5228 obtinuisse,
830 5160 882 5216 et
937 5170 1127 5219 tamen
1172 5162 1323 5219 haud
1382 5177 1513 5220 raro
1571 5174 1767 5221 contra

139 5228 308 5290 hosce
337 5247 496 5291 arma
528 5241 726 5304 postea
753 5230 942 5289 adhuc
998 5232 1268 5298 movisse,
1303 5235 1770 5293 excursionibus-

207 5373 321 5443 (69)
356 5375 748 5434 Proconessus
788 5373 976 5432 insula
1006 5381 1093 5432 est
1122 5376 1259 5433 Asiae
1279 5375 1512 5435 Minoris
1541 5379 1600 5436 in
1628 5378 1771 5436 Pro-

214 5446 382 5512 nude,
423 5461 548 5519 quae
589 5447 720 5504 aliis
754 5447 906 5519 olim
965 5445 1399 5519 Pproconuessus
1452 5459 1549 5507 aut
1601 5450 1772 5507 etiam

188 5516 549 5589 raecounesus
607 5516 912 5589 appellata,
974 5517 1248 5589 Harmara
1312 5520 1484 5578 modo
1545 5536 1774 5579 nuncu-

181 5597 322 5647 atur.
395 5587 767 5648 Videsis'ad
850 5587 1194 5646 vocabulum
1278 5591 1650 5649 Proconnesus
1716 5592 1774 5649 in

220 5660 353 5724 xico
382 5660 796 5743 Geographico
842 5659 1287 5727 Baudrandum.
1322 5666 1542 5745 Πάριον,
1579 5665 1777 5746 Mysiae

1857 4644 2075 4706 tionem
2102 4651 2363 4705 nostram
2404 4642 2520 4703 huc
2544 4641 2723 4701 misit.
2759 4640 2909 4702 Cum
2940 4646 3001 4702 et
3032 4640 3143 4701 hac
3172 4637 3235 4700 in
3264 4659 3353 4719 re,
3391 4641 3496 4723 qui

1854 4732 2288 4813 rempublicam
2317 4726 2921 4802 administrabant,ob
2951 4729 3251 4808 timorem,
3286 4746 3362 4792 ne
3391 4730 3497 4811 qui

1856 4831 2030 4885 terrae
2051 4828 2371 4903 proventus
2396 4817 2965 4898 distrahebant,rem
3000 4827 3317 4881 noscentes
3343 4836 3495 4881 con-

1855 4922 1944 4974 tra
1972 4930 2037 4974 se
2067 4911 2543 4990 indignarentur,
2578 4907 2726 4969 nihil
2765 4911 3010 4969 omnino
3034 4906 3302 4970 facerent
3327 4906 3497 4972 dice-

1850 5036 1964 5093 que
1994 5020 2199 5098 damna
2233 5017 2351 5098 illis
2368 5013 2521 5074 haud
2551 5016 2771 5098 modica
2799 5013 3501 5098 int_ulisse,facile_ag_n_os-

1851 5085 2005 5173 deus
2036 5094 2133 5163 ειυί
2182 5092 2269 5173 νβι
2302 5087 2674 5173 Feta-sumini
2732 5085 3308 5173 Porphyraseaiwa
3338 5085 3498 5173 Tha-

1851 5156 2099 5292 matiibus
2163 5157 2751 5230 administrandoque
2828 5156 3073 5229 imperio
3126 5156 3306 5216 libros
3342 5157 3503 5218 evolo

1853 5251 1949 5294 ver
1975 5247 2057 5293 ni.

1853 5373 2088 5431 Minoris
2118 5372 2176 5428 in
2209 5371 2340 5427 Asia
2370 5366 2440 5426 ad
2472 5364 2840 5437 Proponditis
2863 5379 3023 5424 oram
3045 5364 3245 5437 civitas
3270 5371 3388 5437 est,

1938 5445 2068 5525 (70)
2100 5442 2185 5504 Ita
2213 5442 2309 5503 hic
2342 5433 2693 5525 vocabulum
2725 5437 3013 5525 figuratam,
3033 5433 3503 5525 quod-ejusdem

1858 5514 2086 5600 proprie
2113 5535 2245 5580 cum
2293 5518 2575 5600 vocabulo
2628 5516 2820 5600 Latino
2848 5514 3031 5600 saccus
3051 5514 3501 5589 significationis

1860 5588 2495 5666 'est,'interpretandum
2526 5604 2557 5648 e
2586 5601 2764 5647 sensu
2785 5588 2947 5649 duxi.
