3946 6146
287 292 310 357 1
326 290 440 357 369

1373 285 1438 350 S.
1476 287 1855 352 DEMETRII
1898 286 2300 352 MARTYRIS
2339 278 2565 350 ACTA.

3494 273 3650 349 1370

279 429 372 486 καὶ
400 427 521 496 ἔθνη
579 427 943 506 ἰξεπόρθησεν,
997 427 1082 483 καὶ
1121 420 1202 499 μὴ
1260 412 1479 501 ἀφέλειν
1523 425 1690 500 τούτῳ
1742 448 1908 485 κατα-

2056 421 2408 492 arversitate,
2460 417 2738 501 perjuriis
2788 424 2844 480 et
2874 416 3008 480 dolo
3041 416 3312 480 moribus
3346 416 3643 481 exsistens

284 517 546 576 πιστεύειν
583 538 596 552 ⁸
643 519 888 598 ἐγνωκὼς
919 515 972 572 δὲ
1015 515 1165 580 οὗτος
1211 508 1272 568 ἐκ
1323 509 1575 582 διαϐολῆς
1620 521 1726 572 τῶν
1777 517 1918 590 αὒτῷ

283 607 714 680 πλησιασάντων,
761 605 846 664 διὸ.
900 604 1106 684 τρόπων
1158 604 1244 660 καὶ
1293 611 1489 671 σκευῆς
1520 605 1641 666 τοὺς
1674 605 1916 673 κατάδη-

283 694 376 751 λον
418 697 470 752 ἐν
501 702 576 770 τῷ
621 702 835 773 κρυπτῷ
877 693 1219 770 ποιουμένους
1271 694 1368 761 τὴν
1413 693 1576 760 αὖτὴν
1618 692 1792 762 δεινὴν
1822 694 1913 749 ὲν-

285 783 438 856 ἐδραν
463 783 870 862 ἀπεκεφάλισεν,
918 785 1008 839 καὶ
1063 783 1130 840 τὰ
1188 782 1361 840 αὒτῶν
1405 783 1784 861 γυναικότεκνα
1840 787 1913 848 ὡς

280 871 562 953 ἠθέλησεν,
594 873 681 931 καὶ
711 871 844 931 ὅπου
874 869 1148 947 ἐϐούλετο,
1183 869 1431 951 ἔπρασεν.

371 1141 448 1207 α’,
481 1126 633 1201 ἰΟθεν
663 1144 710 1199 οἱ
739 1140 924 1198 λοιποὶ
980 1148 1088 1200 τῶν
1135 1147 1460 1218 Χριστιανῶν
1504 1141 1582 1214 μὴ
1611 1139 1915 1215 τολμῶντες

283 1229 514 1297 ἐξειπεῖν
571 1230 740 1308 ἥνπερ
783 1231 1016 1308 ἔγνωσαν
1069 1231 1206 1290 κατὰ
1265 1231 1364 1298 τῆς
1424 1229 1634 1294 πόλεως
1683 1228 1913 1308 ἐνέδραν,

281 1320 530 1398 ἐθρήνουν
587 1321 673 1378 καὶ
731 1321 944 1383 ἑαυτοὺς
988 1319 1085 1377 καί
1135 1322 1232 1389 τὴν
1286 1318 1464 1392 πόλιν,
1515 1320 1742 1396 μηδενὸς
1783 1318 1916 1376 τολο

283 1410 493 1483 μῶντος
554 1412 683 1488 πρὸς
735 1409 1037 1466 ἀντίστασιν
1093 1411 1298 1485 τούτου,
1361 1409 1496 1467 ἀλλᾶ
1565 1409 1770 1485 μᾶλλον
1831 1410 1918 1465 καὶ

282 1497 504 1556 δεδιέναι
576 1499 755 1574 αῦτδν,
814 1500 934 1563 τοὺς
1014 1499 1134 1557 τότε
1190 1502 1252 1556 τὸ
1301 1498 1480 1556 δοκεῖν
1538 1505 1861 1577 κρατοῦντας
1896 1518 1908 1531 ·

280 1588 579 1656 κατέστησε
609 1589 710 1667 γὰρ
753 1591 781 1644 ὁ
824 1591 978 1652 αύτὸς
1025 1595 1230 1668 Μαῦρος
1273 1590 1605 1669 πεντάρχους
1652 1591 1740 1645 καὶ
1783 1611 1916 1646 πεν-

280 1677 684 1757 ττικοντάρχους
741 1679 827 1734 καὶ
871 1675 1162 1758 δεκάρχως
1213 1678 1406 1754 οὕσπερ
1467 1679 1596 1758 εἶχε
1653 1679 1918 1746 σύμπνους

2002 513 2274 593 pessimis
2305 511 2433 572 loca
2465 510 2650 572 multa
2683 526 2752 571 ac
2798 515 3007 586 gentes
3037 506 3333 589 praedatus
3363 516 3542 587 esset,
3574 527 3644 570 ac

1996 603 2083 664 illi
2114 600 2415 663 ﬁdentium
2452 619 2567 661 non
2600 606 3140 679 esse,perspectum
3165 597 3476 679 haberent;
3511 598 3643 678 ipse

1996 701 2192 755 autem
2217 711 2290 753 ex
2315 709 2521 752 eorum
2549 689 2650 766 qui
2668 689 2740 751 ad
2766 689 2931 750 illum
2971 687 3310 768 veniebant,
3345 687 3644 751 delatione

1995 782 2053 843 id
2087 780 2502 858 intellexisset,
2532 778 2795 858 illos,qu
2817 795 3022 855 graves
3045 776 3175 839 illas
3204 775 3473 854 insidias,
3511 795 3644 858 qua;

2001 870 2284 946 latebant,
2318 889 2351 932 e
2383 868 2646 930 moribus
2676 867 3004 946 habituque
3035 865 3509 941 manifestabunt,
3537 884 3638 928 ca-

2003 961 2125 1042 pite
2157 960 2469 1039 truncavit,
2505 976 2572 1019 ac
2621 975 2835 1020 uxores
2864 974 3094 1032 eorum,
3129 962 3191 1017 ut
3223 956 3424 1037 voluit,
3451 962 3511 1019 et
3541 955 3643 1018 ubi

2003 1049 2257 1125 volebat,
2291 1047 2578 1111 vendidit.

2083 1139 2225 1202 200.
2251 1137 2393 1202 Cum
2426 1139 2568 1200 hinc
2607 1138 3082 1201 Christianorum
3117 1134 3332 1216 reliqui
3363 1140 3636 1208 structas,

1995 1247 2142 1310 quas
2189 1229 2482 1304 sciebant,
2515 1240 2724 1290 contra
2773 1227 3068 1290 civitatem
3101 1226 3349 1287 insidias
3379 1222 3644 1286 revelare

1997 1339 2116 1380 non
2147 1319 2526 1394 auderent,et
2549 1318 2778 1398 seipsos
2807 1325 2868 1381 et
2899 1317 3187 1379 civitatem
3221 1313 3636 1393 deplorabant,

1997 1408 2153 1490 quod
2188 1428 2363 1470 nemo
2395 1408 2468 1469 ad
2500 1407 2896 1469 resistendum
2928 1406 2983 1468 ei
3007 1405 3235 1466 animos
3260 1402 3644 1477 haberet,sed

2001 1497 2194 1577 potius
2220 1497 2395 1560 etiam
2427 1497 2463 1556 ii
2497 1500 2596 1577 qui
2632 1505 2770 1558 tunc
2799 1497 2856 1557 in
2881 1495 3144 1576 speciem
3169 1493 3302 1555 aliis
3325 1500 3641 1572 praeerant,

1999 1587 2277 1648 eumdem
2310 1587 2587 1648 timerent
2614 1608 2631 1663 ;
2667 1588 2793 1667 ipse
2817 1586 2975 1647 enim
2999 1587 3238 1647 Maurus
3261 1581 3641 1645 centuriones

2001 1684 2060 1738 et
2091 1677 2617 1756 pentecontarcbas
2633 1687 2694 1738 et
2718 1676 3064 1754 decarchas,
3099 1693 3248 1755 quos
3265 1672 3640 1735 fraudulento

281 1766 380 1834 τῆς
431 1766 588 1823 αὐτοῦ
648 1765 826 1831 δολίας
867 1766 1111 1846 γνώμης,
1159 1770 1251 1824 καί
1306 1767 1527 1824 ὁπλῖται
1558 1775 1742 1825 τοῦτον
1799 1766 1913 1824 ἔνθα

2056 1765 2250 1828 insilio
2269 1783 2374 1826 suo
2399 1767 2814 1846 conspirantes
2837 1774 3042 1828 nactus
3065 1761 3637 1840 erat,constituebat,

279 1857 404 1912 ὠσεῖ
435 1853 614 1934 ἄνδρες
671 1854 918 1931 εὔτολμοι
975 1856 1176 1935 νύκτωρ
1226 1858 1315 1914 καὶ
1365 1856 1480 1913 καθ’
1528 1858 1732 1935 ἡμέραν
1790 1857 1918 1934 ἐφύ-

280 1943 476 2000 λαττον
501 1945 597 2008 τὰς
629 1947 844 2010 σιτίσεις
875 1945 1217 2021 κομιζόμενοι
1258 1946 1318 2003 ἐκ
1349 1951 1456 2004 τῶν
1499 1953 1592 2003 τοῦ
1637 1945 1914 2021 δημοσίου.

281 2033 430 2109 Σκέψ
444 2056 488 2098 ις
533 2033 587 2089 δὲ
630 2034 764 2100 αὕτη
813 2035 901 2091 καὶ
960 2034 1126 2112 βουλῆ
1158 2035 1470 2116 ἐτύγχανεν,
1504 2035 1641 2091 ὥστε
1669 2042 1738 2110 τῇ
1769 2042 1918 2096 νυκτί

279 2119 379 2188 τῆς
437 2120 678 2199 μεγάλης
738 2123 926 2201 ἑορτῆς
986 2129 1080 2180 τοῦ
1121 2124 1271 2202 ἁγίου
1319 2121 1614 2202 Σαϐϐάτου,
1681 2123 1768 2180 ὅτε
1822 2125 1917 2189 τὰς

277 2211 378 2276 τῆς
406 2209 774 2285 σωτηριώδους
809 2219 1039 2289 Χριστοῦ
1090 2212 1429 2276 ἀναστάσεως
1475 2213 1705 2292 εὐωχίας
1736 2211 1911 2288 ⁴ἤμελ-

276 2297 545 2394 λεᾌπὰ
586 2299 800 2394 πάντων
856 2299 1111 2394 ἐκτελεῖνΔ
1149 2304 1184 2370 ἡ
1226 2300 1405 2394 πόλις,
1468 2302 1589 2394 τότε
1648 2300 1916 2394 ἅμαῌτῶν

280 2386 400 2463 μετ’
486 2389 673 2453 αὐτοὺς
756 2389 1228 2468 ἐμπειροπολέμων
1262 2438 1279 2470 ,
1365 2390 1618 2471 ἐμφύλιον
1699 2389 1916 2467 βάλλειν

279 2477 521 2552 πόλεμον
548 2478 636 2534 καὶ
667 2486 765 2554 πῦρ
797 2477 876 2544 εἴς
905 2501 1052 2543 τινας
1083 2477 1376 2556 ἑπισήμους
1406 2482 1600 2546 τόπους
1631 2482 1718 2537 καὶ
1749 2479 1916 2544 οὕτως

278 2566 559 2645 ἐγκρατεῖς
589 2567 686 2635 τῆς
717 2566 925 2631 πόλεως
957 2569 1219 2646 γίνεσθαι,

361 2655 476 2720 σα¹,
526 2648 584 2714 Ὀ
643 2655 697 2713 δὲ
750 2658 811 2713 τὸ
867 2658 1060 2736 κράτος
1117 2656 1294 2715 θεόθεν
1338 2655 1645 2736 δεδεγμένος
1704 2661 1919 2739 ἀοράτῳ

275 2746 562 2820 ἱμπνεύσει
637 2748 730 2802 καῖ
790 2749 1006 2822 νεύματι
1079 2748 1214 2804 κατὰ
1275 2748 1334 2803 τὸ
1391 2747 1783 2828 γεγραμμένον,
1835 2750 1914 2806 ὅτι

279 2833 464 2912 καρδία
519 2834 780 2910 βασιλέως
826 2839 880 2891 εν
926 2837 1066 2915 χειρὶ
1125 2844 1296 2911 Θεοῦ,
1343 2838 1430 2893 καὶ
1486 2835 1617 2894 ὅπου
1673 2838 1914 2916 βούλεται

1598 2171 1614 2204 ἱ

279 2925 513 3002 καθάπερ
563 2923 718 3002 ὕδωρ,
781 2925 1006 2982 ἐκκλίνει
1065 2926 1284 3006 ταύτην,
1343 2926 1479 2982 οὕτω
1535 2929 1596 2983 τὸ
1626 2927 1915 3002 μελετηθὲν

279 3013 336 3069 ἐν
381 3010 519 3086 δόλῳ
542 3015 678 3070 κατὰ
708 3014 803 3081 τῆς
835 3013 1044 3079 πόλεως
1101 3014 1453 3089 ἐπιστάμενος
1491 3015 1734 3073 κελεῦσαι
1779 3041 1911 3074 κατ-

2003 1873 2261 1932 eumque
2287 1855 2382 1917 hic
2403 1854 2512 1915 viri
2532 1857 2842 1930 armati,ut
2876 1855 3198 1932 plurimum
3226 1853 3503 1926 audaces,
3538 1850 3644 1926 qui

2000 1962 2036 2005 e
2068 1943 2306 2023 publico
2337 1963 2634 2006 annonam
2669 1943 3062 2023 accipiebant,
3109 1950 3281 2002 nocte
3311 1960 3378 2002 ac
3409 1941 3506 2001 die
3534 1958 3645 2001 cu-

2000 2032 2358 2094 stodiebant.
2393 2034 2456 2095 ld
2518 2052 2694 2113 porro
2751 2033 2928 2094 etiam
2961 2031 3200 2094 consilii
3245 2037 3549 2110 ceperant,
3582 2037 3646 2090 ut

2000 2129 2176 2182 nocte
2200 2122 2396 2198 magni
2417 2121 2548 2182 festi
2586 2123 2828 2185 Sabbati
2859 2122 3070 2194 sancti,
3110 2118 3346 2200 quando
3367 2116 3647 2180 salutaris

1999 2208 2216 2273 Christi
2237 2211 2695 2272 resurrectionis
2718 2210 3054 2272 convivium
3079 2210 3135 2270 in
3159 2207 3462 2271 communi
3484 2225 3644 2267 sum-

2002 2309 2173 2380 ptura
2201 2311 2356 2360 esset
2382 2300 2610 2373 civitas,
2646 2309 2786 2362 tunc
2817 2320 2950 2361 cum
2985 2319 3055 2360 eo
3113 2299 3212 2379 qui
3271 2297 3416 2359 belli
3475 2305 3644 2358 erant

2000 2388 2429 2468 periti,bellum
2467 2391 2811 2451 intestinum
2837 2387 3553 2467 concitarent,ignemque
3585 2386 3643 2446 in

1999 2477 2130 2538 loca
2156 2477 2453 2559 praecipua
2482 2479 2873 2558 conjicerent,
2909 2486 3086 2559 atque
3107 2477 3190 2540 ita
3209 2477 3446 2539 civitate
3481 2474 3639 2557 potia

1995 2575 2226 2629 rentur.

2076 2656 2217 2720 201.
2250 2655 2363 2730 Qui
2389 2664 2585 2719 autem
2637 2657 2960 2737 imperium
2993 2656 3274 2717 divinitus
3305 2662 3640 2736 acceperat,

1996 2747 2303 2820 invisibili,
2342 2749 2478 2828 quia
2509 2748 2838 2810 secundum
2898 2746 3056 2826 quod
3090 2753 3374 2827 scriptum
3408 2755 3520 2825 est,
3543 2763 3648 2807 cor

1999 2836 2158 2914 regis
2218 2837 2275 2896 in
2339 2855 2515 2898 manu
2571 2835 2676 2898 Dei
2741 2845 2820 2911 et,
2876 2854 3232 2917 quocunque
3275 2834 3546 2908 voluerit,
3584 2843 3648 2896 ut

1998 2943 2236 3004 aquam,
2272 2925 2519 2988 inﬂectit
2548 2926 2721 3003 illud,
2774 2926 3160 3006 inSpiratioue
3194 2944 3262 2986 ac
3307 2934 3473 3004 nutu,
3509 2943 3644 2986 cum

2001 3015 2292 3090 nomium,
2352 3016 2510 3096 quod
2568 3014 2704 3077 dolo
2757 3024 2964 3078 contra
3019 3015 3314 3077 civitatem
3378 3013 3646 3074 meditati

275 3100 503 3168 ηξίωσεν
532 3105 775 3176 Σισιννίῳ
805 3110 1089 3181 στρατηγῷ
1142 3104 1263 3160 τότε
1314 3109 1420 3159 τῶν
1465 3105 1711 3182 καράϐων
1743 3108 1913 3184 ὑπάρ-

2056 3113 2196 3202 'ant,
2234 3105 2604 3184 exploratum
2663 3104 2936 3178 haberet,
2972 3104 3259 3180 Sisinnio,
3293 3103 3644 3165 caraborum

277 3210 460 3268 χοντι,
495 3188 642 3268 ἆαδρὶ
673 3197 871 3264 συνετῷ
899 3192 987 3248 καὶ
1031 3204 1151 3255 τοῖς
1199 3190 1380 3269 λόγοις
1425 3196 1515 3249 καὶ
1557 3207 1671 3260 τοῖς
1700 3195 1915 3270 τρόποις

280 3279 367 3334 καὶ
414 3281 489 3352 τῷ
548 3286 664 3353 Θεῷ
718 3282 774 3336 ἓν
855 3279 1051 3337 ἅπασιν
1107 3281 1532 3356 ἆνατεθειμένῳ,
1579 3284 1724 3346 ὅπως
1783 3284 1920 3360 μετᾶ

276 3368 388 3423 τῶν
431 3366 524 3424 ὑπ’
581 3367 737 3424 αὐτὸν
793 3368 960 3425 ὄντων
1015 3368 1405 3449 καραϐισιάνων
1470 3380 1806 3451 στρατιωτῶν
1851 3382 1917 3453 τῇ

278 3455 794 3536 ἆθλοφοροφυλάκτῷ
839 3459 1006 3535 ταύτῃ
1079 3459 1345 3517 εἰσϐαλεῖν
1401 3462 1556 3518 πόλει
1599 3462 1682 3518 ἐπὶ
1739 3486 1914 3539 παρα·-

276 3543 490 3623 φυλακῇ
546 3554 636 3602 τοῦ
694 3545 976 3627 λεχθέντος
1046 3549 1278 3626 Μαύρου,
1331 3547 1425 3605 καὶ
1477 3555 1580 3605 τῶν
1627 3552 1718 3606 σὺν
1778 3555 1919 3624 αὗτῷ

275 3635 643 3712 προσρδέντων
677 3683 692 3709 ,
771 3634 917 3698 ὅπως
1002 3644 1093 3694 τοῦ
1167 3637 1404 3693 τοιούτου
1461 3646 1684 3716 στρατοῦ
1739 3639 1917 3698 ἒνθάδε

275 3725 664 3803 τυγχάνοντος,
726 3726 1124 3802 προθυμοτὲρως
1168 3727 1288 3788 τοὺς
1321 3726 1428 3781 ἀπὸ
1486 3726 1578 3782 τοῦ
1633 3727 1914 3807 λεχθέντος

284 3811 481 3891 Κούϐερ
525 3812 702 3869 ἐνθάδε
762 3816 1108 3893 καταφεύγειν
1164 3814 1383 3893 γένηται
1419 3835 1434 3851 ⁸
1497 3814 1640 3878 ὅστις
1700 3817 1916 3875 εὐκλεέ-

279 3923 473 3962 στατος
523 3905 822 3981 στρατηγὸς
856 3905 1109 3966 Σισίννιος
1170 3905 1232 3959 τὸ
1287 3903 1567 3963 κελευσθὲν
1625 3906 1696 3972 εἷς
1753 3907 1915 3984 πέρας

278 3990 508 4068 ἀγαγεῖν
551 3991 872 4068 βουλόμενος
931 3990 1118 4058 ἔξεισιν
1173 3993 1280 4048 ἀπὸ
1343 3999 1448 4050 τῶν
1511 3999 1607 4060 τῆς
1671 3985 1917 4071 Ἐλλάδος

280 4083 481 4158 μερῶν,
517 4082 605 4137 καὶ
636 4079 1032 4156 καταλαμϐάνει
1081 4083 1179 4149 τὴν
1238 4084 1485 4139 Σκιαθίαν
1533 4089 1695 4152 νῆσον
1744 4085 1918 4162 ἡμέρᾳ

292 4176 621 4246 Κυριακῇτῇ
650 4172 751 4244 πρὸ
807 4177 930 4246 μιᾶς
986 4174 1081 4238 τῆς
1131 4173 1282 4250 ἁγίας
1333 4173 1671 4253 Πασχαλίας,
1713 4173 1830 4241 ἥτις
1862 4178 1916 4231 ὲν

282 4271 406 4320 ταῖς
447 4265 554 4314 τῶν
598 4257 878 4337 ὁρθοδόξων
937 4262 1153 4316 πόλεσιν
1201 4263 1340 4340 παρὰ
1402 4265 1614 4319 πάντων
1665 4265 1915 4339 ἑορτάζε-

279 4368 368 4402 ται
401 4349 489 4403 καὶ
537 4347 748 4424 λέγεται
792 4351 828 4417 ἡ
870 4354 977 4405 τῶν
1025 4355 1202 4407 Βαῖων
1235 4367 1249 4381 ⁸
1300 4354 1675 4429 προσορμήσας
1715 4353 1805 4409 οὖν
1861 4354 1914 4409 ἐν

2007 3191 2135 3273 (92)
2171 3203 2310 3254 tunc
2339 3195 2500 3270 duci,
2525 3195 2654 3257 viro
2686 3195 2894 3257 sclerti
2917 3203 2974 3256 et
2995 3194 3192 3256 verbis
3208 3205 3270 3255 et
3291 3192 3556 3256 moribus
3588 3200 3646 3252 et

2002 3284 2060 3343 in
2086 3283 2366 3344 omnibus
2395 3288 2514 3347 Deo
2538 3293 2846 3366 acceptum
2875 3304 3009 3346 sese
3033 3283 3307 3346 reddenti
3333 3283 3639 3363 (93),prae-

2002 3372 2208 3450 cipere
2239 3374 2516 3453 dignatus
2547 3384 2656 3455 est,
2696 3383 2758 3436 ut
2784 3393 2917 3436 cum
2951 3373 3301 3436 caraborum
3333 3371 3640 3444 militibus,

2001 3463 2104 3540 qui
2127 3462 2182 3522 ei
2214 3463 2823 3543 parebant,civitatem
2850 3465 3068 3536 hanc,a
3099 3461 3494 3522 certaminum
3529 3460 3641 3520 Vi-

2002 3560 2165 3610 ctore
2218 3552 2602 3632 custoditam,
2659 3553 2730 3614 ad
2766 3551 3068 3632 praefatum
3103 3551 3365 3611 Maurum
3399 3567 3642 3629 eosque,

2000 3637 2258 3716 quicum
2286 3659 2356 3701 eo
2383 3638 3262 3712 convenerant,observandum
3287 3636 3641 3716 ingredere-

2002 3734 2120 3800 tur,
2157 3748 2274 3805 quo
2325 3729 2667 3809 hujusmodi
2702 3731 2798 3790 hic
2847 3732 3169 3791 exsistente
3218 3728 3508 3797 exercitu,
3542 3745 3646 3787 eos

2002 3817 2101 3892 qui
2135 3835 2167 3877 a
2198 3818 2356 3880 dicto
2391 3819 2586 3882 Cubro
2622 3819 2878 3894 stabant,
2909 3818 3164 3880 alacrius
3189 3817 3330 3878 illuc
3354 3815 3644 3894 aufugere

2003 3905 2262 3967 eveniret
2298 3929 2311 3968 :
2344 3911 2442 3990 qui
2473 3909 2940 3988 gloriosissimus
2988 3907 3107 3970 dux
3140 3905 3460 3980 Sisinnius,
3487 3905 3644 3986 quod

2004 3996 2342 4056 mandatum
2365 3998 2591 4077 erat,ad
2613 3999 2788 4059 tinem
2818 3997 3152 4078 perducere
3174 3995 3381 4056 volens
3403 3995 3474 4054 ab
3499 3993 3646 4056 Hel-

2001 4083 2152 4145 ladis
2188 4085 2450 4162 partibus
2505 4087 2677 4147 solvit
2737 4097 2913 4164 atque
2945 4085 3016 4147 ad
3049 4085 3304 4146 insulam
3340 4082 3645 4146 Sciathum

2000 4175 2119 4254 (94)
2156 4175 2252 4235 die
2281 4175 2615 4256 Dominica,
2667 4185 2933 4237 sanctum
2989 4175 3213 4237 Pascha
3241 4174 3634 4254 praecedente,

1998 4282 2126 4342 quae
2151 4268 2222 4325 ab
2245 4265 2519 4327 omnibus
2565 4266 2624 4326 in
2650 4265 3114 4327 orthodoxorum
3167 4261 3504 4325 civitatibus
3531 4279 3638 4323 ce-

1998 4351 2284 4427 lebratur,
2318 4354 2746 4435 Dominicaque
2773 4353 3109 4416 Palmarum
3151 4352 3505 4433 appellatur,
3538 4369 3640 4412 ac-

275 4440 347 4510 τῇ
405 4435 661 4515 λεχθείσῃ
703 4439 878 4517 νήσω,
937 4439 1175 4514 ἀοικήτῳ
1231 4439 1360 4508 οῧση
1404 4440 1464 4496 ἐκ
1493 4441 1758 4498 πλείστων
1809 4449 1913 4499 τῶν

2056 4443 2204 4518 Bssit;
2227 4463 2361 4504 cum
2387 4446 2564 4521 igitur
2584 4445 2642 4506 in
2686 4444 2903 4506 dictam
2930 4443 3206 4523 insulam,
3234 4460 3364 4522 qum
3386 4461 3420 4502 a
3445 4440 3644 4502 multis

277 4525 490 4604 χρόνων
526 4573 542 4606 ,
607 4530 693 4583 καὶ
749 4528 982 4602 εὓρηκὼς
1042 4527 1134 4584 ἕνα
1203 4535 1310 4584 τῶν
1380 4530 1680 4606 γενομένων
1737 4535 1913 4588 ἒκεῖσε

2056 4532 2172 4591 mis
2202 4532 2460 4594 habitata
2493 4535 2648 4594 haud
2684 4543 2828 4600 erat,
2866 4533 3211 4612 appulisset,
3236 4539 3412 4611 atque
3442 4547 3475 4589 θ
3506 4547 3641 4590 san-

274 4613 550 4690 παναγίων
611 4623 753 4671 ναῶν
811 4615 1027 4683 ἀλσώδη
1085 4619 1171 4674 καὶ
1218 4616 1399 4675 ἕνυλον
1463 4622 1794 4692 καθεστῶτα,
1842 4628 1913 4693 τῷ

2061 4620 2281 4680 issimis
2315 4623 2712 4702 templis,qu:e
2736 4622 2958 4685 ibidem
2990 4623 3244 4701 fuerant,
3268 4637 3448 4680 unum
3481 4620 3643 4699 sylva

275 4704 488 4776 εὖηκόῳ
548 4705 756 4782 στρατῷ
820 4705 1104 4785 ἐπέτρεψεν
1174 4707 1230 4763 ἓν
1299 4706 1457 4785 μέρος
1515 4711 1675 4766 αὐτοῦ
1731 4709 1913 4766 καθαί-

2056 4718 2302 4771 )tectum
2327 4730 2394 4771 ac
2421 4712 2766 4772 frondosum
2789 4710 3638 4789 invenisset,exercitui,quem

273 4812 409 4869 ρειν,
451 4792 674 4850 κάκεῖσε
712 4795 808 4860 τὴν
839 4797 981 4851 θείαν
1011 4795 1334 4874 λειτουργίαν
1367 4795 1627 4873 ἐκτελεῖν,
1662 4799 1689 4854 ὃ
1720 4797 1784 4866 δὴ
1829 4801 1913 4856 καὶ

2056 4797 2108 4858 bi
2135 4797 2564 4881 obsequentem
2609 4799 2890 4875 habebat,
2916 4813 2980 4860 ut
3011 4818 3188 4861 unam
3223 4798 3382 4859 illius
3414 4807 3640 4877 partem

269 4878 582 4958 γεγένηται,

274 5157 288 5170 ο
349 5085 462 5170 (92)
494 5086 699 5170 vocem
730 5090 879 5146 hanc
912 5091 1114 5147 iterum
1136 5161 1149 5170 ι
1177 5091 1235 5146 in
1260 5090 1706 5170 signiﬁcatione,
1739 5106 1911 5164 quam

274 5159 333 5213 in
370 5159 692 5232 Adnotatis,
740 5175 866 5231 cap.
932 5161 1272 5232 prascedenti
1302 5159 1444 5230 (not.
1479 5162 1570 5232 7t)
1619 5159 1910 5231 subn'exis,

272 5229 615 5294 memoravi,
648 5229 988 5305 abAauctore
1023 5243 1217 5290 nostro
1261 5229 1354 5288 hic
1385 5229 1674 5305 usurpari,
1713 5250 1743 5292 θ
1775 5229 1912 5293 εθιιὲ

275 5313 425 5373 sust
438 5309 692 5373 ontextu,
707 5303 904 5373 liquet.
941 5372 944 5373 γ
1191 5313 1208 5338 '

346 5369 462 5440 (93)
483 5370 612 5449 _Nec
664 5369 866 5430 ducem
927 5372 1266 5442 Sisinnium,
1325 5387 1433 5430 nec
1486 5374 1764 5449 Maurum,
1795 5379 1900 5446 cui,

270 5454 396 5511 quae
445 5442 518 5518 ab
567 5454 1042 5518 auctoreAnostro
1097 5460 1222 5516 cap.
1264 5447 1525 5518 praesenti
1579 5442 1907 5516 narrantur,

269 5511 641 5594 conveniant.
681 5515 831 5594 apud
887 5515 1036 5580 ullos
1093 5511 1398 5597 scriptores
1451 5515 1594 5578 alios
1651 5511 1913 5578 invenire

1997 4898 2373 4966 expurgaret,
2411 4889 2796 4970 divinumque
2827 4889 3048 4950 ibidem
3079 4889 3358 4962 officium,
3396 4887 3551 4967 quod
3585 4893 3643 4947 et

1996 4974 2213 5037 factum
2248 4987 2360 5053 est,
2397 4987 2728 5059 perageret,
2769 4977 3077 5059 prmcepit.

2067 5096 2180 5166 (9t)
2211 5097 2323 5155 Sita
2371 5099 2486 5154 haec
2547 5106 2633 5154 est
2684 5099 2738 5155 in
2782 5098 2926 5154 mari
2985 5097 3182 5165 Egeo.
3217 5110 3340 5166 seu,
3378 5105 3438 5152 ut
3470 5095 3640 5153 modo

1997 5165 2250 5240 vocatur,
2288 5169 2693 5240 Archipelago,
2745 5169 2815 5225 ad
2870 5183 3030 5225 oram
3069 5165 3396 5240 Thessaliae,
3429 5166 3640 5240 Videsis

1994 5239 2064 5310 ad
2105 5239 2442 5310 vocabulum
2471 5238 2725 5297 Sciathus
2756 5241 2810 5295 in
2837 5240 3043 5297 chico
3075 5238 3458 5310 geographica
3493 5239 3642 5294 Bau-

1993 5309 2299 5374 drandum.
2325 5312 2651 5384 ibidemque
2674 5312 2949 5375 invenies,
2985 5309 3230 5384 insulam
3260 5309 3443 5373 illam,
3465 5323 3639 5380 quam

1992 5388 2133 5447 tum,
2166 5397 2295 5438 cum
2359 5398 2443 5449 ea,
2495 5382 2624 5454 quae
2676 5397 2801 5454 cap.
2835 5382 3096 5452 praesenti
3136 5389 3458 5447 narrantur,
3507 5393 3639 5435 eve-

1992 5465 2156 5516 nere,
2189 5455 2398 5510 incolis
2427 5454 2755 5510 destitutam
2815 5455 3014 5521 fuisse,
3045 5462 3246 5508 auctor
3286 5461 3481 5507 noster
3513 5457 3640 5522 post

1991 5536 2168 5605 pauca
2197 5525 2492 5599 memorias
2528 5527 2619 5582 hic
2661 5525 2869 5605 plolit,
2903 5524 3072 5591 modo
3114 5525 3286 5591 etiam
3339 5537 3469 5581 arce
3512 5536 3638 5590 esse

1989 5604 2286 5661 tnunnam.
