3938 6134
397 241 544 314 1371

398 470 667 539 domadaa
724 475 1022 540 Passionis
1081 475 1407 537 Dominicaa
1466 476 1750 550 secunda,
1806 496 1938 538 cum
1973 489 2031 539 et

398 571 580 640 venti,
619 576 680 629 ut
734 586 938 629 versus
996 585 1108 628 nos
1140 565 1462 645 navigaret,
1497 575 1694 628 essent
1724 567 2028 648 contrarii,

398 659 921 734 praestantissimus
951 657 1038 717 vir
1070 656 1168 718 ille
1202 663 1384 717 totum
1417 674 1586 716 suum
1641 664 2026 718 convocatum

396 747 725 809 exercitum
759 748 1027 809 hortatus
1051 754 1159 820 est,
1208 764 1280 807 ne
1310 744 1443 826 quis
1474 745 1650 806 deses
1676 755 1858 818 esset,
1885 745 2030 806 reli-

400 851 573 912 quam
606 844 798 896 autem
834 853 1070 898 omnem
1111 834 1312 915 templi
1366 841 1592 913 partem
1652 842 2026 914 expurgaret,

401 931 478 997 et,
515 923 670 1004 quod
703 925 761 985 in
794 945 862 987 eo
925 926 1136 998 fuerat,
1174 923 1582 1003 baptisterium
1617 941 1874 995 sacrum,
1906 942 2030 983 om-

398 1029 648 1091 nesque,
683 1016 781 1095 qui
814 1023 1017 1076 sancta
1049 1013 1263 1078 Christi
1293 1011 1710 1073 recordatione
1741 1012 1902 1091 digni
1929 1032 2028 1073 es-

395 1111 530 1162 sent
555 1104 776 1177 (95),...
832 1112 1258 1185 praeparentur,
1295 1111 1358 1163 ut
1399 1101 1724 1163 secundum
1777 1121 2030 1162 consue-

398 1191 662 1254 tudinem
695 1196 904 1256 festum
949 1202 1348 1276 peragerent;
1399 1209 1654 1271 cumque
1687 1191 2031 1270 hujusmodi

397 1278 470 1340 ad
497 1281 630 1343 illos
651 1284 798 1345 facta
822 1286 1012 1347 oratio
1036 1281 1313 1344 omnibus
1358 1281 1736 1353 innotuisset,
1757 1281 2034 1342 alacriter

403 1372 608 1450 templi
641 1383 698 1434 et
727 1374 878 1436 sacri
915 1370 1243 1452 baptisterii
1297 1368 1706 1450 expurgationi
1755 1369 2028 1431 certatim

398 1475 640 1538 operam
675 1462 993 1543 dabant,ac
1018 1462 1172 1524 alius
1191 1480 1326 1522 cum
1347 1460 1463 1521 alio
1492 1458 1874 1520 tabernacula
1898 1467 2031 1539 apte

399 1550 938 1628 conﬁciebat,alius
967 1571 1100 1615 cum
1132 1550 1427 1630 aliis,qua>
1448 1549 1518 1609 ad
1553 1547 1770 1609 festum
1806 1557 2034 1628 specta-

1757 255 2400 324 SUPPLEMENTUM.

477 381 640 448 CCII.
673 381 953 466 Sequenti
987 383 1165 465 igitur
1194 384 1453 467 die,quae
1483 392 1688 447 sancta
1721 396 1846 448 erat
1876 387 2026 450 lle-
2051 396 2091 445 Α

3606 256 3754 324 13Ἱῖ

2192 391 2294 470 σβ’.
2347 399 2423 468 Τῇ
2479 392 2567 448 οὖν
2637 390 2884 472 ἐπιούσῃ,
2960 391 3076 459 ἥτις
3118 391 3183 460 ἧν
3234 391 3358 470 ἁγία
3401 389 3618 471 δευτέρα
3660 395 3762 461 τῆς

2114 478 2403 556 ἑϐδομάδος
2463 488 2554 538 τοῦ
2613 489 2872 560 Κυριακοὺ
2935 481 3146 554 πάθους,
3221 483 3308 536 καὶ
3385 484 3491 537 τῶν
3549 482 3758 557 ἀνέμων

2113 569 2360 626 ἐναντίων
2416 571 2769 648 ὕπαρχόντων
2831 571 2960 646 πρὸς
3019 572 3108 627 τὸν
3191 570 3303 628 καθ’
3364 573 3511 644 ἡμᾶς
3571 570 3755 650 πλοῦ-ι,

2113 659 2469 727 ἐκκλησιάσας
2518 661 2604 717 τὸν
2661 661 2821 717 αὒτοῦ
2864 662 3073 717 ἅπαντα
3126 662 3346 738 στρατὸν
3398 659 3756 741 προδιελέχθη

2113 753 2141 806 6
2186 754 2503 826 πανάριστος
2534 751 2685 815 οὗτος
2748 749 2901 828 ἀνὴρ,
2946 750 3172 826 ῥᾴθυμον
3216 748 3421 824 μηδένα
3466 751 3644 822 εἶναι,
3702 754 3756 807 τὸ

2111 838 2166 895 δὲ
2208 838 2394 895 λοιπὸν
2439 847 2531 897 τοῦ
2574 847 2700 897 ναοῦ
2755 840 3018 917 καθαίρειν
3066 838 3228 915 ἅπαν,
3273 841 3362 896 καὶ
3395 841 3452 894 τὸ
3507 840 3563 896 ἐν
3621 841 3759 912 αὐτῷ

2111 927 2396 1005 γενόμενον
2442 929 2593 1006 ἅγιον
2645 929 2920 1004 βάπτισμα
2978 930 3062 983 καὶ
3113 928 3314 990 πάντας
3373 928 3758 1003 ἐτοιμασθῆναι

2112 1015 2282 1083 ἀξίους
2337 1024 2436 1085 τῆς
2480 1020 2631 1095 ἁγίας
2694 1016 2920 1095 Χριστοῦ
2967 1017 3342 1091 ἀναμνήσεως,
3392 1019 3466 1080 ὡς
3514 1019 3579 1075 τὰ
3628 1021 3761 1073 κατά

2112 1109 2312 1176 συνήθη
2368 1113 2467 1173 τῆς
2526 1109 2714 1185 ἑορτῆς
2770 1105 3135 1180 ἐκπληρῶσαι,
3197 1107 3283 1162 καὶ
3338 1111 3439 1173 τῆς
3502 1108 3760 1172 τοιαύτης

2113 1197 2295 1259 αὖτοῐς
2348 1195 2620 1256 διαλαλιᾶς
2675 1203 2836 1253 πᾶσιν
2879 1193 3178 1265 καταδήλου
3236 1196 3557 1271 γενομένης,
3622 1217 3757 1260 πεο-

2111 1285 2289 1359 θύμως
2341 1291 2438 1352 τῆς
2482 1285 2784 1363 καθάρσεως
2843 1291 2936 1340 τοῦ
2992 1295 3120 1343 ναοῦ
3176 1287 3263 1341 καὶ
3307 1295 3400 1342 τοῦ
3457 1285 3607 1362 ἀγίοδ
3655 1286 3756 1358 βσ-

2112 1374 2403 1448 πτίσματος
2462 1374 2802 1450 ἠγωνίζοντο,
2857 1375 2942 1430 καὶ
2993 1372 3155 1437 ἄλλος
3203 1373 3324 1447 μετ’
3354 1373 3517 1429 ἄλλου
3551 1395 3758 1442 σκηνο-

2113 1465 2280 1518 ποιῶν
2338 1462 2584 1541 εὐθέτως,
2637 1461 2802 1526 ἄλλος
2847 1463 3159 1540 εὖτρεπίζων
3217 1462 3352 1537 μετά
3394 1469 3500 1518 τῶν
3565 1463 3758 1540 ἑτέρων

2114 1553 2178 1607 τά
2230 1556 2330 1616 τῆς
2390 1554 2602 1631 ἑορτῆς,
2657 1551 2834 1627 ἔτερος
2888 1549 2942 1606 δὲ
2988 1549 3150 1609 πάλιν
3194 1556 3324 1620 πρὸς
3355 1551 3519 1628 ἄγραν
3549 1552 3763 1631 ἴχθῦων

394 1648 553 1715 rent,
587 1641 943 1722 instruebat,
978 1642 1131 1704 alius
1189 1649 1386 1702 autem
1436 1655 1645 1700 rursus
1675 1638 1745 1698 ad
1781 1637 2027 1718 piscium

2211 1641 2288 1696 καὶ
2321 1647 2531 1708 κτηνῶν
2577 1639 2988 1720 προσεκαλεῖτο,
3022 1642 3109 1696 καὶ
3139 1639 3322 1703 ἁπλῶς
3379 1640 3578 1703 πάντες
3621 1641 3766 1697 κατά

397 1745 759 1808 pecorumve
788 1746 1093 1813 capturam
1127 1729 1612 1808 invitabat,atque
1648 1736 1711 1788 ut
1740 1727 1922 1789 verbo
1948 1728 2027 1788 di-

2203 1731 2410 1801 ἑκάστῳ
2465 1729 2675 1809 δοκοῦν,
2721 1731 2793 1794 εἷς
2853 1732 2919 1786 τὰ
2971 1728 3092 1796 έξῆς
3125 1731 3190 1786 τά
3219 1734 3317 1797 τῆς
3350 1728 3544 1807 ἑορτῆς
3578 1730 3766 1805 εὔτρε-

397 1836 550 1891 cam,
585 1822 871 1902 universi,
908 1829 1082 1902 prout
1131 1819 1377 1897 singulis
1429 1815 1759 1897 videbatur,
1795 1836 1926 1894 quae
1956 1816 2027 1878 ad

2174 1826 2281 1890 ζειν
2339 1818 2584 1898 ἤλπιζον,
2650 1819 2704 1874 ἐν
2747 1819 2930 1896 ἀγνοίᾳ
2984 1821 3195 1875 πάντων
3259 1817 3425 1876 ὄντων
3484 1818 3581 1873 τοῦ
3626 1820 3770 1874 κατά

395 1906 608 1971 festum
635 1911 858 1973 deinde
879 1909 1303 1972 celebrandum
1328 1915 2027 1987 spectarent,praeparare

2174 1931 2212 1975 ιν
2255 1909 2478 1986 γνώμην
2533 1916 2626 1965 τοῦ
2670 1908 2989 1986 λελεγμένου
3044 1905 3238 1984 Κούϐερ
3290 1909 3376 1964 καὶ
3425 1913 3519 1962 τοῦ
3553 1909 3770 1975 Μαύροσᾶ

394 2015 528 2059 sese
557 1999 1154 2078 existimabant,dum
1182 2014 1394 2059 omnes
1416 2015 1546 2074 quae
1573 1994 1888 2076 praedictus
1923 1997 2027 2058 Cu-

2174 1997 2200 2053 :i
2229 2003 2334 2052 τῶι
2365 1997 2481 2054 κατ’
2515 1997 2703 2060 αὐτοὺς
2749 2002 3148 2072 συμπνευστῶν,
3197 1998 3282 2052 καὶ
3337 1994 3401 2061 δὴ
3463 1997 3605 2070 μετά
3667 1997 3768 2062 τὴν

391 2085 574 2149 berus
595 2100 653 2150 et
684 2091 950 2168 Maurus,
986 2089 1170 2168 iique,
1206 2087 1305 2167 qui
1351 2104 1486 2146 cum
1520 2083 1685 2144 hisce
1717 2087 2026 2164 conSpira-

2174 2088 2250 2142 ίαν
2305 2085 2632 2164 λειτουργίαν
2676 2091 2775 2153 τῆς
2831 2091 2996 2152 αὐτῆς
3053 2086 3204 2164 ἀγίας
3262 2084 3534 2164 δευτέρας,
3569 2087 3768 2141 καὶτὸ

393 2174 558 2249 bant,
594 2179 653 2240 in
685 2180 883 2241 animo
936 2177 1256 2244 habebant,
1310 2175 1679 2254 ignorarent.
1713 2172 2025 2254 Postquam

2174 2176 2388 2243 ιπνῆσαι
2446 2177 2670 2249 πάντας,
2732 2178 2824 2232 καὶ
2879 2176 2977 2233 τὴν
3051 2177 3182 2252 πρὸς
3238 2176 3446 2241 συνήθει
3507 2180 3590 2247 τῷ
3648 2183 3767 2246 Θεῷ

390 2283 530 2327 vero
552 2267 817 2329 divinum
843 2277 1060 2330 sancta:
1083 2266 1209 2326 diei
1226 2263 1504 2327 secundae
1524 2263 1785 2324 ofﬁcium
1822 2267 2027 2324 luisset

2177 2265 2423 2341 απέμψαι
2468 2266 2830 2344 εὗγαριστίαν,
2879 2267 2906 2320 6
2959 2265 3306 2342 πανεύφημος
3360 2263 3570 2328 ἐκεῖνος
3630 2264 3766 2343 ἀνὴρ

393 2365 724 2435 peractum,
759 2377 825 2419 ac
845 2375 1051 2418 omnes
1074 2354 1291 2418 ccenati
1319 2360 1523 2414 essent
1545 2352 1880 2432 gratiasque
1903 2351 2026 2414 Deo

390 2444 467 2506 de
500 2465 666 2508 more
694 2447 991 2526 egissent,
1048 2443 1474 2506 celeberrimus
1517 2441 1605 2501 vir
1636 2439 1758 2521 ille,
1795 2459 1925 2520 quae
1953 2441 2026 2503 ad

389 2541 672 2596 stationes
699 2535 1060 2598 etexcubias
1086 2534 1434 2612 reliquaque
1469 2531 1692 2601 omnia,
1723 2530 1792 2590 ad
1827 2543 2025 2592 custo-

390 2620 543 2683 diam
577 2624 972 2686 conducentia
995 2629 1285 2703 spectant,
1313 2620 1632 2698 diligenter
1652 2636 1890 2694 curans,
1922 2637 2025 2680 re-

389 2711 614 2792 liquum
649 2732 888 2774 omnem
919 2713 1244 2775 exercitum
1271 2711 1448 2790 jussit
1477 2710 1813 2789 quiescere.

468 2801 762 2864 903.Cum
785 2820 924 2864 vero
949 2803 1000 2863 is
1022 2801 1218 2861 statim
1247 2796 2027 2877 obdormisceret,pulchris

387 2889 654 2952 victoriis
675 2891 987 2954 decoratus
1016 2891 1120 2955 Dei
1158 2898 1375 2969 martyr
1400 2887 1761 2959 Demetrius,
1799 2887 1895 2966 qui
1921 2905 2026 2966 pro

389 2980 564 3041 nobis
593 2982 777 3042 servis
810 2981 1072 3062 indignis
1094 3000 1159 3042 ac
1196 2980 1387 3060 patria
1442 2976 1566 3056 (96)
1629 2975 2028 3056 undequaque

2109 2356 2174 2410 τά
2230 2356 2336 2411 τῶν
2393 2356 2593 2432 βιγλῶν
2650 2356 2736 2410 καὶ
2796 2352 3066 2410 σκούλκων
3137 2355 3223 2409 καὶ
3281 2353 3485 2409 λοιπῶν
3543 2353 3765 2410 πάντων

2108 2446 2215 2500 τῶν
2247 2445 2376 2522 πρὸς
2429 2442 2818 2522 παραφυλακὴν
2861 2440 3176 2508 ἐπιτηδείων
3219 2441 3500 2522 φροντίσας
3532 2441 3765 2520 ἠρεμεῖν

2107 2533 2196 2590 τὸν
2230 2531 2417 2590 λοιπὸν
2446 2529 2654 2588 ἅπαντα
2697 2533 2918 2610 στρατὸν
2962 2530 3338 2609 προσέταττεν,

2189 2799 2298 2878 σγ’.
2337 2803 2432 2859 Καὶ
2483 2800 2547 2867 δὴ
2603 2801 2786 2856 αὔτικα
2843 2799 3254 2876 ἁφυπνώσαντος
3321 2799 3502 2878 αυτοῦ,
3568 2801 3764 2878 quive-

2107 2912 2195 2946 ται
2243 2892 2303 2947 οῦ
2331 2887 2452 2948 κατ’
2482 2889 2629 2962 δ’ναρ,
2665 2887 2800 2945 ἀλλὰ
2833 2887 2947 2943 καθ’
3003 2886 3140 2962 ὖπάρ
3193 2890 3219 2944 6
3265 2889 3492 2944 πάντοτε
3533 2893 3768 2968 μοχθῶν

2109 2981 2196 3035 καὶ
2249 2983 2519 3057 μεριμνῶν
2593 2979 2721 3053 ὅπὲρ
2812 2975 3033 3041 ἀναξίων
3094 2975 3294 3033 δούλων
3362 2978 3450 3033 καὶ
3507 2977 3763 3055 πατρίδος

389 3069 697 3132 laboratac
719 3071 1012 3134 sollicitus
1033 3079 1143 3144 est,
1174 3069 1468 3144 salutique
1495 3075 1710 3127 nostrae
1733 3065 2025 3144 imprimis

2179 3069 2196 3124 ὶ
2235 3070 2296 3124 τὰ
2341 3069 2437 3135 τῆς
2472 3068 2734 3144 σωτηρίας
2778 3069 2933 3136 ἡμῶν
2989 3065 3168 3129 καλῶς
3219 3068 3761 3145 πραγματευόμενος,

389 3160 612 3238 studet,
649 3181 763 3221 non
796 3161 856 3222 in
888 3158 1234 3233 somno,sed
1266 3159 1322 3218 in
1355 3157 1596 3218 veritate
1627 3155 2020 3234 apparet,ita-

2193 3155 2496 3215 καλλίνικος
2517 3157 2739 3249 ειμοὶρτος
2771 3154 2862 3210 τοῦ
2894 3162 3026 3212 Θεοῦ
3061 3156 3390 3230 Δημήτριος,
3445 3158 3534 3211 καὶ
3595 3157 3762 3221 οὕτως

391 3267 504 3328 que
528 3251 609 3310 illi
633 3252 733 3312 ait:
759 3247 1361 3328 EXpergiscere,quid
1383 3243 1640 3305 dormis?
1658 3244 1799 3305 Vela
1819 3244 2022 3322 facias,

387 3340 692 3402 secundus
716 3347 806 3400 est
839 3347 1062 3398 ventus.
1100 3337 1233 3416 Ipse
1293 3345 1492 3394 autem
1548 3333 1730 3407 illico,
1766 3334 1932 3414 quasi
1967 3333 2022 3392 id

389 3428 544 3508 quod
579 3436 953 3508 apparuerat,
987 3445 1054 3487 re
1091 3426 1263 3486 etiam
1298 3441 1434 3482 vera
1472 3421 1770 3482 obtineret
1800 3421 2021 3500 lerum,

389 3535 523 3578 eum
553 3523 650 3593 qui
670 3517 883 3579 carabo
905 3514 1371 3595 prieerat,qualis
1403 3521 1608 3595 ventus
1641 3518 1816 3583 esset,
1843 3529 2022 3595 roga-

383 3596 503 3659 bat.
541 3591 643 3659 Ilic
675 3605 871 3660 autem
905 3591 1168 3657 vdicebat'
1193 3591 1213 3656 ί
1269 3592 1616 3655 Contrarius
1677 3598 1787 3662 est,
1823 3591 1926 3650 sed
1963 3601 2024 3650 et

383 3697 557 3747 vento
611 3689 892 3749 hesterno
941 3687 1122 3746 multo
1177 3681 1608 3744 vehementior.
1647 3679 1789 3741 Cum
1824 3687 2020 3740 autem

384 3794 661 3838 reversus
720 3776 1162 3839 obdormiturus
1219 3781 1397 3844 esset,
1455 3789 1584 3831 mox
1631 3769 1804 3829 etiam
1835 3768 2019 3838 idem,

385 3866 687 3944 praefatum
713 3866 924 3928 ducem
949 3864 1233 3936 excitans,
1271 3877 1477 3923 rursus
1508 3866 1682 3930 ustat,
1719 3858 2022 3937 latereque

385 3972 692 4033 percusso,
724 3953 868 4016 dicit
904 3972 917 4014 :
950 3951 1397 4032 Expergiscere,
1431 3946 1553 4008 dixi
1609 3945 1741 4018 tibi,
1776 3946 1899 4006 vela
1934 3946 2019 4005 fa-

385 4041 532 4121 cias,
565 4044 866 4104 secundus
889 4051 977 4104 est
1000 4050 1227 4102 ventus.
1266 4039 1528 4117 Surgens
1563 4035 1873 4112 igitur,eos
1910 4036 2018 4095 ite-

387 4149 517 4192 rum
543 4133 639 4213 qui
672 4134 831 4211 iuxta
863 4150 994 4192 eum
1023 4129 1424 4200 dormiebant,
1454 4144 1675 4205 eosque
1704 4132 1800 4205 qui
1837 4143 2020 4184 excu-

2109 3247 2248 3318 αὑτῷ
2308 3244 2408 3324 ἔφη
2444 3262 2456 3275 ⁸
2518 3243 2746 3321 Ἔγειρε,
2808 3245 2856 3299 τί
2927 3243 3243 3324 ααθεύδειςς
3301 3244 3667 3323 Ἀρμένισον,
3734 3248 3761 3301 ὁ

2114 3332 2138 3352 ν
2353 3339 2362 3356 ι
2529 3334 2542 3351 \
2613 3335 2621 3354 ν
2928 3323 2942 3344 ο
3034 3332 3076 3352 tu
3177 3333 3190 3352 τ
3242 3336 3253 3354 ι
3411 3335 3422 3350 ι
3601 3336 3616 3350 ι
3699 3337 3711 3346 ο

2107 3356 2301 3407 ανεμος
2355 3335 2652 3402 επιτήοειος
2697 3335 2863 3393 ἐστιν,
2947 3343 2985 3390 0
3029 3353 3082 3388 οε
3137 3356 3324 3390 αυτικα
3374 3356 3436 3388 το
3470 3338 3656 3390 θεαθεν
3685 3357 3763 3397 ως

2109 3423 2320 3500 ἐνεργὸν
2363 3425 2606 3502 ὑπάρχον
2639 3424 2728 3477 τὸν
2758 3429 3069 3500 προεστῶτα
3119 3433 3212 3481 τοῦ
3258 3420 3489 3500 καράϐου
3546 3424 3763 3500 ἠρώτα,

2106 3515 2261 3577 ποῖός
2321 3513 2462 3569 ἐστιν
2523 3515 2549 3568 6
2595 3511 2812 3585 ἄνεμος.
2860 3509 2918 3568 Ὀ
2983 3509 3036 3566 δὲ
3084 3510 3210 3590 ἔψη.
3258 3510 3530 3574 Ἐναντίος
3559 3513 3705 3568 ἐστίν
3746 3529 3759 3542 ·

2107 3598 2242 3656 ἀλλὰ
2297 3606 2382 3656 καὶ
2428 3608 2520 3657 τοῦ
2564 3601 2690 3679 χθὲς
2723 3600 2806 3655 ἐπὶ
2843 3598 3032 3656 πλεῖον
3064 3598 3431 3679 σφοδρότερος.
3485 3598 3656 3657 Πάλιν
3701 3598 3763 3654 δὲ

2107 3689 2178 3752 ὠς
2211 3689 2441 3764 ἤμελλεν
2468 3690 2732 3768 ἀφυπνοῦν
2782 3693 2873 3745 καί
2928 3689 2982 3743 ἐν
3043 3691 3270 3767 βραχεῖ,
3317 3691 3342 3743 ὁ
3403 3689 3562 3749 αὖτὸς
3611 3689 3766 3751 αὖθις

2106 3777 2401 3857 ἐφίσταται,
2460 3776 2726 3856 διεγείρων
2787 3779 2878 3834 τὸν
2941 3777 3203 3857 λεχθέντα
3278 3779 3606 3855 στρατηγὸν,
3676 3779 3767 3834 καὶ

2105 3867 2203 3935 τὴν
2263 3867 2494 3945 πλευρὰν
2547 3866 2695 3932 νύξας
2752 3865 2853 3944 ἔφη
2892 3886 2904 3899 ⁶
2958 3851 3191 3942 ρἜγειρε,
3240 3866 3396 3922 εἶπόν
3429 3888 3546 3944 σοι,
3584 3867 3764 3944 ἀρμέ-

2105 3979 2271 4035 νισον,
2327 3959 2353 4012 6
2417 3955 2610 4029 ἄνεμος
2681 3954 2986 4025 ἐπιτήδειός
3047 3954 3212 4017 ἐστιν,
3306 3957 3610 4017 Διαναστάς
3667 3955 3756 4011 οὖν

2102 4045 2264 4102 πάλιν
2307 4045 2556 4124 ἐπηρώτα
2585 4046 2705 4108 τοὺς
2757 4043 3277 4120 παρακοιμωμένους
3328 4045 3414 4099 καὶ
3476 4045 3598 4108 τοὺς
3659 4047 3763 4110 τῆς

2103 4137 2308 4214 βίγλας,
2344 4137 2418 4199 τίς
2452 4136 2516 4202 ἦν
2562 4137 2588 4190 ὃ
2619 4133 2796 4206 λέξας,
2835 4136 2922 4190 καὶ
2976 4132 3250 4199 ἐξυπνίσας
3283 4130 3367 4187 διά
3410 4133 3502 4189 τὸν
3536 4136 3706 4192 πλοῦν
3746 4151 3759 4165 ·

389 4219 521 4282 bias
553 4219 1246 4300 agebant.rogalsat,quis
1277 4216 1550 4294 essetqui
1577 4232 1708 4275 eum
1733 4213 2023 4274 allocutus

2174 4246 2316 4281 :v'cwv
2369 4222 2422 4278 δὲ
2466 4223 2823 4302 ἀρνουμένων,
2873 4220 3075 4296 μηδένα
3136 4220 3448 4297 ἑωρακέναι,
3508 4222 3546 4289 ἢ
3618 4223 3762 4298 παρᾶ

389 4318 550 4370 esset
578 4320 755 4390 atque
786 4311 858 4372 ad
891 4307 1283 4384 navigandum
1309 4305 1645 4368 excitasset;
1668 4321 1800 4361 cum
1827 4309 2020 4390 autem

2174 4335 2245 4375 ρος
2303 4311 2589 4378 ἀκηκοέναι
2622 4312 2738 4389 περὶ
2769 4311 2977 4387 τούτου,
3027 4310 3196 4366 πάλιν
3238 4309 3445 4388 ἠρώτα,
3482 4311 3529 4366 εἰ
3569 4313 3596 4365 6
3631 4309 3756 4366 ἄνε-

389 4418 622 4472 omnes,
660 4389 794 4460 sese
825 4417 1182 4479 quemquam
1233 4394 1454 4456 vidisse
1502 4404 1600 4451 aut
1636 4409 1702 4451 ex
1735 4391 1932 4470 aliquo
1965 4389 2020 4451 id

2174 4426 2205 4469 ,ς
2265 4403 2561 4472 ἐπιτήδειός
2621 4403 2762 4460 ἐστιν
2808 4405 2943 4459 κατὰ
2985 4405 3046 4458 τὸ
3085 4401 3277 4481 λεχθὲν
3330 4401 3473 4474 αὐτῷ
3511 4420 3525 4435 ’
3585 4405 3756 4458 εἰπεῖν

391 4489 711 4560 audivisse,
752 4466 1055 4565 negarent.
1096 4485 1308 4544 iterum
1359 4486 1604 4559 rogavit,
1657 4499 1730 4539 an
1779 4466 2015 4553 ventus,

2201 4497 2320 4558 τοὺς
2379 4493 2576 4557 πάντας
2632 4492 2865 4548 ἓναντίον
2921 4492 3209 4570 τυγχάνειν
3249 4505 3262 4520 ⁶
3311 4491 3366 4546 ὲν
3424 4491 3628 4569 ἀπορίᾳ
3672 4494 3754 4548 οὖν

387 4577 716 4640 secundum
775 4576 930 4655 quod
965 4576 1020 4635 ei
1052 4573 1271 4633 dictum
1306 4579 1454 4650 erat,
1487 4568 1785 4631 secundus
1819 4577 2017 4650 esset;

2174 4590 2195 4637 3
2253 4581 2538 4660 λεχθέντος
2595 4602 2653 4638 τε
2710 4584 2798 4638 καὶ
2875 4568 3150 4658 ὁραθέ-ντος
3231 4568 3599 4657 γεγενημένου
3673 4583 3753 4636 καὶ

389 4685 597 4729 omnes
626 4672 845 4737 autem,
881 4663 1240 4725 contrarium
1271 4657 1935 4735 esse,asseruerunt.l)e
1957 4675 2024 4720 re

391 4756 570 4836 igitur
602 4755 758 4816 dicta
778 4754 1018 4834 visaque
1037 4752 1181 4834 quid
1212 4760 1532 4828 esset,cum
1571 4749 1794 4810 dubius
1827 4748 2021 4809 haere—

387 4846 847 4925 ret,iterumque
871 4863 991 4926 prae
1017 4842 1274 4904 maxima
1300 4841 1720 4902 exercitatione
1744 4837 1814 4897 ad
1847 4836 2025 4926 breve

391 4943 625 5016 tempus
655 4925 1022 4994 dormitorus
1053 4931 1230 5010 foret,
1282 4929 1559 4991 eumdem
1613 4927 1828 4988 ducem
1863 4925 2024 4986 idem

393 5033 612 5106 martyr
647 5023 826 5087 tertio
861 5022 1096 5098 excitat,
1129 5019 1287 5082 haud
1343 5036 1519 5099 parvo
1547 5017 1740 5079 studio
1771 5033 1838 5076 ac
1871 5033 2022 5076 con-

389 5115 654 5176 tentione
685 5119 736 5175 ei
768 5113 972 5176 dicens
1002 5133 1014 5170 :

458 5283 578 5352 (95)
616 5283 678 5340 In
711 5281 907 5338 codice
932 5281 1067 5337 olim
1103 5279 1431 5352 Mazarinaao
1473 5291 1636 5352 voces
1665 5275 1882 5352 aliquot
1908 5278 2020 5352 hoc

390 5353 517 5411 loco
549 5347 690 5412 adeo
729 5369 913 5410 exesse
958 5361 1114 5412 sunt,
1147 5359 1203 5405 ut
1234 5347 1392 5405 nulla
1443 5349 1612 5418 plane
1659 5350 1877 5404 ratione
1908 5348 2019 5417 legi

393 5425 710 5494 potuerint;
750 5423 986 5495 reliquis
1016 5432 1230 5480 autem.
1261 5435 1431 5495 quem
1463 5420 1758 5495 contextui
1789 5420 2022 5495 confor-

391 5489 633 5623 ἔριδι-ειη
674 5489 1015 5560 existimavi,
1049 5489 1369 5554 sensum’ln
1404 5491 1666 5552 versione
1701 5490 1903 5554 Latina
1933 5501 2026 5549 at-

447 5579 463 5622 ι
508 5579 587 5623 ui.

392 5567 587 5628 tribui.

2106 4671 2393 4746 μέλλοντος
2423 4670 2578 4726 πάλιν
2630 4671 2689 4726 ἐκ
2743 4669 3001 4735 πλείστης
3051 4668 3370 4748 ἀδολεσχίας
3403 4671 3542 4736 πρὸς
3576 4668 3748 4745 ὀλίγον

2104 4761 2392 4839 ἀφυπνοῦν,
2458 4761 2546 4816 τὸν
2605 4761 2762 4816 αῦτὸν
2804 4760 3103 4836 στρατηγὸν
3148 4759 3303 4817 αὐτὸς
3360 4758 3389 4812 ὁ
3451 4759 3655 4834 μάρτυς
3695 4758 3751 4813 ἑκ

2107 4852 2284 4927 τρίτης
2339 4850 2644 4924 περίσναται
2676 4896 2692 4922 ,
2751 4853 2809 4906 οῦ
2865 4854 3028 4926 μικρᾷ
3116 4843 3317 4921 τπδ’)δῇ
3383 4847 3473 4903 "at
3533 4851 3750 4926 ’⁸³9³χῇ

2108 4939 2251 5014 αὒτῷ
2281 4939 2443 4995 εἰπὼν
2477 4953 2492 4970 ⁶

2171 5203 2292 5274 (96)
2321 5203 2383 5260 ln
2415 5201 2609 5260 codice
2638 5201 2774 5258 olim
2809 5199 3137 5274 Materinam
3175 5213 3342 5256 voces
3396 5201 3612 5274 iterum
3647 5200 3749 5258 ali-

2145 5271 2242 5334 uot.
2271 5291 2448 5332 exesae
2477 5274 2570 5330 hic
2601 5282 2756 5333 sunt.
2791 5271 2963 5343 idque
2994 5273 3093 5340 ita,
3125 5279 3188 5343 ut
3215 5285 3334 5328 non
3367 5272 3750 5343 magis.quam

2145 5292 2242 5334 ιιοι
2271 5292 2448 5332 ΒΧΘΞΞ
2480 5292 2570 5330 DIC
2601 5292 2756 5333 sunt.
2791 5292 2963 5342 tuque
2995 5292 3093 5340 “El,
3125 5292 3184 5328 ιιι
3215 5292 3334 5328 non
3367 5292 3750 5343 magis,quam

2103 5292 2176 5405 ge
2204 5348 2414 5418 quibus
2443 5346 2512 5402 ad
2546 5356 2662 5418 not.
2701 5341 3045 5418 pracedeut.
3082 5341 3192 5413 legi
3217 5353 3531 5413 queant,eo
3565 5352 3750 5418 tamen

2107 5412 2462 5486 discrimine,
2489 5413 2665 5487 quod,
2697 5412 2826 5487 quae
2849 5413 2957 5472 hoc
2986 5412 3115 5472 loco
3145 5412 3331 5474 exesa
3363 5415 3747 5484 sunt,sensui,

2108 5500 2170 5555 ut
2203 5485 2463 5568 apparet,
2499 5485 2651 5546 haud
2681 5485 2955 5550 omciaut.
