3946 6146
207 306 364 380 1373

1282 299 1348 368 S.
1394 305 1768 372 DEMETRII
1823 302 2223 368 MARTYRIS
2264 290 2492 365 ACTA.

3421 290 3569 366 1374

287 445 390 507 σθ’,
425 446 496 504 Σὺ
527 446 604 523 μὴ
654 444 955 524 ἄμελήσῃς,
1009 444 1238 525 ἔγειραν,
1294 441 1601 519 ὰρμένισον,
1656 445 1682 499 ὃ
1713 439 1830 497 ἄνε-

2002 438 2141 502 204.
2177 436 2265 500 Tu
2299 452 2378 498 ne
2407 433 2630 521 absque
2655 455 2794 501 cura
2826 442 2927 513 sis,
2963 434 3397 520 expergiscere,
3432 436 3563 500 vela

198 559 305 612 μος
339 538 632 607 ἐπιτήδειος
680 537 843 600 ἐστιν,
896 534 1029 595 Ἰδοὺ
1090 534 1151 591 σὺ
1209 531 1500 612 καθεύδεις,
1556 534 1641 590 καὶ
1689 528 1841 587 ἄλλοι

195 626 589 704 ἆρμενίζουσιν.
667 626 798 685 Τότε
859 626 1046 683 λοιπὸν
1105 622 1394 702 διεγερθεὶς
1453 623 1538 680 καὶ
1592 621 1757 685 σῦνεὶς
1816 621 1843 676 ὓ

194 719 503 791 θαυμαστὸς
559 717 658 773 καί
698 715 999 781 ἀξιοθέατος
1057 717 1291 791 ὶκεϊνος,
1343 715 1433 770 καὶ
1492 712 1657 775 ὄντως
1712 710 1843 787 γνά-

194 828 316 871 σιος
347 805 496 886 ἐίλος
544 813 636 864 τοῦ
681 812 811 862 Θεοῦ
857 805 947 861 καὶ
997 812 1089 861 τοῦ
1137 804 1396 882 μάρτυρος
1439 805 1512 867 ὡς
1541 803 1655 876 θείᾳ
1697 799 1839 857 ἀπο-

191 896 428 972 καλύψει
465 897 551 953 καὶ
605 898 666 953 οὗ
712 896 846 952 κατὰ
889 894 1179 974 φαντασίαν
1234 894 1335 961 τὴν
1390 892 1641 959 τοιαύτην
1701 910 1839 967 προ-

190 986 400 1063 τροπὴν
456 991 550 1043 τοῦ
618 983 808 1064 πλοὸς,
872 983 1058 1043 αὒτίκα
1114 980 1420 1052 διαναστὰς,
1478 982 1570 1039 καὶ
1613 980 1709 1038 οὒκ
1760 979 1838 1036 ἔτι

188 1076 317 1132 τινὰ
375 1076 493 1153 περὶ
549 1076 731 1132 τούτου
789 1071 1113 1153 διερωτήσας
1171 1071 1368 1152 ἤρξατο
1399 1072 1519 1138 τοὺς
1576 1069 1838 1150 καράϐους

190 1162 526 1245 διατρέχειν,
558 1166 647 1221 καὶ
696 1163 1014 1242 προσέταξεν
1042 1160 1288 1241 ἑξορμεϊν
1348 1161 1415 1218 τὰ
1474 1163 1607 1240 πρὸς
1664 1162 1834 1236 ἡμᾶς.

193 1259 372 1313 Τινῶν
424 1251 479 1309 δὲ
524 1252 856 1334 φασκόντων,
915 1255 1019 1310 τῶν
1075 1250 1282 1326 ἀνέμων
1340 1250 1587 1307 ἐναντίων
1645 1249 1834 1322 ὄντων,

192 1341 296 1399 καί
352 1342 525 1400 αὐτῶν
580 1342 647 1399 τὰ
701 1342 797 1409 τῆς
855 1342 1047 1422 ἑορτῆς
1094 1340 1271 1411 ἐκεῖσε
1322 1338 1639 1419 εὐτρεπίζειν
1668 1358 1837 1394 σπου-

193 1430 489 1505 δαζόντων,
534 1431 636 1489 ποῦ
660 1431 937 1510 βούλεσθαι
968 1429 1070 1509 ἔφη
1099 1430 1153 1486 ἰν
1209 1426 1375 1506 ἑτέρῳ
1429 1428 1581 1502 τόπῳ
1631 1427 1837 1505 ἐρημο-

193 1522 339 1600 τὲρῳ
367 1521 652 1603 ἀποφέρειν
707 1521 918 1584 αύτούς.
958 1521 1093 1579 Εἶνα
1136 1517 1192 1575 δὲ
1249 1518 1447 1576 ἐκείνου
1503 1516 1565 1575 ἐκ
1622 1520 1722 1583 τῆς
1782 1515 1841 1573 ix

194 1612 379 1689 τρίτου
439 1612 750 1676 ἐπιστασίας
804 1610 897 1667 τοό
946 1612 1209 1687 μάρτυρος
1251 1605 1619 1686 ἠκριϐωμένου
1666 1605 1837 1685 ὑπάρ-

195 1722 423 1781 χοντος,
480 1701 542 1757 ἐκ
594 1701 692 1769 τῆς
749 1699 1009 1775 ἐπιμύνου
1078 1697 1236 1757 αὒτοῦ
1303 1695 1588 1777 ὀχλήσεως
1641 1716 1698 1751 τε
1752 1696 1840 1751 καὶ

1924 527 2127 602 facias,
2162 525 2465 589 secundus
2500 537 2589 591 est
2643 536 2873 591 ventus.
2907 528 3084 605 Ecce,
3121 539 3183 591 tu
3216 527 3463 607 dormis,
3492 543 3564 589 ac

1923 616 2023 678 alii
2057 616 2354 695 navigant.
2385 617 2576 699 Tunc,
2606 637 2736 680 cum
2776 618 3016 681 tandem
3045 617 3336 681 mirabilis
3360 615 3462 678 ille
3492 635 3560 677 ac

1923 707 2150 769 visione
2180 707 2504 769 honoratus
2525 709 2752 788 Deique
2774 716 2831 769 et
2854 709 3124 789 martyris
3168 708 3400 769 amicus
3427 724 3565 768 vere

1922 797 2219 878 genuinus
2238 805 2397 859 esset
2420 797 2975 877 expergefactus,ac
2995 798 3172 860 talem
3196 796 3266 858 ad
3288 796 3575 875 navigans

1922 886 2067 948 dum
2093 885 2497 948 invitationem
2516 905 2551 949 a
2576 887 2773 949 divina
2790 887 3301 963 revelatione,non
3322 886 3395 948 ab
3418 886 3564 949 ima~

1922 975 2231 1056 ginatione
2277 994 2435 1051 esse,
2468 976 2854 1058 intelligeret,
2888 977 3082 1039 statim
3137 993 3415 1055 surgens,
3451 993 3564 1039 nec

1921 1083 2283 1147 quemquam
2308 1064 2566 1145 amplius
2589 1064 2664 1128 de
2700 1084 2766 1128 re
2788 1065 2889 1130 illa
2914 1069 3285 1147 interrogans
3315 1063 3564 1128 carabos

1922 1173 2277 1236 percurrere
2309 1155 2508 1237 cmpit,
2540 1165 2718 1238 atque
2747 1164 2812 1218 ut
2840 1172 3047 1220 versus
3078 1165 3279 1238 partes
3331 1162 3564 1218 nostras

1920 1243 2709 1326 solverent,praacepit.Cum
2726 1254 2925 1309 autem
2949 1246 3189 1329 quidam
3208 1252 3416 1307 ventos
3430 1261 3563 1307 esse

1920 1333 2275 1412 contrarios,
2310 1352 2497 1417 seque
2528 1343 2592 1397 ut
2622 1335 2696 1398 ad
2726 1336 2945 1400 festum
2980 1336 3308 1418 spectantia
3336 1333 3563 1397 ibidem

1922 1433 2348 1505 praepararent,
2385 1444 2629 1506 operam
2679 1425 2846 1495 dare.
2898 1436 3260 1501 assererem,
3292 1423 3443 1487 velle
3471 1444 3559 1503 se,

1921 1513 2183 1595 dicebat,
2210 1514 2409 1594 aliquo
2439 1515 2509 1577 ad
2544 1515 2737 1577 locum
2773 1515 3049 1597 praesidio
3083 1515 3271 1595 magis
3302 1515 3561 1576 deStitu-

1922 1609 2044 1664 tum
2078 1621 2182 1665 eos
2212 1604 2535 1668 abducere.
2568 1604 2797 1667 Deinde
2858 1624 2995 1667 vero
3043 1625 3176 1667 cum
3208 1607 3258 1667 is
3291 1624 3357 1667 ex
3388 1603 3563 1666 tertia

1924 1693 2196 1773 martyris
2212 1693 2608 1775 apparitione,
2640 1713 2773 1757 sese
2798 1714 2901 1776 per
2919 1694 3145 1758 assidui
3169 1694 3328 1757 illius
3354 1692 3561 1757 civita-

195 1791 423 1870 θεωρίας
479 1797 576 1848 τοῦ
629 1791 1022 1870 ὑπερασττιστοῦ
1075 1791 1173 1857 τῆς
1222 1787 1431 1848 πόλεως
1462 1787 1616 1860 ἡμῶν
1651 1794 1832 1860 Δημηε

1933 1785 1996 1843 lis
2032 1792 2242 1844 nostra
2262 1790 2711 1859 propugnatoris
2751 1789 3019 1847 Demetrii
3052 1788 3561 1860 interpellationem

194 1880 368 1957 τρίου,
433 1882 525 1937 τὸν
584 1878 751 1939 πλοῦν
794 1884 938 1953 αὒτῷ
993 1876 1293 1948 ἐπιτήδειον
1353 1875 1584 1953 ἔσεσθαι,
1643 1895 1838 1941 κωπη-

194 1968 385 2026 λατεϊν
443 1971 576 2048 πρὸς
631 1969 730 2036 τὴν
790 1968 962 2047 ὁρμὴν
1008 1967 1099 2024 τοῦ
1136 1965 1294 2028 πλοὸς
1338 1964 1719 2043 προσέταττεν,
1753 1962 1840 2018 καὶ

193 2056 263 2126 δὴ
311 2060 408 2137 ὁρᾷ
466 2056 719 2137 κάρᾶὅον,
779 2058 853 2121 ὡς
910 2056 1017 2112 ἀπὸ
1069 2062 1178 2112 τῶν
1230 2056 1403 2132 μερῶν
1461 2048 1722 2114 Χαλκίδος
1767 2052 1839 2114 είς

193 2146 262 2204 τά
294 2149 428 2226 πρὸς
459 2148 646 2212 ἆῦτοὺς
678 2146 1020 2225 ἁρμενίζοντα
1045 2144 1257 2221 εὐθέως,
1290 2145 1379 2201 καὶ
1398 2141 1638 2219 ἐμνήσθη
1661 2146 1754 2197 τοῦ
1787 2154 1838 2196 εν

196 2236 535 2314 ἄποκαλύψει
579 2236 865 2317 λεχθέντος
909 2238 1073 2308 αὐτῷ.

281 2415 387 2476 σε’.
451 2417 646 2474 Αὐτίκα
706 2421 829 2493 γοῦν
890 2420 956 2491 τῇ
1014 2412 1199 2486 ξλασίᾳ
1244 2418 1350 2469 τῶν
1398 2408 1642 2490 καράϐων
1668 2408 1839 2474 ἐξιόν-

196 2528 333 2586 των,
389 2507 477 2562 καὶ
524 2508 621 2562 τοῦ
666 2504 886 2584 ἀνέμου,
942 2505 1015 2569 ὡς
1065 2502 1295 2581 ἔφημεν,
1368 2502 1505 2557 κατὰ
1557 2500 1842 2578 πρόσωπον

196 2596 378 2663 ὄντος,
442 2594 592 2675 ἄφνω
648 2595 867 2670 νεύματι
922 2594 1044 2667 θείῳ
1089 2590 1175 2651 διὰ
1233 2591 1340 2648 τῶν
1396 2587 1689 2668 πρεσϐειῶν
1748 2594 1842 2645 τοῦ

195 2684 493 2764 ἀθλοφόροι)
524 2684 582 2741 ἐκ
630 2689 735 2740 τῶν
794 2684 1003 2739 ὄπισθεν
1034 2683 1239 2742 τούτοις
1271 2679 1607 2760 οὗριοδρόμος
1645 2676 1839 2752 ἄνεμος

194 2774 472 2847 κατέπνει,
533 2773 630 2831 καῗ
689 2772 1008 2835 πλεύσαντες
1065 2766 1327 2851 ἁρμοδίως
1380 2770 1465 2825 καὶ
1524 2767 1839 2847 ἀρμενίσαν-

191 2884 286 2926 τες
334 2863 580 2935 εὐθέτως,
639 2869 707 2939 τῇ
753 2862 875 2940 ἁγίᾳ
917 2858 1123 2940 τετράδι
1167 2860 1267 2928 τὴν
1310 2864 1408 2927 τῆς
1467 2860 1617 2935 ἁγίας
1679 2853 1837 2911 ἐϐδο-

197 2950 366 3028 μᾶδος
423 2951 564 3027 ὥραν
623 2950 853 3027 ἑϐδόμην
906 2951 1004 3019 τὴν
1045 2951 1326 3029 θεόρυστον
1375 2949 1574 3014 ταύτην
1602 2944 1835 3003 κατέλα-

194 3041 292 3098 ϐον
336 3040 491 3098 πόλιν
541 3040 627 3097 διὰ
686 3051 780 3100 τοῦ
832 3042 1223 3119 ὒπερασπιστοῦ
1278 3042 1443 3107 αὐτῆς
1505 3035 1831 3114 Δημητρίου.

195 3130 358 3189 Ὅθεν
390 3134 482 3188 τοῦ
524 3130 705 3197 δεινῶς
765 3129 1147 3207 μελετηθέντος
1204 3149 1263 3184 τε
1312 3129 1406 3184 καί
1454 3124 1895 3213 στοιχηθέντοςο

193 3219 466 3300 δράματος
523 3229 614 3279 τοῦ
669 3221 922 3302 ἐμφυλίου
986 3219 1223 3295 πολέμου
1266 3217 1452 3275 λοιπὸν
1502 3216 1834 3296 ὰργήσαντος

193 3313 340 3389 παρὰ
396 3323 487 3371 τοῦ
531 3313 739 3389 Μαύρου
795 3312 880 3367 καὶ
936 3315 1041 3366 τῶν
1094 3309 1210 3385 μετ’
1262 3309 1442 3381 αὐτοῦ,
1477 3305 1659 3363 αὐτίκα
1690 3302 1837 3385 φόϐῳ

191 3404 282 3460 καὶ
314 3402 503 3477 ἀθυμίᾳ
554 3404 829 3481 συσχεθεὶς
886 3402 914 3456 ὁ
972 3401 1126 3465 αὒτὸς
1172 3405 1409 3478 Μαῦρος,
1454 3402 1663 3474 πυρετῷ
1720 3417 1836 3473 χα-

194 3491 477 3565 λεποτάτῳ
560 3490 621 3547 ἐκ
703 3495 805 3557 τῆς
881 3489 1100 3563 ἀθυμίας
1181 3488 1479 3567 περιπεσὼν
1535 3483 1837 3540 κατέθεικεν

195 3580 283 3638 ἐπὶ
340 3578 526 3646 κλίνης
583 3580 667 3636 ἐπὶ
739 3578 988 3641 πλείστας
1078 3577 1280 3655 ἡμέρας
1318 3595 1331 3609 ο
1391 3573 1533 3629 ἔνθεν
1588 3574 1676 3627 καὶ
1733 3576 1836 3626 τῶν

196 3670 434 3727 ἐντεῦθεν
491 3668 746 3745 μετέστη,
806 3670 851 3724 εἶ
909 3670 987 3741 μὴ
1044 3669 1071 3723 ὁ
1127 3664 1403 3744 πορρηθεῖς
1449 3662 1578 3738 ἀνὴρ
1622 3662 1649 3715 ὁ
1699 3681 1838 3715 παν-

198 3761 439 3838 εύφημος
497 3759 820 3835 στρατηγὸς,
863 3759 1069 3834 ἀγνοῶν
1104 3755 1164 3811 τὸ
1208 3750 1520 3828 μελετηθέν,
1571 3755 1755 3805 τοῦτον
1784 3747 1838 3804 ἒν

196 3848 379 3926 λόγοις
438 3850 524 3905 καὶ
572 3846 748 3927 ὅρκοις
798 3844 1200 3926 κατησφᾶλιστο
1233 3859 1249 3875 ⁸
1305 3843 1371 3898 τὰ
1399 3839 1457 3896 δὲ
1487 3846 1579 3895 τοῦ
1624 3838 1836 3913 ὁραθέν-

194 3961 287 4001 τος
333 3941 497 4011 αύτῷ,
552 3936 716 4014 ἤγουν
772 3934 1164 3993 διατυπωθὲντα
1220 3932 1367 4009 παρὰ
1419 3936 1511 3987 τοῦ
1573 3929 1834 4006 μάρτυρος

195 4028 316 4105 περὶ
363 4029 456 4084 τοῦ
507 4026 693 4106 πλοὸς,
751 4025 1019 4087 πλείστοις
1077 4022 1451 4104 ἀφηγούμενος
1508 4017 1833 4093 ἐδημηγόρει
1880 4080 1888 4087 ,

193 4119 293 4185 τὴν
353 4115 584 4185 σπουδὴν
638 4105 725 4173 καὶ
781 4117 879 4182 τὴν
923 4115 1175 4193 πρόνοιαν
1230 4119 1322 4168 τοῦ
1352 4111 1636 4188 μάρτυρος,
1669 4105 1836 4182 ἥνπερ

193 4204 488 4274 ἐποιήσατο
544 4206 661 4281 περὶ
717 4212 815 4274 τῆς
846 4203 1076 4268 πόλεως.
1118 4204 1214 4261 Καὶ
1244 4201 1365 4256 τότε
1400 4197 1584 4254 λοιπὸν
1615 4196 1706 4252 τὸν
1737 4196 1835 4251 αὔ·-

192 4298 287 4352 τὸν
346 4301 552 4372 Μαῦρον
611 4295 747 4367 μετὰ
803 4294 908 4348 τῶν
964 4291 1104 4348 ἰδίων
1164 4288 1321 4347 athe;
1380 4291 1605 4365 στρατοῦ
1648 4293 1738 4343 τοῦ
1778 4286 1838 4339 εκ

193 4392 301 4442 τῶν
356 4382 602 4461 καράϐων
635 4381 733 4449 ἔξω
762 4385 862 4449 τῆς
893 4381 1102 4441 πόλεως
1138 4379 1192 4435 ἐν
1226 4391 1343 4440 τοῖς
1388 4377 1626 4439 δυτικοτς
1672 4372 1835 4451 μέρε-

194 4495 277 4529 σιν
335 4473 753 4551 παραφοσσεύειν
811 4470 1153 4544 διετύπωσεν,
1209 4470 1333 4547 πρὸς
1396 4469 1457 4522 τὸ
1514 4466 1636 4528 τοὺς
1696 4462 1834 4538 μὲλ-

191 4563 384 4626 λοντας
429 4565 495 4619 εκ
544 4568 650 4617 τῶν
707 4560 963 4619 Σκλάὄων
1020 4561 1371 4640 προσφεύγειν
1437 4553 1833 4629 Κερμηοιάνους

190 4651 357 4715 ἀδεῶς
415 4653 506 4709 καὶ
561 4648 959 4725 ἀνεμποδίστως
1017 4649 1405 4729 προσέρχεσθαι
1435 4692 1454 4717 ,
1517 4646 1604 4701 καὶ
1667 4642 1833 4705 οὕτως

191 4738 462 4818 διέμειναν
491 4740 695 4820 ἡμέρας
727 4738 967 4805 πλείους.

272 5006 410 5082 (ις’.
469 5006 616 5065 Μετὰ
658 5005 715 5063 δὲ
756 5013 922 5063 ταῦτα
979 5004 1273 5071 κελεύσεως
1330 4999 1616 5080 βασιλικῆς
1671 5021 1834 5080 φοιτη

264 5112 376 5182 (9³1)
435 5112 708 5179 Chalcis,
780 5111 1265 5185 quemadmodum
1345 5104 1834 5185 gaudtandusjn

195 5175 407 5258 Leiieo
434 5175 827 5257 Geograpbico
859 5185 1035 5247 docet.
1071 5184 1208 5258 urbs
1231 5190 1321 5258 est
1344 5179 1575 5235 Eubceaa
1606 5175 1834 5258 insulae,

191 5255 250 5312 in
283 5248 676 5327 Archipel'ago'
713 5258 850 5327 sitae.
890 5254 1197 5327 primaria;
1231 5254 1358 5327 haec
1405 5258 1601 5327 autem
1640 5248 1829 5303 insula

192 5327 263 5383 ab
320 5327 389 5382 iis
432 5316 528 5395 q'ui
586 5316 623 5383 ὅ
668 5316 904 5384 Sciathd
948 5324 1420 5385 Thessalonicam
1472 5316 1825 5389 navigamus

191 5405 350 5469 tergo
374 5395 745 5469 relinquitur.

264 5458 375 5539 (98)
406 5458 875 5543 Quia'nimirum,
905 5467 1182 5543 ntsibiin
1215 5466 1435 5543 visione
1467 5460 1681 5543 dictum
1715 5458 1830 5514 fue-

190 5530 296 5597 rat.
346 5530 578 5595 Ventum
612 5552 740 5595 esse
787 5530 1252 5596 Thessalonicam
1289 5530 1829 5604 navigantibus_se-

188 5612 461 5681 cuuium,
494 5624 525 5669 e
553 5610 705 5680 navi,
736 5624 871 5689 qua
897 5611 1063 5674 celeri
1090 5622 1266 5673 cursu
1294 5605 1369 5669 ad
1397 5599 1552 5683 ipsos
1601 5616 1630 5660 e
1656 5599 1828 5661 Chal-

1921 1884 1989 1926 ac
2027 1870 2584 1929 commendationem
2629 1887 2899 1943 prospera
2931 1873 3292 1946 navigatione
3320 1884 3562 1929 usurum

1923 1955 2109 2035 probe
2133 1965 2357 2037 nosset,
2385 1956 2687 2034 remigari,
2725 1965 2787 2018 ut
2817 1976 2951 2020 cum
2990 1956 3219 2039 impetu
3249 1975 3318 2019 ac
3348 1955 3563 2018 celeri-

1924 2051 2042 2104 tate
2072 2045 2360 2123 navigatio
2394 2049 2769 2129 procederet,
2796 2046 3432 2127 jussit,carabumque,
3459 2062 3565 2108 ve-

1922 2131 2027 2192 luti
2052 2150 2084 2193 e
2108 2132 2410 2195 Chalcidis
2435 2135 2703 2212 partibus
2734 2135 2851 2217 (97)
2890 2154 3128 2198 cursum
3160 2135 3233 2198 ad
3264 2136 3427 2217 ipsos
3457 2152 3563 2197 ce-

1925 2224 2130 2288 leriter
2158 2225 2541 2305 dirigentem,
2576 2229 2744 2302 vidit,
2801 2229 3102 2311 illiusque,
3155 2228 3311 2310 quod
3358 2225 3472 2290 sibi
3504 2228 3564 2291 in

1923 2315 2287 2378 revelatione
2317 2316 2540 2379 dictum
2574 2317 2786 2394 fuerat,
2822 2328 2910 2381 est
2942 2319 3290 2381 recordatus
3313 2318 3465 2396 (98).

2006 2405 2144 2469 905.
2180 2405 2324 2467 Cum
2358 2406 2532 2486 igitur
2584 2407 2756 2469 initio
2810 2406 3161 2471 caraborum
3215 2407 3561 2471 exeuntium

1924 2498 2122 2559 cursui
2153 2504 2363 2558 ventus
2386 2496 2590 2570 etiam,
2622 2510 2678 2558 ut
2717 2496 3354 2570 diximus,contrarius
3378 2507 3560 2569 esset,

1922 2585 2247 2666 derepente
2279 2594 2424 2647 nutu
2460 2587 2658 2649 divino
2694 2605 2801 2669 per
2858 2587 3254 2650 certaminum
3301 2584 3564 2649 Victoris

1924 2693 2183 2757 precesa
2212 2685 2380 2755 tergo
2413 2681 2503 2738 eis
2548 2685 2756 2739 ventus
2789 2677 3091 2739 secundus
3120 2676 3357 2756 afﬂavit,
3388 2693 3563 2737 cum-

1920 2783 2036 2845 que
2067 2766 2500 2827 convenienter
2537 2767 2931 2848 navigassent,
2965 2774 3412 2848 opportuneque
3433 2764 3561 2826 vela

1919 2852 2223 2927 iecissent,
2278 2854 2670 2917 hebdomadas
2729 2866 2946 2918 sanctae
3004 2856 3100 2918 die
3149 2863 3381 2937 quarta,
3408 2855 3556 2917 liora

1922 2942 2177 3023 septima
2227 2945 2302 3005 ad
2358 2956 2645 3007 servatam
2696 2946 2847 3007 hanc
2908 2965 2939 3007 a
2968 2945 3091 3008 Deo
3125 2944 3417 3006 civitatem
3451 2959 3557 3022 per

1919 3032 2100 3112 hujus
2124 3042 2618 3115 propugnatorem
2653 3033 3016 3096 Demetrium
3050 3034 3357 3115 appulere.
3383 3031 3553 3095 Unde

1921 3125 2185 3198 tandem,
2220 3123 2376 3204 quod
2406 3141 2439 3183 a
2483 3121 2684 3185 Mauro
2716 3124 2907 3206 iisque
2937 3126 3036 3206 qui
3065 3125 3118 3185 ei
3147 3120 3553 3201 adhaerebant,

1921 3212 2165 3291 indigne
2199 3221 2463 3295 paratum
2496 3211 2998 3294 formidatumque
3044 3221 3191 3287 crat,
3225 3212 3366 3274 belli
3396 3211 3555 3271 inte-

1919 3303 2058 3364 stini
2090 3303 2351 3365 facinore
2384 3311 2784 3382 torpescente,
2813 3302 3026 3365 timore
3074 3302 3269 3364 subito
3299 3319 3367 3363 ac
3406 3319 3556 3363 con-

1920 3392 2286 3455 sternatione
2312 3392 2446 3473 ipse
2472 3391 2708 3454 Maurus
2732 3401 3207 3473 correptus,cum
3234 3410 3353 3471 prae
3373 3389 3557 3452 animi

1921 3481 2263 3559 dejectione
2287 3481 2347 3541 in
2382 3480 2593 3542 febrim
2647 3481 3053 3560 gravissimam
3114 3479 3443 3558 incidisset,
3495 3478 3557 3539 in

1920 3567 2076 3629 lecto
2101 3584 2207 3649 per
2236 3568 2365 3629 dies
2384 3569 2677 3649 plurimos
2694 3567 3198 3648 decubuil.Atque
3217 3566 3357 3628 hinc
3380 3568 3555 3627 etiam

1921 3674 1995 3717 ex
2045 3657 2156 3717 hoc
2213 3658 2438 3717 mundo
2497 3656 2766 3732 abiisset,
2804 3655 2914 3718 nisi
2952 3655 3266 3737 praedictus
3294 3655 3400 3728 vir,
3438 3654 3556 3715 dux

1920 3746 2080 3806 omni
2113 3746 2287 3808 laude
2321 3745 2557 3825 dignus,
2620 3746 2716 3827 qui
2773 3744 2927 3827 quod
2960 3744 3307 3807 meditatum
3340 3745 3553 3818 fuerat,

1922 3834 2255 3914 ignorabat,
2283 3854 2415 3897 eum
2442 3845 2498 3897 et
2523 3834 2720 3897 verbis
2738 3843 2799 3897 et
2813 3835 3169 3916 juramentis
3194 3833 3558 3896 reddidisset

1919 3942 2223 3987 securum.
2257 3924 2396 3997 Qum
2452 3942 2625 4002 porro
2683 3925 2755 3986 ad
2808 3925 2976 3986 illum
3016 3925 3115 4003 qui
3156 3923 3210 3985 ei
3242 3925 3302 3983 in
3333 3922 3558 3983 visione

1919 4020 2294 4093 apparuerat,
2329 4012 2731 4091 pertinebant,
2767 4012 3045 4075 videlicet
3075 4030 3208 4090 quae
3237 4030 3270 4073 a
3303 4022 3558 4091 martyre

1918 4100 1995 4163 de
2026 4100 2394 4180 naviga'ioue
2451 4110 2688 4163 ostensa
2751 4111 2940 4175 erant,
2979 4100 3248 4179 plurimis
3281 4119 3553 4181 narrans,

1920 4191 2177 4251 studium
2201 4208 2269 4252 ac
2294 4208 2519 4266 curam,
2546 4208 2719 4270 quam
2749 4209 2854 4270 pro
2905 4190 3144 4251 civitate
3179 4199 3395 4271 martyr
3420 4207 3556 4268 ges—

1919 4278 2116 4351 sisset,
2155 4278 2525 4340 manifestam
2584 4278 2860 4352 faciebat,
2899 4287 3159 4360 tuncque
3191 4279 3457 4357 tandem,
3493 4285 3555 4339 ut

1918 4368 2047 4448 ipse
2070 4367 2302 4429 Maurus
2325 4387 2457 4429 cum
2482 4366 2763 4429 omnibus
2781 4367 3036 4448 suis,qui
3069 4388 3097 4426 a
3129 4367 3363 4429 Cubero
3397 4366 3556 4446 ejus-

1920 4476 2033 4537 qua
2067 4458 2326 4518 exercitu
2359 4456 2612 4530 stabant,
2642 4476 2673 4518 e
2722 4457 2982 4533 civitate,
3015 4475 3129 4537 quo
3159 4455 3552 4527 Cermesiani,

1919 4547 2019 4627 qui
2057 4564 2089 4607 θ
2120 4548 2342 4609 Sclavis
2398 4548 2534 4625 fuga
2587 4548 2824 4609 evasuri
2856 4555 3078 4620 essent,
3137 4564 3351 4608 secure
3383 4554 3562 4625 atque

1917 4635 2141 4715 absque
2184 4635 2615 4714 impedimento
2643 4636 3019 4710 advenirent,
3044 4636 3116 4697 ad
3155 4641 3354 4716 partes
3386 4632 3563 4697 Occi-

1916 4725 2185 4787 dentales
2217 4725 2529 4785 secederet
2549 4725 2702 4804 (99),
2738 4726 2837 4805 qui
2871 4725 3103 4788 carahis
3138 4732 3561 4807 praeerat,con-

1914 4814 2127 4875 stituit.
2163 4816 2356 4894 Atque
2418 4814 2527 4875 hoc
2581 4813 2638 4873 in
2700 4824 2849 4875 statu
2907 4832 3012 4896 per
3061 4814 3191 4875 dies
3222 4815 3425 4895 plures
3463 4832 3562 4875 res

1916 4911 2279 4965 manserunt.

2000 4991 2141 5057 206.
2206 4995 2344 5056 Post
2398 4993 2523 5053 haec
2578 4998 2775 5053 autem
2840 5008 2975 5051 cum
3040 4990 3318 5071 praedicto
3373 4990 3558 5052 Deum

1919 5098 2046 5154 cide
2078 5112 2178 5154 seu
2217 5096 2424 5154 Euboea
2467 5093 3549 5167 properabat.certissime_intclligebat.

1921 5170 2000 5227 uti
2045 5168 2253 5240 cuique
2298 5182 2392 5240 ex,
2425 5165 2489 5223 iis
2545 5165 2667 5238 quae.
2720 5166 2789 5221 de
2845 5165 3036 5240 insula
3070 5165 3285 5240 Eubma
3327 5165 3398 5221 ad
3430 5177 3549 5223 not.

1920 5236 2176 5312 praecei;
2209 5239 2417 5312 notavi.
2452 5236 2817 5312 manifestum
2852 5251 2976 5292 esse
3008 5236 3192 5312 debet.

2018 5310 2116 5385 99]
2151 5311 2235 5372 ita
2296 5310 2392 5371 hic
2446 5309 2695 5370 verbum
2774 5309 3214 5386 παραφοσσεύειν,
3277 5306 3433 5388 quod
3496 5307 3557 5369 in

1910 5388 2087 5448 nullis
2148 5403 2406 5460 prorsus;
2447 5389 2645 5445 lexieis
2687 5388 2943 5445 invenire
3001 5388 3177 5447 licuit.
3212 5388 3558 5460 interpreta-

1912 5471 2001 5535 tus
2041 5456 2190 5528 sum,
2214 5456 2726 5535 signiﬁcationem,
2767 5472 2939 5530 quam
2974 5470 3178 5516 sensus
3209 5456 3441 5535 exigere
3477 5461 3555 5518 vi-

1910 5531 2173 5599 debatur,
2212 5530 2299 5591 illi
2329 5531 2666 5594 at'ribuens.
