3946 6146
417 232 570 302 i375

1767 230 2416 315 SUPPLEMENTUM.

3646 238 3793 307 i376

400 369 625 434 amanti
646 365 810 450 duci,
841 373 906 431 ut
928 365 1188 450 praefatis
1205 368 1455 458 carebis
1486 366 1857 450 navigiisque
1887 367 1961 431 ad
1994 366 2086 428 id,

2198 372 2310 438 ἱσης
2380 378 2458 447 τῷ
2515 372 2759 454 λεχθέντι
2844 372 3074 454 φιλοθέῳ
3144 385 3433 458 στρατηγῷ
3490 378 3630 454 μετᾶ
3684 381 3792 436 τῶν

411 461 609 524 missis
629 477 789 541 saepe
810 466 1169 520 memoratos
1191 456 1616 521 Cermeeianos
1640 458 1765 521 alio
1787 458 2062 540 deporta-

413 557 526 624 ret,
562 548 903 613 mandatum
929 549 1384 627 imperatorium
1415 547 1657 609 allatum
1681 547 2063 629 fuisset,ipse

416 644 659 709 Maurus
690 658 805 702 una
837 658 974 700 cum
1008 639 1083 699 iis
1113 637 1217 719 qui
1248 638 1301 700 ei
1331 636 1831 714 adhaerebant,“
1860 638 2059 716 impe~

413 729 651 803 ratoris,
684 747 719 789 a
746 727 870 791 Deo
902 727 1195 802 coronati,
1229 726 1479 804 vestigia
1525 726 1807 807 accessit,
1843 734 1908 787 ut
1937 726 2061 788 illic

415 820 790 899 acciperetur
807 817 1205 898 princepsque
1228 815 1789 879 crearetur.Verum
1816 834 1929 878 nec
1952 817 2061 878 hac

413 909 478 972 in
509 926 575 971 re
604 906 784 969 otiata
814 914 902 968 est
924 906 1143 967 divinis
1158 905 1429 968 consiliis
1464 905 1757 967 instructa
1785 908 2062 967 certami-

418 1017 562 1060 num
592 995 853 1057 Victoris
891 1013 1077 1070 cura;
1111 995 1217 1057 sed
1251 1013 1357 1075 per
1387 994 1584 1074 ipsum
1626 994 1811 1058 Mauri
1845 993 2055 1073 ﬁlium,

2144 460 2437 539 εἰρημένων
2510 461 2755 539 καράϐων
2812 465 2902 522 καὶ
2963 472 3070 525 τῶν
3127 465 3214 524 ἰπὶ
3282 475 3439 526 τοῦτο
3485 467 3790 526 σταλέντων

2143 549 2344 609 πλοίων
2404 550 2490 609 ἐπὶ
2530 555 2598 629 τῇ
2656 554 2975 630 ἀποκομίσει
3020 561 3125 612 τῶν
3184 555 3446 615 πολλάκις
3494 560 3792 636 εἰρημένων

2148 643 2557 721 Κερμησιάνων,
2617 644 2645 699 6
2686 646 2844 709 αὐτὸς
2893 647 3102 724 Μαύρος
3145 647 3237 703 σὺν
3293 648 3402 704 τῶν
3454 648 3570 725 μετ’
3637 651 3794 709 αὺτοῦ

2145 729 2430 811 ἅποφύγων
2500 732 2565 791 τὰ
2641 740 2733 790 τού
2790 734 3105 792 θεωτέπτου
3167 735 3435 813 βασιλέως
3496 737 3792 796 κατέλαϐεν

2144 818 2307 898 ἴχνη,
2370 819 2550 877 ἐκεῖσε
2591 819 2797 900 δεχθεὶς
2828 823 2919 880 καὶ
2960 822 3146 902 ἄρχων
3203 826 3577 903 χρηματίσας,
3639 826 3791 884 Ἀλλ’

2144 906 2260 966 οὐδὲ
2305 909 2359 965 ὲν
2400 911 2573 984 τούτῳ
2632 908 2868 990 ἧργησεν
2928 915 2963 981 ἡ
3018 911 3300 979 θεόϐουλος
3360 921 3455 971 τοῦ
3497 914 3793 995 ἀθλοφόροι)

2143 996 2466 1075 προμήθεια,
2528 998 2665 1056 ἀλλὰ
2708 998 2792 1057 διὰ
2848 1007 2942 1058 τοῦ
2994 1005 3153 1060 αὒτοῠ
3197 1004 3309 1061 υἶοῦ
3336 1010 3432 1060 τοῦ
3475 1006 3697 1083 Μαύρου
3736 1007 3794 1062 τὸ

421 1085 580 1168 quod
612 1094 821 1148 contra
851 1084 1152 1147 civitatem
1187 1092 1454 1146 nostram
1479 1091 1538 1145 et
1559 1082 1633 1145 ab
1662 1083 1765 1146 illo
1790 1092 1849 1146 et
1878 1102 1910 1146 a
1939 1085 2061 1145 Cu-

2198 1088 2439 1156 ελετηθὲν
2495 1090 2632 1148 κατὰ
2688 1095 2787 1158 σῆς
2845 1094 3002 1166 ἡμῶν
3048 1092 3258 1158 πόλεως
3309 1093 3361 1160 ἐξ
3393 1095 3555 1153 αὒτοῦ
3585 1082 3678 1153 καὶ
3706 1103 3793 1152 τοῦ

422 1177 570 1239 bero
594 1175 948 1237 meditatum
976 1182 1128 1249 erat,
1151 1174 1212 1234 in
1243 1173 1372 1255 pias
1401 1190 1580 1235 aures
1610 1172 1873 1249 demisit,
1910 1173 2066 1236 frau-

2198 1176 2349 1256 οὖὸερ
2400 1180 2473 1243 εἰς
2531 1180 2624 1243 τὰς
2677 1179 2916 1244 εὐσεϐεῖς
2965 1182 3227 1256 ἐμήνυσεν
3286 1184 3450 1249 ἀκοὰς
3482 1185 3793 1264 φανερώσας

423 1267 561 1329 dem
584 1266 697 1346 ipsi
729 1273 787 1327 et
817 1282 1164 1346 perversum
1189 1282 1350 1343 saepe
1375 1264 1687 1325 memorati
1707 1263 1898 1325 Mauri
1923 1282 2063 1343 pro-

2198 1267 2293 1341 Βτῷ
2330 1268 2428 1335 τὴν
2459 1266 2742 1336 δολιότητα
2795 1273 2889 1327 καὶ
2924 1270 3120 1349 φαῦλον
3154 1272 3399 1349 πρόθεσιν
3440 1263 3538 1331 τοῦ
3581 1263 3791 1331 πολλά-

426 1355 709 1437 positum,
765 1373 1022 1434 eumque
1054 1352 1341 1435 praeterea
1369 1355 1429 1414 in
1484 1351 1759 1415 Thraciae
1801 1354 2070 1434 partibus

2198 1378 2232 1420 ,ς
2277 1358 2731 1432 μνημονευθέντος
2763 1362 2997 1440 Μαύρου,
3057 1363 3142 1418 καὶ
3194 1361 3380 1441 ὅτιπερ
3427 1367 3519 1420 καὶ
3577 1365 3634 1420 ἐν
3677 1378 3792 1425 τοῖς

432 1444 832 1526 proditionem
855 1452 1062 1507 contra
1081 1461 1245 1505 suam
1263 1443 1582 1523 ipsiusmet
1599 1441 1858 1504 animam
1885 1442 2074 1505 medi-

2198 1448 2423 1525 ρᾳκῴοις
2455 1447 2668 1523 μέρεσιν
2713 1447 2995 1527 προδοσίαν
3044 1451 3183 1508 κατά
3237 1453 3333 1518 τῆς
3377 1454 3567 1511 ἑαυτοῦ
3610 1457 3795 1533 ψυχῆς

426 1539 561 1614 tari,
594 1532 1203 1611 declarans,cumque
1229 1530 1570 1613 hmc,quod,
1596 1548 1727 1611 qum
1749 1531 1907 1592 inter
1939 1531 2073 1593 illos

2198 1534 2498 1593 ἴουλεύσατο
2545 1537 2734 1614 πρᾶξαι
2771 1552 2785 1567 ⁸
2821 1539 2911 1595 καὶ
2961 1540 3163 1596 τούτων
3191 1541 3359 1605 οὕτως
3417 1542 3638 1611 ἀληθῶς
3690 1530 3794 1599 κα-

424 1631 643 1684 statuta
663 1631 854 1695 erant,
880 1620 1203 1683 observans
1227 1638 1387 1701 smpe
1411 1620 1753 1681 nominatus
1776 1616 2069 1698 Cuberus,

2198 1624 2487 1703 ιφανέντων
2521 1623 2658 1683 διότι
2699 1628 2767 1684 τὰ
2805 1629 2878 1693 εἷς
2936 1628 3099 1702 μέσον
3167 1630 3340 1687 αὐτῶν
3401 1629 3797 1706 βεϐουλευμένα

426 1711 576 1775 nihil
612 1728 855 1792 prorsus
878 1728 950 1772 ex
983 1709 1254 1789 ejusdem
1276 1707 1462 1772 Mauri
1482 1707 1825 1772 hominibus
1848 1717 1952 1771 aut
1971 1726 2073 1771 re—

2198 1713 2435 1772 υλάττων
2489 1718 2516 1771 6
2586 1714 2846 1780 πολλάκις
2913 1718 3225 1793 ὁνομασθεὶς
3302 1719 3527 1801 Κοῦϐερ,
3586 1720 3798 1785 οὗδενδς

430 1801 543 1865 bus
562 1801 880 1881 attigisset,
912 1799 1055 1882 quin
1079 1799 1277 1881 potius
1303 1807 1363 1860 et
1386 1799 1574 1880 ipsius
1596 1816 1810 1861 uxores
1830 1798 2068 1878 eodem,

426 1909 603 1973 quem
630 1900 771 1953 ante
796 1888 1149 1969 habuerant,
1185 1893 1306 1950 imo
1332 1897 1391 1950 et
1422 1888 1634 1968 majori
1667 1888 1900 1951 honore
1928 1906 2071 1968 pro-

431 1987 808 2062 sequeretur,
842 1996 982 2042 vere
1012 1978 1094 2039 ita
1150 1995 1307 2051 esse,
1361 1985 1698 2058 appareret,
1755 1977 2073 2058 praedictus

427 2070 735 2150 piissimus
764 2068 1362 2149 imperator,semper
1389 2066 1504 2146 ipsi
1526 2066 1630 2147 qui
1661 2084 1715 2128 ei
1746 2066 2070 2149 imperium

424 2166 514 2224 est
536 2157 965 2238 largitus,Deo,
1000 2175 1070 2220 ea
1098 2175 1232 2238 quae
1259 2156 1334 2218 ad
1365 2173 1616 2234 regnum
1640 2175 1811 2218 suum
1840 2166 2075 2237 specta-

425 2248 727 2324 bant,com
738 2247 1190 2328 mittens,eique
1203 2247 1483 2307 eumdem
1501 2247 1768 2307 Maurum
1788 2247 2068 2321 oﬂ‘ereus,

427 2343 562 2401 neci
592 2336 835 2419 quidem
869 2336 1038 2398 illum
1069 2354 1189 2397 non
1220 2334 1409 2415 dedit,
1439 2333 1544 2396 sed
1577 2334 1868 2414 dignitate
1904 2336 2077 2396 orba-

428 2441 551 2490 tum
582 2427 645 2488 in
678 2425 1056 2501 suburbium,
1091 2426 1429 2488 securitatis
1460 2423 1578 2486 ﬁde
1601 2433 1873 2505 accepta,
1907 2424 2072 2486 rele-

432 2518 605 2598 gavit,
640 2524 820 2599 atque
858 2535 893 2579 a
922 2514 1273 2597 praefectura
1302 2533 1371 2576 ac
1405 2512 1635 2590 militia,
1670 2532 1852 2596 quam
1884 2513 2075 2577 babe-

434 2607 554 2675 bat.
587 2607 830 2670 amovit.

513 2696 656 2759 207.
690 2696 859 2772 Quis,
894 2695 1101 2759 dilecti
1148 2712 1216 2756 ac
1275 2695 1577 2757 Christum
1637 2700 1904 2755 amantes
1954 2693 2075 2755 fra-

2153 1806 2262 1862 τῶν
2331 1806 2490 1865 αύτοῦ
2545 1806 2754 1884 Μαύρου
2833 1808 3124 1881 ἀνθρώπων
3181 1809 3215 1877 ἢ
3272 1813 3607 1889 πραγμάτων
3658 1810 3799 1891 ἔφή-

2155 1901 2318 1972 ψατο,
2370 1893 2575 1970 μᾶλλον
2634 1893 2688 1951 δὲ
2733 1896 2829 1959 τὰς
2888 1896 3049 1955 αὖτοῦ
3091 1912 3349 1975 γυναῖκας
3404 1903 3463 1957 ἒν
3519 1907 3591 1978 τῇ
3639 1903 3799 1979 αὖτῇ,

2154 1984 2321 2064 ἥνπερ
2353 1985 2539 2065 εἶχον,
2570 1992 2704 2062 τιμῇ
2733 1986 2822 2042 καὶ
2850 1985 3018 2043 π)είω
3065 1985 3289 2057 ἠξίωσεν
3325 2007 3342 2023 ·
3392 1992 3421 2046 6
3472 1987 3530 2046 δὲ
3584 1989 3801 2070 λεχθεὶς

2155 2073 2531 2139 εὒσεϐἐστατος
2581 2074 2857 2156 βασιλεὺς,
2930 2080 2958 2134 6
3018 2077 3099 2135 ἀεὶ
3155 2078 3231 2153 τῷ
3283 2081 3346 2134 τὸ
3404 2080 3598 2155 κράτος
3662 2082 3804 2154 αὖτῷ

2155 2164 2525 2244 παρεσχηκότι
2589 2172 2705 2238 Θεῳ
2748 2166 2814 2222 τὰ
2849 2171 2949 2231 τῆς
3015 2166 3175 2225 αὖτοῦ
3237 2166 3508 2243 βασιλείας
3556 2169 3802 2226 ἀνατιθέ-

2156 2276 2341 2335 μενος,
2388 2256 2476 2311 καὶ
2525 2255 2668 2328 αύτῷ
2723 2256 2814 2311 τὸν
2864 2257 3019 2314 αὐτὸν
3068 2260 3273 2334 Μαῦρον
3303 2256 3667 2338 καταλείψας,
3712 2263 3808 2315 θα-

2156 2344 2299 2418 νάτῳ
2350 2343 2450 2419 μὲν
2494 2349 2680 2400 τοῦτον
2737 2346 2797 2403 οὒ
2837 2341 3086 2418 δέδωκεν,
3132 2347 3232 2412 τῆς
3288 2344 3343 2401 δὲ
3375 2345 3522 2412 ἀξίας
3556 2346 3808 2416 ἀποστή-

2160 2455 2278 2506 σας,
2331 2434 2385 2489 ἐν
2453 2433 2755 2509 προαστείῳ
2835 2434 2968 2507 μετὰ
3042 2436 3151 2490 τῶν
3204 2433 3461 2513 ἀσφαλῶν
3519 2437 3808 2513 περιώρισε

2155 2524 2245 2580 καὶ
2300 2522 2399 2591 τῆς
2452 2522 2636 2602 ἀρχῆς
2690 2523 2908 2590 καὶτῆς
2953 2530 3226 2599 στρατιᾶς,
3263 2525 3436 2604 ἧσπερ
3477 2525 3676 2606 εἶχεν,
3712 2527 3808 2582 ἀπ·

2159 2634 2377 2680 εστησε.

2241 2701 2350 2773 σζ’.
2388 2704 2475 2767 Τίς
2536 2702 2612 2778 μὴ
2667 2702 2948 2778 θαυμάσει,
3008 2702 3277 2780 ἀγαπητοὶ
3322 2705 3413 2760 καὶ
3462 2703 3809 2786 φιλόχριστοι

435 2794 880 2868 tres,perpetuo
906 2783 1278 2846 memorandi
1311 2794 1367 2845 et
1405 2782 1761 2864 protectoris
1789 2793 1848 2844 et
1877 2783 2078 2844 civita-

2198 2790 2398 2872 δελφοὶ,
2454 2793 2547 2848 τὸν
2602 2791 2761 2848 πόθον
2807 2792 2902 2848 καί
2942 2792 3040 2859 τὴν
3096 2791 3418 2867 κηδεμονίαν
3463 2795 3556 2851 καὶ
3585 2782 3804 2870 συμμα-

438 2877 511 2939 tis
534 2885 754 2938 nostrae
774 2875 1101 2937 servatoris
1123 2872 1411 2935 Demetrii
1445 2874 1752 2946 aﬂ‘ectum,
1787 2880 1848 2933 et
1876 2890 2076 2933 curam

2198 2882 2290 2962 μίαν
2331 2888 2424 2939 τοῦ
2491 2879 2815 2955 ἀειμνήστου
2871 2883 2961 2938 καὶ
3035 2882 3336 2952 προστάτου
3389 2885 3480 2940 καὶ
3542 2883 3809 2962 λυτρωτοῧ

438 2973 496 3027 et
521 2966 696 3027 latam
746 2965 810 3026 in
855 2962 1014 3026 bello
1044 2981 1218 3043 opem
1252 2981 1372 3023 non
1403 2962 1699 3024 miretur?
1732 2962 1906 3035 Quia,
1941 2980 2079 3022 cum

2198 2976 2263 3038 ἧς
2321 2970 2530 3035 πόλεως
2573 2972 2730 3045 ἡμῶν
2777 2971 3111 3048 Δημητρίου,
3161 2971 3242 3027 ὅτι
3290 2974 3447 3046 ἡμῶν
3503 2972 3808 3050 ἆμερῖμνων

439 3074 547 3116 nos
570 3055 734 3117 curis
764 3054 929 3115 vacui
953 3054 1299 3135 propriique
1348 3051 1562 3114 excidii
1594 3051 1747 3113 haud
1781 3050 1949 3129 gnari
1980 3069 2080 3111 es-

2200 3062 2251 3118 αὶ
2306 3061 2596 3138 ἀγνώστων
2652 3062 2769 3137 περὶ
2828 3065 2926 3127 τῆς
2983 3061 3181 3125 οἰκείας
3226 3060 3478 3124 ἁλώσεως
3531 3063 3809 3120 καθεστώ-

437 3163 662 3216 semus,
698 3144 1048 3224 imperatori
1079 3151 1308 3217 nostro,
1343 3151 1407 3202 ut
1436 3142 1685 3203 carabos
1714 3141 1776 3201 in
1827 3141 2082 3202 civitatis

2198 3171 2269 3206 ων
2312 3149 2406 3205 καί
2444 3151 2534 3207 τὸν
2577 3148 2800 3226 βασιλέα
2853 3152 3009 3224 ἡμῶν
3051 3147 3136 3206 διὰ
3174 3153 3267 3207 τοῦ
3325 3154 3457 3207 Θεοῦ
3486 3154 3611 3216 τοὺς
3643 3154 3810 3230 καρά-

443 3233 724 3296 auxilium
747 3250 816 3295 ac
836 3232 1089 3294 salutem
1114 3233 1231 3293 huc
1259 3231 1545 3319 mitteret,
1580 3247 1687 3310 per
1716 3229 2081 3319 Denmgsug-

2200 3260 2289 3304 ους
2336 3240 2466 3318 πρὸς
2521 3240 2834 3319 συμμαχίαν
2876 3241 2966 3296 καὶ
3018 3241 3286 3319 σωτηρίαν
3316 3241 3411 3309 τῆς
3443 3242 3659 3304 πόλεως
3696 3229 3811 3298 ἔνεο

442 3322 649 3400 gessit,
681 3339 944 3402 cumque
973 3319 1131 3400 quod
1167 3318 1436 3381 meditati
1467 3327 1656 3392 erant,
1690 3318 1883 3380 civilis
1913 3317 2079 3398 belli,

441 3413 978 3492 inexspectataaque
998 3428 1069 3472 ac
1090 3409 1453 3471 inevitabilis
1496 3411 1659 3471 necis
1685 3419 1904 3471 nostrae
1926 3429 2082 3491 prae-

442 3503 712 3564 stitutum
746 3509 983 3582 tempus
1028 3500 1298 3573 instaret,
1333 3500 1545 3561 ducem
1574 3499 1647 3560 ad
1690 3500 2084 3578 navigandum

446 3591 743 3666 excitavit,
797 3590 1105 3671 ventisque
1135 3588 1453 3652 contrariis
1499 3588 1950 3669 exsistentibus,
1984 3608 2085 3651 se-

446 3680 640 3744 cunda
685 3682 1059 3759 navigatione
1110 3679 1381 3758 deduxit,
1428 3678 1799 3760 consiliaque
1854 3697 1923 3741 ac
1952 3696 2092 3760 spes

446 3789 652 3833 eorum
675 3769 777 3851 qui
803 3769 1057 3831 civitatis
1087 3768 1285 3849 hujus,
1321 3768 1372 3829 ei
1394 3769 1622 3830 servire
1637 3768 2089 3849 gestientis,ex-

445 3860 668 3923 cidium
694 3859 882 3923 moliti
905 3866 1074 3921 erant
1097 3857 1406 3936 dissipavit
1432 3856 1712 3938 (t).Vere
1734 3857 1845 3919 hoc
1879 3867 1939 3918 et
1972 3875 2093 3919 ma-

446 3951 669 4012 ximum
701 3957 759 4011 et
808 3947 1272 4028 incomparabile
1319 3956 1377 4006 et
1406 3946 1706 4008 inelfabile
1737 3946 2090 4008 miraculum

449 4058 584 4101 cum
645 4039 850 4101 laetitia
902 4046 961 4100 et
1035 4038 1312 4117 lacrymis
1382 4046 1441 4098 et
1496 4037 1733 4117 hymnis
1793 4036 2089 4117 plurimis,

449 4148 583 4201 cum
628 4129 951 4208 gratiarum
1009 4127 1245 4189 actione
1300 4127 1665 4207 conjunctis,
1716 4135 1775 4188 et
1805 4127 2005 4188 animo
2035 4134 2094 4187 et

450 4238 705 4302 corpore
725 4217 1019 4282 celebrari
1065 4227 1352 4281 meretur.
1386 4216 1610 4279 Verum
1644 4217 1863 4296 venite,
1897 4216 2092 4279 dilec-

453 4312 520 4387 ti,
573 4311 934 4373 clementem
982 4328 1050 4371 ac
1112 4309 1362 4370 multum
1415 4306 1864 4371 misericordem
1918 4306 2092 4369 beni-

452 4419 753 4482 gnumque
781 4400 968 4463 Deum
1002 4416 1072 4460 ex
1124 4406 1246 4459 toto
1303 4396 1485 4458 corde
1534 4412 1796 4476 oremus,
1832 4403 1897 4457 ut
1925 4398 2067 4458 huic

2077 4447 2165 4509 ’τῦ

2167 3328 2453 3405 καρδίωσεν
2512 3328 2722 3387 στεῖλαι
2772 3329 2993 3386 ἐνταῦθα
3042 3330 3147 3390 καὶ,
3183 3330 3279 3399 τῆς
3337 3333 3666 3408 προθεσμίας
3721 3340 3813 3388 τοῦ

2168 3417 2550 3495 μελετηθέντος
2633 3417 2887 3493 εμουλίου
2946 3417 3182 3495 πολέμου
3259 3422 3349 3476 καὶ
3406 3419 3814 3498 ἀπροσδοκήτου

2170 3509 2257 3565 καὶ
2301 3508 2530 3586 ἀφύκτου
2581 3508 2802 3564 θανάτου
2852 3510 3004 3583 ἡμῶν
3051 3507 3207 3586 ἐγγὺς
3274 3508 3446 3581 ὄντος,
3493 3512 3589 3566 τὸν
3646 3533 3813 3588 στρα-

2170 3599 2337 3675 τηγὸν
2397 3600 2527 3674 πρὸς
2584 3599 2674 3653 τὸν
2732 3595 2896 3655 πλοῦν
2954 3596 3243 3675 διήγειρεν,
3306 3599 3389 3654 καὶ
3449 3606 3555 3657 τῶν
3602 3600 3815 3674 ἀνέμων

2171 3688 2419 3743 ἐναντίων
2477 3686 2831 3765 ὑπαρχόντων
2888 3688 2962 3751 εἷς
3020 3685 3320 3755 ἐπιτήδειον
3376 3686 3640 3746 εὖπλοίαν
3685 3689 3816 3767 ἤγα-

2174 3798 2262 3853 γεν
2320 3777 2408 3832 καὶ
2465 3776 2559 3840 τὰς
2641 3774 2835 3851 βουλὰς
2892 3775 3077 3831 ἔλυσεν
3136 3778 3223 3831 καὶ
3275 3774 3492 3839 ἒλπίδαῖ
3553 3784 3662 3834 τῶν
3720 3780 3816 3845 τὴν

2172 3864 2370 3922 ἅλωσιν
2422 3864 2774 3940 σκεψαμὲνων
2833 3867 3160 3935 ποιήσασθαι
3207 3873 3301 3931 τῆς
3358 3863 3609 3933 δουλικαῖς
3660 3867 3818 3924 αὖτοῦ

2172 3955 2370 4022 ταύτης
2401 3952 2607 4019 πόλεως
2638 3970 2652 3983 ·
2685 3954 2847 4016 ὅπως
2895 3960 3067 4034 χαρᾶς
3100 3955 3188 4011 καὶ
3218 3952 3451 4032 δακρύων
3504 3958 3599 4012 καὶ
3640 3957 3818 4031 ὕμνων

2174 4042 2511 4117 παμπόλλων
2571 4040 2690 4119 μετ’
2758 4045 3099 4123 εὖχαριστίας
3176 4044 3406 4123 ὑπάρχει
3462 4046 3555 4101 καὶ
3627 4050 3817 4125 ψυχων

2174 4135 2263 4190 καὶ
2311 4133 2576 4209 σωμάτων
2633 4134 2835 4208 ἑόρτιον
2883 4133 2970 4189 καὶ
3032 4134 3092 4188 τὸ
3138 4131 3392 4210 μέγιστον
3430 4135 3519 4189 καὶ
3550 4134 3816 4211 ἀσύγκρι-

2174 4245 2267 4281 τον
2323 4224 2412 4279 καὶ
2470 4222 2826 4301 ἆνέκφραστον
2912 4223 3000 4279 καὶ
3053 4229 3209 4279 τοῦτο
3278 4223 3339 4278 τὸ
3394 4226 3595 4299 θαῦμα.
3651 4224 3813 4282 Ἀλλᾶ

2176 4311 2345 4391 δεῦτε,
2405 4312 2697 4391 ἀγαπητοὶ,
2774 4312 2867 4369 τὸν
2928 4310 3304 4391 εὔσπλαγχνον
3368 4314 3457 4369 καὶ
3532 4311 3817 4370 πολυέλεον

2178 4404 2265 4458 καὶ
2308 4400 2711 4482 φιλοικτίρμονα
2767 4399 2820 4466 ἐξ
2885 4400 3018 4468 ὅλης
3076 4405 3175 4468 τῆς
3236 4399 3450 4478 καρδίας
3511 4405 3813 4460 καθικετεύ-

454 4508 588 4569 qum
618 4508 752 4551 eum
801 4488 967 4562 colit,
1004 4485 1227 4547 civitati
1257 4486 1316 4546 in
1361 4486 1610 4546 salutem
1644 4495 1909 4547 nostram
1944 4506 2086 4549 con-

2198 4514 2356 4566 γωμεν
2403 4493 2558 4567 Θεὸν,
2606 4491 2751 4556 ὅπως
2809 4488 3029 4558 διηνεκῆ
3074 4492 3231 4559 ἡμῶν
3275 4493 3541 4569 σωτηρίαν
3584 4500 3657 4570 τῇ
3699 4492 3814 4550 δον-

457 4579 679 4640 tinuam
737 4576 1233 4655 gloriosissimum
1313 4593 1382 4636 ac
1445 4573 1700 4636 maxime
1757 4577 2092 4638 mirandum

457 4668 849 4730 certaminum
900 4666 1202 4729 Victorem
1266 4665 1579 4740 concedat,
1634 4673 1695 4725 ut
1749 4684 1854 4744 per
1899 4666 2093 4746 ipsum

454 4757 696 4820 assidue
726 4755 944 4818 servati
986 4755 1323 4816 tribuamus
1375 4754 1615 4816 laudem
1672 4763 1729 4815 et
1755 4754 2002 4832 gloriam
2039 4763 2096 4816 et

454 4846 868 4909 adorationem
897 4844 1057 4907 Patri
1082 4852 1141 4906 et
1160 4841 1314 4905 Filio
1344 4853 1402 4905 et
1422 4844 1671 4924 Spiritui
1705 4850 1908 4906 sancto
1936 4863 2095 4907 nunc

457 4944 517 5001 et
545 4954 808 5017 semper,
842 4947 963 4998 etc.

531 5105 606 5175 (l)
636 5105 799 5177 Equi
849 5105 1055 5162 iterum
1091 5100 1567 5177 lectorisjudicio
1606 5103 1917 5177 permittet
1936 5117 2100 5177 quae.

459 5173 688 5248 cunque
716 5173 849 5246 cap.
877 5176 1149 5248 praesenti
1185 5173 1511 5248 prodigiosa
1544 5173 2097 5232 occurruntObser-

461 5246 822 5305 vari'temen
883 5246 1077 5310 velim.
1140 5246 1419 5315 potiorem
1478 5252 1532 5300 et
1583 5250 1760 5317 eai,iet
1792 5260 1927 5317 quas
1967 5258 2093 5317 cap.

458 5320 723 5390 proxime
784 5318 1171 5390 antecedenti
1207 5322 1564 5390 occurrunt.
1631 5316 1804 5373 iidem
1864 5316 2096 5390 mereri.

460 5386 633 5475 quam
687 5404 806 5473 qua
863 5390 1047 5447 tribus
1089 5386 1290 5471 primis
1345 5400 1512 5460 capp.
1572 5396 1935 5446 narrantur:
1985 5387 2098 5446 illis

2177 4581 2302 4657 λικῇ
2359 4581 2518 4639 αὐτοῦ
2581 4582 2749 4658 ταύτῃ
2809 4582 2960 4638 πόλει
3013 4583 3106 4637 τὸν
3147 4578 3487 4654 ὑπερένδοξον
3522 4584 3616 4638 καὶ
3658 4586 3812 4659 ὑπερ-

2173 4671 2479 4745 θαύμαστοι
2564 4669 2853 4748 ἀθλοφόρον
2923 4667 3257 4747 δωρησηται,
3342 4668 3437 4725 ἵνα
3523 4668 3597 4728 δι’
3669 4675 3815 4729 αὺτοῦ

2177 4757 2434 4826 διηνεκῶς
2493 4762 2786 4834 σωζόμενοι
2846 4759 3250 4834 ἀναπέμπωμεν
3311 4757 3466 4824 δόξαν
3517 4764 3609 4817 γαὶ
3664 4763 3817 4835 τιμὴν

2176 4851 2265 4905 καὶ
2293 4849 2650 4927 προσκύνησιν
2692 4856 2769 4923 τῷ
2829 4849 2993 4926 Πατρὶ
3035 4850 3124 4905 καὶ
3181 4850 3260 4921 τῷ
3317 4848 3422 4922 ι’ἱῷ
3465 4850 3554 4907 ναὶ
3585 4858 3663 4925 τῷ
3693 4851 3819 4930 ἁγίῳ

2187 4938 2451 5015 Πνεύματι
2484 4944 2571 4995 νῦν
2597 4939 2685 4995 καὶ
2713 4937 2826 5017 ἀεὶ,
2854 4960 2913 5000 κ.
2949 4960 3002 4996 τ.
3036 4936 3094 4998 λ.

2177 5108 2356 5179 enim,
2405 5114 2461 5164 at
2505 5119 2623 5163 non
2681 5103 3059 5179 item_hisce_,
3115 5113 3320 5179 auctor
3355 5105 3610 5179 aequalis
3652 5108 3822 5167 exsti-

2180 5179 2267 5243 tit,
2309 5175 2387 5235 uti
2443 5178 2653 5248 partim
2712 5191 2782 5234 ex
2841 5176 2984 5247 ipsis
3032 5175 3207 5248 hujus
3255 5175 3466 5244 verbis,
3504 5192 3680 5237 num.
3728 5179 3821 5237 185

2179 5248 2650 5321 occurrentibus,
2687 5249 2895 5319 partim
2922 5261 2990 5304 ex
3013 5255 3203 5321 aetate,
3224 5260 3335 5317 qua
3364 5262 3605 5321 quaeque
3627 5265 3821 5308 secun-

2180 5321 2317 5379 dum
2350 5334 2519 5393 supra
2562 5317 2832 5393 adnutata
2866 5332 3132 5393 evenere,
3165 5317 3247 5374 ias
3292 5327 3349 5375 et
3386 5317 3696 5393 colligere.
3727 5322 3822 5381 Adi

2182 5397 2354 5452 etiam
2386 5389 2868 5451 commentarium
2902 5392 3199 5466 praevium,
3229 5401 3400 5450 num.
3436 5389 3528 5452 24.
