3946 6146
409 252 559 332 1379
1780 260 2426 336 SUPPLEMENTUM.
3629 267 3771 336 1380

407 404 571 464 sione
605 402 762 463 enim
796 393 1177 478 aﬂiciebatur,
1210 410 1268 465 et
1299 421 1440 465 ecce
1469 400 1578 483 vir,
1603 411 1900 465 armatura
1933 404 2038 464 mi-

2203 429 2221 470 ς
2275 405 2570 485 ἐφίσταται·
2632 401 2768 482 ἐώρα
2824 401 2949 482 γὰρ,
2998 399 3086 461 καὶ
3127 399 3258 477 ἰδοὺ,
3323 406 3455 474 ἀνὴρ
3502 405 3776 481 ἐνδεδυμέ-

404 491 557 552 litari
585 492 1015 573 indutus,equo
1040 491 1328 566 insidens,
1357 511 1505 554 ense
1538 493 2038 573 instructus,juve

2203 519 2223 558 ς
2300 495 2597 551 πανοπλίαν
2667 495 3053 572 στρατηγικὴν,
3127 495 3381 576 ἔφιππος,
3466 497 3772 574 ξιφηφύρος,

408 580 502 642 nis
545 580 723 642 simul
785 601 852 642 ac
884 582 1032 642 facie
1084 581 1443 656 latissimus,
1479 591 1653 662 atque.
1697 582 1951 654 dicebat,
1991 583 2038 644 Si

2203 607 2251 648 ος
2282 584 2390 659 Ξίμα
2444 587 2531 640 καὶ
2580 583 2952 662 χαριέστατος·
3016 587 3127 664 καὶ,
3169 588 3222 642 Εἰ
3260 587 3359 654 τῆς
3409 586 3777 666 αἰχμαλωσίας

409 675 745 750 captivitate
779 680 834 730 et
865 671 1115 732 vinculis
1139 671 1378 732 liberari
1402 672 1766 752 vi<,sequere
1789 691 1905 734 me.
1945 675 2046 734 De-

411 761 592 821 clarat
620 760 672 820 ei
706 778 876 820 suum
902 771 957 821 et
985 780 1201 822 nomen
1229 769 1285 822 et
1319 761 1562 840 patriam
1589 770 1646 821 et
1677 761 2047 839 dignitatem,

404 866 588 927 seque
622 848 770 909 adeo
802 850 1166 911 Demetrium
1201 851 1423 924 vocari,
1449 849 2052 930 Thessalonicamque

408 940 459 999 ei
495 937 738 1017 patriam
762 940 1555 1020 esse,militemqueexi3tere
1577 940 1859 1018 dignitate
1874 941 2048 1000 etiam

405 1027 718 1090 illustrem.
743 1027 1057 1090 Liberatur
1077 1029 1234 1090 illico
1267 1030 1519 1091 vinculis
1537 1029 2045 1109 archiepiscopus,

399 1124 458 1179 et
489 1135 660 1195 quam
699 1128 897 1196 posset
924 1119 1244 1181 celerrime
1276 1137 1437 1193 eum,
1471 1120 1572 1200 qui
1603 1120 1657 1180 ei
1700 1118 2042 1199 apparebat,

397 1205 777 1287 sequebatur.

480 1295 621 1360 2t0.
681 1295 822 1358 Dies
880 1297 1069 1378 prima
1131 1297 1381 1372 transiit,
1417 1297 1679 1360 secunda
1732 1299 1937 1361 aderat
1977 1316 2046 1360 ac

2136 673 2510 751 ἀπαλλαγῆναι
2578 671 2752 749 βούλει
2815 673 2909 728 καί
2967 674 3070 729 τῶν
3133 673 3362 751 δεσμῶν,
3418 679 3602 752 φησὶν,
3661 676 3780 733 ἀκο-

2137 762 2308 819 λούθει
2373 786 2482 838 μοι.
2548 763 2790 840 Γνωρίζει
2833 763 3005 835 τούτῳ
3062 767 3149 820 καὶ
3207 763 3372 840 ὄνομα
3416 768 3501 821 καὶ
3562 765 3779 843 πατρὲὂα

2135 857 2232 909 καί
2275 853 2503 929 ἀξίωμα,
2537 852 2616 908 ὅτι
2661 874 2718 908 τε
2772 856 3078 930 Δημήτριος
3125 854 3394 928 καλεῖται,
3445 860 3531 910 καὶ
3581 864 3778 912 Θεσσα-

2135 942 2319 1010 λονίκη
2390 944 2562 1015 τούτῳ
2633 941 2852 1018 πατρίς,
2927 944 3014 998 καὶ
3070 945 3402 1020 στρατιώτης
3489 946 3774 1024 τυγχάνει,

2133 1031 2378 1108 λαμπρὸν
2421 1035 2507 1088 καὶ
2558 1033 2616 1087 τὸ
2665 1031 2868 1107 ἀξίωμα
2927 1034 3313 1111 περικείμενος.
3347 1035 3540 1090 Λύεται
3601 1057 3776 1112 παρα-

2131 1127 2323 1201 χρῆμκ
2354 1127 2459 1177 τῶν
2502 1117 2708 1194 δεσμῶν
2741 1122 2767 1176 δ
2827 1121 3128 1201 ἀρχιερεὺς,
3175 1127 3270 1179 καί
3322 1125 3357 1200 ᾗ
3414 1121 3590 1180 ποδῶν
3653 1129 3772 1204 εἶχε

2128 1211 2353 1288 τάχους,
2388 1211 2463 1284 τῷ
2493 1210 2705 1289 φανέντι
2735 1209 3040 1270 ἀκολουθεῖ.

2210 1299 2305 1359 σι’.
2355 1299 2559 1376 Ἡμέρα
2607 1298 2873 1376 παρῆλθεν
2917 1302 2951 1367 ἡ
2998 1300 3207 1378 πρώτη,
3242 1303 3276 1368 ἠ
3322 1299 3537 1381 δευτέρα
3579 1308 3773 1381 παρῆν,

399 1395 530 1466 post
554 1385 704 1447 hanc
726 1389 901 1447 tertia
932 1395 990 1449 et
1011 1387 1096 1448 sic
1120 1387 1412 1468 deinceps
1433 1407 1622 1468 usque
1644 1388 1716 1449 ad
1751 1399 2038 1464 octavam,

2203 1391 2216 1446 ὶ
2275 1390 2390 1464 μετ’
2450 1389 2613 1456 αὐτὴν
2642 1388 2678 1455 ἡ
2739 1391 2915 1467 τρίτη,
2968 1392 3055 1446 καὶ
3106 1391 3325 1457 καθεξῆς
3369 1391 3498 1471 ἄρχι
3557 1395 3645 1449 καὶ
3686 1398 3778 1458 τῆς

399 1475 608 1536 ducem
634 1475 868 1537 itineris
892 1494 956 1537 se
977 1476 1276 1556 praebente
1310 1486 1587 1558 martyre,
1591 1478 1836 1559 jamque
1863 1496 2038 1557 prope

2203 1477 2346 1559 86ης,
2381 1477 2801 1555 ποδηγετοῠντος
2850 1488 2942 1536 τοῦ
2991 1477 3269 1558 μάρτυρος·
3319 1483 3406 1536 καὶ
3453 1482 3593 1537 κατὰ
3643 1490 3778 1539 Θεσ-

398 1561 880 1626 Thessalonicam
927 1575 1052 1627 erat
1080 1566 1590 1646 archiepiscopus,
1625 1577 1683 1627 et
1741 1585 1880 1630 ecce
1911 1586 2038 1628 eva-

2203 1567 2420 1636 λονίκην
2479 1568 2849 1646 ὂὰρχιθύτης,
2899 1567 3009 1624 ἰδού
3058 1568 3152 1624 καί
3211 1573 3239 1625 6
3296 1569 3490 1645 ὁδηγὸς
3549 1571 3775 1650 ἀφανής·

397 1655 588 1715 nescit
621 1657 729 1715 viae
761 1654 874 1716 dux
909 1677 924 1730 ;
961 1655 1260 1718 civitatem
1319 1655 1667 1734 ingreditur,
1703 1657 1836 1736 quis
1867 1656 1927 1716 in
1981 1675 2038 1717 ea

2203 1659 2302 1734 ιῇει
2352 1663 2448 1724 τὴν
2483 1655 2660 1729 πόλιν⁹
2693 1659 3004 1714 πυνθάνεται
3062 1659 3138 1719 τίς
3172 1662 3198 1714 6
3247 1660 3300 1715 ὲν
3331 1659 3463 1726 αὐτῆ
3515 1661 3779 1738 στρατιώ-

395 1742 472 1803 sit
525 1743 724 1819 miles,
775 1752 964 1823 rogat,
998 1763 1248 1807 narrans
1301 1743 1401 1826 qui
1448 1764 1582 1806 eum
1629 1764 1662 1805 a
1711 1745 2038 1824 captivitate

2210 1770 2258 1825 ς,
2312 1745 2658 1823 διηγούμενος
2716 1745 2862 1809 ὅπως
2913 1749 3067 1804 αὐτὸν
3109 1753 3210 1814 τῆς
3252 1748 3630 1828 αἰχμαλωσίας
3682 1750 3777 1806 λυ-

396 1831 717 1895 liberasset
743 1851 757 1908 ;
791 1834 986 1895 adhuc
1018 1835 1176 1894 enim
1202 1834 1642 1896 eProvidentize
1671 1835 2038 1897 ordinatione

2203 1837 2407 1893 bactm'
2466 1836 2623 1891 εἰσέτι
2679 1836 2778 1913 γὰρ
2837 1837 3050 1912 τρόποις
3110 1839 3414 1900 οἰκονομίας
3477 1839 3783 1896 κεκάλυπτο

397 1921 670 1984 miraculi
699 1941 732 1983 a
756 1929 1010 2002 martyre
1039 1924 1248 2003 patrati
1281 1925 1630 2003 mysterium
1664 1925 1859 2004 ipsum
1905 1923 2038 1985 late-

2231 1928 2292 1981 τὸ
2345 1930 2442 1992 τῆς
2498 1925 2822 2004 μαρτυρικῆς
2872 1928 3296 2005 θαυματουργὶας
3353 1930 3678 2004 μυστήριον,
3711 1932 3781 1992 ὡς

397 2010 516 2085 bat,
543 2019 606 2072 ut
634 2012 829 2073 adhuc
862 2012 1049 2090 magis
1073 2010 1478 2092 divulgaretur
1519 2012 1854 2092 prodigium
1883 2032 2044 2074 mar-

397 2099 626 2180 tyrique
651 2101 721 2161 ad
744 2100 996 2179 gloriam
1022 2102 1264 2162 cederet
1287 2101 2047 2183 miraculum.Simulatque

392 2189 574 2269 igitur
602 2191 910 2252 audientes
940 2191 999 2252 in
1024 2190 1427 2271 cognitionem
1460 2192 1570 2265 rei,
1611 2211 1717 2272 per
1738 2191 1954 2254 factum
2013 2213 2047 2255 a

394 2288 648 2361 martyre
704 2281 1056 2341 miraculum
1094 2289 1357 2362 patratae,
1396 2290 1709 2361 venerunt,
1746 2283 1816 2342 ad
1851 2282 2042 2362 ipsam

393 2368 560 2431 illum
585 2387 814 2431 sacram
840 2370 1114 2451 martyris
1135 2368 1442 2432 basilicam
1476 2371 1819 2444 deducunt;
1849 2374 2040 2433 statim

399 2469 597 2521 autem
621 2467 800 2539 atque
823 2468 979 2521 esset
995 2460 1318 2539 ingressus,
1339 2479 1407 2522 ac
1430 2461 1488 2520 in
1515 2461 1686 2522 icone
1722 2471 2043 2541 martyrem

397 2551 978 2631 vidisset,simulque
1002 2559 1059 2612 et
1087 2551 1598 2612 enseinstructuin
1632 2560 1691 2613 et
1721 2571 1875 2633 equo
1906 2554 2049 2614 insi-

397 2641 634 2702 dentem
669 2642 1042 2721 conspiceret
1063 2659 1199 2702 esse
1222 2640 1389 2702 illum
1412 2641 1510 2721 qui
1539 2640 1651 2702 sibi
1675 2643 2041 2722 apparuiset,

392 2729 793 2792 asseverabat.
828 2730 1121 2792 Continuo
1154 2730 1233 2809 ei,
1264 2749 1397 2806 quae
1427 2733 1497 2790 ad
1527 2731 1883 2793 miraculum
1908 2751 2040 2811 spe-

391 2819 1016 2896 ctarent,manifestata
1041 2821 1550 2900 sunt,cadensque
1579 2821 1637 2880 in
1664 2821 1878 2883 faciem
1912 2823 2040 2884 Deo

393 2918 452 2972 et
475 2909 728 2989 martyri
759 2913 976 2987 gratias
1006 2909 1249 2988 agebat.

472 2999 610 3063 211.
637 2999 705 3062 Et
735 3020 915 3076 nunc,
944 3000 1376 3076 exclamabant,
1402 3008 1716 3082 martyrem
1743 3019 1914 3063 suum
1937 3003 2042 3062 mi-

393 3091 542 3153 sisse
558 3089 898 3165 Dominum,
938 3108 1135 3168 neque
1157 3110 1189 3152 e
1215 3111 1391 3154 manu
1421 3092 1809 3170 afﬂigentium
1846 3111 1942 3153 me
1973 3111 2100 3177 acc

393 3179 469 3243 de
499 3180 621 3242 luto
652 3180 816 3242 faecis
847 3179 1157 3256 liberasse,
1195 3181 1496 3262 pedesque
1529 3200 1693 3243 meos
1725 3181 2036 3259 direxisse,

393 3287 710 3349 cognosco.
735 3270 948 3330 Anima
972 3288 1102 3331 mea
1120 3271 1502 3350 pertransivit
1522 3270 1890 3332 vinculorum
1914 3272 2038 3332 fer-

389 3357 700 3438 rum,ipsaa
731 3376 941 3419 manus
964 3376 1113 3419 meae
1135 3357 1194 3419 in
1217 3358 1474 3440 cophino
1495 3360 1828 3420 servierunt
1859 3380 1874 3436 ;
1905 3361 2035 3440 sed,

389 3465 557 3522 ecce,
591 3467 752 3510 nunc
799 3447 934 3510 illas
989 3467 1123 3510 cum
1180 3448 1379 3511 laetitia
1437 3449 1628 3525 elevo,
1679 3449 1845 3510 unde
1889 3451 2032 3511 mihi

387 3537 682 3599 auxilium
737 3538 916 3600 venit.
952 3539 1040 3600 Ac
1089 3539 1278 3600 Deum
1329 3539 1570 3620 quidem
1602 3556 1706 3600 ore
1758 3539 2033 3618 magniﬁ-

387 3626 576 3702 cabat,
610 3627 799 3689 oculis
829 3637 1026 3688 autem
1060 3627 1394 3707 subjectum
1439 3628 1645 3710 templi
1679 3630 1870 3689 solum
1905 3647 2035 3690 ma-

387 3716 763 3793 defaciebat;
814 3716 868 3778 ei
899 3716 1057 3778 enim
1113 3736 1234 3797 prae
1287 3718 1486 3780 laetitia
1530 3718 1709 3779 simul
1756 3725 1814 3780 et
1865 3737 2034 3780 com-

383 3807 705 3886 punctione
737 3807 1328 3887 lacrymaaﬁcatebrae
1344 3808 1405 3868 in
1432 3807 1669 3868 modum
1697 3817 2034 3888 manantes,

381 3894 724 3958 affluebant.
758 3895 910 3957 Hinc
939 3915 1148 3957 novam
1183 3897 1385 3958 civitas
1441 3907 1560 3958 tota
1589 3896 1734 3958 tanti
1787 3897 2037 3977 prodigii

377 3984 754 4046 festivitatem
826 3983 1170 4049 celebrabat
1239 3987 1503 4068 martyri,
1563 3987 2038 4068 miraculumque

378 4073 722 4137 extollebat.

461 4253 600 4317 212.
657 4253 763 4317 Ille
791 4261 987 4316 autem
1040 4254 1529 4336 archiepiscopus
1572 4255 1895 4335 Cyprianus
1923 4273 2030 4316 ca—

2126 2017 2204 2071 ἒτι
2264 2014 2468 2090 μᾶλλον
2512 2013 2884 2089 δημοσιεύοιτο
2929 2017 2989 2071 τὸ
3037 2019 3334 2094 τεράστιον,
3385 2017 3481 2072 καῖ
3539 2017 3780 2094 μεγαλύ-

2130 2126 2274 2161 νοιτο
2342 2111 2418 2177 τῷ
2500 2105 2719 2183 μάρτυρι
2781 2105 2840 2160 τὸ
2909 2105 3223 2178 θαυμάσιον.
3283 2108 3377 2169 Ὠς
3451 2114 3579 2183 γοῦν
3653 2109 3781 2184 πρὸς

2130 2200 2322 2271 γνῶσιν
2369 2195 2415 2248 οἱ
2447 2193 2728 2250 ἀγούοντες
2785 2194 3048 2273 γένοιντο,
3080 2195 3154 2258 ὡς
3209 2195 3274 2250 τὰ
3317 2202 3410 2251 τοῦ
3468 2197 3786 2274 πράγματος

2129 2284 2518 2360 θαυματουργία
2598 2284 2915 2362 μαρτυρική,
3008 2285 3079 2349 εἰς
3149 2285 3279 2342 αὐτὰ
3339 2291 3525 2340 τοῦτον
3596 2284 3785 2362 ἄγουσι

2127 2383 2218 2428 τοὺ
2279 2373 2539 2450 μάρτυρος
2573 2373 2639 2428 τὰ
2695 2377 2814 2430 θεῖα
2845 2374 3094 2451 ἁνάτορα·
3157 2375 3184 2429 6
3227 2371 3280 2428 δὲ
3330 2374 3441 2447 ἅμα
3496 2396 3556 2429 τε
3616 2377 3785 2451 εἰσῄει

2131 2463 2219 2518 καὶ
2267 2467 2334 2537 τῇ
2395 2463 2554 2518 εἰκόνι
2586 2464 2675 2518 τὸν
2734 2463 2971 2541 μάρτυρα
3029 2460 3142 2519 ἴδοι
3184 2464 3268 2519 καὶ
3299 2461 3591 2543 ξιφηφόρον
3653 2468 3784 2539 ὁμοῦ

2129 2553 2216 2607 καὶ
2288 2554 2523 2619 ἱπποτην
2581 2552 2846 2628 θεάσοιτο,
2884 2554 3039 2608 αὐτὸν
3089 2552 3294 2608 ἐκεῖνον
3336 2552 3428 2608 τὸν
3474 2554 3710 2632 φανέντα
3737 2558 3782 2610 οἱ

2129 2642 2354 2717 παρευθ)
2425 2641 2949 2719 ἀναγνωρισάμενος·
3013 2645 3130 2699 τότε
3187 2640 3252 2708 δὴ
3308 2643 3429 2697 τότε
3502 2643 3780 2700 tinam)!»-

2130 2751 2314 2786 πτεται
2370 2735 2510 2804 αὒτῷ
2561 2731 2621 2787 τὰ
2654 2738 2746 2787 τοῦ
2797 2732 3085 2805 θαύματος,
3134 2733 3218 2788 καὶ
3265 2733 3444 2788 πεσών
3477 2733 3551 2794 εἰς
3602 2736 3778 2811 πρὸσο

2124 2841 2271 2874 ωπον
2331 2818 2771 2898 ὴνθωμολογεϊτο
2837 2821 2905 2876 τὰ
2975 2822 3301 2902 χαριστήρια
3361 2826 3477 2894 Θεῷ
3557 2825 3648 2878 καὶ
3708 2829 3782 2896 τῷ

2124 2909 2370 2988 μάρτυρι,

2300 3003 2316 3025 ν
2486 2999 2500 3019 ι
2591 2999 2615 3012 ν
2699 2997 2723 3019 ν
3021 3001 3032 3016 ο
3141 2999 3166 3016 η
3341 2999 3361 3033 λ
3401 3023 3427 3034 η
3652 3001 3666 3022 ν

2205 3021 2337 3060 σια.
2399 2999 2503 3058 Και
2559 3021 2645 3055 νυν
2701 3021 2891 3078 εγνων,
2945 2997 3093 3071 ἐϐοα,
3139 3021 3218 3055 οτι
3263 2998 3544 3056 (manu);
3593 3011 3782 3079 Κυριος

2123 3089 2214 3144 τὸν
2276 3089 2510 3166 μάρτυρα
2541 3086 2724 3163 αὐτοῦ,
2756 3089 2845 3144 καὶ
2898 3085 3148 3165 ἒῤῥῦσατό
3205 3109 3271 3163 με
3322 3091 3385 3145 εκ
3433 3091 3614 3168 χειρὸς
3680 3092 3780 3146 tino

2122 3175 2408 3234 θλιϐόντων
2471 3198 2560 3254 με,
2595 3178 2680 3232 καὶ
2738 3176 2844 3232 ἀπὸ
2876 3175 3051 3243 πηλοῦ
3097 3177 3262 3241 ἰλύος·
3325 3179 3409 3232 καὶ
3442 3179 3671 3245 ἔστησεν
3729 3180 3782 3236 ἐν

2124 3267 2412 3345 εὐρυχώρῳ
2467 3267 2591 3328 κοὺς
2651 3263 2818 3329 πόδας
2891 3288 3019 3346 μου³
3067 3266 3154 3322 καὶ
3197 3265 3261 3322 τα
3319 3265 3625 3343 διαδήματά
3680 3293 3782 3344 μου

2123 3358 2421 3416 κατεύθυνε.
2481 3355 2704 3433 Σίδηρον
2768 3353 2979 3422 διῆλθεν
3033 3357 3066 3423 ἡ
3137 3358 3290 3435 ψυχή
3365 3379 3468 3429 μου
3528 3360 3619 3413 τὸν
3675 3364 3783 3414 τῶν

2121 3444 2355 3522 δεσμῶν·
2405 3447 2457 3503 αἱ
2501 3445 2687 3525 χεῖρές
2733 3467 2836 3520 μου
2865 3448 3020 3501 αὗται
3050 3445 3103 3501 ἐν
3148 3450 3227 3519 τῷ
3259 3446 3458 3524 κοφίνῴ
3497 3445 3782 3505 ἑνδουλευ-

2117 3555 2239 3592 σαν·
2298 3535 2434 3592 ἀλλὰ
2489 3543 2600 3610 νῦν,
2635 3535 2766 3608 ἰδοὺ,
2820 3533 2959 3613 αἴρω
3016 3536 3208 3596 ταύτας
3271 3533 3390 3611 μετ’
3449 3536 3782 3617 εὐφροσύνης

2117 3624 2234 3681 ὅθεν
2284 3627 2319 3694 ἡ
2353 3625 2569 3702 βοήθειά
2625 3646 2729 3700 μου
2761 3622 3024 3680 ἐλέλυθενο
3069 3626 3156 3680 καὶ
3206 3625 3428 3698 στόματι
3484 3625 3584 3700 μὲν
3646 3631 3782 3684 Θεὸν

2119 3713 2464 3792 ἐμεγάὶυνεν,
2497 3713 2549 3780 ἐξ
2607 3715 2865 3788 ὀμμάτων
2922 3713 2977 3770 δὲ
3025 3715 3086 3770 τὸ
3126 3714 3480 3790 ὑποκείμενον
3522 3726 3617 3774 τοῦ
3677 3718 3781 3773 νεὼ

2117 3802 2442 3884 κατέϐρεχεν
2499 3801 2711 3883 ἔδαφος·
2778 3801 3067 3881 κροννηδὸν
3147 3805 3249 3882 γὰρ
3319 3807 3464 3872 αὐτῷ
3533 3805 3777 3884 κττέῤῥει

2117 3896 2178 3950 τὸ
2207 3899 2305 3961 τῆς
2364 3899 2537 3974 χαρᾶς
2569 3895 2702 3966 ὁμου
2753 3895 2841 3949 καὶ
2873 3891 3203 3958 κατανύξεως
3259 3891 3503 3971 δάκρυον.
3564 3893 3777 3952 Ἐντεῦ-

2115 3985 2200 4039 θεν
2245 3984 2279 4052 ἡ
2310 3983 2466 4047 πόλις
2525 3988 2670 4038 πᾶσα
2711 3979 2901 4059 ἑορτὴν
2950 3980 3121 4048 ἄλλην
3150 3986 3248 4046 τῆς
3292 3981 3516 4050 τηλίκης
3564 3987 3777 4060 θαυμα-

2113 4075 2358 4150 τουργίας
2430 4071 2679 4151 ἐκρότουν
2751 4075 2828 4144 τῷ
2901 4073 3146 4152 μάρτυρι.¹
3221 4074 3306 4129 καὶ
3364 4074 3424 4129 τὸ
3490 4073 3775 4150 τεράστιον

2115 4161 2455 4236 ἔμεθάλυνον,

2194 4252 2328 4327 σιβ⁹.
2380 4241 2438 4308 ’0
2485 4249 2539 4308 δὲ
2569 4251 2851 4332 ἀρχιερεὺς
2885 4251 3094 4315 ἐκεῖθος
3147 4254 3464 4332 Κυπριανὸς,
3499 4254 3528 4308 6
3561 4254 3772 4333 αἰχμά-

379 4344 594 4425 ptivus,
612 4342 1031 4420 vinctus,liber
1051 4349 1110 4405 iu
1147 4353 1426 4426 martyre,
1453 4343 2028 4424 Constantinopolim

2203 4362 2312 4420 τος,
2361 4343 2388 4396 ὃ
2438 4339 2680 4416 δέσμιος,
2729 4344 2755 4397 ὁ
2809 4340 3078 4419 ἐλεύθερος
3130 4341 3184 4396 ἐν
3241 4343 3318 4416 τῷ
3373 4344 3621 4421 μάρτυρι²
3677 4345 3770 4410 τὴν

377 4444 510 4515 post
530 4435 654 4497 haec
682 4450 1028 4514 properans,
1062 4452 1176 4513 que
1219 4433 1275 4495 ei
1305 4443 1443 4495 ante
1474 4433 1864 4513 captivitatem
1898 4433 2030 4495 fue-

2203 4431 2518 4487 ινσταντίνου
2566 4432 2702 4504 μετὰ
2731 4433 2895 4487 ταῦτα
2951 4428 3362 4509 κενταλαϐὼνιῇ
3391 4433 3458 4488 τὰ
3489 4436 3589 4497 τῆς
3633 4455 3768 4509 προ-

378 4531 512 4584 rant
543 4523 864 4603 prOposita,
893 4525 1138 4593 curavit,
1178 4521 1532 4584 miraculum
1567 4523 1744 4584 etiam
1779 4523 2026 4600 ibidem,

2208 4541 2307 4584 εως
2359 4521 2530 4595 τούτῳ
2569 4521 2634 4577 τὰ
2689 4520 2784 4587 τῆς
2830 4519 3207 4600 αἰχμαλωσίας
3262 4522 3582 4598 κατήπειγε,
3614 4522 3769 4577 κάκεῖ

378 4612 537 4688 quod
561 4613 613 4672 ei
641 4631 674 4672 a
699 4619 903 4672 sancto
922 4610 1222 4672 Demetrio
1247 4611 1860 4692 obtigerat,enarrans
1886 4613 2034 4674 Iibe-

2232 4609 2319 4666 ἐπ’
2352 4612 2492 4685 αὒτῷ
2537 4617 2630 4667 τοῦ
2665 4613 2972 4687 Δημητρίου
3018 4611 3308 4685 θαυμάσιον
3340 4609 3757 4688 διηγησάμενος,

375 4718 566 4782 reque
597 4699 922 4778 divulgans.
963 4701 1278 4781 Postquam
1318 4721 1496 4783 porro
1537 4721 1744 4765 rursus
1776 4702 1846 4764 ad
1881 4704 2031 4765 ovile

378 4809 555 4854 suum
581 4789 1152 4870 venisset,templum
1179 4791 1411 4870 ingens,
1439 4791 1612 4854 veluti
1645 4793 1720 4854 de
1745 4791 2019 4873 redemp-

380 4881 544 4943 tione
564 4899 672 4944 sua
691 4879 989 4960 Magno(6)
1008 4879 1222 4958 gratias
1238 4899 1442 4959 agens,
1469 4880 1670 4944 divino
1695 4882 1780 4944 illi
1805 4882 2038 4944 nomini

382 4971 620 5047 excitat,
656 4970 924 5051 illudque
950 4981 1008 5030 et.
1043 4978 1216 5032 ornat
1247 4978 1304 5032 et
1335 4971 1607 5032 illustrat.
1642 4970 1864 5034 Verum
1898 4991 2033 5033 cum

379 5069 440 5122 et
473 5078 792 5135 marmora,
830 5067 894 5120 ut
944 5077 1050 5137 per
1077 5077 1146 5121 ea
1191 5061 1429 5140 martyri
1463 5061 1748 5142 templum
1794 5069 2036 5123 ornaret

382 5150 778 5232 splendidius,
810 5168 959 5230 opus
985 5151 1036 5209 ei
1058 5161 1283 5212 essent.
1313 5150 1538 5212 socium
1560 5150 1620 5212 in
1641 5149 1846 5212 labore
1867 5151 2030 5212 illum

377 5239 624 5304 invenit.
664 5239 723 5300 Ei
749 5240 907 5301 enim
927 5247 1194 5320 apparet,
1217 5258 1405 5318 seque
1437 5241 1740 5322 appulsam
1769 5241 1828 5302 in
1863 5249 2032 5321 portu

379 5329 743 5408 navim,quze
767 5328 1108 5391 necessaria
1131 5327 1330 5391 futura
1359 5331 1717 5406 contineret,
1723 5331 1844 5410 jam
1873 5348 2032 5392 nunc

463 5517 548 5596 (6)
601 5517 686 5578 Ita
714 5517 811 5600 hic
843 5525 1112 5600 sanctus_
1136 5517 1499 5600 Demetrius,
1533 5521 1634 5600 qui
1681 5519 2029 5600 μεγαλομάρ-

380 5595 554 5678 τυρος,
610 5598 808 5674 magni
867 5595 1170 5679 martyris,
1224 5598 1394 5662 titulo
1453 5595 1495 5662 α’
1532 5595 1775 5664 Graecis"
1809 5595 2030 5682 passim

2351 4697 2396 4736 ’,ι
2583 4701 2594 4718 ν
2739 4721 2759 4735 ρ
2843 4699 2859 4723 ν
2976 4700 2990 4720 π
3121 4702 3132 4720 ι
3232 4701 3246 4720 ν
3398 4708 3463 4734 --
3696 4723 3716 4735 .

2116 4721 2204 4755 και
2263 4719 2808 4780 παρρησιασαμενονω
2869 4707 2994 4756 Επει
3051 4717 3138 4755 και
3195 4701 3340 4764 αυθις
3408 4725 3476 4773 .ῳ
3532 4702 3763 4780 σφετέρῳ

2117 4790 2348 4864 ποιμνίῴ
2401 4789 2631 4866 γένοιτο,
2666 4791 2755 4845 τὸν
2811 4791 2980 4867 μεγαν
3023 4790 3252 4864 ὡσπερεὶ
3305 4787 3638 4864 δεξιούμενος
3670 4795 3764 4856 τῆς

2117 4878 2536 4958 ἀπολυτρώσεως
2587 4881 2712 4936 ναὸν
2767 4880 2955 4956 ἐγείρει
3003 4879 3088 4934 ἐπὶ
3143 4885 3221 4953 τῷ
3271 4880 3393 4951 θείῳ
3437 4880 3613 4952 τούτῳ
3640 4881 3764 4936 ὀνό-

2118 4990 2268 5048 ματι,
2333 4967 2603 5043 καλλύνει,
2663 4968 2956 5048 λαμπρύνει
3039 4986 3248 5025 τουτονο
3325 4968 3463 5026 ἀλλὰ
3506 4971 3608 5048 γὰρ
3681 4971 3765 5026 καὶ

2118 5059 2408 5137 μαρμαίρων
2468 5059 2590 5115 ἀπεὶ
2649 5060 2722 5122 εἰς
2776 5058 2933 5138 χρεία
2982 5058 3289 5116 καθίσταται
3343 5059 3414 5124 ὥς
3469 5056 3540 5114 δι’
3597 5058 3765 5116 αὖτῶν

2117 5147 2451 5226 φαιδρότερον
2511 5146 2898 5204 κατακαλλύνει
2959 5153 3036 5221 τῷ
3085 5148 3306 5226 μάρτυρι
3367 5149 3456 5205 τὸν
3503 5151 3655 5228 ναὸν,
3687 5148 3769 5204 εὖ.

2115 5238 2279 5312 ρίσκει
2322 5244 2508 5295 τοῦτον
2566 5236 2846 5314 σένέριθον’
2909 5238 3148 5316 φαίνεται
3206 5240 3305 5315 γὰρ
3363 5238 3525 5311 αὒτῴ,
3562 5241 3649 5294 καὶ
3706 5239 3765 5292 τὸ

2116 5325 2169 5381 ἒν
2210 5330 2288 5401 τῷ
2317 5325 2520 5404 λιμένει
2571 5340 2761 5383 πλοῖον
2817 5325 3144 5405 προσκεῖλαν
3203 5325 3320 5404 ἄρτι
3350 5327 3540 5406 φάσκει
3587 5328 3761 5408 ἑωρα-

2113 5522 2549 5588 cc—ndecoratur,
2586 5520 3040 5581 antonomastice
3082 5521 3506 5595 quodammodo
3532 5535 3633 5580 seu
3664 5533 3761 5595 per

2113 5605 2510 5663 excellentiam
2541 5602 2892 5662 nominatur.
