3938 6134
175 282 332 348 1405

1258 285 1318 348 S.
1364 284 1740 348 DEMETRII
1801 283 2198 348 MARTYRIS
2260 287 2471 351 ACTA.

3396 280 3548 349 1406

171 416 392 484 θνάσκει
427 418 639 494 βιαίως,
694 418 858 481 οὕτως
917 421 944 475 ὁ
1004 416 1180 483 ἄθλιος
1237 423 1336 485 τῆς
1391 419 1583 482 οἰκείας
1640 419 1822 482 κακίας

1936 419 2322 482 ntestinorum
2354 420 2512 484 illius
2554 423 2903 501 sanguinem
2935 422 2996 482 in
3027 421 3190 483 multi
3223 420 3545 500 sanguinis,

176 509 266 564 καὶ
327 509 699 580 ματαιότητος
760 507 1085 584 δρεψάμενος
1153 508 1270 570 τοὺς
1346 509 1595 583 καρποὺς,
1639 509 1832 588 μέχρις

170 599 332 654 αὐτοῦ
390 598 606 671 τρυγίαν)
662 598 722 652 τὸ
782 595 937 653 γονδυ
992 600 1084 653 τοῦ
1133 600 1296 671 θυμοῦ
1365 596 1582 667 ἐκπιὼν,
1634 600 1718 653 καὶ
1774 599 1832 653 τὸ

178 689 278 750 τῆς
368 685 538 761 ὀργῆς
625 686 808 762 Κυρίου
897 688 1182 761 ποτήριον,
1269 687 1355 740 καὶ

169 775 309 830 Θείου
385 770 541 848 ξυροῦ
596 775 667 836 εἷς
727 786 918 850 πεῖραν
992 773 1176 831 ἐλθών.
1247 773 1583 854 Ἐπεπράφη
1649 777 1747 853 γὰρ
1801 779 1828 830 ὁ

167 863 328 924 πόνος
386 865 552 918 αὗτοῠ
608 863 678 926 εἷς
752 862 990 942 κεφαλὴν
1049 865 1225 934 αὐτοῦ,
1287 865 1373 917 καὶ
1448 865 1532 918 ἐπὶ
1597 865 1828 942 κορυφὴν

167 951 264 1024 μὲν
315 952 351 1017 ἡ
412 947 590 1006 ἀδικία
641 951 801 1007 αὒτοῦ
839 949 1060 1016 κατέϐη·
1115 953 1184 1016 εἷς
1233 951 1417 1027 βόθρον
1449 949 1496 1006 δ’
1548 952 1605 1007 ὃν
1649 953 1825 1030 εἰργά-

169 1061 340 1111 cato,
392 1037 671 1114 πέπτωκέ,
723 1041 809 1096 καὶ
853 1042 946 1114 μία
1006 1040 1300 1117 μαρτυρικὴ
1350 1039 1494 1114 βολὶς
1555 1043 1626 1105 εἷς
1682 1040 1827 1096 ἐκδί-

171 1150 331 1193 ιησιν
383 1125 581 1198 ἤρκεσε
630 1134 734 1182 τῶν
787 1127 1000 1184 πολλῶν
1055 1129 1254 1184 ἐκεινου
1299 1136 1497 1202 κακῶν,
1555 1131 1639 1185 καὶ
1683 1133 1825 1204 αἷμα

169 1215 354 1294 ἐξέχεε
400 1213 603 1271 δίκαιον
651 1222 754 1271 τῶν
820 1217 1058 1294 ἐγκάτων
1118 1219 1275 1274 αὐτοῦ
1318 1216 1528 1274 πολλῶν
1589 1219 1825 1292 αἱμάτων

171 1302 367 1359 ἀδίκων
399 1305 681 1361 α-ιτίπονον
693 1353 704 1366 ,

263 1449 455 1511 t2.En
484 1467 639 1510 nunc
661 1449 994 1510 versionem
1031 1450 1314 1512 Latinam:
1335 1451 1514 1512 «Tum
1547 1452 1830 1512 continuo

173 1546 356 1600 nocte
389 1537 754 1617 intempesta
787 1538 1033 1600 ultionis
1066 1557 1185 1600 suae
1215 1539 1473 1618 gladium
1507 1538 1664 1601 Deus
1697 1549 1830 1602 tan-

172 1626 309 1688 dem
330 1627 783 1706 strinxit,atque
812 1627 870 1687 in
895 1628 1020 1688 zelo
1053 1629 1347 1709 martyris,
1372 1630 1550 1690 veluti
1583 1629 1641 1689 in
1675 1640 1826 1702 cote,

172 1714 652 1778 exacuit.Subito
680 1715 863 1793 igitur
887 1725 1084 1777 custos
1117 1736 1251 1778 vere
1275 1719 1434 1796 vigil,
1462 1718 1830 1799 civitatisque

171 1813 395 1866 nostrae
426 1823 652 1885 praeses
685 1823 753 1866 ac
787 1823 1034 1883 magnus
1066 1806 1264 1884 magni
1295 1807 1472 1885 Regis
1506 1809 1677 1869 miles
1709 1797 1827 1872 De-
1857 1797 1891 1844 Β

174 1894 619 1971 metrius,eqno
653 1893 785 1956 albo
818 1895 1108 1970 insidens,
1143 1895 1530 1974 Bulgarorum
1569 1898 1690 1976 regi
1722 1917 1828 1974 ap-

173 1990 360 2062 paret,
399 1983 742 2064 miseroque
775 1982 930 2046 illico
959 1983 1173 2045 vulnus
1196 1985 1413 2045 lethale
1448 1986 1683 2064 inﬂigit.
1723 1987 1832 2049 Hic

177 2080 373 2132 autem
429 2071 627 2132 statim
688 2091 1046 2151 magnopere
1091 2073 1424 2134 vociferans
1485 2093 1828 2154 supremum

179 2161 485 2222 exercitus
518 2161 609 2223 sui
631 2162 843 2222 ducem
869 2161 1438 2234 Manastram,veluti
1465 2163 1738 2224 videlicet
1759 2164 1832 2224 ab

182 2268 250 2312 eo
282 2249 1058 2321 lasusjnclamabatﬂunc
1091 2251 1384 2330 enim,qui
1410 2253 1832 2332 equitaret,ge-

184 2357 399 2400 neroso
431 2358 502 2401 ac
525 2340 806 2421 albo,quo
834 2340 1184 2413 vehebatur,
1213 2360 1364 2419 equo
1391 2343 1707 2402 tentorium
1734 2343 1830 2402 in-

177 2446 469 2506 gressum,
508 2429 885 2509 hastamque,
919 2448 1090 2506 quam
1124 2448 1324 2489 secum
1359 2429 1606 2505 ferebat,
1643 2432 1701 2492 in
1730 2450 1833 2491 cor

177 2534 344 2578 suum
382 2517 841 2596 demergentem
876 2537 1006 2578 sese
1029 2518 1246 2578 intueri
1279 2519 1648 2581 existimabat
1675 2537 1689 2593 ;
1716 2520 1828 2580 ite-

176 2623 428 2686 rumque
489 2624 557 2666 ac
589 2625 746 2686 saepe
799 2606 964 2667 illum
1003 2605 1382 2680 inclamabat,
1417 2608 1494 2668 ita
1542 2621 1604 2670 ut
1640 2619 1696 2669 et
1744 2609 1831 2668 eis

177 2692 540 2755 clamoribus
562 2695 848 2755 excitatus
870 2695 1144 2774 lectoque
1171 2695 1454 2757 exsiliens
1482 2696 1655 2776 (tentr
1674 2697 1828 2758 rium

181 2782 336 2843 enim
371 2792 503 2843 erat
536 2782 596 2842 in
633 2782 876 2863 vicinia)
925 2783 1342 2860 ingrederetur
1374 2804 1442 2844 ac
1474 2785 1830 2866 circumspi-

179 2879 359 2945 ceret,
398 2889 586 2952 seque
637 2872 826 2951 ipsum
869 2873 1233 2944 ostenderet,
1266 2891 1333 2932 ac
1385 2874 1483 2953 qui
1533 2874 1620 2934 Tu
1673 2895 1829 2954 mox,

182 2977 332 3039 equo
359 2968 458 3021 tuo
491 2960 626 3021 albo
661 2962 774 3020 huc.
817 2963 1122 3040 advectus,
1158 2962 1324 3022 hasta
1361 2982 1454 3023 me
1484 2963 1830 3037 intermisti,

184 3048 782 3128 audiret,timorcque
809 3050 1237 3129 percelleretur
1257 3068 1324 3112 ac
1348 3051 1594 3114 diceret:
1631 3057 1720 3116 Ne
1750 3063 1806 3114 tu

183 3235 272 3285 est
302 3228 384 3299 id,
417 3247 538 3288 non
567 3236 679 3289 cst.
713 3226 979 3307 Species,
1007 3248 1121 3288 non
1163 3229 1402 3303 ieritas,
1439 3231 1538 3291 tibi
1572 3231 1831 3297 obvenit.

182 3312 304 3388 Ille,
334 3317 508 3396 plaga
539 3317 834 3395 profunde
862 3327 1184 3398 accepta,gi
1206 3321 1390 3380 aviter
1422 3321 1832 3400 torquebatur,

181 3405 615 3466 vociferabatur
643 3424 710 3466 ac
739 3405 1016 3483 ejulabat.

264 3525 358 3585 t3.
396 3548 417 3580 ιι
444 3521 670 3586 Ventre
689 3522 869 3602 igitur
891 3524 1081 3584 statim
1112 3524 1828 3599 lancinatur,sufﬁcienti-

185 3630 294 3690 que
325 3613 498 3694 copia
528 3613 876 3689 sanguinem
920 3621 1250 3694 recentem,
1276 3623 1338 3674 ut
1371 3614 1502 3687 tibi,
1539 3616 1824 3686 Demetri,

186 3717 284 3777 pro
309 3709 407 3763 tua
441 3703 552 3763 hac
577 3700 813 3762 civitate
851 3700 1231 3762 inimicorum
1267 3705 1556 3781 sanguine
1589 3722 1692 3782 pes
1721 3705 1831 3765 lin-

185 3796 366 3871 satur,
399 3792 680 3853 deorsum
706 3789 944 3860 emittit,
969 3792 1211 3871 jamque
1235 3791 1441 3871 incipit
1462 3792 1662 3854 animo
1681 3794 1827 3854 dcti-

182 3895 334 3939 cere.
367 3879 512 3942 Hmc
545 3897 866 3958 supremus
886 3879 1185 3940 exercitus
1213 3881 1345 3959 ejus
1367 3879 1484 3941 dux
1507 3884 1830 3943 Manastras

183 3969 579 4048 conspicatus,
607 3987 738 4029 cum
764 3985 900 4030 eum
933 3987 1104 4047 quam
1125 3970 1310 4048 potuit
1333 3969 1646 4032 celerrime
1677 3990 1828 4049 equo

183 4057 457 4136 supinum
478 4057 880 4138 imposuisset,
907 4075 1086 4119 cursu
1106 4060 1396 4120 concitato
1429 4060 1596 4139 fugit,
1619 4061 1828 4122 saluti-

185 4161 296 4223 que
313 4165 422 4208 con
436 4146 633 4208 sulent
656 4145 969 4208 celerrime
995 4147 1204 4226 pedem
1227 4147 1678 4229 refert,unaque
1693 4169 1824 4212 cum

189 4231 282 4294 illo
310 4253 376 4296 ac
401 4253 512 4316 per
536 4236 668 4314 ejus
691 4234 1036 4296 mandatum
1060 4237 1258 4297 omnis
1283 4255 1354 4298 ea
1381 4238 1696 4299 innumero
1723 4240 1827 4300 mi-

185 4320 344 4384 litum
379 4324 725 4399 multitudo,
759 4323 840 4385 ita
870 4323 1244 4400 festinanter,
1273 4345 1340 4386 ac
1372 4327 1421 4387 si
1453 4327 1692 4403 quidam
1725 4346 1824 4389 se-

187 4413 442 4475 cundum
468 4412 726 4474 fabulam
751 4415 956 4475 Borea!
975 4414 1077 4474 filii
1105 4433 1208 4475 eos
1226 4413 1825 4495 insequerentur.Ti-

1916 500 2138 588 injuste
2163 511 2356 585 effusi,
2391 530 2623 592 penam
2659 500 2889 573 effudit.
2925 536 2952 566 π

2001 601 2094 662 id.
2130 599 2264 661 Hazc
2297 600 2426 662 loco
2458 620 2635 681 supra
2665 603 2838 661 citato
2867 599 3129 664 Joannes
3161 599 3496 662 Stanracius
3531 623 3546 681 ;

1439 688 1822 760 μεμεθυσμένα.

1936 706 2115 749 rerum
2149 707 2329 760 anne,
2361 691 2446 751 uti
2478 691 2642 752 hisce
2673 690 2873 753 Graece
2901 689 3073 751 simul
3108 698 3166 750 et
3195 691 3399 752 Latine
3427 691 3548 768 jam

1910 777 2171 839 recitatis
2188 779 2378 840 verbis
2404 779 2888 855 tradit,‘Joannes
2920 799 3021 839 seu
3041 778 3551 858 Joannitius,Bul-

1910 884 2185 944 garorum
2218 867 2491 944 rex,dum
2523 868 3000 932 Thessalonicam
3033 867 3395 930 obsideret.a
3425 888 3552 930 san-

1912 966 2008 1017 cto
2039 957 2364 1036 Demetrio,
2402 975 2568 1037 opem
2610 959 2747 1018 huic
2769 957 2985 1019 civitati
3013 975 3134 1018 suae
3157 959 3332 1020 natali
3362 959 3556 1036 prodi-

1911 1044 2073 1123 giose
2098 1044 2350 1116 ferente,
2371 1046 2568 1124 reipsa
2599 1045 2704 1106 fuit
2736 1045 3010 1108 occisus?
3039 1046 3259 1107 Auctor
3280 1047 3380 1108 illo
3413 1053 3552 1127 qui-

1913 1133 2580 1212 dem,quemadmodum
2608 1137 2666 1196 in
2689 1135 3129 1198 Commentario
3149 1138 3365 1212 praevio
3383 1156 3543 1197 num.

1913 1224 1990 1284 26
2021 1221 2219 1295 docui,
2251 1224 2467 1284 saeculo
2503 1231 2673 1285 tertio
2707 1225 2939 1286 decimo
2979 1225 3426 1286 verosimillime
3453 1227 3552 1287 flo-

1913 1311 2128 1375 ruit.ac
2153 1311 2319 1389 proin
2345 1312 2559 1373 saecqu
2593 1313 2826 1380 eodem.
2851 1333 2966 1390 quo
2987 1313 3300 1388 Joannem,
3335 1315 3551 1391 Bulga-

1914 1417 2114 1460 rorum
2148 1401 2440 1479 regem,in
2472 1401 2785 1462 obsidione
2807 1401 3322 1464 Thessalonicensi
3357 1406 3552 1464 necari

1916 1506 1950 1549 θ
1979 1505 2158 1567 supra
2185 1488 2358 1549 dictis
2391 1489 2636 1567 contigit
2667 1512 2682 1571 ;
2719 1509 2918 1552 verum
2943 1509 3077 1552 cum
3110 1494 3309 1565 etiam,
3339 1511 3550 1571 quern-

1915 1575 2233 1638 admodum
2261 1577 2412 1639 infra
2430 1579 2746 1658 docebo,in
2773 1580 2978 1642 codice
3008 1590 3205 1642 nostro
3226 1583 3273 1660 -ι-
3297 1600 3406 1643 ms.
3443 1580 3555 1644 193

1917 1685 2046 1745 pag.
2074 1666 2150 1728 93
2169 1685 2285 1727 non
2304 1667 2559 1729 obscure
2591 1669 2818 1748 innuat,
2848 1669 2946 1730 diu
2977 1679 3113 1730 ante
3139 1677 3365 1730 aetatem
3389 1689 3552 1730 suam

1915 1754 2132 1816 factum
2160 1773 2293 1817 esse
2315 1755 2560 1832 id,quod
2585 1757 2950 1819 Emmanucli
2983 1757 3554 1830 Comneno,Graaco-

1911 1860 2042 1904 rum
2076 1842 2150 1903 ab
2180 1861 2336 1906 anno
2369 1847 2523 1906 4143
2545 1847 2615 1907 ad
2648 1865 2868 1908 annum
2901 1866 3087 1928 usque
3121 1849 3547 1927 HSOimpera-

1913 1931 2048 2010 tori,
2075 1950 2108 1992 a
2138 1944 2340 1994 sancto
2367 1933 2665 1996 Demetrio
2697 1936 3032 2008 obvenisse,
3066 1937 3286 1998 ibidem
3329 1947 3550 2011 narrat,

1915 2021 2071 2080 haud
2105 2022 2281 2082 citius
2328 2024 2630 2103 equidem,
2668 2045 2843 2104 quam
2875 2025 3086 2086 eodem
3133 2028 3346 2087 saeculo
3379 2027 3554 2087 tertio

1917 2110 2149 2169 decimo
2183 2111 2433 2171 multum
2452 2114 2576 2190 jam
2616 2123 2892 2194 provecto
2922 2116 3196 2176 ﬂoruisse
3233 2115 3462 2177 videtur
3487 2134 3555 2177 ac

1917 2198 2092 2276 proin
2124 2217 2156 2258 a
2181 2199 2426 2262 Joannis
2455 2202 2842 2278 Bulgarorum
2877 2202 3033 2280 regis
3066 2222 3372 2284 nece,quaa
3400 2223 3556 2266 anno

1916 2305 1983 2347 ex
2017 2287 2190 2347 dictis
2225 2291 2374 2352 12⁸³7
2422 2292 2633 2363 evenit,
2664 2292 2950 2352 remotius
2979 2291 3258 2367 abfuisse,
3284 2313 3461 2368 quam
3497 2295 3559 2354 ﬁt

1915 2376 2050 2452 sibi,
2087 2376 2222 2436 dum
2257 2395 2384 2438 eam
2446 2393 2652 2441 sancto
2703 2381 3004 2443 Demetrio
3048 2381 3340 2454 attribuit,
3377 2383 3551 2443 ﬁdem

1916 2473 2134 2526 certam
2169 2475 2347 2545 atque
2381 2467 2766 2530 indubitatam
2800 2469 3122 2531 conciliare
3153 2479 3351 2545 queat.
3410 2470 3553 2543 Nec,

1916 2553 2024 2613 etsi
2053 2552 2224 2614 etiam
2260 2557 2457 2617 szeculi
2489 2556 2629 2618 dicti
2658 2557 2826 2618 initio
2857 2557 3122 2624 dixisset.
3149 2558 3317 2620 aliter
3348 2557 3422 2619 de
3451 2559 3554 2618 illo

1917 2642 2024 2702 hac
2056 2643 2114 2702 in
2140 2661 2204 2703 re
2239 2643 2390 2705 foret
2423 2645 3050 2724 quuendum.Etenim
3083 2648 3556 2718 Joannem,Bnl-«

1914 2747 2186 2808 garorum
2215 2750 2475 2809 regem.a
2499 2743 2699 2795 sancto
2730 2735 3033 2798 Demetrio
3058 2735 3240 2797 fuisse
3264 2736 3549 2810 occisum,

1917 2837 1949 2878 e
1983 2818 2132 2896 vulgi
2163 2819 2445 2882 duntaxat
2481 2824 2655 2892 fama,
2691 2843 2821 2902 quae
2869 2831 3036 2884 aetate
3068 2843 3168 2884 sua
3204 2823 3549 2902 obtinueril,

1920 2907 2389 2980 verosimillime,
2427 2929 2500 2969 ne
2530 2910 2784 2990 amplius
2813 2912 2950 2990 quid
2984 2912 3198 2983 dicam,
3239 2913 3296 2972 in
3330 2913 3556 2974 litteras

1920 2996 2173 3057 miserit.
2199 2997 2280 3059 Ita
2307 2999 2395 3059 vel
2416 2999 2668 3060 maxime
2690 3019 2756 3061 ex
2791 3019 2860 3062 eo
2884 3010 3146 3072 autumo,
3179 3001 3331 3080 quod
3365 3000 3552 3064 Geor-

1691 3085 1831 3168 τῇ
1857 3151 1892 3168 Α
1919 3092 2046 3160 gius
2076 3085 2432 3166 Acropolita,
2468 3088 2564 3167 qui
2601 3089 2819 3168 pariter
2849 3089 3065 3150 smeulo
3099 3091 3270 3151 tertio
3319 3089 3552 3150 decimo

180 3154 308 3217 rex,
335 3139 511 3200 malis
537 3139 746 3198 alienis
770 3139 1086 3199 aﬂiciaris:
1122 3140 1320 3218 quieto
1353 3142 1548 3200 animo
1574 3143 1678 3205 sis.
1709 3141 1831 3204 Non
1855 3139 1954 3234 cf,

1963 3174 2138 3249 eruit,
2174 3177 2397 3253 praefati
2429 3176 2816 3256 Bulgarorum
2858 3177 3014 3256 regis
3041 3199 3248 3240 necem
3283 3198 3557 3258 supernae

1918 3263 2122 3323 saltem
2159 3263 2360 3325 virtuti
2390 3285 2418 3325 a
2447 3267 2743 3327 nonnullis
2771 3267 2952 3328 fuisse
2982 3269 3345 3335 attributam.
3379 3287 3557 3345 supra

1918 3351 2034 3435 huc
2078 3354 2456 3435 transcriptis
2503 3355 2700 3415 verbis
2739 3357 3040 3417 memoriae
3091 3357 3325 3434 prodat,
3359 3357 3554 3435 itaque

1918 3430 2092 3492 simul
2142 3430 2407 3507 famam;
2457 3454 2488 3494 a
2541 3436 2860 3508 nonnullis,
2893 3435 3031 3515 illis,
3066 3430 3168 3513 qui
3217 3436 3275 3497 id
3330 3430 3548 3510 fecere,

1920 3529 2136 3584 natam.
2173 3521 2437 3584 indicare
2466 3523 2752 3584 videatur.

1999 3607 2320 3670 15.Verum
2351 3630 2524 3672 nemo
2545 3630 2660 3672 non
2688 3613 3049 3694 novit,quam
3073 3631 3232 3683 saepe
3256 3614 3398 3674 falsa
3421 3634 3552 3676 esse

1914 3696 2064 3757 fama
2099 3699 2306 3768 soleat,
2336 3700 2586 3762 maxime
2611 3702 2658 3761 si
2692 3704 3025 3763 communis
3055 3703 3206 3763 haznl
3233 3703 3304 3762 sit
3335 3725 3349 3784 ς
3383 3723 3551 3764 com-

1915 3805 2149 3846 munem
2186 3798 2380 3849 autem
2440 3789 2594 3850 illam
2629 3791 2783 3852 haud
2837 3791 3036 3860 fuisse.
3073 3813 3139 3853 ex
3197 3794 3557 3872 Arropolitze

1911 3875 2112 3936 verbis
2144 3877 2445 3940 observari
2479 3879 2678 3955 velim,
2702 3880 2992 3961 facileque
3017 3881 3146 3944 fieri
3177 3883 3458 3962 potuisse,
3495 3893 3560 3944 ut

1912 3983 1943 4025 e
1965 3963 2213 4027 Joannis
2235 3973 2391 4046 regis
2421 3969 2676 4043 somnio,
2705 3971 2872 4050 cujus
2898 3971 3056 4032 idem
3080 3972 3416 4052 Acropolita
3441 3972 3556 4033 ibi-

1912 4055 2046 4114 dem
2083 4057 2626 4129 men'iinit,sinister
2648 4059 2749 4119 ille
2769 4061 2843 4120 de
2866 4060 3023 4122 illata
3044 4061 3298 4142 principi
3330 4061 3424 4122 isti
3448 4081 3555 4140 per

1911 4152 2175 4204 sanctum
2209 4146 2572 4208 Demetrium
2607 4167 2753 4210 nece
2782 4167 2990 4208 rumor
3015 4167 3276 4229 sparsus,
3302 4168 3552 4230 moxque

1911 4251 1944 4293 a
1975 4233 2237 4294 credulis
2268 4234 2514 4294 nimium
2553 4237 2703 4314 insto
2759 4237 2990 4299 facilius
3020 4239 3193 4299 fuerit
3228 4238 3549 4312 admissus,

1911 4321 2050 4382 licet
2100 4321 2338 4383 interim
2369 4321 2632 4386 Joannes
2679 4345 2796 4386 non
2828 4326 3104 4402 violenta,
3140 4326 3243 4388 sed
3297 4329 3550 4390 naturali

1911 4419 2100 4472 morte
2129 4412 2308 4472 vitam
2334 4413 2730 4477 terminasset.
2765 4415 2984 4478 Adhzec
3003 4417 3547 4497 Acropolita.quem

186 4515 309 4561 mor
337 4502 498 4564 enim
533 4520 601 4564 ac
646 4512 874 4562 tremor
903 4502 1230 4563 secundum
1265 4521 1474 4564 novam
1509 4505 1824 4584 quamdam
1853 4509 1889 4560 Γ
1911 4498 2048 4563 Stau
2063 4503 2219 4562 racio
2251 4501 2554 4581 suffragari
2582 4521 2695 4564 non
2733 4522 2905 4565 nemo
2925 4505 3073 4566 forte
3099 4503 3416 4578 existimet,
3444 4524 3550 4580 ge-

184 4603 377 4651 rerum
411 4590 882 4652 vicissitudinem
929 4591 1101 4653 irruit
1134 4610 1313 4670 super
1345 4610 1468 4655 eos.
1500 4595 1578 4655 At
1607 4611 1742 4654 vero
1775 4595 1830 4654 ei

185 4675 242 4737 in
271 4679 410 4742 vivis
445 4679 542 4740 diu
579 4698 820 4742 manere
853 4680 1008 4741 haud
1056 4681 1290 4758 obtigit.
1324 4682 1428 4743 sed
1462 4681 1590 4762 ipsa
1619 4683 1827 4744 eadem

186 4763 277 4826 die
296 4779 433 4831 ante
453 4769 598 4830 solis
616 4768 1019 4842 occasuin,uti
1037 4769 1098 4830 in
1122 4770 1385 4831 historiis
1407 4771 1831 4851 Iegitur,unius

185 4851 302 4915 diei
358 4857 577 4919 animal
609 4857 864 4919 violenta
903 4867 1094 4920 morte
1138 4859 1456 4920 occumbit.
1496 4862 1579 4922 Ita
1629 4861 1829 4922 miseri

187 4942 256 5003 ad
296 4945 488 5025 ipsum
515 4966 701 5028 usque
730 4946 978 5009 fundum
1006 4948 1250 5010 Domini
1282 4948 1556 5010 vindictae
1589 4949 1826 5028 poculo,

189 5029 622 5116 iracundiaeque
680 5037 871 5098 calice
928 5037 1236 5111 exhausto,
1271 5045 1449 5114 atque
1505 5036 1830 5100 abundanti

193 5124 484 5186 novaculae
504 5124 716 5186 divina-
734 5130 1136 5205 experimento
1167 5135 1423 5204 sumpto,
1456 5125 1692 5190 malitiae
1709 5145 1832 5188 suae

193 5225 258 5269 ac
304 5215 570 5275 vanitatis
618 5215 845 5276 fructus
879 5213 1140 5292 collegit.
1189 5213 1329 5293 Ejus
1361 5215 1518 5276 enim
1552 5214 1719 5276 labor
1767 5217 1827 5276 in

191 5310 358 5379 caput
386 5304 514 5384 ejus
537 5321 860 5365 conversus
882 5311 991 5364 est.
1023 5305 1109 5364 Ac
1134 5303 1262 5382 ejus
1286 5304 1527 5379 quidem
1549 5303 1828 5384 iniquitas

194 5401 364 5465 supra
393 5393 669 5453 verticem
695 5391 1006 5454 descendit
1032 5413 1048 5472 ;
1073 5391 1132 5452 in
1158 5392 1385 5453 foveam
1405 5400 1626 5466 autem,
1651 5411 1823 5472 quam

193 5473 346 5558 fecit,
372 5481 924 5560 cecidit,unumque
950 5481 1224 5561 martyris
1245 5480 1513 5562 jaculum
1535 5480 1593 5542 in
1621 5482 1826 5544 multa-

193 5579 315 5627 rum
354 5569 480 5649 ejus
511 5568 888 5652 iniquitatem
923 5569 1237 5634 vindictam
1272 5569 1530 5640 sutiecit,
1545 5571 1824 5653 justeque

1914 4589 2159 4649 neratim
2196 4589 2476 4651 duntaxat
2499 4591 2678 4651 divini
2708 4591 2977 4653 Numinis
2998 4594 3242 4674 irm,qua
3271 4595 3550 4664 Joannes,

1912 4677 2298 4756 Bulgarorum
2333 4698 2460 4760 rex,
2499 4682 2576 4740 fu«
2601 4681 2674 4740 rit
2708 4690 2973 4756 necatus,
3005 4702 3121 4744 non
3153 4691 3343 4744 autem
3376 4688 3550 4744 etiam

1912 4765 2133 4827 diserte
2180 4768 2368 4828 sancti
2401 4767 2680 4828 Demetrii
2728 4770 3090 4832 mentionem
3122 4771 3282 4844 facit,
3317 4791 3427 4833 nec
3456 4772 3550 4832 ul-

1914 4857 2030 4917 lum
2065 4857 2348 4918 hactenus
2371 4866 2522 4916 notae
2543 4856 2678 4917 fidei
2709 4858 3147 4918 auctoritatisve
3175 4861 3548 4936 scriptorem,

1913 4947 2012 5026 qui
2049 4945 2260 5006 Joanni
2295 4944 2597 5006 Stauracio
2657 4947 3031 5020 assentiatur,
3066 4948 3332 5008 invenire
3361 4948 3546 5027 quivi,

1912 5035 2164 5098 Allatius
2195 5031 2433 5114 quidem
2455 5034 2826 5114 transcriptis
2854 5055 2883 5096 a
2914 5054 3045 5096 sese
3075 5037 3206 5097 loco
3239 5055 3414 5116 supra
3444 5039 3544 5098 cit.

1914 5127 2158 5188 Joannis
2206 5122 2494 5186 Stauracii
2525 5122 2717 5184 verbis
2755 5124 3100 5204 subjungit;
3164 5151 3188 5181 ιι
3226 5127 3288 5187 In
3341 5125 3549 5187 codice

1909 5212 2198 5276 Vaticano
2230 5211 2450 5274 CLXIII
2485 5212 2542 5273 in
2580 5213 2847 5292 margine
2905 5213 3194 5277 Historia:
3245 5213 3550 5278 Choniatas

1909 5305 2171 5382 legitur:
2230 5304 2392 5366 Οῢτός
2459 5304 2600 5358 ἐστιν
2654 5307 2679 5358 ὁ
2729 5302 2924 5370 ἀσεϐὴς
2969 5304 3380 5370 Σκυλοϊωάννης
3428 5304 3546 5360 ἐντι..

1909 5393 2116 5460 κληθεὶς
2197 5394 2434 5469 ὕπερον,
2501 5392 2557 5446 ὃν
2639 5391 2847 5447 ἀνεῖλεν
2911 5395 2937 5448 ὁ
2995 5393 3164 5470 μέγας
3240 5395 3545 5470 Δημήτριος

1908 5481 2208 5561 προδήλως,
2267 5483 2401 5536 κατὰ
2473 5486 2567 5546 τῆς
2642 5481 3028 5549 Θεσπαλονίκης
3099 5481 3544 5558 ἐπιστρατεύσαν-

1906 5593 1993 5650 1:1,
2064 5574 2135 5632 ὡς
2201 5571 2253 5627 ἐν
2325 5583 2438 5635 τοῖς
2523 5569 2719 5628 ἐκείνου
2795 5572 3050 5644 θαύμασιν
3126 5570 3539 5650 ἀναγέγραπται.
