3938 6134
404 225 554 293 1407

1749 234 2207 304 SUPPLEMEN
2210 238 2375 303 TUM
2389 286 2402 300 .

3623 253 3644 314 l
3661 249 3761 316 408

405 363 548 456 :Hic
571 372 659 456 est
676 364 896 456 impius
915 364 1084 446 Scylo
1104 364 1368 456 Joannes
1385 367 1624 429 tandem
1643 368 2042 452 dictus,quem

2173 382 2380 450 ρημνῶν
2466 376 2824 445 ἀπειλητικῶς
2897 379 3050 438 ἐκίνει
3132 382 3501 456 κατατολιιᾷι,
3566 389 3653 442 καὶ
3729 391 3765 443 εί

400 452 882 515 Thessalonicam
962 455 1197 534 agmine
1283 455 1498 518 infesto
1573 460 2042 540 aggredientem,

401 561 647 622 magnus
677 542 1033 617 Demetrius,
1066 545 1145 605 uti
1170 545 1231 606 in
1262 546 1393 622 ejus
1428 548 1731 610 miraculis
1754 551 2044 626 scriptum

402 641 511 704 est,
549 633 863 694 manife~to
892 632 1134 694 occidit.
1169 659 1196 689 »
1235 635 1409 696 Hisce
1433 645 1628 698 autem
1657 637 1856 699 verbis
1875 639 2050 701 Joan-

404 741 508 782 nes
539 741 642 782 seu
666 721 1418 801 Joannitius,Bulgarorum
1442 743 1546 787 rex
1581 727 1818 788 tandem
1845 729 2046 798 etiam,

402 812 488 874 uti
535 829 714 889 supra
744 810 968 890 pariter
1009 812 1352 890 Acropolita
1399 811 1595 894 docet,
1630 812 2054 894 Scylojoannes

402 901 872 979 cognominatus,
925 918 958 962 a
1009 910 1214 962 sancto
1264 904 1568 964 Demetrio
1629 903 1690 965 in
1740 905 2052 967 obsidione

406 989 934 1052 Thessalonicensi
956 991 1140 1052 fuisse
1158 991 1556 1070 interemptus
1579 993 2055 1058 luculentissima

401 1098 546 1141 sane
576 1080 850 1142 traditur:
885 1099 1089 1141 verum
1120 1100 1252 1142 cum
1280 1082 1602 1144 verborum
1629 1083 1888 1159 illorum,
1911 1105 2049 1162 qua

400 1167 702 1229 Choniata
749 1167 904 1229 haud
934 1167 1330 1244 attribuenda,
1367 1181 1596 1232 certum
1637 1181 1902 1253 apparet,
1937 1191 2048 1234 au-

402 1263 627 1317 ctorem
652 1255 909 1318 Allatius
936 1275 1054 1318 non
1082 1258 1310 1338 prodat,
1333 1259 1502 1340 isque
1535 1261 1776 1322 aliunde
1804 1281 1918 1323 non
1950 1262 2048 1323 in-

403 1352 696 1416 notescat,
733 1346 1075 1426 neutiquam
1109 1355 1274 1420 ea,ut
1297 1347 1753 1430 prodigio,quod
1788 1351 2045 1430 tradunt,

406 1433 583 1494 Iidem
607 1433 996 1497 indubitatam
1027 1436 1264 1509 faciant,
1293 1438 1618 1513 sufficiunt,
1645 1439 1786 1500 licet
1812 1438 2049 1500 interim

405 1534 710 1603 utcunque
768 1523 984 1586 Joanni
1035 1523 1344 1586 Stauracio
1403 1528 1644 1606 suffragi
1719 1529 2046 1601 videantur,

411 1611 522 1671 nisi
556 1612 726 1682 forte,
753 1613 856 1688 qui
885 1631 954 1674 ea
979 1613 1050 1674 ad
1086 1612 1386 1675 Choniata
1412 1614 1689 1677 Historia
1725 1619 2051 1694 marginem

2131 465 2206 536 μὴ
2287 467 2440 522 ποσὶν
2503 469 2712 531 οἰκείοις
2773 471 2799 524 ὁ
2880 467 3084 526 διώκων
3165 473 3354 549 φὸἇσοι
3428 477 3488 529 τὸ
3571 477 3766 550 0+ng:

2132 554 2266 608 κατὰ
2323 554 2560 633 κεφαλῆς
2619 558 2761 628 αὸτῷ
2817 557 3056 634 παραῦτᾶ
3113 561 3146 626 ἡ
3204 560 3420 637 πληγή,
3454 565 3546 618 καὶ
3606 567 3768 640 νεκρὸς

2131 641 2230 696 ἀνὰ
2285 642 2447 716 μέσον
2506 644 2676 701 ἔκειτο
2745 646 2852 701 τῶν
2931 649 3088 724 ὁρῶν.
3152 651 3248 705 Καὶ
3325 660 3353 706 ὸ
3407 652 3507 722 μὲν
3566 653 3769 718 ἀπηνῶς

2136 729 2273 786 oritur
2328 735 2414 788 καὶ
2464 733 2826 812 ἀπανθρώπως
2874 735 3168 810 ἐμέστιζεψ
3205 741 3232 793 ὁ
3263 737 3316 794 δὲ
3365 741 3458 802 τὰς
3493 743 3670 819 ταχὺς
3711 746 3768 802 τίς

2136 818 2440 895 ἀντίληψιν,
2515 824 2598 878 καὶ
2657 823 2770 888 ὀξὺς
2843 826 2914 889 εἷς
2984 825 3284 904 ἐπικουρίαν
3361 829 3534 905 μέγας
3599 818 3771 904 Δημή-

2137 930 2299 984 τριος,
2365 913 2544 988 φθάνει
2602 913 2690 967 τὸν
2745 913 2996 969 κᾶκιστον
3053 912 3177 972 ὅσον
3232 918 3319 972 καὶ
3360 917 3644 995 ἀστραπὴ,
3691 918 3771 975 se

2138 997 2298 1070 μέσον
2357 998 2492 1075 δρῶν
2551 1008 2938 1076 κυνηγετούντα
3010 1006 3096 1058 καὶ
3185 1006 3578 1084 ἱππαζόμενον,
3640 1007 3773 1085 ἔφιπ-

2135 1108 2256 1159 πος,
2322 1080 2439 1144 καί
2468 1089 2672 1168 καιρίαν
2732 1091 2958 1159 πλήττει
3018 1094 3108 1148 τὸν
3165 1091 3394 1150 δείλαιον
3450 1103 3548 1150 τοὺ
3621 1096 3772 1152 ἵππω

2133 1175 2340 1250 μακρὰν
2406 1177 2950 1256 ἀποσφαιρισάμενος.
3042 1173 3258 1258 Ἐώρων”
3331 1184 3422 1238 τὸν
3499 1184 3676 1261 μέγαν
3732 1192 3772 1245 ες

2132 1267 2430 1342 τοῦμφανὲς
2501 1273 2577 1338 τῷ
2651 1260 2944 1345 Ῥαδομιρῷ
3000 1270 3340 1348 ἐφεπόμενοι,
3405 1273 3557 1332 ὅπως
3636 1275 3774 1330 αὒτὸν

2136 1351 2331 1431 σ’ξοδρᾷ
2393 1361 2456 1430 τῇ
2520 1357 2658 1432 ῥύμη
2712 1360 2803 1411 καί
2853 1354 3042 1429 ἐπέϐη,
3095 1361 3180 1414 καὶ
3257 1363 3324 1436 τῇ
3382 1359 3572 1440 λόγχῃ
3629 1364 3774 1417 κατέ-

2136 1441 2320 1520 σφαξε.
2387 1447 2481 1501 Καὶ
2543 1447 2568 1500 'o
2629 1446 2825 1520 μα’ρτυς
2890 1447 2985 1519 μὲν
3046 1449 3278 1523 παραυτὰ
3337 1450 3578 1526 ἀφανήςσ
3654 1455 3680 1506 ὁ
3732 1451 3778 1506 δὲ

2136 1542 2408 1609 νεκροῦται
2469 1539 2829 1612 παραχρῆμα,
2862 1540 2960 1590 καὶ
3013 1538 3152 1612 παρὰ
3201 1539 3287 1592 τὸν
3343 1536 3475 1608 ᾅδην
3538 1541 3609 1595 τὰ
3667 1541 3780 1594 ὁσεᾶ

2137 1621 2583 1698 διεσκόρπισται,
2672 1625 2754 1677 καὶ
2841 1627 2867 1678 ὁ

2972 1627 3483 1700 καταπεπονημένος
3585 1627 3780 1690 ἐκεῖνος

2567 1670 2583 1700 1

409 1701 644 1792 arjecit,
678 1702 953 1782 ipsamet,
985 1711 1048 1762 ut
1077 1701 1134 1792 id
1180 1703 1422 1779 faceret,
1453 1704 1700 1767 Joannis
1739 1705 2050 1780 Stauracii,

2174 1736 2273 1774 πας
2334 1710 2461 1773 λαὸς
2522 1712 2780 1782 ἑώρταζον
2829 1720 2905 1786 τῷ
2933 1715 3152 1790 μεγάλῷ
3208 1715 3380 1792 ρύσικ.
3453 1737 3478 1773 ι
3517 1717 3673 1777 Cum
3721 1735 3781 1776 ea

406 1809 581 1869 quem
615 1790 859 1868 legerat,
893 1789 1235 1852 narratione
1265 1793 1444 1854 fuerit
1478 1793 1795 1874 impulsus.

405 1895 434 1973 §
464 1891 546 1977 11..
563 1896 874 1977 Miracuta
906 1895 1124 1959 swculo
1155 1898 1390 1960 decimo
1413 1899 1783 1977 posteriora,
1818 1915 1955 1977 qua:
1988 1901 2051 1960 in

486 1974 748 2036 aliorum
768 1979 974 2044 etiam.
1003 1994 1184 2057 quam
1207 1985 1270 2038 in
1301 1974 1929 2040 Théssalonicensiitm
1951 1978 2051 2055 fa-

489 2071 692 2115 vorem
716 2066 980 2119 asunclo
1012 2059 1316 2120 Demetrio
1345 2058 1630 2137 feruntur
1654 2065 1928 2137 patrata.

492 2155 967 2238 16.Gabriel,qui
993 2158 1064 2219 ab
1088 2159 1219 2220 aliis
1243 2159 1602 2222 Radomirus
1625 2169 1722 2221 aut
1745 2161 1918 2221 etiam
1945 2161 2055 2222 Ro-

413 2266 624 2310 manus
647 2248 1000 2327 appellatur,
1036 2249 1297 2312 Samueli
1323 2250 1472 2329 patri
1507 2270 1638 2330 suo,
1659 2269 1814 2311 anno
1843 2252 1995 2313 10H
2024 2269 2055 2311 e

412 2337 552 2398 vivis
574 2337 825 2408 sublato,
853 2339 911 2398 in
938 2339 1224 2414 Bulgaria
1249 2358 1497 2417 regnum
1525 2339 1831 2413 successit,
1866 2359 2052 2400 anno-

413 2445 524 2507 que
557 2427 824 2506 sequenti
862 2436 989 2504 post
1021 2427 1201 2488 breve
1231 2447 1375 2489 sane
1405 2447 1651 2506 regnum
1686 2430 1860 2490 vitam
1917 2448 2050 2489 cum

416 2525 603 2575 morte
624 2517 699 2576 94
718 2514 994 2578 Octobris
1019 2515 1139 2595 die,
1176 2517 1260 2579 uti
1284 2535 1352 2578 ex
1376 2515 1647 2578 Cedreno
1677 2518 1924 2598 aliisque
1957 2519 2015 2577 in
2037 2551 2052 2562 -

412 2605 712 2682 telligitur,
747 2605 1151 2664 commutavit.
1188 2607 1445 2666 Joannes
1497 2605 1841 2669 Stauracius
1875 2625 2055 2686 supra

412 2694 684 2754 laudatus
718 2694 1050 2773 principem
1097 2696 1251 2754 hunc
1285 2695 1607 2756 teterrimis
1663 2695 1961 2756 coloribus
1994 2696 2054 2756 in

412 2783 620 2843 codice
660 2789 862 2843 nostro
894 2783 1120 2861 signato
1151 2784 1198 2861 -ι-
1229 2802 1340 2845 ms.
1382 2785 1492 2847 193
1523 2785 1626 2847 fol.
1662 2787 1740 2848 66
1785 2785 2052 2864 depegit,

2137 1801 2316 1880 igitur
2347 1801 2661 1860 humanam
2694 1800 2942 1860 formam
2978 1820 3192 1880 gerens
3244 1803 3367 1863 fera
3406 1801 3783 1882 (Radomirus

2137 1889 2366 1950 scilicet
2395 1888 2690 1965 Bulgaria
2719 1892 2850 1966 rex)
2885 1889 2942 1950 in
2977 1889 3107 1951 loco
3151 1889 3253 1951 illo
3291 1890 3391 1953 diu
3424 1902 3784 1972 moraretur,

2137 1997 2348 2038 omnes
2403 1977 2764 2040 dilacerahat
2794 1988 2970 2057 atque
2999 1979 3453 2060 depascebalur.
3489 1979 3653 2041 Hinc
3684 1981 3786 2042 illis

2138 2069 2308 2128 fletus
2335 2076 2392 2127 et
2416 2067 2758 2128 lamentatio
2772 2077 2829 2128 et
2852 2067 3154 2145 planctus;
3187 2085 3424 2149 voxque
3450 2071 3785 2149 sanguinis,

2138 2176 2313 2236 quem
2343 2156 2611 2232 quotidie
2661 2155 3028 2232 effundebat,
3057 2168 3372 2237 martyrem
3406 2159 3783 2232 inclamabat,

2139 2265 2205 2306 ac
2237 2245 2556 2307 vindictam
2590 2253 2792 2322 atque,
2818 2255 2882 2306 ut
2915 2247 3354 2326 quamprimum
3386 2247 3517 2321 illo,
3561 2250 3668 2328 qui
3699 2267 3787 2310 eos

2139 2334 2456 2412 affligebat,
2487 2335 3279 2415 liberarentur,postulabat;
3302 2336 3401 2395 ille
3419 2346 3785 2416 autem,cum

2144 2424 2409 2503 martyris
2435 2443 2650 2484 nomen
2675 2429 2891 2504 sapius
2917 2425 3256 2484 invocantes
3278 2424 3537 2500 audiret,
3569 2427 3630 2486 id
3666 2426 3787 2507 qui-

2138 2513 2272 2573 dem
2297 2511 2580 2573 irridebat
2609 2513 2928 2592 Faunisque
2952 2513 3310 2592 excipiebat;
3341 2513 3414 2575 iis
3437 2525 3647 2575 autem
3672 2518 3784 2594 pla-

2139 2620 2240 2681 gas
2274 2602 2458 2679 magis
2486 2601 2756 2678 augebat,
2784 2601 3053 2676 Videam,
3091 2601 3323 2680 dicens,
3356 2621 3498 2662 num
3536 2605 3788 2664 veniate

2143 2690 2418 2752 manibus
2453 2691 2598 2750 meis
2640 2691 2800 2770 ipsos
2832 2691 3196 2752 liberaturus
3234 2690 3615 2756 Demetrius.

2223 2781 2318 2842 13.
2361 2779 2546 2851 «Quid
2582 2779 2807 2858 igitur?
2840 2780 3277 2841 Commiserans
3298 2799 3366 2841 ac
3387 2799 3653 2860 magnus
3683 2781 3788 2843 De-

410 2872 946 2952 aitque,eum,cum
970 2871 1027 2930 in
1054 2871 1618 2951 Soski,regiuncula
1650 2873 1792 2933 mihi
1819 2874 2050 2950 ignota,
2140 2871 2385 2931 metrius
2411 2869 2689 2937 flecti=ur,
2719 2889 2786 2930 ac
2817 2869 3288 2948 compeditorum
3314 2888 3512 2931 vocem
3558 2873 3790 2932 mendi-

413 2959 640 3022 incolas
660 2959 960 3021 dirissime
992 2961 1247 3032 saviret,
1277 2961 1483 3042 hique,
1508 2981 1624 3041 quo
1660 2963 1788 3040 ejus
1815 2981 2050 3040 grassa-
2141 2978 2466 3034 eorumque
2493 2960 2752 3036 genitum
2815 2957 3101 3037 exsurgit,
3135 2957 3496 3038 proprioque
3557 2978 3593 3019 a
3626 2976 3791 3038 grege

411 3048 673 3109 tionibus
719 3047 1140 3128 liberarentur,
1176 3057 1439 3110 sanctum
1478 3050 1841 3112 Demetrium
1884 3052 2116 3142 invo-c
2145 3050 2404 3127 migrans
2434 3048 2528 3142 ad.
2555 3047 2754 3142 populi
2790 3047 3042 3109 salutem
3076 3056 3480 3142 estegressus,
3515 3047 3792 3142 Domini-

410 3147 665 3213 cassent,
692 3136 822 3198 neci
856 3139 1029 3198 etiam
1085 3141 1156 3198 ab
1188 3137 1297 3198 bc-c
1338 3137 1600 3216 tandem,
1637 3157 1750 3199 non
1789 3157 1959 3200 secus
1991 3159 2058 3200 ac

410 3229 698 3288 Joannem
732 3244 910 3306 supra
942 3237 1353 3298 memoratum,
1382 3227 1583 3286 datum
1621 3228 2054 3300 fuisse.Verha,

413 3315 528 3375 huc
581 3313 931 3394 spectantia,
966 3313 1206 3374 omissis
1239 3325 1466 3389 tamen,
1499 3317 1711 3394 quibus
1767 3315 2059 3378 Gabrielis

417 3421 521 3464 seu
546 3400 848 3463 Radomiri
881 3419 1080 3464 mores
1101 3409 1309 3463 auctor
1337 3402 1643 3475 describit,
1673 3403 1881 3465 lectori
1912 3404 2060 3466 libet

411 3491 924 3562 exhibere,addita
951 3491 1126 3552 etiam
1153 3492 1224 3552 ad
1251 3495 1473 3554 calcem
1509 3493 1856 3554 eorumdem
1881 3493 2062 3555 inter-

416 3580 743 3661 pretatione
801 3579 1029 3643 Latina.
1064 3579 1162 3642 Sic
1217 3580 1484 3643 habent:
1551 3590 1636 3653 Τῴ
1697 3583 1861 3662 χώρῳ
1891 3586 2061 3658 τούτῳ

413 3673 584 3727 τοίνυν
643 3672 902 3750 χρονίζων
967 3673 994 3725 ὁ
1055 3671 1501 3749 ἀνθρωπόμορφος
1572 3672 1720 3736 οὗτος
1771 3673 1890 3750 θὴρ,
1948 3672 2059 3728 διε-

414 3761 678 3836 σπάραττε
748 3760 946 3824 πάντας
1023 3761 1111 3815 καὶ
1193 3758 1511 3816 διεϐὀσκετο·
1575 3763 1764 3836 Θρῆνος
1849 3761 2057 3835 αὐτοῖς,

415 3851 502 3905 καὶ
559 3849 802 3926 ὀδυρμὸς,
860 3851 948 3904 καὶ
1006 3849 1142 3919 οὐαὶ,
1206 3850 1291 3904 καὶ
1335 3850 1486 3928 φωνὴ
1545 3851 1784 3921 αἱμάτων
1829 3853 2057 3926 ἒκεϊοεν,

414 3938 447 3993 ἂ
490 3938 606 3995 καθ’
660 3939 860 4014 ἡμέραν
930 3936 1160 4016 ἐξέχεεν,
1219 3935 1476 3994 ἐπεϐοᾶτο
1545 3945 1620 4012 τῷ
1675 3940 1915 4018 μάρτυρι,
1975 3943 2059 3996 καὶ

415 4030 513 4096 τὴν
566 4026 833 4091 ἐκδίκησιν
905 4026 1145 4097 ἐζήτουν,
1193 4028 1280 4082 καὶ
1333 4041 1566 4106 ταχεῖαν
1619 4037 1710 4084 τοῦ
1769 4035 2056 4094 λυποῦντος

412 4119 508 4184 τὴν
571 4116 942 4191 ἀπολύτρωσιν
1019 4107 1076 4172 Ὀ
1149 4114 1225 4194 δὲ,
1287 4118 1380 4172 καί
1441 4115 1504 4182 δὴ
1552 4117 1805 4182 πολλάκις
1859 4118 2048 4174 ἐπικα-

783 4206 970 4268 αὗτοὺς
1056 4205 1262 4261 ἀκούων
1341 4203 1508 4279 ὄνομα
1591 4214 1685 4262 τοῦ
1768 4207 2050 4285 μάρτυρος,

411 4295 669 4374 κατεγέλα
740 4294 837 4369 μὲν
916 4297 1073 4350 αὒτού
1150 4296 1237 4349 καὶ
1316 4294 1738 4371 ἐξεμυκτήριζεν,
1815 4296 2051 4352 ἐπέτεινε

409 4207 698 4280 λουμένους

2143 3157 2274 3199 cum
2312 3137 2452 3199 illud
2479 3135 2736 3196 vicissim
2767 3155 3060 3215 usurpans
3087 3153 3099 3196 :
3127 3137 3207 3197 Et
3230 3137 3393 3197 alias
3420 3154 3567 3198 oves
3589 3140 3790 3214 habeo,

2145 3245 2408 3306 quatuor:
2425 3224 2772 3286 suntm-hoc
2797 3223 3033 3295 orih’;et
3057 3223 3193 3284 illus
3216 3235 3449 3302 oportet
3469 3243 3572 3287 me
3597 3228 3790 3288 addu-

2141 3317 2494 3394 cet'e.Atque
2519 3315 2567 3374 is
2599 3313 2838 3393 quidem
2871 3315 3132 3373 attritum
3171 3313 3336 3373 illum
3369 3332 3436 3375 ac
3469 3316 3794 3390 ponculca-

2144 3416 2261 3464 tum
2283 3407 2555 3478 populum
2577 3406 2642 3460 ad
2665 3407 3027 3460 venationem
3053 3405 3452 3476 compellebat,
3489 3405 3789 3463 miseram-

2143 3505 2253 3562 que
2273 3492 2433 3544 istam
2453 3489 2678 3545 turbam
2705 3489 2986 3544 montium
3013 3489 3369 3544 summitates
3393 3487 3708 3560 saltusque
3727 3506 3785 3546 ac

2143 3576 2324 3636 clivos
2355 3573 2606 3654 pedibus
2622 3591 2936 3652 peragrare
2953 3571 3557 3653 jubebat,miuisque,
3603 3585 3668 3635 ut
3700 3591 3797 3654 per

2146 3667 2470 3748 pracipitia
2505 3665 2786 3727 incedere
2825 3665 3090 3739 ruderet,
3125 3664 3419 3743 adigebat,
3457 3673 3521 3725 et
3547 3666 3672 3727 nisi
3703 3668 3795 3747 qui

2145 3756 2398 3836 propriis
2421 3754 2676 3836 pedibus
2694 3761 2998 3834 capturam
3023 3753 3440 3827 insectabatur,
3463 3773 3599 3816 eam
3633 3773 3794 3818 asse-

2144 3855 2446 3926 qucretur,
2480 3845 2674 3904 statim
2731 3845 2784 3902 ei
2820 3844 2880 3904 in
2937 3843 3130 3920 capite
3166 3844 3330 3922 plaga
3387 3844 3794 3924 infligebatur,

2145 3943 2532 4014 mortuusque
2564 3934 2624 3993 in
2661 3933 2855 3994 medio
2883 3934 3170 3994 montium
3204 3933 3664 4012 procumbebat.
3695 3939 3796 3997 At-

2143 4043 2258 4102 que
2284 4024 2360 4084 ita
2383 4022 2624 4102 quidem
2651 4022 2752 4082 ille
2775 4021 3332 4083 immisericorditer
3353 4041 3419 4083 ac
3447 4023 3508 4083 in
3525 4023 3791 4085 humaui-

2138 4121 2231 4175 ter
2263 4110 2656 4193 percutiebat;
2693 4111 3028 4172 Demetrius
3056 4119 3254 4172 autem
3281 4112 3352 4172 ad
3387 4131 3565 4192 opem
3594 4114 3793 4174 feren-

2137 4201 2270 4262 dam
2293 4211 2602 4278 promptus
2633 4209 2808 4280 atque
2835 4199 2908 4260 ad
2943 4201 3416 4262 succurrendum
3459 4202 3789 4264 industrius

2135 4291 2208 4351 ad
2260 4288 2763 4370 improbissimum
2799 4289 2856 4347 in
2892 4287 3086 4349 medio
3122 4289 3409 4349 montium
3464 4299 3782 4352 venantem

410 4383 464 4440 δὲ
536 4383 740 4460 μᾶλλον
813 4385 994 4445 αὺτοῖς
1059 4384 1150 4448 τὰς
1221 4383 1471 4460 πληγὰς,
1534 4383 1681 4462 ”Ιδω,
1759 4385 1952 4465 λέγων,
2019 4400 2054 4453 εἶ

2173 4397 2418 4461 equoque
2445 4377 2798 4438 insidentem
2822 4393 3008 4456 eques
3030 4377 3290 4458 equitem
3320 4378 3571 4457 fulguris
3588 4379 3650 4440 in
3679 4397 3789 4439 mo-

411 4473 628 4551 ἕργεται
692 4475 997 4548 Δημήτριος
1058 4471 1116 4527 ἐκ
1174 4479 1274 4527 τῶε.
1310 4473 1508 4550 χειρῖὺν
1567 4495 1667 4547 μου
1719 4473 1905 4529 σώσων
1963 4477 2061 4532 αὗ-

409 4585 550 4624 τους.

497 4651 592 4711 17.
649 4652 707 4707 Τ(
752 4652 888 4728 οὗν;
953 4646 1273 4724 Κάμπτεται
1331 4654 1358 4707 ὁ
1415 4651 1692 4727 συμπαθὴς
1749 4654 1834 4707 καὶ
1891 4651 2058 4730 μέγας

416 4737 747 4816 Δημήτριος·

837 4737 1108 4794 ἀνίσταται
1169 4738 1344 4795 ἕνεκεν
1403 4745 1502 4805 τῆς
1580 4747 1686 4795 τῶν
1745 4739 2056 4814 πεπεδημέ-

410 4853 514 4886 νων
564 4833 767 4909 φωνῆς,
833 4829 918 4883 καὶ
965 4834 1056 4884 τοῦ
1119 4834 1223 4883 τῶν
1285 4830 1520 4908 πτωχῶν
1579 4835 1898 4906 στεναγμοῦ,
1972 4833 2057 4885 καὶ

407 4926 505 4986 τῆς
567 4920 759 4976 οἰκείας
810 4917 1044 4991 ποίμνης
1103 4915 1260 4983 τῆσδε
1311 4918 1617 4982 ἀπαναστὰς
1671 4919 1744 4978 εἰς
1791 4920 2055 4996 σωτηρίαν

407 5011 537 5065 λαοῦ
577 5006 909 5073 ἱξελήλυθεψ
973 5005 1180 5062 ἐκεῖνου
1241 5005 1304 5074 δὴ
1357 5009 1417 5062 τὸ
1470 5010 1726 5084 κυριακὸν
1784 5006 2053 5084 παραλλὰξ

406 5099 663 5164 ἐπειπὼν,
711 5099 797 5152 καὶ
856 5094 991 5151 ἄλλα
1077 5094 1316 5172 πρόϐατα
1391 5095 1507 5175 ἔχω
1582 5099 1688 5151 τῶν
1754 5096 2049 5171 προαυλίωκ.

412 5211 538 5267 μου,
595 5187 689 5243 Καὶ
749 5184 911 5242 ταῦτα
969 5205 1034 5255 με
1093 5181 1178 5239 δεῖ
1238 5184 1644 5260 ἐπισκέψασθαι,
1710 5186 1806 5242 Καὶ
1878 5187 1905 5237 δ
1962 5184 2057 5239 πὲν

412 5281 502 5334 τὸν
614 5272 1050 5349 συντετριμμένον
1152 5272 1356 5328 ἐκεῖνον
1457 5277 1544 5330 καὶ
1648 5273 2060 5348 έκπεπιεσμένον

415 5367 542 5422 λαὸν
626 5367 756 5443 πρὸς
828 5363 1141 5436 κυνηγεσίαν
1225 5362 1458 5440 ἠγάγετο
1540 5366 1628 5420 καί
1711 5366 1838 5440 πρὸς
1925 5365 2059 5439 ὁρῶν

415 5457 671 5533 ἐσχατιας
726 5454 815 5508 καὶ
872 5450 1064 5528 νάπας,
1116 5453 1204 5505 γαί
1270 5450 1615 5518 ἐπαναϐάσέις
1671 5454 1866 5528 βαίνειν
1924 5460 2058 5526 πεζίς⁸

411 5546 502 5602 τὸν
587 5541 918 5619 ταλγίπωρον
1001 5539 1208 5596 ἐκεῖνον
1294 5540 1463 5621 ὄχλον
1551 5541 1892 5621 διεκελεύετο,
1973 5543 2059 5598 καὶ

2145 4469 2284 4530 dum
2317 4466 2572 4540 accedit,
2603 4466 2941 4545 miseroque
2974 4465 3204 4546 plagam
3239 4467 3521 4528 letbalem
3553 4468 3780 4546 inﬂigit,

2065 4629 2072 4636 ν
2145 4557 2344 4638 procul
2372 4575 2504 4617 eum
2532 4555 2605 4616 eb
2630 4574 2783 4635 equo
2805 4554 3239 4633 dejiciens.Qui
3271 4555 3663 4618 Rademirum
3694 4575 3780 4618 se-

2141 4647 2455 4726 quebatur,
2490 4645 2590 4723 qui
2623 4663 2757 4704 eum
2793 4661 3038 4722 magnus
3069 4645 3406 4706 vehementi
3440 4648 3668 4726 impetu
3688 4664 3780 4724 ag-

2141 4754 2381 4814 gressus
2403 4733 2790 4812 sit,hastaque
2822 4733 3210 4804 interfecerit,
3233 4733 3500 4796 dilucide
3529 4754 3778 4814 conspe-

2139 4843 2302 4886 xere.
2340 4828 2427 4887 Ac
2461 4831 2678 4901 martyr
2698 4823 2937 4901 quidem
2972 4825 3163 4884 statim
3197 4825 3533 4904 disparuit;
3567 4825 3668 4886 ille
3691 4844 3778 4886 au-

2139 4925 2255 4975 tem
2279 4915 2474 4974 statim
2507 4912 2678 4990 obiit,
2709 4912 2963 4991 atquein
2987 4921 3146 4974 terra
3177 4931 3313 4975 ossa
3342 4915 3477 4993 ejus
3508 4915 3781 4994 dissipata

2137 5013 2293 5076 sunt,
2332 5003 2707 5083 populusque
2759 5001 2862 5060 ille
2891 5001 3110 5082 omnis,
3146 5005 3248 5084 qui
3283 5014 3527 5064 vexatus
3576 5005 3778 5067 fuerat.

2139 5091 2510 5154 liberationis
2530 5091 2746 5151 festum
2778 5090 2835 5150 in
2856 5091 3050 5168 magni
3079 5093 3370 5152 honorem
3399 5092 3776 5154 celebravit.»

2221 5179 2485 5243 19.Ta|is
2503 5188 2594 5238 est
2613 5177 2860 5240 Joannis
2881 5178 3159 5241 Stauricii
3177 5181 3252 5241 de
3282 5181 3778 5255 nece,Radomiro

2145 5290 2248 5331 seu
2283 5266 2542 5332 Gabrieli
2577 5266 2864 5344 Bulgaria
2915 5268 3039 5345 regi
3074 5268 3573 5350 illata,narratio;
3636 5285 3780 5330 nunc

2143 5359 2282 5440 quid
2306 5358 2380 5419 de
2408 5361 2515 5419 hac
2537 5355 2912 5417 statuendum
2945 5357 3778 5438 sit,dispiciamus.Auctorlm

2143 5448 2433 5519 omnium,
2467 5446 2569 5525 qui
2603 5445 2766 5506 necis
2799 5444 3118 5506 Radomiro
3152 5447 3327 5509 illata
3357 5449 3775 5517 meminerunt,

2142 5535 2509 5618 antiquiores
2559 5535 2708 5597 citra
2769 5535 3239 5598 controversiam
3269 5546 3410 5599 sunt
3456 5536 3774 5617 Gedrenus,
