3946 6146
183 292 331 358 1417

1257 297 1315 357 S.
1366 293 1739 355 DEMETRII
1788 288 2187 353 MARTYRIS
2228 280 2445 351 ACTA.

3384 245 3543 348 i4l8

175 426 869 508 Historiarumlib.i,cap
901 423 1812 507 53suppeditat,verba,inCom-
1833 433 1868 481 Α
1897 422 2220 484 nachorum
2254 422 2314 483 in
2346 421 2420 482 iis
2449 419 2758 500 hodieque
2782 418 3123 498 degentium
3160 417 3549 481 multitudine

179 517 468 578 mentario
496 518 711 596 praevio
762 535 926 580 num.
977 515 1085 577 121
1115 517 1237 595 jam
1270 515 1540 593 recitata,
1573 516 1821 575 inuuere

176 606 468 669 videntur.
504 607 585 667 Ita
605 608 802 667 animo
825 612 1203 685 comparatus
1219 621 1377 678 sum,
1419 601 1576 682 quod
1610 602 1670 662 in
1703 609 1822 661 tota

177 692 565 756 Cantacuseni
587 694 662 757 de
685 701 970 773 occupata
992 710 1100 773 per
1125 690 1535 754 Andronicum
1567 688 1822 751 Thessa-

178 782 376 844 lonica
402 783 739 845 narratione
756 783 900 843 nihil
926 781 1169 843 omnino
1188 787 1480 851 occurrat,
1501 778 1646 858 quin
1679 777 1823 839 solis

174 878 401 934 natura
426 871 656 934 viribus
679 872 808 934 ﬁeri
831 871 1003 933 facile
1025 869 1600 951 potuerit;superiori
1623 876 1819 929 autem

171 959 380 1023 virtuti
411 960 653 1036 factum,
690 969 915 1022 naturae
941 959 1099 1022 vires
1129 957 1287 1020 haud
1315 957 1824 1037 excedens,ascri-

170 1047 322 1111 bere
354 1069 471 1111 non
504 1049 853 1120 debeamus,
890 1050 999 1109 nisi
1036 1048 1213 1128 forte,
1264 1046 1419 1126 quod
1453 1045 1691 1107 interim
1724 1045 1823 1106 hic

166 1156 291 1199 non
323 1139 409 1215 ﬁt,
445 1142 593 1200 ratio
628 1140 914 1219 quaepiam
945 1139 1108 1216 justa
1129 1154 1197 1199 ac
1230 1134 1420 1196 solida
1452 1134 1818 1196 contrarium

168 1226 442 1288 suadeat.
476 1225 693 1289 Verum
719 1228 829 1288 etsi
860 1227 1103 1304 quidem
1153 1225 1213 1285 in
1242 1222 1683 1284 Thessalonicae
1712 1240 1822 1300 per

168 1316 578 1379 Andronicum
613 1318 1004 1396 occupatione
1036 1313 1422 1388 miraculum,
1458 1320 1523 1373 ut
1550 1321 1815 1392 apparet,

169 1423 280 1467 seu
300 1423 626 1485 supernum
653 1423 686 1465 a
731 1413 935 1467 sancto
965 1406 1269 1467 Demetrio
1302 1399 1815 1461 subministratum

62 1510 63 1515 ‘
168 1494 453 1556 auxilium
486 1494 920 1556 admittendum
957 1512 1075 1555 non
1110 1489 1692 1566 videatur,miraculo
1725 1496 1815 1549 ta-

174 1600 336 1659 men,
366 1601 473 1663 per
504 1593 770 1645 sanctum
800 1581 1170 1645 Demetrium
1204 1587 1452 1660 patrato,
1486 1585 1547 1638 ut
1576 1578 1815 1639 Andro-

170 1670 797 1751 uicus,Thessalouica
811 1672 934 1751 jam
956 1667 1342 1750 occupata,ab
1365 1668 1697 1730 inveterato
1720 1685 1818 1747 pe-

1904 511 2320 587 celehcrrimo,
2356 508 2529 572 vitam
2554 508 2878 571 solitariam
2904 508 3113 587 agebat
3140 529 3155 586 ;
3187 526 3321 570 cum
3349 515 3545 571 autem

1904 602 1983 663 ita
2015 602 2169 663 haud
2200 600 2404 681 procul
2437 599 2759 662 admodum
2790 616 2825 659 a
2856 597 3381 660 Thessalonicensi
3411 598 3547 660 civi-

1906 699 2044 768 tate,
2079 699 2281 771 utpote
2313 697 2371 752 et
2400 690 2531 770 ipsa
2562 694 2621 749 in
2650 687 2999 751 Macedonia
3028 687 3161 765 sita,
3188 696 3546 763 versaretur,

1908 780 1982 842 de
2013 781 2144 840 oleo
2201 797 2305 841 seu
2358 786 2689 858 unguento,
2750 777 2907 859 quod
2935 778 2999 839 in
3027 775 3549 841 Thessalonicensi
3594 783 3597 787 ’

1906 870 2094 931 sancti
2127 868 2411 932 Demetrii
2444 868 2692 931 basilica
2717 888 2750 931 e
2780 886 2948 931 sacro
2986 868 3160 947 hujus
3192 868 3420 930 tumulo
3448 867 3548 930 in-

1905 962 2066 1039 genti
2096 980 2163 1022 ac
2193 959 2487 1042 stupenda
2520 958 2690 1041 copia
2719 959 2998 1021 continuo
3027 958 3292 1039 stillaret,
3322 976 3548 1023 sermo-

1908 1069 2015 1111 nes
2044 1070 2077 1111 a
2108 1049 2381 1131 pluribus
2416 1049 2655 1112 misceri
2686 1050 2844 1112 haud
2874 1066 3011 1111 raro
3043 1048 3331 1111 audierat.

1983 1139 2103 1200 34'.
2116 1142 2338 1203 Verum
2355 1139 2442 1201 rei
2458 1139 2810 1220 prodigiosae
2822 1138 2999 1201 ﬁdem
3023 1137 3180 1200 haud
3199 1135 3541 1202 adhibebat.

1902 1228 2046 1291 Cum
2071 1228 2713 1309 enim,dicebat,sancti
2733 1227 3191 1309 Demetrii,quia
3213 1226 3377 1289 hasta
3397 1225 3546 1290 dnuo

1904 1325 2056 1379 taxat
2085 1319 2393 1380 confossus
2423 1317 2846 1394 occubuit,nec
2877 1318 3051 1398 plura
3084 1325 3379 1380 tormenta
3405 1318 3546 1381 sub-

1903 1406 1990 1480 iit,
2022 1408 2364 1488 martyrium
2425 1408 2574 1469 nihil
2633 1406 2876 1469 omnino
2911 1406 3209 1485 singulare
3241 1405 3542 1482 habuerit,

1902 1504 1965 1557 ut
1994 1497 2092 1578 qui
2126 1515 2247 1578 pra:
2276 1497 2496 1559 sanctis
2529 1495 2889 1577 martyribus
2913 1496 3067 1573 aliis,
3106 1496 3207 1576 qui
3240 1496 3542 1561 atrocissi-

1904 1585 2014 1646 mis
2072 1586 2529 1669 quibuscunque
2587 1587 2855 1649 toleratis
2907 1584 3225 1649 tormentis
3279 1587 3546 1666 martyrii

1902 1676 2154 1756 palmam
2189 1676 2665 1757 retulere,gratia
2694 1675 2795 1738 illa
2827 1674 3043 1739 Sancto
3075 1676 3171 1738 isti
3205 1675 3381 1755 plane
3412 1675 3542 1738 exi-

170 1761 551 1842 riculosoque
582 1761 917 1836 vulnere,in
952 1760 1103 1841 pede
1132 1765 1395 1839 accepto,
1439 1756 1666 1846 absque
1696 1756 1818 1818 ulla
1841 1790 1879 1843 Β
1903 1766 2111 1840 mia,ut
2134 1784 2166 1827 e
2190 1766 2414 1828 tumulo
2433 1756 2563 1845 ejus
2588 1773 2985 1846 unguentum,
3011 1765 3289 1827 sanandis
3318 1764 3544 1827 morbis

174 1867 506 1925 mora,cum
533 1860 838 1930 unguento
862 1869 894 1912 e
917 1851 1105 1911 sancti
1131 1845 1417 1913 Demetrii
1441 1845 1665 1907 tumulo
1690 1864 1813 1907 sca-

171 1939 459 2015 turiente,
498 1939 689 2001 linere
722 1940 884 2000 illum
919 1938 1307 2017 decrevisset,
1340 1936 1520 1998 fuerit
1549 1942 1807 2015 sanatus,

168 2030 392 2091 factum
428 2028 851 2092 existimo.Nec
881 2026 1260 2107 dubito,quin
1291 2025 1437 2087 mihi
1461 2041 1811 2086 assensurus

169 2119 274 2193 sit,
310 2120 646 2199 quicunque
678 2118 946 2199 proxime
974 2115 1454 2195 laudata,quibus
1485 2114 1660 2175 etiam
1692 2114 1808 2174 mi-

173 2207 383 2268 rabilis
413 2206 514 2269 illa
554 2208 878 2268 Andronici
926 2207 1152 2269 sanatio
1189 2212 1480 2278 narratur,
1515 2204 1809 2264 Cantacu-

166 2297 305 2359 seni
332 2295 516 2358 verba
564 2306 789 2358 attento
838 2296 1037 2357 animo
1091 2292 1456 2373 expenderit.
1493 2293 1809 2354 Schismati

166 2386 564 2467 quidem,quo
584 2385 848 2448 Ecclesia
868 2394 1071 2448 braeca
1091 2401 1124 2445 a
1151 2382 1369 2445 Christi
1398 2381 1662 2444 Ecclesia
1687 2392 1812 2444 erat

164 2475 802 2554 sejuncta,adhaerebat
817 2473 1437 2548 Andronicus;verum
1456 2471 1807 2533 beneficium

162 2566 317 2627 adeo
343 2563 624 2626 eximium
650 2563 709 2625 in
737 2563 1039 2625 hominem
1064 2563 1242 2623 etiam
1264 2561 1601 2640 hujusmodi
1629 2561 1810 2623 fuisse

165 2654 472 2729 collatum,
512 2654 845 2715 mirandum
900 2671 1020 2714 non
1077 2661 1192 2729 σοι,
1232 2670 1366 2713 cum
1428 2651 1807 2713 historiarum

166 2744 577 2805 monumentis
609 2743 910 2823 proditum
963 2743 1060 2816 sit,
1095 2739 1356 2820 ingentia
1388 2740 1670 2801 miracula
1696 2740 1809 2802 ali-

162 2833 405 2915 quando
420 2834 478 2893 in
495 2833 765 2894 ethnicos
787 2839 846 2895 et
861 2850 894 2893 a
909 2831 1240 2893 Christiana
1255 2829 1545 2907 religione
1568 2846 1809 2908 prorsus

160 2923 400 2986 alienos
426 2941 457 2985 a
485 2923 626 2984 viris
654 2924 896 2997 sanctis,
936 2921 1024 2982 vel
1050 2920 1173 2999 jam
1202 2921 1263 2981 in
1294 2919 1513 2989 coelum
1552 2919 1812 3000 receptis

166 3017 261 3076 vel
290 3017 476 3075 adhuc
497 3018 670 3075 vitam
690 3017 994 3073 nobiscum
1016 3014 1388 3086 agitantibus,
1412 3022 1629 3084 patrata
1662 3026 1806 3072 esse.

170 3104 264 3167 Ita
292 3104 417 3167 fere
437 3104 499 3165 in
524 3103 649 3165 suis
679 3102 751 3164 ad
780 3101 1048 3183 proximo
1079 3101 1181 3164 cit.
1218 3100 1605 3163 Cantacuzeni
1637 3106 1810 3179 caput

173 3198 665 3257 Adnotationibus
701 3197 997 3255 Societatis
1040 3201 1251 3254 nostra;
1271 3193 1539 3252 sacerdos
1565 3192 1809 3251 Jacobus

173 3279 537 3364 Gretserus;
570 3283 669 3363 qui
699 3300 832 3344 cum
880 3281 1107 3344 ibidem
1155 3288 1445 3361 presteres
1484 3279 1667 3341 multa
1693 3279 1808 3341 alia

168 3376 330 3438 hanc
366 3375 426 3435 in
446 3391 573 3435 rem
597 3380 930 3453 opportune
969 3371 1242 3446 disserat,
1276 3370 1578 3432 curiosum
1611 3370 1805 3432 lecto-

165 3481 299 3525 rem
331 3463 403 3525 ad
436 3480 571 3525 eum
595 3461 901 3524 brevitatis
929 3478 1110 3522 causa
1138 3459 1490 3534 remitto,uti
1522 3466 1579 3519 et
1608 3458 1680 3521 ad
1711 3477 1801 3534 ea,

162 3571 300 3636 quae
328 3552 497 3633 operi
550 3551 735 3613 nostri
794 3559 989 3613 tomus
1036 3550 1306 3631 proxime
1352 3547 1716 3610 antecedens
1743 3549 1806 3609 in

161 3643 633 3723 Commentario,
660 3641 824 3703 Actis
853 3639 958 3703 SS.
994 3639 1185 3718 Sergii
1218 3646 1279 3700 et
1318 3636 1535 3700 Bacchi
1565 3639 1801 3717 praevio,

158 3733 192 3813 §
221 3733 283 3815 5,
316 3730 757 3814 complectitur.

161 3846 191 3917 §
250 3845 350 3903 III.
398 3844 715 3924 Nonnulla,
748 3858 867 3924 quas
913 3841 1274 3924 pretence:
1327 3838 1638 3924 prodigiosa
1695 3855 1805 3896 un-

233 3924 452 3988 guento,
482 3932 509 3975 ο
538 3913 1007 3988 εαηοιί-υεπιεὶνίι
1032 3913 1231 3988 tumulo
1265 3913 1588 3988 scaturienla
1618 3928 1806 3967 memo-

230 3983 329 4045 ria:
366 3983 580 4045 exstant
603 3986 841 4058 prodita,
874 3986 929 4041 in
948 3986 1182 4044 medium
1212 3983 1568 4042 adducuntur.

244 4096 478 4160 34.Etsi
501 4095 741 4175 quidem
761 4101 1126 4173 unguentum
1150 4110 1183 4154 e
1204 4090 1391 4155 sancti
1414 4090 1697 4154 Demetrii
1720 4096 1806 4153 tu-

160 4186 325 4248 mulo
379 4185 521 4247 olim
554 4204 672 4246 non
713 4184 936 4246 tantum
991 4183 1268 4258 stillasse,
1325 4181 1428 4242 sed
1490 4189 1549 4241 et
1578 4180 1800 4256 ingenti

161 4293 407 4356 prorsus
437 4294 504 4337 ac
535 4274 827 4355 stupenda
858 4274 1029 4353 copia
1079 4272 1138 4333 id
1182 4272 1423 4350 factum,
1458 4269 1711 4331 adducta
1738 4269 1800 4330 in

160 4366 606 4431 Commentario
631 4365 1042 4443 prmvio,num.
1063 4360 1140 4423 95
1161 4370 1219 4423 et
1234 4361 1338 4437 97,
1363 4361 1582 4420 Nicetes
1611 4358 1800 4420 Chro-

161 4458 337 4518 niatm
376 4465 435 4517 et
454 4453 723 4516 'Joannis
754 4455 1109 4531 Anagnostas
1138 4450 1317 4512 verba
1347 4458 1435 4511 sat
1464 4448 1802 4511 luculenter

1897 1854 2179 1930 salutare,
2210 1855 2547 1936 prodigiose
2569 1854 3162 1931 seaturiat,divinitus
3183 1857 3261 1916 sit
3279 1854 3494 1918 collata
3520 1858 3551 1917 ?

1894 1942 2136 2017 Adhaac,
2173 1964 2308 2006 cum
2339 1954 2706 2025 unguentum
2736 1945 2886 2007 illud
2917 1963 3022 2007 seu
3053 1944 3249 2006 oleum
3286 1943 3545 2007 maxima

1895 2033 2158 2115 quotidie
2190 2038 2363 2115 copia
2391 2054 2426 2098 a
2448 2036 2667 2116 populo
2691 2035 3060 2109 hauriri,nec
3087 2043 3285 2097 tamen
3310 2035 3429 2096 ulla
3448 2052 3544 2098 ra-

1896 2124 2059 2185 tione
2090 2125 2364 2185 imminui
2396 2124 2652 2205 audiret,
2688 2142 2721 2185 e
2751 2124 2954 2188 Sancti
2984 2126 3167 2185 nostri
3201 2142 3452 2202 corpore
3482 2124 3543 2187 id

1893 2212 2137 2289 stillare,
2177 2213 2489 2294 aegerrime
2514 2214 2573 2275 in
2605 2214 2869 2276 animum
2902 2212 3332 2288 inducebat,eo
3366 2218 3543 2276 etiam

1892 2300 2120 2365 idcirco
2152 2302 2557 2384 propendens,
2621 2312 2686 2365 ut
2743 2302 2939 2366 oleum
2995 2320 3100 2364 seu
3148 2310 3537 2382 unguentum,

1895 2388 2139 2453 aliunde
2167 2401 2343 2455 antea
2364 2399 2658 2473 paratum,
2692 2410 2813 2454 non
2838 2408 3094 2472 superna
3126 2410 3229 2453 seu
3263 2394 3541 2472 martyris

1894 2480 2128 2557 virtute,
2165 2483 2269 2545 sed
2330 2484 2589 2544 humano
2621 2482 2872 2543 artiﬁcio
2904 2480 3117 2543 eﬁ'ecta
3147 2482 3534 2562 scaturigine,

1894 2570 2110 2650 populo
2138 2571 2411 2652 profundi
2433 2591 2540 2634 seu
2562 2571 2999 2635 subministrari
3022 2570 3532 2637 existimaret.Ve-

1896 2677 2025 2743 rum
2060 2664 2351 2725 monacho
2410 2662 2519 2743 illi,
2564 2660 3192 2743 quaincredulitatem
3226 2680 3393 2743 suam
3427 2662 3539 2725 fuit

1895 2738 2365 2821 dedoctus,visio
2397 2738 2661 2805 caelestis
2682 2741 2792 2803 fuit
2812 2740 3204 2805 oblata.Hanc
3226 2742 3538 2824 ipsis,qu.’e

1891 2832 2152 2896 Joannes
2182 2830 2525 2896 Stauracius
2574 2832 2705 2895 loco
2763 2831 2863 2892 cit.
2898 2831 3259 2912 suppeditat,
3318 2833 3539 2896 Graecis

1896 2922 2120 3004 verbis,
2159 2921 2360 2984 addita
2419 2922 2594 2984 etiam
2648 2921 2720 2983 ad
2767 2921 2989 2983 calcem
3043 2922 3536 3002 interpretatione

1891 3012 2119 3089 Latina,
2176 3012 2383 3074 lectori
2418 3011 2535 3072 'hic
2596 3010 2743 3073 libet
2787 3010 3087 3074 exhibere.
3147 3010 3245 3074 Sic
3304 3010 3531 3075 habet:

1894 3102 2098 3160 Ἐδόκει
2179 3102 2293 3159 καθ’
2380 3102 2570 3164 ὕπνους
2649 3101 2887 3180 γενέσθαι
2960 3108 3028 3177 τῇ
3103 3101 3535 3159 Θεσσαλονικέων

1892 3193 2068 3273 πόλει,
2137 3194 2223 3248 καὶ
2283 3194 2372 3248 τὸν
2438 3195 2559 3248 ναὸν
2617 3189 3045 3267 καταλαμϐάνειν
3106 3198 3195 3247 τοῦ
3246 3193 3532 3271 μάρτυρος.

1893 3276 2062 3362 εὑρεῖν
2116 3304 2172 3339 τε
2230 3283 2319 3338 τὸν
2378 3283 2639 3359 νεωκόρον
2683 3280 2777 3337 καῖ
2837 3294 3174 3358 προσειπεῖν,
3228 3284 3326 3339 καί
3367 3282 3535 3339 ἀκοῦ-

1894 3396 1978 3430 σαι
2017 3391 2028 3403 ·
2063 3368 2127 3430 Ἠ
2173 3373 2349 3448 βούλει
2401 3371 2593 3428 ὶδέσθιι
2653 3373 2742 3427 τὸν
2773 3372 3011 3449 μάρτυρα
3043 3391 3058 3447 ;
3095 3373 3181 3428 καὶ
3211 3370 3532 3450 avem-ny-

1891 3477 2029 3521 κεῖν,
2063 3464 2155 3518 τὸν
2198 3460 2464 3539 Βιτάλιον,
2498 3462 2580 3516 καὶ
2628 3462 2742 3516 λίαν
2797 3464 2870 3522 εἱς
2901 3468 3060 3517 τοῦτο
3090 3459 3206 3539 ἔχει
3235 3458 3536 3535 διψητικῶς

1891 3552 2027 3607 ὥστε
2083 3552 2169 3607 καὶ
2218 3548 2349 3607 ἰδεῖν
2408 3553 2493 3607 καὶ
2552 3549 3000 3629 προσπτύξασθαι.
3054 3554 3152 3606 Καὶ
3181 3548 3348 3612 οὕτως
3380 3552 3408 3605 ὁ
3439 3549 3536 3624 μὲν

1891 3653 2188 3719 προηγεῖτο
2218 3643 2245 3696 ὁ
2278 3642 2566 3719 νεωκόρος,
2597 3638 2784 3694 εἵπετο
2813 3637 2866 3693 δὲ
2892 3641 2920 3694 ὁ
2955 3636 3221 3703 Βιτάλιος.

1970 3730 2067 3791 35.
2104 3734 2196 3794 Ὠς
2242 3728 2295 3785 δὲ
2328 3730 2485 3808 ἔγγὺς
2514 3735 2614 3795 τῆς
2660 3731 2799 3791 θείας
2851 3725 3082 3784 κιϐωτοῦ
3124 3735 3216 3785 τοῦ
3271 3730 3535 3808 μάρτυρος

1888 3820 2153 3899 γένοιντο,
2185 3819 2482 3886 εἶσελθέτην
2514 3818 2674 3897 ἄμφω
2703 3819 2761 3873 ἐκ
2806 3825 2897 3873 τοῦ
2933 3817 3133 3897 ἐλαίου,
3185 3819 3272 3875 καὶ
3303 3820 3398 3882 τὰς
3440 3810 3539 3876 Θύέ

1886 3930 1975 3988 ρας
2036 3912 2334 3984 μετέθεντο,
2389 3911 2476 3965 καὶ
2526 3909 2627 3975 τὴν
2682 3908 2825 3985 ἱερὰν
2870 3906 3203 3983 μετέστησαν
3266 3907 3529 3986 λάρνακα,

1888 4000 1972 4055 καὶ
2003 4000 2308 4077 μαρμάροος
2343 3999 2470 4077 ἧραν
2501 3999 2704 4054 ἐκεῖθεν
2736 3999 2797 4053 ἐκ
2825 3997 2988 4073 μέσου
3038 3997 3171 4053 ἑπτά
3204 4013 3217 4028 ·
3277 3999 3364 4054 καὶ
3398 4002 3529 4077 πρὸς

1887 4089 2078 4168 ὀρυγῆν
2136 4094 2234 4163 μὲν
2288 4085 2605 4163 ἀμοιϐκυτὸν
2669 4087 2789 4166 (an.
2827 4084 3113 4162 ἆμοιϐαδόν
3148 4085 3195 4167 ἲ)
3229 4098 3321 4146 τοῦ
3351 4088 3529 4145 ἐκεῖσε

1888 4182 2142 4258 χώματος
2178 4193 2191 4207 ⁸
2253 4178 2386 4253 μετὰ
2430 4175 2482 4231 δὲ
2528 4185 2659 4256 χοῦς
2717 4176 2892 4255 ἕτερος
2939 4178 3165 4255 καθαρὸς
3197 4176 3529 4244 ἀπηντλεττο

1886 4269 2088 4323 ἐκεῖθεν
2152 4265 2366 4331 εὸωδίας
2451 4266 2707 4333 πλείστης
2786 4264 3087 4330 ἀνάπλεως.
3144 4266 3297 4324 Ἐπεὶ
3368 4265 3422 4323 δὲ
3494 4270 3529 4335 ἡ

1885 4357 2045 4434 ὀρυγὴ
2078 4358 2262 4435 φθάσοι
2295 4358 2520 4436 πήχεων
2554 4356 2681 4435 ἄχρι
2711 4361 2892 4436 τριῶν,
2928 4357 3016 4412 καὶ
3046 4358 3236 4436 μικρόν
3268 4379 3316 4413 τι
3370 4359 3526 4436 πρὸς,

1884 4446 2076 4525 λάρναξ
2161 4448 2327 4525 ἐφάνη
2412 4448 2617 4510 τούτοις
2698 4445 3194 4524 περικεκαλυμμένη
3266 4449 3529 4527 μαρμάρῳ

158 4546 562 4628 prodant,hoc
584 4554 783 4607 tamen
801 4520 1167 4624 postremum
1192 4547 1607 4616 argumentum
1640 4556 1797 4600 non-

1979 4543 2071 4612 κῇ,
2132 4520 2211 4604 ἣν·
2256 4539 2345 4593 καὶ
2407 4538 2601 4603 ταύτην
2681 4520 2884 4593 ἐκεῖθεν
2941 4520 3391 4615 διάρσντεςςκᾶἶ

161 4638 303 4699 dum
337 4653 409 4698 ex
438 4634 709 4697 instituto
741 4632 1014 4707 tractavi,
1040 4631 1219 4711 idque
1248 4629 1395 4691 adeo
1421 4628 1514 4690 vel
1546 4628 1794 4706 idcirco,

156 4727 320 4809 quod
352 4725 642 4788 nonnulla
668 4723 863 4785 adhuc
890 4722 1044 4783 haud
1079 4720 1314 4809 penitus
1339 4725 1669 4781 memoratu
1700 4718 1797 4809 in-

155 4806 338 4895 digna
368 4813 799 4886 subministrat,
836 4814 864 4887 ἒ
897 4808 1179 4891 praesenti
1235 4808 1430 4869 facere
1487 4806 1793 4880 constitui,

150 4906 355 4985 itaque
380 4919 514 4981 qua:
543 4902 618 4963 de
646 4900 860 4966 Sancto
906 4897 1255 4983 disserenda
1299 4897 1559 4971 fuerunt,
1594 4895 1794 4957 absol-

153 5011 320 5057 vere.
368 4991 443 5056 Ut
500 4994 698 5072 itaque
755 4990 815 5052 id
875 4987 1129 5050 instituti
1180 4985 1437 5059 meliori,
1497 5003 1614 5066 quo
1667 4986 1797 5048 ﬁeri

132 5092 375 5165 potest,
406 5081 618 5144 ordine
650 5079 983 5159 mancipem
1037 5076 1298 5151 effectui,
1328 5094 1369 5165 ra
1392 5074 1793 5165 suppeditata,

154 5163 289 5257 quae
347 5163 404 5235 in
467 5170 676 5234 codice
735 5176 936 5231 nostro
996 5169 1041 5245 1-
1088 5184 1199 5227 ms.
1233 5164 1351 5228 193
1379 5163 1482 5225 fol.
1520 5180 1690 5224 verso
1721 5165 1797 5224 78

156 5274 215 5327 et
246 5282 417 5345 seqq.
454 5281 487 5323 e
523 5260 751 5323 Leonis
769 5257 972 5321 Allatii
1005 5275 1117 5320 ms.
1154 5262 1428 5345 excerpta
1458 5261 1665 5345 exstat,
1692 5270 1801 5345 per

154 5342 449 5419 Joannem
463 5349 834 5415 Stauracium
858 5363 1037 5428 supra
1058 5344 1392 5426 saepissime
1407 5342 1710 5404 laudatum
1724 5343 1800 5404 de

156 5442 456 5506 monacho
485 5438 1018 5523 quodam,nomine
1041 5431 1801 5510 Vitalio,narrationeduco

158 5534 418 5597 initium.
450 5522 641 5595 Hicin
664 5528 1000 5592 celsissimo
1022 5522 1383 5588 Macedoniae
1398 5531 1600 5585 monte
1624 5522 1798 5598 Atho,

159 5634 286 5691 tum
319 5622 815 5687 monasteriorum
865 5630 994 5700 quae
1042 5615 1482 5697 complectitur,
1518 5622 1639 5675 tum
1670 5632 1803 5676 mo-

523 5732 786 5794 Prmon.
834 5729 946 5790 Gn.
994 5725 1198 5791 CXVI.

1882 4628 2116 4705 λάρνακα
2170 4625 2662 4704 ἂνακαλυψάμενοι,
2726 4624 2870 4681 εἶδον
2932 4625 3072 4683 ἔνδον
3119 4628 3318 4694 ταύτης
3373 4628 3528 4684 ἀκτι-

1882 4715 2198 4772 νοόολοῦνται
2253 4717 2345 4771 τὸν
2402 4715 2637 4793 μάρτυρα
2711 4716 2978 4791 κείμενον,
3029 4719 3202 4787 ζῶντα
3267 4720 3525 4796 καθαρῶς,

1880 4809 1967 4862 καὶ
2037 4806 2247 4862 ἐοικότα
2304 4804 2649 4878 ὑπνώττοντι,
2725 4804 3113 4879 ὑπομειδιῶντα
3157 4807 3244 4862 καὶ
3303 4805 3528 4886 φαιδρω-

1880 4897 2000 4954 πόν.
2070 4898 2166 4953 Καὶ
2243 4892 2351 4951 ἰδοὺ
2433 4894 2608 4971 μυρίαι
2687 4896 2906 4970 τρώσεις
2988 4898 3063 4967 τῷ
3143 4896 3361 4974 μάρτυρι
3469 4899 3529 4953 ἐκ

1878 4984 2157 5064 τραχήλου
2214 4985 2377 5063 μέχρι
2448 4985 2534 5038 καὶ
2622 4983 2815 5062 ὀσφύος
2873 4981 3038 5050 αὐτῆς
3093 4984 3524 5060 πεπυκνωμέναι,

1881 5078 1967 5130 καὶ
2038 5073 2277 5142 ἀλὶῆλας
2361 5070 2587 5152 ἀκριϐῶς
2683 5073 3122 5151 προσεγγίζουσαι
3210 5074 3346 5129 κατὰ
3431 5076 3522 5138 τὰς

1881 5165 2421 5242 κηροπλαστουμένας
2518 5175 2640 5225 ταῖς
2720 5161 2997 5239 μελίσσαις
3095 5162 3253 5237 ὀπὰς,
3341 5171 3524 5227 σκεῦος

1883 5254 2005 5311 οἷον
2064 5257 2283 5330 μοωπὸν
2338 5257 2425 5310 καὶ
2487 5254 2661 5332 μύρων
2719 5249 3065 5330 μυριοφλέϐες
3114 5254 3175 5307 ἐκ
3221 5253 3327 5309 τῶν
3385 5254 3531 5311 ὀπῶν

1884 5343 2218 5421 ἀνεπήγαζον
2254 5394 2268 5421 ,
2358 5340 2564 5422 σφοδρῷ
2648 5344 2880 5420 καθάπερ
2959 5343 3194 5399 κάτωθεν
3253 5342 3532 5422 ἀναφυσώ-

1886 5454 2039 5509 μεναι
2101 5435 2405 5506 πνεύματι·
2459 5436 2554 5488 καὶ
2616 5439 2806 5508 μικροῦ
2867 5430 2978 5487 δεῖν
3036 5433 3084 5487 οἱ
3150 5429 3330 5509 ἄνδρες
3389 5431 3529 5487 οὗτοι

1886 5525 1972 5581 καὶ
2053 5520 2435 5592 κασεκλύζοντο
2518 5533 2637 5583 τοῖς
2714 5527 2818 5576 τῶν
2909 5523 3087 5599 μύρων
3173 5519 3529 5587 ἇναπηδύουσι

1886 5612 2156 5693 ῥεύμασιν.
2220 5609 2287 5667 ’⁷0
2346 5630 2403 5665 τε
2462 5610 2548 5665 καὶ
2603 5613 2630 5665 ὁ
2676 5608 2920 5673 Βιτάλιος
2982 5608 3126 5690 ἰδὼν,
3159 5611 3530 5688 καὶὺπερθαυ-

3009 5716 3087 5779 45
