3946 6146
386 283 538 347 1419
1730 279 2375 341 SUPPLEMENTUM.
3593 275 3746 339 14ἓο

380 419 580 493 μάσας,
657 417 716 472 τὸ
773 417 921 471 θετον
976 414 1152 471 ἐκεῖνο
1230 418 1386 486 σῶμα
1458 414 1549 467 τοῦ
1620 412 1878 488 μάρτυρος
1939 412 2020 468 καὶ

2203 411 2308 473 viri
2339 411 2428 472 illi
2456 411 2793 473 subsilienti
2827 411 3011 472 etiam
3042 412 3322 488 unguenti
3385 410 3540 471 fluxu
3596 409 3745 470 sub-

378 506 745 585 προσεκύνησε
801 505 888 559 καὶ
948 503 1252 575 ἠσπάσατο,
1302 501 1388 558 καὶ
1431 501 1614 562 σκεῦός
1673 523 1722 555 τι
1771 502 1842 562 ὡς
1899 498 2020 555 b86-

2182 509 2540 580 srgerentur.
2566 500 2732 572 Quod
2767 517 2900 562 cum
2928 497 3180 563 Vilalius
3209 497 3451 560 vidisset
3478 516 3546 560 ac
3566 517 3747 579 supra

381 617 462 652 κει
519 595 690 674 φέρων
734 605 948 670 χεροῖν,
1006 591 1035 647 ’ὁ
1093 590 1228 656 δῆτα
1278 590 1555 669 ἐγχωρίως
1615 587 1862 644 καλεδται
1893 611 2020 648 κουο

2182 594 2340 649 )dum
2371 592 2776 654 admiraretur.
2799 593 3053 648 divinum
3075 591 3222 674 illud
3255 593 3520 662 martyris
3537 605 3750 674 corpus

380 683 602 760 τρίϐιον,
687 689 841 738 τοῦτο
909 681 1018 737 τῶν
1091 679 1486 751 ὄιναϐλυζόντων
1569 678 1771 733 ἐκεῖθεν
1848 678 2026 754 μύρων

383 773 734 851 πεπλήρωκεν
770 787 782 799 ⁸
869 769 1010 835 αὖθις
1097 770 1184 827 οὖν
1271 770 1369 836 τήν
1447 769 1741 846 μυροφὸρον
1819 767 2025 832 ἐκείνην

379 862 832 936 ὲπιπωματίζουσι
888 858 1147 935 λάρνακα,
1195 859 1282 914 καὶ
1325 857 1490 932 ταύτῃ
1540 863 1672 935 χοῦν
1716 858 1806 910 τὸν
1854 853 2024 920 εὗώδη

380 949 764 1030 περιτιθέασιν,
829 948 914 1008 καὶ
1001 946 1141 1004 οὕτω
1225 946 1382 1003 πάλιν
1440 948 1502 1001 τὸ
1565 945 1624 1000 ἐκ
1686 943 1790 1000 τών
1847 945 2026 1023 μύρων

380 1037 629 1107 πηλῶδες
684 1037 888 1115 ἐκεῖνο,
945 1038 1039 1101 τὰς
1101 1036 1405 1114 μαρμάρους
1455 1056 1511 1091 τε
1586 1036 1670 1090 καὶ
1728 1036 1825 1100 τὴν
1897 1055 2024 1092 φαι-

381 1131 612 1206 νομένην
641 1134 800 1185 πᾶσιν
831 1127 1029 1184 ἄνωθεν
1059 1125 1315 1203 λάρνακα.

461 1218 540 1282 36
599 1216 720 1276 Εἶθ’
764 1215 902 1274 οὕτω
944 1216 1044 1283 τὴν
1088 1215 1290 1282 σεπτὴν
1347 1216 1434 1272 καὶ
1491 1212 1648 1271 πάλιν
1705 1213 2026 1291 μαρτυρικὴν

378 1308 610 1365 κιϐωτὸν
662 1306 988 1384 Θυρώσαντες
1047 1307 1120 1368 ὡς
1203 1305 1266 1360 τὸ
1329 1304 1585 1382 πρότερον
1660 1303 1877 1370 ἓξῆλθον
1942 1302 2029 1358 καὶ

377 1405 469 1454 τοῦ
537 1406 662 1456 ναοῦ
725 1397 814 1453 καὶ
870 1400 967 1462 τῆς
1023 1393 1256 1457 πόλεως·
1321 1396 1348 1450 ὁ
1393 1392 1490 1468 μὲν
1546 1391 1786 1454 Βιτάλιος
1815 1391 2028 1469 τραπεὶς

377 1486 808 1561 παλιμπόρευτος
867 1485 1000 1562 πρὸς
1056 1481 1172 1540 ὅθεν
1231 1482 1389 1556 δῆτα,
1435 1483 1508 1544 ὠς
1573 1480 1766 1553 ἐδόκει,
1829 1479 2027 1551 ελήλυ-

376 1581 462 1632 θεν
499 1591 512 1604 ·
569 1578 596 1630 ὁ
648 1573 701 1629 δὲ
764 1573 1022 1650 νεωκόρος
1069 1574 1140 1636 ὡς
1184 1580 1370 1631 τοῦτον
1440 1571 1608 1650 μέχρι
1665 1573 1806 1633 τινὸς
1867 1569 2028 1626 τόπου

379 1664 818 1742 διαπευσόμενος,
866 1660 1127 1741 Ἀλμυρὸς
1173 1663 1248 1734 τῷ
1300 1660 1449 1734 τὸπῳ
1497 1663 1556 1717 τὸ
1613 1661 1804 1734 ὄνομα,
1839 1659 2025 1718 Ἐκεῖ-

376 1758 463 1811 θεν
549 1756 635 1809 οὖν
743 1752 886 1826 αὐτῷ
965 1749 1350 1826 συνταξάμενος

380 1845 736 1917 αἰτησάμενος
794 1841 892 1916 μὲν
965 1842 1057 1896 τὸν
1149 1839 1390 1898 Βιτάλιον
1447 1839 1509 1894 ἐκ
1565 1846 1656 1895 τοῦ
1703 1840 1865 1915 μύρου
1921 1837 2026 1892 λα-

378 1931 580 2005 ϐέσθαι,
637 1931 767 2008 ὅπερ
837 1939 927 1988 τοῦ
975 1936 1296 2008 μαρτυρικοῦ
1352 1927 1668 1998 ἁπάντλησε
1723 1927 1972 1997 σώματος
2008 1943 2020 1954 ⁸

380 2023 458 2098 μὴ
511 2043 692 2100 τυχων
754 2018 808 2074 δὲ
867 2025 958 2075 τοῦ
1009 2019 1344 2096 ζητήματος,
1407 2019 1452 2073 εἰ
1492 2019 1571 2092 μὴ
1617 2024 1775 2092 μονον
1821 2014 2024 2078 νοτίδας

380 2111 570 2190 μικρὰς
630 2109 689 2164 ἐκ
745 2109 928 2165 τούτου
973 2109 1030 2162 τὸ
1105 2107 1352 2182 μέτωπον
1426 2103 1770 2183 σταυροειδῶς
1830 2103 2024 2181 ἐγιρι-

380 2201 632 2274 σάμενος.
667 2201 726 2256 Τί
754 2200 816 2254 τὸ
848 2211 906 2253 τὸ
938 2197 1024 2253 ἐπὶ
1053 2198 1254 2260 τούτοις
1285 2216 1301 2271 ;
1337 2195 1656 2275 Ἀφύπνιστο
1688 2197 1715 2250 ὁ
1749 2193 2020 2263 Βιτάλιος,

379 2291 464 2347 καὶ
512 2286 622 2345 ἰδοὺ
667 2289 726 2344 τὸ
769 2288 1086 2364 μαρτυρικὸν
1147 2286 1310 2362 μύρον
1361 2297 1481 2350 ταῖς
1529 2283 1692 2362 χερσί
1724 2281 2021 2360 περιέφερε,

387 2381 473 2435 καὶ
525 2377 647 2441 ὅλος
704 2377 769 2444 ἦν
826 2388 944 2439 τοῖς
978 2376 1168 2451 μάροις
1215 2371 1523 2452 διάϐροχος·
1557 2375 1644 2428 καὶ
1674 2371 1799 2435 ὅλος
1830 2373 1896 2437 ἦν
1926 2375 2023 2436 τῆς

383 2465 596 2531 εὐωδίας
641 2463 944 2539 ἀνάπλεως,
1006 2459 1269 2526 ἄπλεκτος
1335 2460 1481 2541 ὅλος,
1547 2459 1668 2522 ὅλος
1719 2459 2022 2530 ἐνθουσιῶν,

379 2557 559 2634 τρόμῳ
603 2553 927 2632 κεκραμένος
998 2555 1085 2610 καὶ
1169 2557 1431 2631 καρμυνῇ,
1519 2551 1762 2623 Migrare,
1827 2549 2022 2634 λέγων,

378 2645 472 2702 καί
530 2647 686 2700 εἰσετι
749 2641 1100 2722 ὀνειροπολῶ,
1157 2642 1245 2697 καὶ
1304 2642 1440 2718 μύρα
1514 2640 1842 2720 φαντάζομαι
1907 2629 2027 2694 καθ’

377 2733 566 2796 ὕπνους
620 2731 796 2812 φέρειν
853 2737 948 2788 τοῦ
998 2731 1309 2809 μάρτυρος;
1358 2728 1508 2790 Ἀλλ’
1567 2731 1639 2791 ὡς
1685 2727 1852 2784 ἔοικεν
1910 2726 2025 2786 οὐδὲ

380 2823 443 2878 τὰ
498 2827 595 2890 τῆς
655 2822 828 2896 ὄψεώς
881 2842 978 2895 μοι
1021 2822 1153 2898 πρὸς
1193 2818 1343 2898 ὄναρ,
1391 2821 1478 2875 καὶ
1536 2827 1629 2876 τού
1671 2822 2024 2894 φανταστικού

380 2913 715 2975 ἀνατύπωσις
747 2932 761 2945 ·
818 2909 955 2966 ἀλλὰ
1015 2910 1299 2985 σωματικὴ
1359 2907 1580 2984 ἐνδημία
1621 2929 1712 2982 μοι
1767 2906 1895 2986 ἄχρι
1927 2906 2022 2974 τῆς

380 3005 706 3080 μαρτυρικῆς
762 3000 935 3076 τιμίας
1001 3005 1156 3074 σοροῦ
1191 3014 1205 3028 ’
1277 2999 1434 3056 αὐτοῦ
1489 3020 1580 3072 μοι
1642 2997 1732 3053 τοῦ
1791 2995 2025 3074 μεγάλου

2107 684 2166 736 et
2194 675 2456 738 adoravit
2488 685 2546 738 et
2575 674 2870 749 salutavit,
2930 671 3377 756 quoddamqtte,
3410 684 3473 736 ut
3499 673 3747 736 videba-

2111 775 2224 833 tur,
2258 782 2377 834 vas,
2411 767 2701 826 Cutrihion
2733 767 3008 825 nimirum
3043 767 3346 824 vernaculo
3375 767 3749 836 appellatum,

2112 851 2384 914 manibus
2404 853 2807 932 gestans,oleo
2835 853 2892 914 id
2916 851 3058 914 inde
3077 852 3442 914 scaturiente
3463 851 3749 932 implevit.

2109 941 2340 1004 Rursus
2369 943 2547 1022 igitur
2577 943 2765 1013 illam,
2799 961 2833 1004 e
2863 959 2980 1022 qua
3010 940 3206 1002 oleum
3247 941 3520 1020 scaturit,
3551 957 3752 1003 arcam

2111 1033 2600 1112 claudunt,eique
2633 1032 2774 1094 boni
2801 1030 3004 1093 odoris
3037 1031 3750 1110 ltumum,itaqueiterum

2111 1120 2378 1182 oleosum
2413 1121 2558 1184 illud
2620 1121 2835 1194 lutum,
2869 1119 3220 1200 lapidesque
3252 1137 3640 1198 marmoreas,
3680 1139 3752 1179 ac

2110 1227 2245 1291 quae
2277 1209 2557 1271 divinitus
2585 1209 2723 1271 data
2753 1209 3028 1270 omnibus
3057 1217 3329 1289 apparet,
3355 1208 3585 1270 thecam
3627 1209 3750 1268 itn-

2112 1307 2362 1379 ponunt.
2399 1297 2495 1362 Sic
2525 1298 2770 1376 deinde,
2820 1298 3159 1360 venerando
3213 1297 3423 1359 iterntn
3479 1298 3752 1377 martyris

2112 1388 2290 1450 etiam
2323 1387 2689 1468 conditorio,
2723 1397 2784 1448 ut
2815 1387 2978 1466 prius
3008 1395 3158 1461 erat,
3201 1386 3426 1461 clauso,
3459 1405 3493 1448 e
3523 1387 3751 1466 templo

2110 1477 2284 1539 etiam
2317 1496 2385 1540 ac
2416 1477 2656 1540 civitate
2683 1485 2821 1538 sunt
2850 1475 3358 1554 egressi,Vitalius
3381 1476 3617 1554 quidem
3645 1494 3748 1550 eo,

2111 1568 2272 1628 unde
2303 1568 2608 1641 nimirum,
2632 1575 2696 1627 ut
2725 1565 3070 1648 apparebat,
3103 1573 3364 1636 vent-rat,
3401 1566 3608 1626 iterum
3641 1583 3750 1626 re-

2110 1657 2303 1727 diens,
2344 1655 2598 1718 adituus
2653 1664 2850 1717 autem
2901 1655 3079 1717 veluti
3110 1656 3276 1716 illum
3307 1654 3748 1722 observaturus.

1455 1751 1596 1815 αὖθις
1677 1749 2020 1826 ὑπέστρεψεν,

2215 1745 2557 1826 quemdam,
2591 1747 2685 1807 cui
2741 1762 2960 1806 nomen
3009 1751 3136 1806 erat
3184 1743 3488 1822 Almurus,
3520 1745 3753 1806 locum.

2108 1834 2450 1913 Hincigitur
2463 1834 2659 1896 eidem
2673 1834 3154 1913 adjunctus,cum
3178 1831 3455 1894 Vitalium
3478 1832 3754 1914 quidem,

2111 1932 2174 1986 ut
2205 1941 2275 1987 ex
2305 1922 2461 1997 oleo,
2498 1921 2659 2004 quod
2686 1942 2715 1984 e
2742 1923 3015 2002 martyris
3037 1940 3291 2003 corpore
3313 1923 3608 1992 hauserat,
3643 1939 3757 1982 ac-

2110 2013 2361 2093 ciperet,
2399 2013 2778 2093 postulasset,
2837 2011 3275 2093 postulatoque,
3323 2013 3372 2072 si
3430 2010 3760 2092 pauxillum

2110 2102 2339 2163 humidi
2365 2101 2693 2181 exceperis,
2708 2120 2826 2162 non
2842 2100 3192 2174 obtento,eo
3207 2101 3404 2164 crucis
3424 2101 3484 2161 in
3507 2099 3761 2161 modum

2108 2190 2367 2252 frontem
2407 2197 2690 2258 tinxisset,
2728 2190 2939 2272 pedem
2985 2190 3200 2251 iterum
3231 2197 3391 2252 retro
3424 2189 3576 2251 tulit.
3612 2187 3762 2250 Hac

2110 2281 2266 2342 inter
2287 2281 2538 2343 Vitalius
2559 2280 2861 2362 paululum
2892 2279 3340 2360 expergefactus
3373 2287 3758 2359 est,et,ecce.

2112 2374 2375 2446 martyris
2408 2385 2766 2446 unguentum
2789 2374 3055 2430 manibus
3077 2372 3536 2436 circumferebat,
3569 2382 3761 2430 totus-

2109 2477 2227 2535 que
2248 2469 2374 2521 erat
2395 2460 2528 2521 oleo
2546 2457 3124 2538 madidus,bonoque
3143 2457 3327 2519 odore
3349 2456 3759 2536 undequaque

2109 2548 2344 2628 plenus,
2379 2548 2708 2628 perculsus,
2742 2555 2897 2609 totus
2927 2556 3094 2609 extra
3121 2564 3188 2608 se
3213 2555 3439 2628 raptus,
3486 2555 3759 2610 tremore

2105 2659 2174 2703 ac
2206 2640 2408 2702 latitia
2433 2638 3466 2722 suspensus,Nonne,dicens,adbuc
3487 2639 3758 2718 somnio,

2110 2728 2503 2811 martyrisque
2529 2749 2622 2794 me
2645 2731 2808 2792 ferre
2831 2727 3027 2791 oleum
3053 2728 3113 2790 in
3135 2729 3368 2790 somnio
3386 2729 3754 2806 imaginor‘h

2186 2821 2284 2884 38.
2327 2846 2347 2874 ι
2392 2818 2638 2896 Verum,
2675 2829 2739 2883 ut
2762 2820 3012 2894 videtur,
3049 2818 3194 2880 mihi
3225 2817 3384 2880 haud
3414 2817 3664 2879 visionis
3698 2820 3762 2880 in

2108 2929 2344 2985 somno,
2380 2911 2820 2990 pbantasiaque
2847 2908 3028 2983 fictio,
3076 2907 3182 2968 sed
3234 2923 3544 2986 corporea,
3581 2907 3664 2966 ita
3700 2916 3765 2966 ut

2111 2999 2384 3079 martyris
2408 2997 2582 3060 etiam
2625 3000 2881 3060 loculum
2915 3005 3230 3059 veneratus
3261 2995 3398 3068 sim,
3434 2995 3763 3075 prasentia

383 3090 451 3169 (ὢ
477 3091 614 3148 θείου
671 3090 943 3169 τεραστίου
1003 3109 1061 3144 τε
1119 3089 1206 3144 καὶ
1266 3087 1600 3162 ἀκούσματος
1631 3086 1674 3165 ί)
1735 3087 1799 3142 τὰ
1853 3090 2020 3142 πάντα

2182 3107 2243 3150 se
2274 3087 2774 3181 o_btulit,ipsornet
2793 3104 3005 3181 magno
3033 3085 3091 3181 (ο
3116 3084 3381 3181 divinum
3409 3084 3760 3181 prodigium

379 3181 830 3254 οἱκονομήσαντος
888 3179 961 3243 ὡς
1013 3178 1092 3252 μὴ
1175 3176 1271 3233 καί
1341 3175 1683 3257 βλασφημίας
1760 3189 2022 3254 κρημνοῖς

380 3269 743 3348 περιπέσοιμι.
791 3289 814 3323 «ι
855 3267 917 3328 ln
949 3283 1159 3327 somno
1190 3265 1354 3326 visus
1384 3263 1499 3326 sibi
1533 3271 1623 3326 est
1652 3262 2027 3327 Thessaloni-

380 3375 507 3418 cam
541 3355 795 3429 delattts,
833 3372 900 3415 ac
930 3353 1216 3434 templum
1275 3352 1548 3433 martyris
1598 3361 1822 3425 tenere,
1876 3351 2025 3412 adi-

383 3455 670 3524 tuumque
689 3443 992 3506 invenisse
1015 3460 1078 3504 ac
1103 3441 1351 3522 alloqui,
1376 3441 1678 3518 atque,An
1710 3447 2025 3520 martyrem

379 3534 583 3596 videre
615 3533 732 3594 vis?
762 3533 995 3612 audire,
1032 3531 1406 3608 Vitaliusque
1437 3535 1729 3592 annuere.
1763 3528 1834 3591 Et
1863 3547 2024 3606 vero,

382 3631 443 3684 ut
466 3641 601 3684 eum
628 3630 686 3683 et
707 3621 934 3683 videret
957 3627 1413 3683 etveneraretur
1432 3638 1608 3701 quam
1643 3619 1898 3682 maxime
1921 3637 2026 3682 ex-

383 3711 644 3791 petebat.
669 3713 860 3791 Atque
891 3712 971 3772 ita
999 3709 1238 3790 quidem
1273 3709 1530 3772 adimus
1567 3709 1836 3790 praibat,
1860 3707 2026 3772 Vita-

380 3802 498 3862 lius
523 3819 661 3862 vero
681 3798 1146 3880 sequebatur.Ut
1169 3806 1366 3862 autem
1393 3802 1468 3862 ad
1495 3817 1732 3864 sacrum
1756 3802 2026 3879 martyris

380 3888 780 3951 conditorium
826 3897 1136 3963 venerunt,
1168 3888 1345 3950 ambo
1373 3907 1480 3970 per
1507 3890 1704 3952 oleum
1757 3896 1896 3951 sunt
1925 3889 2022 3949 in-

378 3979 565 4058 gressi
577 3977 930 4058 ,januasque
951 3977 1272 4040 recluduni
1287 3995 1358 4040 ac
1375 3995 1603 4042 sacram
1629 3978 1862 4042 thecam
1887 3976 2024 4040 sub—

2112 3197 2181 3240 ac
2213 3175 2705 3257 ordinationem!)
2733 3177 2880 3238 mihi
2903 3174 3258 3248 omnino,ne
3278 3172 3338 3234 in
3366 3172 3766 3250 blasphemia

2111 3265 2501 3348 pracipitium
2540 3265 2839 3347 prolabar,
2884 3263 3304 3345 prospiciente.
3345 3288 3370 3317 ι
3437 3263 3576 3325 liae
3623 3263 3765 3325 loco

2110 3373 2290 3436 supra
2325 3355 2810 3429 cit.Stauracius,
2839 3353 2954 3415 alia
2985 3353 3232 3433 insuper
3262 3351 3459 3433 plura,
3489 3351 3764 3414 brevita-

2113 3445 2187 3507 tis
2216 3462 2380 3524 ergo,
2400 3445 2560 3522 quod
2585 3445 2656 3506 ad
2683 3462 2808 3508 rem
2833 3442 2987 3504 haud
3020 3442 3267 3504 multum
3300 3440 3540 3516 faciant,
3575 3459 3610 3503 a
3643 3459 3762 3504 no-

2112 3533 2206 3596 bis
2238 3534 2336 3597 hic
2367 3533 2860 3608 omittenda,mox
2886 3533 3240 3610 adjungens,
3259 3530 3592 3610 Vitalioqne
3620 3547 3719 3591 mo
3737 3564 3764 3577 -

2113 3625 2305 3686 nacho
2337 3642 2442 3707 pro
2471 3622 2744 3699 arbitrio,
2778 3631 2840 3684 ut
2875 3630 3142 3701 apparet,
3197 3619 3509 3696 afﬁngens,
3537 3619 3765 3700 quibus

2113 3714 2210 3776 hic
2259 3713 2554 3794 stupende
2608 3730 2785 3793 quam
2849 3710 3104 3772 maxime
3135 3709 3443 3788 unguenti,
3475 3727 3508 3769 e
3564 3711 3767 3771 sancti

2112 3802 2399 3865 Demetrii
2431 3801 2657 3865 tumulo
2682 3801 2849 3882 copia
2867 3817 3192 3880 permagna
3210 3798 3764 3879 scaturientis,pro-

2108 3891 2267 3970 digio
2300 3890 2862 3970 luculentissimum,
2893 3906 3028 3951 cum
3060 3887 3254 3951 oblata
3296 3889 3374 3966 ei,
3421 3905 3599 3969 quam
3626 3889 3759 3968 jam

2108 3980 2510 4055 exhibuimus,
2547 3979 2697 4042 visio
2722 3977 3370 4054 fuisset,testimonium
3404 3977 3755 4058 prabnerit,

379 4076 641 4140 movent,
668 4066 1013 4148 lapidesque
1065 4085 1434 4130 marmoreos
1480 4075 1712 4149 septem
1764 4086 1798 4130 e
1826 4067 2024 4130 medio
2107 4073 2564 4134 incredulitatem
2587 4086 2750 4133 suam
2775 4072 2955 4130 isthac
2975 4072 3214 4130 omnino
3233 4070 3755 4132 dedoctusNernm

379 4157 518 4219 hinc
551 4156 786 4219 tollunt.
821 4155 907 4218 Ac
938 4156 998 4216 in
1030 4157 1257 4220 tumulo
1310 4157 1553 4238 quidem
1614 4156 1836 4220 ibidem
1871 4158 2026 4219 exsi-
2110 4158 2257 4221 nihil
2290 4177 2550 4240 prorses,
2584 4157 2742 4239 quod
2776 4156 2867 4220 vel
2901 4157 3176 4220 monachi
3208 4156 3401 4219 Vitalii
3453 4156 3609 4220 atati
3657 4158 3752 4220 vel

380 4253 577 4308 stente
607 4265 712 4327 per
748 4244 904 4308 vices
926 4245 1200 4321 fodiunt;
1248 4255 1383 4329 post
1403 4255 1601 4310 autem
1632 4264 1783 4329 pura
1813 4247 2030 4310 humus
2110 4249 2324 4319 oblata
2357 4248 2518 4320 ltuic,
2555 4265 2730 4329 quam
2763 4257 2988 4327 narrat,
3008 4245 3251 4308 visionis
3273 4247 3520 4327 epocba
3544 4247 3753 4312 deter-

379 4336 667 4412 alia,boni
696 4335 896 4398 odoris
919 4337 1315 4417 undequaque
1352 4337 1812 4410 exsistens,inde
1835 4345 2030 4400 extra-
2110 4341 2401 4400 minanda
2429 4351 2721 4412 utcunque
2743 4339 3003 4404 sufﬁciat,
3037 4339 3363 4399 Stauracius
3383 4342 3710 4413 suppedth
3735 4362 3750 4406 ;

379 4427 562 4488 hitur.
598 4427 916 4532 l’ostquam
947 4443 1084 4487 vere
1114 4425 1296 4526 fessio
1328 4426 1399 4488 ad
1431 4435 1550 4487 tres
1566 4444 1764 4528 usque
1793 4427 2027 4530 cubitus
2051 4482 2092 4532 υ
2112 4427 2247 4528 hinc
2279 4433 2473 4527 autem
2507 4425 2592 4532 fit,
2627 4435 2715 4502 ut,
2749 4425 3327 4532 quandonam‘copia
3347 4433 3756 4532 tanta,quanta

379 4533 449 4576 ac
483 4514 656 4595 paulo
682 4515 938 4595 amplius
963 4515 1374 4596 processisset,
1402 4533 1539 4578 arca
1562 4515 1708 4596 ipsis
1729 4516 2022 4598 apparuit,
2051 4514 2091 4532 ν
2112 4516 2177 4576 in
2196 4515 2420 4577 visione
2441 4515 2626 4577 relata
2665 4517 3128 4596 narrationeque
3146 4515 3298 4577 hanc
3319 4515 3636 4595 complexa
3659 4519 3754 4581 in-

380 4605 584 4684 lapide
610 4621 948 4667 marmoreo
977 4602 1230 4666 candido
1253 4611 1740 4688 cooperta,quem
1760 4607 1926 4686 juxta
1957 4624 2024 4668 ac

380 4694 540 4756 illam
565 4697 702 4755 cum
723 4691 866 4754 inde
892 4693 1602 4775 amovissent,arcamque
1624 4695 2023 4777 aperuissent,

385 4791 724 4864 martyrem,
761 4782 865 4860 qui
899 4782 961 4843 in
993 4800 1064 4844 ea
1085 4782 1338 4864 jaceret,
1373 4783 1573 4846 radios
1603 4803 1638 4847 ιι
1666 4803 1800 4849 sese
1843 4787 2024 4849 emit-

385 4870 894 4948 tentem,vividum
911 4872 1156 4933 omnino
1178 4873 2023 4957 apparentem.dormientique

387 4961 669 5041 similem,
704 4959 1113 5023 subridentem
1139 4979 1208 5024 ac
1229 4962 1387 5024 vultu
1414 4962 1664 5026 hilarem
1683 4964 2015 5028 viderunt.»

466 5052 564 5113 37.
610 5071 637 5109 ι
671 5048 762 5124 Ει,
797 5067 961 5119 ecce,
998 5049 1183 5130 plaga
1235 5051 1504 5127 infinita,
1538 5053 1780 5134 martyri
1803 5072 1838 5114 a
1867 5052 2020 5117 collo

385 5139 458 5201 ad
482 5139 645 5220 ipsos
666 5157 853 5219 usque
873 5139 1104 5200 lumbos
1126 5139 1312 5202 dense
1340 5139 1602 5216 inﬂicta,
1621 5141 2018 5224 invicemque,

389 5247 506 5290 non
540 5246 715 5289 secus
733 5246 802 5290 ac
830 5227 1223 5309 foramina,ab
1247 5230 1457 5311 apibus
1487 5249 1669 5293 ecera
1691 5242 2021 5314 compacta,

387 5317 632 5378 omnino
665 5317 1098 5395 contingentes,
1126 5328 1492 5398 unguentum
1543 5339 1576 5382 e
1604 5321 2018 5398 foraminibus,

386 5405 543 5467 vasis
575 5405 857 5485 perforati
885 5406 1137 5487 oleoque
1184 5407 1417 5471 infinito
1465 5411 1744 5473 scatentis
1796 5410 1858 5473 in
1889 5430 2022 5475 mo-

283 5517 286 5520 ’
389 5493 564 5584 dum,
586 5493 955 5584 emittebant,
987 5512 1056 5556 ac
1085 5496 1138 5557 si
1166 5517 1196 5558 a
1230 5498 1565 5560 vehementi
1607 5501 1862 5581 quodam
1895 5503 2022 5584 spi-

389 5581 504 5644 ritu
533 5581 812 5645 deorsum
844 5582 1092 5646 fuissent
1121 5585 1358 5649 intlata.
1385 5585 1506 5650 Nec
1537 5589 1784 5653 multum
1817 5581 2024 5675 abfuit,

2107 4605 2336 4680 nuitur,
2388 4603 2767 4669 scaturientis
2821 4623 2854 4666 e
2905 4603 3108 4666 Sancti
3164 4622 3416 4685 corpore
3461 4609 3754 4686 unguenti

2108 4695 2447 4776 prodigium
2467 4694 2664 4758 locum
2690 4692 3235 4776 habuerit,definiri
3256 4693 3411 4757 haud
3435 4697 3756 4778 queat,etsi

2111 4783 2374 4859 interim,
2410 4792 2470 4846 ut
2497 4783 2598 4847 diu
2629 4791 2768 4846 ante
2791 4782 3084 4847 Stauracii
3130 4790 3360 4846 atatem
3386 4785 3621 4848 initium
3642 4805 3751 4850 ac-

2107 4874 2356 4954 ceperit,
2389 4874 2724 4936 certissime
2781 4891 2850 4936 es
2907 4892 3004 4953 eo,
3059 4873 3214 4954 quod
3247 4871 3443 4938 verbis
3471 4892 3646 4938 num.
3673 4877 3753 4942 82

2105 4961 2388 5038 recitatis,
2423 4963 2483 5025 in
2514 4961 2784 5042 ejusdem
2815 4963 3074 5025 auctoris
3093 4961 3506 5026 lucubratione
3525 4979 3757 5045 praesit

2105 5052 2250 5114 visio
2283 5051 2542 5133 prafata,
2607 5053 3044 5115 consectarium
3103 5051 3346 5114 omnino
3389 5053 3488 5118 sit.
3523 5053 3751 5122 Verum

2105 5141 2444 5204 Stauracius
2466 5160 2536 5204 ea
2563 5143 2738 5205 etiam
2771 5142 3131 5224 suppeditat,
3161 5141 3397 5225 quibus,
3430 5153 3610 5211 atate
3642 5168 3750 5213 sua

2104 5249 2211 5294 seu
2237 5231 2455 5295 saculo
2483 5231 2659 5294 tertio
2689 5230 2923 5294 decimo
2953 5232 3112 5295 idem
3138 5232 3316 5296 etiam
3365 5237 3748 5302 scaturientia

2106 5320 2278 5401 copia
2308 5319 2571 5384 maxime
2597 5338 2631 5383 e
2661 5317 2862 5383 Sancti
2916 5321 3142 5385 tumulo
3193 5341 3298 5384 seu
3347 5341 3604 5406 corpore
3635 5347 3747 5391 nn-

2107 5410 2308 5488 guenti
2327 5409 2662 5490 prodigium
2679 5409 3525 5488 obtinuisse,manifestissime
3547 5416 3748 5482 docet.

2179 5503 2267 5562 39.
2299 5504 2522 5564 Etenim
2547 5512 2678 5577 post
2700 5520 2864 5563 suam
2891 5506 2963 5563 de
2990 5505 3371 5579 Butgsrorum
3392 5523 3528 5582 rege
3545 5510 3747 5585 Scyta-

2107 5590 2338 5656 Joanne
2355 5593 2781 5674 narrationem,
2801 5609 2973 5674 quam
2993 5591 3191 5660 verbis
3217 5611 3381 5658 num.
3416 5593 3494 5658 32
3524 5598 3746 5664 recita-

3895 257 3910 288 Δ
