  <div class='ocr_page' id='page_1' title='image "/cluster/home/n/w/nwhite01/storage/ocr_20150623/116/mdp.39015008903554/719.png"; bbox 0 0 3938 6134; ppageno 0'>
   <div class='ocr_carea' id='block_1_1' title="bbox 478 304 627 369">
    <p class='ocr_par' dir='ltr' id='par_1_1' title="bbox 478 304 627 369">
     <span class='ocr_line' id='line_1_1' title="bbox 478 304 627 369; baseline 0.007 -1"><span class='ocrx_word' id='word_1_1' title='bbox 478 304 627 369; x_wconf 81' lang='grc'><strong>1423</strong></span> 
     </span>
    </p>
   </div>
   <div class='ocr_carea' id='block_1_2' title="bbox 1130 302 3164 372">
    <p class='ocr_par' dir='ltr' id='par_1_2' title="bbox 1130 302 3164 372">
     <span class='ocr_line' id='line_1_2' title="bbox 1130 302 3164 372; baseline 0.002 -4"><span class='ocrx_word' id='word_1_2' title='bbox 1130 302 1770 368; x_wconf 82' lang='lat' dir='ltr'><strong>SUPPLEMENTUM.</strong></span> <span class='ocrx_word' id='word_1_3' title='bbox 1831 337 1900 346; x_wconf 84' lang='lat'><strong>——</strong></span> <span class='ocrx_word' id='word_1_4' title='bbox 1953 305 2012 364; x_wconf 91' lang='lat' dir='ltr'><strong>S.</strong></span> <span class='ocrx_word' id='word_1_5' title='bbox 2066 305 2440 366; x_wconf 81' lang='lat' dir='ltr'><strong>DEMETRII</strong></span> <span class='ocrx_word' id='word_1_6' title='bbox 2501 306 2893 370; x_wconf 76' lang='lat' dir='ltr'><strong>MAHTYRIS</strong></span> <span class='ocrx_word' id='word_1_7' title='bbox 2943 308 3164 372; x_wconf 76' lang='lat' dir='ltr'><strong>ACTA.</strong></span> 
     </span>
    </p>
   </div>
   <div class='ocr_carea' id='block_1_3' title="bbox 3662 311 3771 375">
    <p class='ocr_par' dir='ltr' id='par_1_3' title="bbox 3662 311 3771 375">
     <span class='ocr_line' id='line_1_3' title="bbox 3662 311 3771 375; baseline 0.028 -3"><span class='ocrx_word' id='word_1_8' title='bbox 3662 311 3771 375; x_wconf 74' lang='lat' dir='ltr'><strong>H2-i</strong></span> 
     </span>
    </p>
   </div>
   <div class='ocr_carea' id='block_1_4' title="bbox 467 440 3778 526">
    <p class='ocr_par' dir='ltr' id='par_1_4' title="bbox 467 440 3778 526">
     <span class='ocr_line' id='line_1_4' title="bbox 467 440 3778 526; baseline 0 -26"><span class='ocrx_word' id='word_1_9' title='bbox 467 443 699 524; x_wconf 75' lang='grc' dir='ltr'><strong>φιλόθεοι</strong></span> <span class='ocrx_word' id='word_1_10' title='bbox 755 441 1010 521; x_wconf 75' lang='grc' dir='ltr'><strong>φιλοθέως</strong></span> <span class='ocrx_word' id='word_1_11' title='bbox 1064 443 1125 496; x_wconf 85' lang='grc' dir='ltr'><strong>τὸ</strong></span> <span class='ocrx_word' id='word_1_12' title='bbox 1167 440 1409 517; x_wconf 80' lang='grc' dir='ltr'><strong>φιλόθεον</strong></span> <span class='ocrx_word' id='word_1_13' title='bbox 1453 443 1636 503; x_wconf 66' lang='grc' dir='ltr'><strong>νυκτὸς</strong></span> <span class='ocrx_word' id='word_1_14' title='bbox 1683 440 1929 514; x_wconf 79' lang='grc' dir='ltr'><strong>ἔθαψαν·</strong></span> <span class='ocrx_word' id='word_1_15' title='bbox 1980 440 2452 516; x_wconf 80' lang='grc' dir='ltr'><strong>μετὰΑστρόφους</strong></span> <span class='ocrx_word' id='word_1_16' title='bbox 2504 442 2671 501; x_wconf 83' lang='grc' dir='ltr'><strong>αίτίας</strong></span> <span class='ocrx_word' id='word_1_17' title='bbox 2758 443 3026 511; x_wconf 76' lang='grc' dir='ltr'><strong>ἀπατῆσαι</strong></span> <span class='ocrx_word' id='word_1_18' title='bbox 3116 445 3234 508; x_wconf 79' lang='grc' dir='ltr'><strong>τοὺς</strong></span> <span class='ocrx_word' id='word_1_19' title='bbox 3307 445 3558 526; x_wconf 73' lang='grc' dir='ltr'><strong>εὐσεϐεῖς,</strong></span> <span class='ocrx_word' id='word_1_20' title='bbox 3612 449 3672 509; x_wconf 76' lang='grc' dir='ltr'><strong>ὡς</strong></span> <span class='ocrx_word' id='word_1_21' title='bbox 3716 455 3778 505; x_wconf 71' lang='grc' dir='ltr'><strong>χιι</strong></span> 
     </span>
    </p>
   </div>
   <div class='ocr_carea' id='block_1_5' title="bbox 465 529 2108 612">
    <p class='ocr_par' dir='ltr' id='par_1_5' title="bbox 465 529 2108 612">
     <span class='ocr_line' id='line_1_5' title="bbox 465 529 2108 612; baseline -0.004 -22"><span class='ocrx_word' id='word_1_22' title='bbox 465 533 520 590; x_wconf 84' lang='grc' dir='ltr'><strong>δὲ</strong></span> <span class='ocrx_word' id='word_1_23' title='bbox 576 535 776 612; x_wconf 87' lang='grc' dir='ltr'><strong>χρόνον</strong></span> <span class='ocrx_word' id='word_1_24' title='bbox 830 531 960 608; x_wconf 76' lang='grc' dir='ltr'><strong>ὑπὲρ</strong></span> <span class='ocrx_word' id='word_1_25' title='bbox 1007 532 1067 586; x_wconf 80' lang='grc' dir='ltr'><strong>τὸ</strong></span> <span class='ocrx_word' id='word_1_26' title='bbox 1126 535 1282 604; x_wconf 89' lang='grc' dir='ltr'><strong>σῶμα</strong></span> <span class='ocrx_word' id='word_1_27' title='bbox 1343 529 1495 606; x_wconf 74' lang='grc' dir='ltr'><strong>πηγὴ</strong></span> <span class='ocrx_word' id='word_1_28' title='bbox 1561 553 1639 590; x_wconf 82' lang='grc' dir='ltr'><strong>τις</strong></span> <span class='ocrx_word' id='word_1_29' title='bbox 1697 530 1784 585; x_wconf 85' lang='grc' dir='ltr'><strong>νέα</strong></span> <span class='ocrx_word' id='word_1_30' title='bbox 1843 536 2108 606; x_wconf 73' lang='grc' dir='ltr'><strong>γεννᾶται,</strong></span> 
     </span>
    </p>
   </div>
   <div class='ocr_carea' id='block_1_6' title="bbox 465 617 2120 702">
    <p class='ocr_par' dir='ltr' id='par_1_6' title="bbox 465 617 2120 702">
     <span class='ocr_line' id='line_1_6' title="bbox 465 617 2120 702; baseline -0.003 -23"><span class='ocrx_word' id='word_1_31' title='bbox 465 623 629 702; x_wconf 86' lang='grc' dir='ltr'><strong>μύρον</strong></span> <span class='ocrx_word' id='word_1_32' title='bbox 664 669 680 701; x_wconf 87' lang='grc'><strong>,</strong></span> <span class='ocrx_word' id='word_1_33' title='bbox 738 619 783 677; x_wconf 79' lang='grc' dir='ltr'>ὢ</span> <span class='ocrx_word' id='word_1_34' title='bbox 838 628 928 678; x_wconf 81' lang='grc' dir='ltr'><strong>τοῦ</strong></span> <span class='ocrx_word' id='word_1_35' title='bbox 982 617 1288 693; x_wconf 80' lang='grc' dir='ltr'><strong>θαύματοςὲ</strong></span> <span class='ocrx_word' id='word_1_36' title='bbox 1365 617 1476 674; x_wconf 82' lang='grc' dir='ltr'><strong>ἀνθ’</strong></span> <span class='ocrx_word' id='word_1_37' title='bbox 1537 617 1722 680; x_wconf 77' lang='grc' dir='ltr'><strong>ὕδατος</strong></span> <span class='ocrx_word' id='word_1_38' title='bbox 1791 620 2001 695; x_wconf 76' lang='grc' dir='ltr'><strong>ῥέουσα,</strong></span> <span class='ocrx_word' id='word_1_39' title='bbox 2063 617 2120 682; x_wconf 74' lang='grc' dir='ltr'><strong>ἐξ,</strong></span> 
     </span>
    </p>
   </div>
   <div class='ocr_carea' id='block_1_7' title="bbox 464 706 2113 789">
    <p class='ocr_par' dir='ltr' id='par_1_7' title="bbox 464 706 2113 789">
     <span class='ocr_line' id='line_1_7' title="bbox 464 706 2113 789; baseline -0.004 -21"><span class='ocrx_word' id='word_1_40' title='bbox 464 715 530 780; x_wconf 74' lang='grc' dir='ltr'><strong>ἧς</strong></span> <span class='ocrx_word' id='word_1_41' title='bbox 587 712 828 785; x_wconf 76' lang='grc' dir='ltr'><strong>ποταμὸς</strong></span> <span class='ocrx_word' id='word_1_42' title='bbox 914 709 1088 789; x_wconf 69' lang='grc' dir='ltr'><strong>φέρων</strong></span> <span class='ocrx_word' id='word_1_43' title='bbox 1172 706 1386 770; x_wconf 75' lang='grc' dir='ltr'><strong>εὐωδίας</strong></span> <span class='ocrx_word' id='word_1_44' title='bbox 1463 709 1528 764; x_wconf 76' lang='grc' dir='ltr'><strong>τὰ</strong></span> <span class='ocrx_word' id='word_1_45' title='bbox 1583 709 1840 785; x_wconf 84' lang='grc' dir='ltr'><strong>ῥεύματα,</strong></span> <span class='ocrx_word' id='word_1_46' title='bbox 1907 707 1996 786; x_wconf 70' lang='grc' dir='ltr'><strong>ἀφ’</strong></span> <span class='ocrx_word' id='word_1_47' title='bbox 2055 709 2113 762; x_wconf 88' lang='lat' dir='ltr'><strong>o6</strong></span> 
     </span>
    </p>
   </div>
   <div class='ocr_carea' id='block_1_8' title="bbox 464 795 2108 876">
    <p class='ocr_par' dir='ltr' id='par_1_8' title="bbox 464 795 2108 876">
     <span class='ocr_line' id='line_1_8' title="bbox 464 795 2108 876; baseline -0.002 -18"><span class='ocrx_word' id='word_1_48' title='bbox 464 800 644 876; x_wconf 74' lang='grc' dir='ltr'><strong>λίμδαι</strong></span> <span class='ocrx_word' id='word_1_49' title='bbox 716 801 891 865; x_wconf 70' lang='grc' dir='ltr'><strong>πάσης</strong></span> <span class='ocrx_word' id='word_1_50' title='bbox 965 797 1212 873; x_wconf 85' lang='grc' dir='ltr'><strong>εὐοσμίας</strong></span> <span class='ocrx_word' id='word_1_51' title='bbox 1283 796 1556 875; x_wconf 82' lang='grc' dir='ltr'><strong>ἀνάπλεῳ,</strong></span> <span class='ocrx_word' id='word_1_52' title='bbox 1604 795 1654 861; x_wconf 79' lang='grc' dir='ltr'>ἐξ</span> <span class='ocrx_word' id='word_1_53' title='bbox 1715 797 1875 872; x_wconf 80' lang='grc' dir='ltr'><strong>οὗπερ</strong></span> <span class='ocrx_word' id='word_1_54' title='bbox 1931 799 2108 854; x_wconf 83' lang='grc' dir='ltr'><strong>ὠκεα-</strong></span> 
     </span>
    </p>
   </div>
   <div class='ocr_carea' id='block_1_9' title="bbox 462 885 2110 962">
    <p class='ocr_par' dir='ltr' id='par_1_9' title="bbox 462 885 2110 962">
     <span class='ocr_line' id='line_1_9' title="bbox 462 885 2110 962; baseline -0.004 -16"><span class='ocrx_word' id='word_1_55' title='bbox 462 891 551 954; x_wconf 77' lang='grc' dir='ltr'><strong>νὸς</strong></span> <span class='ocrx_word' id='word_1_56' title='bbox 610 888 770 954; x_wconf 83' lang='grc' dir='ltr'><strong>ἀλλος</strong></span> <span class='ocrx_word' id='word_1_57' title='bbox 858 887 1070 962; x_wconf 79' lang='grc' dir='ltr'><strong>κύματα</strong></span> <span class='ocrx_word' id='word_1_58' title='bbox 1153 885 1479 961; x_wconf 76' lang='grc' dir='ltr'><strong>κεκτημένος</strong></span> <span class='ocrx_word' id='word_1_59' title='bbox 1549 893 1653 942; x_wconf 88' lang='grc' dir='ltr'><strong>τῶν</strong></span> <span class='ocrx_word' id='word_1_60' title='bbox 1719 887 1920 962; x_wconf 85' lang='grc' dir='ltr'><strong>μύρων,</strong></span> <span class='ocrx_word' id='word_1_61' title='bbox 1977 885 2110 961; x_wconf 76' lang='grc' dir='ltr'><strong>ἅπερ</strong></span> 
     </span>
    </p>
   </div>
   <div class='ocr_carea' id='block_1_10' title="bbox 459 975 2109 1056">
    <p class='ocr_par' dir='ltr' id='par_1_10' title="bbox 459 975 2109 1056">
     <span class='ocr_line' id='line_1_10' title="bbox 459 975 2109 1056; baseline -0.005 -18"><span class='ocrx_word' id='word_1_62' title='bbox 459 977 596 1056; x_wconf 74' lang='grc' dir='ltr'><strong>ὕδωρ</strong></span> <span class='ocrx_word' id='word_1_63' title='bbox 654 980 746 1036; x_wconf 83' lang='grc' dir='ltr'><strong>οὐκ</strong></span> <span class='ocrx_word' id='word_1_64' title='bbox 805 977 946 1033; x_wconf 77' lang='grc' dir='ltr'><strong>ἔστιν</strong></span> <span class='ocrx_word' id='word_1_65' title='bbox 1006 977 1088 1033; x_wconf 64' lang='lat' dir='ltr'><strong>Eni</strong></span> <span class='ocrx_word' id='word_1_66' title='bbox 1137 978 1223 1032; x_wconf 82' lang='grc' dir='ltr'><strong>τὸν</strong></span> <span class='ocrx_word' id='word_1_67' title='bbox 1284 982 1627 1054; x_wconf 79' lang='grc' dir='ltr'><strong>χαρακτῆρα,</strong></span> <span class='ocrx_word' id='word_1_68' title='bbox 1662 976 1805 1054; x_wconf 80' lang='grc' dir='ltr'><strong>φέρει</strong></span> <span class='ocrx_word' id='word_1_69' title='bbox 1867 975 2109 1053; x_wconf 73' lang='grc' dir='ltr'><strong>παχύτεο</strong></span> 
     </span>
    </p>
   </div>
   <div class='ocr_carea' id='block_1_11' title="bbox 459 1063 2109 1146">
    <p class='ocr_par' dir='ltr' id='par_1_11' title="bbox 459 1063 2109 1146">
     <span class='ocr_line' id='line_1_11' title="bbox 459 1063 2109 1146; baseline -0.006 -21"><span class='ocrx_word' id='word_1_70' title='bbox 459 1091 574 1146; x_wconf 87' lang='grc' dir='ltr'><strong>ρον,</strong></span> <span class='ocrx_word' id='word_1_71' title='bbox 625 1066 744 1122; x_wconf 67' lang='grc' dir='ltr'><strong>ἀλλ’</strong></span> <span class='ocrx_word' id='word_1_72' title='bbox 804 1065 919 1122; x_wconf 85' lang='grc' dir='ltr'><strong>οὐδέ</strong></span> <span class='ocrx_word' id='word_1_73' title='bbox 976 1087 1078 1122; x_wconf 90' lang='grc' dir='ltr'><strong>τινι</strong></span> <span class='ocrx_word' id='word_1_74' title='bbox 1129 1072 1235 1121; x_wconf 87' lang='grc' dir='ltr'><strong>τῶν</strong></span> <span class='ocrx_word' id='word_1_75' title='bbox 1289 1064 1344 1120; x_wconf 81' lang='grc' dir='ltr'><strong>έν</strong></span> <span class='ocrx_word' id='word_1_76' title='bbox 1384 1065 1452 1138; x_wconf 77' lang='grc' dir='ltr'><strong>τῆ</strong></span> <span class='ocrx_word' id='word_1_77' title='bbox 1513 1071 1584 1141; x_wconf 76' lang='grc' dir='ltr'><strong>γῇ</strong></span> <span class='ocrx_word' id='word_1_78' title='bbox 1638 1065 1674 1131; x_wconf 75' lang='grc' dir='ltr'><strong>ἢ</strong></span> <span class='ocrx_word' id='word_1_79' title='bbox 1731 1066 1818 1120; x_wconf 86' lang='grc' dir='ltr'><strong>καὶ</strong></span> <span class='ocrx_word' id='word_1_80' title='bbox 1849 1069 1955 1118; x_wconf 87' lang='grc' dir='ltr'><strong>τῶν</strong></span> <span class='ocrx_word' id='word_1_81' title='bbox 1985 1063 2109 1139; x_wconf 71' lang='grc' dir='ltr'><strong>περί</strong></span> 
     </span>
    </p>
   </div>
   <div class='ocr_carea' id='block_1_12' title="bbox 461 1151 2110 1234">
    <p class='ocr_par' dir='ltr' id='par_1_12' title="bbox 461 1151 2110 1234">
     <span class='ocr_line' id='line_1_12' title="bbox 461 1151 2110 1234; baseline -0.005 -20"><span class='ocrx_word' id='word_1_82' title='bbox 461 1157 622 1225; x_wconf 76' lang='grc' dir='ltr'><strong>αὑτὴν</strong></span> <span class='ocrx_word' id='word_1_83' title='bbox 679 1155 974 1234; x_wconf 80' lang='grc' dir='ltr'><strong>ὑγροτέρων</strong></span> <span class='ocrx_word' id='word_1_84' title='bbox 1049 1155 1085 1222; x_wconf 71' lang='grc' dir='ltr'>ἢ</span> <span class='ocrx_word' id='word_1_85' title='bbox 1153 1154 1449 1233; x_wconf 76' lang='grc' dir='ltr'><strong>ξηροτέρων</strong></span> <span class='ocrx_word' id='word_1_86' title='bbox 1525 1154 1672 1228; x_wconf 70' lang='grc' dir='ltr'><strong>ἄλλῳ</strong></span> <span class='ocrx_word' id='word_1_87' title='bbox 1738 1154 1860 1227; x_wconf 82' lang='grc' dir='ltr'><strong>μετ’</strong></span> <span class='ocrx_word' id='word_1_88' title='bbox 1934 1151 2110 1208; x_wconf 78' lang='grc' dir='ltr'><strong>ἄλλων</strong></span> 
     </span>
    </p>
   </div>
   <div class='ocr_carea' id='block_1_13' title="bbox 459 1242 2105 1322">
    <p class='ocr_par' dir='ltr' id='par_1_13' title="bbox 459 1242 2105 1322">
     <span class='ocr_line' id='line_1_13' title="bbox 459 1242 2105 1322; baseline -0.007 -18"><span class='ocrx_word' id='word_1_89' title='bbox 459 1247 666 1322; x_wconf 75' lang='grc' dir='ltr'><strong>ὅμοιον,</strong></span> <span class='ocrx_word' id='word_1_90' title='bbox 725 1244 844 1300; x_wconf 86' lang='grc' dir='ltr'><strong>ἀλλ’</strong></span> <span class='ocrx_word' id='word_1_91' title='bbox 933 1242 1049 1302; x_wconf 80' lang='grc' dir='ltr'><strong>οὐδὲ</strong></span> <span class='ocrx_word' id='word_1_92' title='bbox 1132 1250 1239 1300; x_wconf 87' lang='grc' dir='ltr'><strong>τῶν</strong></span> <span class='ocrx_word' id='word_1_93' title='bbox 1325 1251 1626 1300; x_wconf 79' lang='grc' dir='ltr'><strong>σκευαστῶν</strong></span> <span class='ocrx_word' id='word_1_94' title='bbox 1685 1245 1805 1300; x_wconf 79' lang='grc' dir='ltr'><strong>ἴσον</strong></span> <span class='ocrx_word' id='word_1_95' title='bbox 1865 1243 2056 1320; x_wconf 71' lang='grc' dir='ltr'><strong>ἐτέρων</strong></span> <span class='ocrx_word' id='word_1_96' title='bbox 2093 1261 2105 1273; x_wconf 91' lang='grc'><strong>·</strong></span> 
     </span>
    </p>
   </div>
   <div class='ocr_carea' id='block_1_14' title="bbox 461 1331 2109 1414">
    <p class='ocr_par' dir='ltr' id='par_1_14' title="bbox 461 1331 2109 1414">
     <span class='ocr_line' id='line_1_14' title="bbox 461 1331 2109 1414; baseline -0.004 -23"><span class='ocrx_word' id='word_1_97' title='bbox 461 1335 586 1413; x_wconf 72' lang='grc' dir='ltr'><strong>σὰρξ</strong></span> <span class='ocrx_word' id='word_1_98' title='bbox 656 1334 806 1394; x_wconf 78' lang='grc' dir='ltr'><strong>δοκεῖ</strong></span> <span class='ocrx_word' id='word_1_99' title='bbox 884 1335 945 1390; x_wconf 77' lang='grc' dir='ltr'><strong>τὸ</strong></span> <span class='ocrx_word' id='word_1_100' title='bbox 1019 1335 1336 1414; x_wconf 70' lang='grc' dir='ltr'><strong>φαινόμενον</strong></span> <span class='ocrx_word' id='word_1_101' title='bbox 1417 1333 1504 1389; x_wconf 80' lang='grc' dir='ltr'><strong>καὶ</strong></span> <span class='ocrx_word' id='word_1_102' title='bbox 1592 1331 1706 1391; x_wconf 71' lang='grc' dir='ltr'><strong>οὐδε</strong></span> <span class='ocrx_word' id='word_1_103' title='bbox 1765 1332 1924 1388; x_wconf 58' lang='lat' dir='ltr'><strong>milia</strong></span> <span class='ocrx_word' id='word_1_104' title='bbox 1984 1331 2109 1388; x_wconf 79' lang='grc' dir='ltr'><strong>αὐτὸ</strong></span> 
     </span>
    </p>
   </div>
   <div class='ocr_carea' id='block_1_15' title="bbox 460 1417 2109 1498">
    <p class='ocr_par' dir='ltr' id='par_1_15' title="bbox 460 1417 2109 1498">
     <span class='ocr_line' id='line_1_15' title="bbox 460 1417 2109 1498; baseline -0.005 -18"><span class='ocrx_word' id='word_1_105' title='bbox 460 1424 724 1482; x_wconf 76' lang='grc' dir='ltr'><strong>παντοίων</strong></span> <span class='ocrx_word' id='word_1_106' title='bbox 785 1423 1048 1498; x_wconf 86' lang='grc' dir='ltr'><strong>εὐόσμων,</strong></span> <span class='ocrx_word' id='word_1_107' title='bbox 1111 1426 1169 1480; x_wconf 86' lang='grc' dir='ltr'><strong>οὐ</strong></span> <span class='ocrx_word' id='word_1_108' title='bbox 1226 1425 1333 1478; x_wconf 87' lang='grc' dir='ltr'><strong>τῶν</strong></span> <span class='ocrx_word' id='word_1_109' title='bbox 1378 1425 1681 1478; x_wconf 80' lang='grc' dir='ltr'><strong>σκευαστῶν</strong></span> <span class='ocrx_word' id='word_1_110' title='bbox 1737 1423 1922 1494; x_wconf 68' lang='grc' dir='ltr'><strong>μονον,</strong></span> <span class='ocrx_word' id='word_1_111' title='bbox 1973 1417 2109 1474; x_wconf 78' lang='grc' dir='ltr'><strong>ἀλλὰ</strong></span> 
     </span>
    </p>
   </div>
   <div class='ocr_carea' id='block_1_16' title="bbox 459 1509 2108 1590">
    <p class='ocr_par' dir='ltr' id='par_1_16' title="bbox 459 1509 2108 1590">
     <span class='ocr_line' id='line_1_16' title="bbox 459 1509 2108 1590; baseline -0.005 -22"><span class='ocrx_word' id='word_1_112' title='bbox 459 1514 684 1568; x_wconf 78' lang='grc' dir='ltr'><strong>καὶτῶν</strong></span> <span class='ocrx_word' id='word_1_113' title='bbox 727 1511 786 1567; x_wconf 74' lang='grc' dir='ltr'><strong>ἐκ</strong></span> <span class='ocrx_word' id='word_1_114' title='bbox 833 1517 964 1568; x_wconf 84' lang='grc' dir='ltr'><strong>Θεοῦ</strong></span> <span class='ocrx_word' id='word_1_115' title='bbox 1024 1515 1260 1590; x_wconf 74' lang='grc' dir='ltr'><strong>φυσικῶς</strong></span> <span class='ocrx_word' id='word_1_116' title='bbox 1322 1511 1618 1588; x_wconf 83' lang='grc' dir='ltr'><strong>γινομένων</strong></span> <span class='ocrx_word' id='word_1_117' title='bbox 1665 1512 1748 1565; x_wconf 83' lang='grc' dir='ltr'><strong>καὶ</strong></span> <span class='ocrx_word' id='word_1_118' title='bbox 1808 1509 2108 1586; x_wconf 79' lang='grc' dir='ltr'><strong>γεγονότων</strong></span> 
     </span>
    </p>
   </div>
   <div class='ocr_carea' id='block_1_17' title="bbox 456 1597 2107 1678">
    <p class='ocr_par' dir='ltr' id='par_1_17' title="bbox 456 1597 2107 1678">
     <span class='ocr_line' id='line_1_17' title="bbox 456 1597 2107 1678; baseline -0.007 -19"><span class='ocrx_word' id='word_1_119' title='bbox 456 1600 908 1678; x_wconf 80' lang='grc' dir='ltr'><strong>θαυμασιώτερον,</strong></span> <span class='ocrx_word' id='word_1_120' title='bbox 949 1601 1036 1654; x_wconf 83' lang='grc' dir='ltr'><strong>καὶ</strong></span> <span class='ocrx_word' id='word_1_121' title='bbox 1094 1600 1312 1662; x_wconf 84' lang='grc' dir='ltr'><strong>είκότως</strong></span> <span class='ocrx_word' id='word_1_122' title='bbox 1350 1617 1365 1634; x_wconf 84' lang='grc'>⁶</span> <span class='ocrx_word' id='word_1_123' title='bbox 1402 1603 1428 1655; x_wconf 83' lang='grc' dir='ltr'>ὁ</span> <span class='ocrx_word' id='word_1_124' title='bbox 1479 1601 1578 1676; x_wconf 81' lang='grc' dir='ltr'><strong>γὰρ</strong></span> <span class='ocrx_word' id='word_1_125' title='bbox 1625 1600 1753 1662; x_wconf 81' lang='grc' dir='ltr'><strong>Θεὸς</strong></span> <span class='ocrx_word' id='word_1_126' title='bbox 1798 1599 1950 1653; x_wconf 49' lang='grc' dir='ltr'><strong>παντὶ</strong></span> <span class='ocrx_word' id='word_1_127' title='bbox 2011 1597 2107 1668; x_wconf 77' lang='grc' dir='ltr'><strong>μὲν</strong></span> 
     </span>
    </p>
   </div>
   <div class='ocr_carea' id='block_1_18' title="bbox 459 1686 2106 1766">
    <p class='ocr_par' dir='ltr' id='par_1_18' title="bbox 459 1686 2106 1766">
     <span class='ocr_line' id='line_1_18' title="bbox 459 1686 2106 1766; baseline -0.006 -20"><span class='ocrx_word' id='word_1_128' title='bbox 459 1688 677 1746; x_wconf 86' lang='grc' dir='ltr'><strong>εὐωδίαν</strong></span> <span class='ocrx_word' id='word_1_129' title='bbox 723 1688 974 1762; x_wconf 76' lang='grc' dir='ltr'><strong>έδωρεΐτο</strong></span> <span class='ocrx_word' id='word_1_130' title='bbox 1024 1701 1224 1766; x_wconf 76' lang='grc' dir='ltr'><strong>προῖκα</strong></span> <span class='ocrx_word' id='word_1_131' title='bbox 1277 1691 1484 1762; x_wconf 74' lang='grc' dir='ltr'><strong>κοινὴν,</strong></span> <span class='ocrx_word' id='word_1_132' title='bbox 1536 1691 1598 1744; x_wconf 78' lang='grc' dir='ltr'><strong>τὸ</strong></span> <span class='ocrx_word' id='word_1_133' title='bbox 1631 1686 1687 1743; x_wconf 81' lang='grc' dir='ltr'><strong>δὲ</strong></span> <span class='ocrx_word' id='word_1_134' title='bbox 1732 1689 1898 1764; x_wconf 73' lang='grc' dir='ltr'><strong>παρὸν</strong></span> <span class='ocrx_word' id='word_1_135' title='bbox 1944 1686 2106 1760; x_wconf 86' lang='grc' dir='ltr'><strong>μύρον</strong></span> 
     </span>
    </p>
   </div>
   <div class='ocr_carea' id='block_1_19' title="bbox 457 1776 1184 1857">
    <p class='ocr_par' dir='ltr' id='par_1_19' title="bbox 457 1776 1184 1857">
     <span class='ocr_line' id='line_1_19' title="bbox 457 1776 1184 1857; baseline -0.001 -23"><span class='ocrx_word' id='word_1_136' title='bbox 457 1781 520 1836; x_wconf 84' lang='grc' dir='ltr'><strong>τὸ</strong></span> <span class='ocrx_word' id='word_1_137' title='bbox 573 1779 703 1857; x_wconf 76' lang='grc' dir='ltr'><strong>ὑπὲρ</strong></span> <span class='ocrx_word' id='word_1_138' title='bbox 760 1781 916 1835; x_wconf 85' lang='grc' dir='ltr'><strong>αὐτοῦ</strong></span> <span class='ocrx_word' id='word_1_139' title='bbox 1000 1776 1184 1849; x_wconf 76' lang='grc' dir='ltr'><strong>δῆθεν,</strong></span> 
     </span>
    </p>
   </div>
   <div class='ocr_carea' id='block_1_20' title="bbox 460 1863 2100 1947">
    <p class='ocr_par' dir='ltr' id='par_1_20' title="bbox 460 1863 2100 1947">
     <span class='ocr_line' id='line_1_20' title="bbox 460 1863 2100 1947; baseline -0.02 -10"><span class='ocrx_word' id='word_1_140' title='bbox 460 1869 757 1947; x_wconf 74' lang='grc' dir='ltr'><strong>χαρίζεται.</strong></span> <span class='ocrx_word' id='word_1_141' title='bbox 805 1863 1074 1940; x_wconf 74' lang='grc' dir='ltr'><strong>Λαμϐάνει</strong></span> <span class='ocrx_word' id='word_1_142' title='bbox 1121 1864 1172 1922; x_wconf 77' lang='grc' dir='ltr'><strong>δὲ</strong></span> <span class='ocrx_word' id='word_1_143' title='bbox 1229 1873 1383 1922; x_wconf 81' lang='grc' dir='ltr'><strong>τοῦτο</strong></span> <span class='ocrx_word' id='word_1_144' title='bbox 1437 1866 1624 1928; x_wconf 88' lang='grc' dir='ltr'><strong>κόποις</strong></span> <span class='ocrx_word' id='word_1_145' title='bbox 1681 1865 1826 1928; x_wconf 75' lang='grc' dir='ltr'><strong>ἰδίοις</strong></span> <span class='ocrx_word' id='word_1_146' title='bbox 1873 1867 1900 1919; x_wconf 84' lang='grc' dir='ltr'>ὁ</span> <span class='ocrx_word' id='word_1_147' title='bbox 1961 1865 2100 1939; x_wconf 68' lang='grc' dir='ltr'><strong>μὰρ..</strong></span> 
     </span>
    </p>
   </div>
   <div class='ocr_carea' id='block_1_21' title="bbox 457 1952 2100 2035">
    <p class='ocr_par' dir='ltr' id='par_1_21' title="bbox 457 1952 2100 2035">
     <span class='ocr_line' id='line_1_21' title="bbox 457 1952 2100 2035; baseline -0.004 -23"><span class='ocrx_word' id='word_1_148' title='bbox 457 1977 571 2030; x_wconf 88' lang='grc' dir='ltr'><strong>τυς,</strong></span> <span class='ocrx_word' id='word_1_149' title='bbox 617 1957 677 2012; x_wconf 81' lang='grc' dir='ltr'><strong>οὐ</strong></span> <span class='ocrx_word' id='word_1_150' title='bbox 719 1957 903 2035; x_wconf 78' lang='grc' dir='ltr'><strong>χάριτι</strong></span> <span class='ocrx_word' id='word_1_151' title='bbox 939 1970 953 1985; x_wconf 86' lang='grc'>⁶</span> <span class='ocrx_word' id='word_1_152' title='bbox 1002 1960 1099 2010; x_wconf 63' lang='grc' dir='ltr'><strong>καὶ</strong></span> <span class='ocrx_word' id='word_1_153' title='bbox 1145 1957 1206 2010; x_wconf 61' lang='grc' dir='ltr'><strong>τ),</strong></span> <span class='ocrx_word' id='word_1_154' title='bbox 1269 1957 1430 2030; x_wconf 87' lang='grc' dir='ltr'><strong>μύρον</strong></span> <span class='ocrx_word' id='word_1_155' title='bbox 1489 1953 1624 2019; x_wconf 70' lang='grc' dir='ltr'><strong>ἓξιὸν</strong></span> <span class='ocrx_word' id='word_1_156' title='bbox 1672 1956 1742 2015; x_wconf 84' lang='grc' dir='ltr'><strong>είς</strong></span> <span class='ocrx_word' id='word_1_157' title='bbox 1776 1953 1948 2030; x_wconf 66' lang='grc' dir='ltr'><strong>ἀρχὰς</strong></span> <span class='ocrx_word' id='word_1_158' title='bbox 1993 1952 2100 2030; x_wconf 69' lang='grc' dir='ltr'><strong>ἀφ-</strong></span> 
     </span>
    </p>
   </div>
   <div class='ocr_carea' id='block_1_22' title="bbox 459 2041 2100 2124">
    <p class='ocr_par' dir='ltr' id='par_1_22' title="bbox 459 2041 2100 2124">
     <span class='ocr_line' id='line_1_22' title="bbox 459 2041 2100 2124; baseline -0.004 -24"><span class='ocrx_word' id='word_1_159' title='bbox 459 2047 685 2122; x_wconf 83' lang='grc' dir='ltr'><strong>ορίζεται</strong></span> <span class='ocrx_word' id='word_1_160' title='bbox 724 2044 836 2118; x_wconf 88' lang='grc' dir='ltr'><strong>δύο,</strong></span> <span class='ocrx_word' id='word_1_161' title='bbox 881 2045 943 2107; x_wconf 81' lang='grc' dir='ltr'><strong>ἃς</strong></span> <span class='ocrx_word' id='word_1_162' title='bbox 975 2042 1309 2124; x_wconf 79' lang='grc' dir='ltr'><strong>διαδέχονται</strong></span> <span class='ocrx_word' id='word_1_163' title='bbox 1339 2045 1427 2100; x_wconf 84' lang='grc' dir='ltr'><strong>καὶ</strong></span> <span class='ocrx_word' id='word_1_164' title='bbox 1485 2042 1743 2116; x_wconf 74' lang='grc' dir='ltr'><strong>σωλῆνες,</strong></span> <span class='ocrx_word' id='word_1_165' title='bbox 1793 2043 1885 2097; x_wconf 72' lang='grc' dir='ltr'><strong>καῖ</strong></span> <span class='ocrx_word' id='word_1_166' title='bbox 1945 2041 2100 2117; x_wconf 74' lang='grc' dir='ltr'><strong>γενόο</strong></span> 
     </span>
    </p>
   </div>
   <div class='ocr_carea' id='block_1_23' title="bbox 461 2129 2102 2213">
    <p class='ocr_par' dir='ltr' id='par_1_23' title="bbox 461 2129 2102 2213">
     <span class='ocr_line' id='line_1_23' title="bbox 461 2129 2102 2213; baseline -0.005 -17"><span class='ocrx_word' id='word_1_167' title='bbox 461 2157 620 2196; x_wconf 75' lang='grc' dir='ltr'><strong>μενον</strong></span> <span class='ocrx_word' id='word_1_168' title='bbox 683 2135 786 2202; x_wconf 76' lang='grc' dir='ltr'><strong>ἤδη</strong></span> <span class='ocrx_word' id='word_1_169' title='bbox 869 2129 1150 2213; x_wconf 77' lang='grc' dir='ltr'><strong>μετέωρον</strong></span> <span class='ocrx_word' id='word_1_170' title='bbox 1217 2137 1286 2200; x_wconf 85' lang='grc' dir='ltr'><strong>εἷς</strong></span> <span class='ocrx_word' id='word_1_171' title='bbox 1372 2135 1507 2211; x_wconf 77' lang='grc' dir='ltr'><strong>ὕψος</strong></span> <span class='ocrx_word' id='word_1_172' title='bbox 1582 2135 1868 2212; x_wconf 75' lang='grc' dir='ltr'><strong>ἐξαίρουσιν</strong></span> <span class='ocrx_word' id='word_1_173' title='bbox 1923 2134 2102 2204; x_wconf 80' lang='grc' dir='ltr'><strong>ὥσπερ</strong></span> 
     </span>
    </p>
   </div>
   <div class='ocr_carea' id='block_1_24' title="bbox 459 2224 2098 2302">
    <p class='ocr_par' dir='ltr' id='par_1_24' title="bbox 459 2224 2098 2302">
     <span class='ocr_line' id='line_1_24' title="bbox 459 2224 2098 2302; baseline -0.002 -21"><span class='ocrx_word' id='word_1_174' title='bbox 459 2227 602 2289; x_wconf 83' lang='grc' dir='ltr'><strong>τινὸς</strong></span> <span class='ocrx_word' id='word_1_175' title='bbox 660 2225 892 2281; x_wconf 80' lang='grc' dir='ltr'><strong>κάτωθεν</strong></span> <span class='ocrx_word' id='word_1_176' title='bbox 947 2225 1202 2287; x_wconf 79' lang='grc' dir='ltr'><strong>ὠθοῦντος</strong></span> <span class='ocrx_word' id='word_1_177' title='bbox 1263 2227 1410 2299; x_wconf 75' lang='grc' dir='ltr'><strong>αὐτὸ,</strong></span> <span class='ocrx_word' id='word_1_178' title='bbox 1460 2227 1544 2281; x_wconf 83' lang='grc' dir='ltr'><strong>καὶ</strong></span> <span class='ocrx_word' id='word_1_179' title='bbox 1615 2227 1754 2287; x_wconf 75' lang='grc' dir='ltr'><strong>παρὰ</strong></span> <span class='ocrx_word' id='word_1_180' title='bbox 1815 2225 1963 2302; x_wconf 70' lang='grc' dir='ltr'><strong>φύσιν</strong></span> <span class='ocrx_word' id='word_1_181' title='bbox 2026 2224 2098 2285; x_wconf 85' lang='grc' dir='ltr'><strong>εἱς</strong></span> 
     </span>
    </p>
   </div>
   <div class='ocr_carea' id='block_1_25' title="bbox 459 2312 2102 2394">
    <p class='ocr_par' dir='ltr' id='par_1_25' title="bbox 459 2312 2102 2394">
     <span class='ocr_line' id='line_1_25' title="bbox 459 2312 2102 2394; baseline -0.002 -23"><span class='ocrx_word' id='word_1_182' title='bbox 459 2315 520 2371; x_wconf 83' lang='grc' dir='ltr'><strong>τὺ</strong></span> <span class='ocrx_word' id='word_1_183' title='bbox 563 2314 673 2371; x_wconf 68' lang='grc' dir='ltr'><strong>ἅνω</strong></span> <span class='ocrx_word' id='word_1_184' title='bbox 708 2317 770 2371; x_wconf 80' lang='grc' dir='ltr'><strong>τὸ</strong></span> <span class='ocrx_word' id='word_1_185' title='bbox 800 2315 930 2391; x_wconf 81' lang='grc' dir='ltr'><strong>βαρὺ</strong></span> <span class='ocrx_word' id='word_1_186' title='bbox 979 2314 1188 2394; x_wconf 74' lang='grc' dir='ltr'><strong>φέρεται</strong></span> <span class='ocrx_word' id='word_1_187' title='bbox 1248 2316 1335 2369; x_wconf 81' lang='grc' dir='ltr'><strong>καὶ</strong></span> <span class='ocrx_word' id='word_1_188' title='bbox 1391 2315 1675 2392; x_wconf 83' lang='grc' dir='ltr'><strong>γενόμενον</strong></span> <span class='ocrx_word' id='word_1_189' title='bbox 1725 2312 1966 2369; x_wconf 68' lang='grc' dir='ltr'><strong>ἰσόπεδον</strong></span> <span class='ocrx_word' id='word_1_190' title='bbox 2025 2319 2102 2384; x_wconf 83' lang='grc' dir='ltr'><strong>τῷ</strong></span> 
     </span>
    </p>
   </div>
   <div class='ocr_carea' id='block_1_26' title="bbox 462 2400 2100 2482">
    <p class='ocr_par' dir='ltr' id='par_1_26' title="bbox 462 2400 2100 2482">
     <span class='ocr_line' id='line_1_26' title="bbox 462 2400 2100 2482; baseline 0 -26"><span class='ocrx_word' id='word_1_191' title='bbox 462 2407 569 2476; x_wconf 79' lang='grc' dir='ltr'><strong>ναῷ</strong></span> <span class='ocrx_word' id='word_1_192' title='bbox 625 2409 886 2482; x_wconf 77' lang='grc' dir='ltr'><strong>κραταιῶς</strong></span> <span class='ocrx_word' id='word_1_193' title='bbox 945 2403 1203 2482; x_wconf 76' lang='grc' dir='ltr'><strong>ἡσυχάζει</strong></span> <span class='ocrx_word' id='word_1_194' title='bbox 1285 2405 1372 2459; x_wconf 81' lang='grc' dir='ltr'><strong>καὶ</strong></span> <span class='ocrx_word' id='word_1_195' title='bbox 1429 2405 1626 2482; x_wconf 74' lang='grc' dir='ltr'><strong>ἠρεμεῖ</strong></span> <span class='ocrx_word' id='word_1_196' title='bbox 1680 2403 1788 2459; x_wconf 79' lang='grc' dir='ltr'><strong>τῶν</strong></span> <span class='ocrx_word' id='word_1_197' title='bbox 1845 2400 2100 2467; x_wconf 79' lang='grc' dir='ltr'><strong>σωλήνων</strong></span> 
     </span>
    </p>
   </div>
   <div class='ocr_carea' id='block_1_27' title="bbox 459 2490 2102 2571">
    <p class='ocr_par' dir='ltr' id='par_1_27' title="bbox 459 2490 2102 2571">
     <span class='ocr_line' id='line_1_27' title="bbox 459 2490 2102 2571; baseline -0.002 -24"><span class='ocrx_word' id='word_1_198' title='bbox 459 2491 706 2569; x_wconf 64' lang='grc' dir='ltr'><strong>έκιίτερος</strong></span> <span class='ocrx_word' id='word_1_199' title='bbox 786 2493 965 2571; x_wconf 82' lang='grc' dir='ltr'><strong>ὥσπερ</strong></span> <span class='ocrx_word' id='word_1_200' title='bbox 1045 2504 1202 2567; x_wconf 84' lang='grc' dir='ltr'><strong>τηρετ</strong></span> <span class='ocrx_word' id='word_1_201' title='bbox 1258 2492 1490 2571; x_wconf 79' lang='grc' dir='ltr'><strong>φαγέντα</strong></span> <span class='ocrx_word' id='word_1_202' title='bbox 1549 2493 1584 2559; x_wconf 79' lang='grc' dir='ltr'>ἣ</span> <span class='ocrx_word' id='word_1_203' title='bbox 1643 2494 1728 2548; x_wconf 84' lang='grc' dir='ltr'>καί</span> <span class='ocrx_word' id='word_1_204' title='bbox 1811 2493 1874 2547; x_wconf 76' lang='grc' dir='ltr'><strong>τὰ</strong></span> <span class='ocrx_word' id='word_1_205' title='bbox 1930 2490 2102 2546; x_wconf 76' lang='grc' dir='ltr'><strong>ὀπίσω</strong></span> 
     </span>
    </p>
   </div>
   <div class='ocr_carea' id='block_1_28' title="bbox 459 2579 2101 2660">
    <p class='ocr_par' dir='ltr' id='par_1_28' title="bbox 459 2579 2101 2660">
     <span class='ocr_line' id='line_1_28' title="bbox 459 2579 2101 2660; baseline -0.001 -24"><span class='ocrx_word' id='word_1_206' title='bbox 459 2581 717 2638; x_wconf 77' lang='grc' dir='ltr'><strong>σταλέντα</strong></span> <span class='ocrx_word' id='word_1_207' title='bbox 774 2585 860 2638; x_wconf 85' lang='grc' dir='ltr'><strong>καὶ</strong></span> <span class='ocrx_word' id='word_1_208' title='bbox 912 2579 1276 2660; x_wconf 86' lang='grc' dir='ltr'><strong>χαλινωθέντα</strong></span> <span class='ocrx_word' id='word_1_209' title='bbox 1327 2583 1426 2648; x_wconf 72' lang='grc' dir='ltr'><strong>τὴν</strong></span> <span class='ocrx_word' id='word_1_210' title='bbox 1482 2584 1554 2645; x_wconf 72' lang='grc' dir='ltr'><strong>εἷς</strong></span> <span class='ocrx_word' id='word_1_211' title='bbox 1596 2583 1656 2638; x_wconf 78' lang='grc' dir='ltr'><strong>τὸ</strong></span> <span class='ocrx_word' id='word_1_212' title='bbox 1710 2580 1894 2654; x_wconf 86' lang='grc' dir='ltr'><strong>πρόσω</strong></span> <span class='ocrx_word' id='word_1_213' title='bbox 1938 2579 2101 2658; x_wconf 71' lang='grc' dir='ltr'><strong>φορὰν</strong></span> 
     </span>
    </p>
   </div>
   <div class='ocr_carea' id='block_1_29' title="bbox 458 2669 1633 2750">
    <p class='ocr_par' dir='ltr' id='par_1_29' title="bbox 458 2669 1633 2750">
     <span class='ocr_line' id='line_1_29' title="bbox 458 2669 1633 2750; baseline -0.001 -25"><span class='ocrx_word' id='word_1_214' title='bbox 458 2671 691 2748; x_wconf 64' lang='grc' dir='ltr'><strong>καθέπερ</strong></span> <span class='ocrx_word' id='word_1_215' title='bbox 720 2671 890 2738; x_wconf 74' lang='grc' dir='ltr'><strong>ἡνίαις</strong></span> <span class='ocrx_word' id='word_1_216' title='bbox 924 2669 1178 2750; x_wconf 67' lang='grc' dir='ltr'><strong>ἀφανέσιν</strong></span> <span class='ocrx_word' id='word_1_217' title='bbox 1208 2671 1633 2749; x_wconf 79' lang='grc' dir='ltr'><strong>ἀναχαιτίζεται,</strong></span> 
     </span>
    </p>
   </div>
   <div class='ocr_carea' id='block_1_30' title="bbox 541 2755 2104 2836">
    <p class='ocr_par' dir='ltr' id='par_1_30' title="bbox 541 2755 2104 2836">
     <span class='ocr_line' id='line_1_30' title="bbox 541 2755 2104 2836; baseline -0.005 -16"><span class='ocrx_word' id='word_1_218' title='bbox 541 2759 640 2820; x_wconf 75' lang='grc'><strong>43.</strong></span> <span class='ocrx_word' id='word_1_219' title='bbox 701 2759 928 2836; x_wconf 77' lang='grc' dir='ltr'><strong>Πλήρεις</strong></span> <span class='ocrx_word' id='word_1_220' title='bbox 981 2758 1128 2822; x_wconf 78' lang='grc' dir='ltr'><strong>ὄντες</strong></span> <span class='ocrx_word' id='word_1_221' title='bbox 1191 2762 1238 2814; x_wconf 75' lang='grc' dir='ltr'><strong>οἱ</strong></span> <span class='ocrx_word' id='word_1_222' title='bbox 1295 2759 1534 2826; x_wconf 78' lang='grc' dir='ltr'><strong>σωλῆνες</strong></span> <span class='ocrx_word' id='word_1_223' title='bbox 1594 2767 1700 2816; x_wconf 92' lang='grc' dir='ltr'><strong>τῶν</strong></span> <span class='ocrx_word' id='word_1_224' title='bbox 1761 2761 1961 2836; x_wconf 83' lang='grc' dir='ltr'><strong>μύρων,</strong></span> <span class='ocrx_word' id='word_1_225' title='bbox 2025 2755 2104 2812; x_wconf 73' lang='grc' dir='ltr'><strong>ἀεὶ</strong></span> 
     </span>
    </p>
   </div>
   <div class='ocr_carea' id='block_1_31' title="bbox 458 2847 2103 2928">
    <p class='ocr_par' dir='ltr' id='par_1_31' title="bbox 458 2847 2103 2928">
     <span class='ocr_line' id='line_1_31' title="bbox 458 2847 2103 2928; baseline -0.003 -21"><span class='ocrx_word' id='word_1_226' title='bbox 458 2849 551 2907; x_wconf 75' lang='grc' dir='ltr'><strong>καῖ</strong></span> <span class='ocrx_word' id='word_1_227' title='bbox 607 2849 783 2926; x_wconf 78' lang='grc' dir='ltr'><strong>χαίρει</strong></span> <span class='ocrx_word' id='word_1_228' title='bbox 857 2849 954 2922; x_wconf 75' lang='grc' dir='ltr'><strong>μὲν</strong></span> <span class='ocrx_word' id='word_1_229' title='bbox 1023 2847 1402 2928; x_wconf 81' lang='grc' dir='ltr'><strong>ἀντλούμενος,</strong></span> <span class='ocrx_word' id='word_1_230' title='bbox 1461 2848 1580 2904; x_wconf 87' lang='grc' dir='ltr'><strong>ἀλλ’</strong></span> <span class='ocrx_word' id='word_1_231' title='bbox 1625 2853 1722 2907; x_wconf 80' lang='grc' dir='ltr'><strong>οὐκ</strong></span> <span class='ocrx_word' id='word_1_232' title='bbox 1778 2847 2103 2920; x_wconf 76' lang='grc' dir='ltr'><strong>ἐλαττούμε-</strong></span> 
     </span>
    </p>
   </div>
   <div class='ocr_carea' id='block_1_32' title="bbox 459 2933 2104 3016">
    <p class='ocr_par' dir='ltr' id='par_1_32' title="bbox 459 2933 2104 3016">
     <span class='ocr_line' id='line_1_32' title="bbox 459 2933 2104 3016; baseline -0.001 -22"><span class='ocrx_word' id='word_1_233' title='bbox 459 2962 574 3011; x_wconf 91' lang='grc' dir='ltr'><strong>νος,</strong></span> <span class='ocrx_word' id='word_1_234' title='bbox 649 2937 962 3016; x_wconf 79' lang='grc' dir='ltr'><strong>ἀρυόμενος,</strong></span> <span class='ocrx_word' id='word_1_235' title='bbox 1050 2935 1170 2993; x_wconf 68' lang='grc' dir='ltr'><strong>ἀλλ’</strong></span> <span class='ocrx_word' id='word_1_236' title='bbox 1241 2940 1300 2994; x_wconf 84' lang='grc' dir='ltr'><strong>οὐ</strong></span> <span class='ocrx_word' id='word_1_237' title='bbox 1357 2940 1694 3013; x_wconf 85' lang='grc' dir='ltr'><strong>μειούμενος,</strong></span> <span class='ocrx_word' id='word_1_238' title='bbox 1750 2933 2104 3010; x_wconf 74' lang='grc' dir='ltr'><strong>μεταλαμϐα-</strong></span> 
     </span>
    </p>
   </div>
   <div class='ocr_carea' id='block_1_33' title="bbox 461 3025 2107 3104">
    <p class='ocr_par' dir='ltr' id='par_1_33' title="bbox 461 3025 2107 3104">
     <span class='ocr_line' id='line_1_33' title="bbox 461 3025 2107 3104; baseline -0.002 -22"><span class='ocrx_word' id='word_1_239' title='bbox 461 3031 680 3103; x_wconf 80' lang='grc' dir='ltr'><strong>νόμενος</strong></span> <span class='ocrx_word' id='word_1_240' title='bbox 740 3029 825 3083; x_wconf 76' lang='grc' dir='ltr'><strong>καὶ</strong></span> <span class='ocrx_word' id='word_1_241' title='bbox 880 3033 1016 3088; x_wconf 83' lang='grc' dir='ltr'><strong>σῶος</strong></span> <span class='ocrx_word' id='word_1_242' title='bbox 1076 3027 1342 3104; x_wconf 84' lang='grc' dir='ltr'><strong>ὁρώμενος</strong></span> <span class='ocrx_word' id='word_1_243' title='bbox 1378 3044 1392 3059; x_wconf 85' lang='grc'><strong><em>⁸</em></strong></span> <span class='ocrx_word' id='word_1_244' title='bbox 1447 3031 1534 3085; x_wconf 80' lang='grc' dir='ltr'><strong>καὶ</strong></span> <span class='ocrx_word' id='word_1_245' title='bbox 1575 3029 1638 3084; x_wconf 75' lang='grc' dir='ltr'><strong>τὸ</strong></span> <span class='ocrx_word' id='word_1_246' title='bbox 1669 3029 1768 3100; x_wconf 76' lang='grc' dir='ltr'><strong>μὲν</strong></span> <span class='ocrx_word' id='word_1_247' title='bbox 1812 3025 1945 3090; x_wconf 73' lang='grc' dir='ltr'><strong>έξιόν</strong></span> <span class='ocrx_word' id='word_1_248' title='bbox 1979 3046 2107 3104; x_wconf 83' lang='grc' dir='ltr'><strong>σχε-</strong></span> 
     </span>
    </p>
   </div>
   <div class='ocr_carea' id='block_1_34' title="bbox 459 3113 2106 3194">
    <p class='ocr_par' dir='ltr' id='par_1_34' title="bbox 459 3113 2106 3194">
     <span class='ocr_line' id='line_1_34' title="bbox 459 3113 2106 3194; baseline 0 -22"><span class='ocrx_word' id='word_1_249' title='bbox 459 3115 546 3172; x_wconf 78' lang='grc' dir='ltr'><strong>δὸν</strong></span> <span class='ocrx_word' id='word_1_250' title='bbox 577 3118 793 3193; x_wconf 78' lang='grc' dir='ltr'><strong>ἀπειρον</strong></span> <span class='ocrx_word' id='word_1_251' title='bbox 829 3134 842 3150; x_wconf 69' lang='grc'>⁸</span> <span class='ocrx_word' id='word_1_252' title='bbox 879 3113 1080 3172; x_wconf 79' lang='grc' dir='ltr'><strong>δέδοται</strong></span> <span class='ocrx_word' id='word_1_253' title='bbox 1133 3116 1233 3194; x_wconf 73' lang='grc' dir='ltr'><strong>γὰρ</strong></span> <span class='ocrx_word' id='word_1_254' title='bbox 1289 3113 1577 3190; x_wconf 74' lang='grc' dir='ltr'><strong>λαμϐάνειν</strong></span> <span class='ocrx_word' id='word_1_255' title='bbox 1628 3113 1854 3172; x_wconf 77' lang='grc' dir='ltr'><strong>εὐσεϐῶν</strong></span> <span class='ocrx_word' id='word_1_256' title='bbox 1913 3115 2106 3172; x_wconf 74' lang='grc' dir='ltr'><strong>ἅπαντι</strong></span> 
     </span>
    </p>
   </div>
   <div class='ocr_carea' id='block_1_35' title="bbox 461 3203 2102 3280">
    <p class='ocr_par' dir='ltr' id='par_1_35' title="bbox 461 3203 2102 3280">
     <span class='ocr_line' id='line_1_35' title="bbox 461 3203 2102 3280; baseline -0.001 -20"><span class='ocrx_word' id='word_1_257' title='bbox 461 3203 584 3262; x_wconf 78' lang='grc' dir='ltr'><strong>ὅσον</strong></span> <span class='ocrx_word' id='word_1_258' title='bbox 632 3204 694 3260; x_wconf 74' lang='grc' dir='ltr'><strong>ἂν</strong></span> <span class='ocrx_word' id='word_1_259' title='bbox 724 3205 944 3268; x_wconf 78' lang='grc' dir='ltr'><strong>ἕκαστος</strong></span> <span class='ocrx_word' id='word_1_260' title='bbox 1004 3204 1270 3280; x_wconf 83' lang='grc' dir='ltr'><strong>βούλοιτο,</strong></span> <span class='ocrx_word' id='word_1_261' title='bbox 1316 3206 1462 3278; x_wconf 85' lang='grc' dir='ltr'><strong>μένει</strong></span> <span class='ocrx_word' id='word_1_262' title='bbox 1521 3205 1574 3261; x_wconf 71' lang='grc' dir='ltr'><strong>δὲ</strong></span> <span class='ocrx_word' id='word_1_263' title='bbox 1619 3205 1683 3262; x_wconf 69' lang='grc' dir='ltr'><strong>τα</strong></span> <span class='ocrx_word' id='word_1_264' title='bbox 1728 3210 1911 3280; x_wconf 78' lang='grc' dir='ltr'><strong>πηγῆς</strong></span> <span class='ocrx_word' id='word_1_265' title='bbox 1971 3203 2102 3259; x_wconf 77' lang='grc' dir='ltr'><strong>ἀκέ-</strong></span> 
     </span>
    </p>
   </div>
   <div class='ocr_carea' id='block_1_36' title="bbox 463 3291 2104 3364">
    <p class='ocr_par' dir='ltr' id='par_1_36' title="bbox 463 3291 2104 3364">
     <span class='ocr_line' id='line_1_36' title="bbox 463 3291 2104 3364; baseline -0.002 -15"><span class='ocrx_word' id='word_1_266' title='bbox 463 3315 604 3350; x_wconf 89' lang='grc' dir='ltr'><strong>νωτα</strong></span> <span class='ocrx_word' id='word_1_267' title='bbox 663 3295 750 3348; x_wconf 83' lang='grc' dir='ltr'><strong>καὶ</strong></span> <span class='ocrx_word' id='word_1_268' title='bbox 805 3295 838 3360; x_wconf 80' lang='grc' dir='ltr'>ἡ</span> <span class='ocrx_word' id='word_1_269' title='bbox 895 3293 1183 3356; x_wconf 83' lang='grc' dir='ltr'><strong>ἐλάττωσις</strong></span> <span class='ocrx_word' id='word_1_270' title='bbox 1264 3291 1591 3364; x_wconf 84' lang='grc' dir='ltr'><strong>οὐδαμόθεν,</strong></span> <span class='ocrx_word' id='word_1_271' title='bbox 1675 3295 1758 3349; x_wconf 82' lang='grc' dir='ltr'><strong>καὶ</strong></span> <span class='ocrx_word' id='word_1_272' title='bbox 1818 3295 1878 3347; x_wconf 79' lang='grc' dir='ltr'><strong>τὸ</strong></span> <span class='ocrx_word' id='word_1_273' title='bbox 1934 3292 2104 3364; x_wconf 85' lang='grc' dir='ltr'><strong>θέαμα</strong></span> 
     </span>
    </p>
   </div>
   <div class='ocr_carea' id='block_1_37' title="bbox 461 3377 2105 3456">
    <p class='ocr_par' dir='ltr' id='par_1_37' title="bbox 461 3377 2105 3456">
     <span class='ocr_line' id='line_1_37' title="bbox 461 3377 2105 3456; baseline -0.001 -19"><span class='ocrx_word' id='word_1_274' title='bbox 461 3380 603 3446; x_wconf 69' lang='grc' dir='ltr'><strong>ξένον</strong></span> <span class='ocrx_word' id='word_1_275' title='bbox 659 3385 756 3440; x_wconf 88' lang='grc' dir='ltr'><strong>οὐκ</strong></span> <span class='ocrx_word' id='word_1_276' title='bbox 817 3378 1050 3436; x_wconf 78' lang='grc' dir='ltr'><strong>εὐσεϐέσι</strong></span> <span class='ocrx_word' id='word_1_277' title='bbox 1121 3380 1304 3456; x_wconf 88' lang='grc' dir='ltr'><strong>μόνον,</strong></span> <span class='ocrx_word' id='word_1_278' title='bbox 1385 3381 1521 3438; x_wconf 85' lang='grc' dir='ltr'><strong>ἀλλᾶ</strong></span> <span class='ocrx_word' id='word_1_279' title='bbox 1596 3384 1683 3437; x_wconf 86' lang='grc' dir='ltr'><strong>καὶ</strong></span> <span class='ocrx_word' id='word_1_280' title='bbox 1739 3383 1844 3438; x_wconf 82' lang='grc' dir='ltr'><strong>τῶν</strong></span> <span class='ocrx_word' id='word_1_281' title='bbox 1900 3377 2105 3436; x_wconf 76' lang='grc' dir='ltr'><strong>ἀσεϐῶν</strong></span> 
     </span>
    </p>
   </div>
   <div class='ocr_carea' id='block_1_38' title="bbox 460 3470 2103 3548">
    <p class='ocr_par' dir='ltr' id='par_1_38' title="bbox 460 3470 2103 3548">
     <span class='ocr_line' id='line_1_38' title="bbox 460 3470 2103 3548; baseline -0.001 -22"><span class='ocrx_word' id='word_1_282' title='bbox 460 3471 650 3526; x_wconf 73' lang='grc' dir='ltr'><strong>ἅπαντι</strong></span> <span class='ocrx_word' id='word_1_283' title='bbox 684 3485 701 3502; x_wconf 76' lang='grc'><strong>⁸</strong></span> <span class='ocrx_word' id='word_1_284' title='bbox 733 3470 830 3525; x_wconf 70' lang='grc' dir='ltr'><strong>κᾶν</strong></span> <span class='ocrx_word' id='word_1_285' title='bbox 866 3470 965 3548; x_wconf 76' lang='grc' dir='ltr'><strong>γάρ</strong></span> <span class='ocrx_word' id='word_1_286' title='bbox 1013 3491 1094 3532; x_wconf 92' lang='grc' dir='ltr'><strong>τις</strong></span> <span class='ocrx_word' id='word_1_287' title='bbox 1136 3472 1395 3544; x_wconf 72' lang='grc' dir='ltr'><strong>αἱρετικὸς</strong></span> <span class='ocrx_word' id='word_1_288' title='bbox 1445 3471 1480 3538; x_wconf 76' lang='grc' dir='ltr'><strong>ἢ</strong></span> <span class='ocrx_word' id='word_1_289' title='bbox 1539 3471 1764 3536; x_wconf 77' lang='grc' dir='ltr'><strong>ἀντίθεος</strong></span> <span class='ocrx_word' id='word_1_290' title='bbox 1820 3470 1904 3542; x_wconf 76' lang='grc' dir='ltr'><strong>ἦν,</strong></span> <span class='ocrx_word' id='word_1_291' title='bbox 1967 3470 2103 3546; x_wconf 87' lang='grc' dir='ltr'><strong>βλα-</strong></span> 
     </span>
    </p>
   </div>
   <div class='ocr_carea' id='block_1_39' title="bbox 460 3557 2104 3638">
    <p class='ocr_par' dir='ltr' id='par_1_39' title="bbox 460 3557 2104 3638">
     <span class='ocr_line' id='line_1_39' title="bbox 460 3557 2104 3638; baseline -0.001 -23"><span class='ocrx_word' id='word_1_292' title='bbox 460 3573 697 3634; x_wconf 73' lang='grc' dir='ltr'><strong>σφημεῖν</strong></span> <span class='ocrx_word' id='word_1_293' title='bbox 742 3558 878 3623; x_wconf 82' lang='grc' dir='ltr'><strong>ὅλως</strong></span> <span class='ocrx_word' id='word_1_294' title='bbox 939 3557 1209 3634; x_wconf 79' lang='grc' dir='ltr'><strong>ἀδυνατεῖ,</strong></span> <span class='ocrx_word' id='word_1_295' title='bbox 1265 3570 1517 3618; x_wconf 68' lang='grc' dir='ltr'><strong>τοσοῦτον</strong></span> <span class='ocrx_word' id='word_1_296' title='bbox 1584 3560 1739 3638; x_wconf 83' lang='grc' dir='ltr'><strong>ἔργον</strong></span> <span class='ocrx_word' id='word_1_297' title='bbox 1796 3563 1958 3637; x_wconf 82' lang='grc' dir='ltr'><strong>μύρου</strong></span> <span class='ocrx_word' id='word_1_298' title='bbox 2011 3567 2104 3615; x_wconf 82' lang='lat'><strong>106</strong></span> 
     </span>
    </p>
   </div>
   <div class='ocr_carea' id='block_1_40' title="bbox 457 3646 2102 3725">
    <p class='ocr_par' dir='ltr' id='par_1_40' title="bbox 457 3646 2102 3725">
     <span class='ocr_line' id='line_1_40' title="bbox 457 3646 2102 3725; baseline -0.002 -20"><span class='ocrx_word' id='word_1_299' title='bbox 457 3650 720 3724; x_wconf 83' lang='grc' dir='ltr'><strong>παρόντος</strong></span> <span class='ocrx_word' id='word_1_300' title='bbox 779 3650 812 3715; x_wconf 72' lang='grc' dir='ltr'><strong>ἡ</strong></span> <span class='ocrx_word' id='word_1_301' title='bbox 871 3646 1014 3714; x_wconf 76' lang='grc' dir='ltr'><strong>δόξα.</strong></span> <span class='ocrx_word' id='word_1_302' title='bbox 1077 3650 1148 3706; x_wconf 82' lang='grc' dir='ltr'><strong>Τὸ</strong></span> <span class='ocrx_word' id='word_1_303' title='bbox 1205 3648 1260 3704; x_wconf 74' lang='grc' dir='ltr'><strong>δὲ</strong></span> <span class='ocrx_word' id='word_1_304' title='bbox 1320 3656 1500 3724; x_wconf 83' lang='grc' dir='ltr'><strong>μειζον</strong></span> <span class='ocrx_word' id='word_1_305' title='bbox 1561 3651 1589 3705; x_wconf 84' lang='grc' dir='ltr'><strong>ὃ</strong></span> <span class='ocrx_word' id='word_1_306' title='bbox 1648 3648 1784 3722; x_wconf 75' lang='grc' dir='ltr'><strong>μηδὲ</strong></span> <span class='ocrx_word' id='word_1_307' title='bbox 1831 3650 2102 3725; x_wconf 80' lang='grc' dir='ltr'><strong>σύγκρισιν</strong></span> 
     </span>
    </p>
   </div>
   <div class='ocr_carea' id='block_1_41' title="bbox 460 3736 2100 3816">
    <p class='ocr_par' dir='ltr' id='par_1_41' title="bbox 460 3736 2100 3816">
     <span class='ocr_line' id='line_1_41' title="bbox 460 3736 2100 3816; baseline 0 -24"><span class='ocrx_word' id='word_1_308' title='bbox 460 3737 576 3816; x_wconf 76' lang='grc' dir='ltr'><strong>ἔχει</strong></span> <span class='ocrx_word' id='word_1_309' title='bbox 631 3739 763 3814; x_wconf 82' lang='grc' dir='ltr'><strong>πρὸς</strong></span> <span class='ocrx_word' id='word_1_310' title='bbox 807 3737 873 3792; x_wconf 78' lang='grc' dir='ltr'><strong>τὰ</strong></span> <span class='ocrx_word' id='word_1_311' title='bbox 916 3736 1200 3816; x_wconf 82' lang='grc' dir='ltr'><strong>λεχθέντα,</strong></span> <span class='ocrx_word' id='word_1_312' title='bbox 1248 3736 1329 3794; x_wconf 78' lang='grc' dir='ltr'><strong>ὅτι</strong></span> <span class='ocrx_word' id='word_1_313' title='bbox 1375 3739 1538 3804; x_wconf 86' lang='grc' dir='ltr'><strong>σκεύη</strong></span> <span class='ocrx_word' id='word_1_314' title='bbox 1579 3740 1697 3794; x_wconf 72' lang='grc' dir='ltr'><strong>τινὰ</strong></span> <span class='ocrx_word' id='word_1_315' title='bbox 1726 3737 1908 3813; x_wconf 71' lang='grc' dir='ltr'><strong>πλήρη</strong></span> <span class='ocrx_word' id='word_1_316' title='bbox 1941 3738 2100 3816; x_wconf 84' lang='grc' dir='ltr'><strong>γενό-</strong></span> 
     </span>
    </p>
   </div>
   <div class='ocr_carea' id='block_1_42' title="bbox 460 3825 2101 3907">
    <p class='ocr_par' dir='ltr' id='par_1_42' title="bbox 460 3825 2101 3907">
     <span class='ocr_line' id='line_1_42' title="bbox 460 3825 2101 3907; baseline -0.001 -25"><span class='ocrx_word' id='word_1_317' title='bbox 460 3849 594 3901; x_wconf 84' lang='grc' dir='ltr'><strong>μενα</strong></span> <span class='ocrx_word' id='word_1_318' title='bbox 655 3825 830 3901; x_wconf 84' lang='grc' dir='ltr'><strong>μύρων</strong></span> <span class='ocrx_word' id='word_1_319' title='bbox 903 3826 964 3882; x_wconf 78' lang='grc' dir='ltr'><strong>ἐκ</strong></span> <span class='ocrx_word' id='word_1_320' title='bbox 1019 3832 1123 3882; x_wconf 87' lang='grc' dir='ltr'><strong>τῶν</strong></span> <span class='ocrx_word' id='word_1_321' title='bbox 1181 3825 1438 3896; x_wconf 76' lang='grc' dir='ltr'><strong>σωλήνων</strong></span> <span class='ocrx_word' id='word_1_322' title='bbox 1496 3829 1583 3883; x_wconf 84' lang='grc' dir='ltr'><strong>καὶ</strong></span> <span class='ocrx_word' id='word_1_323' title='bbox 1651 3827 1820 3907; x_wconf 71' lang='grc' dir='ltr'><strong>φέρων</strong></span> <span class='ocrx_word' id='word_1_324' title='bbox 1880 3827 2101 3887; x_wconf 76' lang='grc' dir='ltr'><strong>ἕκαστος</strong></span> 
     </span>
    </p>
   </div>
   <div class='ocr_carea' id='block_1_43' title="bbox 460 3913 2102 3991">
    <p class='ocr_par' dir='ltr' id='par_1_43' title="bbox 460 3913 2102 3991">
     <span class='ocr_line' id='line_1_43' title="bbox 460 3913 2102 3991; baseline -0.002 -18"><span class='ocrx_word' id='word_1_325' title='bbox 460 3913 644 3973; x_wconf 74' lang='grc' dir='ltr'><strong>οἴκαδε</strong></span> <span class='ocrx_word' id='word_1_326' title='bbox 700 3921 805 3971; x_wconf 87' lang='grc' dir='ltr'><strong>τῶν</strong></span> <span class='ocrx_word' id='word_1_327' title='bbox 866 3913 1092 3973; x_wconf 81' lang='grc' dir='ltr'><strong>εὐσεϐῶν</strong></span> <span class='ocrx_word' id='word_1_328' title='bbox 1176 3915 1398 3972; x_wconf 73' lang='grc' dir='ltr'><strong>ἕκαστον</strong></span> <span class='ocrx_word' id='word_1_329' title='bbox 1463 3917 1770 3983; x_wconf 84' lang='grc' dir='ltr'><strong>ἀνατίθησιν</strong></span> <span class='ocrx_word' id='word_1_330' title='bbox 1821 3919 1944 3991; x_wconf 78' lang='grc' dir='ltr'><strong>ἱερῷ</strong></span> <span class='ocrx_word' id='word_1_331' title='bbox 2002 3938 2102 3970; x_wconf 89' lang='grc' dir='ltr'><strong>τινι</strong></span> 
     </span>
    </p>
   </div>
   <div class='ocr_carea' id='block_1_44' title="bbox 459 4003 2101 4083">
    <p class='ocr_par' dir='ltr' id='par_1_44' title="bbox 459 4003 2101 4083">
     <span class='ocr_line' id='line_1_44' title="bbox 459 4003 2101 4083; baseline -0.002 -22"><span class='ocrx_word' id='word_1_332' title='bbox 459 4007 632 4078; x_wconf 86' lang='grc' dir='ltr'><strong>τόπῳ,</strong></span> <span class='ocrx_word' id='word_1_333' title='bbox 668 4005 811 4081; x_wconf 70' lang='grc' dir='ltr'><strong>ἔχων</strong></span> <span class='ocrx_word' id='word_1_334' title='bbox 845 4005 970 4059; x_wconf 81' lang='grc' dir='ltr'><strong>αὐτὸ</strong></span> <span class='ocrx_word' id='word_1_335' title='bbox 999 4005 1059 4059; x_wconf 87' lang='grc' dir='ltr'><strong>οὐ</strong></span> <span class='ocrx_word' id='word_1_336' title='bbox 1089 4003 1252 4077; x_wconf 88' lang='grc' dir='ltr'><strong>μόνον</strong></span> <span class='ocrx_word' id='word_1_337' title='bbox 1303 4007 1434 4082; x_wconf 69' lang='grc' dir='ltr'><strong>πρὸ)</strong></span> <span class='ocrx_word' id='word_1_338' title='bbox 1492 4007 1770 4083; x_wconf 85' lang='grc' dir='ltr'><strong>θεραπείαν</strong></span> <span class='ocrx_word' id='word_1_339' title='bbox 1815 4005 2101 4077; x_wconf 70' lang='grc' dir='ltr'><strong>σωμάτων,</strong></span> 
     </span>
    </p>
   </div>
   <div class='ocr_carea' id='block_1_45' title="bbox 461 4092 2106 4173">
    <p class='ocr_par' dir='ltr' id='par_1_45' title="bbox 461 4092 2106 4173">
     <span class='ocr_line' id='line_1_45' title="bbox 461 4092 2106 4173; baseline -0.001 -25"><span class='ocrx_word' id='word_1_340' title='bbox 461 4092 597 4148; x_wconf 80' lang='grc' dir='ltr'><strong>ἀλλὰ</strong></span> <span class='ocrx_word' id='word_1_341' title='bbox 630 4097 717 4150; x_wconf 85' lang='grc' dir='ltr'><strong>καὶ</strong></span> <span class='ocrx_word' id='word_1_342' title='bbox 775 4099 880 4148; x_wconf 85' lang='grc' dir='ltr'><strong>τῶν</strong></span> <span class='ocrx_word' id='word_1_343' title='bbox 939 4094 1131 4172; x_wconf 82' lang='grc' dir='ltr'><strong>ψυχῶν</strong></span> <span class='ocrx_word' id='word_1_344' title='bbox 1185 4099 1290 4150; x_wconf 83' lang='grc' dir='ltr'><strong>τῶν</strong></span> <span class='ocrx_word' id='word_1_345' title='bbox 1347 4095 1400 4149; x_wconf 76' lang='grc' dir='ltr'><strong>έν</strong></span> <span class='ocrx_word' id='word_1_346' title='bbox 1433 4093 1571 4167; x_wconf 68' lang='grc' dir='ltr'><strong>οἴκῳ</strong></span> <span class='ocrx_word' id='word_1_347' title='bbox 1603 4096 1686 4150; x_wconf 77' lang='grc' dir='ltr'><strong>καὶ</strong></span> <span class='ocrx_word' id='word_1_348' title='bbox 1717 4101 1821 4150; x_wconf 80' lang='grc' dir='ltr'><strong>τῶν</strong></span> <span class='ocrx_word' id='word_1_349' title='bbox 1853 4094 2106 4173; x_wconf 85' lang='grc' dir='ltr'><strong>γειτόνων</strong></span> 
     </span>
    </p>
   </div>
   <div class='ocr_carea' id='block_1_46' title="bbox 460 4182 2102 4261">
    <p class='ocr_par' dir='ltr' id='par_1_46' title="bbox 460 4182 2102 4261">
     <span class='ocr_line' id='line_1_46' title="bbox 460 4182 2102 4261; baseline 0 -21"><span class='ocrx_word' id='word_1_350' title='bbox 460 4185 632 4240; x_wconf 85' lang='grc' dir='ltr'><strong>αὐτῶν</strong></span> <span class='ocrx_word' id='word_1_351' title='bbox 689 4185 780 4238; x_wconf 81' lang='grc' dir='ltr'><strong>καὶ</strong></span> <span class='ocrx_word' id='word_1_352' title='bbox 833 4186 942 4238; x_wconf 74' lang='grc' dir='ltr'><strong>τῶν</strong></span> <span class='ocrx_word' id='word_1_353' title='bbox 999 4182 1208 4261; x_wconf 81' lang='grc' dir='ltr'><strong>ἀλόγων</strong></span> <span class='ocrx_word' id='word_1_354' title='bbox 1258 4183 1514 4248; x_wconf 84' lang='grc' dir='ltr'><strong>πολλάκις</strong></span> <span class='ocrx_word' id='word_1_355' title='bbox 1573 4185 1745 4256; x_wconf 83' lang='grc' dir='ltr'><strong>ζώων,</strong></span> <span class='ocrx_word' id='word_1_356' title='bbox 1803 4185 1835 4238; x_wconf 77' lang='grc' dir='ltr'>ἃ</span> <span class='ocrx_word' id='word_1_357' title='bbox 1891 4182 1955 4251; x_wconf 72' lang='grc' dir='ltr'><strong>δὴ</strong></span> <span class='ocrx_word' id='word_1_358' title='bbox 2020 4186 2102 4240; x_wconf 67' lang='grc' dir='ltr'><strong>καὶ</strong></span> 
     </span>
    </p>
   </div>
   <div class='ocr_carea' id='block_1_47' title="bbox 461 4272 2105 4352">
    <p class='ocr_par' dir='ltr' id='par_1_47' title="bbox 461 4272 2105 4352">
     <span class='ocr_line' id='line_1_47' title="bbox 461 4272 2105 4352; baseline 0.001 -24"><span class='ocrx_word' id='word_1_359' title='bbox 461 4276 694 4352; x_wconf 74' lang='grc' dir='ltr'><strong>φυσικῶς</strong></span> <span class='ocrx_word' id='word_1_360' title='bbox 755 4295 883 4328; x_wconf 84' lang='grc' dir='ltr'><strong>ποτε</strong></span> <span class='ocrx_word' id='word_1_361' title='bbox 942 4272 1258 4345; x_wconf 82' lang='grc' dir='ltr'><strong>κενωθέντα,</strong></span> <span class='ocrx_word' id='word_1_362' title='bbox 1321 4275 1364 4329; x_wconf 83' lang='grc' dir='ltr'><strong>εί</strong></span> <span class='ocrx_word' id='word_1_363' title='bbox 1403 4276 1630 4350; x_wconf 80' lang='grc' dir='ltr'><strong>καθαρὸς</strong></span> <span class='ocrx_word' id='word_1_364' title='bbox 1688 4275 1849 4347; x_wconf 84' lang='grc' dir='ltr'><strong>μόνον</strong></span> <span class='ocrx_word' id='word_1_365' title='bbox 1881 4273 2105 4336; x_wconf 75' lang='grc' dir='ltr'><strong>ἕκαστος</strong></span> 
     </span>
    </p>
   </div>
   <div class='ocr_carea' id='block_1_48' title="bbox 462 4361 2108 4440">
    <p class='ocr_par' dir='ltr' id='par_1_48' title="bbox 462 4361 2108 4440">
     <span class='ocr_line' id='line_1_48' title="bbox 462 4361 2108 4440; baseline 0 -22"><span class='ocrx_word' id='word_1_366' title='bbox 462 4364 604 4435; x_wconf 86' lang='grc' dir='ltr'><strong>αὐτῷ</strong></span> <span class='ocrx_word' id='word_1_367' title='bbox 661 4367 842 4440; x_wconf 83' lang='grc' dir='ltr'><strong>χρῷτο</strong></span> <span class='ocrx_word' id='word_1_368' title='bbox 899 4362 1072 4417; x_wconf 85' lang='grc' dir='ltr'><strong>σκεύει</strong></span> <span class='ocrx_word' id='word_1_369' title='bbox 1117 4361 1171 4416; x_wconf 78' lang='grc' dir='ltr'><strong>ἐν</strong></span> <span class='ocrx_word' id='word_1_370' title='bbox 1229 4369 1296 4438; x_wconf 82' lang='grc' dir='ltr'><strong>τῇ</strong></span> <span class='ocrx_word' id='word_1_371' title='bbox 1339 4364 1527 4437; x_wconf 71' lang='grc' dir='ltr'><strong>μνὴμῃ</strong></span> <span class='ocrx_word' id='word_1_372' title='bbox 1581 4370 1673 4418; x_wconf 80' lang='grc' dir='ltr'><strong>τοῦ</strong></span> <span class='ocrx_word' id='word_1_373' title='bbox 1717 4363 2002 4439; x_wconf 70' lang='grc' dir='ltr'><strong>μάρτυρος,</strong></span> <span class='ocrx_word' id='word_1_374' title='bbox 2065 4363 2108 4418; x_wconf 81' lang='grc' dir='ltr'><strong>ὢ</strong></span> 
     </span>
    </p>
   </div>
   <div class='ocr_carea' id='block_1_49' title="bbox 463 4449 2102 4531">
    <p class='ocr_par' dir='ltr' id='par_1_49' title="bbox 463 4449 2102 4531">
     <span class='ocr_line' id='line_1_49' title="bbox 463 4449 2102 4531; baseline 0 -25"><span class='ocrx_word' id='word_1_375' title='bbox 463 4461 558 4509; x_wconf 81' lang='grc' dir='ltr'><strong>τοῦ</strong></span> <span class='ocrx_word' id='word_1_376' title='bbox 598 4449 910 4522; x_wconf 74' lang='grc' dir='ltr'><strong>θαύματοςε</strong></span> <span class='ocrx_word' id='word_1_377' title='bbox 958 4451 1120 4527; x_wconf 83' lang='grc' dir='ltr'><strong>μύρου</strong></span> <span class='ocrx_word' id='word_1_378' title='bbox 1200 4456 1386 4514; x_wconf 81' lang='grc' dir='ltr'><strong>σκεῦος</strong></span> <span class='ocrx_word' id='word_1_379' title='bbox 1443 4449 1670 4505; x_wconf 76' lang='grc' dir='ltr'><strong>ἕκαστον</strong></span> <span class='ocrx_word' id='word_1_380' title='bbox 1729 4453 1871 4516; x_wconf 82' lang='grc' dir='ltr'><strong>εὐθὺς</strong></span> <span class='ocrx_word' id='word_1_381' title='bbox 1925 4451 2102 4531; x_wconf 83' lang='grc' dir='ltr'><strong>γέμει,</strong></span> 
     </span>
    </p>
   </div>
   <div class='ocr_carea' id='block_1_50' title="bbox 1269 1776 2164 1859">
    <p class='ocr_par' dir='ltr' id='par_1_50' title="bbox 1269 1776 2164 1859">
     <span class='ocr_line' id='line_1_50' title="bbox 1269 1776 2164 1859; baseline -0.008 -25"><span class='ocrx_word' id='word_1_382' title='bbox 1269 1780 1340 1840; x_wconf 84' lang='grc' dir='ltr'><strong>ὡς</strong></span> <span class='ocrx_word' id='word_1_383' title='bbox 1401 1782 1691 1855; x_wconf 78' lang='grc' dir='ltr'><strong>προσῆκεν,</strong></span> <span class='ocrx_word' id='word_1_384' title='bbox 1757 1776 2164 1859; x_wconf 74' lang='grc' dir='ltr'><strong>ἦγωνισμίνῳΒ</strong></span> 
     </span>
    </p>
   </div>
   <div class='ocr_carea' id='block_1_51' title="bbox 2198 528 3778 611">
    <p class='ocr_par' dir='ltr' id='par_1_51' title="bbox 2198 528 3778 611">
     <span class='ocr_line' id='line_1_51' title="bbox 2198 528 3778 611; baseline 0.004 -27"><span class='ocrx_word' id='word_1_385' title='bbox 2198 528 2361 584; x_wconf 79' lang='grc' dir='ltr'><strong>πάλαι</strong></span> <span class='ocrx_word' id='word_1_386' title='bbox 2418 530 2508 584; x_wconf 81' lang='grc' dir='ltr'><strong>τόν</strong></span> <span class='ocrx_word' id='word_1_387' title='bbox 2566 535 2776 607; x_wconf 83' lang='grc' dir='ltr'><strong>πρῶτον</strong></span> <span class='ocrx_word' id='word_1_388' title='bbox 2832 534 2880 587; x_wconf 73' lang='grc' dir='ltr'><strong>οἳ</strong></span> <span class='ocrx_word' id='word_1_389' title='bbox 2938 531 3184 608; x_wconf 89' lang='grc' dir='ltr'><strong>δαίμονες</strong></span> <span class='ocrx_word' id='word_1_390' title='bbox 3241 532 3510 611; x_wconf 61' lang='grc' dir='ltr'><strong>ἀιῶρωπον</strong></span> <span class='ocrx_word' id='word_1_391' title='bbox 3541 553 3558 571; x_wconf 88' lang='grc'><strong>·</strong></span> <span class='ocrx_word' id='word_1_392' title='bbox 3589 537 3673 595; x_wconf 75' lang='grc' dir='ltr'><strong>οὐκ</strong></span> <span class='ocrx_word' id='word_1_393' title='bbox 3716 545 3778 596; x_wconf 76' lang='grc' dir='ltr'><strong>οὖν</strong></span> 
     </span>
    </p>
   </div>
   <div class='ocr_carea' id='block_1_52' title="bbox 2195 619 3779 697">
    <p class='ocr_par' dir='ltr' id='par_1_52' title="bbox 2195 619 3779 697">
     <span class='ocr_line' id='line_1_52' title="bbox 2195 619 3779 697; baseline 0.004 -23"><span class='ocrx_word' id='word_1_394' title='bbox 2195 620 2397 694; x_wconf 84' lang='grc' dir='ltr'><strong>σιγάτω</strong></span> <span class='ocrx_word' id='word_1_395' title='bbox 2458 619 2554 674; x_wconf 74' lang='grc' dir='ltr'><strong>κᾶν</strong></span> <span class='ocrx_word' id='word_1_396' title='bbox 2611 625 2800 682; x_wconf 74' lang='grc' dir='ltr'><strong>ὁποῖος</strong></span> <span class='ocrx_word' id='word_1_397' title='bbox 2859 620 2921 676; x_wconf 75' lang='grc' dir='ltr'><strong>ἂν</strong></span> <span class='ocrx_word' id='word_1_398' title='bbox 3103 620 3271 679; x_wconf 79' lang='grc' dir='ltr'><strong>Ἀλλὰ</strong></span> <span class='ocrx_word' id='word_1_399' title='bbox 3345 629 3505 680; x_wconf 80' lang='grc' dir='ltr'><strong>ταῦτα</strong></span> <span class='ocrx_word' id='word_1_400' title='bbox 3563 623 3650 696; x_wconf 72' lang='grc' dir='ltr'><strong>μὲν</strong></span> <span class='ocrx_word' id='word_1_401' title='bbox 3693 633 3779 696; x_wconf 64' lang='grc' dir='ltr'><strong>περὶ</strong></span> 
     </span>
    </p>
   </div>
   <div class='ocr_carea' id='block_1_53' title="bbox 2194 708 3779 791">
    <p class='ocr_par' dir='ltr' id='par_1_53' title="bbox 2194 708 3779 791">
     <span class='ocr_line' id='line_1_53' title="bbox 2194 708 3779 791; baseline 0.004 -27"><span class='ocrx_word' id='word_1_402' title='bbox 2194 708 2393 764; x_wconf 88' lang='grc' dir='ltr'><strong>τούτων</strong></span> <span class='ocrx_word' id='word_1_403' title='bbox 2445 709 2582 783; x_wconf 68' lang='grc' dir='ltr'><strong>ἡμῖν</strong></span> <span class='ocrx_word' id='word_1_404' title='bbox 2635 709 2812 788; x_wconf 78' lang='grc' dir='ltr'><strong>ἀρκεῖ,</strong></span> <span class='ocrx_word' id='word_1_405' title='bbox 2873 713 2989 768; x_wconf 69' lang='grc' dir='ltr'><strong>ἐπεὶ</strong></span> <span class='ocrx_word' id='word_1_406' title='bbox 3047 709 3224 789; x_wconf 85' lang='grc' dir='ltr'><strong>λέγειν</strong></span> <span class='ocrx_word' id='word_1_407' title='bbox 3271 713 3344 774; x_wconf 82' lang='grc' dir='ltr'><strong>είς</strong></span> <span class='ocrx_word' id='word_1_408' title='bbox 3387 709 3578 777; x_wconf 63' lang='grc' dir='ltr'><strong>πλάτος</strong></span> <span class='ocrx_word' id='word_1_409' title='bbox 3607 716 3779 791; x_wconf 77' lang='grc' dir='ltr'><strong>αὐτᾶγι</strong></span> 
     </span>
    </p>
   </div>
   <div class='ocr_carea' id='block_1_54' title="bbox 2193 794 3312 877">
    <p class='ocr_par' dir='ltr' id='par_1_54' title="bbox 2193 794 3312 877">
     <span class='ocr_line' id='line_1_54' title="bbox 2193 794 3312 877; baseline 0.004 -26"><span class='ocrx_word' id='word_1_410' title='bbox 2193 794 2536 872; x_wconf 85' lang='grc' dir='ltr'><strong>βουλομένοις</strong></span> <span class='ocrx_word' id='word_1_411' title='bbox 2567 799 2594 853; x_wconf 84' lang='grc' dir='ltr'>ὁ</span> <span class='ocrx_word' id='word_1_412' title='bbox 2623 797 2736 872; x_wconf 82' lang='grc' dir='ltr'><strong>βίος</strong></span> <span class='ocrx_word' id='word_1_413' title='bbox 2767 797 2863 856; x_wconf 77' lang='grc' dir='ltr'><strong>οὐκ</strong></span> <span class='ocrx_word' id='word_1_414' title='bbox 2893 799 3108 877; x_wconf 76' lang='grc' dir='ltr'><strong>ἀρκετὸς</strong></span> <span class='ocrx_word' id='word_1_415' title='bbox 3142 799 3312 862; x_wconf 79' lang='grc' dir='ltr'><strong>ἔσται,</strong></span> 
     </span>
    </p>
   </div>
   <div class='ocr_carea' id='block_1_55' title="bbox 2269 885 3783 967">
    <p class='ocr_par' dir='ltr' id='par_1_55' title="bbox 2269 885 3783 967">
     <span class='ocr_line' id='line_1_55' title="bbox 2269 885 3783 967; baseline 0.001 -21"><span class='ocrx_word' id='word_1_416' title='bbox 2269 885 2373 946; x_wconf 77' lang='grc'><strong>44.</strong></span> <span class='ocrx_word' id='word_1_417' title='bbox 2423 887 2631 964; x_wconf 78' lang='grc' dir='ltr'><strong>Βραχὺς</strong></span> <span class='ocrx_word' id='word_1_418' title='bbox 2672 888 2771 963; x_wconf 81' lang='grc' dir='ltr'><strong>γὰρ</strong></span> <span class='ocrx_word' id='word_1_419' title='bbox 2799 887 2940 951; x_wconf 80' lang='grc' dir='ltr'><strong>ἅπας</strong></span> <span class='ocrx_word' id='word_1_420' title='bbox 2972 889 3058 945; x_wconf 71' lang='grc' dir='ltr'><strong>ἐπὶ</strong></span> <span class='ocrx_word' id='word_1_421' title='bbox 3098 902 3216 953; x_wconf 77' lang='grc' dir='ltr'><strong>τοῖς</strong></span> <span class='ocrx_word' id='word_1_422' title='bbox 3246 891 3506 967; x_wconf 78' lang='grc' dir='ltr'><strong>μάρτυρος</strong></span> <span class='ocrx_word' id='word_1_423' title='bbox 3549 893 3783 963; x_wconf 65' lang='grc' dir='ltr'><strong>θαύμασιν</strong></span> 
     </span>
    </p>
   </div>
   <div class='ocr_carea' id='block_1_56' title="bbox 2193 971 3784 1056">
    <p class='ocr_par' dir='ltr' id='par_1_56' title="bbox 2193 971 3784 1056">
     <span class='ocr_line' id='line_1_56' title="bbox 2193 971 3784 1056; baseline 0.004 -27"><span class='ocrx_word' id='word_1_424' title='bbox 2193 971 2398 1052; x_wconf 83' lang='grc' dir='ltr'><strong>διόπερ,</strong></span> <span class='ocrx_word' id='word_1_425' title='bbox 2455 977 2500 1030; x_wconf 85' lang='grc' dir='ltr'>ὦ</span> <span class='ocrx_word' id='word_1_426' title='bbox 2554 977 2820 1050; x_wconf 79' lang='grc' dir='ltr'><strong>θαυμαστὲ</strong></span> <span class='ocrx_word' id='word_1_427' title='bbox 2868 978 2952 1032; x_wconf 72' lang='grc' dir='ltr'><strong>καὶ</strong></span> <span class='ocrx_word' id='word_1_428' title='bbox 2993 976 3123 1034; x_wconf 81' lang='grc' dir='ltr'><strong>καλὲ</strong></span> <span class='ocrx_word' id='word_1_429' title='bbox 3190 977 3460 1056; x_wconf 73' lang='grc' dir='ltr'><strong>Δημήτριέ</strong></span> <span class='ocrx_word' id='word_1_430' title='bbox 3495 1029 3510 1052; x_wconf 95' lang='grc'><strong>,</strong></span> <span class='ocrx_word' id='word_1_431' title='bbox 3577 983 3784 1053; x_wconf 67' lang='grc' dir='ltr'><strong>θαυμάσιε</strong></span> 
     </span>
    </p>
   </div>
   <div class='ocr_carea' id='block_1_57' title="bbox 2195 1065 3787 1145">
    <p class='ocr_par' dir='ltr' id='par_1_57' title="bbox 2195 1065 3787 1145">
     <span class='ocr_line' id='line_1_57' title="bbox 2195 1065 3787 1145; baseline 0.001 -25"><span class='ocrx_word' id='word_1_432' title='bbox 2195 1085 2491 1139; x_wconf 87' lang='grc' dir='ltr'><strong>στρατιωτα</strong></span> <span class='ocrx_word' id='word_1_433' title='bbox 2566 1070 2836 1142; x_wconf 79' lang='grc' dir='ltr'><strong>Χριστοῦ,</strong></span> <span class='ocrx_word' id='word_1_434' title='bbox 2913 1067 2974 1121; x_wconf 85' lang='grc' dir='ltr'><strong>σὺ</strong></span> <span class='ocrx_word' id='word_1_435' title='bbox 3048 1065 3309 1128; x_wconf 77' lang='grc' dir='ltr'><strong>πολλάκις</strong></span> <span class='ocrx_word' id='word_1_436' title='bbox 3403 1069 3496 1134; x_wconf 79' lang='grc' dir='ltr'><strong>τὴν</strong></span> <span class='ocrx_word' id='word_1_437' title='bbox 3571 1071 3787 1145; x_wconf 70' lang='grc' dir='ltr'><strong>παροῦσιν</strong></span> 
     </span>
    </p>
   </div>
   <div class='ocr_carea' id='block_1_58' title="bbox 2192 1152 3791 1235">
    <p class='ocr_par' dir='ltr' id='par_1_58' title="bbox 2192 1152 3791 1235">
     <span class='ocr_line' id='line_1_58' title="bbox 2192 1152 3791 1235; baseline 0.003 -27"><span class='ocrx_word' id='word_1_438' title='bbox 2192 1153 2347 1208; x_wconf 73' lang='grc' dir='ltr'><strong>πόλιν</strong></span> <span class='ocrx_word' id='word_1_439' title='bbox 2405 1152 2464 1208; x_wconf 75' lang='grc' dir='ltr'><strong>ἐκ</strong></span> <span class='ocrx_word' id='word_1_440' title='bbox 2538 1155 2642 1208; x_wconf 85' lang='grc' dir='ltr'><strong>τῶν</strong></span> <span class='ocrx_word' id='word_1_441' title='bbox 2704 1159 2902 1233; x_wconf 77' lang='grc' dir='ltr'><strong>χειρῶν</strong></span> <span class='ocrx_word' id='word_1_442' title='bbox 2962 1153 3154 1231; x_wconf 79' lang='grc' dir='ltr'><strong>ἑῤῥύσω</strong></span> <span class='ocrx_word' id='word_1_443' title='bbox 3213 1156 3317 1211; x_wconf 86' lang='grc' dir='ltr'><strong>τῶν</strong></span> <span class='ocrx_word' id='word_1_444' title='bbox 3377 1156 3678 1235; x_wconf 69' lang='grc' dir='ltr'><strong>ἀλλοφύλων</strong></span> <span class='ocrx_word' id='word_1_445' title='bbox 3729 1165 3791 1214; x_wconf 70' lang='grc' dir='ltr'><strong>καὶ</strong></span> 
     </span>
    </p>
   </div>
   <div class='ocr_carea' id='block_1_59' title="bbox 2192 1241 3789 1321">
    <p class='ocr_par' dir='ltr' id='par_1_59' title="bbox 2192 1241 3789 1321">
     <span class='ocr_line' id='line_1_59' title="bbox 2192 1241 3789 1321; baseline 0.005 -26"><span class='ocrx_word' id='word_1_446' title='bbox 2192 1241 2477 1311; x_wconf 86' lang='grc' dir='ltr'><strong>παντοίων,</strong></span> <span class='ocrx_word' id='word_1_447' title='bbox 2534 1241 2717 1318; x_wconf 67' lang='grc' dir='ltr'><strong>εγένου</strong></span> <span class='ocrx_word' id='word_1_448' title='bbox 2775 1247 2880 1297; x_wconf 86' lang='grc' dir='ltr'><strong>τῶν</strong></span> <span class='ocrx_word' id='word_1_449' title='bbox 2953 1244 3272 1316; x_wconf 79' lang='grc' dir='ltr'><strong>νοσημάτων</strong></span> <span class='ocrx_word' id='word_1_450' title='bbox 3356 1246 3534 1321; x_wconf 74' lang='grc' dir='ltr'><strong>ἰατρὸς</strong></span> <span class='ocrx_word' id='word_1_451' title='bbox 3593 1245 3789 1319; x_wconf 75' lang='grc' dir='ltr'><strong>ἄριστος,</strong></span> 
     </span>
    </p>
   </div>
   <div class='ocr_carea' id='block_1_60' title="bbox 2191 1329 3794 1408">
    <p class='ocr_par' dir='ltr' id='par_1_60' title="bbox 2191 1329 3794 1408">
     <span class='ocr_line' id='line_1_60' title="bbox 2191 1329 3794 1408; baseline 0.003 -24"><span class='ocrx_word' id='word_1_452' title='bbox 2191 1330 2277 1384; x_wconf 82' lang='grc' dir='ltr'><strong>καὶ</strong></span> <span class='ocrx_word' id='word_1_453' title='bbox 2319 1331 2380 1384; x_wconf 86' lang='grc' dir='ltr'><strong>τὸ</strong></span> <span class='ocrx_word' id='word_1_454' title='bbox 2429 1329 2578 1406; x_wconf 83' lang='grc' dir='ltr'><strong>γένος</strong></span> <span class='ocrx_word' id='word_1_455' title='bbox 2621 1332 2774 1403; x_wconf 49' lang='lat' dir='ltr'><strong>mihi</strong></span> <span class='ocrx_word' id='word_1_456' title='bbox 2817 1329 3055 1398; x_wconf 79' lang='grc' dir='ltr'><strong>ἠλέησας</strong></span> <span class='ocrx_word' id='word_1_457' title='bbox 3093 1349 3105 1361; x_wconf 87' lang='grc'><em>’</em></span> <span class='ocrx_word' id='word_1_458' title='bbox 3169 1331 3248 1388; x_wconf 86' lang='grc' dir='ltr'><strong>διὸ</strong></span> <span class='ocrx_word' id='word_1_459' title='bbox 3315 1341 3406 1390; x_wconf 90' lang='lat'><strong>006</strong></span> <span class='ocrx_word' id='word_1_460' title='bbox 3469 1333 3680 1408; x_wconf 79' lang='grc' dir='ltr'><strong>δεόμεθα</strong></span> <span class='ocrx_word' id='word_1_461' title='bbox 3739 1336 3794 1389; x_wconf 78' lang='grc' dir='ltr'><strong>ἔτι</strong></span> 
     </span>
    </p>
   </div>
   <div class='ocr_carea' id='block_1_61' title="bbox 2191 1417 3793 1497">
    <p class='ocr_par' dir='ltr' id='par_1_61' title="bbox 2191 1417 3793 1497">
     <span class='ocr_line' id='line_1_61' title="bbox 2191 1417 3793 1497; baseline 0.005 -27"><span class='ocrx_word' id='word_1_462' title='bbox 2191 1419 2276 1472; x_wconf 82' lang='grc' dir='ltr'><strong>καὶ</strong></span> <span class='ocrx_word' id='word_1_463' title='bbox 2334 1424 2444 1496; x_wconf 85' lang='grc' dir='ltr'><strong>νῦν,</strong></span> <span class='ocrx_word' id='word_1_464' title='bbox 2529 1417 2827 1486; x_wconf 71' lang='grc' dir='ltr'><strong>ἀναστησον</strong></span> <span class='ocrx_word' id='word_1_465' title='bbox 2898 1422 3025 1476; x_wconf 90' lang='grc' dir='ltr'><strong>αὐτὸ</strong></span> <span class='ocrx_word' id='word_1_466' title='bbox 3110 1423 3351 1493; x_wconf 88' lang='grc' dir='ltr'><strong>κείμενον</strong></span> <span class='ocrx_word' id='word_1_467' title='bbox 3435 1425 3519 1478; x_wconf 75' lang='grc' dir='ltr'><strong>καὶ</strong></span> <span class='ocrx_word' id='word_1_468' title='bbox 3588 1426 3793 1497; x_wconf 78' lang='grc' dir='ltr'><strong>βοηθείας</strong></span> 
     </span>
    </p>
   </div>
   <div class='ocr_carea' id='block_1_62' title="bbox 2192 1503 3791 1586">
    <p class='ocr_par' dir='ltr' id='par_1_62' title="bbox 2192 1503 3791 1586">
     <span class='ocr_line' id='line_1_62' title="bbox 2192 1503 3791 1586; baseline 0.004 -25"><span class='ocrx_word' id='word_1_469' title='bbox 2192 1503 2440 1580; x_wconf 84' lang='grc' dir='ltr'><strong>δεόμενον</strong></span> <span class='ocrx_word' id='word_1_470' title='bbox 2475 1553 2490 1580; x_wconf 94' lang='grc'><strong>,</strong></span> <span class='ocrx_word' id='word_1_471' title='bbox 2553 1507 2901 1585; x_wconf 77' lang='grc' dir='ltr'><strong>έλευθέρωσον</strong></span> <span class='ocrx_word' id='word_1_472' title='bbox 2987 1511 3072 1565; x_wconf 85' lang='grc' dir='ltr'><strong>καὶ</strong></span> <span class='ocrx_word' id='word_1_473' title='bbox 3156 1513 3420 1586; x_wconf 74' lang='grc' dir='ltr'><strong>βοήθησον</strong></span> <span class='ocrx_word' id='word_1_474' title='bbox 3509 1515 3791 1582; x_wconf 72' lang='grc' dir='ltr'><strong>ἀσθενοῦντι,</strong></span> 
     </span>
    </p>
   </div>
   <div class='ocr_carea' id='block_1_63' title="bbox 2191 1597 3792 1679">
    <p class='ocr_par' dir='ltr' id='par_1_63' title="bbox 2191 1597 3792 1679">
     <span class='ocr_line' id='line_1_63' title="bbox 2191 1597 3792 1679; baseline 0.004 -28"><span class='ocrx_word' id='word_1_475' title='bbox 2191 1597 2584 1674; x_wconf 80' lang='grc' dir='ltr'><strong>χειμαζόμενον</strong></span> <span class='ocrx_word' id='word_1_476' title='bbox 2644 1600 2698 1652; x_wconf 68' lang='grc' dir='ltr'><strong>ἓν</strong></span> <span class='ocrx_word' id='word_1_477' title='bbox 2769 1599 3057 1672; x_wconf 80' lang='grc' dir='ltr'><strong>ἀκυμᾶντῳ</strong></span> <span class='ocrx_word' id='word_1_478' title='bbox 3111 1599 3286 1673; x_wconf 85' lang='grc' dir='ltr'><strong>λιμένι</strong></span> <span class='ocrx_word' id='word_1_479' title='bbox 3339 1603 3560 1673; x_wconf 72' lang='grc' dir='ltr'><strong>στῆσον,</strong></span> <span class='ocrx_word' id='word_1_480' title='bbox 3620 1607 3792 1679; x_wconf 74' lang='grc' dir='ltr'><strong>πηγνύ-</strong></span> 
     </span>
    </p>
   </div>
   <div class='ocr_carea' id='block_1_64' title="bbox 2189 1684 3796 1767">
    <p class='ocr_par' dir='ltr' id='par_1_64' title="bbox 2189 1684 3796 1767">
     <span class='ocr_line' id='line_1_64' title="bbox 2189 1684 3796 1767; baseline 0.004 -28"><span class='ocrx_word' id='word_1_481' title='bbox 2189 1706 2348 1758; x_wconf 89' lang='grc' dir='ltr'><strong>μενον</strong></span> <span class='ocrx_word' id='word_1_482' title='bbox 2417 1684 2490 1740; x_wconf 82' lang='grc' dir='ltr'><strong>’έτι</strong></span> <span class='ocrx_word' id='word_1_483' title='bbox 2565 1688 2684 1763; x_wconf 79' lang='grc' dir='ltr'><strong>πυρὶ</strong></span> <span class='ocrx_word' id='word_1_484' title='bbox 2747 1685 3021 1763; x_wconf 71' lang='grc' dir='ltr'><strong>βαρϐάρων</strong></span> <span class='ocrx_word' id='word_1_485' title='bbox 3081 1686 3362 1767; x_wconf 77' lang='grc' dir='ltr'><strong>διάλυσον,</strong></span> <span class='ocrx_word' id='word_1_486' title='bbox 3425 1692 3665 1762; x_wconf 74' lang='grc' dir='ltr'><strong>εὐκρασίᾳ</strong></span> <span class='ocrx_word' id='word_1_487' title='bbox 3726 1715 3796 1746; x_wconf 80' lang='grc' dir='ltr'><strong>σω</strong></span> 
     </span>
    </p>
   </div>
   <div class='ocr_carea' id='block_1_65' title="bbox 2189 1775 3797 1856">
    <p class='ocr_par' dir='ltr' id='par_1_65' title="bbox 2189 1775 3797 1856">
     <span class='ocr_line' id='line_1_65' title="bbox 2189 1775 3797 1856; baseline 0.005 -29"><span class='ocrx_word' id='word_1_488' title='bbox 2189 1775 2282 1829; x_wconf 82' lang='grc' dir='ltr'>καί</span> <span class='ocrx_word' id='word_1_489' title='bbox 2345 1776 2522 1846; x_wconf 86' lang='grc' dir='ltr'><strong>θυμῶν</strong></span> <span class='ocrx_word' id='word_1_490' title='bbox 2607 1778 2888 1848; x_wconf 89' lang='grc' dir='ltr'><strong>καιόμενον</strong></span> <span class='ocrx_word' id='word_1_491' title='bbox 2977 1779 3147 1834; x_wconf 85' lang='grc' dir='ltr'><strong>αὐτῶν</strong></span> <span class='ocrx_word' id='word_1_492' title='bbox 3240 1781 3407 1856; x_wconf 80' lang='grc' dir='ltr'><strong>θερμῇ</strong></span> <span class='ocrx_word' id='word_1_493' title='bbox 3486 1801 3580 1834; x_wconf 65' lang='grc' dir='ltr'><strong>σου</strong></span> <span class='ocrx_word' id='word_1_494' title='bbox 3662 1778 3797 1854; x_wconf 72' lang='grc' dir='ltr'><strong>δρόσῳ</strong></span> 
     </span>
    </p>
   </div>
   <div class='ocr_carea' id='block_1_66' title="bbox 2184 1863 3796 1947">
    <p class='ocr_par' dir='ltr' id='par_1_66' title="bbox 2184 1863 3796 1947">
     <span class='ocr_line' id='line_1_66' title="bbox 2184 1863 3796 1947; baseline 0.004 -31"><span class='ocrx_word' id='word_1_495' title='bbox 2184 1863 2528 1939; x_wconf 73' lang='grc' dir='ltr'><strong>θεράπευσον,</strong></span> <span class='ocrx_word' id='word_1_496' title='bbox 2578 1865 2665 1920; x_wconf 86' lang='grc' dir='ltr'><strong>καὶ</strong></span> <span class='ocrx_word' id='word_1_497' title='bbox 2709 1866 2880 1920; x_wconf 79' lang='grc' dir='ltr'><strong>παντὰ</strong></span> <span class='ocrx_word' id='word_1_498' title='bbox 2924 1869 3148 1931; x_wconf 81' lang='grc' dir='ltr'><strong>ποίησον</strong></span> <span class='ocrx_word' id='word_1_499' title='bbox 3211 1867 3262 1921; x_wconf 80' lang='grc' dir='ltr'><strong>ἐν</strong></span> <span class='ocrx_word' id='word_1_500' title='bbox 3335 1870 3586 1944; x_wconf 72' lang='grc' dir='ltr'><strong>θεραπείᾳ</strong></span> <span class='ocrx_word' id='word_1_501' title='bbox 3641 1874 3796 1947; x_wconf 67' lang='grc' dir='ltr'><strong>ψυχῶν</strong></span> 
     </span>
    </p>
   </div>
   <div class='ocr_carea' id='block_1_67' title="bbox 2184 1950 3798 2034">
    <p class='ocr_par' dir='ltr' id='par_1_67' title="bbox 2184 1950 3798 2034">
     <span class='ocr_line' id='line_1_67' title="bbox 2184 1950 3798 2034; baseline 0.002 -28"><span class='ocrx_word' id='word_1_502' title='bbox 2184 1950 2294 2024; x_wconf 74' lang='grc' dir='ltr'><strong>ἅμα</strong></span> <span class='ocrx_word' id='word_1_503' title='bbox 2383 1954 2472 2008; x_wconf 86' lang='grc' dir='ltr'><strong>καὶ</strong></span> <span class='ocrx_word' id='word_1_504' title='bbox 2557 1954 2818 2027; x_wconf 84' lang='grc' dir='ltr'><strong>σωμάτως</strong></span> <span class='ocrx_word' id='word_1_505' title='bbox 2909 1952 3206 2020; x_wconf 77' lang='grc' dir='ltr'><strong>πρεσϐείαις</strong></span> <span class='ocrx_word' id='word_1_506' title='bbox 3290 1961 3386 2020; x_wconf 82' lang='grc' dir='ltr'><strong>τῆς</strong></span> <span class='ocrx_word' id='word_1_507' title='bbox 3460 1961 3798 2034; x_wconf 74' lang='grc' dir='ltr'><strong>παραχράντω</strong></span> 
     </span>
    </p>
   </div>
   <div class='ocr_carea' id='block_1_68' title="bbox 2189 2041 3796 2121">
    <p class='ocr_par' dir='ltr' id='par_1_68' title="bbox 2189 2041 3796 2121">
     <span class='ocr_line' id='line_1_68' title="bbox 2189 2041 3796 2121; baseline 0.003 -26"><span class='ocrx_word' id='word_1_508' title='bbox 2189 2044 2399 2118; x_wconf 82' lang='grc' dir='ltr'><strong>Μητρὸς</strong></span> <span class='ocrx_word' id='word_1_509' title='bbox 2455 2049 2550 2098; x_wconf 87' lang='lat'><strong>106</strong></span> <span class='ocrx_word' id='word_1_510' title='bbox 2610 2045 2802 2118; x_wconf 77' lang='grc' dir='ltr'><strong>κυρίου</strong></span> <span class='ocrx_word' id='word_1_511' title='bbox 2848 2045 3004 2116; x_wconf 82' lang='grc' dir='ltr'><strong>ἡμῶν</strong></span> <span class='ocrx_word' id='word_1_512' title='bbox 3065 2041 3240 2109; x_wconf 85' lang='grc' dir='ltr'><strong>Ἰησοῦ</strong></span> <span class='ocrx_word' id='word_1_513' title='bbox 3299 2046 3549 2120; x_wconf 72' lang='grc' dir='ltr'><strong>Χριστοῧ,</strong></span> <span class='ocrx_word' id='word_1_514' title='bbox 3600 2049 3642 2117; x_wconf 87' lang='grc' dir='ltr'>ᾧ</span> <span class='ocrx_word' id='word_1_515' title='bbox 3693 2047 3796 2121; x_wconf 80' lang='grc' dir='ltr'><strong>πρέ-</strong></span> 
     </span>
    </p>
   </div>
   <div class='ocr_carea' id='block_1_69' title="bbox 2185 2129 3798 2208">
    <p class='ocr_par' dir='ltr' id='par_1_69' title="bbox 2185 2129 3798 2208">
     <span class='ocr_line' id='line_1_69' title="bbox 2185 2129 3798 2208; baseline 0.001 -22"><span class='ocrx_word' id='word_1_516' title='bbox 2185 2152 2277 2186; x_wconf 89' lang='grc' dir='ltr'><strong>πει</strong></span> <span class='ocrx_word' id='word_1_517' title='bbox 2324 2129 2468 2203; x_wconf 80' lang='grc' dir='ltr'><strong>δόξα,</strong></span> <span class='ocrx_word' id='word_1_518' title='bbox 2514 2132 2726 2208; x_wconf 73' lang='grc' dir='ltr'><strong>κράτος,</strong></span> <span class='ocrx_word' id='word_1_519' title='bbox 2804 2133 2934 2206; x_wconf 79' lang='grc' dir='ltr'><strong>τιμὴ</strong></span> <span class='ocrx_word' id='word_1_520' title='bbox 3003 2136 3089 2188; x_wconf 84' lang='grc' dir='ltr'><strong>καὶ</strong></span> <span class='ocrx_word' id='word_1_521' title='bbox 3159 2135 3513 2206; x_wconf 74' lang='grc' dir='ltr'><strong>προσκύνησις</strong></span> <span class='ocrx_word' id='word_1_522' title='bbox 3575 2139 3644 2194; x_wconf 76' lang='grc' dir='ltr'><strong>εἷς</strong></span> <span class='ocrx_word' id='word_1_523' title='bbox 3707 2139 3798 2196; x_wconf 63' lang='grc' dir='ltr'><strong>τοὺς</strong></span> 
     </span>
    </p>
   </div>
   <div class='ocr_carea' id='block_1_70' title="bbox 2184 2219 3798 2304">
    <p class='ocr_par' dir='ltr' id='par_1_70' title="bbox 2184 2219 3798 2304">
     <span class='ocr_line' id='line_1_70' title="bbox 2184 2219 3798 2304; baseline 0.006 -31"><span class='ocrx_word' id='word_1_524' title='bbox 2184 2221 2375 2282; x_wconf 78' lang='grc' dir='ltr'><strong>αἰῶνας</strong></span> <span class='ocrx_word' id='word_1_525' title='bbox 2432 2221 2536 2276; x_wconf 77' lang='grc' dir='ltr'><strong>τῶν</strong></span> <span class='ocrx_word' id='word_1_526' title='bbox 2596 2221 2821 2280; x_wconf 73' lang='grc' dir='ltr'><strong>αἰώνων.</strong></span> <span class='ocrx_word' id='word_1_527' title='bbox 2883 2221 3080 2294; x_wconf 71' lang='grc' dir='ltr'><strong>Ἀμήν.</strong></span> <span class='ocrx_word' id='word_1_528' title='bbox 3124 2243 3146 2276; x_wconf 85' lang='grc' dir='ltr'><strong>ε</strong></span> <span class='ocrx_word' id='word_1_529' title='bbox 3186 2219 3338 2293; x_wconf 85' lang='lat' dir='ltr'><strong>Quid</strong></span> <span class='ocrx_word' id='word_1_530' title='bbox 3393 2223 3544 2284; x_wconf 90' lang='lat' dir='ltr'><strong>illud</strong></span> <span class='ocrx_word' id='word_1_531' title='bbox 3604 2223 3798 2304; x_wconf 78' lang='lat' dir='ltr'><strong>igitur?</strong></span> 
     </span>
    </p>
   </div>
   <div class='ocr_carea' id='block_1_71' title="bbox 2184 2307 3801 2386">
    <p class='ocr_par' dir='ltr' id='par_1_71' title="bbox 2184 2307 3801 2386">
     <span class='ocr_line' id='line_1_71' title="bbox 2184 2307 3801 2386; baseline 0.002 -16"><span class='ocrx_word' id='word_1_532' title='bbox 2184 2307 2463 2370; x_wconf 85' lang='lat' dir='ltr'><strong>Sanctum</strong></span> <span class='ocrx_word' id='word_1_533' title='bbox 2496 2307 2741 2386; x_wconf 84' lang='lat' dir='ltr'><strong>quidem</strong></span> <span class='ocrx_word' id='word_1_534' title='bbox 2775 2309 2934 2370; x_wconf 87' lang='lat' dir='ltr'><strong>illius</strong></span> <span class='ocrx_word' id='word_1_535' title='bbox 2964 2310 3175 2384; x_wconf 83' lang='lat' dir='ltr'><strong>(sancti</strong></span> <span class='ocrx_word' id='word_1_536' title='bbox 3209 2312 3498 2372; x_wconf 79' lang='lat' dir='ltr'><strong>Demetrii</strong></span> <span class='ocrx_word' id='word_1_537' title='bbox 3529 2314 3801 2374; x_wconf 76' lang='lat' dir='ltr'><strong>nimirum)</strong></span> 
     </span>
    </p>
   </div>
   <div class='ocr_carea' id='block_1_72' title="bbox 2184 2395 3797 2479">
    <p class='ocr_par' dir='ltr' id='par_1_72' title="bbox 2184 2395 3797 2479">
     <span class='ocr_line' id='line_1_72' title="bbox 2184 2395 3797 2479; baseline 0.001 -21"><span class='ocrx_word' id='word_1_538' title='bbox 2184 2395 2436 2460; x_wconf 80' lang='lat' dir='ltr'><strong>cadaver</strong></span> <span class='ocrx_word' id='word_1_539' title='bbox 2449 2395 2688 2476; x_wconf 85' lang='lat' dir='ltr'><strong>jacebat</strong></span> <span class='ocrx_word' id='word_1_540' title='bbox 2711 2399 3075 2478; x_wconf 77' lang='lat' dir='ltr'><strong>projectum;</strong></span> <span class='ocrx_word' id='word_1_541' title='bbox 3097 2399 3168 2460; x_wconf 89' lang='lat' dir='ltr'><strong>ad</strong></span> <span class='ocrx_word' id='word_1_542' title='bbox 3191 2401 3351 2479; x_wconf 90' lang='lat' dir='ltr'><strong>quod</strong></span> <span class='ocrx_word' id='word_1_543' title='bbox 3379 2419 3516 2462; x_wconf 91' lang='lat' dir='ltr'><strong>cum</strong></span> <span class='ocrx_word' id='word_1_544' title='bbox 3555 2411 3616 2462; x_wconf 89' lang='lat' dir='ltr'><strong>et</strong></span> <span class='ocrx_word' id='word_1_545' title='bbox 3644 2401 3797 2463; x_wconf 84' lang='lat' dir='ltr'><strong>Deum</strong></span> 
     </span>
    </p>
   </div>
   <div class='ocr_carea' id='block_1_73' title="bbox 2184 2487 3798 2568">
    <p class='ocr_par' dir='ltr' id='par_1_73' title="bbox 2184 2487 3798 2568">
     <span class='ocr_line' id='line_1_73' title="bbox 2184 2487 3798 2568; baseline 0.002 -22"><span class='ocrx_word' id='word_1_546' title='bbox 2184 2494 2449 2548; x_wconf 87' lang='lat' dir='ltr'><strong>amantes</strong></span> <span class='ocrx_word' id='word_1_547' title='bbox 2476 2487 2937 2568; x_wconf 88' lang='lat' dir='ltr'><strong>accessissent,e</strong></span> <span class='ocrx_word' id='word_1_548' title='bbox 2970 2487 3192 2568; x_wconf 89' lang='lat' dir='ltr'><strong>pietate</strong></span> <span class='ocrx_word' id='word_1_549' title='bbox 3224 2492 3283 2548; x_wconf 88' lang='lat' dir='ltr'><strong>in</strong></span> <span class='ocrx_word' id='word_1_550' title='bbox 3304 2488 3494 2551; x_wconf 88' lang='lat' dir='ltr'><strong>Deum</strong></span> <span class='ocrx_word' id='word_1_551' title='bbox 3531 2493 3652 2555; x_wconf 93' lang='lat' dir='ltr'><strong>Deo</strong></span> <span class='ocrx_word' id='word_1_552' title='bbox 3683 2491 3798 2551; x_wconf 84' lang='lat' dir='ltr'><strong>dile-</strong></span> 
     </span>
    </p>
   </div>
   <div class='ocr_carea' id='block_1_74' title="bbox 2186 2577 3800 2660">
    <p class='ocr_par' dir='ltr' id='par_1_74' title="bbox 2186 2577 3800 2660">
     <span class='ocr_line' id='line_1_74' title="bbox 2186 2577 3800 2660; baseline 0.001 -23"><span class='ocrx_word' id='word_1_553' title='bbox 2186 2584 2344 2637; x_wconf 92' lang='lat' dir='ltr'><strong>ctum</strong></span> <span class='ocrx_word' id='word_1_554' title='bbox 2365 2583 2538 2638; x_wconf 89' lang='lat' dir='ltr'><strong>noctu</strong></span> <span class='ocrx_word' id='word_1_555' title='bbox 2563 2577 2966 2657; x_wconf 80' lang='lat' dir='ltr'><strong>sepelierunt;</strong></span> <span class='ocrx_word' id='word_1_556' title='bbox 2992 2584 3197 2656; x_wconf 88' lang='lat' dir='ltr'><strong>postea</strong></span> <span class='ocrx_word' id='word_1_557' title='bbox 3221 2594 3363 2639; x_wconf 91' lang='lat' dir='ltr'><strong>vero</strong></span> <span class='ocrx_word' id='word_1_558' title='bbox 3405 2596 3591 2660; x_wconf 84' lang='lat' dir='ltr'><strong>supra</strong></span> <span class='ocrx_word' id='word_1_559' title='bbox 3620 2597 3800 2659; x_wconf 84' lang='lat' dir='ltr'><strong>corpus</strong></span> 
     </span>
    </p>
   </div>
   <div class='ocr_carea' id='block_1_75' title="bbox 2187 2663 3799 2748">
    <p class='ocr_par' dir='ltr' id='par_1_75' title="bbox 2187 2663 3799 2748">
     <span class='ocr_line' id='line_1_75' title="bbox 2187 2663 3799 2748; baseline 0.001 -21"><span class='ocrx_word' id='word_1_560' title='bbox 2187 2682 2370 2727; x_wconf 79' lang='lat' dir='ltr'><strong>novus</strong></span> <span class='ocrx_word' id='word_1_561' title='bbox 2396 2663 2640 2743; x_wconf 80' lang='lat' dir='ltr'><strong>quidam</strong></span> <span class='ocrx_word' id='word_1_562' title='bbox 2673 2665 2805 2727; x_wconf 83' lang='lat' dir='ltr'><strong>fons</strong></span> <span class='ocrx_word' id='word_1_563' title='bbox 2857 2665 3142 2738; x_wconf 86' lang='lat' dir='ltr'><strong>nascitur,</strong></span> <span class='ocrx_word' id='word_1_564' title='bbox 3209 2675 3581 2744; x_wconf 79' lang='lat' dir='ltr'><strong>unguentum</strong></span> <span class='ocrx_word' id='word_1_565' title='bbox 3617 2671 3672 2748; x_wconf 88' lang='lat'><strong>(0</strong></span> <span class='ocrx_word' id='word_1_566' title='bbox 3701 2687 3799 2730; x_wconf 87' lang='lat' dir='ltr'><strong>rem</strong></span> 
     </span>
    </p>
   </div>
   <div class='ocr_carea' id='block_1_76' title="bbox 2188 2754 3802 2837">
    <p class='ocr_par' dir='ltr' id='par_1_76' title="bbox 2188 2754 3802 2837">
     <span class='ocr_line' id='line_1_76' title="bbox 2188 2754 3802 2837; baseline 0.001 -23"><span class='ocrx_word' id='word_1_567' title='bbox 2188 2754 2596 2832; x_wconf 81' lang='lat' dir='ltr'><strong>mirandam!)</strong></span> <span class='ocrx_word' id='word_1_568' title='bbox 2650 2772 2819 2834; x_wconf 61' lang='lat' dir='ltr'><strong>aqua;</strong></span> <span class='ocrx_word' id='word_1_569' title='bbox 2866 2754 2995 2816; x_wconf 89' lang='lat' dir='ltr'><strong>loco</strong></span> <span class='ocrx_word' id='word_1_570' title='bbox 3050 2755 3388 2835; x_wconf 72' lang='lat' dir='ltr'><strong>effundens,</strong></span> <span class='ocrx_word' id='word_1_571' title='bbox 3440 2776 3474 2818; x_wconf 92' lang='lat' dir='ltr'><strong>e</strong></span> <span class='ocrx_word' id='word_1_572' title='bbox 3538 2777 3652 2837; x_wconf 89' lang='lat' dir='ltr'><strong>quo</strong></span> <span class='ocrx_word' id='word_1_573' title='bbox 3679 2758 3802 2818; x_wconf 82' lang='lat' dir='ltr'><strong>bene</strong></span> 
     </span>
    </p>
   </div>
   <div class='ocr_carea' id='block_1_77' title="bbox 2189 2842 3801 2925">
    <p class='ocr_par' dir='ltr' id='par_1_77' title="bbox 2189 2842 3801 2925">
     <span class='ocr_line' id='line_1_77' title="bbox 2189 2842 3801 2925; baseline 0.001 -20"><span class='ocrx_word' id='word_1_574' title='bbox 2189 2842 2412 2905; x_wconf 84' lang='lat' dir='ltr'><strong>olentia</strong></span> <span class='ocrx_word' id='word_1_575' title='bbox 2469 2844 2692 2904; x_wconf 90' lang='lat' dir='ltr'><strong>ﬂuenta</strong></span> <span class='ocrx_word' id='word_1_576' title='bbox 2750 2844 2994 2924; x_wconf 84' lang='lat' dir='ltr'><strong>vehens,</strong></span> <span class='ocrx_word' id='word_1_577' title='bbox 3055 2845 3158 2925; x_wconf 85' lang='lat' dir='ltr'><strong>qui</strong></span> <span class='ocrx_word' id='word_1_578' title='bbox 3209 2853 3414 2922; x_wconf 88' lang='lat' dir='ltr'><strong>stagna</strong></span> <span class='ocrx_word' id='word_1_579' title='bbox 3462 2848 3618 2907; x_wconf 90' lang='lat' dir='ltr'><strong>bono</strong></span> <span class='ocrx_word' id='word_1_580' title='bbox 3649 2846 3801 2907; x_wconf 83' lang='lat' dir='ltr'><strong>odore</strong></span> 
     </span>
    </p>
   </div>
   <div class='ocr_carea' id='block_1_78' title="bbox 2191 2931 3801 3012">
    <p class='ocr_par' dir='ltr' id='par_1_78' title="bbox 2191 2931 3801 3012">
     <span class='ocr_line' id='line_1_78' title="bbox 2191 2931 3801 3012; baseline 0.001 -19"><span class='ocrx_word' id='word_1_581' title='bbox 2191 2933 2366 3012; x_wconf 89' lang='lat' dir='ltr'><strong>plena</strong></span> <span class='ocrx_word' id='word_1_582' title='bbox 2393 2933 2818 3012; x_wconf 79' lang='lat' dir='ltr'><strong>gignit,ﬂuvius</strong></span> <span class='ocrx_word' id='word_1_583' title='bbox 2838 2942 3166 3012; x_wconf 89' lang='lat' dir='ltr'><strong>promanat.</strong></span> <span class='ocrx_word' id='word_1_584' title='bbox 3200 2931 3354 2995; x_wconf 83' lang='lat' dir='ltr'><strong>Hinc</strong></span> <span class='ocrx_word' id='word_1_585' title='bbox 3378 2953 3638 2996; x_wconf 84' lang='lat' dir='ltr'><strong>oceanus</strong></span> <span class='ocrx_word' id='word_1_586' title='bbox 3660 2936 3801 3011; x_wconf 86' lang='lat' dir='ltr'><strong>alter,</strong></span> 
     </span>
    </p>
   </div>
   <div class='ocr_carea' id='block_1_79' title="bbox 2191 3021 3798 3102">
    <p class='ocr_par' dir='ltr' id='par_1_79' title="bbox 2191 3021 3798 3102">
     <span class='ocr_line' id='line_1_79' title="bbox 2191 3021 3798 3102; baseline 0 -20"><span class='ocrx_word' id='word_1_587' title='bbox 2191 3022 2292 3102; x_wconf 88' lang='lat' dir='ltr'><strong>qui</strong></span> <span class='ocrx_word' id='word_1_588' title='bbox 2314 3039 2448 3083; x_wconf 91' lang='lat' dir='ltr'><strong>cum</strong></span> <span class='ocrx_word' id='word_1_589' title='bbox 2473 3030 3071 3101; x_wconf 66' lang='lat' dir='ltr'><strong>unguentorum,quae</strong></span> <span class='ocrx_word' id='word_1_590' title='bbox 3094 3021 3169 3083; x_wconf 92' lang='lat' dir='ltr'><strong>ab</strong></span> <span class='ocrx_word' id='word_1_591' title='bbox 3193 3039 3344 3102; x_wconf 88' lang='lat' dir='ltr'><strong>aqua</strong></span> <span class='ocrx_word' id='word_1_592' title='bbox 3359 3021 3798 3102; x_wconf 86' lang='lat' dir='ltr'><strong>distinguuntur,</strong></span> 
     </span>
    </p>
   </div>
   <div class='ocr_carea' id='block_1_80' title="bbox 2193 3110 3800 3192">
    <p class='ocr_par' dir='ltr' id='par_1_80' title="bbox 2193 3110 3800 3192">
     <span class='ocr_line' id='line_1_80' title="bbox 2193 3110 3800 3192; baseline -0.002 -20"><span class='ocrx_word' id='word_1_593' title='bbox 2193 3111 2404 3173; x_wconf 91' lang='lat' dir='ltr'><strong>ﬂuctus</strong></span> <span class='ocrx_word' id='word_1_594' title='bbox 2435 3110 2667 3183; x_wconf 88' lang='lat' dir='ltr'><strong>habeat,</strong></span> <span class='ocrx_word' id='word_1_595' title='bbox 2702 3111 3053 3173; x_wconf 82' lang='lat' dir='ltr'><strong>crassiorem</strong></span> <span class='ocrx_word' id='word_1_596' title='bbox 3087 3129 3260 3190; x_wconf 89' lang='lat' dir='ltr'><strong>quam</strong></span> <span class='ocrx_word' id='word_1_597' title='bbox 3313 3112 3437 3172; x_wconf 75' lang='lat' dir='ltr'><strong>haec</strong></span> <span class='ocrx_word' id='word_1_598' title='bbox 3487 3112 3800 3192; x_wconf 81' lang='lat' dir='ltr'><strong>qualitatem</strong></span> 
     </span>
    </p>
   </div>
   <div class='ocr_carea' id='block_1_81' title="bbox 2192 3199 3803 3282">
    <p class='ocr_par' dir='ltr' id='par_1_81' title="bbox 2192 3199 3803 3282">
     <span class='ocr_line' id='line_1_81' title="bbox 2192 3199 3803 3282; baseline -0.001 -21"><span class='ocrx_word' id='word_1_599' title='bbox 2192 3200 2453 3282; x_wconf 70' lang='lat' dir='ltr'><strong>praefert,</strong></span> <span class='ocrx_word' id='word_1_600' title='bbox 2479 3219 2588 3262; x_wconf 91' lang='lat' dir='ltr'><strong>nec</strong></span> <span class='ocrx_word' id='word_1_601' title='bbox 2612 3207 2674 3260; x_wconf 93' lang='lat' dir='ltr'><strong>ut</strong></span> <span class='ocrx_word' id='word_1_602' title='bbox 2703 3199 2821 3262; x_wconf 90' lang='lat' dir='ltr'><strong>alia</strong></span> <span class='ocrx_word' id='word_1_603' title='bbox 2851 3200 3258 3261; x_wconf 88' lang='lat' dir='ltr'><strong>humidiorum</strong></span> <span class='ocrx_word' id='word_1_604' title='bbox 3280 3201 3803 3282; x_wconf 70' lang='lat' dir='ltr'><strong>sicciorumvequa</strong></span> 
     </span>
    </p>
   </div>
   <div class='ocr_carea' id='block_1_82' title="bbox 2193 3289 3800 3369">
    <p class='ocr_par' dir='ltr' id='par_1_82' title="bbox 2193 3289 3800 3369">
     <span class='ocr_line' id='line_1_82' title="bbox 2193 3289 3800 3369; baseline -0.001 -19"><span class='ocrx_word' id='word_1_605' title='bbox 2193 3289 2250 3350; x_wconf 90' lang='lat' dir='ltr'><strong>in</strong></span> <span class='ocrx_word' id='word_1_606' title='bbox 2283 3298 2441 3351; x_wconf 89' lang='lat' dir='ltr'><strong>terra</strong></span> <span class='ocrx_word' id='word_1_607' title='bbox 2469 3290 2558 3351; x_wconf 81' lang='lat' dir='ltr'><strong>vel</strong></span> <span class='ocrx_word' id='word_1_608' title='bbox 2590 3289 2750 3351; x_wconf 85' lang='lat' dir='ltr'><strong>circa</strong></span> <span class='ocrx_word' id='word_1_609' title='bbox 2783 3289 2943 3350; x_wconf 87' lang='lat' dir='ltr'><strong>illam</strong></span> <span class='ocrx_word' id='word_1_610' title='bbox 2992 3298 3154 3369; x_wconf 82' lang='lat' dir='ltr'><strong>sunt,</strong></span> <span class='ocrx_word' id='word_1_611' title='bbox 3203 3289 3371 3350; x_wconf 88' lang='lat' dir='ltr'><strong>alteri</strong></span> <span class='ocrx_word' id='word_1_612' title='bbox 3406 3289 3515 3352; x_wconf 89' lang='lat' dir='ltr'><strong>ulli</strong></span> <span class='ocrx_word' id='word_1_613' title='bbox 3547 3290 3800 3359; x_wconf 80' lang='lat' dir='ltr'><strong>similem,</strong></span> 
     </span>
    </p>
   </div>
   <div class='ocr_carea' id='block_1_83' title="bbox 2190 3378 3801 3458">
    <p class='ocr_par' dir='ltr' id='par_1_83' title="bbox 2190 3378 3801 3458">
     <span class='ocr_line' id='line_1_83' title="bbox 2190 3378 3801 3458; baseline -0.001 -19"><span class='ocrx_word' id='word_1_614' title='bbox 2190 3393 2297 3439; x_wconf 90' lang='lat' dir='ltr'><strong>nec</strong></span> <span class='ocrx_word' id='word_1_615' title='bbox 2327 3379 2506 3439; x_wconf 85' lang='lat' dir='ltr'><strong>talem</strong></span> <span class='ocrx_word' id='word_1_616' title='bbox 2531 3384 2706 3440; x_wconf 86' lang='lat' dir='ltr'><strong>etiam</strong></span> <span class='ocrx_word' id='word_1_617' title='bbox 2736 3379 2976 3454; x_wconf 86' lang='lat' dir='ltr'><strong>qualem</strong></span> <span class='ocrx_word' id='word_1_618' title='bbox 3013 3378 3132 3440; x_wconf 86' lang='lat' dir='ltr'><strong>alia</strong></span> <span class='ocrx_word' id='word_1_619' title='bbox 3169 3395 3297 3458; x_wconf 61' lang='lat' dir='ltr'><strong>qua;</strong></span> <span class='ocrx_word' id='word_1_620' title='bbox 3332 3387 3459 3440; x_wconf 84' lang='lat' dir='ltr'><strong>arte</strong></span> <span class='ocrx_word' id='word_1_621' title='bbox 3489 3378 3642 3442; x_wconf 80' lang='lat' dir='ltr'><strong>facta</strong></span> <span class='ocrx_word' id='word_1_622' title='bbox 3669 3386 3801 3446; x_wconf 69' lang='lat' dir='ltr'><strong>sunt,</strong></span> 
     </span>
    </p>
   </div>
   <div class='ocr_carea' id='block_1_84' title="bbox 2190 3466 3800 3547">
    <p class='ocr_par' dir='ltr' id='par_1_84' title="bbox 2190 3466 3800 3547">
     <span class='ocr_line' id='line_1_84' title="bbox 2190 3466 3800 3547; baseline -0.003 -18"><span class='ocrx_word' id='word_1_623' title='bbox 2190 3467 2691 3530; x_wconf 85' lang='lat' dir='ltr'><strong>habent.Carnem</strong></span> <span class='ocrx_word' id='word_1_624' title='bbox 2721 3485 2854 3528; x_wconf 91' lang='lat' dir='ltr'><strong>esse</strong></span> <span class='ocrx_word' id='word_1_625' title='bbox 2884 3466 3262 3547; x_wconf 88' lang='lat' dir='ltr'><strong>dicas,idque</strong></span> <span class='ocrx_word' id='word_1_626' title='bbox 3295 3467 3679 3530; x_wconf 86' lang='lat' dir='ltr'><strong>nihilominus</strong></span> <span class='ocrx_word' id='word_1_627' title='bbox 3709 3486 3800 3526; x_wconf 88' lang='lat' dir='ltr'><strong>non</strong></span> 
     </span>
    </p>
   </div>
   <div class='ocr_carea' id='block_1_85' title="bbox 2187 3556 3805 3637">
    <p class='ocr_par' dir='ltr' id='par_1_85' title="bbox 2187 3556 3805 3637">
     <span class='ocr_line' id='line_1_85' title="bbox 2187 3556 3805 3637; baseline -0.003 -18"><span class='ocrx_word' id='word_1_628' title='bbox 2187 3557 2574 3637; x_wconf 88' lang='lat' dir='ltr'><strong>magis,quam</strong></span> <span class='ocrx_word' id='word_1_629' title='bbox 2607 3574 2704 3617; x_wconf 90' lang='lat' dir='ltr'><strong>res</strong></span> <span class='ocrx_word' id='word_1_630' title='bbox 2738 3556 3028 3632; x_wconf 85' lang='lat' dir='ltr'><strong>diversas,</strong></span> <span class='ocrx_word' id='word_1_631' title='bbox 3053 3575 3171 3617; x_wconf 91' lang='lat' dir='ltr'><strong>non</strong></span> <span class='ocrx_word' id='word_1_632' title='bbox 3195 3563 3419 3617; x_wconf 90' lang='lat' dir='ltr'><strong>tantum</strong></span> <span class='ocrx_word' id='word_1_633' title='bbox 3452 3575 3588 3636; x_wconf 71' lang='lat' dir='ltr'><strong>quae</strong></span> <span class='ocrx_word' id='word_1_634' title='bbox 3618 3566 3805 3636; x_wconf 71' lang='lat' dir='ltr'><strong>parata</strong></span> 
     </span>
    </p>
   </div>
   <div class='ocr_carea' id='block_1_86' title="bbox 2183 3645 3803 3725">
    <p class='ocr_par' dir='ltr' id='par_1_86' title="bbox 2183 3645 3803 3725">
     <span class='ocr_line' id='line_1_86' title="bbox 2183 3645 3803 3725; baseline -0.002 -18"><span class='ocrx_word' id='word_1_635' title='bbox 2183 3645 2257 3708; x_wconf 90' lang='lat' dir='ltr'><strong>ab</strong></span> <span class='ocrx_word' id='word_1_636' title='bbox 2288 3645 2540 3707; x_wconf 83' lang='lat' dir='ltr'><strong>artiﬁcio</strong></span> <span class='ocrx_word' id='word_1_637' title='bbox 2573 3653 2736 3721; x_wconf 90' lang='lat' dir='ltr'><strong>sunt,</strong></span> <span class='ocrx_word' id='word_1_638' title='bbox 2770 3663 2972 3707; x_wconf 81' lang='lat' dir='ltr'><strong>verum</strong></span> <span class='ocrx_word' id='word_1_639' title='bbox 3006 3645 3183 3706; x_wconf 90' lang='lat' dir='ltr'><strong>etiam</strong></span> <span class='ocrx_word' id='word_1_640' title='bbox 3240 3663 3370 3725; x_wconf 59' lang='lat' dir='ltr'><strong>quae</strong></span> <span class='ocrx_word' id='word_1_641' title='bbox 3421 3646 3803 3708; x_wconf 84' lang='lat' dir='ltr'><strong>naturalitera</strong></span> 
     </span>
    </p>
   </div>
   <div class='ocr_carea' id='block_1_87' title="bbox 2186 3733 3801 3816">
    <p class='ocr_par' dir='ltr' id='par_1_87' title="bbox 2186 3733 3801 3816">
     <span class='ocr_line' id='line_1_87' title="bbox 2186 3733 3801 3816; baseline -0.004 -18"><span class='ocrx_word' id='word_1_642' title='bbox 2186 3734 2308 3798; x_wconf 88' lang='lat' dir='ltr'><strong>Deo</strong></span> <span class='ocrx_word' id='word_1_643' title='bbox 2343 3735 2756 3816; x_wconf 88' lang='lat' dir='ltr'><strong>producuntur</strong></span> <span class='ocrx_word' id='word_1_644' title='bbox 2778 3733 3201 3815; x_wconf 64' lang='lat' dir='ltr'><strong>productaque</strong></span> <span class='ocrx_word' id='word_1_645' title='bbox 3231 3734 3621 3806; x_wconf 87' lang='lat' dir='ltr'><strong>sunt,bonum</strong></span> <span class='ocrx_word' id='word_1_646' title='bbox 3649 3749 3801 3814; x_wconf 86' lang='lat' dir='ltr'><strong>spar-</strong></span> 
     </span>
    </p>
   </div>
   <div class='ocr_carea' id='block_1_88' title="bbox 2185 3825 3800 3906">
    <p class='ocr_par' dir='ltr' id='par_1_88' title="bbox 2185 3825 3800 3906">
     <span class='ocr_line' id='line_1_88' title="bbox 2185 3825 3800 3906; baseline -0.004 -19"><span class='ocrx_word' id='word_1_647' title='bbox 2185 3842 2326 3904; x_wconf 89' lang='lat' dir='ltr'><strong>gere</strong></span> <span class='ocrx_word' id='word_1_648' title='bbox 2355 3825 2626 3899; x_wconf 91' lang='lat' dir='ltr'><strong>odorem,</strong></span> <span class='ocrx_word' id='word_1_649' title='bbox 2680 3834 2770 3887; x_wconf 85' lang='lat' dir='ltr'><strong>est</strong></span> <span class='ocrx_word' id='word_1_650' title='bbox 2813 3825 3173 3900; x_wconf 82' lang='lat' dir='ltr'><strong>mirandum,</strong></span> <span class='ocrx_word' id='word_1_651' title='bbox 3204 3842 3273 3886; x_wconf 91' lang='lat' dir='ltr'><strong>ac</strong></span> <span class='ocrx_word' id='word_1_652' title='bbox 3320 3825 3538 3886; x_wconf 88' lang='lat' dir='ltr'><strong>merito</strong></span> <span class='ocrx_word' id='word_1_653' title='bbox 3569 3825 3800 3906; x_wconf 82' lang='lat' dir='ltr'><strong>quidem.</strong></span> 
     </span>
    </p>
   </div>
   <div class='ocr_carea' id='block_1_89' title="bbox 2189 3913 3801 3994">
    <p class='ocr_par' dir='ltr' id='par_1_89' title="bbox 2189 3913 3801 3994">
     <span class='ocr_line' id='line_1_89' title="bbox 2189 3913 3801 3994; baseline -0.002 -20"><span class='ocrx_word' id='word_1_654' title='bbox 2189 3915 2345 3975; x_wconf 87' lang='lat' dir='ltr'><strong>Deus</strong></span> <span class='ocrx_word' id='word_1_655' title='bbox 2366 3914 2526 3975; x_wconf 89' lang='lat' dir='ltr'><strong>enim</strong></span> <span class='ocrx_word' id='word_1_656' title='bbox 2552 3913 2773 3975; x_wconf 89' lang='lat' dir='ltr'><strong>bonum</strong></span> <span class='ocrx_word' id='word_1_657' title='bbox 2806 3913 3048 3994; x_wconf 89' lang='lat' dir='ltr'><strong>quidem</strong></span> <span class='ocrx_word' id='word_1_658' title='bbox 3071 3914 3312 3976; x_wconf 91' lang='lat' dir='ltr'><strong>odorem</strong></span> <span class='ocrx_word' id='word_1_659' title='bbox 3341 3914 3644 3976; x_wconf 88' lang='lat' dir='ltr'><strong>communi</strong></span> <span class='ocrx_word' id='word_1_660' title='bbox 3668 3917 3801 3975; x_wconf 90' lang='lat' dir='ltr'><strong>dono</strong></span> 
     </span>
    </p>
   </div>
   <div class='ocr_carea' id='block_1_90' title="bbox 2190 4002 3800 4084">
    <p class='ocr_par' dir='ltr' id='par_1_90' title="bbox 2190 4002 3800 4084">
     <span class='ocr_line' id='line_1_90' title="bbox 2190 4002 3800 4084; baseline -0.002 -18"><span class='ocrx_word' id='word_1_661' title='bbox 2190 4002 2471 4066; x_wconf 91' lang='lat' dir='ltr'><strong>omnibus</strong></span> <span class='ocrx_word' id='word_1_662' title='bbox 2499 4004 2755 4082; x_wconf 76' lang='lat' dir='ltr'><strong>gratuito</strong></span> <span class='ocrx_word' id='word_1_663' title='bbox 2787 4003 3184 4084; x_wconf 65' lang='lat' dir='ltr'><strong>dat,praasens</strong></span> <span class='ocrx_word' id='word_1_664' title='bbox 3211 4011 3406 4064; x_wconf 88' lang='lat' dir='ltr'><strong>autem</strong></span> <span class='ocrx_word' id='word_1_665' title='bbox 3441 4012 3800 4079; x_wconf 74' lang='lat' dir='ltr'><strong>unguentum,</strong></span> 
     </span>
    </p>
   </div>
   <div class='ocr_carea' id='block_1_91' title="bbox 2191 4091 3806 4173">
    <p class='ocr_par' dir='ltr' id='par_1_91' title="bbox 2191 4091 3806 4173">
     <span class='ocr_line' id='line_1_91' title="bbox 2191 4091 3806 4173; baseline -0.004 -19"><span class='ocrx_word' id='word_1_666' title='bbox 2191 4111 2262 4154; x_wconf 82' lang='lat' dir='ltr'><strong>ex</strong></span> <span class='ocrx_word' id='word_1_667' title='bbox 2294 4091 2399 4152; x_wconf 92' lang='lat' dir='ltr'><strong>illo</strong></span> <span class='ocrx_word' id='word_1_668' title='bbox 2433 4110 2648 4170; x_wconf 88' lang='lat' dir='ltr'><strong>nempe</strong></span> <span class='ocrx_word' id='word_1_669' title='bbox 2670 4093 2950 4168; x_wconf 82' lang='lat' dir='ltr'><strong>efﬂuens,</strong></span> <span class='ocrx_word' id='word_1_670' title='bbox 2979 4092 3033 4154; x_wconf 90' lang='lat' dir='ltr'><strong>ei</strong></span> <span class='ocrx_word' id='word_1_671' title='bbox 3065 4091 3165 4173; x_wconf 89' lang='lat' dir='ltr'><strong>qui</strong></span> <span class='ocrx_word' id='word_1_672' title='bbox 3196 4093 3440 4154; x_wconf 82' lang='lat' dir='ltr'><strong>certavit</strong></span> <span class='ocrx_word' id='word_1_673' title='bbox 3472 4111 3580 4173; x_wconf 88' lang='lat' dir='ltr'><strong>pro</strong></span> <span class='ocrx_word' id='word_1_674' title='bbox 3612 4091 3806 4153; x_wconf 86' lang='lat' dir='ltr'><strong>meritis</strong></span> 
     </span>
    </p>
   </div>
   <div class='ocr_carea' id='block_1_92' title="bbox 2191 4181 2466 4258">
    <p class='ocr_par' dir='ltr' id='par_1_92' title="bbox 2191 4181 2466 4258">
     <span class='ocr_line' id='line_1_92' title="bbox 2191 4181 2466 4258; baseline 0.007 -16"><span class='ocrx_word' id='word_1_675' title='bbox 2191 4181 2466 4258; x_wconf 80' lang='lat' dir='ltr'><strong>largitur.</strong></span> 
     </span>
    </p>
   </div>
   <div class='ocr_carea' id='block_1_93' title="bbox 2267 4269 3804 4351">
    <p class='ocr_par' dir='ltr' id='par_1_93' title="bbox 2267 4269 3804 4351">
     <span class='ocr_line' id='line_1_93' title="bbox 2267 4269 3804 4351; baseline -0.004 -19"><span class='ocrx_word' id='word_1_676' title='bbox 2267 4273 2368 4334; x_wconf 76' lang='grc'><strong>45.</strong></span> <span class='ocrx_word' id='word_1_677' title='bbox 2405 4269 2469 4331; x_wconf 91' lang='lat' dir='ltr'><strong>Id</strong></span> <span class='ocrx_word' id='word_1_678' title='bbox 2503 4288 2641 4332; x_wconf 85' lang='lat' dir='ltr'><strong>vero</strong></span> <span class='ocrx_word' id='word_1_679' title='bbox 2677 4279 2901 4351; x_wconf 77' lang='lat' dir='ltr'><strong>martyr</strong></span> <span class='ocrx_word' id='word_1_680' title='bbox 2959 4269 3262 4333; x_wconf 87' lang='lat' dir='ltr'><strong>laboribus</strong></span> <span class='ocrx_word' id='word_1_681' title='bbox 3315 4271 3464 4348; x_wconf 87' lang='lat' dir='ltr'><strong>suis,</strong></span> <span class='ocrx_word' id='word_1_682' title='bbox 3504 4271 3654 4333; x_wconf 87' lang='lat' dir='ltr'><strong>haud</strong></span> <span class='ocrx_word' id='word_1_683' title='bbox 3687 4285 3804 4348; x_wconf 87' lang='lat' dir='ltr'><strong>pura</strong></span> 
     </span>
    </p>
   </div>
   <div class='ocr_carea' id='block_1_94' title="bbox 2191 4357 3802 4440">
    <p class='ocr_par' dir='ltr' id='par_1_94' title="bbox 2191 4357 3802 4440">
     <span class='ocr_line' id='line_1_94' title="bbox 2191 4357 3802 4440; baseline -0.005 -18"><span class='ocrx_word' id='word_1_684' title='bbox 2191 4359 2627 4433; x_wconf 83' lang='lat' dir='ltr'><strong>benevolentia,</strong></span> <span class='ocrx_word' id='word_1_685' title='bbox 2653 4359 2890 4440; x_wconf 86' lang='lat' dir='ltr'><strong>accipit.</strong></span> <span class='ocrx_word' id='word_1_686' title='bbox 2926 4360 3012 4421; x_wconf 80' lang='lat' dir='ltr'><strong>Ac</strong></span> <span class='ocrx_word' id='word_1_687' title='bbox 3036 4371 3432 4438; x_wconf 81' lang='lat' dir='ltr'><strong>unguentum,</strong></span> <span class='ocrx_word' id='word_1_688' title='bbox 3467 4359 3572 4422; x_wconf 90' lang='lat' dir='ltr'><strong>ubi</strong></span> <span class='ocrx_word' id='word_1_689' title='bbox 3604 4359 3733 4437; x_wconf 75' lang='lat' dir='ltr'><strong>exit,</strong></span> <span class='ocrx_word' id='word_1_690' title='bbox 3759 4357 3802 4415; x_wconf 91' lang='lat' dir='ltr'><strong>in</strong></span> 
     </span>
    </p>
   </div>
   <div class='ocr_carea' id='block_1_95' title="bbox 2192 4448 3800 4527">
    <p class='ocr_par' dir='ltr' id='par_1_95' title="bbox 2192 4448 3800 4527">
     <span class='ocr_line' id='line_1_95' title="bbox 2192 4448 3800 4527; baseline -0.006 -14"><span class='ocrx_word' id='word_1_691' title='bbox 2192 4452 2338 4513; x_wconf 89' lang='lat' dir='ltr'><strong>duas</strong></span> <span class='ocrx_word' id='word_1_692' title='bbox 2368 4448 2762 4525; x_wconf 86' lang='lat' dir='ltr'><strong>scaturigines</strong></span> <span class='ocrx_word' id='word_1_693' title='bbox 2790 4448 3246 4527; x_wconf 81' lang='lat' dir='ltr'><strong>dividitur,quas</strong></span> <span class='ocrx_word' id='word_1_694' title='bbox 3270 4458 3327 4509; x_wconf 84' lang='lat' dir='ltr'><strong>et</strong></span> <span class='ocrx_word' id='word_1_695' title='bbox 3357 4448 3481 4510; x_wconf 81' lang='lat' dir='ltr'><strong>[ubi</strong></span> <span class='ocrx_word' id='word_1_696' title='bbox 3510 4448 3800 4522; x_wconf 75' lang='lat' dir='ltr'><strong>excipiunt.</strong></span> 
     </span>
    </p>
   </div>
   <div class='ocr_carea' id='block_1_96' title="bbox 463 4522 2100 4619">
    <p class='ocr_par' dir='ltr' id='par_1_96' title="bbox 463 4537 2100 4616">
     <span class='ocr_line' id='line_1_96' title="bbox 463 4537 2100 4616; baseline -0.001 -20"><span class='ocrx_word' id='word_1_697' title='bbox 463 4541 642 4615; x_wconf 81' lang='grc' dir='ltr'><strong>ὥσπερ</strong></span> <span class='ocrx_word' id='word_1_698' title='bbox 692 4539 757 4604; x_wconf 80' lang='grc' dir='ltr'><strong>ἦν</strong></span> <span class='ocrx_word' id='word_1_699' title='bbox 817 4537 908 4594; x_wconf 84' lang='grc' dir='ltr'><strong>ἀπ’</strong></span> <span class='ocrx_word' id='word_1_700' title='bbox 970 4539 1171 4616; x_wconf 78' lang='grc' dir='ltr'><strong>ἀρχῆς.</strong></span> <span class='ocrx_word' id='word_1_701' title='bbox 1219 4541 1278 4595; x_wconf 87' lang='grc' dir='ltr'><strong>Τί</strong></span> <span class='ocrx_word' id='word_1_702' title='bbox 1333 4539 1519 4596; x_wconf 87' lang='grc' dir='ltr'><strong>τούτου</strong></span> <span class='ocrx_word' id='word_1_703' title='bbox 1565 4548 1749 4614; x_wconf 73' lang='grc' dir='ltr'><strong>μεῖζον</strong></span> <span class='ocrx_word' id='word_1_704' title='bbox 1815 4542 1850 4608; x_wconf 74' lang='grc' dir='ltr'><strong>ἢ</strong></span> <span class='ocrx_word' id='word_1_705' title='bbox 1899 4540 2018 4596; x_wconf 77' lang='grc' dir='ltr'><strong>ἕσον</strong></span> 
     </span>
    </p>
   </div>
   <div class='ocr_carea' id='block_1_97' title="bbox 2191 4522 3800 4619">
    <p class='ocr_par' dir='ltr' id='par_1_97' title="bbox 2191 4522 3800 4619">
     <span class='ocr_line' id='line_1_97' title="bbox 2191 4522 3800 4619; baseline -0.006 -18"><span class='ocrx_word' id='word_1_706' title='bbox 2191 4542 2429 4619; x_wconf 83' lang='lat' dir='ltr'><strong>iamque</strong></span> <span class='ocrx_word' id='word_1_707' title='bbox 2459 4522 2706 4599; x_wconf 83' lang='lat' dir='ltr'><strong>ﬂuidum</strong></span> <span class='ocrx_word' id='word_1_708' title='bbox 2769 4537 3045 4600; x_wconf 83' lang='lat' dir='ltr'><strong>eﬂ‘ectum</strong></span> <span class='ocrx_word' id='word_1_709' title='bbox 3107 4522 3166 4597; x_wconf 43' lang='lat' dir='ltr'><strong>i&#39;n</strong></span> <span class='ocrx_word' id='word_1_710' title='bbox 3213 4537 3494 4610; x_wconf 89' lang='lat' dir='ltr'><strong>sublime,</strong></span> <span class='ocrx_word' id='word_1_711' title='bbox 3531 4556 3601 4598; x_wconf 88' lang='lat' dir='ltr'><strong>ac</strong></span> <span class='ocrx_word' id='word_1_712' title='bbox 3626 4537 3669 4598; x_wconf 93' lang='lat' dir='ltr'><strong>si</strong></span> <span class='ocrx_word' id='word_1_713' title='bbox 3696 4533 3800 4614; x_wconf 88' lang='lat' dir='ltr'><strong>quis</strong></span> 
     </span>
    </p>
   </div>
   <div class='ocr_carea' id='block_1_98' title="bbox 466 4620 2102 4708">
    <p class='ocr_par' dir='ltr' id='par_1_98' title="bbox 466 4620 2102 4708">
     <span class='ocr_line' id='line_1_98' title="bbox 466 4620 2102 4708; baseline 0.001 -24"><span class='ocrx_word' id='word_1_714' title='bbox 466 4628 622 4705; x_wconf 74' lang='grc' dir='ltr'><strong>ἔγγὺς</strong></span> <span class='ocrx_word' id='word_1_715' title='bbox 687 4626 880 4704; x_wconf 81' lang='grc' dir='ltr'><strong>γένοιτ’</strong></span> <span class='ocrx_word' id='word_1_716' title='bbox 962 4627 1024 4681; x_wconf 75' lang='grc' dir='ltr'><strong>ἄν</strong></span> <span class='ocrx_word' id='word_1_717' title='bbox 1081 4648 1260 4697; x_wconf 82' lang='grc' dir='ltr'><strong>ποτε;</strong></span> <span class='ocrx_word' id='word_1_718' title='bbox 1336 4626 1528 4693; x_wconf 75' lang='grc' dir='ltr'><strong>Παῖδες</strong></span> <span class='ocrx_word' id='word_1_719' title='bbox 1591 4620 1861 4699; x_wconf 75' lang='grc' dir='ltr'><strong>Ἐλλήνων</strong></span> <span class='ocrx_word' id='word_1_720' title='bbox 1922 4631 2102 4708; x_wconf 70' lang='grc' dir='ltr'><strong>ἄγουσι</strong></span> 
     </span>
    </p>
   </div>
   <div class='ocr_carea' id='block_1_99' title="bbox 464 4715 2104 4794">
    <p class='ocr_par' dir='ltr' id='par_1_99' title="bbox 464 4715 2104 4794">
     <span class='ocr_line' id='line_1_99' title="bbox 464 4715 2104 4794; baseline 0 -20"><span class='ocrx_word' id='word_1_721' title='bbox 464 4717 654 4793; x_wconf 77' lang='grc' dir='ltr'><strong>λίμνάς</strong></span> <span class='ocrx_word' id='word_1_722' title='bbox 711 4717 798 4772; x_wconf 82' lang='grc' dir='ltr'><strong>καὶ</strong></span> <span class='ocrx_word' id='word_1_723' title='bbox 843 4716 1019 4794; x_wconf 78' lang='grc' dir='ltr'><strong>πηγὰς</strong></span> <span class='ocrx_word' id='word_1_724' title='bbox 1071 4715 1182 4778; x_wconf 72' lang='grc' dir='ltr'><strong>ἅμα</strong></span> <span class='ocrx_word' id='word_1_725' title='bbox 1236 4715 1405 4784; x_wconf 73' lang='grc' dir='ltr'><strong>ἄλλην</strong></span> <span class='ocrx_word' id='word_1_726' title='bbox 1447 4715 1620 4782; x_wconf 70' lang='grc' dir='ltr'><strong>ἄλλως</strong></span> <span class='ocrx_word' id='word_1_727' title='bbox 1671 4719 1801 4775; x_wconf 73' lang='grc' dir='ltr'><strong>ἄλλο</strong></span> <span class='ocrx_word' id='word_1_728' title='bbox 1833 4721 2104 4794; x_wconf 78' lang='grc' dir='ltr'><strong>κεκτημέ-</strong></span> 
     </span>
    </p>
   </div>
   <div class='ocr_carea' id='block_1_100' title="bbox 465 4805 2105 4886">
    <p class='ocr_par' dir='ltr' id='par_1_100' title="bbox 465 4805 2105 4886">
     <span class='ocr_line' id='line_1_100' title="bbox 465 4805 2105 4886; baseline 0.001 -24"><span class='ocrx_word' id='word_1_729' title='bbox 465 4829 564 4872; x_wconf 86' lang='grc' dir='ltr'><strong>νην</strong></span> <span class='ocrx_word' id='word_1_730' title='bbox 605 4809 666 4862; x_wconf 68' lang='grc' dir='ltr'><strong>τλ</strong></span> <span class='ocrx_word' id='word_1_731' title='bbox 717 4809 914 4880; x_wconf 77' lang='grc' dir='ltr'><strong>θαῦμα,</strong></span> <span class='ocrx_word' id='word_1_732' title='bbox 971 4805 1138 4883; x_wconf 68' lang='grc' dir='ltr'><strong>Εἴπερ</strong></span> <span class='ocrx_word' id='word_1_733' title='bbox 1181 4805 1268 4862; x_wconf 72' lang='grc' dir='ltr'><strong>οὖν</strong></span> <span class='ocrx_word' id='word_1_734' title='bbox 1328 4807 1386 4862; x_wconf 79' lang='grc' dir='ltr'><strong>οὐ</strong></span> <span class='ocrx_word' id='word_1_735' title='bbox 1443 4811 1602 4881; x_wconf 85' lang='grc' dir='ltr'><strong>μῦθος</strong></span> <span class='ocrx_word' id='word_1_736' title='bbox 1654 4831 1713 4885; x_wconf 92' lang='grc' dir='ltr'><strong>γε</strong></span> <span class='ocrx_word' id='word_1_737' title='bbox 1747 4819 1810 4864; x_wconf 81' lang='grc' dir='ltr'><strong>τα</strong></span> <span class='ocrx_word' id='word_1_738' title='bbox 1843 4809 2105 4886; x_wconf 70' lang='grc' dir='ltr'><strong>λεγόμεια</strong></span> 
     </span>
    </p>
   </div>
   <div class='ocr_carea' id='block_1_101' title="bbox 464 4893 2104 4973">
    <p class='ocr_par' dir='ltr' id='par_1_101' title="bbox 464 4893 2104 4973">
     <span class='ocr_line' id='line_1_101' title="bbox 464 4893 2104 4973; baseline 0.002 -20"><span class='ocrx_word' id='word_1_739' title='bbox 464 4896 606 4965; x_wconf 71' lang='grc' dir='ltr'><strong>τότε,</strong></span> <span class='ocrx_word' id='word_1_740' title='bbox 669 4903 856 4970; x_wconf 73' lang='grc' dir='ltr'><strong>μεῖζον</strong></span> <span class='ocrx_word' id='word_1_741' title='bbox 915 4895 1127 4950; x_wconf 75' lang='grc' dir='ltr'><strong>ἓκείνων</strong></span> <span class='ocrx_word' id='word_1_742' title='bbox 1169 4893 1307 4952; x_wconf 81' lang='grc' dir='ltr'><strong>πολὺ</strong></span> <span class='ocrx_word' id='word_1_743' title='bbox 1360 4897 1422 4952; x_wconf 85' lang='grc' dir='ltr'><strong>τὸ</strong></span> <span class='ocrx_word' id='word_1_744' title='bbox 1475 4896 1666 4973; x_wconf 85' lang='grc' dir='ltr'><strong>παρόν,</strong></span> <span class='ocrx_word' id='word_1_745' title='bbox 1708 4895 1856 4954; x_wconf 82' lang='grc' dir='ltr'><strong>Ἐπεὶ</strong></span> <span class='ocrx_word' id='word_1_746' title='bbox 1915 4897 1967 4953; x_wconf 84' lang='grc' dir='ltr'><em>δέ</em></span> <span class='ocrx_word' id='word_1_747' title='bbox 2021 4903 2104 4957; x_wconf 76' lang='grc' dir='ltr'><strong>καὶ</strong></span> 
     </span>
    </p>
   </div>
   <div class='ocr_carea' id='block_1_102' title="bbox 469 4983 2104 5062">
    <p class='ocr_par' dir='ltr' id='par_1_102' title="bbox 469 4983 2104 5062">
     <span class='ocr_line' id='line_1_102' title="bbox 469 4983 2104 5062; baseline 0.002 -21"><span class='ocrx_word' id='word_1_748' title='bbox 469 4989 652 5060; x_wconf 84' lang='grc' dir='ltr'><strong>μῦθος,</strong></span> <span class='ocrx_word' id='word_1_749' title='bbox 715 4987 786 5047; x_wconf 83' lang='grc' dir='ltr'><strong>ὡς</strong></span> <span class='ocrx_word' id='word_1_750' title='bbox 847 4983 1054 5062; x_wconf 78' lang='grc' dir='ltr'><strong>ἔμοιγέ,</strong></span> <span class='ocrx_word' id='word_1_751' title='bbox 1111 4991 1266 5040; x_wconf 88' lang='lat'><strong>10610</strong></span> <span class='ocrx_word' id='word_1_752' title='bbox 1325 4987 1454 5054; x_wconf 86' lang='grc' dir='ltr'><strong>πρὸς</strong></span> <span class='ocrx_word' id='word_1_753' title='bbox 1511 4989 1664 5048; x_wconf 84' lang='grc' dir='ltr'><strong>σκιάς</strong></span> <span class='ocrx_word' id='word_1_754' title='bbox 1711 4987 2104 5058; x_wconf 69' lang='grc' dir='ltr'><strong>έστινάλιεθεια</strong></span> 
     </span>
    </p>
   </div>
   <div class='ocr_carea' id='block_1_103' title="bbox 465 5075 2104 5154">
    <p class='ocr_par' dir='ltr' id='par_1_103' title="bbox 465 5075 2104 5154">
     <span class='ocr_line' id='line_1_103' title="bbox 465 5075 2104 5154; baseline 0.004 -26"><span class='ocrx_word' id='word_1_755' title='bbox 465 5075 663 5154; x_wconf 72' lang='grc' dir='ltr'><strong>φανερὰ</strong></span> <span class='ocrx_word' id='word_1_756' title='bbox 747 5075 836 5129; x_wconf 75' lang='grc' dir='ltr'><strong>καὶ</strong></span> <span class='ocrx_word' id='word_1_757' title='bbox 918 5080 1136 5152; x_wconf 84' lang='grc' dir='ltr'><strong>πρᾶγμα</strong></span> <span class='ocrx_word' id='word_1_758' title='bbox 1212 5075 1502 5148; x_wconf 74' lang='grc' dir='ltr'><strong>θαυμάσιον</strong></span> <span class='ocrx_word' id='word_1_759' title='bbox 1576 5080 1756 5139; x_wconf 71' lang='grc' dir='ltr'><strong>αὐτοῖς</strong></span> <span class='ocrx_word' id='word_1_760' title='bbox 1822 5078 2104 5150; x_wconf 83' lang='grc' dir='ltr'><strong>θεωμένοις</strong></span> 
     </span>
    </p>
   </div>
   <div class='ocr_carea' id='block_1_104' title="bbox 467 5163 2104 5242">
    <p class='ocr_par' dir='ltr' id='par_1_104' title="bbox 467 5163 2104 5242">
     <span class='ocr_line' id='line_1_104' title="bbox 537 5163 1978 5220; baseline 0.002 -3"><span class='ocrx_word' id='word_1_761' title='bbox 537 5165 550 5186; x_wconf 88' lang='lat'><strong>‘</strong></span> <span class='ocrx_word' id='word_1_762' title='bbox 673 5177 699 5208; x_wconf 79' lang='grc' dir='ltr'><strong>τ</strong></span> <span class='ocrx_word' id='word_1_763' title='bbox 806 5163 837 5218; x_wconf 89' lang='grc' dir='ltr'><strong>ἀ</strong></span> <span class='ocrx_word' id='word_1_764' title='bbox 906 5165 930 5201; x_wconf 73' lang='grc' dir='ltr'><strong>ε’</strong></span> <span class='ocrx_word' id='word_1_765' title='bbox 1101 5163 1152 5219; x_wconf 87' lang='grc' dir='ltr'><strong>θ’</strong></span> <span class='ocrx_word' id='word_1_766' title='bbox 1413 5168 1420 5177; x_wconf 83' lang='grc'><em>“</em></span> <span class='ocrx_word' id='word_1_767' title='bbox 1541 5164 1620 5207; x_wconf 59' lang='grc' dir='ltr'><strong>ῖδδ</strong></span> <span class='ocrx_word' id='word_1_768' title='bbox 1683 5189 1720 5200; x_wconf 83' lang='grc'><strong>-</strong></span> <span class='ocrx_word' id='word_1_769' title='bbox 1827 5165 1978 5220; x_wconf 55' lang='lat'><strong>7&#39;1-</strong></span> 
     </span>
     <span class='ocr_line' id='line_1_105' title="bbox 467 5172 2104 5242; baseline 0.002 -22"><span class='ocrx_word' id='word_1_770' title='bbox 467 5186 554 5220; x_wconf 88' lang='grc' dir='ltr'><strong>και</strong></span> <span class='ocrx_word' id='word_1_771' title='bbox 610 5185 725 5229; x_wconf 90' lang='grc' dir='ltr'><strong>το.ς</strong></span> <span class='ocrx_word' id='word_1_772' title='bbox 839 5184 1052 5222; x_wconf 66' lang='grc' dir='ltr'><strong>κουουσι</strong></span> <span class='ocrx_word' id='word_1_773' title='bbox 1134 5186 1272 5239; x_wconf 88' lang='grc' dir='ltr'><strong>εαμα</strong></span> <span class='ocrx_word' id='word_1_774' title='bbox 1340 5187 1426 5220; x_wconf 88' lang='grc' dir='ltr'><strong>και</strong></span> <span class='ocrx_word' id='word_1_775' title='bbox 1509 5187 1623 5220; x_wconf 69' lang='lat' dir='ltr'><strong>Ou;</strong></span> <span class='ocrx_word' id='word_1_776' title='bbox 1689 5188 1889 5242; x_wconf 72' lang='grc' dir='ltr'><strong>..αραηι</strong></span> <span class='ocrx_word' id='word_1_777' title='bbox 1928 5172 2104 5223; x_wconf 68' lang='grc' dir='ltr'><strong>λεσθαι</strong></span> 
     </span>
    </p>
   </div>
   <div class='ocr_carea' id='block_1_105' title="bbox 463 5251 2102 5334">
    <p class='ocr_par' dir='ltr' id='par_1_105' title="bbox 463 5251 2102 5334">
     <span class='ocr_line' id='line_1_106' title="bbox 463 5251 2102 5334; baseline 0.002 -25"><span class='ocrx_word' id='word_1_778' title='bbox 463 5251 750 5327; x_wconf 61' lang='grc' dir='ltr'><strong>δυνάμενον</strong></span> <span class='ocrx_word' id='word_1_779' title='bbox 808 5253 954 5325; x_wconf 74' lang='grc' dir='ltr'><strong>ἄλλῳ</strong></span> <span class='ocrx_word' id='word_1_780' title='bbox 986 5269 998 5283; x_wconf 91' lang='grc'>·</span> <span class='ocrx_word' id='word_1_781' title='bbox 1061 5255 1146 5310; x_wconf 80' lang='grc' dir='ltr'><strong>καὶ</strong></span> <span class='ocrx_word' id='word_1_782' title='bbox 1200 5254 1250 5310; x_wconf 89' lang='grc' dir='ltr'><strong>τί</strong></span> <span class='ocrx_word' id='word_1_783' title='bbox 1304 5252 1446 5330; x_wconf 88' lang='grc' dir='ltr'><strong>λέγω</strong></span> <span class='ocrx_word' id='word_1_784' title='bbox 1503 5261 1609 5309; x_wconf 86' lang='grc' dir='ltr'><strong>τῶν</strong></span> <span class='ocrx_word' id='word_1_785' title='bbox 1665 5257 1780 5331; x_wconf 82' lang='grc' dir='ltr'><strong>περὶ</strong></span> <span class='ocrx_word' id='word_1_786' title='bbox 1844 5259 1941 5322; x_wconf 77' lang='grc' dir='ltr'><strong>τὴν</strong></span> <span class='ocrx_word' id='word_1_787' title='bbox 2002 5263 2102 5334; x_wconf 76' lang='grc' dir='ltr'><strong>γῆν</strong></span> 
     </span>
    </p>
   </div>
   <div class='ocr_carea' id='block_1_106' title="bbox 467 5342 2104 5420">
    <p class='ocr_par' dir='ltr' id='par_1_106' title="bbox 467 5342 2104 5420">
     <span class='ocr_line' id='line_1_107' title="bbox 467 5342 2104 5420; baseline 0.002 -21"><span class='ocrx_word' id='word_1_788' title='bbox 467 5343 726 5417; x_wconf 75' lang='grc' dir='ltr'><strong>ἐξαισίων,</strong></span> <span class='ocrx_word' id='word_1_789' title='bbox 788 5342 920 5398; x_wconf 76' lang='grc' dir='ltr'><strong>ὅπου</strong></span> <span class='ocrx_word' id='word_1_790' title='bbox 965 5364 1025 5420; x_wconf 90' lang='grc' dir='ltr'><strong>γε</strong></span> <span class='ocrx_word' id='word_1_791' title='bbox 1082 5345 1170 5399; x_wconf 78' lang='grc' dir='ltr'><strong>καὶ</strong></span> <span class='ocrx_word' id='word_1_792' title='bbox 1236 5344 1342 5400; x_wconf 79' lang='grc' dir='ltr'><strong>τῶν</strong></span> <span class='ocrx_word' id='word_1_793' title='bbox 1399 5344 1458 5400; x_wconf 80' lang='grc' dir='ltr'><strong>ἐκ</strong></span> <span class='ocrx_word' id='word_1_794' title='bbox 1519 5352 1649 5400; x_wconf 77' lang='grc' dir='ltr'><strong>Θεοῦ</strong></span> <span class='ocrx_word' id='word_1_795' title='bbox 1723 5346 1885 5400; x_wconf 75' lang='grc' dir='ltr'><strong>πάλαι</strong></span> <span class='ocrx_word' id='word_1_796' title='bbox 1948 5368 2104 5420; x_wconf 84' lang='grc' dir='ltr'><strong>τερα-</strong></span> 
     </span>
    </p>
   </div>
   <div class='ocr_carea' id='block_1_107' title="bbox 463 5431 2102 5510">
    <p class='ocr_par' dir='ltr' id='par_1_107' title="bbox 463 5431 2102 5510">
     <span class='ocr_line' id='line_1_108' title="bbox 463 5431 2102 5510; baseline 0.001 -22"><span class='ocrx_word' id='word_1_797' title='bbox 463 5435 857 5509; x_wconf 82' lang='grc' dir='ltr'><strong>τουργηθέντων</strong></span> <span class='ocrx_word' id='word_1_798' title='bbox 901 5433 1040 5489; x_wconf 78' lang='grc' dir='ltr'><strong>ἐστὶν</strong></span> <span class='ocrx_word' id='word_1_799' title='bbox 1097 5436 1190 5491; x_wconf 77' lang='grc' dir='ltr'><strong>οὐκ</strong></span> <span class='ocrx_word' id='word_1_800' title='bbox 1259 5431 1529 5509; x_wconf 81' lang='grc' dir='ltr'><strong>ἔλαττον;</strong></span> <span class='ocrx_word' id='word_1_801' title='bbox 1595 5442 1680 5502; x_wconf 71' lang='grc' dir='ltr'><strong>Μὴ</strong></span> <span class='ocrx_word' id='word_1_802' title='bbox 1746 5435 2102 5510; x_wconf 78' lang='grc' dir='ltr'><strong>πεμπέτωσαν</strong></span> 
     </span>
    </p>
   </div>
   <div class='ocr_carea' id='block_1_108' title="bbox 466 5521 2099 5600">
    <p class='ocr_par' dir='ltr' id='par_1_108' title="bbox 466 5521 2099 5600">
     <span class='ocr_line' id='line_1_109' title="bbox 466 5521 2099 5600; baseline 0.004 -25"><span class='ocrx_word' id='word_1_803' title='bbox 466 5521 682 5577; x_wconf 70' lang='grc' dir='ltr'><strong>ἐνταῦθα</strong></span> <span class='ocrx_word' id='word_1_804' title='bbox 740 5522 982 5598; x_wconf 76' lang='grc' dir='ltr'><strong>γλῶτταν</strong></span> <span class='ocrx_word' id='word_1_805' title='bbox 1043 5523 1313 5598; x_wconf 83' lang='grc' dir='ltr'><strong>αἱρετικοί,</strong></span> <span class='ocrx_word' id='word_1_806' title='bbox 1361 5521 1495 5597; x_wconf 83' lang='grc' dir='ltr'><strong>μηδέ</strong></span> <span class='ocrx_word' id='word_1_807' title='bbox 1558 5528 1917 5600; x_wconf 73' lang='grc' dir='ltr'><strong>μιμείσθωααν</strong></span> <span class='ocrx_word' id='word_1_808' title='bbox 1983 5523 2099 5582; x_wconf 82' lang='grc' dir='ltr'><strong>δαί-</strong></span> 
     </span>
    </p>
   </div>
   <div class='ocr_carea' id='block_1_109' title="bbox 466 5602 2098 5687">
    <p class='ocr_par' dir='ltr' id='par_1_109' title="bbox 466 5602 2098 5687">
     <span class='ocr_line' id='line_1_110' title="bbox 466 5602 2098 5687; baseline 0.006 -23"><span class='ocrx_word' id='word_1_809' title='bbox 466 5631 650 5687; x_wconf 87' lang='grc' dir='ltr'><strong>μονας.</strong></span> <span class='ocrx_word' id='word_1_810' title='bbox 742 5602 915 5685; x_wconf 80' lang='grc' dir='ltr'><strong>Ὀμῶς</strong></span> <span class='ocrx_word' id='word_1_811' title='bbox 986 5611 1292 5669; x_wconf 85' lang='grc' dir='ltr'><strong>ἀδυνατοῦσι</strong></span> <span class='ocrx_word' id='word_1_812' title='bbox 1365 5611 1689 5686; x_wconf 75' lang='grc' dir='ltr'><strong>πλοσὰμενοι</strong></span> <span class='ocrx_word' id='word_1_813' title='bbox 1771 5616 1864 5676; x_wconf 74' lang='grc' dir='ltr'><strong>τὰς</strong></span> <span class='ocrx_word' id='word_1_814' title='bbox 1949 5618 2098 5673; x_wconf 76' lang='grc' dir='ltr'><strong>ἀντι·-</strong></span> 
     </span>
    </p>
   </div>
   <div class='ocr_carea' id='block_1_110' title="bbox 2185 4626 3799 4706">
    <p class='ocr_par' dir='ltr' id='par_1_110' title="bbox 2185 4626 3799 4706">
     <span class='ocr_line' id='line_1_111' title="bbox 2185 4626 3799 4706; baseline -0.006 -16"><span class='ocrx_word' id='word_1_815' title='bbox 2185 4628 2331 4690; x_wconf 87' lang='lat' dir='ltr'><strong>illud</strong></span> <span class='ocrx_word' id='word_1_816' title='bbox 2367 4647 2400 4688; x_wconf 93' lang='lat' dir='ltr'><strong>e</strong></span> <span class='ocrx_word' id='word_1_817' title='bbox 2427 4628 2556 4688; x_wconf 93' lang='lat' dir='ltr'><strong>loco</strong></span> <span class='ocrx_word' id='word_1_818' title='bbox 2583 4626 2849 4688; x_wconf 85' lang='lat' dir='ltr'><strong>inferiori</strong></span> <span class='ocrx_word' id='word_1_819' title='bbox 2875 4626 3799 4706; x_wconf 82' lang='lat' dir='ltr'><strong>propellat,attollunt,comraque</strong></span> 
     </span>
    </p>
   </div>
   <div class='ocr_carea' id='block_1_111' title="bbox 2185 4716 3799 4798">
    <p class='ocr_par' dir='ltr' id='par_1_111' title="bbox 2185 4716 3799 4798">
     <span class='ocr_line' id='line_1_112' title="bbox 2185 4716 3799 4798; baseline -0.006 -19"><span class='ocrx_word' id='word_1_820' title='bbox 2185 4725 2484 4787; x_wconf 87' lang='lat' dir='ltr'><strong>naturam,</strong></span> <span class='ocrx_word' id='word_1_821' title='bbox 2519 4716 2676 4798; x_wconf 92' lang='lat' dir='ltr'><strong>quod</strong></span> <span class='ocrx_word' id='word_1_822' title='bbox 2709 4733 2885 4794; x_wconf 86' lang='lat' dir='ltr'><strong>grave</strong></span> <span class='ocrx_word' id='word_1_823' title='bbox 2911 4726 3023 4788; x_wconf 89' lang='lat' dir='ltr'><strong>est,</strong></span> <span class='ocrx_word' id='word_1_824' title='bbox 3059 4733 3292 4776; x_wconf 88' lang='lat' dir='ltr'><strong>sursum</strong></span> <span class='ocrx_word' id='word_1_825' title='bbox 3319 4716 3505 4776; x_wconf 80' lang='lat' dir='ltr'><strong>fertur</strong></span> <span class='ocrx_word' id='word_1_826' title='bbox 3537 4737 3554 4790; x_wconf 85' lang='lat'><strong>;</strong></span> <span class='ocrx_word' id='word_1_827' title='bbox 3581 4728 3799 4792; x_wconf 88' lang='lat' dir='ltr'><strong>cumque</strong></span> 
     </span>
    </p>
   </div>
   <div class='ocr_carea' id='block_1_112' title="bbox 2186 4805 3800 4886">
    <p class='ocr_par' dir='ltr' id='par_1_112' title="bbox 2186 4805 3800 4886">
     <span class='ocr_line' id='line_1_113' title="bbox 2186 4805 3800 4886; baseline -0.004 -18"><span class='ocrx_word' id='word_1_828' title='bbox 2186 4808 2257 4868; x_wconf 88' lang='lat' dir='ltr'><strong>ad</strong></span> <span class='ocrx_word' id='word_1_829' title='bbox 2299 4807 2503 4886; x_wconf 86' lang='lat' dir='ltr'><strong>templi</strong></span> <span class='ocrx_word' id='word_1_830' title='bbox 2531 4805 2838 4886; x_wconf 87' lang='lat' dir='ltr'><strong>planitiem</strong></span> <span class='ocrx_word' id='word_1_831' title='bbox 2875 4805 3172 4885; x_wconf 85' lang='lat' dir='ltr'><strong>pervenit,</strong></span> <span class='ocrx_word' id='word_1_832' title='bbox 3203 4805 3362 4865; x_wconf 89' lang='lat' dir='ltr'><strong>illico</strong></span> <span class='ocrx_word' id='word_1_833' title='bbox 3392 4805 3666 4884; x_wconf 84' lang='lat' dir='ltr'><strong>quiescit,</strong></span> <span class='ocrx_word' id='word_1_834' title='bbox 3696 4820 3800 4862; x_wconf 82' lang='lat' dir='ltr'><strong>am-</strong></span> 
     </span>
    </p>
   </div>
   <div class='ocr_carea' id='block_1_113' title="bbox 2189 4893 3799 4974">
    <p class='ocr_par' dir='ltr' id='par_1_113' title="bbox 2189 4893 3799 4974">
     <span class='ocr_line' id='line_1_114' title="bbox 2189 4893 3799 4974; baseline -0.007 -16"><span class='ocrx_word' id='word_1_835' title='bbox 2189 4897 2390 4974; x_wconf 90' lang='lat' dir='ltr'><strong>boque</strong></span> <span class='ocrx_word' id='word_1_836' title='bbox 2421 4898 2480 4955; x_wconf 90' lang='lat' dir='ltr'><strong>in</strong></span> <span class='ocrx_word' id='word_1_837' title='bbox 2513 4895 2722 4957; x_wconf 92' lang='lat' dir='ltr'><strong>eodem</strong></span> <span class='ocrx_word' id='word_1_838' title='bbox 2755 4903 2911 4955; x_wconf 89' lang='lat' dir='ltr'><strong>statu</strong></span> <span class='ocrx_word' id='word_1_839' title='bbox 2945 4893 3067 4955; x_wconf 91' lang='lat' dir='ltr'><strong>tubi</strong></span> <span class='ocrx_word' id='word_1_840' title='bbox 3102 4903 3477 4974; x_wconf 84' lang='lat' dir='ltr'><strong>permanent,</strong></span> <span class='ocrx_word' id='word_1_841' title='bbox 3512 4894 3674 4973; x_wconf 85' lang='lat' dir='ltr'><strong>quasi</strong></span> <span class='ocrx_word' id='word_1_842' title='bbox 3695 4907 3799 4972; x_wconf 63' lang='lat' dir='ltr'><strong>qua</strong></span> 
     </span>
    </p>
   </div>
   <div class='ocr_carea' id='block_1_114' title="bbox 2190 4983 3795 5063">
    <p class='ocr_par' dir='ltr' id='par_1_114' title="bbox 2190 4983 3795 5063">
     <span class='ocr_line' id='line_1_115' title="bbox 2190 4983 3795 5063; baseline -0.007 -16"><span class='ocrx_word' id='word_1_843' title='bbox 2190 4994 2470 5047; x_wconf 87' lang='lat' dir='ltr'><strong>concreta</strong></span> <span class='ocrx_word' id='word_1_844' title='bbox 2501 4992 2662 5057; x_wconf 90' lang='lat' dir='ltr'><strong>sunt,</strong></span> <span class='ocrx_word' id='word_1_845' title='bbox 2711 4983 3078 5054; x_wconf 88' lang='lat' dir='ltr'><strong>contineant,</strong></span> <span class='ocrx_word' id='word_1_846' title='bbox 3129 4993 3229 5045; x_wconf 90' lang='lat' dir='ltr'><strong>aut</strong></span> <span class='ocrx_word' id='word_1_847' title='bbox 3261 4985 3434 5044; x_wconf 88' lang='lat' dir='ltr'><strong>etiam</strong></span> <span class='ocrx_word' id='word_1_848' title='bbox 3469 4984 3640 5063; x_wconf 83' lang='lat' dir='ltr'><strong>quasi</strong></span> <span class='ocrx_word' id='word_1_849' title='bbox 3666 4990 3795 5042; x_wconf 81' lang='lat' dir='ltr'><strong>retro</strong></span> 
     </span>
    </p>
   </div>
   <div class='ocr_carea' id='block_1_115' title="bbox 2191 5072 3792 5154">
    <p class='ocr_par' dir='ltr' id='par_1_115' title="bbox 2191 5072 3792 5154">
     <span class='ocr_line' id='line_1_116' title="bbox 2191 5072 3792 5154; baseline -0.006 -18"><span class='ocrx_word' id='word_1_850' title='bbox 2191 5075 2369 5136; x_wconf 89' lang='lat' dir='ltr'><strong>missa</strong></span> <span class='ocrx_word' id='word_1_851' title='bbox 2403 5093 2471 5136; x_wconf 91' lang='lat' dir='ltr'><strong>ac</strong></span> <span class='ocrx_word' id='word_1_852' title='bbox 2502 5091 2937 5154; x_wconf 65' lang='lat' dir='ltr'><strong>repressa,quat</strong></span> <span class='ocrx_word' id='word_1_853' title='bbox 2961 5091 3066 5152; x_wconf 89' lang='lat' dir='ltr'><strong>per</strong></span> <span class='ocrx_word' id='word_1_854' title='bbox 3089 5073 3304 5134; x_wconf 84' lang='lat' dir='ltr'><strong>factum</strong></span> <span class='ocrx_word' id='word_1_855' title='bbox 3331 5072 3406 5135; x_wconf 86' lang='lat' dir='ltr'><strong>ad</strong></span> <span class='ocrx_word' id='word_1_856' title='bbox 3431 5083 3628 5152; x_wconf 77' lang='lat' dir='ltr'><strong>partes</strong></span> <span class='ocrx_word' id='word_1_857' title='bbox 3654 5077 3792 5131; x_wconf 86' lang='lat' dir='ltr'><strong>ante-</strong></span> 
     </span>
    </p>
   </div>
   <div class='ocr_carea' id='block_1_116' title="bbox 2189 5161 3794 5238">
    <p class='ocr_par' dir='ltr' id='par_1_116' title="bbox 2189 5161 3794 5238">
     <span class='ocr_line' id='line_1_117' title="bbox 2189 5161 3794 5238; baseline -0.004 -14"><span class='ocrx_word' id='word_1_858' title='bbox 2189 5170 2378 5225; x_wconf 89' lang='lat' dir='ltr'><strong>riores</strong></span> <span class='ocrx_word' id='word_1_859' title='bbox 2403 5163 2719 5224; x_wconf 89' lang='lat' dir='ltr'><strong>decursum</strong></span> <span class='ocrx_word' id='word_1_860' title='bbox 2743 5161 3388 5231; x_wconf 86' lang='lat' dir='ltr'><strong>ﬁeret,evacuationem</strong></span> <span class='ocrx_word' id='word_1_861' title='bbox 3419 5161 3660 5222; x_wconf 89' lang='lat' dir='ltr'><strong>habenis</strong></span> <span class='ocrx_word' id='word_1_862' title='bbox 3677 5175 3794 5238; x_wconf 86' lang='lat' dir='ltr'><strong>quo-</strong></span> 
     </span>
    </p>
   </div>
   <div class='ocr_carea' id='block_1_117' title="bbox 2189 5244 3794 5328">
    <p class='ocr_par' dir='ltr' id='par_1_117' title="bbox 2189 5244 3794 5328">
     <span class='ocr_line' id='line_1_118' title="bbox 2189 5244 3794 5328; baseline -0.007 -15"><span class='ocrx_word' id='word_1_863' title='bbox 2189 5251 2508 5313; x_wconf 89' lang='lat' dir='ltr'><strong>dammodo</strong></span> <span class='ocrx_word' id='word_1_864' title='bbox 2543 5247 3325 5326; x_wconf 83' lang='lat' dir='ltr'><strong>inhibeant.Unguent0rum</strong></span> <span class='ocrx_word' id='word_1_865' title='bbox 3356 5249 3518 5328; x_wconf 85' lang='lat' dir='ltr'><strong>pleni</strong></span> <span class='ocrx_word' id='word_1_866' title='bbox 3549 5265 3674 5308; x_wconf 86' lang='lat' dir='ltr'><strong>cum</strong></span> <span class='ocrx_word' id='word_1_867' title='bbox 3701 5244 3794 5304; x_wconf 80' lang='lat' dir='ltr'><strong>sint</strong></span> 
     </span>
    </p>
   </div>
   <div class='ocr_carea' id='block_1_118' title="bbox 2189 5335 3790 5420">
    <p class='ocr_par' dir='ltr' id='par_1_118' title="bbox 2189 5335 3790 5420">
     <span class='ocr_line' id='line_1_119' title="bbox 2189 5335 3790 5420; baseline -0.008 -18"><span class='ocrx_word' id='word_1_868' title='bbox 2189 5343 2336 5416; x_wconf 90' lang='lat' dir='ltr'><strong>tubi,</strong></span> <span class='ocrx_word' id='word_1_869' title='bbox 2362 5340 2574 5420; x_wconf 86' lang='lat' dir='ltr'><strong>gaudio</strong></span> <span class='ocrx_word' id='word_1_870' title='bbox 2605 5339 2847 5417; x_wconf 88' lang='lat' dir='ltr'><strong>quidem</strong></span> <span class='ocrx_word' id='word_1_871' title='bbox 2880 5356 3140 5418; x_wconf 90' lang='lat' dir='ltr'><strong>semper,</strong></span> <span class='ocrx_word' id='word_1_872' title='bbox 3175 5339 3271 5418; x_wconf 89' lang='lat' dir='ltr'><strong>qui</strong></span> <span class='ocrx_word' id='word_1_873' title='bbox 3303 5338 3520 5408; x_wconf 84' lang='lat' dir='ltr'><strong>haurit,</strong></span> <span class='ocrx_word' id='word_1_874' title='bbox 3553 5335 3790 5400; x_wconf 75' lang='lat' dir='ltr'><strong>afﬁcitur,</strong></span> 
     </span>
    </p>
   </div>
   <div class='ocr_carea' id='block_1_119' title="bbox 2187 5421 3788 5506">
    <p class='ocr_par' dir='ltr' id='par_1_119' title="bbox 2187 5421 3788 5506">
     <span class='ocr_line' id='line_1_120' title="bbox 2187 5421 3788 5506; baseline -0.008 -14"><span class='ocrx_word' id='word_1_875' title='bbox 2187 5433 2289 5492; x_wconf 84' lang='lat' dir='ltr'><strong>sed</strong></span> <span class='ocrx_word' id='word_1_876' title='bbox 2327 5437 2690 5506; x_wconf 84' lang='lat' dir='ltr'><strong>unguentum</strong></span> <span class='ocrx_word' id='word_1_877' title='bbox 2714 5426 2872 5488; x_wconf 88' lang='lat' dir='ltr'><strong>haud</strong></span> <span class='ocrx_word' id='word_1_878' title='bbox 2909 5427 3144 5506; x_wconf 88' lang='lat' dir='ltr'><strong>minuit,</strong></span> <span class='ocrx_word' id='word_1_879' title='bbox 3179 5427 3237 5487; x_wconf 86' lang='lat' dir='ltr'><strong>id</strong></span> <span class='ocrx_word' id='word_1_880' title='bbox 3268 5428 3543 5500; x_wconf 80' lang='lat' dir='ltr'><strong>extrahit,</strong></span> <span class='ocrx_word' id='word_1_881' title='bbox 3579 5423 3674 5486; x_wconf 83' lang='lat' dir='ltr'><strong>sed</strong></span> <span class='ocrx_word' id='word_1_882' title='bbox 3701 5421 3788 5480; x_wconf 80' lang='lat' dir='ltr'><strong>de-</strong></span> 
     </span>
    </p>
   </div>
   <div class='ocr_carea' id='block_1_120' title="bbox 2185 5513 3784 5596">
    <p class='ocr_par' dir='ltr' id='par_1_120' title="bbox 2185 5513 3784 5596">
     <span class='ocr_line' id='line_1_121' title="bbox 2185 5513 3784 5596; baseline -0.01 -13"><span class='ocrx_word' id='word_1_883' title='bbox 2185 5537 2457 5583; x_wconf 86' lang='lat' dir='ltr'><strong>crescere</strong></span> <span class='ocrx_word' id='word_1_884' title='bbox 2491 5517 2644 5580; x_wconf 91' lang='lat' dir='ltr'><strong>haud</strong></span> <span class='ocrx_word' id='word_1_885' title='bbox 2680 5517 2839 5588; x_wconf 87' lang='lat' dir='ltr'><strong>facit,</strong></span> <span class='ocrx_word' id='word_1_886' title='bbox 2879 5515 3155 5595; x_wconf 87' lang='lat' dir='ltr'><strong>percipit,</strong></span> <span class='ocrx_word' id='word_1_887' title='bbox 3188 5535 3488 5596; x_wconf 88' lang='lat' dir='ltr'><strong>sanusque</strong></span> <span class='ocrx_word' id='word_1_888' title='bbox 3546 5513 3784 5577; x_wconf 76' lang='lat' dir='ltr'><strong>efﬁcitur.</strong></span> 
     </span>
    </p>
   </div>
   <div class='ocr_carea' id='block_1_121' title="bbox 2183 5604 3786 5692">
    <p class='ocr_par' dir='ltr' id='par_1_121' title="bbox 2183 5604 3786 5692">
     <span class='ocr_line' id='line_1_122' title="bbox 2183 5604 3786 5692; baseline -0.011 -17"><span class='ocrx_word' id='word_1_889' title='bbox 2183 5613 2380 5692; x_wconf 80' lang='lat' dir='ltr'><strong>Atque</strong></span> <span class='ocrx_word' id='word_1_890' title='bbox 2410 5609 2468 5670; x_wconf 91' lang='lat' dir='ltr'><strong>id</strong></span> <span class='ocrx_word' id='word_1_891' title='bbox 2499 5606 2764 5688; x_wconf 90' lang='lat' dir='ltr'><strong>quidem,</strong></span> <span class='ocrx_word' id='word_1_892' title='bbox 2787 5605 2946 5685; x_wconf 92' lang='lat' dir='ltr'><strong>quod</strong></span> <span class='ocrx_word' id='word_1_893' title='bbox 2979 5604 3187 5681; x_wconf 86' lang='lat' dir='ltr'><strong>eﬂluit,</strong></span> <span class='ocrx_word' id='word_1_894' title='bbox 3224 5605 3522 5668; x_wconf 78' lang='lat' dir='ltr'><strong>infinitum</strong></span> <span class='ocrx_word' id='word_1_895' title='bbox 3553 5605 3672 5669; x_wconf 86' lang='lat' dir='ltr'><strong>lere</strong></span> <span class='ocrx_word' id='word_1_896' title='bbox 3696 5611 3786 5670; x_wconf 82' lang='lat' dir='ltr'><strong>est;</strong></span> 
     </span>
    </p>
   </div>
  </div>
