3938 6134
154 298 308 366 1425
875 301 1078 364 ORRO
1121 301 1386 364 RERUM
1435 299 1607 373 QU/E
1641 299 1720 360 IN
1771 294 1918 361 HOC
1963 298 2170 363 TOMO
2209 300 2796 364 CONTINENTUR.
3378 295 3532 362 1426

147 435 260 516 piis
293 436 457 498 enim
487 435 784 511 omnibus,
803 443 870 497 ut
899 434 1174 516 quisque,
1209 442 1494 515 quantum
1529 433 1800 513 voluerit,
1825 443 1861 489 Α
1885 433 2010 495 haec
2043 432 2117 496 de
2147 433 2266 496 illis
2309 434 2530 497 dixisse
2562 434 2734 496 nobis
2766 434 3041 509 sufficiat,
3071 434 3348 514 quoniam
3382 434 3430 494 si
3462 451 3532 494 ea

144 524 428 605 accipiat,
453 532 545 585 est
576 524 776 585 datum
810 544 825 603 ;
879 523 1010 585 fons
1041 531 1238 584 autem
1271 532 1470 584 manet
1528 521 1806 584 inexhau-
1891 521 1950 581 in
1983 521 2164 582 latum
2197 541 2669 585 commemorare
2693 522 3201 600 voluerimus,vita
3221 521 3380 584 haud
3401 521 3528 582 suf-

145 622 419 687 stus,nec
451 613 571 674 ulla
602 631 670 674 ex
723 622 888 694 parte
919 613 1275 673 imminutus
1305 620 1572 692 apparet,
1603 618 1810 691 estque
1894 610 2100 672 liciens
2131 612 2204 672 sit
2233 611 2428 673 futura
2463 635 2479 688 -,
2525 612 2720 674 omnis
2751 613 2907 674 enim
2941 611 3013 674 ad
3067 611 3336 692 martyris
3366 610 3527 672 cele-

145 719 264 762 non
291 701 408 781 piis
431 702 737 776 duntaxat,
765 700 868 762 sed
902 699 1105 782 impiis
1134 699 1309 762 etiam
1343 699 1623 762 omnibus
1643 717 1809 780 pere-
1892 698 2119 761 branda
2171 700 2456 763 miracula
2503 711 2593 764 est
2640 701 2858 776 brevis,
2887 703 3032 776 quia
3054 709 3141 780 tu,
3171 719 3206 762 ο
3260 699 3532 760 mirande

143 792 386 870 grinum
415 790 852 871 spectaculum.
875 787 1001 852 Etsi
1026 791 1184 851 enim
1212 790 1347 869 quis
1368 788 1686 850 haereticus
1709 795 1809 848 aut
1890 805 1958 850 ac
1989 789 2204 851 eximie
2233 789 2515 866 Demetri,
2550 791 2843 870 stupende
2894 789 3109 854 Christi
3142 789 3333 862 miles,
3374 805 3533 867 saepe

147 880 255 944 Dei
278 881 565 942 inimicus
585 880 692 960 ait,
729 879 846 940 tale
887 879 1174 958 unguenti
1207 897 1384 958 opus,
1416 878 1588 958 cujus
1618 878 1806 958 palam
1893 882 2042 938 hanc
2076 883 2360 940 civitatem
2391 896 2456 938 ex
2479 884 2922 954 alienigenarum
2957 884 3222 940 manibus
3256 881 3532 942 liberastl.

145 977 234 1030 est
255 967 476 1048 gloria,
511 965 932 1046 blasphemare
963 966 1208 1028 omnino
1243 985 1362 1028 non
1392 973 1613 1046 potest.
1643 963 1808 1038 Quod
1893 966 2280 1047 optimusque
2300 967 2640 1030 morborum
2663 969 3035 1031 diversorum
3062 966 3336 1030 medicus
3355 963 3536 1026 exsti-

147 1065 345 1119 autem
372 1055 572 1136 majus
595 1062 706 1131 est,
736 1074 846 1118 nec
878 1054 950 1118 ad
984 1055 1143 1118 dicta
1165 1055 1675 1136 comparationem
1703 1055 1808 1116 ba-

151 1145 272 1226 bet,
307 1144 455 1207 dum
491 1163 628 1206 vasa
657 1145 926 1225 quaedam
964 1163 996 1206 θ
1031 1143 1194 1206 tubis
1223 1144 1450 1206 fuerint
1499 1143 1816 1221 unguentis

152 1233 424 1315 impleta.
456 1243 632 1314 atque
656 1252 688 1294 a
714 1234 823 1314 piis
847 1233 1304 1314 quibuscunque
1329 1232 1576 1293 domum
1597 1231 1816 1304 delata,

154 1323 214 1384 in
268 1323 406 1385 loco
436 1323 694 1403 quoda'n
727 1340 896 1384 sacro
946 1339 1196 1403 quisque
1227 1321 1560 1402 deponunt,
1598 1339 1666 1382 ea
1699 1337 1817 1381 non

155 1419 386 1473 tantum
421 1411 496 1474 ad
528 1428 870 1492 corporum,
898 1429 1096 1472 rerum
1131 1410 1307 1471 etiam
1342 1410 1670 1471 animarum
1704 1407 1815 1470 do-

159 1500 548 1563 mesticorum
581 1500 1034 1580 vicinarumque
1058 1517 1322 1572 suorum,
1350 1499 1434 1560 uti
1462 1506 1524 1560 et
1554 1515 1712 1576 saepe
1742 1496 1815 1559 ad

154 1589 508 1651 animalium
541 1588 1000 1662 irrationalium,
1027 1587 1400 1651 curationem
1431 1585 1812 1649 adhibentes.

155 1678 300 1741 Cum
361 1695 502 1739 vero
558 1679 858 1740 exinanita
905 1677 1003 1738 illa
1055 1676 1412 1739 naturaliter
1458 1676 1706 1752 fuerint,
1767 1676 1815 1737 si

1897 1057 2408 1136 tisti,generisque
2440 1058 2626 1119 nostri
2653 1075 2719 1119 es
2750 1057 3050 1120 misertus.
3075 1055 3214 1119 Ideo
3237 1066 3294 1118 te
3323 1071 3533 1133 preca-

1901 1162 2055 1218 mur,
2092 1155 2148 1206 et
2203 1163 2362 1207 nunc
2397 1145 2588 1208 adhuc
2632 1146 2803 1227 illud,
2827 1145 2983 1227 quod
3007 1147 3196 1225 jacet,
3228 1145 3414 1224 etige,
3438 1162 3530 1215 ac,

1899 1233 2054 1313 quod
2091 1252 2265 1313 opem
2291 1233 2589 1314 implorat,
2609 1234 2819 1315 libera,
2846 1234 3258 1315 laborantique
3277 1233 3365 1294 fer
3386 1251 3533 1312 sup-

1902 1327 2109 1400 petias.
2137 1323 2516 1403 Tempestate
2538 1324 2824 1404 jactatum
2857 1333 3048 1390 statue
3077 1323 3134 1384 in
3167 1329 3337 1404 portu
3371 1331 3537 1382 tran-

1901 1410 2111 1492 quillo,
2137 1411 2531 1474 Barbarorum
2564 1411 2700 1492 igne
2722 1414 2980 1475 deﬁxum
3006 1421 3105 1474 tua
3136 1411 3330 1473 adhuc
3361 1409 3534 1471 beni-

1899 1499 2121 1578 gnitate
2150 1500 2334 1576 solve,
2373 1503 2844 1584 eorumdemque
2872 1501 3178 1566 furoribus
3205 1499 3539 1578 deflagrans

1901 1606 2040 1650 rore
2071 1597 2169 1650 tuo
2201 1589 2524 1652 calescenti
2555 1610 2720 1666 sana,
2757 1591 3077 1674 omniaque
3108 1590 3169 1651 in
3203 1591 3534 1650 animarum

1900 1678 2077 1740 simul
2131 1696 2197 1738 ac.
2231 1697 2548 1759 corporum
2583 1690 2924 1742 nostrorum
2955 1680 3263 1742 curatione
3314 1677 3402 1737 fac
3434 1693 3540 1756 per

157 1769 331 1829 modo
365 1766 717 1847 impollutus
748 1766 1068 1847 quisquam
1126 1784 1260 1828 vase
1293 1764 1392 1826 illo
1427 1767 1486 1827 in
1543 1765 1814 1844 martyris
1839 1762 1875 1813 Β
1901 1784 2111 1846 preces
2165 1767 2558 1830 immaculata;
2613 1768 2811 1831 Matris
2841 1768 3108 1832 Dominis
3167 1767 3351 1828 nostri
3398 1766 3535 1825 Jesu

156 1857 795 1919 commemorationem
829 1864 1051 1928 utatur,
1089 1859 1282 1918 statim
1315 1871 1419 1916 vas
1451 1854 1729 1934 quodque
1755 1854 1811 1934 (ο

157 1944 556 2026 prodigium!)
578 1954 904 2025 unguento,
939 1945 1024 2008 uti
1045 1945 1117 2006 ab
1138 1945 1306 2006 initio
1330 1944 1539 2018 fuerat,
1571 1944 1813 2023 plenum

160 2033 411 2096 exsistit.
447 2032 599 2106 Quid
630 2035 741 2095 hoc.
777 2035 992 2113 majus,
1021 2033 1112 2094 vel
1157 2033 1381 2114 aequale
1428 2031 1522 2094 vel
1551 2032 1812 2093 vicinum

159 2128 423 2203 unquam
445 2122 765 2186 exstiterit?
797 2121 1013 2202 Stagna
1037 2122 1213 2184 simul
1243 2129 1299 2183 et
1322 2122 1537 2194 fontes,
1562 2137 1812 2202 quorum

159 2211 314 2274 alius
329 2211 494 2274 aliud
507 2211 620 2274 alia
634 2212 863 2274 ratione
876 2211 1206 2292 prodigium
1235 2211 1413 2273 fuerit
1434 2209 1812 2287 complexus,

165 2299 392 2363 ethnici
420 2299 748 2363 celebrant.
785 2300 954 2373 Quod
979 2301 1025 2362 si
1045 2301 1243 2379 igitur,
1277 2317 1408 2380 quae
1428 2298 1534 2360 abs
1564 2299 1680 2360 illis
1700 2298 1814 2360 alio

158 2397 375 2470 quanto
429 2389 589 2452 dicta
623 2389 878 2463 fuerunt,
911 2389 1110 2451 fabula
1158 2389 1310 2450 haud
1345 2396 1502 2462 sunt,
1539 2389 1706 2449 hisce
1739 2387 1815 2448 il-

155 2477 363 2552 lud,de
393 2497 517 2558 quo
553 2477 827 2558 praesenti
851 2481 1267 2548 sermo,multo
1293 2486 1380 2539 est
1407 2478 1620 2558 majus;
1649 2476 1810 2553 quod

155 2567 203 2627 si
254 2576 480 2638 autem,
516 2575 583 2629 ut
614 2567 760 2628 mihi
810 2567 1063 2642 videtur,
1099 2566 1296 2630 fabula
1327 2565 1470 2642 sint,
1504 2565 1650 2626 illud
1705 2583 1812 2645 pro

158 2654 368 2717 umbra
401 2655 718 2718 manifesta
745 2668 836 2718 est
867 2653 1808 2735 veritas.resquo,qua:ipsismet,

161 2745 574 2823 spectaculum
621 2743 1000 2807 cernentibus
1053 2744 1552 2823 audientibusque
1581 2744 1657 2803 sit
1707 2743 1812 2804 ad-

162 2833 456 2909 miranda,
509 2852 617 2896 nec
668 2833 840 2895 alteri
890 2833 1224 2914 comparari
1273 2842 1478 2912 queat,
1533 2850 1624 2904 ac,
1676 2833 1816 2912 quid

159 2921 319 2995 dico,
355 2922 428 2984 iis
483 2941 616 3004 quae
644 2941 678 2984 a
732 2932 890 2984 terra
916 2932 1056 2983 sunt
1114 2922 1422 3002 producta,
1457 2921 1816 3000 insignibus,

157 3011 649 3094 quandoquidem
709 3023 766 3072 et
806 3012 906 3089 iis,
940 3029 1074 3090 qua:
1103 3031 1136 3072 a
1190 3013 1312 3074 Deo
1346 3011 1483 3072 olim
1516 3011 1682 3072 fuere
1717 3029 1812 3091 pa-

168 3107 337 3174 trata,
375 3100 662 3180 prodigiis
695 3100 852 3162 haud
887 3101 960 3160 sit
994 3099 1192 3162 minus
1224 3099 1249 3162 ?

237 3189 336 3251 46.
376 3215 402 3244 α
438 3189 723 3268 Linguam
780 3189 958 3268 igitur
992 3189 1089 3252 hic
1122 3189 1278 3252 haud
1325 3196 1598 3250 moveant
1625 3189 1817 3250 haere-

169 3277 292 3357 tici,
319 3297 430 3341 nec
451 3279 758 3340 daemones
787 3278 1123 3341 imitentur.
1157 3282 1374 3340 Causas
1400 3278 1720 3358 oppositas,
1759 3288 1822 3339 ut

165 3363 312 3441 pios,
338 3365 844 3446 quemadmodum
875 3367 1137 3445 primum
1161 3367 1466 3428 hominem
1493 3367 1816 3441 daamones,

165 3451 488 3535 decipiant,
523 3455 816 3529 fingentes
853 3455 1005 3516 haud
1065 3474 1234 3537 azqne
1267 3454 1688 3536 prmvah-bunt.
1733 3453 1818 3517 Ne

163 3540 341 3620 igitur
371 3543 805 3626 qualiscunque
830 3544 1004 3605 etiam
1036 3545 1132 3619 sit,
1169 3543 1558 3607 conticescat.
1595 3541 1813 3606 Verum

176 3802 1506 3840 ῳ

1897 1855 2144 1930 Christi,
2181 1857 2278 1916 cui
2303 1863 2579 1919 convenit
2613 1859 2822 1937 gloria,
2853 1859 3059 1938 virtus,
3095 1857 3286 1919 honor
3308 1863 3368 1916 et
3387 1851 3537 1914 ado-

1899 1944 2050 2006 ratio
2077 1947 2135 2006 in
2155 1946 2366 2007 sarcula
2392 1947 2770 2010 saeculorum.
2798 1949 3016 2010 Amen.
3048 1969 3069 2001 ι
3092 1945 3392 2025 Hactenus
3423 1943 3539 2005 De-

1901 2033 2146 2094 metrius
2201 2034 2586 2114 Chrysoloras
2614 2035 2905 2115 laudatus,
2939 2035 3034 2096 cui
3078 2052 3239 2114 cum,
3271 2043 3335 2092 ut
3361 2047 3541 2110 supra

1899 2120 2098 2194 docui,
2152 2123 2367 2184 saeculo
2421 2125 2626 2204 quinto
2657 2125 2892 2186 decimo
2927 2118 3215 2196 floruerit,
3266 2121 3536 2196 haecque,

1899 2229 2030 2291 qua;
2078 2210 2274 2272 verbis
2318 2212 2441 2290 jam
2483 2213 2744 2275 recitatis
2796 2213 3198 2290 continentur,
3237 2206 3542 2270 memorias

1901 2300 2132 2378 prodat,
2165 2309 2303 2359 tunc
2327 2319 2469 2361 sane
2500 2301 3074 2379 unguenti,maxima
3099 2298 3267 2380 copia
3287 2317 3318 2360 e
3349 2305 3538 2358 sancti

1900 2388 2184 2450 Demetrii
2226 2407 2476 2469 corpore
2532 2390 2929 2462 st-aturientis.
2965 2388 3296 2466 prodigium
3345 2385 3541 2447 adhuc

1898 2477 2253 2551 obtinuisse,
2284 2477 2677 2539 indubitatum
2712 2479 2926 2540 evadit.
2963 2477 3083 2540 Nec
3105 2478 3218 2539 hoc
3248 2485 3479 2539 tantum
3506 2492 3540 2533 ο

1895 2565 2160 2628 recitatis
2178 2564 2550 2644 Chrysolorae
2571 2568 2766 2628 terbis
2789 2569 3306 2645 discimus,verum
3336 2564 3538 2634 etiam,

1899 2655 1982 2715 uti
2008 2654 2134 2715 haec
2162 2655 2521 2735 expendenti
2547 2666 2830 2735 patescet,
2857 2667 3057 2717 notatu
3090 2655 3233 2714 satis
3261 2654 3440 2731 digna
3467 2652 3542 2711 de

1903 2745 2238 2822 prodigiosa
2263 2747 2450 2804 sancti
2468 2745 2754 2806 Demetrii
2775 2754 3075 2823 unguento
3097 2744 3209 2806 alia
3232 2740 3539 2814 nonnulla,

1902 2851 2154 2911 quorum
2189 2832 2425 2894 interim
2449 2836 2626 2894 ﬁdem
2660 2853 2842 2914 penes
2873 2845 3174 2896 auctorem
3208 2842 3362 2894 stare
3384 2830 3540 2892 volo.

1902 2919 2109 2982 Utrum
2136 2940 2333 3001 porro,
2359 2921 2875 2984 Thessalonicensi
2901 2922 3099 2984 Sancti
3134 2920 3354 3000 templo
3379 2920 3434 2978 in
3460 2919 3538 2979 fa-

1905 3030 2043 3070 num
2081 3009 2493 3083 Turcicum,nt
2524 3031 2703 3090 supra
2732 3012 2791 3072 in
2825 3009 3262 3074 Commentario
3296 3008 3539 3089 prtevio,

1837 3120 1877 3169 c
1905 3118 2068 3159 num.
2097 3101 2174 3162 9'2
2207 3099 2405 3164 docui.
2437 3101 2558 3179 jam
2591 3118 2900 3172 converso,
2936 3099 3292 3179 stupendum
3326 3097 3539 3158 admo-

1905 3186 2067 3259 dum,
2105 3186 2262 3264 quali
2289 3187 2462 3247 etiam
2487 3187 2586 3248 alii
2609 3186 2807 3249 Sancti
2839 3187 3106 3249 nonnulli
3141 3185 3315 3247 modo
3346 3185 3540 3245 adhuc

1903 3293 1936 3335 a
1968 3276 2089 3337 Deo
2141 3275 2534 3336 condecorari
2562 3277 2776 3337 olimve
2809 3285 2971 3338 certe
3013 3272 3399 3336 condecorari
3431 3292 3542 3332 no-

1903 3373 2171 3436 scuntur,
2205 3362 2485 3426 stillantis
2519 3383 2620 3424 seu
2672 3364 3054 3426 scaturLentis
3085 3364 3254 3441 copia
3287 3362 3541 3422 maxima

1902 3451 2239 3514 eDemetrii
2272 3472 2522 3533 corpore
2555 3453 2844 3532 unguenti
2879 3451 3208 3530 prodigium
3245 3451 3542 3529 hodieque

1902 3549 2268 3621 perseveret,
2302 3551 2677 3621 compertum
2710 3540 2861 3604 haud
2894 3540 3106 3604 habeo.

2405 3807 2723 3816 -———————.

1085 4019 1666 4151 ORDO
1814 4018 2613 4149 RERUM

484 4301 782 4402 QUE
910 4301 1039 4384 [Ν
1174 4300 1445 4385 HOC

1564 4299 1946 4386 ΤΟΜΟ
2084 4296 3205 4382 CONTINENTUR.

519 4650 808 4713 SIMEON
854 4648 1449 4708 METAPHRASTE'S.

233 4761 412 4821 Vl'l‘E
440 4760 826 4819 SANCTORUM
858 4759 1253 4831 (continuatio).

234 4832 467 4892 MENSIS
497 4831 870 4889 NOVEMRER.

235 4903 326 4974 Die
349 4905 403 4960 2.
431 4903 716 4974 Martyrium
733 4901 1124 4974 SS.Acyn_dyni,
1149 4901 1348 4974 Pegasii
1369 4912 1415 4958 et
1439 4903 1705 4958 sociorum.
1748 4903 1807 4974 ρ

237 4973 326 5031 Die
358 4979 410 5032 4.
444 4972 643 5031 νῑιᾱδ.
675 4973 921 5029 Joannicii
949 4972 1167 5028 abbatis.
1231 4972 1243 4974 ἡ
1738 4973 1808 5029 35

237 5045 331 5100 Die
359 5047 411 5102 5.
443 5045 552 5102 Vita
579 5044 657 5103 SS
711 5044 1020 5101 Galacttonis
1046 5052 1096 5098 et
1126 5043 1431 5114 Epistemes.
1737 5043 1805 5100 93

242 5115 330 5188 Die
359 5118 412 5172 7.
444 5116 733 5188 Martyrium
763 5114 817 5188 8.
855 5114 1089 5188 ῌὶετοηὶε
1118 5122 1168 5169 et
1197 5114 1464 5170 sociorum.
1707 5115 1809 5188 10%)

238 5185 334 5258 Die
362 5189 412 5243 9.
448 5184 736 5258 Martyrium
766 5185 821 5240 S.
847 5185 1058 5258 Orestis.
1133 5255 1157 5258 _
1480 5257 1486 5258 γ
1512 5255 1522 5258 _
1549 5255 1575 5258 μ
1603 5255 1610 5258 Α
1707 5184 1809 5258 119

239 5255 329 5330 Die
364 5259 444 5330 I5.
473 5255 761 5330 Martyrium
785 5257 879 5315 88.
907 5256 1093 5330 Guriae,
1124 5255 1356 5313 Samonaa
1382 5262 1432 5310 et
1462 5255 1633 5312 Abibi.
1705 5257 1803 5330 i2]

242 5327 334 5384 Die
363 5329 452 5386 22.
485 5329 538 5384 S.
563 5326 773 5385 caecilia:
804 5337 854 5382 et
883 5328 1179 5383 sociorium.
1707 5326 1804 5381 163

240 5397 332 5470 [iis
363 5400 450 5456 23.
486 5399 594 5470 Vita
620 5400 674 5454 8.
708 5399 986 5470 Clementis
1017 5397 1280 5470 martyris._
1703 5397 1806 5470 179

238 5468 327 5542 Die
353 5471 441 5542 23.
473 5469 588 5542 Vita
617 5470 674 5542 S.
707 5468 940 5542 gregarii
977 5468 1302 5542 Agrigentini.
1703 5469 1807 5542 189

240 5538 327 5595 Dte
355 5541 444 5598 25.
479 5540 586 5596 Vita
615 5541 670 5597 S.
705 5537 957 5599 Mercurii.
1020 5537 1039 5541 ⁷
1095 5537 1117 5542 ⁷
1701 5537 1806 5593 269

240 5607 328 5668 Die
353 5613 442 5670 25.
475 5611 588 5670 Vita
617 5610 672 5671 S.
705 5610 1031 5672 Ecstorinm.
1701 5608 1806 5668 275

1960 4661 2192 4718 MENSIS
2218 4661 2433 4719 DECEM
2445 4663 2592 4719 BER.

1962 4761 2052 4815 Die
2083 4761 2134 4814 4.
2169 4759 2278 4816 Vita
2305 4759 2358 4816 S.
2392 4759 2643 4818 Barbarae.
3431 4756 3527 4810 301

1961 4831 2054 4904 Die
2083 4832 2136 4904 6.
2167 4831 2282 4904 Vita
2313 4832 2366 4904 8.
2399 4829 2876 4904 lﬂicolaiblyrensis.

1963 4901 2053 4957 Die
2085 4903 2138 4959 8.
2174 4901 2288 4958 Vita
2317 4902 2372 4959 S.
2409 4902 2618 4968 Patapii.
2660 4897 2676 4904 ⁷
3429 4897 3534 4968 35:7

1960 4974 2050 5028 Die
2090 4973 2165 5029 .0.
2207 4971 2494 5044 Martyrium
2525 4967 2581 5029 S.
2603 4973 2773 5044 Mente
2799 4980 2848 5027 et
2879 4987 2936 5025 so
2969 4969 3153 5028 iorum.

1961 5045 2058 5101 Die
2093 5045 2177 5104 12.
2215 5039 2407 5100 Vita'S.
2443 5043 2750 5114 Spyridonis.
2851 5111 2877 5114 η
3132 5111 3161 5114 η
3349 5109 3358 5114 _
3431 5039 3532 5093 M7

1963 5115 2052 5171 Die
2083 5115 2169 5171 t3.
2205 5109 2496 5186 Martyrium
2513 5109 2610 5171 SS.
2646 5111 2902 5174 Eustratii.
2929 5111 3163 5167 Auxentii
3188 5120 3236 5166 et
3257 5109 3532 5235 sociortigti

1962 5258 2058 5314 Die
2093 5259 2178 5328 μ.
2208 5257 2498 5328 Martyrium
2526 5257 2582 5313 S.
2616 5255 2796 5328 Thrysi
2828 5255 3098 5328 sociorum.
3429 5251 3531 5328 ξρῖ

1964 5330 2056 5384 Die
2085 5322 2176 5384 2t.
2209 5322 2500 5399 Martyrium
2538 5329 2591 5383 S.
2625 5322 2832 5383 Thema:
2869 5326 3103 5399 apostoli.
3416 5322 3536 5399 559

1959 5372 2056 5454 5i;
2087 5372 2188 5457 ξδ’.
2209 5372 2513 5471 tanta;
2538 5372 2844 5454 statas?“
2869 5372 3367 5468 ‘t...a;';....,..m
3409 5372 3535 5471 qs;

1889 5470 2124 5526 tensium.
2353 5464 2369 5471 ⁷
3227 5464 3240 5468 ⁷
3432 5464 3536 5520 565

1959 5541 2050 5597 Die
2079 5542 2166 5598 25.
2205 5541 2498 5613 Martyrium
2523 5542 2573 5598 S.
2611 5539 2886 5596 Anastasius
2935 5538 3158 5598 Junioris
3185 5545 3233 5592 et
3261 5535 3534 5668 socianfxgts
