2039 3155
441 300 828 392 MENSIS
892 298 1516 392 NOVEMBEB.

812 542 1147 603 ΑΘΛΗΣΙΣ

524 653 590 680 ΤΩΝ
609 652 711 680 ΔΓΙΩΝ
731 651 792 678 κΑι
809 651 966 678 ΕΝΔΟΞΩΝ
986 650 1056 677 ΤΟΥ
1075 649 1226 676 ΧΡΙΣΤΟΥ
1243 647 1434 676 ΜΑΡΤΥΡΩΝ

468 734 981 810 ΑΚΙΝΔΥΝΟΥ,

1021 730 1487 809 ΠΗΓΑΣΙΟΥ,

285 853 727 901 ΑΝΕΜΠΟΔΙΣΤΟΥ
765 850 1065 896 ΑΦΘΟΝΙΟΥ
1103 849 1201 894 ΚΑΙ
1238 849 1652 894 ΕΛΠΙΔΕΦΟΡΟΥ.

810 1027 1167 1080 CERTAMEN

456 1131 699 1162 SANCTORUM
719 1131 769 1160 ET
791 1129 1088 1161 GLORIOSORUM
1108 1128 1268 1159 CHRISTI
1292 1128 1520 1159 MARTYRUM

495 1222 995 1318 ACINDYNI,

1065 1220 1476 1319 PEGASII,

391 1361 743 1403 ANEMPODISTI
784 1359 1074 1400 APHTHONII
1118 1360 1182 1398 ET
1200 1359 1564 1400 ELPIDEPHORI.

488 1449 585 1482 (Latine
596 1448 661 1482 apud
676 1448 774 1474 Surium
786 1448 816 1474 ad
825 1448 891 1475 diem
902 1448 918 1473 2
929 1447 1088 1479 Novembris,
1099 1448 1186 1475 Grece
1198 1455 1229 1475 ex
1244 1449 1300 1475 cod.
1317 1455 1362 1474 ms.
1377 1455 1401 1474 n.
1414 1449 1494 1480 “87.)

968 1537 1003 1544 ..-

217 1604 256 1631 Δ¹.
272 1603 304 1630 Ei.
318 1602 367 1629 καὶ
383 1602 485 1637 πρῶτοι
511 1601 615 1636 Πέρσαι
633 1601 750 1635 Χριστὸν
773 1602 804 1627 ὲκ
827 1601 965 1636 Παρθένου

1052 1601 1073 1628 Ι.
1088 1601 1200 1629 Etiamsi
1220 1601 1309 1629 Persae
1328 1601 1405 1635 primi
1425 1601 1562 1630 Christum
1577 1606 1670 1630 natum
1686 1610 1718 1630 ex
1740 1601 1799 1630 Vir-

176 1649 351 1684 γεννιῦμενον
376 1646 594 1681 προσεκύνησαν,
621 1645 717 1680 δώροις
740 1655 770 1672 τε
794 1645 887 1672 τοῦτον
907 1645 964 1672 ἐτί-

184 1702 285 1729 μησαν,
309 1693 367 1718 ἀλλ’
386 1692 426 1723 εις
458 1691 570 1726 ὕστερον
590 1687 663 1717 οῦτοι
683 1691 745 1722 τοὺς
764 1691 883 1726 Χριστοῦ
907 1690 967 1717 δού-

183 1740 246 1770 λους
264 1738 297 1764 δι’
321 1737 402 1763 αὑτὸν
428 1735 619 1771 ἀπανθρώπως
639 1736 783 1762 ἐκόλασαν.
803 1737 859 1763 Καὶ
887 1736 966 1763 τοῦτο

182 1785 261 1819 δῆλον
281 1783 310 1815 ἐξ
329 1783 416 1810 ἄλλων
443 1790 474 1808 τε
494 1781 610 1813 πολλῶν,
639 1781 685 1808 καὶ
705 1782 753 1816 τῆς
779 1782 827 1808 νῦν
857 1791 966 1817 προκειε

185 1831 269 1865 μένης
288 1830 362 1855 ἐστὶν
390 1827 554 1858 ὑποθέσεως.
575 1826 629 1853 Τοῦ
648 1828 703 1862 γὰρ
730 1827 845 1861 σοϐαροῦ
874 1827 967 1854 Σαΰω-

186 1876 242 1910 ρίου
262 1875 297 1901 τὰ
317 1873 439 1908 Περσικὰ
459 1874 586 1907 σκῆπτρα
606 1872 757 1905 διέποντος,
779 1873 826 1898 καὶ
846 1874 913 1907 πρὸς
935 1873 966 1900 τὺ

183 1920 415 1954 τυραννικώτερον
435 1917 648 1949 ἀποκλίναντας,
675 1918 738 1948 τοὺς
769 1917 821 1944 ὑπὸ
839 1918 918 1953 χειρὰ
936 1927 965 1944 τε

184 1965 366 2001 Χριστιανοὺς
384 1963 466 1998 ὁμόσε
487 1962 596 1989 διώκειν
616 1963 798 1997 ὁρμήσαντος,
821 1962 904 1996 πολλή
924 1971 967 1994 τις

185 2011 350 2044 σιοτόμαινα
369 2010 419 2044 τὴν
443 2008 605 2042 Ἐκκλησίαν
632 2008 741 2041 κατεῖχε
761 2006 877 2041 Χριστοῦ
893 2026 900 2039 ,
920 2007 967 2032 καὶ

182 2056 306 2091 ταραχῆς
327 2054 491 2088 πεπλήρωτο
511 2053 558 2079 καὶ
589 2052 758 2086 συγχύσεως,
787 2052 844 2078 Οὐκ
875 2049 909 2086 ἦν
938 2051 966 2077 δὲ

182 2103 257 2133 ὅστις
278 2101 373 2135 ἠμέλει
398 2099 520 2133 Περσῶν,
540 2097 571 2124 τὸ
601 2098 637 2132 μὴ
658 2098 687 2123 τὸ
707 2097 807 2123 οἰκεῖον
836 2097 917 2127 σέϐας
934 2098 966 2123 ὲκ

184 2145 279 2180 θύμως
305 2144 460 2170 διεχδικεῖν.
478 2143 558 2168 Ὅθεν
581 2142 643 2172 τοὺς
670 2142 717 2168 τοῦ
736 2142 856 2177 Χριστοῦ
883 2141 965 2176 Θερα-

184 2193 287 2221 neuti:
307 2189 441 2225 ὁσημέραι
468 2187 666 2219 διαεάλλοντες,
687 2189 720 2222 τῇ
748 2187 874 2222 βασιλικῇ
894 2187 965 2221 χειρὶ

183 2236 380 2270 παρεδίδοσαν
404 2234 463 2268 μεθ’
490 2230 527 2258 ὧν
547 2232 674 2263 καὶτοὺς
701 2233 852 2266 μακαρίους
878 2232 965 2258 ’Δκίν-

1016 1647 1077 1682 gine
1092 1647 1248 1679 adorarunt,
1266 1651 1294 1673 et
1314 1646 1399 1680 donis)
1422 1654 1485 1674 eum
1507 1648 1685 1681 honorarunt,
1707 1652 1797 1676 tamen

1016 1696 1108 1727 postea
1116 1692 1216 1719 Christi
1225 1699 1317 1719 servos
1327 1697 1437 1727 propter
1447 1693 1534 1726 ipsum
1548 1693 1698 1721 inhumane
1704 1694 1799 1728 punie-

1017 1741 1090 1764 runt.
1110 1737 1166 1765 Hoc
1183 1742 1272 1764 autem
1287 1745 1348 1764 cum
1364 1745 1396 1764 ex
1418 1738 1510 1765 multis
1526 1739 1586 1765 aliis
1609 1743 1651 1766 est
1675 1740 1797 1772 evidens,

1017 1787 1074 1809 tum
1086 1790 1118 1810 ex
1131 1786 1302 1817 argumento,
1315 1782 1385 1817 quod
1404 1790 1477 1810 nunc
1490 1787 1532 1811 est
1544 1784 1722 1819 propositum.
1732 1784 1799 1812 Nan:

1017 1836 1079 1856 cum
1095 1829 1229 1863 superbus
1242 1829 1286 1856 ille
1302 1828 1420 1863 Sapores
1434 1834 1541 1864 Sceptra
1557 1834 1662 1857 teneret
1679 1830 1797 1863 Persica,

1015 1881 1044 1901 et
1058 1874 1220 1901 deelinasset
1236 1874 1268 1901 ad
1283 1873 1465 1908 tyrannidem,
1478 1878 1505 1900 et
1519 1875 1552 1901 ad
1563 1874 1799 1910 Christianos,qui

1017 1923 1095 1946 erant
1112 1919 1139 1945 in
1154 1919 1214 1953 ejus
1230 1922 1375 1953 potestate,
1393 1920 1597 1953 persequendos
1621 1919 1718 1946 fuisset
1732 1920 1800 1947 inci-

1016 1968 1099 1995 tatus,
1116 1971 1211 1999 magna
1225 1964 1347 1998 quaedam
1363 1965 1448 1999 caligo
1464 1964 1563 1991 Christi
1580 1964 1631 1992 fuit
1646 1965 1732 1992 otIusa
1747 1966 1798 1992 Ec-

1018 2008 1116 2040 clesim,
1132 2014 1160 2035 et
1181 2017 1211 2036 ea
1226 2010 1330 2044 repleta
1356 2009 1409 2036 fuit
1428 2010 1545 2037 tumultu
1571 2015 1599 2038 et
1626 2010 1796 2038 confusione.

1016 2052 1112 2079 Nullus
1125 2057 1215 2080 autem
1241 2061 1273 2080 cx
1295 2054 1384 2081 Persis
1406 2060 1465 2081 erat
1490 2055 1630 2089 negligens
1657 2055 1683 2081 in
1700 2055 1798 2081 acriter

1017 2098 1186 2125 defendenda
1195 2106 1243 2125 sua
1253 2098 1391 2134 religione.
1401 2099 1582 2131 Quamobrem
1595 2106 1651 2129 eos,
1661 2099 1706 2132 qui
1720 2099 1758 2126 Ch
1764 2100 1800 2126 ri-

1015 2147 1087 2169 stum
1101 2143 1237 2175 colebant,
1253 2144 1374 2177 quotidie
1398 2144 1586 2175 criminantes,
1602 2144 1692 2170 manui
1717 2144 1798 2178 regite

1017 2186 1196 2213 tradiderunt.
1210 2188 1283 2214 Inter
1295 2195 1362 2221 quas
1376 2190 1484 2214 beatum
1493 2196 1601 2222 quoque
1616 2189 1797 2224 Acindynum,

1017 2230 1158 2266 Pegasium
1185 2237 1213 2258 et
1234 2232 1472 2266 Ancmpodistum,
1486 2234 1532 2268 qui
1558 2234 1715 2261 latehautin
1732 2242 1799 2268 qua-

182 2283 271 2314 δυνον,
290 2280 428 2316 Πηγάσιόν
443 2287 472 2305 τε.
493 2278 539 2304 καὶ
566 2278 776 2311 Ἀνεμττόδιστον
792 2279 820 2303 ὲν
837 2277 965 2311 δωματίῳ

1018 2279 1078 2304 dam
1093 2278 1267 2309 domuncula,
1284 2278 1341 2313 regi
1355 2278 1553 2312 indicaverunt,
1567 2284 1595 2306 ut
1609 2281 1654 2314 qui
1670 2285 1697 2307 et
1714 2281 1797 2308 Chri-

183 2328 238 2354 nvl
257 2326 471 2363 κρυπτομένους,
500 2324 538 2358 τῷ
563 2322 668 2357 βασιλεῖ
686 2323 889 2358 κατεμήνυσαν,
919 2322 966 2349 ἅτε

182 2375 216 2400 τὰ
229 2362 410 2407 ’Χριστιανῶν
430 2368 631 2404 πρεσϐεύοντας
651 2369 697 2394 καὶ
718 2368 834 2399 πολλοὺς
855 2368 910 2394 τῶν
929 2368 966 2399 ὼς

184 2420 282 2450 αὐτοὺς
307 2417 463 2452 φοιτώντων
483 2417 518 2442 τὰ
537 2414 583 2441 τοῦ
603 2415 736 2449 δόγματος
753 2415 966 2446 ὲκπαιδεύοντας

186 2464 233 2489 καὶ
253 2463 399 2496 βασιλικῶν
427 2461 567 2490 πείθοντας
595 2459 792 2493 θεσπισμάτων
824 2468 964 2494 καταφρο-

187 2509 252 2535 νεῖν.
273 2509 326 2534 Καὶ
344 2509 372 2539 ὃς
399 2508 497 2534 αὐτίκα
523 2506 569 2532 κα).
590 2505 774 2540 συλλῃφυῆναι
800 2507 847 2532 καὶ
867 2514 964 2541 παρα-

188 2552 284 2586 στῆναι
316 2553 388 2585 αὐτῷ
411 2553 474 2583 τοὺς
500 2552 594 2586 ἁγίους
619 2551 709 2586 πιλλῷ
730 2551 769 2585 τῷ
788 2551 865 2586 θυμῷ
879 2559 964 2586 προσ-

184 2597 306 2623 ἔταττεν.

221 2641 259 2669 B’.
281 2642 326 2672 Ὠς
341 2641 369 2667 δὲ
391 2641 526 2675 παρῆεαν,
544 2643 574 2669 τὸ
597 2643 769 2677 Θυμούμενον
783 2642 862 2674 εὐθὺς
880 2643 965 2668 ἐπιει-

185 2689 261 2719 κείας
288 2687 426 2721 πλάσματι
454 2688 646 2721 περιχρώσας·
667 2689 779 2719 Τε.ι;νὶα,
810 2689 878 2722 φησὶ
906 2687 964 2723 (οὒς

187 2734 246 2768 μετ’
265 2734 294 2759 οὐ
313 2733 379 2759 πολὺ
400 2734 557 2766 κρεουργεῖν
578 2733 701 2768 ἔμελλεν)
728 2734 823 2760 εἴπατέ
852 2741 896 2767 μοι
920 2732 963 2764 τίς

185 2779 248 2814 ὑμῖν
261 2779 276 2813 ὴ
298 2778 414 2812 πατρὶς,
433 2777 462 2802 τὸ
477 2777 565 2809 γένος,
578 2777 669 2811 πόθεν,
685 2780 715 2804 τὸ
730 2778 898 2812 ἐπιτήδευμα
918 2777 962 2809 τί;

185 2825 298 2859 Πατρὶς,
316 2824 340 2849 οἱ
361 2823 433 2855 ἅγιοι
452 2823 642 2854 ἀπεκρὶναντο,
665 2824 711 2850 καὶ
732 2825 816 2856 γένος,
837 2824 883 2850 καὶ
903 2824 962 2848 ἐτιι-

346 2871 480 2903 ΡΑτιιοι.
505 2875 562 2904 Gn.
588 2873 695 2903 CXH.

1016 2323 1165 2350 stiatrorum
1192 2327 1317 2350 tenerent
1345 2325 1511 2358 opinionem,
1530 2329 1557 2351 et
1580 2328 1681 2353 mullos
1701 2335 1734 2354 ex
1752 2329 1796 2362 iis,

1015 2368 1060 2402 qui
1076 2368 1110 2396 ad
1133 2368 1207 2403 ipsos
1229 2369 1408 2401 ventitabant,
1422 2369 1522 2396 Christi
1543 2369 1639 2406 dogma
1657 2372 1796 2405 docerent,

1014 2419 1041 2440 et
1057 2415 1260 2450 persuaderent,
1276 2419 1305 2441 ut
1322 2415 1393 2450 regia
1414 2415 1588 2449 despicerent
1609 2418 1725 2444 decreta.
1751 2418 1797 2446 llle

1014 2465 1104 2487 autem
1120 2461 1198 2487 valde
1221 2461 1315 2492 iratus,
1331 2460 1412 2494 jussit
1430 2462 1520 2488 statim
1547 2467 1655 2490 sanctos
1671 2471 1795 2497 compre-

1016 2506 1107 2540 hendi,
1125 2511 1151 2533 et
1168 2502 1259 2534 coram
1273 2514 1305 2534 se
1319 2507 1388 2534 sisti.

1050 2636 1082 2663 ll.
1100 2636 1166 2664 Cum
1193 2644 1258 2664 vero
1283 2637 1446 2668 adfuissent,
1469 2637 1536 2663 iram
1565 2635 1655 2662 statim
1686 2635 1795 2664 illinens

1016 2683 1077 2709 ﬁcta
1100 2683 1284 2710 moderatione
1299 2693 1305 2710 :
1323 2683 1421 2713 Filioli,
1441 2682 1527 2716 inquit
1544 2683 1622 2716 (quos
1637 2683 1716 2716 paulo
1736 2688 1797 2715 post

1017 2733 1073 2755 ornt
1085 2729 1337 2763 excarniticalurus)
1350 2729 1431 2755 dicite
1448 2729 1514 2754 mihi
1527 2735 1649 2762 quamam
1667 2732 1708 2754 est
1720 2727 1795 2753 vobis

1017 2775 1116 2809 putria,
1132 2775 1204 2801 unde
1214 2782 1299 2809 genus
1314 2773 1424 2805 ducitis,
1439 2774 1574 2807 quodnam
1590 2777 1631 2799 est
1646 2773 1722 2798 vobis
1735 2776 1793 2798 stu-

1016 2820 1101 2848 dium.
1113 2819 1203 2847 Sancti
1220 2824 1309 2846 autem
1323 2819 1537 2853 responderunt:
1550 2818 1583 2844 Et
1598 2817 1692 2852 patria,
1707 2820 1734 2843 ct
1748 2822 1795 2851 ge-

1563 2863 1576 2894 1

919 3081 1034 3140 339
