2039 3155
175 202 208 234 13
598 201 836 231 MARTYRIUM
857 201 887 229 S.
909 202 953 230 AC

1006 199 1089 230 DYNI
1110 200 1157 230 ΕΤ
1176 200 1385 232 SOCIORUM.
1761 206 1794 238 Η

172 257 373 293 αἰσθανομένῳ*
393 258 451 283 ἀλλ’
466 257 495 283 ἐν
511 266 562 284 τινι
579 258 631 284 τῶν
649 258 762 293 ἀψύχων
781 259 830 292 τὴν
848 257 953 283 κόλασυ

1011 257 1128 290 quodam
1156 257 1279 285 inanimo
1305 261 1469 294 supplicium
1501 264 1677 295 sustinentes,
1705 265 1792 300 ipsum

171 304 363 339 ὑπομένοντες,
393 303 477 338 αὐτῆς
505 304 554 338 μὲν
580 303 711 338 ἠμέλουν,
743 303 811 337 πρὸς
828 303 910 337 εὐχὴν
926 303 954 328 δὲ

170 349 217 375 καὶ
242 348 369 382 γλῶσσαν
394 348 509 382 ἔτρεπον
535 349 583 374 καὶ
610 348 745 375 διάνοιαν·
774 349 801 374 ’0
818 349 958 382 φωτισμὺς

169 395 258 430 ἡμῶν,
275 395 412 428 λέγοντες,
433 395 534 429 Χριστὲ
548 394 562 419 ὁ
579 393 646 425 θεὸς
663 394 762 428 ἡμῶνί*
778 394 791 419 ὁ
807 394 900 428 ὕϐρεις
923 393 956 420 δι’

170 441 243 475 ἡμᾶς
262 440 394 474 ἐνεγκὼν,
411 441 440 466 ὲν
459 439 529 474 ξύλῳ
544 448 572 466 τε
585 439 739 471 τανυσθεὶς,
757 439 804 465 καὶ
820 440 889 474 ὑπὲρ
903 440 957 466 τῶν

169 485 355 520 ἀναιρούντων
373 494 402 511 σε
421 484 654 520 προσευξάμενος,
675 483 871 518 μακρυθυμίας
891 484 958 518 ἡμῖν

169 531 217 557 καὶ
239 531 339 565 ἀνοχῆς
363 531 442 565 ὄρους
466 530 614 562 ὑποτιθεὶς,
641 530 717 556 ἔπιδε
742 530 789 556 ἐπὶ
809 529 856 563 τὴν
876 529 957 564 ἡμῶν

169 575 333 602 ταπείνωσίν
356 583 385 601 τε
406 576 454 601 καὶ
472 575 603 606 κάκωσιν,
630 575 679 601 καὶ
704 573 795 606 ἐξελοῦ
811 575 886 608 ἡμᾶς
902 573 957 600 τῶν

169 621 296 647 ἐπινοιῶν
312 621 359 654 τῆς
390 621 555 655 κακοτέχνου
571 621 673 654 ταύτης
688 620 736 647 τοῦ
753 620 884 655 τυράννου
904 620 955 654 ψυ-

169 665 231 701 χῆς.
249 665 399 692 Γνώτωσαν
410 666 520 698 πάντες,
535 666 575 692 ὃτι
592 674 621 691 σε
636 665 734 700 ἔχομεν
750 665 817 691 Θεὸν
833 665 861 690 ἐν
875 665 957 699 ούρα-

169 713 225 743 νοῖς
242 711 329 738 πάντα
344 711 504 745 δυνάμενον,
520 711 568 737 καὶ
583 711 627 737 τὸν
641 710 760 745 ἄναρχον
775 719 822 736 σου
838 710 954 744 πατέρα,

169 758 217 783 καὶ
239 757 270 783 τὸ
292 757 478 792 προσκυνητὺν
495 756 541 783 καὶ
565 756 701 790 πανάγιον
718 755 831 790 Πνεῦμα
846 763 892 782 σου
914 755 954 786 εἰς

169 803 231 834 τοὺς
248 802 360 834 αἰῶνας.
384 803 481 837 Ἀμήν.

205 847 242 875 Δ¹.
256 848 349 875 Ταῦτα
364 849 454 879 αὐτοῖς
469 848 640 882 εὐξαμένοις,
656 848 670 874 ὁ
686 847 789 881 Κύριος
802 848 830 874 ὲν
845 846 882 882 τῷ
895 846 955 873 καθ’

168 895 242 929 ἡμᾶς
259 894 324 920 εἴδει
339 895 490 928 ἐπιφανεὶς.
503 893 562 920 λύει
581 894 630 927 μὲν
647 893 680 919 τὰ
698 893 800 927 δεσμά·
813 893 845 918 τὸ
858 893 885 919 δὲ
899 892 955 927 πῦρ

1010 302 1118 336 quidem
1147 303 1320 338 negligebant
1341 306 1396 332 :ad
1420 313 1514 340 preces
1537 317 1599 336 vero
1626 311 1743 346 linguam
1766 318 1794 339 ct

1011 352 1128 375 mentem
1149 349 1353 382 convertebant,
1373 350 1497 378 dicentes
1513 361 1517 378 :
1536 353 1586 385 Qui
1605 363 1634 381 es
1658 356 1793 383 illumina-

1011 394 1047 421 tio
1063 399 1166 428 nostra,
1191 396 1300 423 Christe
1328 398 1397 423 Deus
1415 403 1518 429 uoster,
1535 399 1580 433 qui
1605 406 1715 436 propter
1739 411 1792 430 nos

1011 447 1106 474 passus
1125 447 1155 467 es
1178 441 1304 475 injurias,
1326 446 1352 468 et
1372 442 1398 468 in
1423 443 1497 478 ligno
1520 444 1593 471 fuisti
1612 450 1750 477 extensus,
1768 454 1794 475 et

1011 489 1137 519 precatus
1148 493 1177 512 es
1191 494 1240 520 pro
1255 487 1298 518 iis,
1315 488 1359 522 qui
1384 493 1410 514 te
1438 489 1640 522 intcrimebant,
1658 492 1795 525 patientia:

1010 535 1037 558 ct
1066 531 1215 559 tolerantiae
1230 532 1338 560 decreta
1364 534 1445 561 nobis
1470 543 1637 570 proponens,
1656 538 1748 572 aspice
1762 540 1795 566 ad

1011 577 1194 604 humilitatem
1210 584 1329 606 nosuam
1359 585 1388 606 et
1402 580 1586 614 aﬁlictioncm,
1602 587 1630 610 et
1645 583 1729 611 libera
1746 592 1796 611 nos

1011 623 1261 652 machinationibus
1291 627 1414 653 scelerati
1443 628 1526 654 animi
1563 629 1643 663 hujus
1676 631 1794 665 tyranni.

1011 667 1103 695 Sciant
1112 676 1207 696 omnes
1218 677 1267 696 nos
1276 675 1301 697 te
1313 671 1412 699 habere
1423 672 1505 699 Deum
1518 673 1544 700 in
1557 675 1641 707 callis,
1651 677 1696 710 qui
1709 681 1796 711 potest

1010 714 1112 745 omnia.
1134 720 1162 742 et
1181 716 1226 750 qui
1245 722 1286 743 est
1303 717 1360 744 sine
1374 718 1518 754 principio,
1536 724 1612 746 tuum
1633 720 1753 753 Patrem,
1768 728 1795 749 et

1008 759 1180 787 adorandum
1196 766 1272 788 tuum
1285 767 1313 790 et
1328 764 1531 792 sanctissimum
1552 765 1684 801 Spiritum
1702 767 1729 794 in
1745 775 1796 794 sa:-

1009 805 1080 832 cula.
1098 807 1196 834 Amen.

1044 851 1089 879 ιν.
1105 853 1171 880 Cum
1188 853 1228 880 sic
1243 860 1335 882 essent
1356 858 1468 890 precati,
1485 857 1511 884 in
1529 863 1621 885 nostra
1639 859 1724 887 forma
1745 868 1794 896 ap-

1010 906 1108 932 parens
1122 899 1263 933 Dominus,
1282 901 1361 928 solvit
1377 902 1486 937 quidem
1501 904 1608 931 vincula
1622 914 1627 931 :
1643 905 1731 940 ignem
1748 915 1795 933 au-

168 938 297 973 δροσὶζει,
312 938 406 974 ὥσπερ
423 938 488 964 ποτε
522 939 578 969 τοῖς
595 939 624 964 ὲν
644 937 776 972 Ἀσσυρίᾳ
791 937 893 986 natet:
910 937 953 963 καὶ

1006 947 1063 971 tem
1077 944 1186 977 irrorat,
1199 947 1336 981 quomodo
1349 948 1442 982 pueris
1455 949 1518 976 olim
1535 950 1563 976 in
1579 951 1688 986 Assyria
1699 960 1706 984 ;
1717 958 1742 979 et
1755 954 1794 980 sic

171 984 256 1015 οὕτως
270 984 294 1010 οἱ
308 983 380 1018 ἅγιοι
395 984 508 1016 ἀπαθεῖς
526 984 573 1011 καὶ
589 984 664 1015 σῶοι.
679 984 740 1010 κατ’
752 983 814 1017 δψιν
827 982 866 1017 τῷ
880 982 956 1017 βασι-

169 1029 211 1055 λεῖ
232 1029 419 1063 παρέστησαν.
443 1030 472 1056 'U
491 1029 519 1055 δὲ
538 1030 625 1064 παχὺς
647 1028 686 1055 ὢν
698 1028 794 1063 κομιδῆ
809 1028 858 1054 καὶ
871 1027 956 1054 ἀσύν-

170 1082 241 1106 ιτος,
269 1073 331 1100 οὔτε
344 1074 383 1109 τῷ
399 1074 538 1109 ταραδόξῳ
551 1074 737 1106 καταπλαγεὶς
751 1073 797 1099 τοῦ
809 1073 955 1107 θεάματος,

168 1118 230 1144 οὔτε
244 1118 298 1143 τῶν
315 1118 461 1152 μαρτύρων
475 1118 524 1152 τὴν
539 1118 646 1152 ἄμαχον
662 1117 813 1152 καρτερίαν
828 1117 957 1152 δυσωπη-

170 1163 226 1194 θείς
240 1170 246 1177 ’
263 1163 295 1188 Τι
313 1163 389 1196 ὑμῖν,
408 1162 470 1196 ἔφη,
483 1162 567 1193 δοκεῖ,
583 1162 650 1195 πρὸς
668 1162 754 1195 ὄνομα
779 1161 890 1191 τούτους
906 1169 957 1186 κα-

170 1208 250 1238 λέσας
266 1216 273 1239 ;
289 1205 333 1242 ἆρ’
349 1207 462 1233 ἔπεισαν
475 1206 547 1240 ὑμᾶς
565 1205 592 1231 al
611 1205 709 1239 μικραὶ
729 1202 809 1232 αὗται
830 1204 956 1239 βάσανοι,

170 1250 321 1287 ἀῖῖοστῆναι
343 1253 393 1286 μὲν
406 1253 454 1286 τῆς
467 1251 644 1285 πανωλέθρου
662 1250 766 1284 πλάνης
781 1251 869 1284 ὑμῶν,
886 1248 956 1282 εἶξαι

167 1299 196 1324 δὲ
223 1300 278 1329 τοῖς
305 1298 449 1333 ἡμετέροις
479 1297 683 1332 θεσπίσμασιν;
700 1297 735 1322 Ἦ
760 1296 800 1322 ἐτι
824 1296 955 1330 ἐμμένειν

171 1344 296 1370 ϐούλεσθε
309 1345 342 1379 τῇ
359 1344 462 1378 ἀπάτῃ,
477 1345 537 1375 ταῖς
553 1343 630 1378 ὑμῶν
646 1343 784 1377 γοητείαις
795 1342 956 1378 ὲπιοαρῤεϊν

169 1391 299 1425 ἐχοντες;
319 1390 349 1416 '0
374 1390 508 1425 μακάριος
526 1389 679 1420 ’Λκίνδυνος
697 1389 874 1424 ἁπεκρίνατο,
889 1388 956 1423 Γοη-

169 1436 243 1467 τείας
271 1435 320 1471 μὲν
345 1435 407 1462 οὔτε
440 1436 529 1469 ἴσμεν,
562 1434 623 1461 οὔτε
649 1435 714 1461 ποτε
741 1434 953 1469 μεμαθήκαμεν,

174 1480 238 1507 οὔτε
257 1482 432 1516 φενακισμοῖς
447 1481 578 1511 τοιούτοις
593 1481 674 1515 ἡμεῖς
689 1480 874 1516 ἐχρησάμεθα.
885 1478 953 1504 Ἀλλ’

169 1528 230 1553 ἐπεὶ
247 1527 295 1562 τὴν
317 1527 522 1562 ἀνυπέρϐλητον
540 1527 587 1553 τοῦ
608 1526 675 1553 Θεοῦ
691 1526 817 1560 δύναμιν,
842 1526 889 1551 καὶ
904 1524 954 1555 τὰς

171 1571 241 1606 ὑπὲρ
257 1572 337 1606 φύσιν
355 1571 529 1607 θεοσημείας,
556 1572 684 1606 γοητείαν
702 1569 772 1598 εἶναι
792 1570 953 1605 ὑπολαμϐά-

171 1625 236 1648 νεις,
253 1617 389 1652 φαντασίᾳ
405 1625 446 1649 τε,
462 1618 508 1643 καὶ
533 1618 583 1643 οὐκ
597 1617 711 1652 ἀληθείᾳ.
727 1616 813 1643 ταῦτα
829 1617 952 1647 ὑπονοεῖς

171 1662 306 1695 γίνεσθαι,
325 1662 423 1694 eum;
440 1662 471 1688 τὸ
495 1662 587 1688 λοιπὸν
605 1661 666 1698 ἔσῃ,
689 1663 734 1688 καὶ
751 1661 800 1696 τὴν
829 1662 953 1695 γλῶτταν

171 1708 368 1742 πεπεδημένος,
387 1708 420 1734 ἵν’
433 1707 537 1734 οἴκοθεν
549 1709 578 1734 τὸ
596 1708 745 1743 μαρτύριον
762 1708 826 1743 ἔχῃς
840 1710 890 1742 τῆς
905 1707 953 1734 τοῦ

170 1752 238 1780 Θεοῦ
255 1753 408 1788 δυνάμεως.
422 1754 508 1789 Εἴπερ
525 1753 570 1780 οὖν
590 1753 680 1787 λέγειν
695 1753 836 1787 δεδύνησαι
851 1774 859 1787 ,
881 1753 952 1786 εἰπὲ,

171 1799 255 1830 ποίοις
267 1800 340 1834 ἡμᾶς
356 1799 477 1831 κελεύεις
491 1799 571 1826 θῦσαι
583 1800 673 1833 θεοῖς;
693 1801 747 1826 Καὶ
761 1801 811 1827 οὐκ
827 1798 861 1836 ἦν
877 1800 953 1836 φωνὴ

171 1845 218 1870 καὶ
233 1845 282 1870 οὐκ
297 1843 331 1880 ἦν
346 1844 488 1880 ἀκρόασις·
504 1844 561 1871 ἀλλ’
578 1845 676 1879 ἐπίσης
692 1846 748 1876 τοῖς
769 1845 853 1872 αὑτοῦ
869 1845 952 1877 θεοῖς,

170 1892 276 1925 ἄφωνος
294 1891 415 1923 διετέλει,
432 1890 546 1924 νεύματι
571 1891 644 1926 μόνῳ
670 1891 700 1916 τὸ
721 1891 769 1926 τῆς
790 1892 879 1926 ψυχῆς
893 1891 953 1927 βού-

169 1936 244 1971 λημα
271 1936 462 1970 παραφαὶνων.
486 1933 524 1961 Ob
547 1936 596 1970 τὴν
611 1936 702 1963 ἄνοιαν
724 1936 749 1962 οἱ
769 1936 816 1961 τοῦ
833 1936 952 1969 Χριστοῦ

171 1981 327 2015 ἐλέγχοντές
354 1989 382 2006 τε
409 1981 456 2006 καὶ
474 1980 693 2015 διαχλευάζοντες
723 1980 841 2014 ἔφασαν,
871 1979 952 2005 Ἀπο-

172 2027 313 2063 χωροῦμεν
325 2035 332 2042 ”
349 2027 429 2058 αὐτὸς
443 2026 471 2052 δὲ
484 2027 559 2053 οὐδὲν
570 2025 624 2052 οὐδ’
637 2026 704 2056 ὅλως
716 2026 805 2058 λέγεις
822 2025 898 2059 ἡμῖν.

205 2072 242 2098 Ε’.
269 2071 535 2107 Προσποιησαμένων
548 2071 575 2097 δὲ
600 2070 654 2096 τῶν
672 2069 756 2103 ἁγίων
777 2070 826 2104 τὴν
848 2069 954 2104 ἀναχώ-

172 2124 262 2151 ρησιν,
281 2117 386 2150 ἄφωνος
410 2114 443 2151 ἧν
469 2116 568 2150 ὁμοίως
589 2116 604 2141 ὀ
628 2115 776 2150 βασιλεύς·
806 2115 879 2150 Θαμὰ
897 2117 952 2147 τοῖς

171 2161 353 2196 περιεστῶσιν
364 2160 535 2193 ινατενίζων,
550 2161 598 2187 καὶ
613 2161 786 2196 νεύμασιτὴν
801 2161 855 2187 τῶν
868 2161 952 2195 ἁγίων

171 2207 302 2242 σύλληψιν
329 2206 562 2242 διακελευόμενος.
594 2204 661 2233 Εἶτα
688 2206 743 2233 τῶν
767 2207 911 2242 ὑπηρετῶν
938 2207 952 2233 ὃ

170 2253 294 2288 βούλεται
315 2254 433 2279 συνεῖναι
459 2253 497 2287 μὴ
512 2252 679 2287 δυναμένων,
699 2253 838 2288 ἡμιμανὴς
856 2253 951 2288 ὥσπερ

170 2299 217 2325 ὑπ’
231 2299 349 2334 ἀπορίας
363 2299 409 2325 καὶ
428 2298 515 2332 θυμοῦ
536 2299 690 2333 γενόμενος,
711 2301 761 2334 τὴν
776 2300 901 2335 χλαμύδα
921 2309 951 2326 τε

171 2344 349 2380 περιέρρηξε,
376 2343 424 2370 καὶ
453 2343 467 2370 δ
486 2343 594 2378 λέγεται
629 2345 806 2380 βιϐλατώριον
835 2346 876 2377 εἰς
903 2347 954 2381 γῆν

172 2387 319 2425 ἀπέρριψε,
336 2390 382 2415 καὶ
399 2388 469 2415 οὕτω
491 2389 555 2420 τοὺς
572 2389 710 2424 παρόντας
733 2391 773 2422 εἰς
789 2389 879 2417 οῐκτον
894 2392 954 2424 ὲξε-

173 2435 290 2461 καλεϊτο.
312 2435 344 2461 Ui.
367 2434 396 2460 δὲ
409 2434 456 2461 τοῦ
471 2434 590 2470 Χριστοῦ
616 2436 792 2470 στρατιῶται,
809 2437 908 2469 αὐτούς
923 2446 953 2463 τε

173 2479 220 2505 καὶ
234 2479 279 2505 τδν
291 2479 422 2514 τύραννον
430 2481 479 2514 τῆς
495 2480 586 2511 ἀνοίας
595 2482 885 2515 κατοικτισάμενοι,Ὣ
899 2491 952 2518 1n]-

174 2523 282 2559 ρώσεως
297 2524 456 2560 ἀνθρώπων,
473 2526 587 2561 ἔφησαν·
602 2527 643 2553 ὄτι
654 2527 762 2558 ἑκόντες
775 2529 839 2560 τοὺς
853 2528 953 2563 ὀφθαλ-

173 2570 240 2604 μοὺς
260 2569 455 2604 καταμύοντες,
482 2572 512 2597 οὐ
540 2571 681 2606 βούλονται
706 2573 774 2608 πρὸς
793 2574 824 2600 τὸ
849 2575 952 2608 ῳέγγος

171 2615 294 2642 ἀτενίσαι
316 2615 366 2650 τῆς
381 2615 515 2650 ἀληθείας.
537 2618 619 2645 Ἀλλὰ
637 2618 782 2651 διάνοιξον,
797 2620 894 2654 Κύριε,
920 2620 953 2646 τὰ

171 2661 282 2695 ὕμματα
307 2661 357 2694 τῆς
384 2661 496 2695 καρδίας
523 2663 622 2696 αὐτῶν,
645 2664 717 2691 ὥστε
736 2665 806 2699 φωτὶ
827 2665 878 2700 τῆς
904 2667 953 2700 σῆς

171 2706 297 2740 γνώσεως
323 2706 570 2742 περιανγασθῆναι,
590 2711 638 2736 καὶ
663 2711 830 2746 κατανοῆσαι
858 2711 891 2737 τὰ
919 2711 953 2737 σὰ

172 2751 332 2786 Θαυμάσια,
358 2752 406 2779 καὶ
433 2753 464 2778 τὸ
489 2754 675 2790 προσκύνητόν
694 2765 741 2783 σου
769 2756 881 2790 δοξάσαι
905 2757 953 2783 καὶ

172 2798 303 2828 παναγιον
314 2796 411 2831 δνομα.
421 2796 514 2824 Ταῦτα
529 2798 556 2824 δὲ
576 2799 664 2826 αὐτῶν
678 2800 849 2837 εὐξαμένων,
867 2810 951 2837 στρα-

171 2841 215 2872 τὸς
238 2842 329 2874 αὐτοῖς
342 2843 485 2877 ἀγγελικὺς
500 2844 684 2878 ἐπιφαίνεται,
700 2843 737 2872 ὧν
752 2847 802 2882 τὴν
825 2846 951 2882 λαμπρό-

171 2895 241 2922 τητα
266 2888 291 2915 οι
315 2888 363 2920 τὰς
381 2888 464 2924 κόρας
487 2889 536 2925 τῆς
563 2889 651 2926 ψυχῆς
670 2891 896 2926 ἀμϐλυώττοντες
913 2893 950 2928 μὴ

1008 991 1095 1018 sancti
1112 991 1186 1018 illazsi
1202 997 1230 1019 et
1250 993 1317 1020 salvi
1342 994 1465 1029 producti
1491 1001 1555 1023 sunt
1572 997 1598 1023 in
1618 1003 1794 1033 conspectum

1009 1036 1090 1069 regis.
1108 1037 1154 1064 llle
1171 1042 1263 1065 autem
1278 1046 1341 1066 cum
1366 1044 1440 1067 esset
1454 1041 1532 1068 valde
1548 1050 1656 1071 crassus
1679 1049 1707 1071 et
1728 1046 1795 1072 insi-

1008 1081 1096 1114 piens.
1112 1090 1202 1117 neque
1226 1084 1377 1112 admirabili
1401 1087 1557 1120 spectaculo
1579 1090 1793 1124 obstupefactus,

1009 1131 1097 1158 neque
1124 1131 1270 1160 martyrum
1302 1129 1401 1156 invicta
1429 1135 1518 1158 motus
1546 1134 1792 1167 patientiatQuid.

1009 1169 1108 1202 inquit,
1126 1171 1203 1198 vobis
1227 1172 1376 1206 videretur,
1395 1182 1442 1202 eos
1457 1176 1598 1210 appellans
1620 1179 1792 1211 nominatim,

1010 1221 1076 1240 num
1093 1214 1149 1242 hmo
1166 1216 1244 1242 vobis
1260 1224 1342 1251 parva
1359 1224 1554 1252 persuaserunt
1580 1226 1713 1250 tormenta
1732 1228 1760 1251 ut
1778 1234 1793 1251 a

1008 1258 1128 1292 pretioso
1145 1260 1255 1292 quidem
1280 1267 1371 1288 vestro
1396 1271 1489 1291 errore
1516 1265 1675 1301 discedatis,
1692 1270 1794 1297 nostris

1008 1310 1099 1332 autem
1117 1307 1212 1334 edictis
1230 1309 1355 1335 cedatis?
1372 1318 1406 1336 an
1421 1311 1511 1339 adhuc
1538 1313 1618 1341 vultis
1633 1322 1794 1349 permanere

1008 1350 1036 1377 in
1051 1359 1152 1383 errore,
1174 1354 1271 1380 vestris
1288 1353 1351 1381 freti
1367 1356 1531 1392 prtestigiis?
1557 1358 1707 1394 Respondit
1728 1361 1793 1388 bea-

1009 1399 1052 1422 tus
1075 1396 1231 1432 Acindynus
1250 1405 1257 1424 τ
1278 1397 1430 1435 Prmstigias
1453 1402 1561 1436 quidem
1578 1411 1666 1438 neque
1681 1405 1792 1438 scimus,

1007 1447 1096 1474 neque
1122 1449 1241 1476 unquam
1276 1443 1433 1476 didicimus,
1466 1453 1555 1481 neque
1585 1455 1704 1484 unquam
1735 1451 1793 1477 tali-

1007 1486 1057 1513 bus
1093 1487 1134 1514 usi
1170 1496 1266 1515 sumtis
1299 1490 1466 1525 imposturis.
1503 1493 1556 1520 Sed
1591 1496 1718 1528 quoniam
1748 1497 1793 1524 Dei

1006 1531 1078 1559 vires
1095 1533 1303 1567 insuperabiles,
1331 1541 1358 1562 et
1383 1545 1442 1571 qua:
1476 1543 1539 1565 sunt
1560 1547 1642 1574 supra
1668 1547 1792 1570 naturam

1007 1576 1082 1612 signa
1108 1578 1209 1611 divina,
1231 1585 1310 1614 putas
1328 1589 1388 1609 esse
1409 1584 1568 1619 praestigias,
1584 1585 1743 1622 visioneque
1766 1594 1793 1616 et

1007 1625 1062 1650 non
1078 1631 1172 1651 revera
1184 1625 1241 1653 haec
1252 1627 1309 1654 ﬁeri
1324 1629 1481 1663 suspicaris,
1491 1630 1543 1657 eris
1560 1631 1688 1667 deinceps
1700 1638 1792 1661 mutus

1006 1673 1032 1695 et
1048 1669 1138 1705 lingua
1155 1671 1312 1706 impeditus,
1323 1678 1359 1713 _ut
1376 1681 1409 1700 ex
1426 1674 1513 1709 teipso
1526 1676 1710 1704 testimonium
1722 1678 1793 1706 feras

1005 1713 1053 1742 Dei
1073 1715 1192 1743 virtutis.
1210 1716 1238 1743 Si
1266 1724 1344 1752 potes
1358 1726 1423 1754 ergo
1437 1720 1540 1752 dicere,
1558 1722 1611 1754 die,
1628 1722 1791 1757 quibusnam

1005 1759 1056 1787 diis
1081 1768 1129 1788 nos
1154 1761 1233 1796 jubes
1262 1764 1435 1792 sacriﬁcare?
1451 1766 1511 1793 Non
1535 1772 1593 1794 erat
1615 1773 1706 1795 autem
1730 1777 1790 1802 vox,

1006 1814 1092 1842 neque
1109 1808 1222 1841 auditio,
1240 1810 1286 1837 sed
1301 1815 1360 1838 erat
1375 1816 1476 1844 mutus,
1491 1821 1545 1840 non
1561 1821 1639 1842 secus
1659 1820 1740 1850 atque
1754 1815 1791 1843 dii

1005 1855 1074 1888 ejus,
1090 1855 1149 1882 solo
1164 1860 1232 1882 nutu
1259 1856 1385 1884 indicans
1403 1859 1486 1885 animi
1508 1860 1688 1889 voluntatem.
1705 1862 1791 1897 Cuius

1005 1899 1151 1927 amentiam
1166 1899 1268 1928 Christi
1284 1902 1355 1930 servi
1372 1909 1520 1938 arguentes
1536 1910 1562 1932 et
1577 1907 1731 1941 irridentes,
1746 1908 1790 1936 di-

1004 1945 1103 1971 cebant
1117 1953 1124 1971 :
1140 1944 1313 1980 Recedimus,
1342 1952 1368 1975 tu
1384 1953 1475 1976 autent
1491 1950 1556 1978 nihil
1575 1953 1651 1979 nobis
1675 1954 1787 1982 omnino

1003 1989 1081 2016 dicis.

1038 2065 1069 2093 V.
1088 2066 1155 2094 Cum
1170 2073 1262 2096 autem
1278 2069 1420 2098 ﬁnxissent
1433 2072 1521 2100 sancti
1537 2080 1566 2100 se
1582 2074 1719 2106 recedere,
1731 2081 1788 2103 erat

1005 2117 1051 2137 rex
1070 2117 1162 2140 mutus
1175 2113 1310 2145 similiter,
1329 2117 1425 2142 crebro
1442 2117 1561 2151 deﬁgens
1577 2119 1669 2145 oculos
1685 2119 1711 2146 in
1729 2127 1788 2154 eos,

1005 2157 1049 2190 qui
1062 2157 1310 2192 circumsistebant,
1329 2164 1355 2186 et
1370 2166 1437 2188 nutu
1451 2162 1562 2195 jubens,
1579 2168 1608 2190 ut
1621 2169 1789 2193 sauclicont-

1005 2201 1252 2236 prebenderentur.
1265 2205 1367 2232 Deinde
1379 2213 1440 2232 cum
1455 2207 1572 2235 ministri
1582 2209 1654 2243 quod
1670 2210 1787 2244 volebat,

1004 2255 1058 2274 non
1074 2250 1356 2285 possentintelligere,
1377 2259 1433 2286 prae
1446 2252 1484 2279 ira
1496 2258 1523 2280 et
1540 2254 1707 2284 dubitatione
1722 2257 1790 2286 effe-

1003 2297 1064 2320 ctus
1087 2295 1280 2328 semiinsanus,
1307 2297 1380 2331 rupit
1403 2298 1583 2334 chlamydem,
1612 2305 1640 2329 et
1667 2302 1693 2330 id
1717 2305 1787 2338 quod

1003 2339 1185 2368 ﬁbulatorium
1207 2342 1318 2374 dicitur,
1335 2344 1410 2371 humi
1433 2345 1550 2380 disjecit,
1569 2352 1595 2375 et
1616 2349 1655 2377 sic
1671 2357 1728 2382 eos,
1742 2350 1789 2385 qui

1001 2386 1125 2419 aderant,
1155 2389 1268 2416 vocabat
1283 2390 1317 2417 ad
1340 2391 1564 2421 misericoIdiam.
1582 2394 1683 2423 Christi
1699 2402 1788 2424 autem

1002 2432 1103 2460 milites
1135 2437 1163 2460 et
1199 2434 1272 2468 ipsos
1295 2440 1323 2462 et
1350 2441 1494 2472 tyrannum
1531 2439 1653 2468 miserati
1678 2447 1789 2477 propter

1002 2478 1161 2511 amentiam,
1176 2479 1198 2506 Ο
1211 2479 1352 2508 hominum
1376 2483 1540 2511 caecitatem!
1566 2485 1701 2519 dixerunt,
1716 2489 1788 2521 quod

1005 2529 1053 2548 sua
1068 2527 1164 2557 sponte
1179 2523 1337 2552 claudentes
1349 2527 1455 2561 oculos,
1472 2528 1571 2556 intueri
1587 2531 1683 2557 nolunt
1699 2531 1788 2559 lucem

1004 2569 1136 2596 veritatis.
1155 2569 1207 2598 Sed
1224 2572 1309 2606 aperi,
1327 2573 1451 2606 Domine,
1465 2574 1559 2601 oculos
1576 2575 1666 2603 cordis
1682 2584 1787 2610 eorum,

1005 2619 1034 2641 ut
1048 2615 1236 2644 illuminentur
1252 2618 1312 2646 luce
1331 2619 1377 2646 Dei
1395 2619 1571 2655 cOgnitionis,
1589 2625 1617 2647 et
1638 2626 1683 2649 tua
1698 2623 1788 2651 consi-

1004 2661 1100 2689 derent
1123 2663 1264 2697 miracula,
1287 2669 1314 2692 et
1331 2665 1500 2692 adorandum
1518 2671 1544 2693 et
1561 2671 1684 2694 sanctum
1710 2672 1788 2697 tuum

1002 2717 1102 2737 nomen
1117 2711 1280 2746 signiﬁcent.
1296 2712 1363 2740 Cum
1387 2713 1444 2741 haec
1455 2718 1547 2741 autem
1562 2720 1655 2742 essent
1670 2718 1785 2751 precati,

1002 2757 1041 2784 eis
1052 2763 1165 2792 apparet
1179 2759 1316 2785 exercitus
1334 2759 1504 2794 angelorum,
1519 2767 1635 2795 qucrum
1661 2762 1788 2797 splendo—

1002 2809 1058 2828 rem
1074 2801 1145 2828 Ierre
1161 2809 1215 2828 non
1236 2802 1369 2835 valentes,
1385 2803 1430 2838 qui
1458 2804 1545 2832 oculis
1570 2805 1668 2833 animae
1686 2807 1787 2842 caliga-

1004 2846 1080 2880 bant,
1096 2847 1170 2874 humi
1186 2847 1355 2876 ceciderunt.
1377 2848 1468 2878 Sancti
1485 2858 1550 2878 vero
1562 2858 1625 2878 cum
1650 2851 1698 2879 Dei
1720 2860 1787 2880 con-

1005 2897 1113 2922 suetum
1144 2894 1293 2923 sensissent
1319 2895 1462 2931 auxilium,
1486 2897 1511 2926 ei
1540 2897 1699 2926 obtulerunt
1728 2905 1785 2933 gra-
