2039 3155
175 143 206 175 Π
596 142 829 173 MARTYRIU.“
853 142 883 171 S.
908 142 1080 171 AClNDlNl
1106 142 1151 171 ET
1171 143 1377 178 SOCJORUM.
1763 145 1795 176 f8

175 201 256 226 πόθον
274 200 320 231 τὰς
338 200 424 235 ψυχὰς
440 200 480 231 είς
503 199 617 226 θάνατον
637 199 815 234 παραδόντες,
831 199 956 230 θάνατον,
970 215 978 228 λ

1029 207 1063 226 2m
1077 200 1235 231 tradidistis,
1252 205 1377 233 mortem,
1391 208 1449 235 quc
1464 201 1544 227 vitam
1560 206 1686 228 :cternant
1707 201 1804 228 conci-

175 245 247 280 ζωὴν
264 246 372 271 αίώνιον
400 246 628 280 μνηστευόμενον.
646 246 720 281 Πλὴν
737 246 804 272 ἀλλὰ
827 247 874 272 καὶ
892 246 958 280 ἡμῖν

176 293 253 326 χεῖρα
273 291 376 326 ὀρέξαι.
395 293 441 318 καὶ
456 291 503 318 τοῦ
519 292 569 326 τῆς
586 292 725 323 ἀπωλείας
749 291 895 318 ἀνελκῦσαι
913 291 960 324 βυ-

177 337 222 363 θοῦ
242 337 447 372 παρακλήθητε.
466 338 498 364 Οἱ
516 337 656 373 μάρτυρες
668 337 697 364 δὲ
713 337 791 371 λόγον
807 337 899 364 αὐτῶν
912 338 960 372 τῆς

177 383 296 417 δεήσεως
312 383 505 417 ποιησάμενοι,
522 383 569 409 καὶ
581 383 658 417 ὄμμα
673 384 713 414 είς
727 383 860 418 οὐρανοὺς
875 383 962 418 ἄραν-

177 437 232 460 τεςι
250 429 262 455 ὸ
277 428 342 459 Θεὸς
355 428 369 453 ὸ
384 427 505 462 ὕψιστος,
520 425 607 459 εἶπον,
622 429 668 454 ἐπὶ
683 429 745 460 τοὺς
758 429 869 459 δούλους
887 429 961 455 ἔπιδε

177 474 240 503 τοὺς
260 473 493 506 ἐπικαλουμένους
517 472 547 498 τὺ
562 472 649 507 ὄνομά
664 481 711 499 σου
727 474 757 499 ὲν
771 473 887 509 ἀληθείᾳ
916 473 963 500 καὶ

180 518 280 555 βροχὴν
308 518 432 545 ἑκούσιον
447 519 578 553 ἀφόρισον
597 519 629 554 τῇ
646 519 694 554 νέᾳ
719 519 887 554 κληρονομίᾳ
905 527 964 550 σου,

178 563 252 593 ὅπως
272 562 314 595 εἴη
330 562 422 593 αὐτοῖς
441 563 458 597 ἡ
472 563 547 597 παρὰ
562 562 607 589 σοῦ
622 563 726 598 δρόσος,
744 564 813 597 ῐαμα
836 564 866 589 τὸ
883 563 966 590 νοσῶ-

179 608 222 638 δες
242 608 290 642 τῆς
307 607 444 641 ἁμαρτίας
463 607 696 642 ἀποκαθαίρουσα,
718 608 765 634 καὶ
784 608 876 635 εἴδωσι
892 608 962 634 πάν-

181 663 237 686 τες,
254 655 295 681 ὅτι
310 654 342 680 σὺ
358 651 383 680 εί
401 653 483 688 μόνος
499 653 576 687 Θεὸς,
593 654 638 680 καὶ
654 654 693 690 τῷ
711 654 750 690 σῷ
766 655 862 688 κράτει
879 654 967 681 πάντα

181 700 314 732 πείθεται,
344 698 465 733 βασιλεῦ.
483 699 557 732 Ἀμα
586 698 615 725 δὲ
629 699 668 734 τῷ
682 699 754 726 τέλει
777 699 827 734 τῆς
851 707 969 734 προσευ-

182 747 243 780 χῆς,
259 745 399 780 ἀστραπαί
417 753 447 771 τε
462 744 568 780 ἀθρόως
595 745 767 780 ἐκτρίϐονται
783 746 832 772 καὶ
858 745 970 780 βρονταὶ

184 792 437 827 καταρῤήγνυνται,
459 790 506 817 καὶ
527 790 655 825 ῥαγδαῖος
670 791 772 826 ὖμὸρος
788 792 920 826 ἐκχεῖται,
933 791 970 822 ὡς

185 837 368 871 συσχεθέντας
401 836 475 870 φόῦῳ
503 837 566 867 τοὺς
593 836 743 868 ἐναντίους,
770 836 834 871 τῇδε
858 837 970 863 κάκεῖσε

182 882 501 920 διασκεδάννυσθαι,.τῶν
517 882 739 909 πεπιστευκότων
752 882 863 917 Χριστῷ
879 882 969 917 μόνον,
988 878 1010 907 tt

183 930 240 959 τοῖς
264 928 351 961 ἁγίοις
374 928 493 962 μάρτυσι
511 928 809 962 συμπεριλειφθέντων.
826 927 898 963 Πρὸς
925 927 972 959 οὓς

183 973 209 999 ot
225 973 296 1006 ἃγιοι
309 981 315 988 ·
329 973 374 1007 Μὴ
389 973 527 1007 φοϐεῖσθε,
541 971 628 1005 εἷπον,
641 974 730 1008 ὑμεῖς,
747 974 773 1000 οἱ
788 973 897 1008 Χριστῷ
907 974 971 1000 ἑαυ-

184 1019 247 1049 τοὺς
262 1018 434 1052 ἀναθέμενοι,
451 1019 512 1045 ἐπεὶ
527 1019 573 1044 καὶ
585 1018 619 1045 δι“
635 1019 705 1052 ὑμᾶς
722 1018 807 1045 ταῦτα
822 1019 926 1052 γέγονε.

223 1062 263 1088 Il'.
289 1062 439 1097 Σύμφωνον
456 1062 504 1088 οὖν
523 1062 562 1097 τῷ
587 1062 647 1096 Θεῷ
662 1063 711 1097 τὴν
732 1062 886 1095 δοξολογίαν
909 1063 974 1089 ἁνα-

187 1108 364 1142 πεμπόντων,
375 1107 500 1140 ἀγγέλων
516 1107 619 1141 ἐπέστη
636 1107 751 1142 πληθὺς,
764 1107 863 1138 λευκὰς
876 1107 974 1138 αὐτοὺς

186 1152 359 1187 ὀμφιεννῦσα
393 1152 500 1183 στολὰς,
531 1151 561 1176 τὸ
588 1152 796 1187 κεκαθαρμένον
823 1152 894 1185 τάχα
926 1152 975 1186 τῆς

187 1195 276 1230 ψυχῆς
291 1193 549 1229 παρεμφαινούσας,
567 1196 599 1230 τῇ
617 1195 706 1220 πίστει
721 1203 750 1221 τε
771 1195 817 1221 καὶ
832 1195 870 1229 τῷ
884 1195 973 1222 ὕδατι.

194 1241 224 1266 ’0
245 1240 273 1266 δὲ
288 1240 338 1274 τὴν
356 1240 453 1274 μανίαν
469 1240 581 1274 ἄσχετος
599 1239 728 1275 βασιλεὺς
743 1240 779 1271 ὡς
798 1241 896 1272 ἔοικεν,
915 1238 974 1266 εἶπε

188 1286 257 1320 πρὸς
273 1286 335 1316 τοὺς
353 1285 447 1319 ὰγῖους
461 1285 499 1311 Τὸ
513 1285 652 1319 φείδεσθαί
668 1295 702 1320 με
724 1287 773 1320 τῆς
790 1286 865 1320 ὑμῶν
881 1286 975 1320 νεότη-

188 1341 233 1362 τος
258 1332 369 1365 καὶτῆς
384 1331 459 1366 ὦρας
477 1332 685 1366 καταφρονῆσαι
707 1339 758 1366 μου
782 1331 829 1358 τοῦ
858 1332 976 1366 κράτους

189 1379 352 1414 πεποίηκεν.
372 1377 452 1404 Ἀλλὰ
475 1378 519 1404 διὰ
543 1378 597 1404 τῶν
622 1378 710 1413 ἔργων
727 1377 835 1404 είσεσθε
852 1379 972 1410 πάντως,

190 1424 336 1458 ἀλυσιτελῆ
357 1425 405 1450 καὶ
429 1423 578 1458 ἀσύμφορα
602 1424 708 1455 ἑαυτοῖς
735 1424 888 1457 ποιοῦντες,
907 1424 977 1459 πλὴν

190 1471 305 1505 ἐπείπερ
328 1470 378 1505 οὐχ
401 1467 483 1504 ἦττον
506 1469 553 1496 τ’λῦ
573 1469 705 1495 δύνασθαι
728 1470 776 1496 καὶ
792 1469 823 1496 τδ
842 1469 979 1505 μακροθυ-

193 1518 255 1551 μεῖν
272 1517 337 1551 ἡμῖν
355 1517 502 1551 πρόσεστιν
516 1516 678 1551 ἀνεχόμενοι
693 1516 741 1542 καὶ
763 1515 803 1542 ἔτι
828 1517 877 1551 τῆς
893 1517 978 1551 ἀφρο-

193 1563 278 1596 σύνης
308 1561 386 1596 ὑμῶν
417 1561 641 1596 συμεουλεύομεν
670 1561 827 1595 πεισθῆναι,
858 1562 906 1587 καὶ
935 1551 1014 1587 τδνο

192 1608 295 1641 γλυκὺν
319 1607 413 1633 τοῦτον
430 1606 562 1642 κερδῆσαι
580 1606 668 1641 ἥλιον,
695 1607 740 1632 καὶ
755 1606 793 1641 μὴ
812 1605 937 1641 πρόωρόν
951 1614 981 1632 τε

193 1655 242 1680 καὶ
270 1653 369 1687 πικρὸν
393 1653 598 1678 ἐπισπάσασθαι
616 1652 747 1679 θάνατον·
777 1651 846 1678 ἀλλὰ
865 1653 980 1686 προτελ-

195 1700 302 1730 θόνεας,
317 1698 399 1724 θῦσαι
416 1699 472 1728 τοῖς
485 1697 631 1728 δεσπόταις
654 1697 734 1728 θεοῖς.
756 1697 788 1723 Ὀ
808 1696 982 1731 ἆγιοςἋκίν-

194 1745 271 1775 δυνος
283 1753 289 1760 ·
313 1744 420 1778 ΊΙμεῖς,
439 1741 529 1774 εἷπεν,
548 1743 597 1769 ἕνα
613 1743 678 1768 Θεὸν
697 1743 809 1777 οῐδαμεν
822 1743 868 1768 τὸν
884 1743 913 1769 ἐν
939 1743 982 1768 οὐ-

196 1791 299 1825 ρανοῖς,
316 1791 363 1817 καὶ
386 1789 461 1824 αὐτῷ
481 1789 554 1824 μόνῳ
571 1788 750 1823 λατρεύομεν,
777 1788 816 1822 τῷ
838 1788 982 1824 δυναμένῳ

197 1836 278 1871 σῶμά
290 1844 318 1862 τε
335 1836 382 1862 καὶ
394 1835 483 1870 ψυχὴν
508 1834 612 1869 αἰωνίῳ
628 1835 696 1869 πυρὶ
714 1836 889 1869 κατακρϊναι.
910 1835 982 1870 Πρὸς

196 1881 282 1908 ταῦτα
305 1882 319 1908 ό
346 1881 488 1916 βασιλεύς*
510 1880 564 1907 Καὶ
586 1880 668 1911 αὐτὸς
695 1880 760 1913 ἐγὼ,
775 1880 837 1914 ἔφη,
852 1880 893 1907 ἐνὶ
917 1881 977 1915 Θεῷ

197 1928 361 1963 προσκυνεῖν
376 1927 449 1961 ὑμᾶς
464 1926 605 1961 βούλομαι.
626 1926 680 1952 Καὶ
704 1926 762 1957 πῶς
779 1926 878 1960 τούτῳ,
905 1924 982 1953 εἶπεν

196 1975 211 2000 ὁ
238 1973 355 2009 μάρτυς,
383 1973 458 1999 θύειν
483 1972 626 2004 ualebat“
652 1972 739 2007 Ἐμοὶ“
759 1971 983 2004 ἀκολουθοῦντες,

198 2020 292 2054 φησὶν,
306 2019 372 2053 ὅπερ
387 2018 420 2044 ἂν
435 2017 485 2052 ἐμὲ
501 2017 574 2052 ῐδητε
593 2015 734 2048 ποιοῦντα,
763 2015 810 2042 καὶ
826 2015 908 2049 ὑμεῖς
924 2023 985 2041 ποι-

197 2065 262 2090 εῖτε.
285 2063 366 2089 Ἀλλὰ
396 2063 428 2089 σὺ
455 2062 522 2096 μὲν,
544 2063 569 2088 οἱ
592 2061 729 2096 μάρτυρες
757 2059 872 2094 ἔφησαν,
889 2060 984 2096 ὥσπερ

198 2108 345 2135 ἐπίστασαι
366 2108 413 2134 καὶ
429 2108 553 2143 ποιήσεις
568 2115 577 2123 ⁸
591 2108 672 2142 ἡμεῖς
685 2106 708 2133 δ’
727 2104 760 2133 αὖ
776 2105 858 2133 πάλιν
874 2106 912 2138 ὡς
931 2106 985 2133 ἐδι-

197 2153 347 2188 δάχθημεν,
361 2152 516 2184 ἀκολούθως
530 2153 678 2187 δράσομεν.

233 2199 272 2226 Θ¹.
291 2198 402 2230 Τούτοις
426 2199 518 2233 ἡσθεὶς
540 2199 554 2225 ὁ
579 2199 723 2233 βασιλεύς·
746 2200 800 2226 Καὶ
815 2199 899 2232 διατί,
917 2199 981 2234 ἔφη,
1001 2214 1022 2242 D

199 2245 238 2278 μὴ
252 2244 305 2279 πρὸ
317 2243 416 2270 πολλοῦ
434 2243 515 2270 τοῦτο
527 2244 710 2278 πεποιήκατε,
737 2244 805 2271 ἀλλά
820 2253 854 2279 με
871 2245 939 2280 πρὸς
954 2245 985 2270 τὸ

199 2291 275 2325 παρὰ
293 2289 375 2324 φύσιν
391 2289 579 2322 ὲξεῦιάσασθε,
600 2289 671 2316 ὥστε
688 2290 904 2325 προσενεχθῆναι
930 2292 985 2322 τοῖς

199 2335 339 2370 φιλτάτοις
353 2336 416 2370 ὑμῖν
429 2335 466 2366 ὡς
483 2335 522 2371 μὴ
537 2336 609 2368 ἔδεις
632 2337 706 2371 ὅμως
721 2335 758 2367 ὥς
774 2344 805 2362 τε
819 2337 904 2370 πατρὶ
921 2335 988 2370 σύγ-

199 2390 302 2415 γνωτε,
330 2382 375 2408 διὰ
402 2382 527 2414 παιδείας
552 2383 625 2416 ὑμᾶς
655 2382 831 2417 ἐπιστρέψαι,
846 2382 894 2409 καὶ
910 2383 987 2418 παρὰ

201 2428 315 2463 γνώμην
332 2429 541 2463 ἀναγκασθέντι.
561 2428 656 2456 Ταῦτα
682 2428 768 2455 εἰπὼν
787 2428 834 2455 τοῦ
850 2429 988 2464 ὀχήματος

203 2474 299 2507 ἐπέϐη,
324 2475 373 2501 καὶ
395 2475 581 2509 συνεδριάξειν
604 2474 678 2509 αὐτῷ
698 2474 762 2505 τοὺς
785 2474 879 2508 ἁγίους
899 2483 985 2508 προσ-

203 2518 343 2544 εκαλεῖτο·
365 2520 390 2545 οἱ
409 2519 447 2552 δὲ,
471 2520 517 2555 Μὴ
537 2518 644 2554 γένοι’-ιο
667 2519 743 2554 ἡμῖν,
758 2516 782 2546 ὦ
802 2519 924 2554 βασιλεῦ,
946 2520 986 2551 εἰς

202 2564 283 2590 τοῦτο
301 2565 442 2597 παροινίας
458 2567 553 2593 ἐλάσαι
576 2567 612 2598 ὡς
639 2566 784 2600 συνέδρους
803 2574 844 2592 σοι
860 2565 985 2599 γενέσθαι

204 2609 422 2644 κατα-τολμῆσαι,
438 2611 485 2637 καὶ
500 2611 529 2637 τὸ
549 2612 595 2638 σὺν
611 2611 710 2646 κράτος
724 2610 795 2637 οὕτω
811 2609 985 2644 καθυΰρίσαι.

211 2655 281 2682 Ἀλλ’
298 2656 369 2688 ἐμοὶ,
387 2656 469 2690 φησὶν
491 2657 505 2680 ό
532 2656 669 2690 βασιλεὺς,
687 2657 702 2691 ὴ
721 2655 786 2690 παρ’
806 2655 881 2690 ὑμῶν
897 2655 986 2690 ὕϐρις,

205 2702 255 2735 τῆς
279 2701 333 2728 τῶν
357 2701 444 2728 ἄλλων
471 2701 597 2736 ὑπηκόων
611 2702 780 2736 αἱρετωτὲρα
794 2700 888 2735 τιμῆς.
912 2701 988 2727 Ἐπεὶ

206 2748 232 2774 δὲ
260 2747 327 2781 πρὸς
351 2747 390 2782 τῷ
412 2747 468 2781 ναῷ
492 2744 572 2782 ἦσαν,
591 2747 647 2777 ἐνὸς
661 2746 716 2772 τῶν
731 2746 816 2780 ἁγίων
840 2744 987 2779 λαϐόμενος

241 2841 250 2856 ι
266 2841 356 2868 muti.
375 2848 399 2873 κ,
421 2840 464 2867 es.

1012 246 1070 272 liat.
1087 245 1222 272 (la-terum
1241 250 1270 272 ut
1286 245 1363 272 nobis
1377 254 1485 280 quoque
1506 254 1612 273 manum
1630 247 1758 281 prtebeat,
1775 249 1802 272 et

1013 297 1064 318 nos
1084 290 1209 317 extrahat
1234 298 1267 318 ex
1294 289 1429 325 profundo
1456 291 1592 324 interitus,
1616 299 1678 319 eum
1699 297 1802 327 rogate.

1014 335 1145 371 Martyres
1161 340 1252 362 autem
1272 343 1332 362 cum
1359 343 1452 362 eorum
1477 343 1585 369 procum
1601 337 1740 364 duxissent
1760 345 1803 363 ra-

1014 381 1128 412 tionem.
1144 386 1172 408 ct
1187 381 1281 408 oculos
1299 381 1324 407 in
1343 381 1441 408 cmlum
1458 381 1653 408 sustulissent:
1667 382 1804 409 Altissimc

1015 426 1096 458 Deus,
1114 425 1254 458 dixerunt,
1271 426 1360 460 aspice
1383 426 1415 452 ad
1441 433 1535 452 servos
1559 429 1628 458 tuos,
1645 427 1690 460 qui
1703 434 1802 453 nomen

1015 475 1091 498 tuum
1115 471 1242 498 invocant
1265 471 1292 498 in
1312 471 1437 503 veritate,
1455 476 1483 498 et
1508 471 1688 498 voluntariam
1711 471 1807 506 irriga-

1018 518 1119 544 tionein
1136 517 1256 544 attribue
1273 524 1350 544 nova:
1365 522 1418 545 tua:
1435 517 1600 550 luereditati,
1621 517 1665 549 iis,
1683 516 1805 551 inquam,

1017 563 1063 598 qui
1079 569 1152 589 nunc
1173 562 1352 590 crediderunt
1378 563 1405 589 in
1429 570 1529 589 nomen
1552 567 1638 595 tuum,
1656 566 1686 589 ut
1712 562 1747 589 sit
1769 562 1809 589 eis

1019 608 1154 636 medicina
1171 616 1227 641 ros,
1243 608 1288 643 qui
1308 616 1323 635 a
1338 613 1362 636 te
1375 608 1570 642 proﬁciscitur.
1586 608 1611 635 id
1625 608 1696 643 quod
1707 608 1808 643 peccati

1019 660 1071 688 est,
1086 655 1242 682 morbosum
1264 662 1430 689 expurgans,
1445 658 1472 682 et
1497 655 1584 681 sciant
1600 658 1626 681 te
1644 654 1732 681 solum
1748 662 1810 681 esse
1840 674 1842 677 τ

1021 701 1116 733 Deum,
1128 705 1155 728 et
1166 701 1267 733 omnia,
1283 708 1299 727 ο
1310 700 1376 732 Rex.
1391 705 1442 726 tum
1450 699 1560 726 obedire
1575 700 1712 734 potentire.
1725 699 1810 727 Simul

1021 750 1110 774 autem
1123 754 1183 774 cum
1194 746 1247 773 fine
1260 746 1393 772 orationis
1408 750 1435 772 et
1447 750 1558 780 repente
1565 745 1683 772 emicant
1693 745 1810 780 fulgura,

1022 797 1049 820 et
1063 797 1211 825 erumpunt
1234 792 1364 824 fulmina,
1383 797 1411 819 et
1436 792 1585 819 vehemens
1610 791 1682 818 cadit
1707 791 1810 826 pluria,

1023 839 1092 866 adeo
1116 843 1145 866 ttt
1162 843 1236 866 metu
1254 839 1373 872 correpti
1400 837 1559 869 adversarii,
1578 837 1630 864 ltuc
1646 842 1673 864 et
1686 837 1748 864 illuc
1769 837 1812 864 di-

1025 889 1227 919 spergerentur,
1253 884 1286 911 iis
1312 884 1387 914 solis,
1414 883 1458 918 qui
1484 883 1595 910 Christo
1630 883 1812 914 crediderant.

1026 931 1129 959 relictis
1144 930 1209 957 solis
1220 937 1282 957 cum
1305 930 1408 957 sanctis
1426 928 1599 963 martyribus,
1624 928 1656 955 ad
1671 936 1739 962 quos
1749 935 1812 955 san-

1027 977 1060 1003 cti
1077 985 1083 1003 ε
1100 975 1138 1003 Ne
1151 976 1279 1007 timeatis,
1303 975 1442 1006 dixerunt,
1457 975 1502 1009 qui
1518 982 1565 1001 vos
1580 974 1688 1002 Christo
1703 974 1813 1001 dedica-

1027 1021 1085 1052 stis,
1105 1029 1167 1048 nam
1181 1021 1238 1047 lucc
1252 1026 1362 1055 propter
1379 1028 1426 1047 vos
1441 1020 1616 1047 exstiterunt.

1063 1065 1132 1092 Vlll.
1149 1065 1217 1092 Cum
1230 1073 1294 1100 ergo
1309 1073 1361 1092 una
1380 1073 1446 1092 voce
1464 1065 1520 1092 Deo
1542 1066 1698 1092 emitterent
1716 1065 1815 1099 gloriﬁ-

1028 1112 1174 1142 cationem,
1196 1112 1310 1138 accessit
1335 1111 1481 1138 multitudo
1500 1112 1670 1145 angelorum,
1694 1112 1816 1139 candidis

1029 1165 1076 1184 eos
1091 1157 1206 1184 induens
1223 1157 1354 1187 vestibus,
1369 1163 1428 1190 qua:
1443 1156 1511 1183 forte
1527 1156 1703 1183 ostendebant
1718 1164 1816 1191 purga—

1031 1208 1085 1229 tam
1103 1210 1162 1229 esse
1185 1202 1302 1229 animam
1324 1202 1375 1228 fide
1392 1207 1419 1228 et
1438 1209 1517 1236 aqua.
1537 1201 1593 1228 Rex
1621 1206 1723 1233 autem,
1741 1201 1817 1236 cujus

1029 1245 1152 1272 cohiberi
1170 1253 1222 1272 non
1235 1250 1341 1280 poterat
1354 1246 1468 1278 insania,
1486 1250 1513 1272 ut
1529 1254 1576 1280 par
1588 1251 1657 1278 crat,
1672 1246 1737 1273 dixit
1754 1254 1816 1273 san-

1030 1291 1081 1318 ctis
1099 1299 1106 1317 :
1121 1290 1201 1323 Quod
1211 1295 1309 1317 vestra:
1323 1290 1460 1325 juventuti
1474 1298 1614 1325 parcerem
1629 1295 1655 1318 et
1667 1291 1777 1325 speciei.
1793 1291 1818 1318 id

1030 1343 1078 1362 vos
1095 1335 1159 1363 fecit
1184 1343 1270 1363 meam
1288 1341 1464 1363 contemnere
1485 1336 1644 1371 potentiam,
1661 1338 1709 1364 sed
1733 1337 1817 1371 teipsa

1031 1382 1143 1409 omnino
1155 1382 1247 1410 scietis
1269 1391 1316 1410 vos
1332 1390 1363 1409 ea
1375 1383 1476 1414 facere,
1493 1390 1553 1417 qtue
1583 1388 1644 1410 sunt
1660 1383 1766 1410 inutilia
1793 1389 1819 1411 et

1032 1429 1109 1456 vobis
1125 1436 1178 1455 non
1198 1430 1356 1462 expediunt.
1373 1428 1425 1456 Sed
1439 1430 1565 1463 quoniam
1581 1438 1635 1457 non
1651 1431 1723 1458 inest
1743 1432 1820 1458 nobis

1032 1474 1124 1501 minor
1137 1473 1277 1508 patientia,
1293 1482 1374 1508 quam
1390 1475 1521 1509 potentia,
1537 1475 1626 1502 adhuc
1643 1482 1761 1503 vestram
1780 1481 1821 1503 ιυ-

1032 1520 1154 1547 lerantcs
1171 1519 1325 1552 stultitiam,
1342 1520 1510 1548 consulimus
1523 1526 1551 1548 ut
1567 1521 1694 1555 parcatis,
1707 1527 1733 1549 et
1749 1522 1822 1549 hunc

1032 1566 1137 1593 dulcem
1151 1566 1236 1593 solem
1262 1566 1449 1599 lucrifaciatis,
1463 1571 1491 1593 et
1511 1575 1563 1594 non
1580 1572 1693 1594 mortem
1707 1575 1821 1602 praenm-

1032 1617 1119 1640 turatn
1135 1616 1162 1638 et
1181 1611 1306 1638 acerbam
1335 1612 1489 1644 attrahatis,
1519 1613 1566 1639 sed
1589 1614 1752 1640 accedentes
1775 1613 1822 1638 do-

1032 1657 1115 1684 minis
1131 1657 1182 1684 iliis
1196 1657 1365 1684 saerificelis.
1382 1657 1500 1684 Sanctus
1520 1662 1610 1685 autent
1626 1658 1692 1685 dicit
1707 1658 1822 1693 Acindy—

1033 1711 1085 1730 nus
1102 1712 1109 1730 :
1127 1702 1180 1729 Nos
1204 1710 1288 1729 unum
1314 1703 1439 1730 novimus
1452 1703 1550 1736 Deum,
1566 1703 1612 1738 qui
1631 1708 1672 1730 est
1691 1703 1717 1730 in
1734 1703 1821 1734 ccelis.

1034 1753 1060 1775 et
1074 1749 1098 1775 ei
1125 1748 1175 1775 soli
1193 1748 1338 1779 servimus,
1353 1748 1399 1782 qui
1423 1753 1513 1782 potest
1529 1756 1628 1783 corpus
1654 1755 1680 1776 et
1703 1749 1820 1775 animant

1034 1793 1164 1820 damnare
1181 1793 1243 1827 igne
1257 1793 1389 1820 mterno‘.
1407 1792 1446 1820 Ad
1475 1793 1533 1820 lucc
1550 1802 1616 1820 rex:
1633 1793 1688 1827 Ego
1704 1800 1821 1827 quoque.

1034 1839 1133 1874 inquit,
1147 1839 1209 1866 volo
1228 1846 1275 1866 vos
1301 1847 1386 1866 unum
1417 1839 1504 1867 soltttn
1533 1839 1617 1866 Deum
1645 1839 1768 1866 adorare.
1790 1839 1823 1865 Et

1034 1885 1179 1919 quomodo,
1199 1885 1326 1911 dixerunt
1344 1890 1486 1920 martyres,
1506 1893 1553 1912 nos
1574 1885 1654 1920 jubes
1671 1885 1695 1911 ei
1719 1885 1822 1912 sacriﬁ-

1035 1931 1116 1958 care?
1137 1930 1188 1962 ltle,
1213 1930 1312 1965 inquit,
1343 1935 1488 1965 sequentes
1513 1930 1603 1961 facile,
1623 1930 1759 1964 quomodo
1780 1938 1823 1956 me

1036 1975 1158 2002 videritis
1177 1975 1332 2002 facientem.
1347 1974 1399 2002 Sed
1413 1979 1440 2001 tu
1460 1975 1581 2009 quidem,
1598 1974 1725 2001 dixerunt
1751 1981 1821 1999 mar-

1036 2024 1121 2055 tyres,
1146 2020 1230 2047 facies
1256 2021 1326 2048 sicut
1349 2022 1402 2047 scis
1422 2028 1428 2045 :
1445 2027 1496 2046 nos
1510 2024 1600 2047 autem
1617 2027 1710 2046 rursus
1725 2026 1821 2045 conse-

1035 2071 1151 2101 quenter
1165 2066 1305 2100 faciemus,
1327 2070 1356 2093 ut
1367 2065 1523 2093 didicimus.

1071 2199 1115 2227 IX.
1134 2199 1296 2226 Ilislmtatus
1312 2206 1359 2226 rex
1375 2207 1382 2226 :
1398 2198 1431 2225 Et
1448 2206 1497 2226 cur
1511 2199 1573 2230 hoc,
1589 2198 1687 2232 inquit,
1703 2205 1756 2224 non
1775 2197 1820 2224 diu

1037 2248 1100 2271 ante
1125 2243 1239 2273 fecistis.
1255 2243 1303 2270 sed
1331 2249 1374 2270 me
1394 2243 1521 2278 coegistis
1543 2243 1575 2269 ad
1604 2242 1668 2274 hoc,
1682 2242 1754 2276 quod
1783 2247 1823 2268 est
1856 2250 1859 2252 '

1037 2295 1135 2325 praeter
1167 2294 1301 2320 naturam,
1320 2293 1350 2316 ut
1378 2290 1404 2316 in
1427 2296 1475 2316 vos
1500 2289 1654 2320 inveherer,
1683 2289 1729 2322 qui
1757 2288 1824 2315 estis

1037 2335 1104 2362 mihi
1126 2334 1298 2362 charissimi?
1313 2334 1385 2368 quod
1409 2334 1514 2361 utinam
1538 2342 1591 2360 noti
1609 2333 1751 2361 fecissent!
1770 2332 1824 2359 Vos

1038 2385 1128 2408 tamen
1146 2384 1274 2414 tanquam
1297 2380 1365 2414 patri
1390 2379 1436 2406 filii
1452 2379 1595 2414 ignoscite,
1611 2379 1657 2414 qui
1680 2387 1726 2406 vos
1743 2379 1824 2405 casti-

1038 2427 1128 2461 gando
1147 2430 1307 2453 convertere
1330 2430 1440 2452 coactus
1454 2433 1514 2452 sum
1538 2426 1619 2452 etiam
1643 2430 1741 2459 prmter
1763 2432 1826 2450 seu—

1041 2472 1164 2499 tentiant.
1182 2471 1228 2498 llis
1242 2472 1331 2503 (lictis,
1353 2479 1461 2498 currum
1484 2471 1644 2498 conscendit
1660 2479 1667 2497 :
1684 2476 1712 2496 et
1732 2477 1825 2495 accer-

1040 2519 1103 2545 sivit
1118 2523 1236 2550 sanctos,
1257 2523 1286 2545 ut
1299 2525 1360 2545 cum
1385 2518 1443 2553 ipso
1462 2517 1646 2544 considerent.
1660 2516 1698 2543 Illi
1720 2520 1823 2548 autent,

1039 2564 1133 2591 Absit!
1150 2564 1285 2596 dixerunt,
1303 2571 1320 2591 0
1335 2572 1391 2595 rex,
1412 2568 1440 2591 ut
1458 2571 1508 2590 nos
1524 2571 1556 2590 eo
1579 2564 1757 2598 procedamus
1777 2562 1824 2589 dc-

1040 2609 1158 2640 mentiaa.
1184 2614 1214 2636 ut
1238 2615 1326 2637 tecum
1350 2609 1499 2637 audeamus
1522 2608 1674 2640 considere,
1702 2611 1728 2633 et
1752 2611 1823 2633 tuam

1041 2655 1189 2690 potentiam
1207 2659 1278 2682 tanta
1295 2655 1404 2682 allicere
1421 2653 1596 2681 contumelia.
1616 2653 1668 2680 Sed
1684 2660 1734 2687 qua
1749 2659 1763 2679 τι
1780 2660 1825 2679 vo-

1042 2702 1092 2733 bis,
1113 2701 1211 2735 inquit,
1232 2701 1334 2728 atiicior
1356 2699 1540 2728 contumelia?
1557 2707 1588 2726 ea
1605 2703 1648 2726 est
1670 2698 1735 2726 mihi
1751 2702 1827 2732 opta-

1042 2747 1120 2774 bilior
1135 2752 1160 2773 et
1178 2747 1262 2781 pluris
1280 2746 1414 2778 facienda,
1426 2753 1505 2780 quam
1522 2746 1608 2772 honor
1623 2745 1735 2772 aliorum
1756 2744 1824 2771 Cum
