2039 3155
227 108 263 139 '2'3
864 115 1002 147 MENSI-S
1022 118 1236 149 NOVEMBER;
1809 124 1846 155 ει

226 169 272 192 tur
287 166 321 193 ad
340 170 468 194 mortem.
484 167 588 195 Deinde
603 176 666 196 cum
685 170 720 198 ad
734 171 994 206 locumpervenisse

1059 174 1150 208 ἤγετο.
1177 173 1243 200 Εἶτα
1262 174 1305 201 τὶν
1326 175 1480 209 ὡρισμένον
1499 175 1582 202 τόπον
1603 177 1775 208 καταλαϐὼν,
1795 177 1847 212 τὴν

224 209 379 243 deﬁnitum,
402 211 511 238 beatum
536 218 620 247 caput
645 215 669 242 ei
697 221 866 250 amputatur,
881 222 909 243 et
933 217 1006 251 apud

222 255 307 281 Deum
326 255 432 282 beatam
450 256 565 292 deponit
592 259 722 287 animam.
745 260 796 293 Qui
822 265 911 288 autem
938 261 1008 288 forte

221 299 334 326 aderant
357 299 522 335 Christiani,
548 311 612 330 cum
627 305 711 331 veluti
736 305 769 331 ad
786 306 928 340 quemdam
949 306 1006 333 the-

219 352 332 372 saurum
350 348 547 381 accurrissem,
569 354 597 378 et
609 352 718 378 mundis
734 352 895 381 sindonibus
905 354 1006 388 pretio-

218 397 262 416 sas
279 391 341 426 ejus
358 393 488 428 reliquias
512 394 703 430 involvisseut,
724 398 751 424 in
767 398 858 425 loculo
871 398 1006 433 deposue-

219 441 297 469 runt,
323 441 586 468 consummationem
604 443 741 470 sociorum
764 443 822 478 ejus
842 444 932 471 adhuc
960 452 1007 472 ex-

219 488 396 518 spectantes,
432 490 462 513 ut
484 487 601 522 majores
623 488 731 516 divitias
768 489 808 517 sic
839 489 890 518 sibi
911 498 1006 519 recon-

220 527 330 557 derent.

256 574 327 602 Xlll.
347 576 411 605 Post
421 577 479 606 haec
489 579 592 608 sanctis
605 580 672 609 dicit
687 589 734 610 rex
753 591 759 610 :
775 583 814 611 Ne
829 583 1003 616 existimetis,

219 621 320 656 inquit,
342 631 386 651 me
403 625 480 653 vobis
495 634 574 662 aeque
597 627 685 656 levem
702 637 734 657 ac
754 630 860 658 facilem
887 636 1003 658 mortem

218 667 378 702 allaturum,
396 674 477 705 atque
494 672 565 700 male
582 675 723 708 pcrdendo
740 676 911 711 Aphthonio.
933 677 1002 704 Nam

218 711 349 745 paulatim
380 715 566 744 acerbissimis
600 719 744 746 tormentis
772 727 870 746 carnes
897 723 1003 746 vestras

218 764 395 791 consumens,
422 761 607 789 miserabilem
631 763 711 792 vobis
737 768 853 790 mortem
877 763 1001 791 afferam.

218 802 282 830 llzec
303 811 365 830 cum
389 805 511 836 dixisset.
543 806 663 835 bubulos
681 808 760 843 jubet
776 809 868 836 aﬂ‘erri
897 810 999 842 culeos,

216 853 244 875 et
258 854 367 877 sanctos
379 849 406 877 in
421 859 469 878 cos
482 851 556 887 injici
570 858 713 889 martyres,
731 853 829 881 deinde
852 854 879 880 in
904 862 1000 889 aquam

216 895 338 923 immitti.
359 896 415 924 Hoc
431 903 522 925 autem
539 906 601 926 cum
615 899 717 927 factum
739 903 813 926 esset
825 901 940 927 maxima
954 907 1000 928 ce-

215 941 333 973 leritate,
349 942 389 970 eis
402 942 498 971 beatus
514 949 629 978 apparet
648 945 823 978 Aphthonius
835 945 917 973 simul
938 953 1002 983 cum

216 988 315 1020 tribus,
335 989 438 1018 indutis
461 990 586 1018 candidis
613 991 744 1023 vestibus,
768 1000 884 1027 quorum
910 993 1003 1020 divina

213 1034 316 1061 virtute
333 1034 546 1070 disrumpuntur
560 1037 642 1069 culei,
671 1042 699 1065 et
733 1042 812 1066 terra;
837 1039 914 1066 illaesi
938 1039 1000 1066 red-

215 1078 318 1105 duntur
333 1079 367 1106 ab
393 1080 435 1107 eis
448 1085 591 1113 martyres.
608 1080 678 1108 Cum
702 1082 742 1110 sic
768 1089 833 1117 ergo
859 1083 997 1118 conspecti

214 1124 330 1152 fuissent
349 1133 366 1152 ο
388 1129 513 1161 tyranno,
538 1126 676 1153 arbitrans
694 1127 739 1154 ille
770 1135 824 1155 non
846 1128 930 1156 fuisse
959 1128 997 1156 fa-

213 1174 297 1203 ctum,
313 1171 385 1205 quod
403 1171 461 1205 ipse
473 1172 604 1206 iusserat,
616 1172 706 1199 statim
730 1173 850 1200 surrexit
873 1174 907 1200 ad
931 1181 998 1208 snp-

213 1215 325 1250 plicium
337 1215 507 1242 sumendum
518 1215 552 1243 de
569 1216 723 1248 lictoribus,
745 1221 773 1244 et
801 1217 894 1244 statim
916 1217 999 1252 jussit

212 1269 308 1290 eorum
323 1269 425 1290 manus
441 1263 574 1297 amputari
588 1263 676 1297 gladio
690 1271 697 1296 ς
723 1259 802 1290 erant
822 1267 912 1290 autem
929 1271 998 1298 qua-

214 1311 278 1335 tuor
293 1314 419 1334 numero.
443 1307 549 1335 Deinde
573 1315 620 1335 eos
639 1308 678 1335 sic
693 1316 743 1343 pro
765 1308 870 1336 sanctis
887 1308 997 1335 immitti

210 1351 239 1378 in
257 1351 425 1386 profundum
444 1352 537 1380 maris.
558 1353 635 1386 Quod
653 1353 765 1388 quidem
783 1361 846 1380 cum
864 1353 953 1385 lierct,
968 1359 998 1381 ct

211 1397 281 1424 mari
296 1396 484 1431 traderentur,
508 1399 720 1427 exclamabant:
745 1399 872 1431 Domine,
899 1399 997 1434 excipe

213 1447 324 1470 nostros
338 1443 463 1478 spiritus,
488 1448 516 1472 et
542 1452 604 1472 cum
623 1445 734 1473 sanctis-
751 1445 807 1472 tuis
827 1445 997 1481 martyribus

1061 219 1201 255 μακαρίαν
1219 220 1405 254 ἀποτέμνεται
1435 220 1568 255 κεφαλὴν,
1589 222 1638 248 καὶ
1657 222 1695 256 τῷ
1715 222 1775 257 Θεῷ
1795 223 1845 257 τὴν

1059 265 1149 300 ψυχὴν
1166 266 1359 300 παρατίθησιν.
1377 264 1409 291 Οἱ
1425 265 1454 291 δὲ
1467 266 1672 301 παρατυχόντες
1687 267 1848 302 Χριστιανοὶ

1059 311 1186 345 καθάπερ
1196 310 1251 336 τινὶ
1265 309 1395 345 θησαυρῷ
1406 310 1639 345 προσδραμόντες.
1652 313 1699 338 καὶ
1712 312 1846 347 καθαραῖς

1060 355 1160 381 σινδόσι
1185 355 1216 381 τὸ
1240 354 1334 389 τίμιον
1348 355 1432 381 αὐτοῦ
1453 355 1582 390 λείψανον
1595 356 1797 391 ἑνειλήσαντες,
1817 359 1846 384 ὲν

1058 400 1244 434 γλωσσοκόμῳ
1259 400 1413 433 κατέθεντο,
1425 401 1466 427 ἐτι
1482 402 1529 428 καὶ
1539 401 1589 437 τὴν
1603 402 1657 429 τῶν
1669 403 1845 439 συναθλητῶν

1058 445 1141 472 αὑ.τοῦ
1155 445 1297 471 τελείωσιν
1312 446 1496 481 ἐκδεχόμενοι,
1512 448 1556 474 ἵνα
1577 448 1690 483 μείζονα
1702 449 1749 476 τὸν
1761 449 1844 476 πλοῦ-

1057 499 1102 517 τον
1115 490 1202 522 οὕτως
1218 491 1322 523 ἑαυτοῖς
1338 491 1535 528 θησαυρίσωσι.

1092 581 1141 608 ll".
1159 581 1237 609 Μετὰ
1252 582 1351 615 ταῦτα,
1373 583 1442 618 πρὺς
1467 583 1530 615 τοὺς
1545 583 1640 618 ἁγίους
1654 585 1668 611 ὸ
1698 585 1838 620 βασιλεὺς,

1056 626 1102 660 Μὴ
1119 627 1267 662 νομίσητε,
1293 628 1386 663 φησιν,
1406 629 1448 655 ὅτι
1473 630 1520 656 καὶ
1538 630 1603 664 ὑμῖν
1614 630 1687 657 οὕτω
1709 631 1843 666 σχεδιάσω

1054 673 1100 700 τὸν
1115 673 1241 705 θάνατον,
1253 671 1298 700 οἶα
1314 673 1346 709 δὴ
1362 674 1410 701 καί
1423 675 1464 710 τῷ
1476 675 1569 706 κακῶς
1584 676 1746 712 ἀπολομένῳ
1762 677 1843 712 γέγο-

1054 719 1250 754 νεν’Δφθονίῳ·
1262 720 1323 747 κατ’
1333 720 1424 755 ὀλίγον
1438 722 1493 757 γὰρ
1506 722 1636 757 βασάνοις
1651 724 1840 757 πικροτάταις,

1053 764 1103 796 τὰς
1129 765 1205 800 ὑμῶν
1230 765 1373 798 ἀναλώσας
1403 767 1522 802 σάρκας,
1547 767 1620 794 οὕτω
1638 768 1683 794 τδν
1704 769 1840 795 οἴκτιστον

1054 810 1119 845 ὑμῖν
1133 810 1234 837 ὲποίσω
1248 811 1372 838 θάνατον.
1384 811 1478 838 Ταῦτα
1490 812 1586 844 εἰπὼν,
1600 814 1707 840 κελεύει
1734 814 1840 848 βοείους

1053 855 1195 890 ἐνεχθῆναι
1211 855 1357 890 θυλάκους,
1372 858 1401 883 ἑν
1430 858 1523 889 αὐτοῖς
1549 867 1578 885 τε
1595 859 1659 890 τοὺς
1677 859 1771 892 ἁγίους
1786 859 1837 893 £1.1-

1052 901 1185 936 ϐληθῆναι
1202 901 1356 937 μάρτυρας,
1374 900 1434 929 εἶτα
1451 903 1491 937 τῷ
1509 903 1584 930 ὕδατι
1604 904 1752 938 ἀφεθῆναι.
1767 905 1837 930 Τού-

1052 955 1099 973 του
1124 947 1204 982 τάχει
1229 947 1318 982 πολλῷ
1345 948 1506 982 γινομένου,
1533 949 1547 974 6
1575 949 1710 983 μακάριος
1742 949 1838 980 αὐτοῖς

1057 992 1199 1027 ’Λφθόνιος
1214 993 1272 1027 ἅμα
1292 993 1516 1028 λευχειμονοῦσιν
1544 994 1635 1029 τρισὶν
1650 993 1836 1029 ἐπιφαίνεται,

1049 1033 1086 1064 ὧν
1102 1037 1149 1064 καὶ
1161 1037 1275 1072 δυνάμει
1299 1038 1361 1073 θείᾳ
1386 1039 1412 1065 ot
1432 1038 1544 1065 θύλακοι
1566 1039 1835 1074 διαρῤήγνυνται,τῇ

1049 1084 1138 1118 χέρσῳ
1148 1091 1177 1109 τε
1192 1083 1239 1109 ὑπ’
1253 1083 1346 1109 αὐτῶν
1354 1083 1484 1114 ἀὸλασείς
1496 1084 1520 1110 oi
1545 1084 1617 1117 ἅγιοι
1631 1085 1835 1118 παραδίδονται.

1054 1129 1131 1154 Ἐπεὶ
1145 1127 1190 1154 οὖν
1205 1127 1291 1158 οὕτως
1308 1127 1441 1162 ὢέθησαν
1455 1128 1494 1162 τῷ
1509 1129 1646 1162 τυράννῳ,
1667 1129 1745 1162 δόξας
1763 1129 1835 1154 ἐκεῖ·

1049 1181 1092 1203 νος
1109 1173 1175 1198 αὐτὸ
1189 1172 1404 1206 κεκελευσμένον
1413 1172 1459 1198 ὑπ’
1475 1172 1558 1198 αὑτοῦ
1576 1173 1745 1207 τελεσθῆναι,
1767 1174 1835 1207 πρὸς

1049 1217 1099 1251 τὴν
1114 1216 1185 1243 κατά
1201 1216 1255 1242 τῶν
1271 1216 1377 1250 δημίων
1393 1216 1473 1247 εὐθὺς
1489 1217 1618 1243 ἀνίστατο
1630 1217 1776 1251 τιμωρίαν,
1787 1217 1835 1242 καὶ

1050 1263 1123 1295 ξίψει
1146 1262 1196 1293 τας
1221 1263 1316 1297 χεῖρας
1340 1262 1429 1289 αὐτῶν
1446 1262 1600 1296 ἐκκοπῆναι
1624 1262 1832 1288 διεκελεύσατο·

1049 1309 1180 1343 τέσσαρες
1198 1308 1225 1334 δὲ
1243 1309 1289 1335 τὴν
1306 1308 1422 1342 ἀριθμὺν
1437 1306 1518 1342 ἦσαν.
1538 1306 1593 1334 Εἶθ’
1604 1307 1690 1339 οὕτως
1707 1308 1766 1333 ἀντὶ
1779 1307 1835 1333 τῶν

1050 1354 1135 1387 ἁγίων
1149 1354 1248 1386 αὐτοὺς
1264 1354 1303 1388 τῷ
1321 1353 1395 1388 βυθῷ
1410 1353 1459 1388 τῆς
1488 1353 1626 1387 θαλάσσης
1654 1352 1833 1386 ἑναφεθῆναι.

1070 1398 1085 1427 ὗ
1102 1400 1134 1435 δὴ
1150 1400 1296 1435 γενομένου
1315 1401 1348 1435 τῇ
1363 1399 1484 1435 θαλάσσῃ
1496 1398 1714 1433 παραδιδόμενοι,
1732 1398 1832 1432 Κύριε,

1047 1446 1081 1473 τὰ
1105 1446 1250 1480 πνεύματα.
1276 1445 1354 1481 ἡμῶν
1383 1444 1540 1480 πρόσδεεαι,
1557 1445 1688 1476 ἀνεϐόων,
1714 1444 1831 1474 καὶτοῖς

211 1496 271 1519 nos.
296 1489 347 1516 etsi
374 1489 461 1517 simus
487 1489 604 1526 indigni,
629 1498 806 1518 connumera.
832 1491 887 1519 Deo
903 1497 993 1519 autem

1048 1493 1132 1526 ἁγίοις
1156 1500 1204 1519 σου
1218 1491 1336 1526 μάρτυσι
1353 1491 1400 1517 καὶ
1415 1490 1544 1522 ἀναξίους
1567 1490 1647 1521 ὂντας
1663 1490 1736 1524 ἡμᾶς
1749 1498 1830 1515 συνα-

211 1535 316 1562 invisus
345 1539 373 1562 et
396 1535 477 1570 plane
506 1536 612 1564 daemon
637 1537 786 1572 Saporius,
817 1545 879 1565 cum
905 1538 996 1565 statim

211 1581 307 1609 beatos
321 1581 405 1615 viros,
418 1581 602 1617 Acindynum,
618 1583 741 1618 inquam,
759 1587 786 1610 et
800 1583 953 1618 Pegasium,
968 1589 996 1611 et

209 1627 436 1663 Ancmpodistum
463 1627 590 1663 iussisset
603 1628 707 1656 includi
737 1629 764 1656 in
790 1636 913 1662 carcere,
938 1628 996 1662 ipse

209 1673 328 1708 seipsum
345 1673 504 1708 gravissime
517 1673 668 1706 cruciabat,
693 1674 792 1701 anxius
816 1678 929 1708 propter
952 1681 997 1702 res

211 1724 372 1753 praesentes,
395 1723 423 1746 et
448 1719 555 1755 magnis
576 1719 662 1747 animi
686 1719 815 1747 ﬂuctibus
829 1720 947 1755 agitatus
968 1724 996 1748 et

209 1772 259 1792 nec
276 1765 367 1792 cibum
392 1764 503 1800 quidem
518 1765 631 1794 omnino
655 1772 764 1794 sumere
777 1766 924 1794 sustinens.

245 1855 314 1884 XIV.
339 1856 374 1884 lis
391 1865 466 1892 ergo,
484 1857 539 1892 qui
548 1857 650 1893 primas
665 1862 755 1893 partes
769 1857 840 1893 apud
855 1864 917 1884 eum
945 1857 995 1883 ob-

209 1902 344 1935 tinebant,
359 1904 517 1931 convocatis
530 1912 538 1930 :
557 1903 613 1931 Cur
627 1911 670 1931 me
685 1904 786 1936 solum,
803 1904 902 1938 inquit,
928 1902 993 1929 reli-

211 1948 308 1983 quistis
329 1949 357 1976 in
374 1949 428 1981 his,
444 1957 506 1983 quae
529 1953 594 1977 sunt
606 1949 759 1984 proposita,
778 1949 905 1976 laborare
919 1958 925 1975 :
943 1948 993 1983 ipsi

209 1999 300 2022 autem
331 1995 450 2022 otiosum
474 1995 616 2030 delegistis
648 1995 799 2028 silentium,
823 2002 874 2022 nec
898 1995 992 2026 verbo,

209 2048 260 2068 nec
290 2040 363 2067 facto
391 2040 474 2070 ullam
506 2048 585 2075 opem
619 2041 686 2068 mihi
716 2041 858 2068 terentes?
892 2040 945 2068 Sed
970 2040 992 2067 si

208 2086 311 2121 aliquid
327 2085 438 2121 quidem
455 2087 517 2114 novi
531 2091 560 2114 et
574 2087 677 2114 insoliti
701 2087 784 2114 velim
804 2086 914 2118 aﬂ'erre,
945 2094 993 2113 vos

208 2132 298 2159 statim
313 2132 400 2160 habeo
419 2133 581 2160 resistentes
601 2138 629 2160 et
653 2133 829 2160 reluctantes.
847 2132 926 2160 Nunc
943 2140 990 2159 au-

207 2181 261 2204 tem
274 2185 336 2204 cum
348 2178 418 2205 nihil
431 2178 495 2205 novi
509 2178 708 2210 introducatur,
722 2178 770 2206 sed
795 2179 914 2213 patrium
943 2185 991 2205 no-
1005 2166 1032 2195 Ῑ)

207 2228 294 2250 strum
326 2223 423 2259 dogma
449 2223 614 2259 despiciatur
635 2229 663 2252 et
684 2232 719 2252 ne
745 2224 824 2252 cadat
846 2225 940 2252 veniat
966 2225 993 2250 in

207 2269 372 2303 periculum,
394 2273 422 2296 et
436 2269 504 2296 nulli
518 2274 641 2297 vestrum
657 2270 748 2297 veniat
765 2270 792 2296 in
806 2274 939 2301 tuentem,
957 2277 992 2296 ne

206 2315 282 2342 vultu
297 2315 409 2350 quidem
422 2315 618 2350 doiorcmpraa
633 2323 662 2342 se
675 2315 759 2348 ferre,
778 2315 813 2342 de
831 2323 939 2343 summa
954 2315 993 2342 rei

206 2361 286 2395 plane
302 2361 383 2388 venio
401 2360 429 2388 in
444 2360 568 2392 dubium,
582 2366 737 2389 et-matrore
751 2369 862 2388 enecor.
879 2361 919 2388 Ad
935 2361 993 2388 haec

206 2407 419 2442 Elpidcphorus,
443 2407 489 2441 qui
514 2410 578 2433 tunc
604 2411 663 2434 erat
682 2407 789 2441 primus
815 2411 937 2439 senatus,
966 2411 994 2434 et

205 2452 267 2480 ﬁdei
291 2452 393 2479 Christi
408 2452 510 2480 ardens
534 2457 649 2486 amator,
667 2457 694 2480 et
715 2453 748 2480 ad
773 2460 907 2479 summam
931 2452 992 2487 qui-

204 2497 267 2524 (lam
283 2497 459 2528 Nicodemus,
474 2501 502 2524 et
511 2496 613 2524 Christi
631 2497 755 2524 occultus
769 2496 920 2531 discipulus
936 2505 942 2522 :
958 2496 992 2524 Et

203 2551 285 2578 quam
304 2543 480 2578 tibi,inquit,
498 2550 515 2570 ο
534 2551 593 2574 rex,
618 2543 671 2570 hac
695 2543 723 2570 in
752 2551 783 2570 re
812 2550 892 2577 opem
918 2542 990 2570 ferre

203 2589 372 2625 possumus?
395 2589 490 2624 Neque
515 2589 588 2616 enim
610 2589 735 2624 potentia
765 2594 810 2616 tua
840 2589 919 2616 nobis
945 2589 988 2616 in-

203 2636 288 2671 diget,
307 2643 368 2670 quae
389 2643 480 2663 rerum
495 2635 665 2670 experientia
683 2635 811 2662 omnibus
839 2635 986 2669 antecellit,

203 2686 231 2708 et
269 2681 355 2708 babes
392 2685 556 2716 potestatem
586 2681 719 2708 voluntati
763 2686 986 2716 consequentem.

203 2726 288 2761 Copia
304 2730 395 2754 autem
412 2726 668 2761 instrumentorum,
697 2735 758 2763 qua:
788 2732 852 2755 sunt
877 2736 987 2763 compa-

204 2776 262 2799 rata
278 2771 313 2799 ad
333 2772 531 2807 torquendum,
560 2780 655 2801 eorum
678 2782 739 2809 qua:
763 2780 826 2802 sunt
852 2775 987 2806 facienda,

204 2821 300 2854 aperte
315 2818 435 2856 suggerit
450 2819 497 2847 tibi
523 2819 760 2849 deliberationem.
784 2821 890 2848 ltursus
916 2820 986 2847 dicit

1050 1538 1190 1574 ρίθμησον.
1213 1538 1243 1564 '0
1258 1536 1350 1572 μέντοι
1368 1536 1510 1571 θεομισὴς,
1534 1536 1582 1562 καὶ
1600 1535 1760 1570 αὐτόχρημα
1775 1534 1833 1560 δαί-

1050 1593 1108 1620 μων
1121 1584 1273 1619 Σαπώριος,
1288 1585 1352 1615 τοὺς
1371 1583 1522 1618 μακαρίους
1543 1583 1654 1617 ἄνδρας,
1677 1581 1832 1608 ’Δκίνδυνον

1047 1630 1129 1666 φημὶ,
1148 1631 1285 1665 Πηγάσων
1312 1630 1419 1656 καὶτὸν
1442 1629 1651 1663 Ἀνεμπόδιστον
1673 1627 1712 1662 τῷ
1726 1627 1831 1660 δεσμω-

1047 1677 1136 1712 τηρίῳ
1155 1675 1388 1710 κατακλεισθῆναι
1403 1675 1547 1706 κελεύσας,
1564 1673 1645 1704 abte;
1671 1672 1770 1699 ἑαυτοῦ
1787 1681 1834 1698 κο-

1047 1723 1148 1757 λαστὴς
1162 1720 1199 1757 ἦν
1214 1721 1378 1756 βαρύτατος,
1396 1719 1486 1746 ἀλύων
1503 1719 1548 1746 ἐπὶ
1563 1720 1619 1750 τοῖς
1642 1717 1761 1754 παροῦσι
1784 1718 1831 1743 καὶ

1047 1768 1138 1802 πολλῷ
1152 1767 1265 1802 ταράχῳ
1280 1766 1330 1801 τὴν
1355 1766 1445 1800 ψυχὴν
1459 1765 1669 1800 κυμαινόμενος,
1685 1766 1733 1791 καὶ
1762 1763 1830 1798 μηδὲ

1046 1813 1150 1848 τροφῆς
1164 1812 1232 1842 ὅλως
1251 1812 1398 1845 μετασχεῖν
1409 1810 1584 1845 ἀνεχόμενος.

1081 1857 1130 1884 1Δ¹,
1144 1857 1212 1888 Τοὺς
1228 1855 1274 1883 οὖν
1292 1857 1337 1883 ὑπ’
1353 1856 1450 1891 ἐκείνῳ
1461 1856 1495 1882 τὰ
1511 1856 1607 1891 πρῶτα
1621 1856 1755 1891 φέροντας
1766 1864 1831 1889 συγ-

1047 1903 1175 1935 καλέσας,
1205 1902 1281 1929 Διατί
1317 1910 1350 1936 με
1380 1902 1471 1937 μόνον,
1502 1898 1582 1934 εἷπε,
1613 1901 1829 1928 καταλελοίπατε

1046 1950 1160 1984 κάμνειν
1172 1949 1217 1975 ἐπὶ
1229 1949 1286 1979 τοῖς
1297 1948 1507 1982 προσκειμένοις
1519 1956 1527 1980 ;
1543 1947 1620 1974 αὐτοὶ
1632 1947 1660 1974 δὲ
1675 1947 1725 1982 τὴν
1740 1947 1831 1981 ἄπρα-

1045 2004 1109 2023 κτον
1124 1995 1240 2030 ἡσυχίαν
1256 1995 1360 2026 ἕλεσθε,
1377 1995 1459 2030 μηδὲν
1478 1995 1547 2030 μήτε
1568 1994 1640 2029 λόγῳ
1665 1995 1734 2029 μήτε
1755 1994 1832 2029 ἔργῳ

1046 2050 1092 2077 μοι
1113 2041 1320 2076 συναιρόμενσις
1339 2040 1410 2067 Ἀλλ’
1429 2041 1453 2066 εἰ
1471 2041 1521 2074 μὲν
1540 2040 1634 2067 καινόν
1651 2048 1677 2066 τι
1703 2041 1750 2067 καλ⁸
1768 2040 1830 2066 ἀσύ-

1044 2087 1126 2123 νηθες
1135 2088 1301 2121 εἰσενεγκεῖν
1313 2087 1483 2122 βουληθείην,
1500 2086 1582 2118 εὐθὺς
1596 2086 1668 2121 ὑμᾶς
1682 2095 1815 2121 προσιστα

1047 2134 1144 2169 μένους
1157 2133 1210 2168 ἔχω
1226 2133 1270 2159 καὶ
1287 2133 1509 2165 ἀντιπίπτοντας.
1526 2133 1596 2160 Νυνὶ
1613 2133 1641 2160 δὲ
1656 2133 1717 2168 οὐχ).
1732 2132 1825 2159 καινοῦ

1044 2188 1116 2210 τινος
1149 2179 1400 2214 παρεισαγομένου,
1423 2179 1492 2206 ἀλλά
1513 2178 1560 2205 τοῦ
1590 2178 1718 2213 πατρῴου
1747 2177 1826 2211 ἡμῶν

1045 2225 1180 2258 δίγματος
1210 2225 1463 2260 περιφρονουμένου
1490 2225 1537 2250 καὶ
1563 2224 1703 2250 διαπεσεῖν
1736 2222 1813 2248 κινδυ

1046 2269 1177 2301 νεύοντος,
1198 2269 1245 2295 καὶ
1276 2269 1370 2304 μηδενὶ
1402 2268 1479 2303 ὑμῶν
1498 2268 1565 2303 μηδὲ
1579 2268 1663 2303 μέχρι
1687 2267 1825 2302 σχήματος

1045 2316 1138 2349 ἀλγεῖν
1154 2316 1287 2347 ἐπιόντος,
1304 2314 1402 2350 ἀπορῶ
1420 2316 1478 2346 τοῖς
1508 2315 1579 2346 ὅλοις
1608 2315 1655 2340 καὶ
1680 2312 1816 2346 ἀποπνξγο

1047 2370 1106 2396 μαι.
1125 2362 1195 2396 Πρὸς
1209 2361 1297 2388 ταῦτα
1325 2361 1511 2396 Ἐλπιδιφόρος
1526 2361 1634 2395 πρῶτος
1649 2359 1686 2386 ὢν
1700 2359 1760 2386 τότε
1775 2359 1824 2392 τῆς

1045 2407 1196 2442 συγκλήτου
1213 2407 1322 2442 βουλῆς,
1342 2408 1388 2434 καὶ
1405 2407 1454 2441 τῆς
1476 2405 1565 2441 Ἰησοῦ
1586 2405 1705 2435 πίστεως
1728 2404 1823 2429 διάπυ-

1045 2464 1090 2490 ρος
1115 2454 1243 2489 ὲραστὴς,
1258 2454 1305 2480 καὶ
1320 2454 1350 2480 τὺ
1364 2453 1424 2480 ὅλον
1442 2451 1597 2485 Νικόδημός
1615 2459 1657 2481 τις
1675 2449 1722 2476 καὶ
1741 2448 1828 2483 μαθη-

1042 2501 1090 2536 τὴς
1104 2501 1222 2536 Χριστοῦ
1242 2499 1434 2534 κεκρυμμένος
1448 2498 1503 2524 Καὶ
1520 2497 1556 2528 τί,
1574 2496 1651 2530 φησὶ,
1675 2496 1755 2530 ἡμεῖς
1779 2495 1822 2521 ἐπὶ

1040 2547 1153 2578 τούτους
1184 2547 1366 2581 συναράσσειν
1392 2553 1433 2571 σοι
1459 2542 1611 2578 δυνάμεθα,
1636 2541 1765 2577 βασιλεῦ;
1793 2540 1825 2567 οὐ

1040 2593 1094 2628 γὰρ
1107 2592 1192 2619 δεῖταί
1209 2600 1256 2618 σου
1272 2591 1302 2617 τὸ
1318 2589 1418 2624 κράτος
1429 2589 1519 2624 ἡμῶν,
1534 2588 1614 2624 πείρᾳ
1637 2597 1664 2614 τε
1687 2588 1742 2614 τῶν
1761 2586 1823 2612 τάν-ι

1039 2647 1093 2664 των
1119 2637 1260 2671 διαφέρον,
1284 2636 1332 2663 καὶ
1354 2637 1388 2670 τῇ
1405 2635 1529 2670 βουλήσει
1555 2635 1603 2670 τὴν
1624 2635 1741 2668 δύναμιν
1761 2632 1820 2658 ἀκό-

1039 2683 1134 2710 λουθον
1158 2683 1230 2716 ἕχον.
1265 2682 1301 2708 Ἰδ
1331 2681 1362 2708 δὲ
1386 2681 1440 2707 τῶν
1466 2680 1665 2716 τιμωρητικῶν
1700 2678 1817 2713 ὸργὰνωι

1040 2729 1211 2763 εὐπόριστον,
1234 2727 1347 2763 ἑτοίμην
1367 2735 1408 2754 σοι
1435 2728 1482 2753 καὶ
1514 2728 1563 2760 τὴν
1587 2725 1651 2760 περὶ
1678 2724 1732 2750 τῶν
1751 2731 1809 2758 πρα

1041 2775 1128 2801 κτέων
1140 2774 1239 2809 σκῆψιν
1253 2775 1346 2809 σαφῶς
1362 2773 1533 2809 ὑποτίθησιν.
1553 2773 1583 2799 '0
1599 2772 1730 2806 τύραννος
1744 2769 1820 2799 αὖθις

1042 2820 1119 2856 φησὶ,
1136 2820 1168 2847 Τί
1188 2821 1230 2847 δαὶ
1248 2821 1294 2848 καὶ
1315 2821 1395 2856 μόνος
1421 2821 1478 2856 ἐγὼ
1502 2820 1558 2848 τῶν
1577 2819 1691 2847 ἀνοσίων
1718 2816 1821 2844 τούτων
