2039 3155
182 149 217 180 «εὖ
590 146 826 178 MARTYRIUM
848 147 878 177 S.
901 147 1083 178 AClNDYNl
1105 149 1153 179 ET
1176 150 1382 182 SOCIORUM.
1768 156 1807 186 2t?

183 209 362 236 καθυλακτεῐν
376 207 514 242 δύναμαις
533 206 587 234 Καὶ
602 207 616 233 6
629 207 706 241 ἅγιος
723 207 808 243 Εἴπερ
823 204 869 233 οὖν
885 207 963 242 ἐργῶ-

1020 209 1259 242 tyrannus:Quid
1285 212 1375 238 vero?
1401 213 1494 248 Egone
1522 213 1596 241 solus
1623 221 1732 248 possum
1761 215 1798 242 la-

181 256 225 287 δις
256 264 298 282 σοι
326 255 406 282 τοῦτο
433 255 517 286 δοκεῖ,
540 252 720 288 ἀπεκρίνατο,
746 253 778 280 ἔα
805 253 968 288 πορεύεσθαι

181 301 304 332 τούτους,
331 301 371 335 τῷ
388 301 523 336 θελήματι
548 300 587 335 τῷ
602 300 706 334 οἰκείῳ.
725 298 755 325 '0
781 299 809 325 δέ
825 307 856 332 γε
880 299 969 326 πάντα

180 347 268 378 δεινὸς
295 347 456 381 Σαπώριες·
486 346 557 373 Ἀλλ’
581 347 643 373 ὅσον
669 347 702 372 ἐκ
728 344 782 371 τῶν
802 344 889 378 λόγων
912 345 967 372 τῶν

183 393 237 419 σῶν
255 393 381 419 ὑπονοεῖν
397 393 486 423 δίδως,
503 393 599 426 φησὶν,
617 388 735 423 ἐκείνοις
759 390 859 426 μᾶλλον
877 391 967 424 φαίνει

181 439 390 473 προσκείμενος,
419 439 492 474 ἢπερ
522 439 599 473 ἡμῖν.
631 438 716 473 Κοινῇ
742 438 797 472 γάρ
825 444 870 471 μοι
899 435 968 471 πρὸς

181 486 285 517 πάντας
305 489 460 519 ποιουμένῳ
476 485 538 515 tto-3c
557 483 667 517 λόγους,
685 484 767 515 αὐτὸς
781 483 860 518 μόνος
872 481 968 509 ἀποδι-

181 533 234 564 δως
249 533 298 563 τὰς
312 531 487 566 ἀποκρίσεις,
502 531 550 557 καὶ
567 530 759 565 ἀτιμωρήτους
775 529 886 563 ἀφιέναι
904 528 967 560 τοὺς

181 576 306 607 ἀνοσίους
322 576 461 610 ὑποτίθης.

195 637 199 640 ·
217 623 266 649 ιε’.
279 623 389 649 Τούτων
411 621 498 653 οὕτως
526 622 590 657 μεθ’
607 622 738 652 ὑπονοίας
763 620 900 657 ῥηθέντων
927 619 966 654 τῷ

181 667 326 703 Σαπωρίῳ,
338 669 352 695 6
370 667 504 703 μακάριος
531 667 737 703 Ἐλπιδεφόρος,
757 667 866 702 Ἐπειδὴ
891 666 967 701 πρῶ-

180 713 227 744 τός
244 713 303 746 είμι
328 713 376 747 τῆς
403 712 557 747 συγκλήτου
582 712 692 746 βουλῆς,
710 712 774 745 ἔφη,
789 711 901 741 είκότως
918 718 965 744 μοι

181 759 293 784 καὶτῶν
307 758 480 793 ἀποκρίσεων
497 754 569 784 οὗτοι
585 756 793 793 παραχωροῦσι.
813 755 885 790 Πλὴν
899 755 966 782 ἀλλὰ

180 804 228 830 καὶ
248 804 326 831 αὐτοὶ
344 803 499 838 λεγέτωσαν
516 804 586 839 ὅπερ
608 803 641 830 ἂν
664 803 773 836 ἑκάστῳ
790 802 964 838 παριστάμε-

180 859 224 876 νον
240 847 268 886 ᾖ,
288 850 350 876 ἐπεὶ
363 850 410 877 καὶ
425 851 448 876 τ’
466 849 554 884 ἀληθῆ
572 849 661 884 βούλει
682 848 790 877 πάντως
803 847 927 881 ἀκούειν,
943 844 965 873 ὧ

181 895 304 930 βασιλεῦ.
324 893 371 927 Εἷς
385 896 413 922 δέ
429 904 471 927 τις
484 895 539 921 τῶν
564 894 768 930 συγκλητικῶν,
787 893 848 928 θείᾳ
871 893 964 928 χάριτι

180 941 230 975 τὴν
259 941 348 976 ψυχὴν
373 940 577 975 διαφωτισθεὶς,
597 940 653 967 Καὶ
684 941 710 966 τί
737 940 798 970 ταῖς
823 938 965 974 ἀληθείαις

181 986 350 1021 θαυμαστὲν,
364 985 451 1017 εἶπεν,
470 983 492 1012 ὦ
508 985 630 1020 βασιλεῦ,
644 985 667 1011 εί
687 985 733 1011 καὶ
747 985 796 1019 τῆς
812 983 965 1018 συγκλήτου

179 1031 348 1066 πρωτεύοντι
365 1031 403 1065 τῷ
422 1031 616 1064 Ἐλπιδιφόρῳ,
637 1030 683 1056 καὶ
700 1029 763 1064 μηδ’
782 1029 912 1055 ἀσύνετον
927 1037 963 1060 τι,

181 1076 244 1111 μηδ’
263 1076 388 1110 ἀπρεπὲς
416 1075 626 1109 ἀποκρινομένῳ
645 1074 692 1100 τεῦ
720 1074 811 1107 λέγειν
834 1082 966 1108 παραχω-

180 1121 282 1156 ροῦμεν
295 1121 391 1155 ήμιῖς;
415 1120 445 1145 ’0
470 1120 498 1146 δὲ
525 1119 651 1153 βασιλεὺς
683 1120 816 1153 φωράσας
839 1119 869 1144 τὸ
897 1118 966 1153 πρὸς

178 1166 307 1201 ἀλήθειαν
323 1165 363 1196 ὃν,
386 1165 442 1191 Οὐκ
468 1163 558 1197 ὀρθῶς
575 1164 701 1198 ἔχουσαν,
720 1161 792 1194 εἷπε,
814 1163 863 1198 τὴν
889 1163 966 1197 ὑμῶν

178 1212 308 1242 διάνοιαν,
326 1211 392 1245 περὶ
413 1210 443 1236 τὸ
457 1209 594 1244 ἡμέτερον
612 1209 713 1243 κράτος
737 1209 803 1244 ὁρῶ.
822 1208 965 1240 Φιλόλογος

177 1256 207 1283 δι
222 1265 264 1287 τις
277 1256 374 1290 ὄνομα,
392 1254 444 1289 τὴν
457 1254 568 1289 ήλιχίαν
583 1254 727 1288 νεώτερος,
753 1253 800 1279 τὴν
819 1252 881 1279 νοῦν
905 1252 966 1284 ὀξύ-

177 1309 270 1334 τατος,
288 1301 335 1326 τὸν
349 1300 430 1334 ζῆλον
455 1299 622 1335 θερμότατος
633 1307 641 1315 ι
657 1297 692 1325 Ὠ
707 1299 830 1333 βασιλεῦ,
849 1299 963 1333 ἔφησεν,

145 1378 151 1385 .
178 1348 195 1381 ὴ
215 1347 303 1382 μάτην
314 1346 476 1381 ὲνσκήψασα
497 1345 604 1380 πονηρά
627 1345 688 1371 καθ’
705 1345 783 1380 ἡμῶν
800 1344 913 1371 ὑπόνοια
929 1345 964 1378 τῇ

177 1392 252 1427 ψυχῇ
269 1399 327 1423 σου,
351 1391 402 1417 οὐκ
421 1391 459 1422 είς
483 1390 587 1424 ἀγαθὸν
611 1391 678 1425 ήμῐν
695 1390 841 1425 καταλήξει
863 1389 962 1425 πέρας,

178 1439 290 1472 Πλήρης
307 1437 361 1472 γὰρ
378 1437 494 1471 ὑποψίας
507 1435 532 1462 εἶ
547 1436 687 1462 ἀπώλειαν
707 1437 880 1470 καταγνῶναι
893 1437 962 1462 πάν·

176 1491 232 1510 των
264 1483 462 1517 διανοούμενος.
486 1482 516 1509 Ὀ
539 1482 566 1508 δὲ
593 1482 725 1516 τύραννος
749 1482 794 1508 ἐπὶ
816 1483 849 1516 τῇ
876 1482 963 1517 ἀθρόᾳ

1020 257 1093 281 trare
1108 254 1239 282 adversus
1254 255 1303 283 bos
1321 256 1441 291 impios?
1456 258 1574 286 Sanctus
1590 266 1656 286 vero
1684 267 1800 294 respon-

1019 299 1077 327 dit:
1095 299 1123 327 Si
1139 300 1192 328 hoc
1204 301 1253 328 tibi
1266 302 1375 329 videtur
1389 311 1534 338 operosum
1550 312 1581 332 ac
1591 304 1711 338 diﬂicile,
1727 305 1800 338 sine,

1019 345 1116 380 inquit,
1141 353 1188 374 eos
1215 355 1264 375 sua
1283 348 1360 376 abire
1395 349 1544 376 voluntate.
1582 349 1800 377 humanissimus

1019 399 1084 419 vero
1107 391 1243 427 Sapores:
1268 392 1320 421 Sed
1337 398 1480 429 quantum,
1502 393 1601 428 inquit.
1623 394 1671 421 das
1693 402 1726 421 ex
1747 395 1802 422 tuis

1018 438 1109 465 verbis
1126 439 1341 473 conjiciendum,
1356 439 1459 467 videris
1470 439 1524 466 illis
1535 439 1639 474 potius.
1654 446 1736 473 quam
1749 447 1799 466 no—

1017 483 1071 516 bis,
1087 484 1236 512 adhaerere.
1264 485 1332 512 Nam
1355 485 1422 512 mihi
1447 485 1531 512 verba
1557 485 1740 512 communiter
1766 485 1800 511 ad

1018 537 1114 558 omnes
1131 530 1251 563 facienti,
1265 531 1323 566 ipse
1340 532 1415 559 solus
1429 531 1478 558 das
1502 538 1632 565 responsa
1648 550 1657 562 ,
1683 534 1712 557 et
1736 537 1801 564 δυε-

1018 576 1100 611 geris.
1124 582 1153 603 ut
1170 576 1268 612 impios
1291 577 1444 611 relinquam
1462 576 1622 612 impunitos.

1054 622 1112 650 XV.
1131 622 1178 650 llis
1203 623 1403 658 sicaSaporio
1432 624 1514 651 dictis
1541 630 1603 650 eum
1630 621 1799 657 suspieidue.

1018 669 1115 696 beatus
1129 669 1345 703 Elpidephorns:
1363 669 1499 702 Quoniam
1517 676 1589 701 sum,
1610 667 1802 703 inquit.’prin-
1840 662 1843 670 ’

1018 723 1083 749 ceps
1113 719 1234 748 senatus,
1252 715 1280 742 hi
1296 715 1363 742 mihi
1380 715 1484 742 merito
1508 714 1665 742 concedunt
1682 713 1802 748 primum

1019 760 1129 788 dicendi
1142 761 1243 788 locum.
1258 761 1311 788 Sed
1325 761 1343 788 ii
1359 769 1470 795 quoque
1483 761 1587 791 dicant.
1599 759 1673 794 quod
1693 759 1802 787 videtur

1018 807 1184 842 unicuique,
1207 808 1336 842 quoniam
1364 807 1417 839 vis,
1441 815 1458 834 ο
1478 815 1537 838 rex,
1567 807 1680 834 omnino
1706 813 1802 832 verum

1018 853 1124 880 audire.
1148 853 1263 886 Quidam
1290 858 1381 880 autem
1395 861 1467 880 unus
1481 860 1515 880 ex
1541 852 1727 884 senatoribus,
1753 851 1803 878 ha-

1017 899 1085 927 bens
1115 899 1232 926 animam
1259 898 1352 926 divina
1381 898 1468 934 gratia
1498 898 1699 925 illuminatam:
1729 896 1800 929 Quid

1017 954 1111 974 revera
1141 946 1240 973 mirum
1271 950 1324 978 est,
1343 946 1442 980 inquit,
1457 953 1473 972 ο
1489 953 1545 976 rex,
1564 944 1586 971 si
1601 943 1800 979 Elpidepltoro,

1017 993 1064 1027 qui
1089 996 1131 1019 est
1154 992 1280 1026 princeps
1308 996 1431 1022 senatus,
1449 996 1478 1018 et
1500 991 1569 1018 nihil
1598 990 1735 1025 insipiens
1757 997 1801 1016 re-

1017 1037 1133 1071 spondet
1154 1042 1201 1064 aut
1218 1037 1390 1068 indecorum.
1408 1044 1458 1064 nos
1479 1036 1585 1063 discere
1601 1035 1801 1062 concedimus?

1017 1082 1074 1108 Rex
1091 1086 1181 1108 autem
1201 1089 1262 1108 cum
1286 1081 1324 1114 id,
1345 1082 1417 1116 quod
1437 1086 1506 1112 erat,
1534 1088 1630 1108 revera
1646 1079 1802 1114 deprehen-

1017 1127 1120 1155 disset:
1143 1127 1239 1160 Video,
1256 1127 1356 1161 inquit,
1377 1132 1495 1154 vestram
1513 1131 1632 1154 mentem
1659 1134 1714 1152 non
1727 1130 1801 1152 recte

1016 1171 1142 1198 aﬂeetam
1163 1172 1189 1198 in
1222 1176 1343 1199 nostram
1372 1172 1534 1206 potentiam.
1561 1171 1678 1203 Quidam
1715 1177 1792 1199 vero.

1016 1217 1128 1244 nomine
1149 1217 1317 1251 Philologus,
1343 1222 1423 1244 aetate
1442 1217 1545 1252 junior,
1567 1216 1677 1250 ingenio
1701 1215 1802 1242 acutis-

1017 1262 1099 1294 simo,
1123 1263 1181 1288 zelo
1196 1262 1427 1289 ardentissimus:
1455 1261 1477 1289 Ο
1501 1270 1557 1293 rex,
1586 1262 1686 1295 inquit.
1717 1261 1798 1290 mala,

1016 1315 1077 1342 quas
1093 1312 1169 1334 tuum
1195 1308 1315 1334 aninmm
1336 1307 1370 1334 de
1396 1307 1477 1334 nobis
1503 1307 1614 1337 invasit.
1642 1306 1802 1341 conjectura

1016 1361 1070 1381 non
1084 1353 1164 1380 nobis
1183 1353 1209 1380 in
1224 1354 1325 1380 bonum
1341 1353 1446 1380 exitum
1460 1353 1578 1380 desinet.
1598 1353 1634 1379 Es
1650 1352 1723 1379 enim
1742 1351 1801 1386 ple-

1020 1407 1073 1426 nus
1090 1399 1255 1433 suspicione,
1287 1404 1316 1426 ut
1332 1399 1380 1433 qui
1395 1399 1498 1434 cogites
1515 1398 1644 1425 omnibus
1667 1402 1713 1424 tua
1736 1404 1802 1424 con-

1016 1445 1192 1472 damnatione
1205 1444 1304 1471 aﬂ'erre
1320 1444 1446 1471 exiliunt.
1463 1443 1607 1479 Tyrannus
1635 1447 1728 1470 autent
1759 1442 1799 1468 ira

1016 1491 1136 1526 repletus
1161 1497 1273 1526 propter
1301 1491 1472 1526 repentinam
1500 1489 1632 1524 Philologi
1669 1489 1799 1523 loquendi

177 1527 225 1554 τοῦ
237 1527 380 1561 Ιιιλολιεγου
395 1527 539 1564 παρρησία
565 1526 651 1562 θυμοῦ
667 1527 715 1562 τὴν
740 1527 829 1562 ψυχὴν
843 1526 963 1561 ἀναπλη-

1018 1537 1173 1564 libertatem
1191 1546 1197 1563 :
1225 1536 1304 1569 Quis,
1322 1537 1421 1571 inquit,
1438 1541 1464 1563 te
1479 1536 1580 1570 delegit
1596 1540 1626 1562 ut
1649 1536 1728 1562 dares
1748 1541 1801 1562 tam

177 1573 251 1605 σθείς
261 1580 268 1589 '
285 1574 333 1605 Τίς
351 1574 405 1609 γάρ
418 1581 446 1600 σε
466 1573 513 1600 καὶ
530 1573 624 1608 ἤρετο,
639 1573 730 1608 φησὶν,
751 1573 784 1599 ἶν’
799 1573 885 1604 οὕτως
895 1573 963 1599 ἀπό-

176 1628 261 1654 τομον
287 1619 337 1655 τὴν
359 1619 507 1654 ἀπόκρισιν
528 1618 598 1653 δῷς;
615 1619 687 1654 Πρὶς
703 1617 789 1644 ταῦτα
801 1617 815 1643 ὁ
830 1617 963 1652 γεννάδας

177 1667 280 1697 ἐκεῖνος
292 1686 299 1698 ,
322 1666 360 1700 μὴ
381 1665 427 1691 τὸν
453 1665 500 1691 τοῦ
513 1665 646 1699 τυράννου
659 1663 744 1698 θυμὸν
760 1663 963 1697 ὑπολογισάμε-

177 1720 231 1743 νος,
252 1712 289 1747 μὴ
307 1711 357 1745 τῆς
372 1710 495 1743 ἐξουσίας
509 1709 638 1745 φροντίδα
652 1709 776 1744 θέμενος·
796 1708 828 1735 Τί
840 1709 869 1735 δὲ
881 1708 963 1743 ἡνίκα

176 1758 201 1784 τ’
217 1757 316 1791 ἀληθὲς
327 1757 430 1790 εξείποι
442 1765 496 1787 τις,
510 1755 633 1791 βασιλεῦ,
645 1756 750 1791 εἴρηκε,
765 1755 813 1782 καὶ
827 1755 857 1781 σε
870 1755 963 1791 δεήσει

177 1804 333 1839 παραυτίκα
350 1803 431 1838 χολᾷν
447 1812 454 1835 ;
473 1801 540 1830 Εἶτα
556 1803 603 1829 καὶ
620 1803 689 1838 πρὸς
712 1803 776 1833 τοὺς
793 1801 964 1836 παρεστηκό-

176 1859 225 1881 τας
256 1849 456 1884 συγκλητικοὺς
470 1848 586 1881 ἀπιδὼν,
603 1848 649 1875 Μὰ
662 1848 711 1884 τὴν
727 1847 877 1882 σωτηρίαν,
897 1846 961 1881 ἔφη,

177 1896 287 1925 πάντων
314 1895 403 1930 ὑμῶν,
422 1896 500 1922 οὐδὲν
516 1895 557 1922 δεῖ
570 1895 685 1930 τοιούτῳ
710 1894 788 1929 ἀνδρὶ
814 1894 963 1928 ἀποκρίνε-

178 1942 251 1969 σθαι.
273 1941 328 1968 Ποῦ
344 1942 400 1976 γὰρ
413 1941 446 1968 ἂν
468 1941 515 1968 καὶ
539 1941 628 1976 ἀληθῆ
644 1940 723 1974 λόγον
742 1940 841 1975 μανίας
856 1939 963 1971 δέξαιτο

176 1987 379 2022 πεπληρωμένη
395 1987 468 2022 ψυχή
482 1995 489 2019 ;
509 1987 571 2012 Ἐπὶ
585 1987 691 2017 τούτοις
705 1987 719 2012 6
735 1985 865 2020 τύραννος
877 1983 962 2018 θυμοῦ

174 2034 244 2060 κατὰ
253 2033 303 2067 τὴν
312 2033 454 2068 ὁμοίωσιν,
468 2033 506 2064 ὡς
515 2032 595 2059 Δαυτδ
606 2032 620 2057 6
630 2032 701 2062 θεῖος
715 2031 794 2065 φησὶ,
807 2030 962 2064 τούλθφεως,

177 2079 350 2113 στρατιώτας
367 2079 464 2112 στῆναι
497 2078 550 2112 πρὸ
576 2077 630 2104 τῶν
657 2076 747 2111 ουρῶν
772 2075 961 2110 ὲγκελεύεται,

175 2123 244 2150 ὥστε
259 2124 321 2154 τοὺς
341 2123 529 2156 ἀντιλέγοντας
540 2122 624 2158 αὐτῷ,
642 2121 690 2149 καὶ
710 2121 818 2156 πρῶτόν
838 2129 870 2155 γε
890 2121 962 2147 πάν-

173 2167 424 2203 τωνἝλπιδιφόρον
444 2168 526 2202 .ξιφει
552 2167 777 2202 διαχειρίσασθαι.
794 2167 964 2201 Καλλίστρα-

1016 1582 1113 1609 duram
1129 1587 1157 1609 et
1185 1590 1309 1617 asperam
1338 1582 1522 1610 sententiam?
1543 1582 1583 1609 Ad
1610 1582 1668 1609 haec
1684 1582 1725 1609 \ir
1756 1582 1801 1609 ille

1014 1628 1151 1664 egregius,
1176 1636 1231 1655 non
1246 1628 1314 1655 iram
1331 1628 1439 1664 tyranni
1458 1628 1602 1660 reveritus.
1624 1636 1674 1655 nec
1694 1628 1727 1654 de
1742 1628 1801 1662 ejus

1014 1677 1148 1709 potestate
1179 1674 1334 1701 sollicitus:
1365 1673 1436 1706 Quid
1465 1682 1542 1707 vero,
1568 1674 1677 1708 quando
1704 1681 1798 1700 verum

1014 1719 1114 1746 dixerit
1137 1719 1296 1754 quispiam.
1327 1727 1344 1746 ο
1379 1727 1438 1751 rex,
1469 1724 1532 1746 tene
1565 1719 1703 1753 oportebit
1728 1719 1801 1745 illico

1014 1765 1117 1793 irasci?
1144 1765 1247 1792 Deinde
1262 1765 1344 1792 etiam
1371 1765 1482 1792 intuens
1497 1765 1529 1792 ad
1551 1773 1655 1791 omnes,
1673 1766 1718 1800 qui
1734 1766 1800 1791 ade-

1013 1815 1085 1843 rant,
1118 1817 1279 1839 senatores:
1303 1811 1356 1838 Per
1383 1812 1510 1843 salutem,
1544 1810 1644 1846 inquit,
1674 1816 1796 1838 vestrum

1013 1857 1146 1890 omnium,
1165 1857 1210 1884 tali
1235 1857 1293 1883 viro
1306 1857 1373 1884 nihil
1389 1862 1497 1891 oportet
1524 1857 1700 1891 respondere.
1723 1857 1797 1888 Quo-

1013 1903 1095 1931 modo
1122 1904 1195 1931 enim
1212 1911 1306 1930 veram
1326 1903 1413 1930 acciet
1439 1902 1604 1935 orationem,
1622 1910 1682 1936 qua:
1705 1902 1797 1929 furore

1013 1950 1117 1985 repleta
1130 1955 1183 1982 est,
1211 1950 1321 1977 anima?
1337 1950 1453 1984 Propter
1475 1950 1533 1976 hxec
1556 1955 1689 1984 tyrannus
1704 1949 1742 1975 ira
1758 1955 1802 1974 rc-

1012 1996 1114 2033 pletus,
1142 1996 1192 2028 ira,
1210 1995 1332 2030 inquam,
1359 1995 1391 2022 ad
1416 1993 1625 2021 similitudinem
1649 1993 1798 2028 serpentis,

1015 2044 1044 2066 ut
1063 2040 1130 2067 dicit
1162 2040 1274 2068 divinus
1299 2041 1394 2072 David,
1422 2040 1524 2067 milites
1543 2040 1622 2074 jubet
1649 2044 1722 2066 stare
1748 2046 1798 2073 pro

1013 2085 1130 2117 foribus,
1150 2090 1180 2113 ut
1201 2093 1260 2116 eos.
1289 2085 1336 2120 qui
1356 2085 1382 2112 ei
1407 2085 1607 2119 repugnabant,
1628 2089 1656 2110 et
1679 2083 1797 2117 primum

1013 2131 1135 2157 omnium
1155 2131 1380 2166 Elpidephorum,
1400 2137 1466 2157 ense
1481 2128 1657 2156 conﬁcerent.
1680 2127 1797 2160 Quidam

1013 2180 1105 2203 autem
1126 2176 1311 2207 Callistratus,
1333 2183 1396 2202 cum
1427 2178 1500 2201 esset
1526 2173 1582 2208 regi
1604 2173 1797 2204 amicissimus,

175 2222 222 2246 τος
247 2213 274 2240 δέ
290 2222 332 2244 τις
355 2214 432 2248 φίλος
458 2212 495 2239 ὢν
511 2213 551 2247 τῷ
566 2213 672 2247 βασιλεῖ
684 2214 712 2244 ἐς
729 2213 765 2239 τὰ
790 2213 909 2248 μάλιστα
922 2212 960 2248 τῷ

1014 2230 1076 2250 eum
1095 2222 1166 2250 collo
1183 2223 1334 2256 amplexus,
1359 2221 1456 2248 orabat
1482 2226 1511 2247 ut
1536 2220 1603 2247 iram
1623 2220 1796 2254 reprimeret.

173 2259 249 2294 αὐτῷ
268 2260 386 2294 περιφὺς
401 2259 541 2294 τραχήλῳ,
563 2259 612 2294 τὴν
627 2259 712 2294 ὀργὴν
730 2260 851 2294 ἐπισχεῖν
867 2259 962 2285 ὲλιπά-

176 2314 229 2341 ρει,
247 2305 295 2332 καὶ
315 2304 474 2339 σύμπαντες
491 2305 518 2330 δὲ
543 2304 802 2340 παρῤησιασάμενοι
817 2312 823 2320 ⁸
846 2303 961 2330 Ἀθλιώ-

172 2359 237 2378 τατε
265 2350 410 2385 βασιλέων.
437 2348 526 2382 εἷπον,
554 2350 614 2385 εῐσῃ
632 2350 679 2376 νῦν
695 2349 828 2384 ἀκριϐῶς,
845 2348 884 2380 ὡς
911 2349 960 2384 οὺχ

173 2395 255 2429 ὅμοιά
279 2403 319 2421 σοι
347 2394 503 2430 φρονοῦμεν
530 2395 611 2429 ἡμεῖς
630 2394 692 2420 οὐδὲ
709 2393 837 2425 ἀσεϐείας
863 2394 960 2428 ἐπίσης

173 2439 404 2474 ἀντιποιούμεθα·
425 2440 470 2466 καὶ
495 2439 583 2466 ταῦτα
607 2439 731 2470 εἰπόντες
747 2439 862 2475 ἐξῄεσαν
888 2438 960 2465 οὕτω

173 2485 374 2517 καταλιπόντες·
395 2485 487 2513 αὐτόν.
513 2485 584 2511 “Δλλ¹
606 2486 709 2517 ἐκεῖνος
731 2485 780 2517 νὺξ
802 2485 840 2512 ὢν
858 2485 906 2511 καὶ
929 2485 960 2511 τὸ

174 2530 286 2566 σύμπαν
305 2530 416 2563 σκύτους
431 2532 488 2564 om;
503 2532 552 2568 τὴν
571 2531 660 2558 νύκτα·
669 2533 731 2567 ἔσχε
745 2532 813 2566 πρὸς
829 2532 863 2558 τὰ
878 2539 960 2566 πονη-

174 2577 276 2612 ρότατα
301 2577 496 2612 συνεργοῦσαν,
525 2579 574 2604 καὶ
587 2579 646 2613 ἅμα
671 2578 753 2612 φωτὶ,
771 2577 889 2609 καθίσας
913 2577 960 2603 ἐπὶ

173 2623 220 2650 τοῦ
248 2623 380 2658 βήματος,
409 2625 483 2656 τρεῖς
497 2624 608 2650 κελεύει
637 2623 752 2659 βύθρους
776 2623 956 2659 διορυγῆναι,

174 2669 256 2705 θηρία
273 2677 302 2695 τε
319 2669 367 2696 καὶ
390 2669 494 2704 ἑρπετά
509 2669 614 2701 τούτοις
635 2669 814 2704 ἑναφεθῆναι,
831 2670 878 2696 καὶ
894 2670 958 2702 τοὺς

172 2715 237 2750 περὶ
249 2716 297 2741 τὸν
312 2714 390 2749 ἄτιον
404 2714 559 2740 Ἀκίνδυνον
573 2715 755 2750 ὲμὸληθῆναι.

207 2759 267 2794 ις’.
284 2760 361 2787 Ἐπεὶ
383 2759 429 2788 οὖν
458 2762 548 2788 ὲκείσε
571 2762 635 2793 τοὺς
652 2762 747 2795 ἁγίους
777 2762 915 2797 καθῆκαν,
943 2763 957 2787 6

172 2807 250 2838 Θεὸς,
262 2807 350 2838 ἁθεὸς
365 2807 444 2842 ήμῶν
457 2808 482 2834 οἱ
498 2807 636 2842 μάρτυρες
655 2808 723 2843 πρός
737 2816 766 2834 σε
781 2809 956 2844 ὀρθρίζομεν,

172 2853 302 2888 ἔψαλλον·
324 2854 432 2890 ἐδίψησε
455 2863 484 2880 σε
498 2855 514 2889 ή
529 2854 602 2890 ψυχὴ
624 2854 714 2889 ἡμῶν,
737 2855 846 2891 ἐδίψησὲ
866 2864 894 2882 σε
912 2857 956 2883 τῦν

1011 2268 1112 2296 Omnes
1128 2275 1193 2295 vero
1207 2267 1286 2294 simul
1302 2267 1388 2294 libere
1404 2267 1548 2301 loquentes
1564 2275 1570 2292 ε
1584 2266 1735 2293 Miserrime
1751 2272 1796 2291 re-

1011 2321 1086 2348 gum,
1103 2313 1241 2344 dicebant,
1262 2311 1377 2346 pulchre
1392 2311 1462 2338 scies
1481 2318 1530 2338 nos
1542 2319 1596 2338 non
1616 2310 1722 2342 eadem,
1735 2317 1797 2344 qua)

1012 2359 1180 2390 tu.sentire,
1202 2365 1291 2391 neque
1319 2356 1446 2384 similiter
1473 2357 1543 2384 tueri
1569 2356 1749 2390 impietatem.
1766 2355 1799 2382 Et

1011 2404 1068 2432 haec
1082 2412 1143 2431 cum
1158 2403 1301 2436 dixissent,
1325 2403 1453 2429 exierunt
1479 2409 1512 2429 eo
1538 2402 1578 2429 sic
1609 2401 1715 2428 relicto.
1744 2399 1798 2427 Sed

1010 2449 1065 2480 ille,
1082 2456 1143 2475 cum
1158 2451 1231 2475 esset
1247 2455 1312 2479 nox,
1326 2452 1354 2474 et
1368 2447 1401 2474 ad
1415 2454 1548 2474 summam
1575 2445 1649 2473 ﬁlius
1670 2444 1799 2472 tenebra-

1010 2502 1081 2526 rum,
1103 2493 1199 2520 habuit
1229 2497 1337 2520 noctem
1361 2500 1440 2527 opem
1466 2491 1601 2518 ferentem
1628 2490 1710 2517 rebus
1737 2497 1799 2524 pes-

1009 2541 1096 2571 simis.
1113 2545 1141 2566 et
1156 2547 1217 2566 cum
1234 2539 1354 2574 primum
1380 2538 1526 2568 illuxisset,
1553 2536 1652 2563 sedens
1669 2542 1719 2569 pro
1747 2534 1798 2561 lri-

1009 2587 1192 2623 bunalijubet
1211 2593 1266 2615 tres
1283 2588 1371 2615 fossas
1391 2586 1487 2618 eﬂodi,
1504 2589 1532 2613 et
1556 2585 1584 2611 in
1615 2591 1661 2610 eas
1687 2582 1796 2610 immitti

1009 2634 1111 2662 bestias
1125 2639 1153 2662 et
1177 2639 1329 2670 serpentes,
1346 2639 1374 2662 et
1388 2638 1514 2662 sanctum
1542 2631 1714 2666 Acindynum
1732 2637 1795 2657 cum

1010 2681 1067 2708 suis
1080 2681 1107 2707 in
1131 2689 1176 2708 eas
1193 2681 1282 2716 injici.

1041 2768 1111 2795 XVI.
1137 2769 1283 2800 Postquam
1311 2776 1375 2803 ergo
1401 2771 1511 2795 sanctus
1541 2774 1575 2794 co
1604 2765 1792 2793 immisissent:

1013 2822 1021 2838 α
1044 2812 1125 2843 Deus.
1141 2813 1212 2839 Dens
1224 2813 1369 2844 noster.:rl
1386 2818 1410 2840 te
1426 2813 1460 2840 de
1473 2812 1533 2840 luce
1548 2811 1703 2846 vigilamus,
1719 2809 1794 2840 Nath

1011 2858 1099 2885 lebant
1121 2862 1261 2892 martyres.
1290 2858 1382 2885 Sitivil
1408 2863 1433 2885 te
1460 2858 1549 2885 anima
1567 2861 1673 2887 nostra,
1704 2854 1799 2882 sitim
