2039 3155
260 151 296 182 27
887 146 1034 178 MENSIS
1053 145 1273 176 NOVEMBER.
1841 144 1878 176 28

260 210 346 237 Deum
380 207 471 234 vivum
511 210 540 233 et
561 205 672 233 fortem.
704 206 757 233 Sed
782 211 809 233 tu
833 205 875 232 fac
901 205 1044 232 nobisa-um

1101 201 1165 227 Θεὸν
1180 201 1267 232 ζῶντα
1291 202 1338 229 καὶ
1365 201 1486 237 ίσχνρόν.
1515 201 1596 228 Ἀλλὰ
1625 202 1657 228 σὺ
1680 200 1792 235 ποίησον
1818 200 1878 234 μεθ’

259 252 454 281 convenienter
481 253 536 278 tuae
562 250 782 283 mansuetudini,
799 255 827 277 et
848 250 918 277 educ
935 257 986 276 nos
1013 249 1046 275 de

259 298 318 324 lacu
342 295 469 323 miseriae.
495 295 631 328 Quoniam
657 295 774 330 benigna
790 299 832 322 est
856 294 1045 322 misericord'a

257 347 314 374 tua,
330 347 358 369 et
372 341 482 368 bonitas
496 349 558 377 qua:
573 350 626 368 non
641 345 731 376 potest
745 341 860 375 exprimi
873 342 911 367 ⁸.»
931 340 1045 368 Interim

256 391 350 414 autem
375 387 442 414 dum
471 391 668 421 precarentur,
704 386 839 421 splendidi
871 390 1047 414 accesserunt

259 433 362 466 angeli,
397 433 482 459 veluti
512 432 675 467 quibusdam
703 432 788 467 virgis
817 432 916 459 ferreis
944 431 1047 459 bestias

259 477 415 512 ahigentes,
431 482 459 504 et
475 485 699 512 unumquemque
716 485 731 504 e
745 478 848 504 sanctis
871 485 952 504 manu
971 478 1046 504 acci-

262 522 380 557 pientes,
397 530 444 549 eos
467 522 565 549 illaesos
587 529 602 549 e
623 522 705 549 fossis
724 522 892 550 eduxerunt.
917 522 970 550 Sed
999 530 1047 550 rex

261 574 324 594 cum
360 572 499 600 oporteret
524 574 618 594 rursus
640 567 743 594 Christi
777 567 928 602 intelligere
950 571 1048 602 poten-

268 611 343 642 tiam,
362 615 389 637 et
405 618 513 638 cessare
528 611 676 646 aliquando
689 612 813 646 aggredi,
828 620 888 646 quae
906 620 960 639 non
982 619 1046 647 pos-

259 659 323 682 sunt
348 655 428 687 eﬂici.
457 656 502 682 ille
531 656 615 690 jussit
641 661 751 683 sanctos
780 664 877 684 rursus
900 664 1048 691 suspensos

260 700 338 728 credi.
361 701 428 727 Cum
451 706 543 728 autem
567 701 682 729 vidisset
708 709 805 729 eorum
833 709 930 729 carnes
955 702 1048 729 multis

259 745 336 772 horis
353 745 508 777 conscindi,
523 745 642 780 fortique
665 750 692 773 et
707 754 842 781 generoso
863 746 955 774 animo
976 747 1047 774 resi-

259 796 333 819 stere
348 792 556 823 certaminibus,
575 792 656 827 jubet
671 800 720 819 eos
739 799 754 819 e
779 792 861 826 lignis
884 793 997 827 deponi,
1018 798 1047 820 et

259 837 300 864 eis
314 837 404 872 capita
417 837 565 872 amputari.
578 837 640 872 Ipse
653 838 727 864 enim
744 838 831 872 magis
851 842 910 865 erat
923 838 1047 866 defessus

262 882 402 910 intentans
431 882 565 916 supplicia
581 903 588 915 ,
611 890 693 918 quam
714 887 848 918 martyres
873 884 1044 910 sustinentes

261 935 305 958 ea,
323 935 383 961 qua:
398 928 626 954 intentabantur:
643 932 671 954 et
694 935 800 954 summa
824 927 987 954 fortitudine
1009 928 1050 954 vi-

263 977 362 1000 cerunt
383 973 421 999 illi
439 973 575 1000 infinitam
589 973 790 1000 crudelitatem.
805 972 874 1000 Cum
886 973 942 1007 jam
956 977 1048 1000 autent

263 1019 298 1046 ad
330 1023 445 1046 mortem
475 1019 688 1050 abducerentur,
713 1019 760 1054 qui
784 1019 819 1046 ab
843 1019 885 1045 eis
906 1019 1051 1045 illuminati

264 1065 377 1092 fuerant
396 1066 427 1091 ad
443 1065 581 1099 pietatem,
599 1064 678 1091 simul
703 1073 765 1091 cum
779 1068 877 1091 senatu
891 1072 897 1088 :
911 1063 1052 1090 Dimittitis

264 1117 325 1142 nos,
338 1109 480 1142 dicebant,
497 1117 514 1136 ο
526 1109 651 1136 doctores
665 1109 787 1143 pietatis,
801 1115 885 1142 super
895 1107 1051 1134 cathedram

262 1154 435 1188 pestilentiae.
455 1154 482 1180 in
498 1154 587 1180 medio
607 1153 735 1180 Ecclesiae
750 1152 970 1186 tnalignautium,
984 1160 1047 1179 cutn

262 1199 296 1225 ad
320 1206 476 1225 mensuram
489 1199 577 1225 aetatis
592 1198 619 1224 in
644 1198 757 1224 Christo
775 1196 898 1224 nondum
917 1204 1051 1230 pervene-

263 1244 360 1270 rimus.
381 1244 454 1270 Beati
470 1248 560 1270 autetn
577 1243 615 1270 illi
635 1244 676 1270 eis
691 1243 893 1277 respondertntt
908 1251 914 1268 ς
935 1241 987 1274 Qui
1004 1241 1053 1268 do-

264 1290 309 1315 cﬁt
321 1288 458 1316 hominem
474 1289 617 1316 scientiam
638 1289 768 1315 Christus
791 1288 864 1314 Deus
883 1292 988 1320 noster,
1006 1288 1052 1322 qui

263 1338 306 1360 est
329 1334 491 1361 illuminatio
511 1334 666 1361 animarum
685 1337 855 1363 nostrarum,
880 1332 938 1366 ipse
954 1339 1002 1359 vos
1021 1332 1053 1359 il-

264 1379 411 1406 luminabit
425 1384 453 1406 et
470 1379 567 1406 reddet
584 1378 780 1413 intelligentes,
800 1378 948 1412 firmosque
971 1377 1052 1405 faciet

262 1427 291 1450 et
305 1424 415 1450 stabilrs
430 1424 609 1451 fundamento
626 1431 682 1450 sua:
699 1422 773 1450 fidei.

302 1469 383 1495 XVII.
403 1469 495 1496 Relata
525 1474 590 1496 sunt
614 1469 672 1495 haec
702 1469 779 1504 regi:
803 1473 830 1496 et
856 1467 929 1503 quod
955 1477 1050 1504 magna

1099 247 1178 282 ἡμῶν
1194 247 1264 274 κατά
1276 248 1325 282 τὴν
1342 248 1392 276 σὴν
1417 247 1582 279 ἐπιείκειαν,
1597 247 1644 273 καὶ
1667 246 1788 280 ἀνάγαγι
1803 246 1878 281 ἡμᾶς

1098 294 1130 320 lx
1144 293 1245 320 λάκκου
1263 293 1451 327 ταλαιπωρίας
1461 301 1469 310 ο
1484 294 1526 319 ὅτι
1547 293 1578 319 τὸ
1603 292 1676 324 ἔλεός
1691 300 1738 318 σου
1750 292 1879 326 χρηστὸν,

1098 337 1144 364 καὶ
1161 339 1177 373 ἡ
1196 338 1333 372 ἀγαθότης
1349 338 1520 368 ἁνείκαστος.
1533 337 1608 372 Ἀμα
1627 337 1654 363 δὲ
1667 338 1699 371 τῇ
1716 337 1794 371 εὐχῇ,
1809 337 1880 370 λαμ-

1098 383 1299 418 προφοροῦντες
1318 383 1473 418 ἐπέστησαν
1487 383 1609 416 ἄγγελοι,
1627 379 1672 408 οἷα
1685 389 1740 408 τισι
1756 381 1880 415 σιδηραῖς

1099 428 1208 462 pasam;
1219 428 1283 459 τοὺς
1303 427 1390 462 θῆρας
1410 427 1621 459 ἀποσοσοῦντες,
1636 426 1752 453 ἑκάστου
1775 434 1805 452 τι
1824 426 1880 452 τῶν

1097 476 1184 509 ἁγίων
1204 474 1350 509 λαῆόμενοι
1371 475 1421 508 τῆς
1437 473 1538 509 χειρὸς,
1559 472 1688 504 ἀϐλαϐεῖς
1705 472 1759 499 τῶν
1775 471 1880 506 βάθρων

1098 521 1205 555 ιξῆγον.
1228 519 1300 547 Ἀλλ’
1320 521 1334 546 ὸ
1351 519 1488 554 βασιλεὺς,
1512 519 1572 545 δέον
1589 518 1670 545 πάλιν
1692 517 1811 544 συνεῖναι
1831 516 1881 552 τὴν

1098 565 1219 601 Χριστοῦ
1244 565 1359 600 δύναμιν
1382 565 1428 591 καὶ
1454 563 1609 590 παύσασθαί
1641 571 1706 589 ποτε
1739 563 1881 596 ἀνηνύτοις

1098 611 1258 646 ἐπιχειρεῖν,
1274 611 1288 637 ὁ
1313 610 1341 637 δὶ
1360 610 1488 636 ἐκέλευσα
1517 610 1579 640 τοὺς
1600 609 1693 641 ἁγίους
1719 605 1798 639 αὖθις
1814 616 1880 643 κρε-

1101 657 1254 692 μασθέντας
1281 656 1399 690 ξέισθαι.
1419 656 1463 687 Ὠς
1475 655 1504 682 δὲ
1519 654 1566 681 ἐπὶ
1585 654 1695 685 tonui;
1708 654 1768 684 ταῖς
1793 652 1879 688 ὥραις

1097 703 1146 734 τὰς
1164 704 1268 738 σάρκας
1291 702 1459 738 τεμνομένας
1481 702 1565 736 ἑώρα,
1584 701 1632 728 καὶ
1663 700 1736 735 ψυχῇ
1765 700 1880 735 γενναίᾳ

1098 748 1166 782 πρδς
1185 748 1247 778 τοὺς
1271 748 1380 782 ἀγῶνας
1395 747 1570 782 ἀντέχοντας.
1603 745 1799 780 καθαιρεθῆναι
1824 744 1879 770 τῶν

1099 792 1184 825 ξύλων
1193 793 1307 823 κελεύει,
1315 793 1363 819 καὶ
1374 792 1422 822 τὰς
1430 791 1550 826 κεφαλὰς
1560 791 1740 826 ἐκτμηθῆναι.
1756 791 1880 824 Ἕκαμνε

1098 839 1152 874 γὰρ
1167 838 1249 870 αὐτὸς
1269 838 1370 872 μᾶλλον
1387 837 1497 871 ἐπάγων
1515 837 1564 868 τὰς
1576 836 1723 870 τιμωρίας,
1741 835 1757 869 ἢ
1771 835 1796 862 οι
1811 835 1881 869 μαρ-

1099 893 1181 918 τυρες
1202 884 1349 918 ὑπομένειν
1368 883 1402 909 τὰ
1419 883 1587 917 ἑπαγόμενα.
1604 882 1652 908 καὶ
1668 881 1809 914 νενίκηκεν
1830 880 1882 905 ὐπ-

1101 930 1199 964 ερϐολῇ
1215 929 1406 963 γενναιότητος
1421 948 1428 959 ,
1441 928 1581 962 ὠμήτητος
1601 927 1745 962 ἀμετρίαν.
1766 927 1882 959 ’Λπαγο-

1103 977 1190 1012 μένων
1204 976 1233 1002 δὲ
1248 976 1302 1010 ἠδη
1317 976 1368 1010 τὴν
1394 975 1440 1001 ἐπὶ
1458 975 1572 1002 θάνατον
1587 975 1611 1001 οἱ
1638 974 1703 1007 παρ’
1720 973 1811 1000 αὐτῶν
1825 981 1882 1006 φω-

1101 1021 1238 1052 τισθέντες
1250 1022 1290 1052 είς
1306 1020 1462 1046 θεοσέδειαν
1477 1021 1525 1047 σῦν
1541 1020 1598 1054 ἃμα
1611 1020 1657 1046 καὶ
1671 1021 1704 1054 τῇ
1723 1019 1880 1052 συγκλήτῳ,

1108 1067 1213 1101 Ἀφίετε
1227 1067 1311 1100 ἡμᾶς,
1332 1065 1433 1099 ἔλεγον,
1449 1066 1474 1091 οι
1492 1067 1541 1099 τῆς
1558 1064 1697 1095 εὐσεϐείας
1712 1063 1881 1094 διδάσκαλοι,

1101 1112 1147 1138 ἐπὶ
1163 1111 1280 1146 καθέδρᾳ
1294 1111 1396 1144 λοιμῶν
1414 1112 1442 1135 ὲν
1457 1109 1533 1143 μέσῳ
1551 1109 1715 1143 Ἐκκλησίας
1735 1116 1883 1142 πονηρευο-

1102 1157 1200 1190 μένων.
1219 1156 1302 1190 μήπω
1316 1155 1384 1189 πρὸς
1402 1155 1500 1188 μέτρον
1517 1153 1567 1187 τῆς
1583 1155 1611 1179 ὲν
1627 1154 1739 1188 Χριστῷ
1761 1154 1883 1187 φθάσαν·

1101 1210 1150 1232 τας
1165 1201 1284 1235 ἡλικίας.
1306 1201 1338 1226 Οί
1353 1200 1381 1227 δὲ
1401 1201 1529 1235 μακάριοι
1548 1199 1616 1233 πρὸς
1640 1199 1738 1230 αὐτοὺς
1766 1199 1885 1232 ἁπεκρίο

1102 1247 1228 1278 ναντο,’0
1243 1246 1374 1272 διδάσκων
1386 1246 1527 1280 ἄνθρωπον
1538 1246 1640 1279 γνῶσιν
1656 1245 1771 1279 Χριστὸς
1786 1245 1799 1269 ὁ
1817 1243 1883 1274 Θεὸς

1102 1292 1181 1326 ἡμῶν
1209 1293 1223 1317 ὁ
1256 1292 1394 1326 φωτισμὺς
1425 1292 1479 1317 τῶν
1504 1291 1647 1325 ἡμετέρων
1667 1290 1770 1324 ψυχῶν,
1803 1289 1883 1318 αὐτὸς

1103 1337 1175 1371 ὑμᾶς
1190 1337 1286 1370 φωτιεῖ
1302 1345 1331 1362 τε
1352 1336 1398 1362 καὶ
1414 1337 1541 1367 συνετιεῐ,
1556 1336 1602 1361 καὶ
1620 1334 1658 1369 τῷ
1675 1333 1790 1368 θεμελίῳ
1805 1333 1884 1367 ἑδρά-

1103 1390 1144 1408 σει
1158 1381 1207 1416 τῆς
1222 1381 1304 1408 αὐτοῦ
1318 1381 1449 1413 πίστεω;;

1143 1471 1290 1505 ’Δνηνέχθη
1307 1471 1393 1497 ταῦτα
1405 1471 1442 1505 τῷ
1455 1470 1572 1505 βασιλεῖ,
1591 1471 1637 1496 καὶ
1653 1470 1691 1500 ὡς
1702 1470 1779 1504 ὗχὶος
1791 1469 1883 1501 ίκανδς

265 1514 414 1542 multitudo
433 1517 599 1549 Sequeretur
617 1519 736 1545 sanctos.
755 1522 851 1541 eorum
877 1515 964 1542 caedes
989 1523 1049 1550 pro-

1105 1518 1197 1544 ἕποιτο
1213 1518 1269 1548 τοῖς
1287 1517 1374 1550 ἁγίοις
1389 1517 1530 1550 ἁπείργων
1545 1516 1634 1542 αὐτῶν
1650 1517 1699 1550 τὴν
1716 1515 1836 1550 σφαγήν.
1853 1515 1883 1542 ’0

264 1560 374 1588 hibens.
394 1560 440 1587 Illo
457 1565 549 1587 autem
567 1561 659 1588 statim
684 1560 788 1587 emittit
813 1565 949 1588 catervam
978 1561 1052 1588 mili-

264 1611 322 1633 tum
337 1607 364 1633 itt
383 1613 441 1638 eos,
465 1606 511 1641 qui
534 1606 724 1640 sequebantur
747 1611 864 1638 sanctos,
887 1607 929 1634 cui
944 1607 1050 1642 jussum

263 1651 355 1679 fuerat.
374 1657 405 1678 ut
418 1659 466 1678 eos
487 1652 647 1686 expelleret,
674 1651 722 1678 sed
748 1652 849 1688 egregii
869 1652 908 1679 illi
926 1652 988 1686 viri,
1005 1653 1051 1687 qui

264 1696 297 1723 ad
316 1695 398 1722 tinem
414 1703 501 1730 usque
526 1699 679 1727 statuerant
704 1695 831 1723 resistere
853 1701 976 1730 peccato,
1000 1697 1053 1725 hoc

265 1741 335 1768 nihil
348 1740 495 1774 facientes,
510 1742 667 1770 maluerunt
697 1743 790 1778 potius
812 1743 881 1770 mori
902 1751 964 1771 cum
988 1752 1052 1771 san-

265 1785 324 1813 ctis.
359 1785 482 1818 Quorum
506 1787 688 1814 constantiam
709 1796 770 1815 cum
798 1794 931 1825 tyrannus
956 1797 1052 1817 rursus

265 1830 459 1862 intellexisset,
483 1831 567 1865 jussit
592 1839 688 1859 omnes
707 1833 786 1860 simul
807 1841 868 1861 cutn
893 1834 996 1862 sanctis
1010 1835 1052 1862 in—

267 1875 365 1907 terﬁci,
397 1883 454 1902 suae
480 1876 623 1904 occidendi
653 1878 778 1906 homines
804 1879 961 1914 cupiditatis
988 1888 1052 1915 prae.

267 1925 371 1946 textum
398 1920 540 1955 aceipiens
568 1929 664 1950 eorum
686 1931 806 1952 atnorem
833 1925 955 1960 pietatis.
982 1925 1050 1953 Cum

267 1970 359 1992 autem
377 1966 402 1993 ei
420 1967 620 2001 suggessissent
643 1969 765 2004 quidam,
780 1977 898 2005 quorum
921 1975 980 1998 erat
993 1979 1050 1998 ma-

266 2018 337 2045 gnus
349 2011 426 2038 zelus
439 2011 465 2038 in
482 2011 638 2046 simulacra,
654 2014 725 2049 quod
739 2014 832 2042 fuisset
846 2021 956 2044 senatus
970 2024 1050 2044 causa

267 2055 367 2083 horum
401 2057 548 2090 malorum,
571 2059 649 2093 jubet
679 2059 788 2087 beatum
819 2061 918 2089 adduci
940 2062 1052 2097 Elpide-

265 2101 396 2135 phorum,
420 2107 450 2129 ut
469 2103 515 2138 qui
533 2105 604 2138 apud
620 2112 683 2132 eum
698 2105 783 2133 ferret
798 2108 901 2141 priutos
915 2108 1045 2136 honores.

267 2147 315 2173 Ille
343 2153 434 2175 autem
463 2157 614 2178 conversus
641 2152 676 2178 ad
701 2152 820 2181 invictos
840 2160 984 2190 martyres,
1001 2156 1048 2191 qui

267 2193 386 2220 nondum
403 2201 481 2223 erant
495 2198 675 2225 consummati
689 2207 697 2226 ε
711 2199 823 2234 Rogate,
837 2199 916 2234 dixit,
931 2210 981 2236 pro
995 2210 1049 2235 me,
1067 2191 1090 2219 Ῐ)

265 2237 358 2265 Patres
372 2239 398 2266 in
417 2241 526 2275 spiritu,
555 2242 640 2270 duces
665 2251 733 2271 mete
756 2244 784 2272 in
808 2245 951 2273 Christum
973 2247 1049 2279 fidei,

268 2286 297 2309 ut
312 2291 362 2318 ego
386 2292 495 2320 quoque
511 2294 526 2314 a
543 2292 634 2315 vestro
649 2295 722 2317 ctetu
754 2298 811 2317 non
837 2291 972 2319 excidam.
999 2291 1049 2319 Cui

265 2327 352 2354 sancti
366 2337 373 2354 :
400 2328 463 2356 Esto
477 2329 550 2358 bono
571 2333 674 2365 anituo,
691 2334 830 2366 dixerunt,
844 2342 861 2361 ο
878 2334 974 2368 frater,
990 2342 1049 2364 esto

265 2371 339 2399 bono
361 2373 463 2407 animo,
480 2379 508 2402 et
522 2383 556 2403 ne
582 2377 619 2404 sis
644 2378 736 2406 animo
759 2380 873 2412 anxius,
898 2389 947 2408 nos
977 2381 1049 2408 enim

265 2417 418 2450 praecedes,
434 2420 539 2453 primus
551 2421 687 2450 sistendus
698 2431 790 2451 coram
806 2425 911 2453 caelesti
925 2426 1048 2456 Domino.

263 2462 332 2489 Cum
347 2470 396 2491 eos
411 2471 478 2500 ergo
504 2472 577 2494 esset
594 2469 748 2504 amplexus,
777 2471 931 2499 ducebatur
952 2473 986 2500 ad
1006 2478 1048 2509 ty-

264 2515 382 2554 rannum
399 2519 406 2536 :
434 2518 497 2537 eum
514 2517 606 2539 autem
625 2517 681 2542 tres
699 2523 810 2551 quoque
829 2517 875 2544 alii
899 2526 1047 2554 conseque-

262 2552 375 2586 bantur,
400 2555 448 2590 qui
462 2561 543 2585 erant
556 2559 681 2594 ejusdem
695 2561 780 2588 animi
792 2566 820 2589 et
833 2562 961 2592 instituti.

298 2598 392 2646 XVIII.
421 2600 566 2638 Tyrannus
585 2610 676 2633 autem
694 2615 701 2634 :
718 2606 789 2635 Ouid
822 2609 910 2642 vobis,
936 2610 1023 2646 inquit
1037 2631 1044 2643 ,

264 2645 375 2678 accidit,
390 2653 406 2673 ο
421 2649 508 2682 stulti,
538 2654 567 2677 ut
593 2650 706 2679 deorum
731 2654 840 2688 quidem
866 2645 981 2690 patriam
1003 2658 1046 2684 di-

265 2690 414 2718 mitteretis
439 2694 611 2730 religionem,
640 2697 820 2728 adhaereretis
834 2709 900 2729 vero
927 2702 971 2730 his
996 2703 1048 2729 int-

264 2736 440 2769 postoribus?
466 2740 518 2767 Sed
536 2742 587 2769 utsi
601 2743 656 2770 cito
673 2744 877 2781 resipiscentes,
891 2747 924 2775 ad
955 2748 1046 2782 priora

320 2829 330 2843 '
346 2829 416 2856 Psal.
435 2839 498 2862 tht,
515 2831 540 2864 Ξ,
554 2840 614 2868 sqq.

1102 1563 1131 1590 δὲ
1153 1564 1246 1596 στέφος
1281 1561 1454 1597 στρατιωτῶν
1475 1561 1601 1595 ἐξαυτῆς,
1619 1561 1689 1588 κατὰ
1706 1560 1760 1586 τῶν
1783 1561 1883 1594 ἑπομέ-

1103 1618 1166 1641 νων,
1192 1610 1248 1639 rei;
1277 1608 1366 1641 ἁγίοις
1394 1607 1544 1642 ἐκπέμπει,
1570 1607 1741 1640 ἁποσοὸἦσαι
1771 1606 1884 1636 τούτους

1103 1652 1326 1685 κεκελευσμένον.
1348 1651 1418 1678 Ἀλλ’
1439 1652 1464 1678 oi
1477 1652 1596 1685 γενναῖοι
1619 1651 1718 1678 ἐκεῖνοι
1737 1651 1784 1676 καὶ
1801 1651 1883 1685 μέχρι

1101 1698 1196 1728 τέλους
1211 1698 1280 1732 πρὸς
1294 1696 1344 1732 τὴν
1362 1697 1500 1731 ἁμαρτίαν
1521 1697 1670 1731 ἐγνωκότες
1694 1695 1885 1723 ἀντικαθίστα-

1105 1744 1177 1775 σθαι,
1195 1744 1260 1779 παρ’
1275 1743 1353 1769 οὐδὲν
1368 1742 1447 1769 τοῦτο
1472 1742 1591 1777 θέμενοι,
1606 1743 1662 1774 τοῖς
1681 1742 1766 1776 ἁγίου
1784 1742 1885 1775 μᾶλλον

1103 1788 1206 1816 εἴλοντο
1225 1787 1430 1816 συναποθανεῖν.
1449 1784 1498 1813 Ὧν
1515 1788 1563 1821 τὴν
1573 1786 1698 1813 ἔνστασιν
1728 1788 1742 1813 6
1755 1787 1885 1820 τύραννος

1103 1832 1181 1865 αὖθις
1211 1834 1379 1868 ἀντιμαθὼν,
1410 1833 1535 1859 ἐκέλευσε
1562 1834 1616 1863 τοῖς
1645 1832 1732 1865 ἁγίοις
1763 1832 1885 1862 ἅπαντας

1105 1879 1380 1913 συγκατασφαγῆναι,
1409 1879 1545 1913 πρόφασιν
1570 1878 1617 1912 τῆς
1633 1878 1702 1912 πρὸς
1717 1877 1747 1903 τὸ
1762 1877 1885 1912 ἀναιρεῖν

1103 1925 1266 1961 ἀνθρώπους
1281 1924 1439 1958 ἐπιθυμίας,
1465 1924 1495 1950 τὸ
1514 1923 1675 1957 φιλευσεὸὲς
1700 1923 1788 1949 αὐτῶν
1803 1931 1885 1956 ποιη-

1103 1971 1230 2005 σάμενος.
1254 1969 1432 2005 Ύποεληθεὶς
1447 1970 1476 1996 δὲ
1498 1970 1550 1996 ὑπό
1568 1978 1646 1995 τινων
1661 1966 1701 2000 οἷς
1719 1969 1799 2002 ζῆλος
1822 1970 1886 2003 περὶ

1102 2017 1136 2043 τὰ
1152 2016 1249 2043 εἴδωλα
1265 2014 1310 2052 ἦν,
1331 2015 1368 2047 ὡς
1395 2016 1412 2050 ἡ
1435 2015 1588 2050 σύγκλητος
1613 2014 1688 2041 αἰτία
1709 2015 1814 2048 γένοιτο
1831 2014 1885 2041 τῶν

1103 2062 1237 2089 τοσούτων
1250 2061 1352 2094 κακῶν,
1366 2061 1410 2087 τὸν
1425 2061 1560 2096 μακάριον
1568 2059 1755 2094 Ἐλπιδιφόρον
1768 2060 1884 2095 ἀχθῆναι

1105 2108 1268 2142 προστάττει
1291 2107 1338 2133 an
1358 2107 1406 2137 τὰς
1425 2106 1536 2141 πρώτας
1561 2105 1681 2141 φέροντα
1709 2105 1782 2140 παρὰ
1797 2106 1884 2140 ταέτῃ

1103 2153 1198 2187 τιμάς.
1218 2152 1248 2178 ’0
1281 2153 1309 2178 δὲ
1339 2152 1407 2186 πρὸς
1437 2153 1498 2183 τοὺς
1525 2152 1675 2186 ἀηττήτους
1704 2151 1884 2185 ἐπιστραφεὶς

1105 2200 1258 2234 μάρτυρας,
1273 2198 1350 2226 οὔπω
1361 2199 1564 2230 τελειωθέντας,
1578 2198 1699 2230 Εῡξασθε
1722 2196 1797 2224 εἶπεν
1813 2197 1882 2231 ὑπὲρ

1105 2245 1172 2280 ἐμοῦ
1185 2245 1303 2280 Πατέρες
1319 2246 1348 2271 ὲν
1369 2245 1520 2278 πνεύματι,
1540 2245 1564 2270 οἱ
1578 2245 1639 2279 ἐμοὶ
1649 2245 1696 2279 τῆς
1711 2245 1750 2276 εἰς
1764 2243 1881 2278 Χριστὸν

1104 2293 1221 2322 πίστεως
1239 2291 1331 2325 ὁδηγοὶ
1353 2290 1423 2317 ὥστε
1446 2290 1519 2325 κάμὲ
1543 2291 1592 2324 τῆς
1609 2290 1686 2325 ὑμῶν
1701 2289 1824 2320 συνοδίας
1845 2289 1884 2323 μὴ

1103 2338 1238 2364 ἐκπεσεῖν.
1254 2337 1325 2371 Πρὸς
1341 2336 1404 2369 ὂνξοῑ
1417 2336 1500 2369 amr
1513 2335 1624 2370 Θάρσει,
1641 2335 1756 2370 ἔφησαν,
1769 2334 1878 2367 same,

1104 2384 1209 2419 θάρσει,
1225 2385 1272 2410 καὶ
1290 2383 1328 2418 μὴ
1355 2382 1455 2417 ἀθύμει
1467 2391 1473 2397 ·
1491 2383 1636 2418 προηγήσῃ
1651 2381 1703 2416 γὰρ
1718 2381 1795 2416 ἡμῶν
1807 2380 1884 2415 πρῶ-

1102 2438 1148 2461 τος
1158 2426 1195 2463 τῷ
1205 2429 1322 2464 οὐρανίῳ
1334 2428 1456 2463 Δεσπότῃ
1473 2427 1728 2462 παραστησάμενος.
1746 2425 1883 2453 ’Λσπασά-

1101 2484 1182 2512 μενος
1197 2473 1245 2502 οὗν
1259 2475 1367 2505 αὐτοὺς,
1387 2474 1453 2509 πρὸς
1470 2473 1514 2499 τὸν
1530 2473 1662 2507 τύραννον
1681 2471 1776 2506 ἠγετο,
1794 2471 1883 2497 συνεί.

1102 2530 1184 2549 ποντα
1198 2521 1228 2547 δὲ
1241 2519 1314 2555 αὑτῷ
1333 2518 1379 2546 καὶ
1394 2519 1482 2554 ἕτεροι
1499 2519 1574 2553 τρεῖς
1585 2517 1635 2552 τῆς
1651 2515 1737 2550 αὐτῆς
1757 2516 1882 2550 ὲχόμενοι

1103 2568 1216 2602 γνώμης
1230 2566 1278 2593 καὶ
1297 2564 1494 2601 προαιρέσεως.

1139 2613 1193 2641 lﬂ’.
1212 2613 1241 2639 ’0
1255 2611 1282 2638 δὲ
1289 2611 1420 2645 τύραννος
1432 2610 1465 2636 Τί
1482 2610 1645 2642 πεπόνθατε,
1659 2611 1751 2646 φησ“ν,
1761 2609 1880 2641 ἀνόητοι,

1101 2661 1151 2695 τῆς
1173 2659 1222 2693 μὲν
1250 2657 1381 2693 πατρῴας
1409 2655 1463 2682 τῶν
1487 2655 1555 2682 θεῶν
1576 2656 1726 2692 θρησκείας
1750 2654 1881 2688 ἀφέμενοι

1099 2706 1155 2735 τοῖς
1170 2703 1309 2731 ἀπατεῶσι
1328 2702 1356 2728 δὲ
1374 2700 1479 2732 τούτοις
1500 2700 1748 2736 προσκολληθέντες
1761 2709 1768 2732 ;
1784 2699 1842 2726 ἀλλ’
1855 2700 1881 2725 εἰ

1103 2749 1139 2784 μὴ
1159 2749 1251 2783 τάχιον
1266 2747 1451 2781 ἀνανήψαντες
1465 2746 1637 2774 ἑπιλάδοισηε
1656 2745 1709 2772 τῶν
1727 2745 1878 2781 προτέρων.
