2039 3155
185 143 221 174 29
592 148 827 191 MARTYRIUM
845 151 877 181 S.
900 151 1086 183 ACINDYNI
1105 153 1152 185 ET
1173 156 1378 189 SOCIORUM.
1771 163 1807 194 30

184 202 282 236 πικρδν
295 201 365 236 ὑμᾶς
380 201 409 228 τὸ
425 201 473 236 τῆς
486 201 560 236 ζωῆς
575 203 714 237 ἐκδέξεται
730 205 829 240 πέρας.
849 206 921 240 Πρὸς
940 207 969 233 ὃν

1021 208 1169 243 redieritis,
1183 218 1231 238 vos
1245 212 1361 246 excipiet
1378 214 1494 243 acerbus
1506 216 1568 244 vitae
1582 215 1654 256 linis.
1667 216 1718 244 Cui
1732 217 1807 252 Elpi-

190 247 377 281 Ἐλπιδιφὸρος
394 249 524 283 ἀπτοήτῳ
552 251 720 285 φρονήματι.
751 252 877 278 Γνωστὸν
897 253 969 280 ἐστω

186 301 237 323 σοι,
257 292 379 327 βασιλεῦ,
397 293 461 328 ἔφη,
486 295 529 320 ὅτι
557 296 613 326 τοῖς
632 296 669 331 μὴ
691 294 751 323 οὖσι
780 297 851 329 θεοῖς
868 298 899 324 οὺ
922 298 970 325 λα-

182 337 323 372 τρεύομεν,
339 338 384 364 καὶ
399 338 438 373 τῷ
449 339 563 373 δόγματι
577 349 623 367 σου
637 341 854 377 ἀντιτασσόμεθα
867 351 874 358 ·
900 343 969 378 ὅπερ

183 381 230 409 οὖν
245 391 285 409 σοι
298 383 404 416 δοκοῦν,
420 385 549 412 ἐπιτέλει.
570 386 648 413 Ἐπεὶ
667 387 746 414 τοῦτο
763 388 881 423 ἀρέσκον
893 389 969 424 ὑμῖν,

182 431 196 455 ὁ
208 429 338 463 τύραννος
359 430 421 465 ἔφη,
440 431 471 458 τὸ
486 433 541 461 τοῖς
558 433 670 460 ἀσεϐέσι
689 434 796 466 τούτοις
813 435 969 470 ἑπομένους

182 476 229 502 τοῦ
245 476 304 502 ῐσου
319 477 483 511 κοινωνῆσαι
506 477 613 512 τέλους,
631 478 728 506 οὔκουν
744 481 969 516 ἀποστερήσομεν

183 521 256 555 ὑμᾶς
271 522 319 556 τῆς
334 523 467 556 ἐφέσεως,
483 524 552 550 ἀλλά
572 525 619 551 καὶ
637 526 687 557 τὰς
703 526 780 561 ὑμῶν
796 526 868 560 ξίφει
885 536 968 562 κεφα-

184 566 232 598 λὰς
248 568 401 602 ἐκκοπῆναι
415 569 531 597 κελεύω.
555 570 598 601 Ὧς
613 571 642 598 δὲ
658 572 761 607 ταύτης
782 573 807 599 oi
824 573 898 607 ἆγιοι
918 572 969 608 τῆς

183 613 347 648 ἀποφάσεως
366 615 497 648 ἤκουσαν.
515 617 658 652 χαίροντές
681 626 709 644 τε
724 619 771 645 καὶ
787 618 969 653 ἀγαλλόμενοι

185 659 253 694 πρὸς
270 659 317 685 τδν
342 659 458 687 θάνατον
474 661 574 696 ἤγοντο
595 664 787 695 συνεπομένων
810 664 901 696 αὐτοῖς
922 664 969 691 καὶ

182 705 237 731 τῶν
264 707 457 740 στρατιωτῶν,
485 709 525 739 είς
551 709 725 744 τριακοσίους
746 709 969 745 ἀριθμουμένων,

182 750 207 776 οῖ
222 751 269 776 σὺν
285 751 324 785 τῷ
340 751 404 786 θείῳ
428 753 501 788 φημὶ
520 754 668 790 Ἀκινὸύνῳ
690 756 735 782 καὶ
751 757 808 787 τοῖς
832 756 881 783 σὺν
896 757 970 790 αὑτῷ

184 795 275 823 θανεῖν
297 797 504 832 ἀγαπήσαντες,
534 800 581 826 καὶ
604 800 676 826 οὕτω
693 801 763 834 προς
795 801 913 836 Χριστὸν
939 799 969 829 οὗ

183 841 308 875 κρεῖττον
329 841 400 877 ὑπὲρ
416 841 488 874 ζωὰς
503 843 532 869 τὸ
550 844 624 875 ἔλεος
647 844 785 875 ἀπελθεῖν,
802 844 848 870 τὸν
863 843 907 871 διὰ
933 844 969 878 ξί-

1021 255 1164 290 dephorus
1177 256 1307 284 interrito
1321 262 1349 284 et
1363 261 1499 288 constanti
1513 263 1604 289 animo
1620 271 1626 288 :
1641 262 1741 290 Notum
1755 263 1804 290 tibi

1020 301 1066 331 sit.
1081 301 1181 335 inquit,
1197 309 1214 329 ο
1229 309 1288 334 rex,
1307 303 1379 338 quod
1404 304 1481 337 deos,
1505 306 1552 340 qui
1568 314 1623 334 non
1646 313 1721 339 sunt,
1746 315 1802 335 non

1020 346 1148 378 colimus,
1174 351 1203 374 et
1221 351 1268 374 tuo
1281 348 1399 383 dogmati
1412 357 1605 384 repugnamus.
1620 352 1673 379 Fac
1685 361 1750 388 ergo
1763 354 1801 385 id,

1019 390 1092 425 quod
1108 391 1157 418 tibi
1181 391 1300 419 videtur.
1313 393 1448 425 Quoniam
1465 394 1519 421 hoc
1544 395 1623 422 vobis
1641 397 1739 430 placet,
1761 398 1803 425 in-

1019 437 1078 471 quit
1104 441 1244 472 tyrannus,
1287 439 1429 473 sequendo
1460 440 1511 467 hos
1543 440 1641 475 impios
1681 443 1801 477 ejusdem

1019 489 1128 516 quoque
1150 489 1210 510 esse
1234 482 1297 511 linis
1323 484 1424 517 socios.
1450 492 1539 520 neque
1566 493 1617 513 nos
1639 493 1687 513 vos
1709 492 1802 514 vestro

1019 527 1214 555 frustrabimus
1240 528 1388 564 desiderio,
1405 531 1453 558 sed
1480 535 1571 559 vestra
1600 532 1691 567 capita
1717 533 1801 567 jubeo

1018 573 1109 608 gladio
1125 574 1271 609 amputari.
1288 575 1357 602 Cum
1373 581 1465 604 autem
1483 577 1572 604 sancti
1592 577 1664 605 hanc
1679 578 1802 605 audivis-

1018 623 1080 646 sent
1095 620 1270 653 sentenliam,
1287 621 1396 656 laetique
1412 627 1440 650 et
1452 623 1621 650 exsultantes
1635 623 1803 651 ducerentur

1019 664 1052 691 ad
1071 669 1196 698 mortem,
1213 673 1261 693 eos
1273 674 1383 701 quoque
1404 668 1638 702 consequentibus
1657 669 1801 702 militibus,

1018 711 1065 745 qui
1080 716 1159 738 erant
1174 718 1290 739 numero
1312 712 1424 740 circiter
1447 714 1574 746 trecenti,
1600 714 1646 749 qui
1672 722 1734 741 cum
1759 715 1802 742 di-

1019 756 1093 788 vino,
1114 756 1238 791 inquam,
1256 757 1398 793 Acindyno
1416 763 1444 786 et
1468 759 1529 794 ejus
1548 759 1632 786 sociis
1647 760 1716 787 mori
1742 768 1800 787 ma-

1019 799 1141 832 luerunt,
1164 805 1192 827 et
1208 802 1248 828 sic
1263 802 1358 829 venire
1377 802 1411 829 ad
1425 801 1577 835 Christum.
1596 804 1674 838 cujus
1692 804 1799 831 miseri-

1019 844 1112 872 cordia
1127 849 1168 872 est
1184 852 1266 879 supra
1281 846 1361 877 vitas,
1388 851 1504 873 mortem
1537 846 1626 881 gladio
1652 847 1799 881 accipiunt,

182 893 250 918 φους
263 886 387 921 δέχονται
405 887 533 920 θάνατον,
550 889 651 924 πολλὴν
662 891 709 916 τοῦ
725 891 861 926 μακαρίου
877 891 967 917 Ἀκιν-

1020 897 1141 925 magnam
1157 890 1239 917 animi
1255 891 1426 918 alacritatem
1441 892 1481 918 eis
1495 891 1627 919 afferente
1647 891 1800 926 Acindyno,

182 930 260 957 δύνου
277 933 327 967 τὴν
340 934 496 968 προθυμίαν
511 935 602 968 αὐτοῖς
622 936 810 971 ἐμποιοῦντος,
831 938 879 963 καὶ
897 937 967 972 πρὸς

182 976 213 1002 τὺ
230 978 380 1012 μαρτύριον
393 979 598 1013 ὐπαλείφοντος.

219 1023 271 1050 ΙΘ’.
300 1024 511 1060 ’Λναιρεθέντων
535 1026 564 1053 δὲ
587 1027 642 1052 τῶν
660 1027 834 1061 στρατιωτῶν
850 1027 900 1062 ἥδη
920 1028 969 1054 καὶ

182 1067 238 1094 τῶν
265 1069 475 1103 συγκλητικῶν,
509 1071 723 1106 μεταπέμπεται
752 1072 796 1098 διὰ
823 1072 928 1106 ταχέων
954 1072 969 1098 ὁ

183 1112 316 1147 τύραννος
328 1114 373 1139 τὸν
389 1115 524 1148 μακάριον
545 1115 712 1147 Ἀκίνδυνον,
728 1116 868 1151 Πηγάσιόν
881 1125 910 1142 τε
922 1116 970 1142 καὶ

191 1159 404 1193 ’Δνεμπόδιστον
419 1167 426 1174 ·
456 1158 517 1186 εἶτα
542 1160 592 1194 τὴν
621 1160 767 1195 ἀλωπεκῆν
794 1161 894 1192 ὑποδὺς
924 1161 969 1188 τδν

184 1203 289 1238 ἥμερόν
309 1212 339 1230 τε
355 1205 401 1230 καὶ
417 1206 505 1239 πρᾶον
528 1205 688 1240 ὑποκριθεὶς
704 1206 877 1232 σκολιὼτατα
893 1214 900 1222 ο
922 1206 970 1238 Τίς

183 1250 199 1282 ἠ
215 1249 327 1283 τοιαύτη
341 1249 418 1283 ὑμῶν
439 1249 575 1283 ἔνστασις,
585 1251 690 1285 ἔλεγεν,
706 1251 744 1282 ὡς
764 1252 813 1286 τῆς
830 1252 970 1287 παρούσης

182 1295 331 1329 ἀφειδῆσαι
358 1295 442 1330 ζωῆς,
469 1297 516 1323 καὶ
540 1297 656 1324 θάνατον
677 1297 778 1332 μᾶλλον
804 1297 969 1330 ἀλλάξασθαι

183 1339 285 1374 ταύτης
299 1348 306 1372 ;
320 1340 434 1375 Μάρτυς
458 1349 509 1376 μου
523 1341 537 1367 ό
565 1341 634 1376 ἡδὺς
659 1342 742 1368 πᾶσιν
764 1341 851 1376 ἥλιος,
877 1342 918 1368 ὅτι
935 1342 970 1368 τὰ

184 1385 327 1421 σπλάγχνα
342 1386 390 1414 καὶ
407 1387 457 1422 τὴν
471 1387 571 1422 ψυχὴν,
587 1388 633 1414 ἐπὶ
645 1387 684 1422 τῷ
696 1388 774 1423 ὑμῶν
786 1388 969 1422 διακόπτομαι

184 1431 293 1467 θανάτῳ
306 1440 313 1447 ·
332 1433 460 1468 οἰκτείρω
482 1433 537 1468 γάρ
564 1434 636 1468 ὑμᾶς
664 1434 711 1460 καὶ
736 1435 786 1468 τῆς
799 1434 907 1469 ἡλικίας
923 1433 970 1460 καὶ

183 1478 234 1512 τῆς
250 1478 388 1513 νεότητος,
408 1481 475 1514 πρὸς
493 1480 522 1506 δὲ
542 1480 589 1507 καὶ
609 1480 659 1514 τῆς
669 1480 716 1507 τοῦ
741 1480 869 1515 σώματος
884 1480 969 1515 ὦρα·,

183 1521 217 1559 ἦς
233 1525 279 1552 καὶ
296 1525 392 1560 θηρίον
405 1526 535 1560 ἠλέησεν,
551 1526 584 1552 ἃν
609 1528 656 1553 καὶ
679 1527 818 1560 ἐφείσατο.
835 1526 968 1561 Πείσθητε

183 1569 229 1597 οὖν
245 1579 288 1605 μοι
303 1571 364 1598 λίαν
376 1572 455 1606 ὑμῶν
475 1572 619 1607 κηδομένῳ
635 1574 682 1599 καὶ
700 1573 734 1599 τά
755 1573 882 1608 λυσιτελῆ
899 1581 969 1607 συμ-

184 1617 355 1644 6ουλεύοντν
383 1619 464 1653 ὁρᾶτε
485 1618 539 1653 γὰρ
559 1618 596 1650 ὡς
618 1619 674 1645 τῶν
705 1619 897 1654 συγκλητικῶν
925 1619 970 1645 οὐ-

184 1662 260 1693 δενὸς
279 1662 296 1698 ἢ
316 1662 372 1689 τῶν
390 1663 566 1698 στρατιωτῶν
584 1663 748 1698 ἐφεισάμην.
770 1664 863 1698 ’Υμῶν
875 1664 903 1690 δὲ
918 1672 970 1689 πα-

188 1708 285 1742 τρικῶς
297 1708 414 1743 κήδομαί
428 1717 458 1734 τε
483 1708 529 1735 καὶ
552 1709 725 1744 περιέχομαι,
747 1709 907 1744 μάλιστατὸ
923 1710 969 1736 ἀν-

184 1754 283 1788 δρῶδες
298 1754 374 1788 ὑμῶν
390 1754 436 1780 λαὶ
452 1756 584 1788 γειναῖον,
596 1755 628 1781 ὲκ
637 1754 684 1781 τοῦ
696 1755 760 1790 περὶ
770 1756 820 1787 τὰς
837 1755 970 1790 βασάνους

184 1800 324 1826 ἀνινδὰτου
341 1801 517 1835 καταμαθών.
535 1801 566 1826 Εί
580 1801 634 1836 γὰρ
650 1800 808 1836 πεισθείητέ
837 1810 899 1836 μου,
914 1802 970 1828 τῶν

184 1845 300 1879 πρώτων
323 1845 395 1879 ὑμᾶς
413 1845 523 1876 ἀξιώσω
543 1846 642 1879 τιμῶν,
656 1846 704 1872 καὶ
726 1846 801 1881 δῶρα
819 1846 969 1882 χαριοῦμαι

183 1891 233 1925 τῆς
246 1891 323 1926 ὑμῶν
343 1892 444 1926 ἀρετῆς
459 1891 533 1923 ἄξια,
555 1892 588 1918 Οἱ
603 1892 631 1918 δὲ
649 1892 739 1926 ἅγιοι·
762 1892 840 1927 Μήτε
864 1892 970 1928 σεαυτῷ

183 1937 296 1969 κόπους,
326 1937 442 1972 ἔφησαν,
471 1938 540 1972 μήτε
563 1937 644 1972 ἡμῶν
666 1937 729 1973 είκῆ
745 1937 806 1964 θέλε
829 1939 968 1973 παρέχειν,

185 1983 252 2010 ἀλλὰ
269 1983 337 2018 μηδὲ
350 1983 449 2018 φειδώς
466 1984 495 2010 σέ
519 1984 588 2019 τιςῆ
609 1984 686 2016 ἐλεος
699 1983 779 2019 ἡμῶν
791 1983 967 2018 λαμϐανέτω,

185 2029 307 2064 κάμψεις
335 2030 390 2065 γὰρ
417 2029 546 2056 οὐδέποτε
566 2030 612 2055 τὸν
633 2030 769 2064 ἡμέτερον
787 2029 928 2063 λογισμὸν.
953 2029 970 2064 η

185 2075 296 2109 ἀγαθῶν
312 2075 489 2109 ἐπαγγελίαις
512 2075 529 2109 ἢ
553 2075 648 2102 κακῶν
659 2074 796 2107 ἀπειλαῖς,
819 2074 835 2108 ἢ
855 2074 969 2101 θανάτου

187 2119 250 2151 δέει,
266 2119 312 2145 τοῦ
334 2121 376 2146 σοὶ
395 2120 524 2154 φοϐεροῦ.
541 2119 603 2151 Πῶς
615 2120 670 2155 γὰρ
690 2120 723 2146 ἂν
750 2120 863 2147 θάνατον
886 2120 970 2154 φοϐη-

186 2165 268 2196 θεῖεν,
283 2164 330 2196 οὒς
354 2164 434 2191 τοῦτο
458 2165 559 2199 μᾶλλον
583 2164 673 2196 λυπεῖ,
693 2165 724 2191 τὸ
750 2165 835 2197 ἅπαξ,
861 2166 908 2192 καὶ
931 2166 968 2200 μὴ

1018 939 1046 963 et
1067 936 1214 969 excitante,
1241 936 1401 972 animosque
1425 936 1545 965 addente
1568 936 1602 964 ad
1626 937 1800 972 martyrium.

1054 1024 1125 1051 XIX.
1142 1024 1201 1052 Jam
1220 1028 1310 1052 autem
1339 1025 1491 1052 interfectis
1513 1024 1649 1052 militibus
1672 1028 1700 1052 et
1720 1031 1802 1051 sena-

1020 1070 1134 1102 toribus,
1156 1070 1358 1104 quamprimum
1381 1071 1498 1097 accersit
1528 1075 1659 1105 tyrannus
1688 1070 1799 1097 beatum

1019 1115 1202 1149 Aeindynum,
1218 1115 1416 1149 Pegasiumque
1441 1120 1469 1142 et
1486 1116 1726 1150 Anempodistum.
1752 1116 1805 1143 De-

1020 1160 1083 1186 inde
1098 1160 1208 1194 vulpina
1224 1159 1294 1194 pelle
1309 1159 1432 1192 indutus,
1445 1161 1674 1195 clementiamque
1683 1165 1710 1188 et
1724 1169 1803 1188 man-

1020 1204 1192 1231 suetudinem
1209 1203 1341 1231 simulans
1355 1205 1571 1239 pervcrsissime,
1600 1204 1730 1238 Quaenam
1747 1210 1799 1238 est,

1020 1249 1140 1279 dicebat.
1156 1250 1218 1276 talis
1234 1253 1326 1276 vestra
1350 1250 1518 1282 constantia,
1529 1254 1566 1277 -ut
1580 1250 1643 1278 vitae
1658 1251 1801 1285 praesentis

1020 1295 1081 1322 sitis
1103 1294 1222 1329 prodigi,
1238 1299 1267 1322 et
1289 1302 1350 1322 eam
1376 1300 1464 1323 morte
1488 1297 1684 1324 eommutetis?
1708 1297 1802 1324 Testis

1021 1339 1057 1366 sit
1085 1339 1152 1366 mihi
1187 1339 1238 1371 sol,
1266 1339 1312 1374 qui
1340 1346 1383 1367 est
1403 1341 1545 1376 jucundus
1573 1341 1711 1374 omnibus,
1730 1342 1803 1376 quod

1021 1388 1132 1418 propter
1147 1388 1267 1411 vestram
1285 1389 1401 1412 mortem
1415 1386 1483 1413 mihi
1509 1386 1674 1413 scinduntur
1697 1387 1802 1414 viscera

1020 1434 1047 1457 et
1065 1430 1166 1457 anima.
1182 1430 1312 1457 Misereor
1339 1431 1412 1458 enim
1428 1435 1525 1459 vestrm
1550 1432 1638 1459 astatis
1661 1437 1689 1460 et
1703 1433 1801 1468 juven-

1022 1477 1098 1510 tutis,
1127 1481 1154 1504 et
1181 1477 1307 1512 corporis
1334 1485 1444 1512 quoque
1472 1478 1700 1512 pulchritudinis,
1724 1479 1802 1513 cujus
1824 1503 1827 1507 λ

1020 1523 1064 1550 vel
1091 1523 1270 1550 misereretur
1293 1522 1391 1555 bestia,
1415 1527 1444 1550 et
1465 1524 1490 1550 ei
1520 1528 1656 1559 parceret.
1693 1524 1803 1552 Credite

1020 1576 1086 1604 ergo
1101 1567 1178 1599 mihi,
1197 1567 1244 1602 qui
1257 1569 1341 1595 vestri
1363 1576 1486 1603 magnam
1501 1576 1593 1596 curam
1609 1577 1683 1604 gero,
1699 1573 1726 1596 et
1738 1577 1804 1596 cou-

1020 1615 1080 1642 sulo
1096 1622 1157 1649 qua:
1174 1619 1238 1641 sunt
1259 1614 1346 1642 utilia.
1363 1614 1468 1642 Videtis
1482 1615 1569 1647 enim,
1585 1615 1723 1650 quomodo
1738 1616 1804 1642 nulli

1021 1661 1190 1696 pepercerim
1206 1660 1336 1693 senatori,
1353 1668 1403 1688 nec
1422 1660 1512 1687 militi.
1528 1660 1619 1688 Vestri
1639 1665 1730 1688 autem
1754 1668 1804 1696 pa-

1021 1711 1099 1735 terne
1114 1715 1207 1735 curam
1219 1713 1294 1741 gero,
1309 1711 1337 1733 et
1351 1713 1399 1733 vos
1414 1706 1574 1741 amplector,
1588 1711 1617 1734 ut
1627 1707 1672 1742 qui
1687 1711 1805 1734 vestram

1022 1753 1166 1782 didicerim
1189 1753 1319 1779 virtutem
1337 1757 1365 1779 et
1378 1751 1569 1779 fortitudinem
1597 1760 1630 1779 cx
1650 1752 1804 1780 constantia

1022 1799 1049 1826 in
1075 1799 1230 1826 tormentis.
1251 1798 1279 1825 Si
1297 1798 1371 1825 enim
1389 1798 1455 1824 mihi
1472 1797 1629 1832 parueritis,
1645 1804 1694 1825 vos
1709 1798 1806 1832 primis

1021 1843 1154 1880 dignabor
1190 1843 1351 1875 honoribus,
1385 1847 1413 1870 et
1445 1843 1592 1870 concedam
1623 1843 1694 1870 dona
1724 1843 1804 1878 digna

1020 1895 1111 1918 vestra
1126 1889 1238 1919 virtute.
1256 1888 1348 1916 Sancti
1366 1893 1470 1916 autent:
1488 1888 1543 1916 Nec
1571 1888 1632 1920 tibi,
1663 1888 1804 1922 dixerunt,

1021 1945 1072 1964 nec
1084 1936 1164 1964 nobis
1179 1935 1281 1963 frustra
1298 1935 1408 1962 labores
1421 1935 1531 1962 exhibe.
1550 1935 1603 1962 Sed
1620 1943 1672 1962 nec
1701 1939 1729 1962 tu
1754 1941 1804 1961 no-

1021 1982 1063 2009 bis
1078 1989 1184 2016 parcas,
1198 1989 1249 2008 nec
1263 1985 1290 2008 te
1308 1981 1393 2008 nostri
1408 1981 1463 2008 ulla
1478 1985 1585 2008 moveat
1602 1979 1803 2012 misericordia,

1021 2033 1140 2056 mentem
1158 2029 1232 2055 enim
1254 2033 1376 2055 nostram
1394 2036 1533 2062 nunquam
1551 2027 1657 2059 ﬂectes,
1680 2032 1728 2054 aut
1754 2026 1804 2053 bo-

1020 2083 1117 2102 norum
1133 2073 1286 2109 promissis,
1307 2079 1355 2102 aut
1379 2074 1463 2101 minis
1494 2074 1627 2100 malorum
1650 2072 1801 2104 intentatis.

1020 2124 1068 2146 aut
1081 2125 1154 2147 metu
1174 2119 1281 2151 mortis,
1297 2127 1358 2154 quae
1373 2123 1416 2146 est
1430 2119 1479 2146 tibi
1502 2118 1643 2145 terribilis.
1661 2117 1804 2150 Quomodo

1020 2165 1093 2191 enim
1121 2169 1238 2192 mortem
1265 2165 1419 2196 timuerint,
1441 2170 1512 2198 quos
1531 2163 1583 2190 hoc
1608 2163 1695 2197 magis
1721 2162 1805 2190 allicit

186 2211 316 2245 μυριάκις
329 2210 460 2237 δύνασθαι
474 2211 601 2246 θνήσκειν
618 2211 688 2246 ὑπὲρ
713 2211 832 2247 Χριστοῦ
847 2221 855 2245 ;
871 2213 969 2247 Τάχιον

1021 2210 1145 2238 molestia
1160 2209 1232 2243 quod
1250 2209 1333 2236 semel
1353 2213 1382 2235 et
1404 2215 1460 2235 non
1485 2208 1586 2236 millies
1603 2209 1709 2243 possint
1733 2209 1803 2236 mori

185 2254 232 2282 οὖν
246 2255 276 2282 τὸ
283 2255 334 2290 ήδη
346 2263 386 2282 σοι
398 2255 492 2290 κριθὲν
503 2255 625 2290 ποίησον.
658 2255 813 2291 Ἐκδέχεται
827 2256 881 2291 γὰρ
895 2258 969 2292 ἡμᾶς

185 2303 200 2327 ὁ
215 2301 271 2328 τῶν
286 2301 371 2334 ἁγίων
394 2301 484 2336 χορὸς,
502 2301 545 2327 ῐνα
559 2309 601 2327 σοι
615 2301 661 2326 καὶ
675 2301 790 2336 χάριτας
805 2302 907 2337 μᾶλλον
921 2304 971 2339 τῆς

185 2347 295 2382 ταχείας
306 2346 525 2381 ὁμολογήσαιμεν
547 2346 724 2378 τελειώσεως.

221 2439 265 2465 K'.
283 2437 312 2464 '0
323 2436 351 2463 δὲ
367 2436 418 2471 τὴν
432 2435 537 2470 σκηνὴν
551 2435 646 2468 λύσας,
663 2437 709 2462 καὶ
721 2436 771 2471 τὴν
785 2437 971 2472 προσποίητον

187 2483 354 2518 ἡμερότητα,
367 2482 414 2509 Μὰ
428 2484 493 2514 τοὺς
507 2481 597 2514 θεοὺς,
612 2480 700 2514 εἶπεν,
716 2482 773 2509 ἀλλ’
790 2483 840 2509 οὐκ
864 2483 898 2510 ἂν
911 2483 971 2510 ὲπι-

185 2528 318 2564 τεύξησθε
333 2529 383 2562 τῆς
400 2528 558 2564 ἐπιθυμίας.
580 2528 696 2555 Κελεύει
716 2529 807 2556 τοίνυν
831 2529 968 2565 σιδηροδέ-

186 2583 249 2606 τους
264 2573 365 2610 aiatait;
378 2574 551 2608 γενομένους,
568 2574 597 2600 ὲν
609 2574 801 2610 ἀσφαλεστάτη
815 2576 848 2609 τῇ
862 2575 970 2610 φρουρᾷ

187 2606 342 2654 τηρεῖδθαι.
359 2606 488 2649 Δίιτδς-δὲ
510 2620 576 2654 παρ’
597 2606 662 2654 ὃλην
685 2606 903 2654 διασκεῷάμενος

189 2665 285 2697 νύκτα,
299 2665 368 2700 ποίῳ
381 2665 413 2691 ἃν
426 2665 525 2695 αὐτοὺς
539 2665 646 2701 διολέσει
660 2666 778 2699 θανάτῳ,
791 2667 900 2701 πρωῖας
918 2667 969 2702 ἤδη

188 2710 346 2745 γενομένης,
363 2710 469 2737 κελεύει
491 2709 607 2744 κάμινον
633 2711 798 2746 ὲξαφθιτσαν
813 2712 853 2739 ὅτι
870 2712 971 2748 πολλὴν

188 2757 250 2788 τοὺς
266 2755 355 2788 θείους
374 2755 520 2782 ὑπολαϐεῖν
544 2756 695 2791 μάρτυρας,
725 2756 796 2784 ὥστε
815 2757 870 2784 τῶν
885 2757 970 2791 ἁγίων

189 2801 281 2828 αὐτῶν
295 2803 429 2836 σωμάτων
440 2802 532 2829 τέλεον
549 2801 804 2836 ὲκδαπανηθέντων.
822 2803 889 2838 μηδὲ
905 2803 969 2837 χοῦν

190 2847 386 2882 ὑπολειφθῆναι
405 2849 588 2882 Χριστιανοῖς,
607 2848 689 2874 πόθου
712 2849 760 2876 τοῦ
782 2849 848 2884 πρδς
872 2849 968 2880 αὐτοὺς

1021 2263 1072 2291 pro
1098 2255 1231 2283 Christo?
1253 2254 1306 2281 Fac
1325 2261 1392 2288 ergo
1422 2254 1477 2280 cito
1500 2253 1536 2286 id,
1569 2254 1642 2288 quod
1658 2257 1716 2281 ate
1745 2254 1800 2289 jam

1021 2300 1235 2337 estjudieatum.
1263 2299 1319 2326 Nos
1346 2299 1419 2326 enim
1442 2303 1584 2333 exspectat
1610 2299 1712 2327 chorus
1740 2307 1803 2327 san-

1021 2351 1127 2374 ctorum
1142 2355 1148 2374 :
1169 2350 1200 2373 ut
1217 2345 1300 2373 etiam
1321 2345 1407 2380 magis
1422 2345 1472 2372 tibi
1490 2352 1604 2380 agamus
1621 2345 1724 2380 gratias
1739 2353 1804 2380 pro-

1020 2397 1082 2427 pter
1096 2392 1214 2420 celerem
1229 2396 1508 2418 consummationem.
1546 2388 1566 2421 ,’

1057 2437 1116 2464 XX.
1130 2437 1178 2464 Ille
1193 2441 1283 2464 autem
1303 2436 1428 2471 deposita
1444 2442 1571 2471 persona,
1598 2441 1625 2464 et
1642 2437 1703 2464 llcta
1716 2436 1804 2464 ablata

1021 2482 1253 2510 mansuetudine:
1271 2481 1330 2509 Non
1355 2489 1404 2516 per
1425 2481 1501 2515 deos,
1526 2482 1626 2518 inquit,
1653 2489 1707 2508 non
1729 2489 1804 2509 asse-

1021 2527 1142 2564 quemlni
1161 2527 1199 2560 id,
1217 2527 1289 2562 quod
1305 2527 1478 2555 desideratis.
1492 2527 1574 2555 Jubet
1590 2535 1655 2563 ergo
1669 2535 1728 2559 eos,
1742 2534 1804 2554 cum

1020 2573 1123 2601 fuerint
1135 2572 1209 2600 ferro
1224 2573 1320 2606 vincti,
1339 2573 1367 2600 in
1395 2573 1532 2600 tutissima
1550 2574 1654 2601 servari
1668 2573 1802 2601 custodia.

1020 2621 1080 2656 ipse
1093 2625 1185 2648 autem
1202 2627 1264 2648 eum
1280 2624 1336 2647 tota
1351 2625 1431 2648 nocte
1450 2620 1663 2653 considerasset,
1688 2628 1805 2655 quanam

1021 2669 1108 2692 morte
1124 2672 1173 2693 eos
1189 2665 1320 2696 alliceret.
1339 2671 1419 2692 mane
1434 2664 1512 2700 jubet
1527 2664 1554 2691 in
1574 2664 1715 2692 fornacem
1734 2665 1805 2700 ignis

1020 2710 1162 2738 ardentem
1178 2710 1287 2738 divinos
1298 2710 1389 2744 jacere
1407 2713 1551 2744 martyres,
1566 2714 1596 2736 ut
1611 2710 1724 2737 omnino
1738 2718 1804 2737 emt-

1021 2757 1136 2791 sumptis
1149 2757 1252 2784 sanctis
1266 2763 1361 2783 eorum
1390 2754 1563 2790 corporibus,
1591 2762 1623 2782 ne
1650 2756 1719 2782 ciuis
1745 2756 1807 2790 qui-

1021 2803 1082 2829 dem
1109 2802 1312 2836 relinqueretur
1335 2800 1499 2828 Christianis
1515 2801 1642 2828 desiderii
1667 2801 1708 2827 sui
1733 2801 1808 2827 sola—

1023 2848 1099 2875 tium.
1116 2847 1167 2880 Qui
1196 2854 1257 2874 cutn
1274 2854 1335 2873 mox
1363 2846 1454 2874 educti
1480 2847 1592 2875 fuissent
1625 2854 1638 2874 e
1667 2847 1814 2879 custodia,
