2039 3155
169 199 203 230 13
594 198 829 228 MARTYRIUM
851 198 882 227 S.
903 197 1082 228 ACINDYNI
1103 198 1151 227 ET
1169 197 1378 230 SOCIORUM.
1754 204 1788 236 Η

166 253 368 290 αἰσθανομένων
387 255 445 280 ἀλλ’
461 254 489 280 ἓν
505 263 557 281 τινι
573 255 626 281 τῶν
643 255 756 290 ἀψύχων
775 257 824 289 τὴν
842 255 947 281 κόλασικ

1005 254 1121 288 quodam
1149 255 1272 283 inanimo
1298 258 1462 291 supplicium
1495 262 1671 293 sustinentes.
1698 263 1786 298 ipsum

166 301 358 335 ὑπομένοντες,
387 300 471 334 αὐτῆς
499 301 548 335 μὲν
574 301 705 335 ἠμέλουν,
737 300 805 334 πρὸς
822 300 904 335 εὐχὴν
920 300 948 326 δὶ

164 346 211 372 καὶ
236 345 363 379 γλῶσσαν
389 345 503 379 ἔτρεπον
530 346 577 372 καὶ
604 345 739 373 διάνοιαν·
767 346 796 371 Ὀ
812 346 952 380 φωτισμὸς

163 391 253 426 ἡμῶν,
269 391 406 425 λέγοντες,
427 391 528 425 Χριστὲ
542 391 557 416 ὁ
573 390 640 423 Θεὸς
657 392 755 426 ὴμῶνγ
771 392 785 417 ὁ
801 391 894 425 ὕϐρεις
917 390 950 417 δι’

163 437 238 471 ἡμᾶς
257 437 388 471 ἐνεγκὼν,
405 438 435 463 ὲν
452 436 522 472 ξύλῳ
538 445 566 463 τε
579 437 732 469 τανυσθεὶς,
751 437 798 463 καὶ
814 437 883 472 ὑπὲρ
897 437 951 464 τῶν

164 482 349 517 ἀναιρούντων
367 490 396 508 σε
415 481 648 517 προσευξάμενος,
669 481 865 516 μακρνουμίας
885 482 951 516 ἡμῖν

164 528 211 554 καὶ
234 527 333 562 ἀνοχῆς
357 528 436 562 ὅρους
460 527 608 560 ὑποτιθεὶς,
635 527 710 553 ἔπιδε
735 527 782 553 ἐπὶ
802 527 850 560 τὴν
869 527 951 562 ἡμῶν

163 571 327 598 ταπείνωσὶν
350 580 380 598 τε
400 572 448 598 καὶ
466 572 597 603 κάκωσιν,
624 572 672 598 καὶ
697 571 788 603 ἐξελοῦ
805 572 880 606 ἡμᾶς
895 571 950 599 τῶν

163 617 290 643 ἐπινοιῶν
306 617 353 651 τῆς
384 618 549 652 κακοτέχνου
565 618 666 652 ταύτης
681 617 730 644 τοῦ
746 618 878 652 τυράννου
898 618 949 651 ψυ-

163 662 225 697 χῆς.
242 662 392 689 Γνώτωσαν
404 662 514 694 πάντες,
528 663 569 688 ὅτι
586 670 615 688 σε
630 662 728 697 ἔχομεν
743 663 810 688 Θεὸν
826 663 854 688 ὲν
868 663 950 697 οὖρα-

163 709 218 739 νοῑς
235 708 323 735 πάντα
337 707 498 742 δυνάμενον,
514 707 562 734 καὶ
576 707 620 733 τὸν
634 707 753 742 ἄναρχον
769 716 815 733 σου
831 707 948 742 πατέρα,

163 754 210 780 καὶ
233 753 263 779 τὸ
285 753 472 788 προσκυνητὺν
488 753 535 780 καὶ
558 753 694 787 πανάγιον
712 752 825 786 Πνεῦμα
839 760 885 779 σου
907 753 948 783 εὶς

162 799 224 830 τοὺς
241 799 354 830 αἰῶνας.
377 799 475 834 Ἀμήν.

198 843 236 871 Δ’.
250 845 342 871 Ταῦτα
358 846 447 875 αὐτοῖς
462 844 633 879 εὐξαμένοις,
650 845 664 871 ὁ
679 845 783 878 Κύριος
795 845 823 870 ἑν
838 843 876 878 τῷ
889 843 949 870 καθ’

160 891 236 926 ἡμᾶς
253 890 317 917 εῖδει
333 891 484 924 ἐπιφανεὶς,
497 890 556 916 λύει
575 890 624 924 μὲν
640 890 674 916 tit
691 889 793 924 δεσμά·
807 890 838 915 τὸ
851 890 878 916 δὲ
893 889 949 924 πῦρ

1003 300 1111 334 quidem
1141 301 1313 336 negligebant
1333 304 1389 330 :ad
1413 312 1507 338 preces
1531 315 1592 334 vero
1619 309 1737 344 linguam
1760 316 1787 337 et

1005 350 1121 373 mentem
1142 347 1346 380 convertebant,
1367 349 1490 377 dicentes
1506 360 1511 376 :
1529 351 1579 384 Qui
1599 361 1628 380 es
1651 354 1786 382 illumina-

1004 392 1041 418 tio
1057 397 1160 425 nostra,
1185 393 1294 421 Christe
1320 395 1390 422 Deus
1409 401 1512 428 uoster,
1528 397 1573 432 qui
1598 405 1709 434 propter
1733 410 1785 429 nos

1004 444 1099 471 passus
1119 445 1148 464 es
1172 438 1297 473 injurias,
1319 444 1346 466 et
1366 441 1391 466 in
1417 441 1490 476 ligno
1513 443 1586 470 I'uisti
1605 449 1744 476 extensus,
1761 453 1786 474 et

1004 487 1130 516 precatus
1141 491 1171 510 es
1184 491 1234 518 pro
1248 484 1291 516 iis,
1308 486 1353 520 qui
1378 491 1404 513 te
1431 487 1633 521 interimebant,
1651 491 1788 524 patientiae

1004 533 1031 555 rt
1059 529 1208 557 tolerantiae
1223 531 1331 558 decreta
1359 533 1438 559 nobis
1463 541 1630 568 proponens,
1649 537 1741 570 aspice
1755 539 1788 565 ad

1005 574 1187 602 humilitatem
1203 583 1323 604 nostram
1352 583 1381 604 et
1395 578 1579 613 alﬂictioncni,
1596 585 1623 608 et
1638 581 1722 609 libera
1739 591 1789 610 nos

1004 621 1254 650 machinationibus
1285 625 1408 651 scelerati
1437 626 1519 653 animi
1555 627 1637 662 hujus
1670 631 1787 663 tyranni.

1005 665 1097 692 Sciant
1105 674 1200 694 omnes
1212 675 1260 694 nos
1269 674 1294 695 te
1307 669 1405 697 habere
1416 670 1498 698 Deum
1511 672 1537 698 in
1550 673 1634 705 radis,
1644 675 1689 708 qui
1702 680 1790 709 potest

1003 712 1106 742 omnia,
1128 718 1155 739 et
1175 714 1219 747 qui
1237 719 1279 741 est
1295 715 1354 742 sine
1368 716 1512 752 principio,
1529 722 1605 745 tuum
1626 718 1746 752 Patrem,
1762 727 1788 748 et

1002 757 1173 785 adorandum
1190 764 1265 786 tuum
1279 764 1307 787 et
1321 762 1524 790 sanctissimum
1545 763 1678 799 Spiritum
1695 766 1722 792 in
1738 774 1789 793 sze-

1003 803 1074 829 eula.
1092 804 1190 831 Amen.

1038 849 1082 877 IV.
1099 850 1165 877 Cum
1181 851 1221 878 sic
1236 858 1329 880 essent
1349 856 1462 888 precati,
1479 855 1505 882 in
1523 861 1614 884 nostra
1633 857 1717 885 forma
1738 866 1787 894 ap-

1003 903 1102 930 parens
1116 897 1256 930 Dominus,
1275 899 1354 926 solvit
1370 900 1479 934 quidem
1495 902 1601 929 vineula
1615 912 1620 929 :
1636 904 1725 938 ignem
1741 913 1789 931 au-

161 935 291 969 δροσίζει,
305 935 399 970 ὥσπερ
416 935 481 961 ποτὲ
515 935 572 966 τοῖς
589 935 617 961 ὲν
637 934 769 969 Ἀσσυρίᾳ
785 934 886 984 natet:
903 934 947 960 καὶ

1001 944 1056 968 tem
1070 941 1179 975 irrorat,
1193 945 1329 978 quomodo
1342 946 1436 980 pueris
1449 947 1511 974 olim
1529 948 1556 974 in
1572 948 1699 984 Assyria;
1711 956 1735 978 et
1748 952 1787 979 sic

164 980 249 1012 οὕτως
263 981 287 1007 οἱ
301 980 373 1015 ἅγιοι
388 981 502 1012 ἀπαθεῖς
519 981 567 1008 καὶ
582 981 657 1012 σῶοι,
672 981 734 1006 κατ’
745 980 807 1014 δψιν
820 979 860 1015 τῷ
874 980 950 1014 βασι.

162 1026 204 1052 λεί
225 1026 412 1061 παρέστησαν.
436 1027 465 1052 '0
484 1026 513 1052 δὲ
531 1026 619 1061 παχὺς
641 1024 678 1051 ὢν
691 1025 788 1060 κομιδῆ
802 1025 851 1051 καὶ
865 1024 949 1051 ἀσύν-

163 1079 234 1103 ετος,
263 1070 324 1097 οὔτε
337 1071 376 1105 τῷ
391 1071 532 1105 ταραδόξῳ
545 1071 730 1104 καταπλαγεὶς
744 1070 791 1096 τοῦ
802 1070 948 1104 θεάματος,

160 1115 224 1141 οὕτε
237 1115 291 1140 τῶν
308 1115 454 1149 μαρτύρων
467 1115 518 1149 τὴν
533 1115 640 1149 ἄμαχον
656 1115 806 1149 καρτερίαν
821 1115 950 1149 δυσωπη-

162 1159 218 1191 θείς
233 1167 239 1173 ·
256 1159 288 1185 Τί
306 1159 382 1193 ὑμῖν,
400 1159 463 1193 ἔφη,
476 1159 561 1190 δοκεῖ,
576 1159 643 1192 πρὸς
661 1159 747 1192 ὄνομα
772 1159 883 1188 τούτους
899 1166 950 1184 κα-

163 1205 243 1234 λέσας
259 1212 266 1235 ;
282 1201 327 1238 ἆρ’
342 1204 454 1230 ἔπεισαν
468 1203 540 1238 ὑμᾶς
557 1202 585 1228 αί
604 1202 702 1237 μικραὶ
723 1199 803 1229 αὗται
823 1202 949 1236 βάσανοι,

163 1246 314 1284 ἀποστῆναι
336 1249 386 1283 μὲν
399 1250 447 1283 τῆς
459 1248 637 1282 πανωλέθρον
655 1248 760 1282 πλάνης
775 1248 862 1281 ὑμῶν,
879 1246 949 1280 εἶξαι

161 1295 189 1321 δὲ
216 1296 271 1325 τοῖς
298 1295 442 1330 ἡμετέροις
471 1294 676 1329 θεσπίσμασιν;
694 1294 728 1319 Ἣ
753 1294 794 1320 ἔτι
817 1294 948 1328 ἐμμένειν

164 1341 290 1368 Βούλεσθε
302 1342 334 1375 τῇ
351 1341 454 1376 ἀπάτῃ,
470 1342 530 1372 ταῖς
546 1340 623 1375 ὑμῶν
639 1341 777 1374 γοητείαις
788 1340 949 1375 ὲπιθαρῤεῖν

162 1387 291 1422 ἔχοντες;
311 1386 341 1413 Ὃ
367 1386 501 1422 μακάριος
518 1386 672 1417 Ἀκίνδυνος
689 1386 866 1421 ἀπεκρίνατο,
882 1385 949 1420 Γοη-

162 1432 236 1463 τείας
264 1431 312 1467 μὲν
337 1431 399 1458 οὗτε
433 1433 521 1466 ἴσμεν,
554 1431 615 1458 οὔτε
642 1432 707 1458 ποτὲ
734 1431 946 1466 μεμαθήκαμεν,

167 1477 230 1504 οὔτε
249 1479 424 1513 φενακισμοῖς
440 1478 570 1508 τοιούτοις
586 1478 666 1512 ἡμεῖς
681 1477 867 1513 ἐχρησάμεθα.
877 1475 945 1502 Ἀλλ¹

162 1524 223 1550 ἐπεὶ
239 1523 287 1558 τὴν
309 1523 514 1560 ἀνυπέρϐλητον
532 1523 580 1550 τοῦ
601 1523 667 1550 Θεοῦ
684 1524 810 1558 δύναμιν,
835 1523 882 1548 καὶ
896 1522 946 1553 τὰς

163 1568 233 1603 ὑπὲρ
249 1569 330 1602 φύσιν
347 1568 522 1604 οεοσημείας,
548 1569 677 1602 γοητείαν
694 1566 764 1594 εἶναι
785 1567 946 1602 ὑπολαμεά-

163 1622 229 1644 νεις,
246 1614 381 1649 φαντασίᾳ
398 1622 439 1646 τε,
454 1615 501 1640 καὶ
525 1615 575 1640 οὐκ
589 1614 704 1648 ἀληθεία
720 1613 806 1640 ταῦτα
822 1614 945 1644 ὑπονοεῖς
959 1603 982 1635 C

163 1658 298 1692 γίνεσθαι,
317 1659 416 1690 ἄλαλος
432 1659 463 1685 τὺ
487 1659 580 1685 λοιπὸν
598 1658 658 1694 ἔσῃ,
681 1660 727 1685 καὶ
744 1658 793 1694 τὴν
821 1659 945 1692 γλῶτταν

163 1704 360 1739 πεπεδημένος,
379 1705 413 1731 ἶν’
425 1704 530 1731 οἴκοθεν
541 1706 570 1731 τὺ
588 1705 737 1740 μαρτύριον
755 1706 818 1740 ἔχῃς
833 1707 883 1739 τῆς
897 1705 945 1732 τοῦ

163 1749 230 1776 Θεοῦ
247 1749 400 1785 δυνάμεως.
414 1750 500 1786 Εἴπερ
517 1750 563 1777 οὖν
582 1751 672 1784 λέγειν
687 1750 829 1784 δεδύνησαι
844 1771 852 1784 ,
873 1751 944 1784 εἰπὲ,

163 1795 248 1827 ποίοις
259 1797 332 1831 ἡμᾶς
348 1796 469 1828 κελεύεις
483 1797 563 1824 θῦσαι
576 1797 646 1828 θεοῖς
659 1806 666 1830 ;
686 1798 739 1824 Καὶ
753 1798 803 1824 οὐκ
820 1795 854 1833 ἦν
869 1797 945 1834 φωνὴ

164 1841 210 1867 καὶ
225 1841 274 1867 οὐκ
289 1839 323 1876 ἢν
338 1841 480 1877 ἀκρόασις
497 1841 553 1868 ἀλλ’
570 1842 668 1877 ἐπίσης
684 1843 741 1874 τοῖς
762 1842 845 1869 αὑτοῦ
862 1843 944 1874 θεοῖς.

163 1888 268 1921 ἄφωνος
286 1887 407 1920 διετέλει,
424 1888 538 1922 νεύματι
563 1888 637 1923 μόνῳ
662 1888 692 1914 τὸ
713 1889 762 1923 τῆς
782 1889 870 1923 ψυχῆς
886 1889 945 1924 βού-

162 1932 237 1967 λημα
263 1933 455 1966 παραφαίνων.
479 1930 516 1959 Οἶι
539 1933 588 1967 τὴν
603 1934 695 1960 ἄνοιαν
716 1933 741 1958 οἱ
761 1933 808 1958 τοῦ
825 1933 944 1966 Χριστοῦ

163 1977 319 2012 ἐλέγχοντες
346 1986 374 2003 τε
401 1978 448 2003 καὶ
466 1977 685 2012 διαχλευάζοντες
715 1977 832 2011 ἔφασαν,
862 1976 944 2002 ’Δτιο-

164 2023 305 2059 χωροῦμεν
317 2032 323 2039 ·
340 2023 422 2054 αὐτος
436 2023 464 2049 δὲ
476 2023 551 2049 οὐδὲν
563 2023 616 2050 οὐδ’
629 2023 696 2054 ὅλως
708 2023 797 2055 λέγεις
814 2022 890 2056 ἡμῖν.

197 2069 234 2095 Ε’.
261 2068 527 2104 Προσποιησαμένων
540 2068 567 2094 δὲ
592 2067 646 2093 τῶν
663 2067 748 2101 ἁγίων
768 2067 818 2102 τὴν
840 2067 946 2102 ἀναχώ-

163 2121 253 2148 ρησιν,
273 2114 378 2147 ἄφωνος
401 2111 435 2148 ἦν
461 2113 560 2147 ὁμοίως
581 2114 595 2139 ὁ
619 2112 746 2147 βασιλεύς
760 2121 767 2128 ·
798 2113 871 2148 θαμὰ
889 2115 944 2144 τοῖς

163 2158 344 2194 περιεστῶσιν
356 2158 527 2190 ἑνατενίζων,
542 2158 589 2184 καὶ
605 2158 778 2193 νεύμασιτήν
793 2158 847 2185 τῶν
860 2159 944 2192 ἁγίων

163 2204 294 2240 σύλληψιν
321 2203 554 2239 διακελευόμενος.
586 2201 653 2230 Εἶτα
680 2204 735 2230 τῶν
759 2205 903 2240 ὑπηρετῶν
930 2204 944 2230 ὃ

162 2250 285 2285 βούλεται
307 2251 424 2277 συνεῖναι
451 2250 489 2285 μὴ
504 2250 671 2284 δυναμένων,
690 2251 829 2300 ἡμιμανὴς
848 2251 943 2300 dis-nep
961 2273 982 2300 Β

163 2297 209 2322 ὑπ’
224 2296 341 2331 ἀπορίας
354 2296 401 2322 καὶ
420 2295 506 2330 Θυμοῦ
528 2297 682 2331 γενόμενος,
703 2298 752 2332 τὴν
767 2297 892 2332 χλαμύδα
913 2306 942 2324 τε

163 2341 341 2377 περιέρρηξε,
368 2341 416 2367 καὶ
445 2341 459 2367 ὃ
478 2341 586 2375 λέγεται
621 2342 798 2377 βιὸλατώριον
827 2344 867 2375 είς
894 2344 945 2379 γῆν

164 2384 311 2422 ἀπέρριψε,
328 2387 374 2412 καὶ
391 2385 462 2412 οὕτω
483 2387 547 2418 τοὺς
563 2387 702 2422 παρόντας
724 2389 765 2419 είς
780 2387 871 2415 οἶκτον
886 2389 945 2421 ἐξε-

165 2432 282 2458 καλεῖτο.
304 2433 336 2458 Οἱ
359 2431 388 2458 δὲ
401 2431 448 2458 τοῦ
464 2432 582 2467 Χριστοῦ
607 2433 784 2468 στρατιῶται,
800 2435 900 2467 αὐτούς
914 2443 944 2461 τε

165 2477 212 2502 καὶ
226 2476 272 2502 τδν
283 2476 414 2511 τύραννον
422 2478 471 2511 τῆς
487 2477 578 2509 ἀνοίας
587 2480 836 2513 κατοικτισάμενοι,
845 2481 877 2507 Ὦ
891 2489 944 2516 πη-

166 2520 274 2556 ρώσεως
289 2522 448 2557 ἀνθρώπων,
465 2523 579 2558 ἔφησαν·
594 2525 634 2550 ὅτι
645 2525 754 2556 ἑκόντες
767 2526 831 2558 τοὺς
845 2526 945 2561 ὀφθαλ-

165 2567 232 2601 μοὺς
252 2567 447 2601 καταμύοντες,
473 2569 504 2595 οὐ
532 2569 672 2604 βούλονται
697 2571 766 2606 πρὸς
785 2571 816 2598 τὸ
841 2573 944 2607 φέγγος

163 2612 286 2639 ἀτενίσαι
308 2612 358 2647 τῆς
372 2613 507 2647 ἀληθείας.
529 2616 612 2642 Ἀλλὰ
629 2616 773 2650 διὰνοιξον,
789 2618 885 2653 Κύριε,
912 2618 944 2644 τὰ

162 2658 274 2692 ὄμματα
299 2658 349 2692 τῆς
375 2658 489 2692 καρδίας
515 2661 614 2694 αὐτῶν,
637 2662 709 2690 ὥστε
728 2663 798 2698 φωτὶ
818 2663 869 2698 τῆς
895 2665 944 2699 σῆς

164 2703 289 2737 γνώσεως
315 2703 562 2739 περιαυγασθῆναι,
582 2709 630 2734 καὶ
655 2709 821 2744 κατανοῆσαι
849 2709 883 2735 τὰ
910 2709 944 2736 σὰ

164 2749 324 2784 θαυμάσια,
349 2749 398 2776 καὶ
424 2750 455 2776 τδ
480 2752 667 2787 προσκύνητόν
686 2762 733 2780 σου
760 2755 872 2788 δοξάσαι
897 2755 944 2782 καὶ

164 2795 294 2826 παναγιον
305 2793 402 2829 δνομα.
413 2793 506 2821 Ταῦτα
520 2795 548 2821 δὲ
568 2797 656 2823 αὐτῶν
670 2798 840 2834 εὐξαμένων,
858 2807 942 2834 στρα-

163 2839 207 2869 τὺς
230 2839 321 2871 αὐτοῖς
333 2840 476 2874 ἁγγελικδς
492 2841 675 2876 ἐπιφαίνεται,
692 2840 729 2870 ὧν
744 2845 794 2879 τὴν
817 2844 942 2880 λαμπρό-

163 2892 233 2919 τητα
258 2885 282 2912 ol
307 2886 355 2917 τὰς
373 2886 456 2922 κόρας
479 2887 528 2922 τῆς
555 2887 642 2923 ψυχῆς
662 2889 886 2924 ἀμῆλυώττοντες
905 2891 942 2926 μὴ

1002 989 1088 1015 sancti
1105 989 1179 1016 illaesi
1196 995 1224 1017 et
1243 991 1310 1018 salvi
1334 992 1458 1026 producti
1484 999 1548 1021 sunt
1565 995 1591 1021 in
1611 1001 1786 1031 conspectum

1002 1034 1084 1067 regis.
1102 1034 1148 1061 llle
1164 1040 1256 1062 autem
1271 1044 1333 1064 cum
1359 1043 1433 1066 esset
1447 1039 1526 1066 valde
1541 1048 1649 1068 crassus
1672 1047 1700 1070 et
1721 1043 1788 1070 insi-

1001 1078 1089 1112 piens,
1106 1087 1195 1114 neque
1219 1082 1370 1110 admirabili
1394 1085 1550 1118 spectaculo
1571 1087 1786 1122 obstupefactus,

1002 1128 1090 1155 neque
1117 1129 1263 1157 martyrum
1295 1127 1394 1153 invicta
1422 1133 1512 1156 motus
1539 1131 1785 1165 patientia:Quid.

1003 1166 1101 1200 inquit,
1119 1168 1197 1196 vobis
1220 1170 1369 1203 videretur,
1388 1179 1435 1199 eos
1450 1174 1591 1208 appellans
1613 1177 1785 1210 nominatim,

1003 1219 1068 1237 num
1086 1211 1142 1239 brec
1159 1213 1238 1240 vobis
1253 1222 1335 1248 parva
1352 1222 1547 1250 persuaserunt
1573 1224 1706 1248 tormenta
1725 1226 1754 1249 ut
1771 1232 1786 1249 a

1001 1255 1121 1289 pretioso
1139 1258 1248 1290 quidem
1273 1265 1364 1287 vestro
1389 1269 1482 1289 errore
1508 1263 1668 1299 discedatis,
1685 1268 1787 1295 nustris

1001 1307 1092 1330 autem
1110 1304 1205 1331 edictis
1223 1306 1348 1333 cedatis?
1365 1315 1399 1334 an
1414 1308 1503 1337 adhuc
1530 1311 1611 1339 vultis
1626 1320 1786 1347 permanere

1001 1348 1028 1374 in
1043 1356 1145 1381 errore,
1167 1351 1264 1378 vestris
1281 1351 1343 1378 freti
1360 1354 1524 1390 praestigiis?
1550 1356 1700 1392 Respondit
1721 1359 1786 1386 bea-

1002 1396 1044 1419 tus
1068 1393 1224 1430 Acindynus
1243 1403 1249 1422 :
1271 1395 1422 1432 [’rtrstigias
1445 1399 1554 1433 quidem
1571 1409 1658 1436 neque
1673 1404 1785 1437 scimus,

1000 1445 1089 1472 neque
1115 1446 1234 1474 unquam
1269 1441 1426 1474 didicimus,
1459 1451 1548 1479 neque
1578 1453 1697 1482 unquam
1728 1449 1786 1476 tali-

1000 1483 1050 1510 bus
1086 1485 1127 1511 usi
1163 1494 1258 1513 sumus
1291 1487 1458 1522 imposturis.
1496 1491 1549 1518 Sed
1583 1494 1710 1526 quoniam
1740 1495 1786 1523 Dei

999 1529 1071 1556 vires
1088 1530 1295 1565 insuperabiles,
1323 1539 1350 1560 et
1375 1542 1435 1568 qua:
1468 1540 1531 1563 sunt
1553 1545 1635 1572 supra
1661 1546 1784 1568 naturam

999 1574 1074 1610 signa
1100 1575 1202 1608 divina,
1223 1582 1302 1612 putas
1321 1586 1380 1606 esse
1401 1582 1560 1617 prastigias,
1577 1583 1735 1620 visioneque
1759 1593 1785 1614 et

999 1628 1054 1647 non
1070 1628 1165 1649 revera
1177 1622 1233 1650 haec
1245 1625 1301 1651 ﬁeri
1317 1626 1473 1660 suspicaris,
1483 1628 1536 1655 eris
1553 1629 1681 1665 deinceps
1693 1637 1784 1659 mutus

998 1670 1025 1693 et
1039 1666 1130 1702 lingua
1147 1668 1305 1704 impeditus,
1316 1675 1352 1710 .ut
1369 1679 1402 1698 ex
1418 1672 1506 1707 teipse
1518 1674 1703 1702 testimonium
1715 1675 1785 1704 feras

997 1711 1045 1739 Dei
1065 1713 1185 1740 virtutis.
1202 1714 1230 1741 Si
1258 1720 1337 1750 potes
1350 1724 1415 1751 ergo
1429 1718 1533 1750 dicere,
1550 1720 1604 1753 dic,
1620 1721 1784 1755 quibusnam

997 1756 1048 1784 diis
1073 1765 1121 1785 nos
1145 1759 1225 1793 jubes
1253 1761 1427 1789 sacriﬁcare?
1444 1764 1504 1790 Non
1528 1770 1586 1792 erat
1607 1771 1698 1794 autem
1723 1776 1783 1800 vos,

998 1811 1084 1839 neque
1100 1806 1214 1838 auditio,
1231 1807 1279 1835 sed
1293 1812 1352 1835 erat
1367 1814 1468 1842 mutus,
1483 1818 1537 1838 non
1553 1819 1632 1840 secus
1651 1817 1732 1848 atque
1747 1814 1784 1841 dii

996 1852 1066 1886 eius,
1082 1852 1141 1879 solo
1157 1858 1224 1880 nutu
1251 1853 1378 1882 indicans
1395 1856 1478 1883 animi
1501 1857 1681 1886 voluntatem.
1699 1860 1784 1895 Cuius

997 1897 1143 1924 amentiam
1158 1897 1260 1926 Christi
1277 1900 1347 1928 servi
1364 1907 1512 1935 arguentes
1528 1908 1554 1930 et
1570 1904 1725 1938 irridentes,
1740 1907 1782 1933 di-

996 1943 1094 1969 cebant
1109 1951 1115 1968 :
1132 1941 1305 1978 Reeedimus,
1334 1951 1360 1973 tu
1376 1952 1467 1974 autem
1483 1948 1548 1975 nihil
1566 1951 1644 1977 nobis
1668 1952 1780 1979 omnino

995 1987 1073 2014 dicis.

1030 2062 1061 2090 ν.
1079 2064 1147 2091 Cum
1162 2071 1254 2094 autem
1269 2067 1412 2096 tinxissent
1425 2070 1513 2097 sancti
1529 2078 1557 2098 se
1575 2073 1712 2105 recedere,
1723 2080 1781 2101 erat

997 2115 1043 2135 rex
1062 2115 1154 2138 mulus
1167 2112 1302 2143 similiter.
1320 2115 1416 2141 crebro
1433 2115 1553 2149 deligens
1568 2117 1661 2144 oeulos
1677 2118 1704 2144 in
1722 2126 1780 2152 eos,

997 2154 1041 2188 qui
1053 2155 1302 2189 circumsistebant,
1320 2162 1347 2185 et
1362 2164 1428 2186 nutu
1443 2160 1555 2193 jubens,
1571 2166 1600 2188 ut
1613 2168 1782 2191 sanetieont-

997 2199 1243 2233 prehenderentur.
1257 2203 1359 2230 Deinde
1371 2212 1432 2231 cum
1447 2205 1564 2233 ministri
1574 2208 1646 2242 quod
1661 2209 1779 2242 volebat,

996 2252 1050 2272 non
1065 2248 1347 2283 possentintelligere,
1369 2257 1424 2284 pne
1438 2251 1476 2278 ira
1487 2256 1515 2278 et
1532 2252 1699 2283 dubitatione
1714 2256 1781 2284 elic-

995 2295 1055 2317 ctus
1078 2292 1272 2325 semiinsanus,
1298 2295 1372 2329 rupit
1395 2296 1575 2332 chlamydem,
1604 2304 1632 2327 et
1659 2300 1685 2328 id
1708 2303 1779 2336 quod

995 2336 1177 2366 ﬁbulatorium
1199 2339 1310 2372 dicitur,
1326 2342 1401 2370 humi
1424 2343 1542 2378 disiecit,
1561 2350 1587 2374 et
1609 2347 1647 2375 sic
1663 2355 1720 2381 eos,
1734 2349 1780 2384 qui

993 2384 1116 2418 aderant,
1147 2387 1260 2414 vocabat
1274 2388 1309 2415 ad
1331 2389 1555 2420 misericmdiam.
1574 2393 1675 2422 Christi
1691 2400 1780 2422 autem

993 2430 1095 2458 milites
1127 2435 1155 2458 et
1190 2432 1264 2466 ipsos
1286 2439 1314 2461 et
1341 2439 1486 2471 tyrannum
1523 2438 1645 2467 miserati
1669 2445 1781 2475 propter

994 2476 1154 2509 amentiam,
1168 2477 1190 2504 0
1203 2478 1343 2507 hominum
1367 2482 1531 2510 caecitatem!
1557 2484 1693 2518 dixerunt,
1707 2487 1779 2520 quod

996 2527 1045 2547 sua
1059 2526 1156 2556 sponte
1171 2521 1329 2551 claudentes
1340 2525 1446 2560 oculos,
1463 2527 1563 2554 intueri
1579 2529 1674 2555 nolunt
1690 2529 1779 2558 lucem

996 2567 1127 2594 veritatis.
1147 2567 1200 2596 Sed
1216 2570 1300 2604 aperi,
1318 2571 1442 2605 Domine,
1456 2573 1550 2600 oculos
1567 2574 1658 2602 cordis
1673 2582 1777 2608 eorum,

996 2617 1025 2640 ut
1040 2613 1228 2642 illuminentur
1243 2616 1304 2644 luce
1323 2617 1368 2644 Dei
1387 2617 1562 2653 cognitionis,
1581 2624 1609 2646 et
1629 2624 1674 2648 tua
1689 2622 1780 2650 cousi-

996 2659 1091 2687 derent
1114 2661 1255 2695 miracula,
1279 2667 1306 2690 et
1323 2663 1491 2691 adorandum
1509 2669 1535 2691 et
1552 2669 1676 2693 sanetum
1701 2671 1778 2696 tuum

993 2715 1094 2735 nomen
1109 2709 1272 2744 signiﬁcent.
1288 2710 1355 2738 Cum
1378 2711 1436 2739 haec
1447 2717 1538 2739 autem
1553 2719 1647 2741 essent
1661 2717 1775 2750 precati,

993 2755 1032 2782 eis
1044 2761 1157 2790 apparet
1171 2757 1307 2783 exercitus
1326 2757 1496 2792 angelorum,
1510 2766 1627 2794 quorum
1653 2761 1778 2796 splendo-

993 2807 1049 2826 rem
1066 2798 1138 2827 l'erre
1152 2807 1207 2826 non
1228 2800 1360 2834 valentes,
1376 2801 1421 2836 qui
1449 2803 1535 2830 oculis
1562 2803 1659 2832 animae
1677 2805 1778 2842 caliga-

995 2844 1071 2878 bant,
1087 2845 1162 2872 humi
1178 2845 1346 2874 ceciderunt.
1368 2846 1460 2875 Sancti
1476 2856 1541 2876 vero
1553 2857 1616 2876 cum
1642 2850 1690 2878 Dei
1711 2859 1778 2879 con-

997 2895 1105 2919 suetum
1135 2891 1285 2921 sensissent
1310 2893 1453 2929 auxilium,
1477 2895 1502 2924 ei
1531 2895 1691 2924 obtulerunt
1719 2904 1776 2932 gra-
