2039 3155
177 146 208 177 Π
599 144 831 175 MARTYRIUM
855 145 885 173 S.
910 144 1082 173 ACINDINI
1107 145 1153 173 ET
1173 145 1379 180 SOCJORUM.
1765 147 1797 178 18

177 203 258 228 πόθον
277 202 322 232 τὰς
340 202 426 237 ψυχὰς
442 201 482 233 είς
505 201 618 228 θάνατον
639 201 817 236 παραδόντες,
833 201 958 232 θάνατον,
973 218 980 231 λ

1031 209 1065 228 ξιῐι
1079 202 1236 234 tradidistis,
1253 207 1379 235 mortem,
1392 211 1451 238 (με
1466 204 1544 230 vitam
1560 208 1687 230 zcternam
1709 204 1806 230 conci-

177 247 249 282 ζωὴν
266 248 374 273 αἰώνιον
402 248 630 282 μνηστευόμενον.
648 247 723 283 Πλὴν
739 248 807 274 ἀλλὰ
830 249 876 274 καὶ
895 248 960 283 ἡμῖν

178 295 256 328 χεῖρα
276 294 379 328 ὀρέξαι.
397 294 444 320 καὶ
458 293 505 320 τοῦ
521 293 571 328 τῆς
588 294 727 325 ἀπωλείας
751 293 898 320 ἁνελκῦσαι
915 293 962 326 βυ-

179 339 224 365 θοῦ
243 339 449 375 παρακλήθητε.
468 340 500 365 Οἱ
519 340 658 375 μάρτυρες
670 340 699 366 δὲ
714 340 793 373 λόγον
809 339 901 366 αὐτῶν
914 340 962 374 τῆς

179 385 298 418 δεήσεως
314 385 508 419 ποιησάμενοι,
524 385 571 411 καὶ
583 385 660 420 ὄμμα
675 386 715 416 είς
729 385 862 420 οὐρανοὺς
877 385 964 421 ἄραν-

179 439 234 461 τες
251 431 264 457 ὸ
279 430 344 461 Θεὸς
357 431 370 455 ὁ
386 429 508 463 ῡψιστος,
522 427 610 461 εἷπον,
624 431 670 456 ἐπὶ
685 432 748 462 τοὺς
760 431 870 462 δούλους
889 431 963 458 ἔπιδε

179 476 242 505 τοὺς
261 475 494 508 ἐπικαλουμένους
519 474 549 501 τὸ
563 475 651 510 ὄνομά
666 484 713 502 σου
729 476 759 502 ὲν
774 476 890 511 ἀληθείᾳ
918 476 965 502 καὶ

182 521 282 556 βροχὴν
310 520 433 547 tuo-37w:
449 521 580 556 ἀφόρισον
599 522 631 556 τῇ
648 521 696 557 νέᾳ
721 522 889 557 κληρονομίᾳ
907 530 966 553 σου,

180 565 253 595 ὅπως
274 563 316 597 εἴη
332 565 424 595 αὐτοῖς
443 565 460 599 ὴ
474 565 549 600 παρὰ
564 565 610 591 σοῦ
624 565 728 600 δρόσος,
746 566 815 599 ταμα
838 566 869 591 τὸ
886 565 968 592 νοσῶ-

181 610 224 640 δες
243 610 292 644 τῆς
309 610 446 644 ἁμαρτίας
464 609 698 644 ἀποκαθαίρουσα,
720 611 768 637 καὶ
786 610 878 637 εἴδωσι
894 610 964 637 πάν-

182 666 239 688 τες,
256 657 296 683 ὅτι
311 656 344 682 σὺ
360 654 385 682 εἷ
403 656 485 690 μόνος
500 656 578 689 Θεὸς,
595 657 640 682 καὶ
657 656 696 692 τῷ
713 657 753 692 σῷ
768 657 863 691 κράτει
880 656 969 683 πάντα

183 702 316 734 πείθεται,
346 700 467 735 βασιλεῦ.
485 701 558 735 Ἀμα
588 701 617 728 δὲ
631 700 671 736 τῷ
685 702 756 728 τέλει
779 701 829 736 τῆς
853 709 970 736 προσευ-

184 749 244 782 χῆς,
260 747 401 782 ἀστραπαί
419 756 450 773 τε
464 747 570 782 ἀθρόως
597 747 770 781 ἐκτρίϐονται
786 748 834 774 καὶ
860 747 972 782 βρονταὶ

185 794 439 829 καταρρήγνυνται,
460 792 508 819 καὶ
529 792 658 827 ῥαγδαῖος
672 793 775 828 ὄμϐρος
790 793 922 828 ἐκχεῖται,
935 793 972 825 ὡς

186 840 370 873 συσχεθέντας
403 839 476 873 φόϐῳ
505 840 568 869 τοὺς
595 837 746 869 ἐναντίους,
772 838 836 873 τῇδε
860 839 972 865 κάκεῖσε

184 884 503 922 διασκεδάννυσθαιητῶν
519 884 742 910 πεπιστευκότων
754 884 866 919 Χριστῷ
881 884 972 919 μόνον,
991 880 1013 909 Β

185 932 242 961 τοῖς
265 931 353 964 ἁγίοις
376 930 495 965 μάρτυσι
513 930 811 965 συμπεριλειφθέντων.
829 929 900 965 Πρὸς
927 929 974 961 οὓς

186 975 211 1001 οἱ
228 975 298 1008 ἃγιοι
310 983 317 990 ·
331 976 376 1010 Μὴ
391 975 529 1009 φοϐεῖσθε,
543 973 630 1007 εἷπον,
643 976 732 1010 ὑμεῖς,
750 976 775 1002 οἱ
791 975 900 1010 Χριστῷ
910 976 973 1002 ἑαυ-

187 1021 249 1051 τοὺς
264 1021 436 1055 ἀναθέμενοι,
452 1021 514 1047 ἐπεὶ
529 1022 574 1047 καὶ
587 1021 620 1047 δι’
637 1021 707 1054 ὑμᾶς
724 1020 810 1047 ταῦτα
825 1020 928 1054 γέγονε.

225 1064 265 1091 lt’.
291 1065 441 1099 Σύμιῖωνον
458 1065 505 1090 οὖν
526 1064 564 1099 τῷ
589 1064 648 1098 Θεῷ
664 1065 713 1099 τὴν
734 1064 889 1097 δοξολογίαν
912 1065 977 1091 ἁνα-

189 1110 365 1144 πεμπόντων,
377 1109 501 1142 ἀγγέλων
518 1110 620 1143 ἐπέστη
637 1110 753 1144 πληθὺς,
766 1108 866 1140 λευκὰς
879 1109 976 1140 αὐτοὺς

189 1154 361 1189 ὁμφιεννῦσα
395 1154 502 1185 στολὰς,
533 1154 563 1179 τὸ
590 1154 799 1189 κεκαθαρμένον
826 1154 896 1187 τάχα
929 1154 977 1188 τῆς

189 1197 277 1232 ψυχῆς
293 1196 551 1231 παρεμφαινούσας,
569 1198 601 1232 τῇ
618 1197 708 1223 πίστει
723 1205 752 1222 τε
771 1197 820 1223 καὶ
835 1197 873 1231 τῷ
887 1197 975 1223 ὕδατι.

196 1243 226 1268 ὐ
247 1242 274 1268 δὲ
290 1242 340 1276 τὴν
357 1242 455 1277 μανίαν
471 1242 583 1276 ἄσχετος
601 1241 730 1277 βασιλεὺς
745 1242 781 1273 ὡς
800 1242 899 1274 ἔοικεν,
917 1240 977 1269 εἷπε

190 1288 259 1322 πρὸς
274 1288 337 1318 τοὺς
354 1287 449 1320 ἀγίους
463 1287 500 1314 Τὸ
514 1288 654 1321 φείδεσθαί
670 1297 704 1322 με
726 1289 776 1323 τῆς
792 1288 868 1322 ὑμῶν
883 1288 978 1322 νεότηο

190 1343 235 1364 τος
261 1334 371 1367 καὶτῆς
386 1333 461 1368 ὠρας
478 1334 687 1368 καταφρονῆσαί
709 1342 760 1368 μου
784 1334 832 1360 τοῦ
860 1334 979 1369 κράτους

191 1381 353 1416 πεποίηκεν.
374 1380 454 1407 Ἀλλὰ
477 1380 521 1406 διὰ
545 1380 599 1406 τῶν
623 1380 712 1415 ἔργων
729 1380 837 1406 εἴσεσθε
856 1381 975 1412 παντως,

192 1427 339 1460 ἀλυσιτελῆ
359 1427 406 1452 καὶ
431 1425 580 1460 ἀσύμφορα
604 1426 711 1457 ἑαυτοῖς
737 1426 891 1459 ποιοῦντες,
909 1425 979 1461 πλὴν

192 1473 307 1507 ἔπειπερ
330 1473 380 1507 οὐχ
403 1469 485 1507 ἦττον
507 1472 554 1498 τοῦ
575 1471 707 1498 δύνασθαι
730 1472 778 1498 καὶ
795 1471 826 1498 τὺ
845 1472 981 1507 μακροθυ-

195 1520 257 1553 μεῖν
273 1520 339 1553 ἡμῖν
357 1518 504 1553 πρόσεστιν
518 1518 679 1553 ἀνεχόμενοι
695 1518 743 1544 καὶ
765 1517 806 1545 ἔτι
830 1519 879 1553 τῆς
895 1519 981 1554 ἀφρο-

195 1566 281 1598 σύνης
311 1564 387 1598 ὑμῶν
418 1563 642 1598 συμϐουλεύομεν
672 1563 830 1598 πεισθῆναι,
861 1564 908 1590 καὶ
937 1553 1016 1590 τδνῧ

194 1610 297 1643 γλυκὺν
321 1609 414 1635 τοῦτον
432 1608 564 1644 κερδῆσαι
583 1608 670 1643 ἥλιον,
697 1609 742 1634 καὶ
757 1609 795 1643 μὴ
814 1608 940 1643 πρόωρόν
954 1616 983 1634 τε

196 1657 244 1682 καὶ
272 1655 371 1689 πικρὸν
394 1655 600 1680 ἐπισπάσασθαι
618 1654 750 1681 θάνατον’
780 1654 849 1680 ἀλλὰ
867 1655 982 1688 προσελ-

197 1702 304 1732 θόντας,
319 1701 401 1726 θῦσαι
418 1700 473 1731 τοῖς
487 1699 633 1730 δεσπόταις
656 1699 736 1730 θεοῖς.
758 1700 790 1726 Ὀ
810 1698 886 1733 ἅγιος
895 1699 984 1726 ’Δκίν-

196 1747 273 1778 δυνος
285 1755 292 1762 ·
315 1746 422 1780 Ἡμεῖς,
442 1743 531 1777 εἶπεν,
549 1745 599 1772 ἕνα
615 1745 680 1771 Θεὸν
699 1745 812 1779 οἴδαμεν
824 1745 871 1771 τὸν
887 1746 916 1771 ὲν
942 1745 985 1771 οὑ-

198 1793 302 1827 ρανοῖς,
318 1793 365 1818 καὶ
388 1791 463 1826 αὑτῷ
483 1791 556 1826 μόνῳ
573 1790 752 1826 λατρεύομεν,
780 1790 819 1825 τῷ
841 1790 985 1826 δυναμένῳ

199 1838 280 1872 σῶμά
292 1846 320 1864 τε
337 1838 384 1864 xa‘t
395 1837 485 1872 ψυχὴν
510 1837 614 1871 αἰωνίῳ
630 1837 698 1871 πυρὶ
716 1838 891 1871 κατακρῑναι.
912 1837 985 1872 Πρὸς

198 1883 284 1910 ταῦτα
307 1884 320 1910 ό
347 1883 490 1918 βασιλεύς·
512 1882 566 1909 Καὶ
588 1882 670 1914 αὐτὸς
697 1883 762 1916 ἐγὼ,
777 1882 839 1916 ἔφη,
854 1883 895 1909 ἐνὶ
919 1883 980 1917 Θεῷ

199 1930 363 1965 προσκυνεῖν
378 1930 451 1964 ὑμᾶς
466 1928 607 1964 βούλομαι.
628 1929 682 1954 Καὶ
706 1928 764 1960 πῶς
781 1928 880 1962 τούτῳ,
908 1926 984 1955 εἶπεν

199 1977 212 2003 ὁ
240 1976 358 2011 μάρτυς,
385 1975 460 2001 θύειν
485 1975 628 2006 κελεύειςς
654 1974 740 2009 Ἐμοὶ“
762 1974 984 2006 ἀκολουθοῦντες,

200 2022 294 2056 φησὶν,
307 2021 374 2055 ὅπερ
390 2020 422 2046 ἂν
438 2019 487 2054 ἐμὲ
503 2019 576 2054 ἴδητε
595 2018 736 2050 ποιοῦντα,
765 2017 813 2043 καὶ
828 2017 910 2051 ὑμεῖς
927 2025 987 2043 ποι-

200 2067 265 2092 εῖτε.
287 2065 367 2091 Ἀλλὰ
398 2065 430 2091 σὺ
457 2065 523 2098 μὲν,
546 2065 571 2090 ot
594 2063 731 2098 μάρτυρες
759 2061 874 2096 ἔφησαν,
891 2062 986 2098 ὥσπερ

201 2110 347 2137 ἐπίστασαι
368 2110 415 2136 καὶ
431 2110 555 2145 ποιήσεις
571 2117 578 2126 ο
593 2110 673 2144 ἡμεῖς
687 2108 710 2135 δ’
728 2105 762 2135 αὖ
778 2107 860 2135 πάλιν
876 2108 914 2139 ὡς
933 2108 987 2135 ἐδι-

200 2155 349 2190 δὶχΟημεν,
363 2155 517 2186 ἀκολούθως
531 2155 679 2189 δράσομεν.

235 2202 274 2228 Θι.
293 2200 404 2232 Τούτοις
429 2201 519 2235 ἡσθεὶς
542 2201 556 2227 ό
580 2201 724 2235 βασιλεὺς·
748 2202 802 2228 Kal.
817 2201 901 2234 διατι,
919 2202 983 2236 ἔφη,
1003 2216 1024 2244 D

202 2247 240 2281 μὴ
255 2246 308 2281 πρὸ
320 2245 418 2272 πολλοῦ
436 2246 517 2272 τοῦτο
529 2246 712 2280 πεποιήκατε,
739 2247 807 2273 ἀλλά
822 2255 856 2280 με
872 2247 940 2282 πρὸς
956 2246 987 2273 τὸ

202 2292 278 2327 παρὰ
295 2291 377 2326 φύσιν
393 2291 581 2324 ὲξεὸιάσασθε,
602 2291 673 2318 ὥστε
690 2292 905 2327 προσενεχθῆναι
931 2294 987 2325 τοῖς

202 2338 341 2372 φιλτάτοις
355 2338 419 2372 ὑμῖν
431 2337 468 2368 ὡς
486 2337 523 2372 μὴ
540 2337 611 2370 ἔδει;
633 2338 707 2373 ὅμως
723 2337 760 2369 ὦς
777 2346 806 2364 τε
821 2339 905 2373 πατρὶ
922 2337 990 2372 σύγ-

202 2392 305 2417 γνωτε,
333 2383 377 2410 διὰ
404 2384 529 2416 παιδείας
554 2384 626 2417 ὑμᾶς
656 2384 833 2418 ἐπιστρέψαι,
848 2385 895 2411 καὶ
911 2385 988 2420 παρὰ

203 2430 317 2466 γνώμην
334 2430 544 2464 ἀναγκασθέντι.
563 2429 658 2457 Ταῦτα
683 2430 770 2456 εἰπὼν
789 2430 836 2457 τοῦ
852 2431 989 2466 ὀχήματος

205 2475 302 2509 ἐπέϐη,
327 2477 376 2503 καὶ
397 2476 583 2511 συνεδριάςειν
606 2475 680 2510 αὑτῷ
700 2476 764 2507 τοὺς
787 2476 881 2510 ἁγίους
900 2484 987 2510 προσ-

206 2519 346 2546 εκαλεῖτο·
367 2522 392 2547 ot
411 2521 449 2553 δὲ,
474 2521 520 2556 Μὴ
539 2519 646 2555 γένοιτο
669 2521 745 2555 ἡμῖν,
761 2517 784 2547 ὦ
804 2520 926 2555 βασιλεῦ,
947 2521 988 2553 εἰς

205 2566 285 2592 τοῦτο
303 2567 444 2599 παροινίας
460 2567 554 2594 ἐλάσαι
578 2568 614 2599 ὼς
641 2567 786 2600 συνέδρους
805 2575 846 2593 σοι
862 2567 987 2600 γενέσθαι

207 2611 424 2646 κατατολμῆᾳαι,
441 2612 487 2638 καὶ
501 2612 531 2638 τὺ
551 2613 597 2639 σὺν
612 2613 712 2648 κράτος
726 2611 797 2638 οὕτω
813 2611 987 2645 καθυῦρίσαι.

213 2657 283 2684 Ἀλλ’
300 2657 371 2690 ἐμοὶ,
390 2657 471 2691 φησὶν
493 2658 507 2682 ὁ
534 2657 672 2691 βασιλεὺς,
689 2658 705 2692 ἡ
724 2656 788 2692 παρ’
808 2656 884 2691 ὑμῶν
899 2656 988 2691 ὒὸρις,

207 2704 258 2737 τῆς
282 2703 336 2730 τῶν
359 2702 447 2729 ἄλλων
473 2703 599 2737 ὑπηκόων
613 2703 782 2738 αἱρετωτέρα
796 2702 890 2737 τιμῆς.
913 2702 989 2729 Ἐπεὶ

209 2750 234 2775 δὲ
262 2749 329 2782 πρὸς
353 2749 392 2783 τῷ
415 2749 471 2782 ναῷ
494 2746 574 2783 ἦσαν,
594 2748 650 2779 ἐνὸς
664 2747 718 2774 τῶν
734 2748 817 2781 ἁγίων
842 2746 989 2781 λαϐόμενος

243 2842 252 2858 δ
269 2842 359 2869 \tatth.
377 2850 402 2875 κ,
423 2842 466 2869 ‘28.

1014 248 1072 274 liat.
1088 247 1224 274 Caeterum
1242 252 1272 274 ut
1288 247 1365 274 nobis
1378 256 1486 282 quoque
1507 257 1614 275 manum
1631 249 1759 284 prmbeat,
1777 252 1804 274 et

1016 300 1065 319 nos
1086 293 1210 319 extrahat
1235 300 1268 320 cx
1296 291 1430 327 profundo
1457 293 1593 326 interitus,
1617 302 1679 321 eum
1700 299 1803 330 rogate.

1016 338 1147 374 Martyres
1162 342 1254 364 autern
1273 345 1334 364 cum
1361 345 1453 364 eorum
1478 346 1587 372 procum
1603 339 1741 366 duxissent
1761 347 1804 365 ra-

1015 383 1130 414 tionem.
1146 388 1174 410 et
1189 383 1282 410 oculos
1295 383 1325 415 in
1344 383 1443 410 cmlnm
1460 384 1636 410 snsmlissent
1648 393 1655 410 :
1668 384 1806 412 Alt‘issime

1017 428 1098 460 Deus,
1116 427 1256 459 dixerunt,
1272 428 1362 462 aspice
1384 427 1417 454 ad
1443 435 1536 454 servos
1560 432 1630 460 tuos,
1646 429 1691 462 qui
1705 437 1804 455 nomen

1017 477 1092 500 tuum
1116 473 1243 500 invocant
1267 473 1293 500 in
1314 473 1439 505 veritate,
1457 478 1485 500 et
1510 473 1689 500 voluntarium
1712 473 1808 508 irrith-

1020 520 1121 547 tionem
1138 519 1257 546 attribue
1275 526 1351 546 nova:
1367 523 1420 547 tuae
1437 519 1602 551 hmreditati,
1622 519 1667 550 iis,
1685 518 1807 553 inquam,

1019 565 1065 600 qui
1081 571 1154 592 nunc
1176 564 1354 592 crediderunt
1379 565 1406 591 in
1431 572 1531 592 nomen
1554 569 1640 597 tunm,
1658 568 1687 591 ut
1713 564 1749 591 sit
1771 564 1811 591 eis

1021 611 1155 638 medicina
1172 618 1228 643 ros,
1244 611 1290 645 qui
1310 618 1325 637 a
1339 615 1365 638 te
1377 610 1571 645 proﬁciscitur.
1588 611 1613 638 id
1626 610 1698 645 quod
1709 610 1809 645 peccati

1021 662 1073 690 est,
1088 657 1244 684 morbosum
1266 664 1432 692 expurgans,
1447 661 1474 684 et
1499 657 1586 684 sciant
1602 661 1627 683 te
1646 656 1733 683 solum
1749 664 1812 684 esse

1023 703 1117 735 Deum,
1129 708 1156 730 et
1168 703 1269 736 omnia,
1285 710 1301 729 0
1312 702 1378 734 Rex,
1393 707 1444 729 true
1452 702 1561 729 obedire
1576 702 1713 736 potentiae.
1727 701 1812 729 Simul

1023 752 1112 776 autem
1124 756 1185 776 cum
1196 748 1249 775 line
1262 748 1395 775 orationis
1409 752 1436 774 et
1449 753 1559 782 repente
1567 747 1685 775 emicant
1696 747 1812 782 fulgura,

1024 799 1051 822 et
1065 799 1213 827 erumpunt
1236 794 1365 827 fulmina,
1385 799 1412 822 et
1438 795 1586 821 vehemens
1612 794 1685 821 cadit
1709 793 1812 828 pluvia,

1025 841 1094 869 adeo
1118 845 1146 868 ut
1164 845 1238 868 metu
1256 841 1374 874 correpti
1401 839 1561 871 adversarii,
1579 840 1631 866 huc
1648 844 1674 866 et
1688 839 1750 867 illuc
1770 839 1814 866 di-

1027 891 1229 922 spergerentur,
1254 887 1288 914 iis
1313 886 1388 916 solis.
1415 885 1460 920 qui
1487 885 1597 912 Christo
1631 885 1814 917 crediderant,

1028 934 1130 961 relictis
1146 933 1210 960 solis
1222 939 1284 959 cum
1307 932 1409 959 sanctis
1428 931 1601 966 martyribus,
1625 931 1657 958 ad
1673 938 1740 965 quos
1751 938 1814 957 san-

1029 980 1063 1005 cti
1080 988 1085 1005 :
1102 977 1140 1005 Ne
1152 978 1281 1009 timeatis,
1306 977 1444 1008 dixerunt,
1459 977 1504 1012 qui
1520 984 1567 1004 vos
1582 976 1689 1004 Christo
1705 977 1814 1004 dcdira<

1029 1024 1088 1054 stis,
1108 1031 1168 1050 nam
1183 1023 1240 1050 hac
1253 1028 1364 1057 propter
1381 1030 1428 1050 vos
1443 1023 1618 1050 exstiterunt.

1065 1067 1134 1094 Vlll.
1151 1067 1219 1094 Cum
1232 1075 1296 1102 ergo
1311 1075 1363 1094 una
1382 1075 1448 1094 voce
1467 1068 1522 1094 Deo
1544 1068 1701 1094 emitterent
1718 1067 1816 1102 gloriﬁ-

1030 1114 1176 1145 cationem.
1198 1114 1312 1140 accessit
1337 1113 1482 1140 multitudo
1502 1114 1671 1147 angelorum,
1696 1114 1817 1141 candidis

1031 1167 1078 1186 eos
1094 1159 1209 1186 induens
1225 1159 1356 1189 vestibus,
1371 1166 1430 1193 qua:
1445 1159 1513 1185 ferte
1528 1159 1705 1185 ostendebant
1720 1166 1817 1193 purga-

1033 1210 1087 1231 tam
1105 1211 1164 1231 esse
1187 1205 1304 1231 animam
1326 1204 1378 1230 fide
1394 1209 1420 1230 et
1440 1211 1518 1238 aqua.
1539 1203 1595 1230 Rex
1623 1208 1726 1235 autem,
1742 1203 1819 1238 cujus

1032 1248 1154 1274 cohiberi
1171 1255 1224 1274 non
1237 1252 1343 1282 poterat
1356 1248 1470 1280 insania,
1488 1252 1515 1274 ut
1530 1255 1578 1282 par
1591 1253 1658 1280 erat,
1675 1248 1739 1275 dixit
1755 1256 1818 1274 san-

1033 1293 1084 1319 ctis
1101 1301 1108 1319 :
1124 1292 1202 1325 Quod
1213 1297 1310 1320 vestra:
1325 1293 1462 1327 juventuti
1476 1300 1616 1328 parcerem
1631 1298 1657 1320 ct
1669 1293 1779 1328 speciei.
1795 1294 1820 1320 id

1033 1345 1080 1364 vos
1097 1337 1162 1365 fecit
1185 1345 1272 1365 meam
1289 1343 1466 1366 contemnere
1486 1339 1646 1373 potentiam,
1663 1340 1711 1366 sed
1735 1339 1818 1374 reipsu

1033 1384 1145 1411 omnino
1157 1385 1249 1412 scietis
1270 1392 1318 1412 vos
1334 1392 1366 1412 ca
1377 1385 1478 1417 facere,
1494 1393 1555 1419 quae
1585 1390 1646 1412 sunt
1662 1385 1768 1412 inutilia
1794 1392 1821 1413 et

1034 1431 1111 1458 vobis
1127 1439 1180 1458 non
1200 1432 1358 1465 expediunt.
1375 1431 1427 1458 Sed
1441 1432 1567 1466 quoniam
1583 1440 1636 1460 non
1653 1434 1725 1461 inest
1745 1434 1821 1460 llOiIiS

1035 1476 1126 1503 minor
1139 1476 1279 1510 patientia,
1295 1485 1376 1511 quatit
1392 1478 1523 1512 potentia,
1539 1478 1628 1505 adhuc
1645 1485 1762 1506 vestram
1781 1484 1823 1506 tu-

1034 1522 1156 1550 lerantcs
1173 1522 1327 1554 stultitiam,
1343 1523 1512 1550 consulimus
1525 1528 1553 1550 ut
1569 1524 1696 1558 parcatis,
1709 1530 1735 1552 et
1751 1525 1823 1552 lnmc

1034 1569 1138 1596 dulcem
1153 1568 1238 1596 solem
1264 1568 1451 1602 lucrifaciatis,
1465 1574 1492 1596 et
1512 1577 1565 1596 non
1582 1575 1695 1597 mortem
1709 1578 1823 1605 praema-

1034 1620 1121 1643 turam
1137 1619 1164 1641 et
1183 1614 1308 1641 acerbam
1336 1615 1491 1647 attrahatis,
1521 1615 1568 1641 sed
1591 1616 1754 1642 accedentes
1777 1616 1824 1641 do-

1035 1660 1117 1686 minis
1133 1659 1184 1686 diis
1198 1659 1367 1686 sacriﬁcetis.
1384 1660 1502 1687 Sanctus
1522 1664 1612 1687 autent
1628 1660 1694 1688 dicit
1709 1661 1823 1696 Acindy-

1035 1713 1087 1732 nus
1104 1714 1111 1733 :
1129 1704 1182 1731 Nos
1206 1712 1290 1731 unttm
1316 1705 1441 1732 novimus
1453 1705 1552 1738 Deum,
1568 1705 1614 1740 qui
1633 1711 1674 1733 est
1692 1706 1719 1733 in
1735 1706 1822 1736 cmlis.

1036 1755 1062 1777 et
1076 1751 1101 1778 ei
1127 1750 1177 1777 soli
1194 1750 1340 1781 servimus,
1355 1751 1401 1784 qui
1424 1755 1515 1785 potest
1530 1759 1630 1786 corpus
1656 1757 1682 1778 et
1705 1751 1822 1778 animam

1035 1795 1166 1822 damnare
1183 1795 1246 1829 igne
1259 1795 1391 1822 atterno‘.
1408 1795 1448 1822 Ad
1478 1796 1534 1822 lucc
1551 1804 1598 1823 rex
1612 1803 1618 1822 :
1635 1796 1689 1830 Ego
1705 1803 1823 1830 qumque.

1037 1841 1135 1875 inquit,
1150 1841 1211 1868 volo
1230 1848 1277 1868 vos
1303 1849 1388 1868 unum
1419 1841 1506 1869 solum
1535 1841 1619 1868 Deum
1646 1841 1770 1868 adorare.
1792 1841 1824 1868 Et

1036 1887 1181 1921 quomodo,
1201 1887 1328 1913 dixerunt
1346 1891 1488 1922 martyres,
1507 1895 1555 1914 nos
1575 1887 1655 1922 jnbes
1673 1887 1697 1913 ei
1721 1887 1823 1914 sacriﬁ’

1037 1933 1118 1960 care!
1139 1932 1190 1964 Me,
1215 1932 1314 1966 inquit,
1345 1937 1490 1967 sequentes
1515 1932 1605 1964 facile,
1624 1932 1760 1966 quomodo
1781 1940 1823 1958 tne

1038 1977 1160 2004 videritis
1179 1976 1335 2004 facientem.
1349 1977 1401 2004 Sed
1415 1982 1442 2003 tu
1462 1977 1583 2011 quidem,
1600 1976 1727 2003 dixerunt
1751 1983 1822 2001 mar-

1038 2026 1123 2057 tyres,
1147 2022 1232 2050 facies
1258 2023 1328 2050 sicut
1351 2023 1404 2049 scis
1424 2030 1430 2047 :
1447 2030 1498 2048 nos
1511 2026 1601 2049 autem
1618 2029 1712 2048 rursus
1726 2028 1822 2048 conse-

1038 2073 1153 2103 quenter
1166 2068 1307 2102 faciemus,
1328 2073 1358 2095 ut
1369 2068 1525 2095 didicimus.

1073 2201 1117 2228 IX.
1135 2201 1298 2228 llislmtatns
1314 2207 1361 2227 rex
1377 2209 1384 2228 :
1400 2200 1434 2227 Et
1450 2208 1500 2228 cur
1513 2201 1574 2231 hoc,
1591 2200 1688 2234 inquit,
1704 2207 1758 2226 non
1776 2200 1821 2226 ditt

1039 2250 1102 2273 ante
1127 2245 1242 2275 fecistis.
1258 2245 1305 2272 sed
1333 2252 1376 2272 me
1396 2245 1522 2280 coegistis
1545 2245 1577 2271 ad
1605 2244 1669 2276 hoc,
1683 2244 1755 2278 quod
1783 2249 1824 2270 est

1038 2297 1137 2328 praeter
1169 2295 1304 2322 naturam.
1323 2295 1352 2318 ut
1380 2291 1406 2318 in
1430 2298 1477 2318 vos
1502 2291 1655 2322 inveherer,
1685 2291 1730 2324 qui
1758 2290 1825 2317 estis

1040 2338 1105 2364 mihi
1127 2336 1301 2364 charissimi?
1316 2336 1388 2370 quod
1412 2336 1516 2362 utinam
1540 2344 1593 2362 nott
1611 2335 1753 2362 fecissent!
1773 2334 1825 2361 Vos

1040 2388 1130 2410 tamen
1148 2386 1276 2416 tanquam
1300 2382 1367 2416 patri
1393 2382 1438 2408 lilii
1455 2382 1596 2416 ignoseite,
1613 2381 1658 2416 qui
1682 2389 1728 2407 vos
1744 2381 1826 2407 casti-

1040 2429 1129 2463 gando
1148 2433 1310 2455 convertere
1333 2433 1442 2455 coactus
1456 2435 1516 2454 sum
1540 2428 1621 2454 etiam
1645 2432 1742 2461 prceter
1765 2434 1828 2452 sen-

1043 2474 1166 2501 tentiam.
1184 2473 1230 2500 llis
1244 2474 1333 2505 (lictis,
1355 2481 1463 2500 currum
1486 2472 1645 2500 conscendit
1662 2481 1668 2498 :
1686 2478 1713 2498 et
1734 2479 1827 2498 arcer-

1042 2520 1105 2547 sivit
1120 2524 1238 2553 sanctos,
1259 2525 1289 2547 ut
1302 2527 1363 2547 cum
1387 2520 1445 2555 ipso
1465 2520 1648 2546 considerent.
1662 2518 1700 2544 llli
1723 2522 1825 2550 autem,

1041 2566 1135 2593 Absit!
1152 2567 1288 2598 dixerunt,
1305 2574 1322 2593 ο
1337 2574 1393 2598 rex,
1414 2570 1442 2593 ut
1461 2574 1510 2592 nos
1526 2573 1558 2592 eo
1580 2566 1759 2600 procedamus
1779 2564 1826 2590 de-

1042 2611 1159 2643 mentiae.
1186 2616 1216 2638 ut
1241 2617 1328 2639 tecum
1352 2611 1501 2638 audeamus
1523 2610 1675 2642 considere,
1704 2613 1730 2636 et
1754 2613 1825 2635 tuam

1042 2657 1192 2692 potentiam
1209 2662 1282 2685 tanta
1298 2657 1406 2684 aﬂ‘tcere
1423 2655 1598 2683 contumelia.
1617 2655 1669 2682 Sed
1685 2663 1736 2689 qua
1750 2662 1764 2682 τι
1781 2662 1826 2681 νο-

1044 2703 1094 2734 bis,
1115 2702 1213 2737 inquit,
1235 2703 1336 2730 alliciar
1357 2701 1541 2730 contumelia?
1559 2709 1590 2728 ea
1607 2706 1650 2728 est
1672 2701 1737 2728 mihi
1752 2705 1828 2734 opta—

1044 2748 1122 2777 bilior
1137 2753 1163 2775 et
1180 2748 1265 2783 pluris
1283 2748 1416 2780 facienda,
1427 2755 1507 2782 quam
1524 2748 1610 2774 honor
1624 2747 1737 2774 aliorum
1758 2746 1826 2773 Cum
