2039 3155
202 145 235 176 ει

205 209 288 234 ματος
307 200 464 236 ἐκπλαγεὶς,
481 201 575 236 Μέγας
590 203 604 228 ὸ
629 202 695 234 Θεὸς
718 204 773 230 τῶν
797 203 979 238 Χριστιανῶν,
995 207 1016 234 Α

203 246 351 281 ἀνεϐόησε·
372 248 535 282 Χριστιανόν
558 256 588 274 τε
615 249 713 275 ἑαυτὸν
741 249 906 284 ἀνεκήρυξε,
937 250 984 277 καὶ

204 291 272 326 πρὸς
293 293 339 318 τδν
361 293 511 327 τύραννον·
532 293 675 327 Ὧμὸτατε,
702 295 823 329 εἴρηκεν,
842 295 895 326 ἕως
912 295 985 327 τίνος

202 337 258 368 τοῖς
277 338 470 373 προστάγμασι
484 346 532 364 σου
545 339 727 374 κατατρύχεις
740 339 825 374 ἡμᾶς,
842 340 983 374 ἀνηνύτοις

202 382 352 416 ἐπιχειρεῖν
364 382 608 418 διακελευόμενος;
629 383 718 418 Ἦμᾶς
731 384 785 419 γὰρ
803 385 904 419 μᾶλλον
922 387 985 417 τοὺς

203 425 246 452 σοὶ
261 427 384 458 εἴκοντας
399 426 414 462 ἢ
429 428 492 459 τοὺς
507 428 554 455 τοῦ
570 429 689 464 Χριστοῦ
708 429 850 465 μάρτυρας
864 430 984 465 πάσχον-

203 479 251 503 τας
268 472 388 506 ὁρῶμεν.
407 472 437 499 '0
451 474 479 500 δὲ
493 473 626 508 τύραννος
642 474 682 509 τῷ
697 475 789 510 ἀθρόῳ
802 475 850 510 τῆς
866 476 984 510 μεταϐο-

203 515 252 550 λῆς
272 509 355 544 αύτοῦ
383 518 586 554 διαταραχθεὶς,
604 520 722 555 κρύπτει
743 509 793 555 μέν
814 509 877 556 παρ’
896 521 985 556 ἑαυτῷ

203 561 252 595 τὴν
271 561 355 597 ὀργήν
371 570 380 578 ⁸
407 564 549 598 πραότητα
573 565 602 591 δὲ
633 565 817 600 ὑποκριθεὶς,
845 567 914 601 πρὸς
938 567 986 594 τὸν

209 608 351 641 ’Δφθόνιον
373 609 462 644 (τοῦτο
482 610 537 645 γὰρ
556 608 590 645 ἧν
609 611 695 645 ὄνομα
717 610 983 647 τῷ’πιστεύσαντι)·

203 654 331 689 Φώνησον
346 656 454 688 αὐτοὺς,
474 655 536 690 ἔφη,
552 657 645 691 τάχιον
661 657 714 683 τῶν
730 658 854 692 λεΰήτων
873 658 986 691 ὑπεξελ-

204 699 272 726 θεῖν.
287 700 318 726 Ol
333 699 361 726 δὲ
377 700 441 726 σῶοι
462 701 590 736 καθάπερ
603 703 635 728 ἐκ
651 702 765 737 χωνείας
778 703 878 738 χρυσὸς
905 704 985 736 εὐθὺς

204 744 360 778 ἀναδύντες,
378 746 417 781 τῷ
434 746 540 781 βασιλεῖ
557 748 742 783 παρέστησαν.
763 748 793 774 '0
819 749 910 783 μέντοι
925 757 986 783 γεν-

203 791 278 822 ναῖος
303 790 453 824 ’Λςςθόνιος,
480 792 511 818 τὸ
539 793 603 828 περὶ
627 793 676 828 τὴν
699 793 827 820 ἀσέϐειαν
852 794 986 828 νεοπαγὲς

203 833 298 870 ὥσπερ
323 836 513 871 ὲπικρατύνων
527 844 534 852 °
556 838 679 865 Γνωστὸν
707 837 776 865 ἔστω
793 847 845 871 σοι,
863 839 985 874 βασιλεῦ,

202 880 317 914 ἔφηὸτι
333 880 378 907 τὸν
391 881 457 908 Θεὸν
471 881 500 908 ὃν
515 883 675 917 Χριστιανοὶ
692 883 813 915 σέσουσι,
829 884 985 919 προσκυνῶ,

202 924 248 949 καὶ
263 924 337 959 αὐτῷ
354 925 427 960 μόνῳ
442 925 576 962 λατρεύω,
586 928 633 954 καὶ
645 927 751 959 τούτοις
766 929 885 962 ἐμαυτὸν
900 936 987 963 προσ-

201 969 297 1005 τίθημι
320 971 378 1002 τοῖς
395 971 494 1004 ἀγίοις.
515 971 543 999 '0
563 972 591 999 δὲ
615 973 646 1000 τὺ
669 973 729 1000 λίαν
752 973 882 1009 εὔτολμον
904 975 986 1001 αὑτοῦ

202 1016 248 1041 καὶ
266 1018 548 1052 πεπαρῤησιασμένον
566 1020 763 1053 καταπλαγεὶς,
782 1020 916 1055 Θεραπεία
941 1021 987 1047 καὶ

201 1061 289 1094 τιμῶν
304 1062 482 1096 ὑποσχέσεσιν
499 1065 687 1098 ἐπαγαγέσθαι
701 1066 803 1099 μᾶλλον
818 1065 899 1091 αὐτὸν
913 1066 988 1091 ἐπει-

203 1106 279 1139 ρᾶτο,
302 1106 373 1138 Ἑγὼ
400 1115 453 1139 σοι,
480 1107 579 1140 λέγων,
606 1109 654 1143 τῆς
678 1110 808 1143 τοιαύτης
836 1110 987 1145 μεταὸολῆς

203 1151 336 1184 κατέστην
359 1151 455 1182 αἴτιος,
476 1152 522 1178 ἐπὶ
545 1153 629 1178 πολὺν
659 1153 708 1188 ήδη
733 1155 779 1180 τὸν
797 1156 893 1188 χρόνον
913 1156 941 1182 ἐν

202 1194 312 1226 τέταξαι
337 1195 484 1230 στρατείᾳ,
519 1197 689 1230 καταλιπὼν,
711 1200 758 1225 καὶ
791 1199 828 1233 μὴ
856 1200 987 1234 μειζόνων

202 1240 323 1272 ἀξιώσας
340 1241 426 1275 τιμῶν
437 1249 444 1256 ·
469 1242 526 1268 ἀλλ’
541 1243 569 1268 εἴ
583 1251 609 1269 τι
622 1245 669 1270 καὶ
687 1244 768 1278 μέχρι
784 1245 831 1271 τοῦ
851 1246 899 1271 νῦν
913 1246 988 1272 ἐλλε-

201 1285 348 1320 λοίπαμεν,
363 1286 560 1322 ἀναπληρῶσαι
589 1288 787 1321 σπουδάσομεν.
805 1289 898 1323 Μηδὲν
922 1290 987 1323 γοῦν

202 1330 430 1366 ὑποστειλάμενος
444 1351 452 1363 ,
474 1332 535 1357 εἰπὲ
551 1332 622 1363 τινος
636 1332 691 1358 τῶν
707 1331 872 1368 ἀξιωμάτων
891 1335 986 1370 όρέγῃ,

201 1376 278 1402 οὐδὲν
296 1377 351 1411 γὰρ
366 1377 396 1402 τὸ
413 1377 546 1412 παράπαν
560 1378 628 1413 πρὸς
641 1378 695 1414 τὴν
705 1379 814 1414 αἴτησιν
840 1379 986 1406 ἀνανεύσοσ

204 1429 264 1454 μεν.
289 1421 317 1448 ’0
343 1422 372 1448 δὲ
397 1422 443 1448 τοῦ
473 1423 591 1458 Χριστοῦ
624 1412 765 1455 νιό).έκτος
804 1424 985 1460 στρατιώτης,

209 1466 286 1500 Ἐμοὶ
310 1467 401 1499 πόθος,
424 1465 512 1499 εἶπεν,
528 1465 551 1494 ὦ
567 1467 689 1502 βασιλεῦ,
710 1469 856 1504 στρατείαν
883 1470 985 1503 λαδείν,

203 1512 312 1566 ἠνιοὺκ
334 1513 416 1566 αύτος
433 1511 457 1539 εἶ
473 1513 586 1545 δυνατὸς
609 1515 775 1549 παρασχεῖν,
797 1515 855 1541 ἀλλ’
873 1516 888 1541 ὁ
907 1515 986 1549 μόνος
999 1538 1020 1566 c

202 1558 335 1590 ἀθάνατος
353 1558 492 1593 βασιλεὺς,
508 1559 536 1591 ὃς
552 1559 704 1592 ἀθανάτους
733 1559 787 1587 οἶδε
802 1561 849 1587 καὶ
868 1561 917 1592 τὰς
936 1562 987 1588 δω-

205 1605 269 1638 ρεὰς
293 1605 461 1639 χαρίζεσθαι.
486 1606 663 1640 Καταμαϐὼν
687 1604 733 1633 οὖν
751 1608 800 1642 τῆς
816 1607 899 1634 αὑτοῦ
918 1607 986 1642 γνὼ-

205 1658 270 1684 μης,
293 1650 323 1676 τὸ
346 1651 466 1686 ἀῤῥαγές
489 1659 518 1677 τε
543 1651 589 1678 καὶ
619 1652 797 1686 ἀμετάθετον,
814 1653 894 1684 εὐθὺς
912 1654 986 1688 σὺτῷ

203 1696 248 1722 τὸν
265 1695 309 1722 διὰ
326 1696 420 1730 ξίφους
438 1697 634 1732 ὲπιψηφίζεται
654 1697 778 1730 Θάνατον,
795 1700 824 1725 ὲν
852 1701 987 1734 τιμωρίας

205 1741 284 1775 μέρει
306 1761 312 1772 ,
339 1743 372 1767 τὰ
396 1742 576 1768 εὐκταιότατα
599 1743 790 1778 χαρισάμενλς.
828 1745 875 1774 ’ος
903 1744 988 1778 ἡδέως

204 1786 307 1821 σφόδρα
331 1786 478 1821 δεξάμενος
497 1787 547 1822 τὴν
565 1787 702 1822 ἀπόφασιν
715 1796 722 1803 ·
743 1789 905 1824 Εύμριστῶ
933 1798 984 1821 σοι,

203 1830 292 1864 εἶπεν,
310 1833 405 1867 Κύριε,
421 1834 463 1860 ὅτι
487 1834 596 1865 ἀνάξιον
613 1834 678 1861 ὄντα
704 1835 800 1867 σώζεις
824 1844 870 1870 με,
891 1835 936 1862 διὰ
958 1836 988 1862 τὸ

203 1879 271 1906 πολύ
303 1887 350 1906 σου
371 1881 418 1907 καὶ
448 1880 595 1916 ἀδιήγητον
619 1881 703 1914 ἔλεος.

203 1926 292 1960 ἅγιον,
307 1926 353 1953 νῦν
367 1927 415 1954 καὶ
433 1928 472 1958 είς
487 1929 532 1954 τδν
546 1927 642 1954 ἔπειτα
656 1928 751 1955 αἰῶνα.
773 1929 869 1963 Ἀμήν.

237 1973 289 2000 IB'.
305 1974 372 2001 Εἶτα
396 1975 464 2010 πρὸς
492 1976 554 2006 τοὺς
576 1976 672 2009 ἁγίους
698 1976 890 2010 ἐπιστραφεὶς,
917 1977 988 2010 Ἐγὼ

204 2020 253 2054 μὲν
269 2020 329 2055 ἤδη,
344 2020 435 2056 κύριοί
452 2030 502 2056 μου
519 2021 682 2056 ποθούμενοι
696 2022 744 2047 καὶ
769 2021 908 2054 δεσπόται,
934 2031 987 2057 φη-

203 2067 255 2097 σὶν,
276 2067 326 2101 τὴν
351 2068 536 2102 προκειμένην
564 2067 685 2094 ὀδεὺσων
701 2068 810 2102 ἄπειμι.
836 2067 938 2102 Δέομαι
959 2068 987 2094 δὲ

202 2111 253 2144 τῆς
269 2112 428 2146 συμπαθοῦς
443 2113 520 2148 ὑμῶν
538 2114 586 2140 καὶ
609 2112 801 2148 φιλανθρώπου
816 2113 919 2147 ψυχῆς,
948 2113 986 2149 μὴ

205 2157 410 2192 μνησιγακῆσαί
428 2167 485 2193 μοι,
502 2156 539 2186 ὧν
555 2160 595 2189 είς
609 2159 682 2194 ὑμᾶς
707 2158 812 2194 ἔπραξα
838 2159 985 2194 κελευόμε-

203 2212 259 2234 νος,
273 2203 402 2238 δεηθῆναι
417 2205 445 2231 δὲ
462 2205 564 2240 μᾶλλον
579 2206 649 2240 ὑπὲρ
668 2205 735 2239 ἐμοῦ
763 2205 810 2232 τοῦ
836 2205 985 2232 κοινοῦδε-

203 2249 314 2282 σπότου,
336 2250 460 2285 εὐμενῶς
477 2260 521 2286 μοι
539 2250 588 2277 καὶ
614 2252 691 2283 ἰλέως
715 2252 857 2286 προσχεῖν,
880 2251 928 2278 καὶ
949 2251 986 2286 μὴ

202 2295 318 2330 χωρίσαι
345 2304 379 2330 με
405 2296 454 2331 τῆς
477 2296 553 2331 ὑμῶν
576 2297 694 2332 μερίδος.
721 2297 791 2332 Πρὸς
815 2297 844 2323 ὃν
864 2297 890 2324 οἱ
914 2297 987 2331 ἅγιοι

205 2341 353 2376 μάρτυρες,
374 2342 519 2376 Εὑθυμῶν,
536 2339 627 2374 εἶπον,
643 2341 752 2374 ἀδελφὲ,
771 2340 820 2376 τὴν
849 2341 988 2376 μακαρίαν

202 2385 261 2412 ὸδδν
280 2387 420 2421 πορεύου·
449 2386 585 2421 μακάριος
613 2385 668 2420 γὰρ
693 2383 719 2411 εἴ
742 2385 792 2420 τῆς
820 2385 987 2420 ἀποδημίας.

203 2427 307 2457 ἀνθ’ὦν
323 2431 371 2457 καὶ
383 2430 490 2465 πρῶτος
504 2430 582 2465 ἡμῶν
604 2431 636 2465 τῇ
651 2430 807 2465 ποθουμένη
824 2430 989 2465 παραστήσῃ

204 2476 309 2510 Τριάδι,
326 2477 373 2504 καὶ
393 2477 441 2504 τοῦ
470 2476 516 2503 σοῦ
540 2477 664 2510 καμάτου
687 2476 760 2511 λήψῃ
784 2476 834 2507 τὰς
857 2474 987 2510 ἀμοιϐὰς,

205 2521 294 2554 φωτὸς
319 2522 428 2549 αίωνίου
456 2522 503 2549 καὶ
536 2522 621 2548 ἀϊδίου
652 2521 733 2556 δόξης
760 2520 986 2555 καταξιούμενος.

206 2566 288 2593 Ὅθεν
311 2567 392 2598 αὐτὸς
417 2568 517 2602 μᾶλλον
540 2568 665 2603 μέμνησο
692 2568 746 2594 τῶν
775 2567 925 2599 συνὶθλων,
942 2567 989 2593 καὶ

205 2612 359 2647 ὑπερεύχου
383 2612 413 2639 τδ
442 2614 535 2640 λεῖπον
562 2613 610 2640 τοῦ
644 2613 752 2649 ἀγῶνος
781 2613 988 2648 ἀνεμποδίστως

203 2660 279 2694 ἡμᾶς
292 2659 457 2691 ἀνύσαντας,
476 2659 529 2686 τῶν
544 2659 633 2686 αὐτῶν
649 2667 690 2686 σοι
709 2658 856 2694 βραῦείων,
876 2658 924 2685 καὶ
939 2658 988 2693 τῆς

204 2706 265 2740 ῐσης
281 2704 431 2739 ἀξιωθῆναι
447 2703 560 2738 λήξεως.
577 2703 669 2731 Ταῦτα
683 2704 739 2731 τῶν
753 2704 838 2738 ἀγίων
857 2704 989 2730 εἰπόντων

205 2749 363 2785 περιχυθεὶς
376 2751 468 2780 αὐτοῖς
485 2751 499 2776 ὸ
517 2749 588 2781 Θεῖος
604 2750 754 2783 Ἀιρθόνιος,
771 2751 816 2776 καὶ
832 2750 888 2781 τοῖς
899 2748 989 2775 αὐτῶν

207 2796 355 2831 τραχήλοις
384 2797 415 2822 τὸ
429 2795 476 2822 τοῦ
493 2795 574 2821 πίθου
591 2795 708 2831 δάκρυον
727 2795 888 2827 ὲπιστάξας,
904 2794 988 2829 ἡδέως

205 2844 238 2870 τὰ
252 2844 364 2871 ἐκείνων
381 2845 449 2880 μέλη
469 2843 722 2878 mummium/0;,
746 2846 794 2880 τὴν
813 2844 857 2870 in?
873 2843 987 2870 θὲνατον

625 147 861 178 MARTYRIUM
881 147 911 176 S.
934 147 1116 178 ACINDYNI
1138 149 1185 177 ET
1204 149 1406 179 SOCIORUNI.

1785 145 1823 177 22

1034 203 1158 237 pcfactus
1175 204 1340 238 spectaculo,
1358 204 1519 232 exclamavit
1537 213 1543 232 :
1565 203 1677 240 Magnus
1696 207 1737 231 est
1749 202 1821 231 Deus

1037 247 1265 275 Christianorum.
1282 248 1315 275 Et
1339 251 1454 283 tyranno
1477 249 1597 276 dixit:0
1621 249 1820 276 crudelissime-

1037 301 1178 328 quousque
1194 293 1247 320 tuis
1260 293 1344 327 jussis
1361 300 1410 319 nos
1426 300 1515 323 vexas.
1531 293 1628 328 iubens
1650 301 1700 320 nos
1713 293 1821 328 aggredi

1038 346 1079 370 ea.
1095 346 1156 373 quae
1164 343 1227 366 sunt
1239 338 1363 365 inutilia?
1379 337 1433 364 Nos
1455 339 1538 370 enim,
1558 339 1603 373 qui
1619 339 1668 366 tibi
1683 339 1818 368 cedimus.

1037 385 1160 412 videmus
1175 384 1229 419 pati
1245 383 1346 419 potius.
1359 391 1439 417 quam
1450 383 1549 410 Christi
1565 389 1704 418 martyres.
1717 384 1822 418 Tyran-

1039 437 1089 458 nus
1107 435 1198 457 autem
1224 429 1402 457 conturbatus
1420 429 1561 463 repentina
1578 429 1637 463 eius
1659 430 1819 461 mutatione,

1038 475 1105 502 iram
1127 475 1235 510 quidem
1262 475 1333 510 apud
1358 483 1388 502 se
1415 475 1493 506 celat,
1512 474 1558 502 sed
1582 474 1817 501 mansuetudinem

1038 521 1169 549 simulans
1187 520 1258 556 apud
1273 521 1459 556 Aphthonium
1476 521 1538 555 (hoc
1555 520 1628 547 enim
1645 523 1704 546 erat
1722 526 1820 545 nomen

1038 567 1074 597 ei.
1088 566 1134 600 qui
1149 566 1310 600 crediderat)
1323 574 1330 592 :
1346 565 1415 592 Jube
1427 573 1486 596 eos,
1500 565 1600 599 inquit,
1613 563 1668 591 cito
1682 563 1772 598 egredi
1789 571 1822 590 ex

1039 610 1182 639 lebetibus.
1203 611 1241 638 Illi
1253 618 1316 637 Vero
1327 610 1403 643 salvi,
1420 617 1475 637 non
1491 616 1569 637 secus
1584 614 1666 644 atque
1678 615 1774 634 aurum
1788 615 1821 634 ex

1039 656 1158 689 fornace,
1173 660 1286 690 repente
1305 659 1474 689 emergentes
1494 658 1670 681 accesserunt
1687 653 1719 680 ad
1735 652 1822 686 impe-

1040 706 1169 728 ratorem.
1200 701 1331 736 Egregius
1362 705 1453 727 autem
1483 699 1664 734 Aphthonius,
1698 703 1823 724 recenter

1039 753 1208 784 compactam
1234 747 1312 775 fidem
1337 747 1419 774 veluti
1447 745 1612 773 conﬁrmans
1628 754 1634 772 :
1651 743 1749 771 Notum
1775 743 1823 770 tibi

1039 795 1084 825 sit.
1103 794 1203 828 inquit,
1219 802 1235 820 ο
1251 801 1309 823 rex,
1325 792 1396 827 quod
1414 792 1497 818 Deum
1523 791 1617 822 adoro,
1635 796 1716 824 quem
1732 788 1823 815 colunt

1040 839 1197 873 Christiani,
1214 843 1241 867 et
1257 839 1282 866 ei
1302 838 1352 866 soli
1370 838 1514 869 servio,'et
1535 844 1578 863 me
1595 837 1636 862 his
1661 835 1764 861 sanctis
1775 833 1823 860 ad-

1000 877 1024 907 B
1036 887 1130 922 jungo.
1143 886 1189 913 Ille
1203 890 1294 913 autem
1311 892 1408 920 magna
1420 885 1479 920 eius
1495 883 1608 911 audacia
1620 885 1648 909 et
1663 880 1759 908 fiducia
1774 879 1823 906 ob-

1038 932 1215 967 stupefactus,
1239 932 1317 959 bonis
1344 930 1434 959 verbis
1463 934 1492 957 et
1521 929 1654 956 bonorum
1682 925 1823 961 promissis

1037 984 1100 1004 eum
1125 977 1275 1004 conabatur
1298 975 1388 1011 potius
1409 975 1547 1006 inducere,
1569 973 1686 1000 dicens:
1707 971 1759 1005 Ego
1775 969 1822 996 tibi

1038 1029 1117 1049 causa
1133 1022 1170 1048 fui
1183 1022 1264 1056 hujus
1279 1020 1448 1053 mutationis,
1462 1019 1508 1055 qui
1522 1024 1548 1047 te
1564 1018 1666 1046 tamdiu
1683 1016 1778 1050 reliqui
1795 1015 1822 1041 in

1038 1075 1080 1098 ea,
1094 1067 1121 1093 in
1142 1074 1195 1101 qua
1216 1067 1289 1094 fuisti
1312 1067 1472 1098 collocatus,
1485 1064 1590 1096 militia,
1606 1068 1633 1090 et
1648 1071 1700 1089 non
1722 1069 1782 1088 sum
1796 1065 1823 1087 te

1038 1112 1186 1146 majoribus
1211 1111 1338 1146 dignatus
1362 1110 1528 1141 honoribus;
1545 1109 1592 1135 sed
1606 1108 1627 1134 si
1642 1107 1705 1141 quid
1721 1106 1822 1132 hucus-

1037 1164 1090 1191 que
1106 1156 1267 1188 defecimus,
1290 1155 1316 1182 id
1330 1155 1385 1189 jam
1410 1153 1523 1188 implere
1546 1151 1726 1179 studebimus.
1749 1149 1821 1176 Nihil

1038 1208 1101 1236 ergo
1119 1201 1231 1231 veritus,
1245 1200 1288 1227 die
1303 1200 1397 1230 libere,
1407 1205 1539 1233 quasnam
1557 1196 1650 1231 cupias
1666 1195 1820 1230 dignitates,

1039 1251 1111 1272 tuam
1126 1246 1198 1273 enim
1215 1245 1374 1279 petitionem
1399 1250 1570 1278 nequaquam
1594 1241 1706 1269 omnino
1722 1247 1822 1266 renue-

1037 1297 1108 1318 mus.
1127 1291 1148 1316 Δ
1161 1290 1268 1316 Christo
1285 1294 1375 1316 autem
1404 1296 1501 1315 recens
1524 1288 1626 1315 electus
1643 1286 1731 1317 miles,
1748 1284 1821 1310 Desi-

1037 1335 1112 1367 dero,
1133 1334 1233 1368 inquit,
1251 1341 1268 1360 ο
1291 1340 1347 1364 rex,
1365 1341 1424 1359 eam
1441 1332 1566 1366 accipere
1590 1331 1724 1361 militiam,
1741 1335 1821 1363 quam

1038 1381 1095 1414 ipse
1106 1387 1162 1406 non
1177 1383 1256 1414 poles
1272 1378 1393 1412 praebere
1407 1386 1413 1404 :
1428 1377 1474 1403 sed
1493 1377 1566 1403 solus
1582 1383 1627 1402 rex
1647 1373 1819 1404 immortalis,

1037 1425 1082 1460 qui
1101 1425 1152 1452 scit
1172 1425 1253 1452 etiam
1269 1425 1339 1451 dona
1365 1423 1457 1458 largiri
1480 1420 1653 1448 imtnortalia.
1667 1419 1735 1446 Cum
1756 1425 1820 1453 ergo

1037 1472 1096 1506 ejus
1112 1472 1215 1499 ﬁrmam
1232 1476 1258 1498 et
1273 1471 1399 1498 stabilem
1416 1468 1554 1496 didicisset
1569 1466 1744 1497 sententiam,
1758 1471 1818 1491 eum

1037 1517 1126 1544 statim
1156 1517 1318 1543 condemnat
1335 1521 1364 1542 ut
1379 1515 1403 1542 ei
1422 1519 1505 1549 caput
1524 1513 1639 1540 feriatur
1650 1511 1749 1546 gladio,
1771 1517 1820 1544 pro

1037 1563 1173 1598 supplicio
1191 1570 1222 1590 ea
1237 1562 1359 1598 largitus,
1377 1568 1437 1596 quae
1457 1564 1535 1587 erant
1557 1559 1581 1586 ei
1597 1557 1713 1584 maxime
1725 1561 1822 1590 optan-

1038 1611 1080 1636 da.
1097 1608 1150 1641 Qui
1167 1616 1226 1635 eum
1249 1608 1375 1634 lubenter
1394 1614 1454 1633 eam
1470 1604 1618 1638 accepisset
1634 1601 1798 1641 sente‘ntiam
1813 1609 1819 1626 :

1037 1655 1094 1690 Ago
1111 1654 1156 1680 tibi
1180 1654 1292 1687 gratias,
1309 1652 1407 1687 inquit,
1425 1650 1549 1680 Domine,
1562 1648 1633 1683 quod
1654 1654 1698 1674 me
1717 1652 1819 1677 servas,

1037 1700 1083 1734 qui
1102 1708 1162 1727 sum
1174 1699 1312 1733 indignus,
1330 1702 1441 1732 propter
1456 1702 1579 1731 magnam
1597 1699 1670 1721 tuam
1684 1697 1711 1720 et
1728 1691 1821 1718 inetia-

1038 1746 1119 1773 bilem
1136 1745 1358 1773 misericordiam.
1373 1744 1516 1778 Propterea
1537 1740 1626 1768 anima
1643 1746 1702 1766 mea
1717 1743 1743 1765 te
1762 1737 1821 1764 lau-

1039 1791 1125 1824 dabit,
1140 1796 1166 1818 et
1187 1798 1286 1818 nomen
1310 1795 1434 1818 sanctum
1459 1793 1535 1815 tuum
1559 1785 1732 1822 gluriﬁcabit,
1748 1791 1822 1810 nunc

1041 1841 1068 1864 et
1086 1836 1113 1863 in
1127 1837 1237 1864 smcula.
1252 1838 1348 1864 Amen.

747 1883 797 1909 Διά
831 1882 908 1909 τοῦτο
920 1883 981 1917 ⁵καὶ
1006 1884 1024 1918 η
1043 1884 1115 1920 ψυχή
1138 1892 1187 1919 μου
1208 1885 1310 1911 αἰνέσει
1327 1892 1368 1917 σε,
1386 1884 1432 1910 καὶ
1449 1884 1478 1909 τὸ
1492 1881 1578 1916 ὄνομα
1593 1889 1640 1907 σου
1656 1879 1764 1911 δοξάσει
1791 1878 1820 1903 τὸ

1073 1978 1131 2005 ΧΠ.
1153 1977 1256 2005 Deinde
1270 1976 1304 2004 ad
1316 1981 1424 2004 sanctos
1441 1981 1590 2002 conversus
1603 1983 1609 2000 :
1628 1973 1683 2008 Ego
1696 1968 1818 2006 qdidem,

1039 2023 1137 2057 inquit,
1158 2031 1175 2050 o
1194 2022 1295 2050 domini
1313 2023 1364 2048 mei
1378 2021 1483 2052 dilecti,
1499 2020 1637 2055 ingredior
1652 2019 1734 2045 vitam
1750 2017 1817 2043 mihi

1039 2068 1214 2103 propositam.
1233 2069 1308 2103 Rogo
1325 2072 1414 2094 autem
1431 2072 1548 2094 vestram
1564 2065 1709 2098 benignam
1727 2067 1754 2090 et
1768 2063 1819 2089 mi-

1038 2114 1203 2141 sericordem
1233 2114 1361 2144 animam,
1387 2120 1422 2139 ne
1437 2110 1618 2138 recordemini
1642 2115 1738 2136 eorum
1759 2115 1820 2141 qua:

1035 2160 1127 2194 jussus
1150 2160 1176 2186 in
1204 2168 1252 2186 vos
1275 2159 1348 2186 feci:
1374 2158 1466 2192 politis
1489 2164 1553 2182 vero
1582 2157 1632 2189 'pro
1653 2161 1696 2181 me
1719 2153 1819 2187 rogetis

1001 2197 1025 2225 ί)
1039 2213 1210 2233 communem
1226 2205 1383 2234 Dominum,
1400 2207 1430 2229 ut
1446 2203 1482 2230 sit
1495 2202 1560 2228 mihi
1575 2203 1694 2229 clemens
1707 2206 1734 2228 et
1755 2208 1819 2235 pro-

1039 2251 1133 2286 pitius,
1153 2255 1180 2277 et
1207 2258 1241 2277 ne
1265 2257 1308 2277 me
1331 2253 1437 2283 separet
1458 2256 1472 2275 a
1496 2252 1584 2274 vestra
1606 2247 1742 2282 portione.
1769 2246 1819 2273 Cui

1039 2293 1124 2320 sancti
1146 2297 1278 2328 martyres
1292 2291 1391 2319 :‘Bouo
1407 2292 1509 2324 animo,
1527 2291 1664 2322 dixerunt,
1687 2298 1703 2318 ο
1723 2290 1818 2320 frater.

1040 2339 1146 2366 beatam
1167 2339 1249 2366 vitam
1274 2338 1428 2374 ingredere.
1446 2338 1545 2365 Beatus
1569 2336 1642 2364 enim
1657 2343 1686 2363 es
1709 2340 1821 2370 propter

1041 2389 1117 2413 tuum
1131 2385 1284 2415 decessum,
1305 2384 1376 2419 quod
1398 2384 1503 2419 primus
1515 2388 1639 2410 nostrum
1656 2382 1761 2409 sisteris
1775 2389 1821 2408 co«

1039 2439 1097 2458 ram
1110 2435 1202 2465 optata
1218 2431 1361 2463 Trinitate,
1376 2434 1403 2458 et
1419 2430 1457 2457 tui
1474 2429 1576 2456 laboris
1590 2428 1706 2463 accipies
1729 2435 1820 2454 remu-

1038 2477 1203 2508 nerationes,
1234 2481 1362 2503 :eternam
1397 2476 1484 2502 lucem
1519 2481 1687 2509 consequens
1713 2478 1740 2500 et
1762 2473 1821 2507 glo-

1040 2523 1108 2550 riam
1132 2522 1337 2558 sempiternam.
1359 2523 1491 2555 Quorirca
1518 2526 1544 2548 tu
1570 2521 1660 2555 potius
1684 2524 1820 2546 memento

1041 2574 1150 2596 tuorum
1174 2569 1323 2601 sociorum,
1350 2574 1376 2595 et
1402 2576 1525 2603 precare,
1545 2571 1573 2593 ut
1597 2573 1658 2593 eum
1682 2564 1754 2598 quod
1773 2573 1820 2592 su-

1039 2617 1130 2648 perest
1143 2613 1303 2640 certaminis
1316 2612 1521 2647 perfecerimus,
1540 2611 1643 2643 absque
1662 2609 1716 2636 ullo
1733 2608 1820 2643 impe-

1039 2659 1161 2686 dimento
1175 2659 1280 2692 eadem,
1297 2666 1358 2693 quae
1379 2662 1419 2688 tu,
1439 2656 1549 2691 prmmia
1571 2660 1599 2682 et
1620 2655 1742 2682 eamdem
1764 2655 1821 2682 Μία

1040 2704 1176 2738 piscamur
1191 2704 1387 2731 haareditatem.
1410 2703 1471 2729 llzec
1483 2709 1544 2728 eum
1564 2701 1649 2728 sancti
1673 2700 1818 2732 dixissent,

1039 2751 1080 2778 eis
1103 2751 1211 2777 divinus
1239 2749 1422 2776 circumfusus
1457 2747 1618 2782 Apthonins.
1651 2754 1711 2773 cum
1737 2753 1765 2773 et.
1794 2746 1820 2772 in

1040 2805 1136 2824 eorum
1163 2795 1231 2822 colla
1260 2794 1389 2821 desiderii
1419 2793 1579 2820 eﬂ‘undisset
1617 2793 1762 2828 lacrymas,
1794 2797 1823 2819 et

1039 2842 1158 2877 jucunde
1177 2841 1284 2868 illorum
1302 2841 1422 2867 membra
1436 2846 1504 2867 esset
1525 2839 1674 2873 amplexus,
1699 2838 1819 2865 duecba‘
