2039 3155
181 126 216 156 2-5
588 123 824 155 MARTYRIUM
846 125 877 154 S.
899 125 1082 156 ACINDYNI
1103 127 1151 157 ET
1174 128 1380 161 SOCIORUM.
1766 135 1805 166 Ξίῦ

182 185 361 212 καθυλακτεῖν
375 184 493 219 δύναμαι
506 192 513 216 ;
531 183 585 210 Καὶ
601 184 615 210 ὀ
627 184 704 218 ἅγιος
722 185 806 220 Εἴπερ
821 182 868 211 οὖν
883 184 958 220 ἐργῶη

1019 187 1257 221 tyrannuszQuid
1283 191 1373 217 vero?
1400 192 1492 227 Egone
1520 193 1595 220 solus
1622 200 1731 228 possum
1759 195 1796 222 la-

180 232 224 263 δες
255 240 298 259 σοι
325 231 405 258 τοῦτο
432 232 515 263 δοκεῖ,
539 229 718 265 ἀπεκρίνατο,
744 230 776 257 ἔα
803 230 966 265 πορεύεσθαι

179 277 302 308 τούτους,
330 278 369 311 τῷ
387 277 521 312 θελήματι
546 277 585 312 τῷ
600 277 704 311 οἰκείῳ.
723 275 753 302 Ὀ
779 276 807 302 δέ
823 285 854 310 γι
878 277 967 304 πάντα

179 323 266 354 δεινος
294 323 454 358 Σαπώριις¹
484 323 555 350 Ἀλλ’
578 324 641 350 ὅσον
667 324 700 350 ὲκ
726 321 780 348 τῶν
800 321 887 355 λόγων
909 323 965 349 τῶν

181 369 236 395 σῶν
254 369 379 396 ὑπονοεῖν
395 369 484 400 δίδως,
501 370 597 403 φησὶν,
615 366 732 400 ἐκείνοις
756 367 857 403 μᾶλλον
874 368 965 402 φαίνει

180 415 388 449 προσκείμενος,
417 415 490 450 ήπερ
520 415 597 450 ήμτν.
628 415 713 450 Κοινῇ
739 415 794 449 γάρ
822 421 868 448 μοι
896 413 965 448 πρὸς

180 462 283 493 πάντας
304 465 458 496 ποιουμένῳ
474 461 537 491 Iob;
555 461 664 494 λόγους,
682 461 764 492 αὐτὸς
778 459 857 495 μόνος
870 459 966 486 anast—

179 509 232 540 δως
247 509 296 539 τὰς
310 508 485 542 ἀποκρίσεις,
500 508 547 533 καὶ
565 507 757 542 ἀτιμωρήτους
772 506 882 540 ἀφιέναι
902 505 965 538 τοὺς

179 552 304 584 ἀνοσίους
320 553 459 587 ὑποτίθης.

193 599 265 625 -IE’.
277 599 386 625 Τούτων
409 598 496 630 οὕτως
524 598 588 633 μεθ’
604 599 734 630 ὗπονοίας
760 598 897 634 ῥηθέντων
924 597 964 632 τῷ

179 643 324 679 Σαπωρεῳ,
336 646 349 671 ό
368 643 501 679 μακάριος
529 644 734 680 Ἐλπιδεςρὸρος,
753 644 862 679 Ἐπειδὴ
888 644 964 679 πρῶ-

178 689 224 720 τός
242 689 300 722 είμι
325 689 374 723 τῆς
400 689 554 724 συγκλήτου
579 688 689 723 βουλῆς,
707 689 771 723 ἔφη,
786 688 898 718 είκότως
915 696 962 722 μοι

179 734 290 760 καὶτῶν
304 734 477 769 ἀποκρίσεων
494 731 566 761 οὗτοι
583 733 790 769 παραχωροῦσι.
810 733 882 768 Πλὴν
896 733 963 760 ἀλλὰ

178 780 225 806 καὶ
246 780 323 806 αὐτοὶ
341 780 497 814 λεγέτωσαν
513 781 582 815 ὅπερ
605 780 638 806 ἂν
661 780 770 814 ἑκάστῳ
787 779 961 814 παριστάμε-

177 834 221 852 νον
237 823 265 862 ᾖ,
286 826 347 852 ἐπεὶ
360 826 408 852 καὶ
422 827 445 852 τ’
463 826 551 861 ἀληθῆ
569 825 658 860 βούλει
678 825 787 855 πάντως
800 825 924 858 ἀκούειν,
939 822 962 851 ὦ

178 871 300 906 βασιλεῦ.
322 869 369 903 Εἷς
383 872 411 898 δέ
426 879 468 903 τις
480 872 535 898 τῶν
561 871 764 906 συγκλητικῶν,
783 871 845 905 θείᾳ
868 870 961 905 χάριτι

177 917 227 951 τὴν
255 917 345 952 ψυχὴν
370 916 574 951 διαφωτισθεὶς,
594 917 650 943 Καὶ
680 917 707 942 τί
733 917 794 947 ταῖς
820 916 962 951 ἀληθείαις

178 962 346 997 θαυμαστὲν,
361 961 449 992 εἶπεν,
467 959 489 988 ὦ
504 962 626 996 βασιλεῦ,
641 962 664 988 εἰ
683 962 730 988 καὶ
743 961 792 995 τῆς
809 961 962 996 συγκλήτου

176 1007 344 1042 πρωτεύοντι
361 1007 400 1042 τῷ
419 1007 612 1041 Ἐλπιδιφόρῳ,
633 1007 679 1032 καὶ
697 1006 759 1040 μηδ’
779 1006 909 1032 ἁσύνετόν
923 1015 959 1037 τι,

178 1052 240 1087 μηδ’
259 1052 384 1086 ἀπρεπὲς
413 1052 622 1086 ἀποκρινομένῳ
642 1051 688 1077 τοῦ
716 1051 808 1084 λέγειν
831 1060 962 1085 παραχω-

177 1097 278 1132 ροῦμεν
291 1098 387 1131 ήμεῐς;
412 1096 442 1122 '0
467 1097 495 1122 δὲ
521 1095 648 1129 βασιλεὺς
680 1097 812 1130 φωράσας
836 1096 866 1122 τὸ
893 1095 962 1130 πρὸς

175 1142 303 1177 ἀλήθειαν
319 1141 359 1173 ὃν,
382 1142 438 1167 Οὐκ
465 1140 554 1173 ὀρθῶς
571 1141 697 1175 ἔχουσαν.
717 1138 788 1172 εῐπε,
811 1141 859 1175 τὴν
885 1141 962 1174 ὑμῶν

174 1188 305 1218 διάνοιαν,
322 1187 387 1221 περὶ
409 1187 439 1212 τὸ
453 1186 590 1221 ἡμέτερον
608 1186 709 1220 κράτος
733 1186 799 1221 ὁρῶ.
819 1186 961 1218 Φιλόλογος

173 1232 203 1259 δι
218 1241 260 1263 τις
273 1233 370 1266 ὄνομα,
388 1231 440 1265 τὴν
453 1231 563 1265 ήλικίαν
579 1231 723 1265 νεώτερος,
749 1231 796 1256 τὸν
815 1229 878 1257 νοῦν
901 1230 963 1262 ὀξύς

173 1285 266 1310 τατος,
284 1277 331 1303 τὸν
345 1277 426 1311 ζῆλον
451 1276 618 1311 θερμότατος
629 1284 637 1292 ο
653 1274 687 1302 Ὦ
704 1275 826 1310 βασιλεύ,
845 1277 959 1311 ἔφησεν,

141 1354 147 1361 ¹
174 1324 191 1358 ὴ
210 1323 299 1358 μάτην
309 1322 471 1357 ὲνσκήψασα
493 1323 600 1357 πονηρὰ
623 1321 684 1348 καθ’
700 1322 779 1357 ήμῶν
796 1322 909 1348 ὑπόνοια
925 1323 960 1356 τῇ

173 1367 247 1403 ψυχῇ
265 1375 323 1399 σου,
347 1368 398 1393 οὐκ
416 1367 455 1398 είς
479 1367 582 1400 ἀγαθὸν
606 1368 673 1402 ήμῑν
690 1367 838 1402 καταλήξει
859 1367 958 1402 πέρας.

173 1415 285 1449 Πλήρης
303 1414 356 1448 γὰρ
373 1413 489 1448 ὑποψίας
503 1412 528 1439 εἴ
543 1413 682 1439 ἀπώλειαν
703 1414 876 1447 καταγνῶναι
889 1415 958 1440 πάν-

171 1467 227 1486 των
259 1459 457 1493 διανοούμενος.
482 1458 511 1486 ’0
534 1459 562 1485 δὲ
588 1459 722 1494 τύραννος
745 1459 790 1486 ἐπὶ
812 1461 844 1494 τῇ
872 1459 959 1495 ἀθρόᾳ

1018 235 1091 259 trare
1106 233 1238 260 adversus
1252 233 1302 262 hos
1319 234 1440 270 impios?
1455 237 1572 265 Sanctus
1589 246 1654 266 vero
1682 246 1798 273 respon-

1017 277 1075 304 dit:
1093 277 1121 305 Si
1136 278 1189 306 hoc
1203 279 1251 306 tibi
1264 280 1373 308 videtur
1388 289 1533 317 operosum
1548 292 1580 311 ac
1590 284 1709 317 dimcile,
1725 285 1798 317 sine,

1016 323 1114 358 inquit,
1139 332 1186 352 eos
1213 333 1262 353 sua
1281 326 1358 354 abire
1393 328 1542 355 voluntate.
1580 329 1798 357 immanissimus

1016 377 1082 397 vero
1105 369 1241 405 Sapores:
1265 371 1318 399 Sed
1335 377 1478 407 quantum,
1500 373 1599 407 inquit,
1621 374 1669 400 das
1691 381 1724 401 ex
1745 374 1800 401 tuis

1016 415 1108 442 verbis
1124 417 1339 451 conjiciendum,
1355 418 1457 446 videris
1468 418 1522 446 illis
1533 419 1637 453 potius,
1652 426 1734 453 quam
1747 427 1797 446 no-

1015 461 1068 494 bis,
1084 461 1234 490 adhaerere.
1262 463 1330 491 Nam
1353 464 1420 491 mihi
1445 465 1529 491 verba
1555 464 1737 491 communiter
1764 464 1798 491 ad

1015 515 1111 535 omnes
1129 508 1248 541 facienti,
1263 510 1321 544 ipse
1338 511 1412 538 solus
1427 510 1476 537 das
1499 517 1630 544 responsa
1646 529 1654 542 ,
1681 513 1709 536 et
1733 517 1799 544 sug—

1015 554 1097 589 geris,
1121 559 1151 581 ut
1168 554 1266 590 impios
1289 555 1442 590 relinquam
1460 555 1620 591 impunitos.

1051 600 1108 628 XV.
1128 600 1176 628 liis
1201 601 1400 637 sicaSaporio
1429 603 1512 630 dictis
1538 609 1601 629 cum
1627 601 1796 636 suspiciens.

1015 647 1112 674 beatus
1126 647 1343 682 Elpidephorus:
1360 647 1497 681 Quoniam
1515 655 1586 680 sum,
1607 647 1800 682 inquit,’prin-
1838 643 1840 648 ’

1015 700 1080 727 ceps
1110 697 1231 726 senatus,
1249 694 1277 720 hi
1293 694 1361 720 mihi
1379 694 1482 721 merito
1505 693 1662 721 concedunt
1679 693 1800 727 primum

1016 739 1126 767 dicendi
1139 739 1240 767 locum.
1255 739 1309 767 Sed
1323 740 1340 767 ii
1357 747 1467 774 quoque
1479 740 1584 770 dicant.
1596 739 1670 774 quod
1690 738 1799 766 videtur

1015 785 1181 820 unicuique,
1203 786 1333 821 quoniam
1362 786 1414 818 vis,
1439 794 1454 813 ο
1476 794 1534 818 rex,
1564 785 1677 813 omnino
1703 793 1799 812 verum

1015 831 1121 859 audire.
1144 831 1260 864 Quidam
1288 837 1378 859 autem
1392 839 1464 859 unus
1478 839 1511 859 ex
1538 831 1724 864 senatoribus,
1750 831 1800 857 ha-

1014 877 1081 905 bens
1112 878 1229 904 animam
1256 877 1349 904 divina
1378 878 1465 912 gratia
1495 877 1696 904 illuminatam:
1726 876 1797 909 Quid

1014 932 1107 952 revera
1137 924 1237 951 mirum
1268 929 1321 957 est,
1339 925 1438 959 inquit.
1453 931 1470 951 ο
1485 932 1542 956 rex,
1561 924 1583 951 si
1598 923 1797 958 Elpidephoro,

1013 970 1061 1005 qui
1085 975 1128 997 est
1150 970 1277 1005 princeps
1305 974 1428 1001 senatus,
1446 975 1474 996 et
1497 970 1566 997 nihil
1595 970 1731 1005 insipiens
1754 976 1798 996 re-

1013 1015 1130 1049 spondet
1151 1020 1198 1042 aut
1215 1015 1386 1046 indecorum,
1404 1023 1454 1042 nos
1476 1015 1582 1042 discere
1597 1014 1798 1042 concedimus?

1014 1060 1071 1086 Rex
1087 1064 1177 1087 autem
1197 1068 1258 1086 cum
1283 1059 1320 1093 id,
1342 1060 1414 1094 quod
1433 1065 1502 1092 erat,
1530 1067 1626 1086 revera
1643 1059 1798 1094 deprehen-

1013 1105 1117 1132 disset:
1139 1106 1235 1138 Video,
1251 1106 1352 1140 inquit.
1373 1111 1491 1132 vestram
1509 1110 1628 1133 mentem
1656 1113 1710 1132 non
1723 1110 1797 1132 recte

1013 1149 1138 1176 aﬂectam
1159 1150 1185 1176 ill
1219 1155 1338 1178 nostram
1367 1150 1530 1184 potentiam.
1558 1150 1674 1182 Quidam
1711 1157 1788 1179 vero,

1012 1195 1124 1221 nomine
1145 1195 1312 1229 Philologus,
1339 1200 1418 1223 aetate
1437 1196 1542 1231 junior.
1564 1195 1673 1230 ingenio
1697 1195 1798 1222 acutis-

1013 1240 1095 1272 simo,
1118 1241 1177 1267 zelo
1191 1240 1423 1268 ardentissimus:
1451 1240 1473 1268 Ο
1496 1249 1554 1272 rex,
1582 1241 1682 1275 inquit,
1713 1240 1794 1270 mala.

1012 1293 1072 1320 quae
1090 1291 1165 1313 tuum
1190 1286 1311 1312 animum
1332 1286 1366 1313 de
1392 1287 1473 1314 nobis
1499 1286 1610 1316 invasit,
1638 1286 1797 1320 conjectura

1012 1339 1066 1359 non
1080 1331 1160 1358 nobis
1179 1331 1204 1358 in
1220 1332 1321 1359 bonum
1337 1332 1442 1359 exitum
1456 1331 1574 1358 desinet.
1594 1332 1630 1358 Es
1646 1331 1718 1358 enim
1738 1331 1796 1365 ple-

1016 1385 1069 1405 nus
1085 1377 1250 1412 suspicione,
1282 1383 1312 1404 ut
1328 1377 1375 1412 qui
1391 1377 1494 1412 cogites
1510 1377 1640 1404 omnibus
1663 1381 1708 1404 tua
1731 1384 1798 1403 con-

1012 1423 1187 1451 damnatione
1200 1423 1299 1450 aﬂ‘erre
1315 1423 1441 1450 exitium.
1459 1422 1603 1458 Tyrannus
1631 1426 1723 1449 autem
1755 1422 1795 1448 ira

1012 1469 1131 1504 repletus
1156 1475 1268 1505 propter
1297 1469 1467 1504 repentinam
1496 1468 1628 1504 Philologi
1664 1468 1795 1503 loquendi

173 1504 220 1530 τοῦ
232 1503 376 1537 ⁴Ριλολύγου
391 1504 534 1540 παρρησία
560 1504 646 1539 θυμοῦ
662 1505 711 1539 τὴν
735 1505 824 1539 ψυχὴν
838 1505 958 1539 ἀναπλη-

1013 1503 1168 1541 libertatem
1186 1524 1192 1541 :
1207 1503 1299 1548 iQuis,
1317 1503 1417 1550 inquit.
1434 1521 1459 1542 te
1474 1515 1575 1549 delegit
1591 1519 1621 1542 ut
1644 1515 1723 1542 dares
1743 1521 1797 1542 tam

173 1549 262 1581 σθείς·
279 1550 328 1581 Τίς
346 1550 401 1585 γάρ
413 1558 442 1576 σε
461 1550 508 1577 καὶ
526 1550 618 1585 ήρετο,
633 1551 726 1586 φησὶν,
746 1550 779 1576 ἶν’
795 1550 881 1582 οὕτως
891 1551 958 1577 ἀπό-

170 1604 256 1630 τομον
282 1595 332 1631 τὴν
354 1596 502 1631 ἀπόκρισιν
522 1595 592 1630 δῷςς
610 1596 682 1631 Πρὶς
698 1595 784 1622 ταῦτα
796 1595 810 1621 ὁ
826 1595 958 1629 γεννάδας

172 1643 275 1674 ἐκεῖνος
287 1662 295 1674 ,
317 1642 355 1677 μὴ
376 1641 422 1668 τὸν
449 1641 494 1668 τοῦ
508 1641 641 1676 τυράννου
653 1641 739 1676 θυμὸν
755 1641 958 1675 ὑπολογισάμε-

171 1696 226 1719 νος,
247 1688 284 1723 μὴ
302 1688 352 1722 τῆς
367 1687 490 1719 ἐξουσίας
504 1686 632 1722 φροντίδα
647 1687 772 1721 θέμενος·
791 1686 824 1713 Τί
835 1686 864 1713 δὲ
876 1686 958 1721 ἡνίκα

170 1734 195 1760 τ’
211 1733 311 1768 ἀληθὲς
322 1734 425 1766 ἆξείποι
438 1742 490 1764 τις,
505 1733 628 1767 βασιλεῦ,
640 1733 745 1768 εἴρηκε,
760 1733 808 1760 καὶ
822 1733 851 1759 σὲ
865 1733 957 1768 δεήσει

171 1780 328 1815 παραυτίκα
345 1780 426 1815 χολᾷν
442 1789 449 1813 ;
467 1778 534 1806 Εἶτα
550 1780 598 1806 καὶ
614 1780 684 1814 πρὸς
707 1780 771 1811 τοὺς
788 1779 958 1814 παρεστηκό-

171 1834 220 1857 τας
250 1826 450 1860 συγκλητικοὺς
465 1825 580 1857 ἀπιδὼν,
597 1825 644 1852 Μὰ
657 1825 706 1861 τὴν
722 1825 871 1860 σωτηρίαν,
892 1824 956 1859 ἔφη,

172 1873 282 1901 πάντων
310 1872 398 1906 ὑμῶν,
417 1872 494 1898 οὐδὲν
510 1871 551 1898 δεῖ
565 1872 680 1906 τοιούτῳ
705 1871 782 1905 ἀνδρὶ
809 1872 957 1906 ἀποκρίνε-

172 1918 246 1945 σθαι.
268 1917 323 1944 Ποῦ
339 1918 394 1953 γὰρ
407 1917 440 1944 ἂν
461 1917 508 1944 καὶ
533 1917 623 1952 ἀληθῆ
639 1917 718 1951 λόγον
736 1917 836 1952 μανίας
850 1917 957 1948 δέξαιτο

170 1964 373 1999 πεπληρωμένη
390 1963 462 1998 ψυχή
476 1971 483 1996 ;
504 1963 566 1989 Ἐπὶ
579 1963 686 1994 τούτοις
700 1964 713 1988 ό
729 1962 860 1997 τύραννος
871 1961 956 1996 θυμοῦ

169 2011 238 2036 κατὰ
248 2010 297 2043 τὴν
307 2009 448 2044 ὁμοίωτιν,
462 2009 500 2041 ὡς
509 2009 590 2036 Δαυῖδ
601 2009 615 2035 ὸ
625 2009 696 2039 θεῖος
710 2009 788 2043 φησὶ,
801 2008 956 2041 τοὺ-ὅψεως,

171 2055 343 2089 στρατιώτας
361 2055 458 2088 στῆναι
491 2055 544 2089 πρὸ
570 2055 625 2081 τῶν
652 2054 741 2089 θυρῶν
766 2053 955 2087 ὲγκελεύεται,

169 2099 238 2126 ὥστε
253 2100 315 2130 τοὺς
335 2100 523 2132 ἀντιλέγοντας
535 2099 619 2135 αὐτῷ,
637 2099 684 2126 καὶ
704 2098 812 2133 πρῶτόν
832 2106 864 2132 γε
883 2099 955 2125 πᾶν·

167 2143 418 2179 τωνἚλπιδιφόρον
438 2145 520 2178 .ξίφει
546 2144 771 2179 διαχειρίσασθαι.
788 2145 957 2179 Καλλιστρα-

1011 1561 1108 1588 duram
1124 1565 1152 1588 ct
1180 1568 1304 1596 asperam
1333 1561 1517 1589 sententiam?
1538 1561 1578 1588 Ad
1605 1561 1662 1588 inec
1679 1562 1721 1588 vir
1751 1562 1796 1588 ille

1010 1607 1146 1642 egregius,
1171 1614 1225 1634 non
1241 1607 1309 1634 iram
1327 1607 1434 1643 tyranni
1453 1607 1597 1638 reveritus,
1619 1614 1669 1634 nec
1689 1607 1722 1634 de
1737 1608 1797 1642 ejus

1009 1655 1144 1686 potestate
1175 1652 1328 1680 sollicitus:
1360 1652 1431 1685 Quid
1460 1660 1536 1686 vero,
1563 1653 1672 1687 quando
1698 1660 1793 1679 verum

1008 1697 1109 1724 dixerit
1132 1698 1291 1732 quispiam,
1322 1705 1338 1725 ο
1373 1706 1432 1730 rex,
1463 1703 1527 1725 tene
1560 1697 1698 1732 oportebit
1722 1697 1796 1724 illico

1008 1743 1112 1771 irasci?
1139 1743 1242 1771 Deinde
1257 1743 1338 1771 etiam
1366 1744 1476 1771 intuens
1491 1744 1524 1770 ad
1545 1752 1650 1770 omnes.
1667 1745 1713 1778 qui
1729 1745 1796 1771 adeo

1008 1793 1080 1821 rant.
1113 1795 1272 1817 senatores:
1298 1790 1350 1817 Per
1377 1791 1504 1822 salutem,
1538 1790 1638 1824 inquit,
1668 1795 1791 1817 vestrum

1007 1835 1141 1868 omnium,
1160 1835 1205 1862 tali
1229 1835 1288 1862 viro
1299 1835 1367 1862 nihil
1383 1841 1491 1870 oportet
1518 1835 1694 1870 respondere.
1717 1836 1792 1868 Quo-

1007 1881 1089 1909 modo
1116 1882 1190 1909 enim
1207 1889 1300 1909 veram
1320 1881 1407 1908 acciet
1434 1881 1597 1914 orationem,
1616 1890 1676 1916 qua:
1698 1881 1791 1908 furore

1008 1929 1111 1963 repleta
1124 1932 1178 1960 est,
1206 1928 1316 1955 anima?
1331 1928 1447 1962 Propter
1469 1928 1527 1955 hmo
1551 1934 1682 1963 tyrannus
1698 1928 1737 1954 ira
1752 1935 1796 1954 rc-

1007 1973 1108 2011 pletus,
1136 1974 1186 2006 ira,
1204 1974 1325 2008 inquam,
1353 1973 1385 2000 ad
1410 1973 1619 2000 similitudinem
1643 1973 1791 2008 serpentis.

1009 2022 1038 2044 ut
1057 2018 1124 2045 dicit
1155 2018 1268 2046 divinus
1293 2019 1387 2051 David,
1415 2018 1519 2046 milites
1537 2019 1617 2053 jubet
1643 2023 1716 2045 stare
1742 2026 1792 2053 pro

1007 2063 1124 2096 foribus,
1144 2068 1174 2091 ut
1195 2072 1254 2095 eos,
1282 2064 1329 2098 qui
1350 2064 1376 2091 ei
1401 2064 1601 2098 repugnabant,
1622 2068 1650 2089 et
1673 2063 1791 2096 primum

1007 2109 1129 2136 omnium
1149 2110 1373 2144 Elpidepliorum,
1394 2116 1460 2136 ense
1475 2108 1651 2135 conficerent.
1674 2107 1790 2139 Quidam

1007 2158 1098 2181 autem
1119 2154 1305 2186 Callistratus,
1327 2162 1390 2181 cum
1421 2158 1493 2180 esset
1519 2153 1576 2187 regi
1598 2152 1791 2183 amicissimus,

169 2198 216 2222 τος
241 2190 268 2216 δέ
283 2199 326 2221 τις
349 2190 425 2224 φίλος
452 2189 489 2216 ὣν
506 2190 545 2224 τῷ
560 2190 665 2224 βασιλεί
678 2191 706 2221 ἐς
723 2190 758 2216 τὰ
784 2190 902 2225 μάλιστα
915 2190 954 2226 τῷ

1010 2209 1070 2229 eum
1088 2201 1159 2228 eullo
1176 2201 1328 2235 amplexus,
1352 2200 1449 2227 orabat
1475 2205 1505 2226 ut
1529 2200 1597 2226 iram
1616 2200 1790 2234 reprimeret.

167 2235 242 2271 αὐτῷ
262 2237 379 2270 περιφὺς
395 2236 535 2271 τραχήλῳ,
557 2236 606 2270 τὴν
621 2236 706 2271 ὀργὴν
723 2237 845 2271 ἐπισχεῖν
861 2236 955 2262 ἐλιπά-

169 2290 222 2317 ρει,
241 2282 289 2308 καὶ
308 2281 467 2316 σύμπαντες
485 2282 512 2307 δὲ
537 2281 796 2317 παρῤησιασάμενοι
810 2289 817 2297 ⁸
839 2280 954 2308 ’Λθλιώ-

166 2335 230 2354 τατε
259 2327 404 2362 βασιλέων,
431 2325 520 2359 εἶπον,
547 2327 608 2362 εἴσῃ
626 2326 673 2353 νῦν
688 2326 821 2361 ἀκρισῶς,
839 2326 877 2357 ὡς
905 2327 954 2361 οὐχ

166 2372 248 2406 ὁμοιά
272 2380 313 2397 σοι
341 2371 496 2406 φρονοῦμεν
523 2372 605 2406 ἡμεῖς
624 2371 685 2397 οὐδὲ
703 2370 831 2402 ἀσεϐείας
856 2371 954 2406 ἐπίσης

166 2415 398 2450 ἀντιποιούμεθα⁶
418 2417 464 2442 καὶ
488 2416 576 2443 ταῦτα
601 2416 725 2447 εἰπόντες
741 2415 856 2451 ἐξῄεσαν
881 2416 953 2442 οὓτω

167 2461 368 2493 καταλιπόντες
389 2462 481 2489 αὐτόν.
507 2461 577 2488 Ἀλλ’
599 2462 702 2494 ἐκεῖνος
724 2461 773 2493 νὺξ
795 2461 833 2488 ὢν
850 2462 899 2488 καὶ
922 2462 954 2488 τὸ

167 2506 279 2541 σύμπαν
298 2507 409 2540 σκότους
424 2509 481 2540 uti“:
496 2509 545 2545 τὴν
564 2508 654 2535 νύκτα
662 2509 725 2543 ἔσχε
738 2509 806 2543 πρὸς
823 2509 856 2535 τὰ
871 2517 954 2544 πονη-

167 2553 269 2588 ρότατα
294 2554 490 2588 συνεργοῦσαν,
518 2555 568 2581 καὶ
580 2555 639 2590 ἅμα
663 2555 745 2589 φωτὶ,
765 2554 882 2586 καθίσας
906 2555 953 2580 ἐπὶ

165 2599 212 2626 τοῦ
241 2599 373 2635 βήματος,
402 2601 476 2633 τρεῖς
491 2601 600 2627 κελεύει
629 2601 745 2636 βύθρους
769 2600 950 2636 διορυγῆναι,

167 2645 248 2681 θηρία
265 2654 295 2671 τε
312 2646 359 2672 καὶ
383 2645 487 2680 ἑρπετὰ
501 2645 607 2678 τούτοις
627 2646 808 2681 ὲναφεθῆναι,
823 2647 870 2674 καὶ
887 2647 952 2679 τοὺς

165 2691 231 2726 περὶ
243 2692 289 2717 τὸν
305 2691 382 2725 ἄτιον
396 2690 551 2717 ’Λκίνδυνον
566 2691 747 2727 ἐμϐληθῆναι.

200 2735 260 2770 tq'.
277 2736 354 2764 Ἐπεὶ
375 2735 422 2764 οὖν
451 2739 541 2764 ἐκεῖσε
564 2738 627 2769 τοὺς
644 2739 740 2772 ἀγιους
769 2739 907 2775 καθῆκαν,
936 2740 950 2765 ὁ

165 2782 242 2814 Θεὸς,
255 2783 342 2814 ἁθεδς
357 2784 436 2818 ήμῶν
449 2784 473 2810 oi
490 2783 629 2819 μάρτυρες
647 2786 716 2820 πρός
729 2794 758 2812 σε
774 2785 949 2822 ὸρθρίζομεν,

165 2828 295 2864 ἔψαλλονθ
316 2830 424 2866 ἐδίψησέ
448 2839 475 2857 σε
490 2831 505 2866 ή
522 2830 594 2866 ψυχή
617 2831 706 2866 ήμῶν,
729 2832 838 2867 ἐδίψησε
858 2841 886 2860 σε
904 2835 948 2861 rev

1005 2246 1105 2274 Omnes
1121 2254 1186 2273 vero
1201 2246 1280 2273 simul
1296 2246 1382 2273 libere
1398 2245 1541 2280 loquentes
1558 2245 1728 2272 :Miserrime
1745 2252 1789 2271 re-

1004 2299 1079 2326 gum,
1097 2291 1234 2322 dicebant,
1255 2290 1369 2325 pulchre
1385 2290 1455 2317 scies
1474 2297 1524 2317 nos
1536 2298 1589 2317 non
1609 2289 1716 2321 eadem,
1728 2297 1791 2324 qua)

1005 2341 1044 2368 tu,
1059 2337 1172 2367 sentire,
1195 2343 1284 2370 neque
1312 2335 1439 2362 similiter
1466 2335 1537 2362 tueri
1562 2335 1742 2370 impietatem.
1759 2335 1793 2362 Et

1004 2381 1061 2409 haec
1075 2390 1137 2409 cum
1151 2381 1294 2414 dixissent,
1318 2382 1446 2408 exierunt
1472 2388 1506 2408 eo
1531 2381 1571 2408 sic
1602 2381 1709 2408 relicto.
1737 2379 1791 2407 Sed

1004 2427 1059 2458 ille,
1075 2434 1136 2453 eum
1152 2430 1224 2453 esset
1240 2434 1306 2458 nox,
1319 2431 1347 2453 et
1361 2426 1394 2453 ad
1408 2433 1541 2453 summam
1568 2425 1642 2452 {ilius
1664 2424 1792 2451 tenebra-

1004 2480 1074 2504 rum,
1096 2471 1192 2499 habuit
1222 2476 1330 2499 noctem
1353 2479 1433 2506 opem
1460 2471 1594 2498 ferentem
1621 2469 1704 2496 rebus
1731 2476 1793 2503 pes-

1003 2518 1090 2549 simis,
1106 2523 1134 2545 et
1149 2526 1210 2545 cum
1227 2518 1347 2552 primum
1373 2517 1520 2548 illuxisset,
1546 2515 1645 2543 sedens
1662 2522 1712 2549 pro
1740 2514 1791 2540 tri-

1003 2566 1094 2592 bunali
1106 2565 1185 2601 jubet
1203 2571 1260 2593 tres
1276 2566 1364 2593 fossas
1384 2565 1479 2597 eﬂodi,
1497 2569 1524 2592 et
1548 2565 1576 2591 in
1607 2571 1654 2590 eas
1680 2562 1790 2589 immitti

1003 2611 1104 2640 bestias
1119 2617 1146 2640 et
1170 2618 1322 2648 serpentes,
1339 2618 1367 2641 et
1381 2617 1507 2640 sanctum
1535 2611 1707 2645 Acindynum
1725 2617 1788 2637 cum

1003 2658 1061 2685 suis
1073 2658 1100 2685 in
1124 2666 1169 2686 eas
1186 2659 1276 2694 injici.

1035 2746 1104 2773 XVI.
1130 2746 1276 2779 Postquam
1304 2754 1368 2781 ergo
1394 2750 1504 2774 sanctos
1534 2753 1568 2774 eo
1596 2745 1784 2773 immisissent:

1006 2800 1014 2816 ‹
1037 2790 1118 2822 Deus,
1134 2791 1205 2818 Deus
1216 2791 1362 2822 noster,a<l
1379 2797 1403 2819 te
1419 2792 1452 2819 de
1466 2791 1526 2819 luce
1541 2791 1695 2825 vigilamus.
1711 2789 1785 2820 psal~

1003 2835 1091 2863 lcbaut
1114 2841 1254 2870 martyres.
1283 2837 1374 2864 Sitivit
1401 2842 1426 2864 te
1453 2837 1541 2864 anima
1561 2841 1665 2867 nostra.
1697 2833 1790 2861 sitim
