2039 3155
271 146 307 177 27
898 147 1044 178 MENSIS
1064 147 1282 180 NOVEMBER.
1851 151 1888 183 23

271 205 355 232 Deum
389 203 481 230 vivum
521 207 549 230 et
571 203 682 231 fortem.
714 205 767 232 Sed
793 210 820 233 tu
843 206 885 233 fac
911 205 1050 233 nobiseum

1108 202 1174 229 Θεὸν
1189 204 1276 235 ζῶντα
1300 206 1346 232 καὶ
1374 205 1495 241 ἰσχυρόν.
1525 206 1606 233 Ἀλλά
1634 207 1666 233 σὺ
1690 206 1803 242 ποίησον
1828 207 1889 241 μεθ’

269 247 463 276 convenienter
491 250 546 275 tuae
573 249 792 282 mansuetudini,
810 255 837 277 et
858 250 928 277 etluc
945 257 996 277 nos
1022 251 1056 277 de

268 293 327 320 lacu
351 291 478 319 miseriae.
505 292 641 325 Quoniam
667 294 784 329 benigna
800 300 842 322 est
866 295 1054 322 misericord‘a

266 343 323 370 tua,
339 343 367 365 et
381 338 492 365 bonitas
506 347 568 374 quae
583 348 636 366 non
652 345 741 374 potest
755 341 869 375 exprimi
883 342 920 368 ⁸.»
941 341 1054 369 Interim

265 387 359 409 autem
385 383 451 409 dum
480 389 678 418 precarentur,
714 386 848 420 splendidi
880 392 1055 415 accesserunt

267 429 371 462 angeli,
406 429 492 455 veluti
522 430 685 464 quibusdam
713 431 797 466 virgis
825 432 924 459 ferreis
952 432 1055 460 bestias

268 473 424 507 abigentes,
441 478 468 500 et
484 482 708 510 unumquemque
725 484 740 503 e
753 478 856 504 sanctis
879 485 960 505 manu
978 479 1053 506 acci-

272 517 390 552 pientes,
406 526 454 545 eos
476 519 575 546 illaesos
597 527 612 546 e
633 520 714 548 fossis
733 521 899 550 eduxerunt.
925 523 977 550 Sed
1006 531 1055 551 rex

272 570 335 588 cum
369 568 509 596 oporteret
534 572 628 592 rursus
649 565 751 593 Christi
785 566 935 602 intelligere
957 572 1055 604 poten-

278 607 354 638 tiam,
373 611 400 633 et
415 615 522 635 cessare
539 609 684 643 aliquando
698 611 820 645 aggredi,
834 620 895 646 quae
913 620 966 640 non
989 621 1053 648 pos-

271 655 335 678 sunt
359 651 439 683 efliei,
467 653 512 679 ille
541 654 624 688 jussit
650 660 759 682 sanctos
787 664 883 684 rursus
906 665 1055 692 suspensos

272 696 350 724 cmdi.
373 697 438 724 Cum
461 703 553 725 autem
577 699 690 727 vidisset
716 708 812 728 eorum
839 709 936 730 carnes
962 703 1055 731 multis

271 741 348 768 horis
364 742 516 774 conscindi,
530 743 649 778 fortique
673 749 700 772 et
715 754 849 781 generoso
869 747 962 774 animo
983 749 1054 776 resi-

270 792 343 814 stere
357 789 563 821 certaminibus,
583 790 662 824 jubet
678 798 726 818 eos
745 799 761 818 e
786 792 868 826 lignis
891 793 1004 828 deponi,
1026 799 1054 822 et

269 833 310 860 eis
323 833 412 868 capita
425 835 572 869 amputari.
585 835 645 870 Ipse
660 837 733 863 enim
751 838 837 872 magis
857 843 917 865 erat
930 838 1054 866 defessus

270 877 408 905 intentans
437 879 570 913 supplicia
586 868 605 912 ,_
616 889 699 916 quam
721 887 854 918 martyres
879 884 1050 912 sustinentes
1066 868 1090 898 Β

268 930 311 954 ea,
329 931 388 957 qute
403 924 631 952 intentabantur:
649 930 677 952 et
700 933 806 953 summa
830 927 993 956 fortitudine
1014 929 1054 955 vi—

268 973 365 996 cerunt
387 969 424 996 illi
443 969 579 997 inlinitam
594 972 796 1000 crudelitatem.
811 972 879 999 Cum
891 974 946 1008 jam
960 979 1050 1002 autent

267 1014 301 1041 ad
333 1019 448 1042 mortem
478 1016 694 1049 abducerentur,
719 1019 766 1053 qui
789 1019 823 1046 ab
848 1020 888 1046 eis
908 1020 1052 1048 illuminati

268 1060 379 1088 fuerant
397 1062 430 1087 ad
446 1061 586 1096 pietatem,
604 1063 684 1090 simul
708 1072 769 1090 cum
783 1069 898 1091 senatu:
912 1065 1053 1092 Dimittitis

266 1112 327 1138 nos,
341 1105 483 1139 dicebant,
501 1114 517 1133 ο
530 1107 655 1134 ductores
670 1108 788 1142 pietatis,
802 1116 884 1143 super
894 1110 1052 1136 cathedram

266 1150 439 1183 pestilentire.
459 1151 485 1178 in
501 1151 591 1178 medio
610 1152 736 1179 Ecclesia:
750 1153 969 1188 malignantium,
983 1162 1047 1181 cum

265 1195 298 1220 ad
323 1203 480 1222 mensuram
493 1197 581 1223 tetatis
595 1197 622 1222 in
647 1196 756 1224 Christo
774 1198 896 1224 nondum
915 1206 1051 1232 pervene-

266 1240 363 1266 rimus.
384 1240 458 1267 Beati
473 1245 564 1267 autem
581 1241 617 1268 illi
638 1243 678 1269 eis
692 1243 892 1276 responderunt
907 1252 913 1269 :
935 1243 986 1276 Qui
1003 1244 1053 1270 do-

266 1286 310 1311 cét
323 1285 462 1312 hominem
478 1285 620 1313 scientiam
641 1287 769 1315 Christus
792 1288 863 1315 Deus
882 1294 987 1322 noster,
1005 1290 1052 1324 qui

265 1333 308 1355 est
331 1330 496 1356 illuminatio
515 1331 668 1357 animarum
686 1337 855 1363 nostrarum,
879 1333 937 1367 ipse
953 1341 1002 1361 vos
1021 1334 1053 1361 il.

266 1374 415 1401 luminabit
430 1380 457 1401 et
474 1375 570 1402 reddet
586 1376 780 1411 intelligentes,
799 1378 947 1413 firmosque
971 1379 1052 1406 faciet

265 1422 294 1444 et
308 1418 418 1445 stabiles
434 1419 610 1448 fundamento
626 1429 682 1449 sua:
699 1422 772 1449 ﬁdei.

306 1463 387 1490 XVll.
406 1464 498 1492 Relata
527 1472 591 1493 sunt
614 1467 672 1494 hzec
701 1469 778 1503 regi:
802 1473 829 1496 et
855 1469 928 1504 quod
953 1478 1050 1506 magna

1108 249 1187 284 ἡμῶν
1202 251 1272 276 κατά
1285 251 1333 285 τὴν
1350 251 1401 279 σὴν
1426 252 1591 284 ἐπιείκειαν,
1607 253 1654 278 καὶ
1676 252 1797 286 ἀνάγαγε
1813 253 1888 288 ἡμᾶς

1107 296 1139 321 ὲκ
1152 295 1253 322 λάκκου
1271 297 1460 331 ταλαιπωρίας
1470 305 1478 313 ο
1493 298 1534 324 ὅτι
1555 298 1586 324 τὸ
1612 297 1686 329 ἔλεός
1701 306 1748 325 σου
1760 299 1888 333 χρηστὸν,

1106 339 1152 366 καὶ
1169 341 1185 375 ἡ
1204 341 1341 376 ἁγαθότης
1358 342 1528 373 ἁνείκαστος.
1542 343 1617 377 Ἅμα
1636 343 1663 369 δὲ
1676 344 1708 377 τῇ
1725 343 1803 377 εὖχῇ,
1818 344 1889 378 λαμ-

1106 386 1307 420 προφοροῦντες
1326 387 1481 422 ἐπέστησαν
1496 387 1618 420 ἄγγελοι,
1636 385 1680 414 οἶά
1694 396 1749 414 τισι
1765 388 1889 422 σιδηραῖς

1107 430 1216 464 pasam;
1227 431 1291 462 τοὺς
1311 431 1398 466 θῆρας
1418 432 1629 464 ἀποσοϐοῦντες,
1644 432 1760 459 ἑκάστου
1783 441 1814 459 τε
1833 433 1889 460 τῶν

1105 478 1192 511 ἀγίων
1211 477 1358 512 λαὸόμενοι
1379 479 1429 512 τῆς
1445 478 1546 513 χειρὸς,
1567 478 1697 509 ἀϐλαϐεῖς
1713 478 1767 505 τῶν
1783 478 1889 513 βόθρων

1105 523 1213 557 ιξῆγον.
1236 523 1308 550 ’Δλλ“
1328 524 1342 550 ὁ
1359 523 1496 558 βασιλεὺς,
1520 524 1580 550 δέον
1597 523 1678 550 πάλιν
1700 524 1818 550 συνεῖναι
1839 523 1889 558 τὴν

1106 567 1227 602 Χριστοῦ
1252 567 1367 602 δύναμιν
1389 569 1436 594 καὶ
1462 568 1617 595 παύσασθαί
1649 577 1714 595 ποτε
1746 569 1889 602 ἀνηνύτοις

1105 613 1266 648 ἐπιχειρεῖν,
1282 613 1296 640 6
1321 613 1349 640 δὲ
1368 614 1495 640 ἐκέλευσε
1524 615 1586 646 τοὺς
1608 615 1701 647 ἁγίους
1727 612 1804 645 αὖθις
1821 623 1887 650 κρε·

1108 659 1262 693 μασθέντας
1288 659 1406 693 ξέεσθαι.
1426 660 1470 692 Ὡς
1483 660 1511 687 δὲ
1527 659 1573 686 ἐπὶ
1592 660 1702 691 πολλαῖς
1715 661 1775 691 ταῖς
1800 659 1887 695 ὥραις

1105 705 1154 736 τὰς
1172 706 1275 740 σάρκας
1299 706 1467 741 τεμνομένας
1488 707 1572 741 ἑώρα,
1591 707 1638 734 καὶ
1670 706 1743 740 ψυχῇ
1771 707 1886 742 γενναία

1105 750 1174 784 πρδς
1192 751 1255 780 τοὺς
1279 751 1387 785 ἀγῶνας
1403 751 1576 786 ἀντέχοντας,
1610 751 1805 786 καθαιρεθῆναι
1831 751 1885 777 τῶν

1106 793 1192 826 ξύλων
1200 795 1314 826 κελεύει,
1321 796 1369 822 καὶ
1381 796 1429 826 τὰς
1437 797 1556 830 κεφαλὰς
1566 797 1746 832 ἐκτμηθῆναι.
1762 797 1886 830 Ἐκαμνε

1103 841 1158 876 γὰρ
1173 840 1255 872 αὐτὸς
1274 841 1375 874 μᾶλλον
1392 841 1502 875 ἐπάγων
1520 842 1570 873 τὰς
1582 842 1729 876 τιμωρίας,
1747 841 1763 876 ἢ
1777 842 1801 868 ot
1817 841 1887 876 μζιρ-

1103 895 1185 920 τυρες
1207 886 1353 921 ὑπομένειν
1372 887 1407 913 τὰ
1423 888 1592 922 ὲπαγόμενα,
1610 888 1658 914 καὶ
1673 887 1814 920 νενίκηκεν
1835 887 1887 912 ὑπ-

1104 932 1202 967 ερϐολῇ
1218 932 1411 967 γενναιότητος
1425 953 1432 963 ,
1445 932 1586 967 ὠμότητος
1606 934 1750 968 ἀμετρίαν.
1771 933 1888 966 Ἀπατο-

1105 979 1192 1014 μένων
1206 979 1235 1005 δὲ
1250 979 1304 1014 ἤδη
1320 980 1371 1014 τὴν
1398 979 1444 1006 ἐπὶ
1461 980 1576 1007 θάνατον
1591 980 1616 1006 οἱ
1643 979 1708 1014 παρ’
1725 980 1816 1006 αὐτῶν
1830 988 1887 1014 φωο

1102 1024 1240 1055 τισθέντες
1252 1025 1292 1055 είς
1309 1024 1465 1051 θεοσέϐειαν
1481 1026 1529 1052 σὺν
1545 1025 1602 1060 ἅμα
1615 1026 1662 1051 καὶ
1675 1027 1708 1060 τῇ
1728 1025 1885 1060 συγκλήτῳ,

1109 1070 1215 1104 Ἀφίετε
1229 1070 1314 1104 ἡμᾶς,
1335 1070 1436 1103 ελεγον,
1453 1071 1478 1096 οί
1495 1071 1544 1104 τῆς
1561 1070 1701 1101 εὐσεϐείας
1717 1070 1885 1102 διδάσκαλοι,

1101 1115 1148 1141 ἐπὶ
1165 1115 1283 1150 καθέδρᾳ
1297 1115 1399 1148 λοιμῶν
1417 1117 1445 1140 ὲν
1460 1114 1536 1148 μέσῳ
1555 1115 1719 1148 Ἐκκλησίας
1739 1123 1887 1149 πονηρευο-

1103 1160 1202 1193 μένων,
1221 1160 1304 1194 μήπω
1319 1159 1386 1193 πρὸς
1405 1160 1503 1193 μέτρον
1521 1159 1570 1193 τῆς
1586 1161 1615 1185 ἐν
1631 1159 1742 1194 Χριστῷ
1765 1160 1886 1194 φθάσαν-

1102 1213 1152 1235 τας
1167 1204 1286 1238 ἡλικίας.
1308 1205 1340 1230 Ol
1355 1205 1384 1231 δὲ
1404 1206 1532 1240 μακάριοι
1550 1205 1619 1239 πρὸς
1643 1205 1741 1236 αὐτοὺς
1769 1206 1887 1239 ἀπεκρί-

1103 1258 1192 1281 ναντο,
1201 1250 1230 1276 ⁸0
1245 1250 1377 1276 διδάσκων
1390 1251 1530 1285 ἄνθρωπον
1541 1251 1642 1284 γνῶσιν
1658 1251 1774 1285 Χριστὸς
1788 1252 1801 1276 ὁ
1819 1251 1886 1281 θεὸς

1103 1295 1182 1328 ἡμῶν
1211 1295 1225 1320 ὸ
1258 1295 1397 1329 φωτισμος
1428 1296 1482 1321 τῶν
1508 1297 1648 1330 ἡμετέρων
1669 1297 1773 1330 ψυχῶν,
1805 1296 1885 1325 αὐτὸς

1104 1339 1176 1373 ὑμᾶς
1191 1341 1288 1373 φωτιεί
1304 1348 1334 1365 τε
1355 1340 1402 1365 καὶ
1417 1342 1543 1372 devertat,
1558 1342 1604 1367 καὶ
1622 1340 1660 1375 τῷ
1677 1340 1793 1375 θεμελίῳ
1807 1340 1886 1374 ἑδρά-

1104 1393 1144 1410 σει
1159 1384 1209 1419 τῆς
1224 1384 1306 1411 αὐτοῦ
1321 1385 1451 1417 πίστεωςς

1144 1474 1292 1508 Ἀνηνέχθη
1310 1475 1394 1501 ταῦτα
1406 1474 1444 1509 τῷ
1456 1475 1573 1509 βασιλεῖ,
1592 1477 1638 1502 καὶ
1655 1476 1692 1507 ὡς
1703 1476 1780 1510 ὄχλος
1793 1477 1884 1508 ίκανος

268 1509 416 1537 multitudo
436 1512 598 1546 Sequeretur
616 1518 735 1544 sanctos.
754 1523 850 1541 eorum
875 1516 963 1543 caedes
987 1525 1050 1551 pro-

1105 1520 1198 1546 ἕποιτο
1214 1521 1270 1551 τοῖς
1288 1520 1375 1554 ἁγίοις
1391 1521 1531 1555 ἀπείργων
1545 1521 1634 1548 αὐτῶν
1651 1523 1700 1556 τὴν
1718 1523 1837 1557 σφαγήν.
1854 1523 1884 1550 '0

267 1555 376 1582 bibens.
396 1555 441 1582 llle
458 1561 548 1584 autem
567 1559 658 1586 statim
682 1560 785 1587 emittit
811 1566 948 1589 catervam
976 1563 1051 1589 mili-

266 1604 323 1627 tum
339 1601 364 1628 in
383 1609 441 1634 eos,
464 1603 510 1638 qui
533 1605 721 1638 sequebantur
743 1612 862 1639 sanctos,
885 1608 927 1634 cui
942 1608 1050 1643 jnssum

264 1646 354 1675 fuerat
373 1652 404 1675 ut
416 1655 464 1675 eos
484 1650 644 1683 expelleret,
671 1652 718 1678 sed
745 1653 847 1688 egregii
867 1652 906 1680 illi
924 1653 987 1687 viri,
1003 1655 1050 1688 qui

264 1691 297 1718 ad
316 1691 396 1718 ﬁnem
411 1700 498 1727 usque
524 1697 676 1725 statuerant
700 1696 829 1723 resistere
851 1702 974 1731 peccato,
999 1698 1052 1726 hoc

264 1735 333 1763 nihil
346 1736 492 1771 facientes,
507 1740 664 1769 maluerunt
695 1743 787 1777 potius
809 1744 879 1771 mori
900 1753 962 1772 cum
986 1753 1051 1773 san-

264 1781 322 1808 ctis.
356 1782 480 1815 Quorum
504 1787 686 1814 constantiam
706 1795 767 1815 cum
796 1794 930 1824 tyrannus
954 1799 1051 1818 rursus

263 1824 456 1859 intellexisset,
480 1828 564 1862 jussit
589 1838 686 1858 omnes
704 1832 784 1860 simul
804 1841 866 1861 cum
891 1835 994 1863 sanctis
1008 1836 1050 1863 in-

265 1870 363 1903 terﬁci,
395 1880 452 1899 sua:
477 1874 620 1902 occidendi
650 1877 775 1905 homines
801 1879 959 1914 cupiditatis
985 1889 1050 1916 prae.

265 1920 369 1942 textum
396 1917 537 1952 accipiens
565 1928 662 1948 earum
683 1929 804 1951 amorem
831 1925 952 1960 pietatis.
980 1926 1047 1954 Cum

265 1965 357 1987 autem
375 1962 400 1989 ei
417 1964 618 1998 suggessissent
641 1968 762 2002 quidam,
778 1977 895 2004 quorum
918 1977 977 1999 erat
989 1980 1047 1999 ma-

265 2013 336 2040 gnus
348 2007 424 2035 zelus
436 2008 462 2035 in
480 2009 635 2044 simulacra,
651 2013 722 2047 quod
735 2014 829 2042 fuisset
843 2021 953 2045 senatus
967 2025 1046 2045 causa

266 2050 364 2098 horum
398 2054 545 2088 malorum,
567 2056 646 2092 jubet
676 2058 785 2087 beatum
816 2061 914 2089 adduci
937 2063 1048 2098 Elpide-

262 2096 391 2130 phorum,
416 2104 445 2126 ut
465 2101 511 2135 qui
529 2103 600 2136 apud
617 2110 680 2130 eum
694 2104 779 2133 ferret
794 2108 897 2141 primos
911 2096 1042 2138 honores.

262 2142 310 2169 ille
338 2149 429 2172 autem
459 2154 610 2177 conversus
637 2150 672 2177 ad
697 2151 815 2180 invictos
836 2160 980 2190 martyres,
997 2158 1044 2192 qui

1103 1565 1132 1592 δὲ
1153 1566 1247 1599 στῖφος
1282 1566 1455 1600 στρατιωτῶν
1475 1566 1602 1601 ἐξαυτῆς,
1619 1567 1690 1594 κατά
1706 1567 1761 1593 τῶν
1784 1568 1884 1602 ἑπομέ-

1103 1620 1166 1644 νων,
1192 1613 1248 1642 τοῖς
1277 1611 1366 1644 ἁγίοις
1394 1612 1544 1646 ἐκπέμπει.
1570 1613 1741 1646 ἀποσοῦῆσαι
1771 1613 1884 1644 τούτους

1103 1655 1325 1688 κεκελευσμένον.
1347 1655 1418 1682 Ἀλλ’
1439 1656 1464 1682 οί
1477 1657 1596 1690 γενναῖοι
1619 1657 1718 1683 ἐκεῖνοι
1737 1658 1784 1683 καὶ
1801 1658 1883 1692 μέχρι

1101 1700 1195 1731 τέλους
1210 1701 1278 1734 πρὸς
1293 1700 1343 1735 τὴν
1362 1701 1499 1735 ἁμαρτίαν
1521 1702 1670 1736 ἐγνωκότες
1693 1703 1884 1730 ἀντικαθίστα-

1103 1746 1175 1778 σθαι,
1193 1747 1259 1781 παρ’
1274 1747 1352 1773 οὐδὲν
1367 1746 1447 1773 τοῦτο
1472 1746 1590 1781 θέμενοι,
1606 1749 1661 1780 τοῖς
1680 1748 1765 1782 ἁγίοις
1783 1749 1884 1782 μᾶλλον

1101 1790 1204 1818 εἴλοντο
1224 1791 1430 1819 συναποθανεῖν.
1448 1788 1497 1817 Ὧν
1513 1792 1562 1826 τὴν
1572 1792 1697 1819 ἔνστασιν
1727 1794 1741 1819 ὀ
1754 1793 1884 1827 τύραννος

1101 1834 1178 1868 αὖθις
1209 1837 1378 1871 ἀντιμαθὼν,
1408 1837 1533 1863 ἐκέλευσε
1560 1839 1614 1869 τοῖς
1643 1838 1731 1872 ἁγίοις
1761 1839 1883 1869 ἅπαντας

1102 1882 1378 1916 συγκατασφαγῆναι,
1406 1883 1543 1917 πρόφασιν
1567 1884 1615 1917 τῆς
1631 1884 1700 1918 πρὸς
1715 1884 1745 1910 τδ
1760 1884 1883 1919 ἀναιρεῖν

1100 1927 1263 1962 ἀνθρώπους
1278 1928 1436 1962 ἐπιθυμίας,
1463 1929 1493 1954 τὸ
1512 1928 1672 1962 φιλεοσεϐὲς
1698 1929 1786 1956 αὐτῶν
1801 1938 1882 1964 ποιη-

1100 1973 1227 2008 σάμενος.
1251 1973 1429 2009 ’Υποῦληθεὶς
1445 1974 1473 2000 δὲ
1496 1975 1547 2001 ὑπό
1565 1983 1644 2001 τινων
1659 1972 1699 2006 οἷς
1717 1975 1796 2009 ζῆλος
1820 1977 1883 2010 περὶ

1098 2019 1133 2045 τὰ
1148 2019 1246 2045 εἴδωλα
1262 2016 1307 2054 ἦν,
1329 2019 1366 2050 ὡς
1392 2020 1408 2054 ἡ
1432 2019 1586 2054 σύγκλητος
1611 2020 1686 2047 αἰτία
1706 2021 1811 2053 γένοιτο
1828 2022 1882 2048 τῶν

1099 2064 1234 2092 τοσούτων
1247 2064 1349 2098 κακῶν,
1363 2065 1408 2091 τὸν
1422 2065 1556 2099 μακάριον
1566 2065 1752 2099 Ἑλπιδιφόρον
1764 2067 1881 2102 ἀχθῆναι

1101 2110 1265 2145 προστάττει
1288 2110 1335 2136 an
1355 2110 1404 2140 τὰς
1423 2110 1533 2145 πρώτας
1558 2110 1678 2146 φέροντα
1705 2112 1778 2146 παρά
1794 2113 1881 2148 ταύτῃ

1099 2155 1194 2189 τιμάς.
1215 2155 1244 2181 '0
1277 2155 1305 2181 δὲ
1336 2156 1404 2190 πρὸς
1433 2157 1495 2187 τοὺς
1521 2157 1671 2191 ἀηττήτους
1700 2157 1880 2192 ἐπιστραφεὶς

261 2189 381 2217 nondum
398 2197 476 2220 erant
491 2197 671 2224 consummati
685 2205 693 2224 :
705 2197 818 2233 Rogate,
833 2189 913 2234 dixit,
926 2211 976 2237 pro
991 2189 1045 2236 me,

1101 2202 1253 2236 μάρτυρας,
1269 2201 1345 2228 οὔπω
1357 2189 1560 2235 τελειωθέντας,
1573 2189 1694 2235 Εθξασθε
1718 2189 1793 2230 εἶπεν
1810 2189 1879 2238 ὑπὲρ

259 2232 352 2262 Patres
367 2236 392 2262 in
412 2238 522 2272 spiritu,
550 2239 635 2269 duces
661 2250 728 2270 mea:
751 2244 778 2271 in
803 2245 947 2273 Christum
969 2248 1044 2280 ﬁdei,

261 2282 291 2304 ut
306 2287 356 2314 ego
380 2288 489 2316 quoque
506 2291 522 2310 a
538 2290 628 2312 vestro
644 2293 718 2315 cmtu
750 2297 806 2316 non
832 2291 967 2319 excidam.
994 2292 1045 2320 Cui

259 2323 346 2349 sancti
361 2332 368 2350 :
395 2325 458 2352 Esto
472 2327 546 2354 bono
567 2330 669 2363 animo,
686 2332 825 2366 dixerunt,
840 2341 856 2361 o
873 2334 969 2368 frater,
986 2343 1044 2364 esto

259 2366 333 2394 bono
355 2369 458 2403 animo,
475 2376 503 2398 et
517 2380 551 2400 ne
576 2374 614 2401 sis
639 2377 731 2404 animo
754 2379 868 2412 anxius,
893 2389 942 2408 nos
971 2382 1043 2409 enim

259 2412 412 2457 praecedes,
428 2417 533 2449 primus
545 2418 682 2448 sistendus
693 2429 785 2450 coram
801 2425 906 2452 caelesti
920 2426 1042 2457 Domino.

258 2456 326 2484 Cum
341 2465 389 2487 eos
405 2468 471 2496 ergo
498 2469 572 2491 esset
589 2466 742 2502 amplexus,
771 2470 925 2499 ducebatur
946 2474 979 2501 ad
1000 2479 1041 2510 ty-

258 2510 375 2555 rannum
393 2514 400 2532 :
427 2514 491 2534 eum
508 2513 600 2536 autem
620 2515 676 2540 tres
693 2521 804 2549 quoque
823 2517 868 2544 alii
892 2526 1040 2555 conseque-

257 2547 369 2582 bantur,
394 2552 441 2586 qui
456 2558 536 2582 erant
550 2555 675 2590 ejusdem
689 2547 773 2588 animi
786 2565 813 2588 et
827 2561 953 2592 instituti.

292 2593 385 2647 X‘Vulll.
414 2596 559 2633 Tyrannus
578 2607 670 2630 autem
687 2613 694 2632 :
710 2604 781 2634 Ouid
813 2609 902 2643 vobis,
928 2610 1037 2647 inquit,

257 2640 501 2690 accidit,ostulti,
531 2651 560 2674 ut
585 2647 698 2678 deorum
722 2653 831 2687 quidem
857 2640 974 2691 patriani
996 2640 1039 2685 di;

258 2685 406 2715 mittet-etis
431 2690 602 2727 religionem,
631 2685 809 2728 adhmreretis
824 2685 891 2729 ve'm
919 2702 964 2730 his
988 2704 1040 2730 im-

257 2732 431 2763 POSl-Ol'ibus?
457 2737 509 2764 Sed
526 2739 577 2766 nisi
592 2741 646 2768 cito
664 2744 869 2780 resipiscentes,
884 2747 916 2775 ad
947 2748 1039 2782 priora

310 2825 320 2839 "
335 2825 406 2853 Psal.
423 2835 486 2859 Lm,
503 2828 528 2861 2,
543 2837 604 2865 sqq.

1101 2247 1168 2282 ἐμοῦ
1180 2248 1298 2283 Πατέρες
1314 2249 1344 2274 ὲν
1365 2249 1515 2282 πνεύματι,
1535 2250 1559 2275 at
1573 2250 1634 2284 ἐμοὶ
1644 2250 1692 2284 τῆς
1707 2250 1746 2281 εἰς
1760 2249 1878 2284 Χριστὸν

1099 2295 1217 2325 πίστεως
1234 2294 1326 2328 ὁδηγοὶ
1348 2293 1419 2320 ὥστε
1442 2295 1514 2330 κάμὲ
1538 2296 1587 2330 τῆς
1604 2295 1681 2330 ὑμῶν
1696 2295 1820 2326 συνοδίας
1840 2295 1879 2330 μὴ

1096 2339 1232 2366 ἐκπεσεῖν.
1249 2340 1320 2374 Πρὸς
1337 2340 1399 2373 δνίοὶ
1412 2340 1494 2373 ἀγιοι·
1508 2341 1619 2375 Θάρσει,
1636 2341 1751 2375 ἔφησαν,
1764 2341 1872 2374 ἀδελφὲ,

1098 2386 1204 2421 θάρσει,
1220 2387 1266 2413 καὶ
1285 2386 1323 2422 μὴ
1349 2385 1450 2420 ἀθύμει
1461 2394 1468 2401 ’
1485 2388 1631 2422 προηγήσῃ
1645 2386 1698 2422 γὰρ
1712 2387 1790 2421 ἡμῶν
1802 2387 1878 2421 πρῶ-

1095 2440 1141 2463 τος
1152 2429 1189 2465 τῷ
1199 2432 1317 2466 οὐρανίῳ
1328 2431 1451 2467 Δεσπότῃ
1468 2432 1723 2466 παραστησάμενος.
1740 2432 1877 2459 ’Δσπασά-

1095 2486 1176 2513 μενος
1191 2475 1239 2504 οὖν
1253 2477 1361 2508 αὐτοὺς,
1380 2477 1447 2512 πρὸς
1465 2477 1509 2503 τὸν
1525 2477 1657 2511 τύραννον
1676 2477 1770 2510 ἡγετο,
1789 2478 1877 2504 συνεί-

1095 2532 1177 2550 ποντο
1192 2523 1222 2549 δὲ
1234 2522 1308 2558 αὑτῷ
1326 2522 1372 2549 καὶ
1387 2522 1477 2557 ἕτεροι
1494 2522 1568 2556 τρεῖς
1580 2521 1629 2555 τῆς
1645 2521 1731 2555 αὐτῆς
1750 2521 1876 2556 ἐχόμενοι

1096 2569 1209 2604 γνώμης
1224 2569 1271 2595 καὶ
1290 2567 1488 2604 προαιρέσεως.

1132 2615 1186 2642 lH’.
1204 2615 1234 2642 '0
1247 2614 1413 2649 δὲτύραννος
1425 2613 1458 2639 Τί
1475 2613 1638 2646 πεπόνθατε,
1653 2616 1744 2650 φησ“.ν,
1754 2615 1872 2647 ἀνόητοι.

1095 2663 1144 2696 τῆς
1165 2661 1214 2696 μὲν
1243 2660 1373 2696 πατρῴας
1401 2659 1455 2687 τῶν
1480 2659 1548 2686 θεῶν
1569 2660 1719 2696 θρησκείας
1743 2660 1874 2694 ἀφέμενοι

1092 2708 1147 2737 τοῖς
1162 2706 1301 2733 ἀπατεῶσι
1320 2706 1347 2732 δὲ
1366 2705 1471 2737 τούτοις
1492 2705 1741 2740 προσκολληθέντες
1754 2714 1761 2737 ',
1777 2705 1834 2731 ἀλλ’
1848 2706 1873 2732 εί

1095 2751 1131 2785 μὴ
1150 2751 1242 2785 τάχιον
1258 2750 1443 2784 ἀνανήψαντες
1458 2750 1630 2778 ὲπιλάὸοιοοε
1649 2750 1702 2776 τῶν
1720 2751 1870 2786 προτέρων,
