2039 3155
170 144 206 176 29
577 151 812 182 MARTYRIUM
831 154 862 183 S.
886 153 1071 186 ACINDYNI
1091 156 1137 188 ET
1158 158 1363 192 SOCIORUM.
1755 166 1792 198 30

169 204 267 238 πικρδν
279 202 350 237 ὑμᾶς
365 203 394 230 τὸ
410 203 458 238 τῆς
471 204 544 239 ζωῆς
561 205 700 240 ἐκδέξεται
715 208 814 242 πέρας.
834 208 906 243 Πρὸς
925 209 954 236 ὃν

1006 211 1154 245 redieritis,
1168 221 1217 241 vos
1230 215 1346 249 excipiet
1363 217 1479 246 acerbus
1491 219 1554 247 vitae
1568 219 1639 259 linis.
1652 219 1703 247 Cui
1717 220 1792 255 Elpi-

175 249 362 283 Ἐλπιδιφόρος
379 251 509 285 ἀπτοήτῳ
538 253 705 287 φρονήματι,
737 254 862 281 Γνωστὸν
882 255 954 282 ἔστω

171 303 222 325 σοι,
243 294 364 329 βασιλεῦ,
383 295 446 330 ἔφη,
471 297 514 322 ὅτι
542 298 598 328 τοῖς
617 298 654 333 μὴ
677 296 736 326 οὖσι
766 299 836 332 θεοῖς
853 301 884 326 οὺ
907 301 955 327 λα·-

166 339 308 374 τρεύομεν,
324 340 370 367 καὶ
384 340 423 375 τῷ
434 341 548 376 δόγματι
562 351 608 369 σου
622 343 840 379 ἀντιτασσόμεθα
852 353 860 361 ·
885 346 954 381 ὅπερ

168 383 215 411 οὖν
231 393 270 411 σοι
283 385 388 418 δοκοῦν,
405 387 534 415 ἐπιτέλει,
555 388 633 415 Ἐπεὶ
652 389 731 416 τοῦτο
748 390 865 426 ἀρέσκον
878 391 954 425 ὑμῖν,

167 433 181 457 ὁ
193 431 324 466 τύραννος
345 432 406 467 ἔφη,
425 433 456 460 τὸ
471 435 527 464 τοῖς
543 435 654 461 ἀσεϐέσι
674 437 782 468 τούτοις
799 438 954 472 ἑπομένους

167 478 214 504 τοῦ
231 478 289 504 [σου
304 479 468 514 κοινωνῆσαι
491 480 598 514 τέλους,
615 481 714 509 οὔκουν
729 483 954 518 ἀποστερήσομεν

167 523 241 557 ὑμᾶς
256 524 304 558 τῆς
319 525 452 558 ἐφέσεως,
468 526 537 553 ἀλλὰ
557 528 603 554 καὶ
622 528 672 559 τὰς
688 528 765 563 ὑμῶν
781 529 853 563 ξίφει
870 538 954 564 κεφα-

169 568 217 600 λὰς
233 570 386 605 ἐκκοπῆναι
400 572 516 600 κελεύω.
540 572 584 604 Ὧς
598 573 627 600 δὲ
643 575 746 610 ταύτης
766 576 792 602 ot
810 575 884 609 ἆγιοι
903 574 954 610 τῆς

168 615 332 650 ἀποφάσεως
351 618 482 651 ἥκουσαν.
500 619 643 654 χαίροντές
666 629 694 647 τε
709 622 756 647 καὶ
772 621 954 656 ἀγαλλόμενοι

170 661 238 696 πρὸς
255 661 302 688 τὸν
327 662 442 689 θάνατον
459 663 558 698 ἧγοντο
580 666 772 698 συνεπομένων
795 666 886 699 αὐτοῖς
907 667 954 694 καὶ

167 707 222 734 τῶν
249 708 442 743 στρατιωτῶν,
470 711 510 742 είς
536 712 710 746 τριακοσίους
731 712 954 748 ἀριθμουμένων,

167 753 192 779 οἶ
207 753 254 779 σὺν
270 753 309 787 τῷ
324 753 389 788 θείῳ
413 755 486 790 φημὶ
505 756 653 792 ’Δκινδύνῳ
675 759 721 784 καὶ
736 759 793 790 τοῖς
817 759 866 785 σὺν
881 759 954 793 αὑτῷ

169 797 260 825 θανεῖν
282 799 488 834 ἀγαπήσαντες,
519 803 566 828 καὶ
589 802 661 828 οὕτω
678 803 747 837 πρὸς
779 803 898 838 Χριστὸν
923 801 954 832 οῦ

168 843 293 877 κρεῖττον
313 844 384 879 ὑπὲρ
401 843 473 876 ζωὰς
487 846 517 871 τὸ
534 846 609 878 ἔλεος
632 847 771 878 ἀπελθεῖν,
787 846 833 873 τὸν
848 846 891 873 διὰ
918 847 954 880 ξί-

167 895 234 920 φους
247 888 372 923 δέχονται
390 889 518 922 θάνατον,
535 891 636 926 πολλὴν
647 893 694 919 τοῦ
709 893 845 928 μακαρίου
861 893 952 920 Ἀκιν-
968 885 988 913 Β

166 933 245 959 δύνου
261 935 311 969 τὴν
325 936 481 970 προθυμίαν
495 938 587 970 αὐτοῖς
606 938 795 973 ἐμποιοῦντος,
817 940 864 966 καὶ
882 939 952 975 πρὶς

167 978 198 1004 τὸ
214 980 364 1015 μαρτύριον
378 981 583 1016 ὑπαλείφοντος.

203 1025 255 1053 ΙΘ¹.
284 1027 496 1062 Ἀναιρεθιντων
519 1029 549 1055 δὲ
571 1030 627 1055 τῶν
645 1030 819 1064 στρατιωτῶν
834 1030 885 1065 ήδη
905 1031 954 1056 καὶ

167 1069 222 1096 τῶν
249 1071 460 1106 συγκλητικῶν,
494 1074 707 1108 μεταπέμπεται
737 1075 781 1101 διὰ
807 1075 913 1109 ταχέων
940 1075 954 1100 ὀ

168 1114 300 1149 τύραννος
312 1116 358 1141 τὸν
374 1117 509 1150 μακάριον
529 1118 697 1150 ’Λκίνδυνον,
713 1119 853 1153 Πηγάσιόν
866 1128 894 1145 τε
907 1119 954 1145 καὶ

176 1161 410 1195 Ἀνεμπόδιστον·
441 1161 502 1188 εἶτα
527 1163 576 1197 τὴν
606 1163 752 1198 ἀλωπεκῆν
779 1164 879 1195 ὑποδὺς
909 1163 954 1190 τδν

169 1205 273 1240 ἥμερόν
294 1214 323 1232 τε
339 1207 385 1232 καὶ
401 1208 490 1242 πρᾶον
513 1208 672 1242 ὑποκριθείς
688 1208 862 1235 σκολιώτατα
878 1217 885 1224 ·
906 1209 954 1240 Τίς

167 1252 183 1285 ἡ
200 1251 311 1285 τοιαύτη
325 1251 403 1286 ὑμῶν
424 1252 560 1285 ἔνστασις,
570 1253 674 1287 ἔλεγεν,
691 1254 729 1285 ὡς
749 1255 797 1288 τῆς
814 1254 955 1289 παρούσης

167 1297 316 1331 ἁφειδῆσαι
343 1297 426 1332 ζωῆς,
454 1299 501 1326 καὶ
525 1299 640 1326 θάνατον
662 1300 763 1334 μᾶλλον
789 1300 954 1333 ἀλλάξασθαι

167 1341 269 1376 ταύτης
283 1350 290 1374 ;
305 1342 419 1377 Μάρτυς
443 1351 494 1378 μου
508 1343 522 1369 6
550 1343 619 1378 ἡδὺς
644 1344 726 1371 πᾶσιν
749 1343 836 1379 ἥλιος,
862 1345 902 1371 ὅτι
920 1345 955 1371 τὰ

168 1388 311 1423 σπλάγχνα
326 1389 375 1416 καὶ
391 1389 441 1424 τὴν
455 1389 556 1425 ψυχὴν,
572 1390 618 1416 ἐπὶ
630 1390 669 1425 τῷ
681 1391 759 1425 ὑμῶν
771 1391 954 1424 διακόπτομαι

168 1433 278 1470 θανάτῳ
291 1441 298 1449 ⁸
317 1435 445 1470 οἰκτείρω
467 1436 521 1470 γὰρ
549 1436 621 1470 ὑμᾶς
649 1436 696 1463 καὶ
722 1437 770 1470 τῆς
784 1437 891 1472 ἡλικίας
907 1436 955 1463 καὶ

167 1480 218 1514 τῆς
235 1481 372 1515 νεότητος,
393 1483 460 1516 πρὸς
478 1483 507 1509 δὲ
526 1483 574 1509 καὶ
594 1483 644 1517 τῆς
654 1483 701 1509 τοῦ
726 1483 853 1517 σώματος
869 1483 954 1518 ὥρα·,

167 1523 202 1562 ἧς
218 1527 264 1554 καὶ
281 1527 377 1563 Θηρίον
390 1528 519 1563 ἠλέησεν,
536 1528 569 1555 ἂν
593 1531 640 1556 καὶ
663 1529 803 1563 ἐφείσατο.
819 1528 953 1564 Πείσθητε

168 1570 214 1599 οῦν
229 1581 273 1607 μοι
288 1573 348 1600 λίαν
361 1574 439 1608 ὑμῶν
460 1575 603 1609 κηδομένῳ
619 1576 666 1602 καὶ
684 1575 718 1601 τὰ
740 1576 866 1610 λυσιτελῆ
884 1583 954 1610 συμ-

168 1619 339 1646 ϐουλεύοντι·
368 1621 448 1655 ὁρᾶτε
470 1620 524 1655 γὰρ
544 1621 581 1652 ὡς
603 1621 659 1647 τῶν
689 1621 882 1656 συγκλητικῶν
909 1621 955 1648 οὗ·

169 1664 244 1695 δενδς
264 1664 281 1700 ἢ
300 1665 356 1691 τῶν
374 1665 551 1700 στρατιωτῶν
568 1665 733 1700 ἐφεισάμην.
755 1666 848 1701 ’Υμῶν
859 1667 887 1692 δὲ
903 1674 954 1692 πα-

172 1710 270 1744 τρικῶς
282 1710 399 1745 κήδομαί
413 1719 442 1736 τε
467 1710 513 1737 καὶ
537 1711 710 1746 περιέχομαι,
732 1711 892 1746 μάλιστατὸ
907 1713 954 1738 ἀν-

169 1755 267 1790 δρῶδες
283 1757 359 1791 ὑμῶν
374 1756 420 1783 λαὶ
437 1758 569 1790 γειναῐον,
581 1757 612 1783 ἐκ
622 1757 669 1783 τοῦ
681 1758 745 1792 περὶ
754 1759 805 1789 τὰς
822 1758 955 1792 βασάνους

169 1802 309 1829 ἀνενδότου
325 1803 502 1837 καταμαθών.
519 1803 550 1829 Et
565 1803 618 1838 γὰρ
635 1802 793 1838 πεισθείητέ
821 1812 884 1838 μου,
899 1804 955 1830 τῶν

169 1847 285 1882 πρώτων
307 1848 380 1882 ὑμᾶς
397 1847 508 1879 ἀξιώσω
528 1848 626 1882 τιμῶν,
641 1848 689 1875 καὶ
711 1848 786 1883 δῶρα
804 1848 954 1884 χαριοῦμαι

168 1894 217 1928 τῆς
230 1894 308 1928 ὑμῶν
327 1894 428 1929 ἀρετῆς
443 1893 517 1926 ἄξια.
540 1895 571 1920 Οί
588 1894 616 1920 δὲ
633 1894 724 1928 ἂγιοι·
747 1895 824 1930 Μήτε
849 1894 955 1930 σεαυτῷ

169 1940 280 1971 κόπους,
310 1940 426 1975 ἔφησαν,
455 1940 524 1974 μήτε
547 1939 628 1975 ἡμῶν
650 1940 713 1976 είκῆ
729 1939 791 1966 θέλε
813 1940 953 1975 παρέχειν,

170 1986 236 2012 ἀλλὰ
254 1987 321 2021 μηδὲ
334 1986 433 2020 φειδώς
450 1986 480 2012 σέ
503 1994 545 2018 τη,
557 1986 573 2021 ἢ
594 1986 670 2018 ἔλεος
683 1986 762 2021 ἡμῶν
775 1986 952 2020 λαμϐανέτω,

170 2031 291 2067 κάμψειε
319 2032 374 2067 γὰρ
400 2032 529 2058 οὐδέποτε
550 2032 596 2058 τὸν
617 2032 753 2067 ἡμέτερον
772 2031 912 2066 λογισμὸν,
937 2031 954 2066 ἦ

169 2077 280 2111 ἀγαθῶν
296 2078 472 2111 ἐπαγγελίαις
496 2078 513 2112 ἢ
537 2077 631 2104 κακῶν
644 2076 780 2109 ἀπειλαῖς,
804 2077 820 2111 ἢ
839 2076 954 2103 θανάτου

171 2122 234 2154 δέει,
250 2122 296 2148 τοῦ
318 2123 360 2148 σοὶ
379 2122 508 2157 φοϐεροῦ.
525 2122 587 2154 Πῶς
599 2122 654 2157 γὰρ
674 2122 707 2148 ἂν
734 2122 848 2149 θάνατον
871 2122 955 2156 φοϐη-

171 2168 251 2199 θεῖεν,
267 2167 314 2199 οὒς
338 2167 418 2194 τοῦτο
442 2167 542 2202 μᾶλλον
567 2167 658 2199 λυπεῖ,
677 2168 708 2194 τὸ
734 2167 819 2200 ἅπαξ,
845 2169 893 2194 καὶ
915 2169 953 2203 μὴ

1006 257 1149 292 dephorus
1162 259 1291 287 interrito
1306 265 1333 287 et
1348 264 1484 291 constanti
1498 266 1589 292 animo
1605 257 1726 293 {Notum
1740 266 1789 293 tibi

1005 303 1051 333 sit.
1066 303 1166 338 inquit,
1182 311 1199 331 ο
1214 312 1273 337 rex.
1292 307 1364 340 quod
1389 307 1466 340 deos,
1490 309 1537 343 qui
1553 317 1608 337 non
1631 316 1706 342 sunt,
1731 319 1787 338 non

1005 348 1133 380 colimus,
1159 353 1188 376 et
1206 353 1253 377 tuo
1267 351 1384 386 dogmati
1398 359 1591 387 repugnamus.
1605 355 1658 382 Fac
1670 363 1735 391 ergo
1748 356 1786 388 id,

1004 393 1078 428 quod
1093 393 1142 420 tibi
1166 394 1284 422 videtur.
1298 395 1433 428 Quoniam
1450 397 1504 424 hoc
1530 397 1608 425 vobis
1626 399 1724 433 placet,
1746 401 1788 428 in-

1004 439 1063 474 quit
1089 443 1229 474 tyrannus,
1272 441 1414 476 sequendo
1445 443 1496 470 hos
1528 443 1626 478 impios
1666 446 1786 480 ejusdem

1004 491 1114 519 quoque
1135 492 1195 512 esse
1219 485 1282 513 ﬁnis
1309 487 1410 519 socios,
1436 495 1525 523 neque
1551 496 1602 516 nos
1624 497 1672 516 vos
1694 495 1786 517 vestro

1004 530 1198 558 frus-trahimus
1225 531 1374 567 desiderio,
1390 534 1438 561 sed
1465 538 1556 561 vestra
1585 535 1676 570 capita
1701 535 1786 570 jubco

1003 575 1093 611 gladio
1110 577 1256 611 amputari.
1273 577 1342 605 Cum
1358 584 1450 606 autem
1469 580 1557 607 sancti
1577 580 1649 608 hanc
1663 581 1787 608 audivis-

1003 625 1064 649 sent
1080 622 1255 656 sententiam,
1272 623 1381 659 laetique
1397 629 1425 652 et
1437 625 1606 653 exsultantes
1620 626 1787 653 ducerentur

1004 667 1036 694 ad
1056 672 1181 702 mortem,
1198 676 1246 696 eos
1258 677 1368 704 quoque
1388 671 1622 705 consequentibus
1642 671 1785 705 militibus,

1003 713 1050 748 qui
1065 718 1144 740 erant
1159 721 1276 742 numero
1297 715 1408 742 circiter
1432 716 1559 749 trecenti,
1585 716 1631 751 qui
1657 724 1718 744 cum
1744 717 1787 744 di-

1003 758 1078 790 vino,
1099 759 1223 794 inquam,
1241 760 1383 796 Acindyno
1401 766 1428 789 et
1453 762 1514 797 ejus
1533 762 1616 789 sociis
1632 763 1701 790 mori
1726 770 1785 790 ma-

1004 802 1126 835 luerunt,
1149 808 1177 830 et
1193 804 1233 831 sic
1248 805 1343 832 venire
1362 805 1395 832 ad
1409 805 1562 838 Christum,
1580 806 1659 842 cujus
1677 807 1784 834 miscri-

1004 847 1097 875 cordia
1112 852 1153 875 est
1168 855 1250 883 supra
1266 849 1346 880 vitas,
1373 854 1489 876 mortem
1521 849 1611 884 gladio
1636 850 1784 883 accipiunt,

1003 900 1126 927 magnam
1142 894 1224 920 animi
1240 893 1410 921 alacritatem
1426 895 1466 921 eis
1479 894 1612 922 all'erente
1632 894 1785 929 Acindyno,

1003 942 1031 966 et
1051 938 1199 972 excitante,
1226 939 1385 975 animosque
1410 939 1529 968 addente
1553 939 1587 967 ad
1610 940 1785 975 martyrium.

1039 1027 1110 1054 XIX.
1127 1027 1186 1055 Jam
1204 1031 1295 1054 autem
1323 1027 1475 1055 interfectis
1498 1027 1633 1055 militibus
1657 1031 1685 1055 et
1705 1034 1786 1055 sena-

1004 1073 1118 1104 toribus,
1141 1073 1343 1107 quamprimum
1365 1073 1482 1100 accersit
1512 1078 1644 1108 tyrannus
1672 1073 1784 1100 beatum

1004 1117 1186 1152 Acindynum.
1202 1118 1400 1152 Pegasiumque
1426 1123 1453 1145 et
1471 1119 1711 1153 Anempodistum.
1736 1120 1790 1146 De-

1005 1162 1068 1189 inde
1083 1162 1193 1196 vulpina
1208 1162 1279 1196 pelle
1294 1163 1417 1195 indutus,
1429 1163 1658 1198 clementiamque
1667 1168 1695 1191 et
1708 1172 1787 1191 man-

1005 1206 1177 1233 suetudinem
1194 1206 1325 1234 simulans
1339 1207 1556 1242 perversissime,
1584 1207 1714 1240 Quaenam
1731 1213 1783 1242 est,

1005 1252 1125 1282 dicebat.
1141 1252 1202 1279 talis
1219 1256 1311 1279 vestra
1334 1253 1502 1285 constantia,
1513 1257 1550 1280 ut
1565 1253 1627 1281 vitae
1643 1254 1786 1288 praesentis

1005 1297 1065 1325 sitis
1087 1297 1206 1332 prodigi,
1223 1302 1251 1325 et
1273 1305 1334 1325 eam
1360 1302 1448 1326 morte
1473 1299 1668 1326 commutetis?
1693 1299 1786 1327 Testis

1005 1342 1041 1369 sit
1070 1342 1137 1368 mihi
1171 1342 1223 1374 sol,
1250 1342 1297 1377 qui
1325 1348 1367 1370 est
1388 1343 1529 1379 jucundus
1557 1345 1696 1375 omnibus,
1714 1345 1788 1379 quod

1005 1391 1117 1421 propter
1132 1391 1251 1414 vestram
1269 1391 1385 1414 mortem
1399 1388 1468 1415 mihi
1494 1389 1659 1416 scinduntur
1681 1391 1786 1417 viscera

1005 1437 1032 1460 et
1050 1433 1151 1459 anima.
1167 1433 1296 1460 Misereor
1323 1434 1396 1461 enim
1413 1437 1510 1461 vestrae
1534 1435 1622 1462 aetatis
1645 1439 1673 1462 et
1687 1436 1785 1471 juven-

1007 1479 1083 1512 tutis,
1111 1484 1138 1506 et
1166 1480 1291 1514 corporis
1319 1488 1428 1515 quoque
1456 1481 1684 1515 pulchritudinis,
1709 1481 1811 1516 cujus,

1005 1526 1049 1553 vel
1076 1526 1254 1552 misereretur
1277 1525 1375 1558 bestia,
1399 1530 1428 1553 et
1449 1526 1474 1553 ei
1504 1531 1641 1562 parceret.
1677 1527 1787 1555 Credite

1004 1578 1070 1606 ergo
1085 1570 1162 1602 mihi.
1181 1570 1228 1605 qui
1241 1571 1325 1598 vestri
1347 1578 1471 1606 magnam
1485 1579 1577 1599 curam
1594 1580 1668 1607 gero,
1683 1576 1710 1599 et
1723 1580 1789 1599 con-

1004 1618 1064 1645 sulo
1081 1624 1141 1651 qua:
1158 1621 1223 1644 sunt
1243 1617 1330 1644 utilia.
1347 1617 1452 1645 Videtis
1466 1618 1553 1650 enim,
1569 1618 1707 1653 quomodo
1722 1619 1788 1645 nulli

1005 1664 1175 1699 pepercerim
1191 1663 1320 1695 senatori,
1337 1671 1387 1690 nec
1406 1662 1496 1690 militi.
1513 1663 1603 1691 Vestri
1623 1668 1714 1691 autem
1738 1671 1788 1698 pa-

1005 1713 1083 1737 ternc
1099 1717 1191 1737 curam
1203 1715 1278 1744 gero,
1293 1713 1321 1736 et
1334 1716 1383 1735 vos
1398 1709 1558 1744 amplector,
1572 1714 1601 1737 ut
1611 1710 1657 1744 qui
1671 1713 1788 1737 vestram

1007 1755 1151 1785 didicerim
1174 1755 1303 1782 virtutem
1321 1760 1349 1782 et
1362 1755 1553 1782 fortitudinem
1581 1762 1614 1782 ex
1634 1755 1788 1782 constantia

1006 1802 1034 1828 in
1059 1801 1215 1828 tormentis.
1235 1801 1263 1827 Si
1281 1800 1355 1827 enim
1373 1801 1439 1827 mihi
1457 1801 1613 1835 parueritis,
1629 1807 1678 1828 vos
1693 1801 1790 1835 primis

1005 1846 1139 1882 dignabor
1174 1846 1336 1878 honoribus,
1370 1849 1398 1873 et
1430 1847 1576 1873 concedam
1608 1846 1677 1873 dona
1708 1846 1788 1881 digna

1005 1898 1096 1920 Vestra
1110 1891 1222 1922 virtute.
1240 1891 1332 1919 Sancti
1350 1896 1454 1918 autem:
1472 1891 1527 1918 Nec
1555 1891 1616 1923 tibi,
1647 1891 1788 1924 dixerunt,

1005 1946 1056 1966 nec
1069 1938 1149 1966 nobis
1164 1937 1265 1965 frustra
1283 1938 1392 1965 labores
1405 1938 1515 1965 exhibe.
1534 1937 1588 1965 Sed
1604 1945 1656 1965 nec
1685 1942 1713 1964 tu
1738 1944 1789 1964 no-

1005 1985 1048 2011 bis
1062 1991 1168 2018 parcas,
1183 1991 1234 2010 nec
1247 1987 1274 2010 te
1293 1983 1378 2010 nostri
1393 1984 1447 2010 ulla
1462 1987 1569 2011 moveat
1586 1982 1788 2014 misericordia,

1005 2036 1125 2058 mentem
1143 2031 1216 2058 enim
1238 2035 1360 2058 nostram
1378 2038 1517 2065 nunquam
1535 2030 1642 2061 ﬂectes,
1665 2034 1712 2057 aut
1738 2029 1788 2056 bo-

1005 2085 1102 2104 norum
1119 2076 1270 2111 promissis,
1291 2081 1339 2104 aut
1363 2076 1447 2103 minis
1478 2076 1611 2103 malorum
1635 2074 1786 2106 intentatis,

1004 2126 1053 2149 aut
1065 2127 1139 2149 metu
1158 2122 1266 2154 mortis,
1281 2129 1342 2157 qua:
1357 2126 1400 2149 est
1414 2121 1463 2148 tibi
1487 2121 1628 2147 terribilis.
1645 2120 1788 2153 Quomodo

1005 2167 1079 2194 enim
1107 2172 1222 2194 mortem
1250 2167 1403 2198 timuerint,
1426 2173 1496 2200 quos
1514 2165 1567 2192 hoc
1593 2165 1680 2200 magis
1705 2165 1790 2192 allicit

171 2214 300 2248 μυριάκις
313 2213 444 2240 δύνασθαι
457 2213 584 2248 θνήσκειν
601 2213 672 2249 ὑπὲρ
697 2213 816 2249 Χριστοῦ
832 2223 840 2247 ;
855 2215 954 2250 Τάχιον

1007 2212 1130 2240 molestia
1145 2212 1217 2246 quod
1235 2211 1317 2238 semel
1337 2215 1366 2237 ct
1389 2218 1444 2238 non
1468 2211 1570 2237 millies
1588 2212 1693 2245 possint
1717 2211 1787 2238 mori

170 2257 216 2285 οὖν
229 2258 259 2284 τὸ
267 2258 318 2294 ἤδη
330 2266 370 2284 σοι
381 2257 476 2293 κριθὲν
487 2257 608 2292 ποίησον.
641 2257 798 2293 Ἐκδέχεται
811 2258 866 2294 γὰρ
881 2260 954 2294 ἡμᾶς

170 2305 184 2330 ό
199 2303 255 2330 τῶν
270 2303 355 2337 ἁγίων
378 2304 468 2339 χορὸς,
486 2303 529 2330 ῐνα
543 2312 585 2330 σοι
598 2304 644 2330 καὶ
658 2303 774 2339 χάριτας
790 2305 892 2339 μᾶλλον
906 2306 955 2341 τῆς

170 2349 279 2384 ταχείας
290 2349 509 2384 ὁμολογήσαιμεν
531 2349 708 2381 τελειώσεως.

205 2441 249 2467 ις’.
267 2439 297 2466 '0
308 2439 336 2465 δὲ
352 2439 402 2473 τὴν
417 2438 520 2473 σκηνὴν
534 2438 630 2470 λύσας,
646 2440 691 2466 καὶ
704 2439 755 2474 τὴν
769 2439 955 2475 προσποίητον

172 2485 339 2519 ἡμερότητα,
351 2485 399 2511 Μὰ
413 2486 477 2516 τοὺς
491 2484 580 2516 θεοὺς,
596 2483 683 2516 εἶπεν,
699 2485 756 2512 ἀλλ’
773 2487 824 2513 οὑκ
847 2487 882 2513 ἂν
895 2486 955 2513 ἐπι-

170 2529 303 2565 τεύξησθε
318 2531 368 2564 τῆς
385 2531 542 2566 ἐπιθυμίας.
564 2531 680 2557 Κελεύει
700 2532 791 2559 τοίνυν
815 2533 951 2568 σιδηροδέ-

170 2584 234 2607 τους
249 2575 350 2614 αρτοὺς
363 2576 536 2610 γενομένους,
552 2577 581 2603 ὲν
592 2577 786 2612 ἀσφαλεστάτῃ
799 2579 833 2612 τῇ
845 2578 953 2614 φρουρᾷ

171 2608 327 2656 τηρεῖδθαι.
345 2608 473 2651 Λῦτδςνδὲ
494 2622 560 2656 παρ’
581 2608 646 2657 ὅλην
668 2608 887 2657 διασκεῷάμενος

173 2667 269 2700 νύκτα,
284 2667 354 2701 ποίῳ
366 2667 398 2693 ἀν
411 2666 509 2698 αὐτοὺς
523 2667 630 2704 διολέσῃ
643 2669 762 2703 θανάτῳ,
776 2670 884 2704 πρωῖας
902 2670 952 2705 ἠδη

173 2712 332 2747 γενομένης,
348 2712 454 2738 κελεύει
475 2711 591 2746 κάμινον
617 2713 782 2748 ἑξαφθεῖσαν
797 2715 837 2741 ὃτι
855 2715 954 2751 πολλὴν

173 2759 235 2789 τοὺς
250 2757 340 2789 θείους
359 2757 504 2784 ὺπολαδεῖν
529 2758 680 2793 μάρτυρας,
709 2759 779 2786 ὥστε
799 2760 854 2786 τῶν
869 2760 953 2794 ἁγίων

173 2803 266 2830 αὐτῶν
279 2805 414 2838 σωμάτων
425 2804 516 2831 τέλεον
533 2803 788 2839 ἐοιδαπανηθέντων,
806 2806 873 2841 μηδὲ
889 2805 953 2840 χοῦν

175 2849 371 2884 ὑπολειςθῆναι
389 2851 572 2884 Χριστιανοῖς,
591 2850 674 2877 πόθου
697 2852 743 2878 τοῦ
765 2852 832 2887 πρὸς
856 2852 952 2883 αὐτοὺς

1005 2265 1057 2293 pro
1082 2257 1216 2285 Christo?
1238 2256 1290 2284 Fac
1309 2263 1376 2291 ergo
1406 2256 1461 2282 cito
1484 2255 1521 2288 id.
1554 2256 1627 2291 quod
1642 2260 1701 2284 ate
1730 2256 1785 2291 jam

1005 2308 1048 2331 est
1058 2302 1220 2339 jndicatum.
1248 2301 1303 2328 Nos
1330 2301 1404 2328 enim
1427 2305 1568 2336 exspectat
1594 2302 1696 2329 chorus
1724 2309 1787 2329 san-

1006 2353 1111 2376 ctorum
1126 2357 1132 2376 :
1154 2352 1185 2375 ut
1202 2347 1284 2375 etiam
1305 2347 1392 2382 magis
1407 2347 1456 2375 tibi
1475 2355 1588 2383 agamus
1606 2347 1708 2383 gratias
1723 2355 1788 2383 pro-

1004 2399 1067 2429 pter
1081 2394 1198 2421 celerem
1214 2398 1493 2421 consummattonem.
1531 2413 1538 2423 τ

1042 2439 1100 2466 XX.
1116 2439 1163 2466 Ille
1177 2443 1267 2466 autem
1287 2438 1412 2473 deposita
1428 2445 1556 2474 persona,
1583 2443 1609 2466 et
1626 2439 1687 2466 [leta
1700 2438 1789 2466 ablata

1005 2484 1238 2512 mansuetudine:
1255 2483 1315 2511 Non
1340 2491 1389 2518 per
1409 2484 1486 2518 deos,
1511 2485 1611 2520 inquit,
1638 2491 1692 2511 non
1713 2492 1788 2511 asse-

1005 2530 1127 2566 quemini
1145 2529 1183 2562 id,
1202 2529 1274 2564 quod
1290 2529 1463 2558 desideratis.
1477 2530 1559 2558 Jubet
1574 2537 1639 2565 ergo
1653 2537 1712 2562 eos,
1726 2536 1789 2556 cum

1003 2574 1194 2604 fuerintl'erro
1209 2575 1305 2608 vincti,
1323 2575 1351 2603 in
1380 2576 1517 2603 tutissima
1535 2576 1639 2603 servari
1653 2576 1786 2604 custodia.

1004 2623 1064 2658 ipse
1077 2627 1169 2650 autem
1186 2630 1248 2649 cum
1265 2627 1321 2650 tota
1335 2627 1416 2650 nocte
1435 2622 1647 2655 considerasset,
1672 2630 1789 2658 quanam

1004 2672 1092 2696 morte
1108 2674 1157 2695 eos
1174 2667 1305 2699 alliceret,
1324 2674 1403 2694 mane
1418 2667 1497 2702 jubet
1511 2667 1538 2694 in
1559 2667 1699 2694 fornacem
1718 2667 1789 2702 ignis

1003 2713 1146 2741 ardentem
1162 2712 1271 2740 divinos
1283 2713 1374 2746 jacere
1391 2715 1535 2747 martyres,
1551 2717 1580 2738 ut
1595 2713 1708 2740 omnino
1722 2720 1788 2739 con-

1004 2760 1119 2794 sumptis
1132 2758 1237 2786 sanctis
1251 2765 1346 2786 eorum
1375 2757 1547 2792 corporibus,
1576 2765 1608 2785 ne
1634 2758 1703 2785 cinis
1729 2758 1791 2792 qui-

1005 2806 1066 2832 dcm
1092 2804 1296 2838 relinqueretur
1320 2803 1483 2830 Christianis
1499 2803 1626 2831 desiderii
1650 2803 1691 2830 sui
1717 2803 1791 2830 sola-

1006 2852 1082 2878 tium.
1099 2850 1150 2883 Qui
1180 2857 1241 2877 cnm
1259 2856 1319 2876 mox
1348 2848 1438 2876 educti
1464 2849 1577 2878 fuissent
1609 2857 1622 2877 e
1651 2849 1798 2882 custodia,
