2039 3155
267 139 299 172 31
894 133 1035 164 MENSIS
1056 134 1274 164 NUVEMBER.
1851 136 1887 167 3‘2

268 199 309 226 eis
327 203 422 231 magna
439 200 504 221 voce
526 193 690 221 acclamavit
707 196 858 228 tyrannus:
884 191 953 219 Ecce
983 198 1050 226 prae-

1105 190 1290 225 παραμύθιον.
1308 186 1357 217 Ὧν
1384 192 1454 218 κατὰ
1479 192 1558 226 τάχος
1587 191 1752 226 ἐνεχθέντων
1768 193 1821 219 ἀπὸ
1840 195 1890 229 τῆς

267 243 320 270 mia
340 246 434 269 rostra:
452 238 659 271 iuobedientiat,
685 238 833 265 ostendens
848 245 930 264 manu
957 237 1048 264 forna-

267 294 335 318 cem,
353 292 434 320 quam
451 284 543 310 nullus
557 283 640 314 alius,
654 283 701 310 sed
718 291 766 310 vos
783 283 860 309 vobis
872 282 939 316 ipsis
955 289 1050 308 accen-

265 331 353 357 distis.
367 329 528 365 Acindynus
544 336 612 363 ergo
627 329 724 355 beatus
744 327 847 354 Christi
867 331 970 362 martyr
987 334 1049 354 cum

265 375 460 405 intellexisset,
476 382 557 409 quam
584 378 658 401 esset
674 373 827 401 malitiosus
844 376 870 399 et
898 372 1050 406 versipellis

267 425 421 456 tyrannus:
454 416 546 452 FOrte,
567 420 665 454 inquit,
693 418 852 453 prophetice
871 418 920 444 tibi
946 425 1046 444 nomen

267 467 400 501 imposuit
429 472 525 498 mater,
550 465 577 492 id
601 464 675 492 enim
691 469 795 498 patrem
824 463 979 490 daemonum
1011 463 1050 490 si-

267 512 390 547 gniﬁcat.
403 511 442 538 Tu
457 515 547 538 autem
573 518 628 537 non
657 515 734 544 pater
753 509 919 541 dremonum,
946 509 993 536 sed
1021 516 1050 536 es

268 562 362 591 aperte
382 557 452 584 ﬁlius
473 557 542 591 ejus,
569 556 616 590 qui
637 555 687 582 fuit
712 554 848 581 homicida
877 554 911 581 ab
944 555 1024 582 initio
1042 563 1049 581 :

267 602 395 636 quoniam
417 601 475 635 ejus
499 607 582 635 opera
617 600 744 632 imitaris,
767 605 797 626 ut
832 600 878 634 qui
908 600 1051 627 hominum

267 646 411 680 sanguine,
427 646 497 672 sicut
524 646 592 680 ipse,
622 645 777 672 delecteris.
805 645 851 672 llle
878 653 954 678 vero,
988 654 1050 673 cum

267 690 344 716 verbi
364 690 516 717 accerbitas
531 690 589 725 ejus
621 690 742 717 animum
768 692 977 723 momordisset,"
993 699 1052 719 ma-

267 741 309 763 tre
328 744 376 763 sua
399 736 530 763 accersita
551 746 556 763 :
574 737 643 769 Quid
673 737 752 769 mihi,
775 738 880 772 inquit,
906 745 922 765 ο
950 743 1049 771 mater,

268 786 367 805 nomen
383 778 436 805 sibi
453 779 533 805 vult?
558 779 605 806 llla
631 785 722 807 autem
740 791 746 808 :
774 781 848 812 Scio,
865 782 965 816 inquit,
999 782 1053 810 hoc

268 831 329 850 esse
363 824 410 850 tibi
429 828 584 858 paternum.
601 825 738 858 Quidnam
753 834 819 854 vero
844 828 932 862 possit
946 828 1050 862 signiﬁ-

269 875 341 898 care,
359 869 461 896 nescio.
481 868 598 904 Sapores
614 875 705 898 autem
722 880 729 897 ε
747 871 800 899 Sed
821 872 876 904 isti,
894 873 992 907 inquit,
1007 881 1052 901 ca-

269 914 438 940 coda-mones
457 914 552 945 dicunt
566 915 618 942 hoc
636 916 792 953 signiﬁcare
820 923 924 952 patrem
952 918 1052 946 daemo—

267 967 344 986 num.
366 960 443 992 Quod
469 961 489 988 si
513 961 633 988 habeant
658 963 800 989 veritatem
816 963 844 989 in
861 963 912 990 hoc
925 964 976 991 sibi
997 965 1052 992 sui-

268 1005 427 1041 rI-agantem,
451 1015 506 1034 non
530 1007 600 1039 illos,
624 1007 672 1035 sed
698 1013 724 1035 te
744 1009 820 1042 prius
839 1010 942 1037 tradam
970 1012 1050 1039 morti

268 1052 381 1079 acerbae.
410 1052 457 1079 llla
476 1059 542 1080 vero
578 1052 751 1081 subridens:
780 1054 920 1088 Omnino,
951 1057 1049 1091 inquit,

267 1097 318 1123 nisi
334 1098 385 1124 hoc
407 1102 502 1131 aperte
522 1102 645 1130 nossent,
669 1107 723 1127 non
746 1100 783 1127 ita
812 1101 945 1129 auderent
972 1102 1048 1137 loqui

267 1143 359 1170 multis
386 1143 577 1178 praesentibus.
593 1144 661 1171 llinc
673 1145 772 1172 factum
801 1151 843 1174 est
869 1151 898 1174 ut
917 1148 967 1180 ira,
989 1156 1050 1183 qua:

265 1189 388 1216 cohiberi
403 1197 455 1216 non
473 1193 589 1224 poterat,
604 1191 742 1218 invaderet
758 1192 831 1220 hunc
841 1195 1048 1227 exsecrandum,

265 1234 414 1268 statimque
440 1241 501 1261 cum
529 1235 610 1262 simul
635 1243 697 1262 cum
724 1237 779 1264 Deo
804 1245 978 1266 communem
1004 1240 1052 1267 ab-

265 1284 393 1314 negasset
417 1285 552 1313 naturam,
570 1286 598 1308 et
614 1289 665 1309 nec
682 1282 769 1316 ipsum
787 1285 916 1312 omnibus
938 1286 1051 1313 charum

265 1333 366 1352 nomen
402 1326 496 1354 matris
529 1332 602 1354 esset
635 1329 780 1361 reveritus,
814 1330 887 1364 quod
911 1331 952 1358 vel
986 1332 1052 1366 ipsis

265 1370 333 1397 feris
348 1375 376 1398 et
391 1371 557 1399 animalibus
578 1373 693 1400 rationis
708 1375 865 1409 expertibus
894 1375 973 1404 aﬁ‘crt
1006 1384 1050 1404 re-

265 1417 431 1448 verentiam,
448 1417 472 1444 ei
490 1426 587 1445 manus
611 1419 708 1454 injicit,
735 1427 832 1447 manus
846 1428 862 1448 ο
881 1421 992 1456 (divina
1007 1422 1050 1457 ju-

264 1462 339 1489 stitia
351 1463 378 1496 l}
396 1462 476 1490 homo
491 1465 519 1490 in
535 1469 662 1498 matrem,
673 1470 700 1492 et
717 1471 831 1493 matrem
844 1467 899 1502 jam
920 1468 1048 1501 vetulam,

265 1511 294 1534 et
307 1507 378 1535 ﬁlius
387 1509 465 1536 matri
479 1509 604 1545 impingit
613 1510 729 1545 alapam,
748 1512 884 1546 egregiam
894 1513 918 1540 ei
931 1513 1047 1542 reddens
1064 1521 1087 1553 ο

265 1553 422 1581 mercedem
435 1555 606 1588 nutritionis,
621 1561 669 1583 aut
685 1557 777 1591 potius
790 1557 920 1586 lubenter
934 1558 1048 1592 dixeris,

265 1599 312 1634 qui
337 1599 469 1635 majorem
488 1601 549 1635 jure
566 1605 626 1628 erat
638 1602 807 1636 redditurus,
831 1604 906 1638 quod
927 1605 971 1632 illa
997 1606 1049 1633 tale

265 1645 366 1672 malum
401 1645 428 1672 in
455 1645 544 1673 lucem
563 1646 692 1674 ediderit.
720 1648 768 1675 llla
787 1653 878 1676 autem
903 1651 1050 1683 procidens

264 1690 298 1716 ad
316 1690 400 1724 pedes
417 1695 585 1718 sanctorum:
610 1691 724 1720 Servate
749 1701 836 1721 meam
865 1699 1049 1730 senectutem,

265 1736 335 1762 dixit
349 1743 412 1763 eum
428 1737 523 1764 multis
540 1736 680 1772 lacrymis.
700 1738 791 1773 Ipsum
807 1739 892 1772 enim,
914 1741 1049 1775 utrvideo,

266 1781 407 1814 Satanam,
422 1782 498 1809 illum
511 1783 600 1818 ipsum
616 1791 667 1818 ego
682 1784 775 1819 genui.

301 1827 374 1854 XXI.
393 1829 441 1856 llle
457 1834 550 1856 autem
577 1829 651 1856 illam
675 1831 882 1866 nihilipendens
910 1837 938 1860 et
959 1834 1050 1868 repel-

266 1873 338 1904 lens.
370 1874 480 1902 intuens
502 1875 536 1902 ad
566 1881 722 1911 martyres:
759 1877 866 1911 Vestra,
892 1880 992 1914 inquit,
1023 1880 1050 1907 in

267 1919 347 1946 malis
365 1921 568 1954 perseverantia
598 1921 680 1949 elﬁcit
702 1927 732 1949 ut
748 1923 827 1951 vobis
843 1924 938 1951 fornax
955 1933 1052 1953 accen-

267 1965 348 1992 datur
365 1966 492 2000 amplius.
509 1966 551 1994 llli
565 1975 641 2001 vero,
665 1968 723 1996 Tua
750 1973 856 2002 mater,
887 1970 974 2002 aiunt,
1005 1979 1053 1998 cu-

266 2018 304 2038 rae
321 2010 368 2038 tibi
385 2012 422 2038 sit
437 2011 464 2038 in
489 2013 646 2046 praesentia.
660 2013 730 2046 Quid
746 2014 818 2042 enim
844 2016 927 2043 animi
950 2016 1051 2044 habea-

267 2063 340 2089 mus,
366 2057 422 2092 jam
445 2059 513 2085 satis
542 2066 572 2086 es
595 2064 734 2094 expertus.
766 2061 909 2096 Tyrannus
947 2067 1050 2090 autem:

266 2102 335 2135 Quid
361 2111 404 2135 ea,
422 2103 521 2139 inquit,
543 2104 580 2131 sit
595 2104 663 2131 mihi
680 2106 774 2133 curat?
788 2106 817 2133 Si
835 2107 895 2140 tibi,
913 2108 1050 2142 inquiunt,

268 2150 424 2177 remittetur
442 2151 543 2182 scelus,
576 2150 623 2185 qui
647 2150 763 2186 injustas
792 2159 890 2180 manus
907 2152 934 2179 in
951 2153 1049 2188 ,ipsam

1102 236 1236 270 φυλακῆς,
1251 236 1384 270 ἐπεφώνει
1407 237 1514 267 τούτοις
1543 237 1557 263 ὁ
1582 237 1723 273 τύραννος,
1757 239 1822 266 Ἰδοὺ
1838 240 1890 274 τῆς

1100 281 1243 313 ἀπειθείας
1254 283 1332 316 ὑμῶν
1356 283 1390 309 τὰ
1412 283 1551 317 ἐπίχειρα,
1567 283 1617 318 τὴν
1633 284 1748 318 κάμινον
1764 286 1796 319 τῇ
1815 286 1889 319 χειρὶ

1100 327 1218 359 δεικνὺς,
1234 328 1266 363 ἢν
1285 328 1372 359 οὐδεὶς
1394 329 1499 363 ἕτερος,
1518 329 1578 357 ἀλλ’
1609 330 1688 364 ὑμεῖς
1709 330 1815 362 ἑαυτοῖς
1831 332 1888 364 ἐξε-

1101 373 1232 399 καύσατε.
1265 373 1420 404 Ἀκίνδυνςς
1436 373 1510 400 οὗνὸ
1535 374 1672 408 μακάριος
1697 375 1743 400 τοῦ
1767 375 1887 410 Χριστοῦ

1102 418 1217 453 μάρτυς.
1242 418 1272 444 τδ
1295 418 1342 444 τοῦ
1358 419 1491 453 τυράννου
1513 419 1678 454 κακότεχνον
1701 421 1748 445 καὶ
1767 421 1888 448 ποικίλον

1102 463 1280 498 καταμαθὼν,
1302 464 1378 498 Τάχα
1400 464 1580 499 προφητικῶς
1600 473 1652 496 σοι,
1671 467 1748 499 φησὶ,
1769 466 1887 501 τοῢνομα

1099 509 1224 535 τέθεικεν
1250 509 1267 544 ἡ
1296 509 1546 543 τεκοῦσα,πατέρα
1563 510 1616 546 γὰρ
1642 511 1781 545 δαιμόνων
1810 513 1889 539 τοῦτο

1100 555 1176 588 δηλοῖ
1190 563 1196 570 ·
1213 555 1245 582 σὺ
1261 555 1288 581 δὲ
1303 555 1333 581 οὗ
1349 555 1439 590 πατὴρ
1451 555 1596 590 δαιμόνων,
1610 556 1668 582 ἀλλ’
1683 557 1740 587 υἱὸς
1758 557 1887 592 ἄντικρυς

1101 598 1135 632 εἴ,
1152 600 1198 627 τοῦ
1214 601 1332 636 ἑξαρχῆς
1353 600 1590 636 ἀνθρωποκτόνου,
1621 603 1682 628 ἐπεὶ
1707 604 1755 629 καὶ
1771 603 1805 629 τὰ
1819 603 1888 638 ἔργα

1100 645 1197 672 τούτου
1225 646 1318 680 ζηλοῖς
1346 646 1461 679 αῐμασιν
1489 647 1640 680 ἀνθρώπων
1663 647 1767 682 χαίρων
1793 649 1888 684 ῶσπερ

1101 691 1194 722 αὑτός.
1227 690 1256 716 '0
1274 691 1302 717 δὲ
1321 690 1360 725 τῷ
1383 691 1475 726 πικρῷ
1492 691 1537 717 τοῦ
1557 692 1680 726 ῥήματος
1706 693 1814 727 δηχθεὶς
1839 695 1889 728 τὴν

1100 736 1200 771 ψυχὴν,
1215 737 1265 771 τὴν
1276 737 1373 762 ἑαυτοῦ
1391 736 1497 772 μητέρα
1513 737 1775 772 μεταπεμψάμενος,
1795 739 1827 764 Τί
1843 748 1887 774 μοι

1103 783 1180 816 φησι,
1198 783 1295 816 μῆτερ,
1309 783 1340 807 τὸ
1359 781 1444 815 ὄνομα
1463 781 1559 816 δηλοῦν
1575 782 1714 816 βούλεται;
1737 783 1768 808 'H
1788 783 1816 810 δὲ
1836 793 1889 811 πα-

1102 826 1190 862 τρῷον
1217 827 1267 862 μὲν
1285 825 1343 853 οἶδα
1363 827 1442 853 τοῦτό
1466 835 1507 853 σοι
1521 828 1666 861 τυγχάνον,
1683 828 1696 854 ὖ
1721 828 1749 854 δὲ
1777 829 1890 856 δύναται

1106 873 1248 907 σημαίνειν
1259 872 1406 907 ἐπίσταμαι
1414 873 1547 907 οὐδαμῶς.
1562 875 1615 900 Καὶ
1626 875 1639 900 δ
1659 874 1810 908 Σαπσῖηριος,
1821 875 1889 901 Ἀλλ’

1104 918 1128 944 οἱ
1147 918 1343 952 κακοδαίμονες
1357 914 1439 950 οὗτοι,
1456 919 1534 953 φησὶ,
1550 919 1655 952 πατέρα
1673 919 1781 952 λέγουσι
1793 920 1889 954 δαιμό-

1105 972 1157 990 νων
1168 963 1248 992 τοῦτο
1267 963 1373 997 δηλοῦν,
1388 964 1435 990 καὶ
1452 965 1484 998 νὴ
1496 964 1546 999 τὴν
1563 965 1633 999 ἐμὴν
1648 966 1796 999 σωτηρίαν,
1815 967 1841 992 ετ
1857 974 1889 1000 γε

1104 1009 1150 1035 καὶ
1163 1009 1213 1043 τὴν
1225 1009 1352 1043 ἀλήθειαν
1362 1009 1392 1034 ὲν
1403 1009 1490 1042 τούτῳ
1503 1009 1750 1044 συμφθεγγομένην
1767 1011 1888 1045 ἔχουσιν,

1103 1054 1153 1080 οὐκ
1169 1054 1302 1086 ἐκείνους,
1329 1054 1397 1080 ἀλλὰ
1422 1053 1452 1080 σὲ
1480 1055 1612 1089 πρότερον
1628 1055 1720 1090 πικρῷ
1734 1056 1889 1090 παραδώσω

1103 1098 1220 1132 θανάτῳ.
1236 1097 1268 1124 ’11
1285 1099 1312 1125 δὶ
1325 1098 1553 1133 ὑπομειδιάσασα,
1575 1100 1686 1131 Πάντως
1699 1101 1724 1126 εί
1744 1101 1781 1136 μὴ
1800 1102 1888 1134 τοῦτο,

1102 1142 1167 1177 ἔφη,
1188 1143 1281 1176 σαφῶς
1304 1144 1412 1178 ᾔδεσαν,
1436 1144 1487 1169 οὐκ
1513 1144 1547 1170 ἂν
1566 1144 1653 1175 οὓτως
1681 1146 1814 1180 ἐθάρρουν
1837 1147 1890 1173 ὑπὸ

1104 1188 1212 1218 πολλοῖς
1230 1189 1286 1218 τοῖς
1303 1188 1458 1223 παρεστῶσι
1475 1189 1576 1216 λαλεῖν,
1594 1190 1684 1224 Θυμὺς
1711 1191 1825 1226 ἄσχετος
1845 1193 1888 1222 ὲν-

1103 1233 1198 1259 τεῦοεν
1230 1233 1364 1267 λαμὸίινει
1389 1234 1434 1260 τὸν
1460 1234 1608 1268 βδελυρὸν,
1640 1237 1688 1261 καὶ
1717 1240 1890 1273 παραχρῆμα

1107 1278 1177 1311 μετὰ
1189 1277 1257 1303 Θεοῦ
1273 1279 1319 1304 καὶ
1334 1278 1382 1313 τὴν
1393 1278 1486 1313 κοινὴν
1496 1279 1581 1314 φύσιν
1596 1280 1827 1316 ὲξαρνησάμενος,
1843 1285 1890 1310 καὶ

1107 1323 1173 1359 μηδὲ
1198 1324 1264 1351 αὐτὸ
1279 1325 1309 1350 τὸ
1326 1325 1403 1358 φίλον
1429 1327 1497 1352 πᾶσι
1519 1326 1569 1360 τῆς
1594 1329 1698 1362 μητρὸς
1721 1328 1890 1364 δυσωπηοετς

1105 1370 1200 1404 ινομα,
1218 1370 1232 1396 ὃ
1253 1371 1299 1396 καὶ
1322 1372 1418 1406 θηρσὶν
1439 1372 1506 1398 αίδῶ
1524 1373 1613 1406 φέρει,
1631 1373 1679 1399 καὶ
1698 1375 1753 1404 τοῖς
1771 1374 1889 1408 ἀλόγοις,

1104 1416 1198 1451 χεῖρας
1213 1416 1356 1442 ἐπιϐάλλει.
1366 1417 1462 1452 ταύτῃ,
1475 1419 1579 1452 χεῖρις,
1602 1418 1624 1444 ὢ
1639 1418 1698 1444 οεία
1713 1418 1788 1454 δίκη,
1815 1421 1887 1447 κατὰ

1105 1463 1210 1497 μητρδς
1241 1463 1384 1497 ἄνθρωπος
1407 1464 1456 1489 καὶ
1482 1464 1586 1498 μητρὸς
1607 1465 1725 1499 γηραιᾱς
1754 1466 1814 1500 ἢδη,
1842 1467 1890 1492 καὶ

1105 1508 1158 1540 πὺξ
1176 1507 1262 1543 αὐτὴν
1277 1509 1348 1534 κατὰ
1371 1509 1475 1543 κόρρης
1495 1510 1582 1540 παίει,
1602 1510 1673 1536 καλά
1693 1519 1725 1544 γε
1749 1511 1889 1542 ἀποδιδοὺς

1102 1554 1172 1588 αὐτῇ
1188 1553 1221 1580 τὰ
1240 1555 1365 1589 τροφεῖα,
1381 1555 1397 1589 ἢ
1419 1555 1520 1588 μᾶλλον
1540 1553 1617 1582 εἶπεν
1631 1556 1663 1582 ἄν
1677 1565 1718 1588 τις
1732 1557 1827 1591 ἡδέως.
1842 1559 1889 1584 καὶ

1103 1599 1192 1634 πολλῷ
1222 1598 1333 1634 μείζονα
1364 1599 1469 1630 δίκαιος
1493 1599 1530 1626 ὢν
1552 1601 1710 1633 ἀποδοῦναι,
1737 1603 1778 1628 ὅτι
1804 1603 1889 1628 κακὴν

1101 1644 1191 1679 ἐκείνη
1215 1645 1336 1671 τοιοῦτον
1356 1646 1394 1676 εἰς
1423 1645 1481 1678 φῶς
1502 1646 1628 1680 ήνεγκεν.
1657 1646 1689 1673 'H
1713 1647 1741 1673 δὲ
1764 1649 1819 1678 τοῖς
1835 1647 1888 1673 τῶν

1102 1691 1188 1724 ἁγίων
1210 1692 1274 1718 ποσὶ
1298 1691 1522 1726 προσδραμοῦσα,
1540 1692 1651 1718 Σώσατέ
1677 1701 1727 1726 μου
1746 1693 1774 1718 τὸ
1787 1693 1886 1728 γῆρας,

1102 1736 1166 1771 ἔφη.
1183 1736 1231 1762 σὺν
1247 1736 1353 1768 πολλοῖς
1365 1738 1421 1768 τοῖς
1433 1737 1564 1772 δάκρυσιν
1577 1746 1583 1752 ·
1600 1738 1682 1764 αὐτὸν
1700 1739 1754 1773 γὰρ
1769 1739 1806 1769 ὡς
1821 1740 1888 1774 όρᾷν

1102 1782 1157 1816 ἐχω
1170 1782 1216 1808 τὸν
1232 1782 1366 1814 Σατανᾶν,
1385 1783 1467 1809 αὐτὸν
1484 1784 1588 1809 ἐκεῖνον
1612 1783 1666 1817 ἐγὼ
1686 1784 1851 1818 γεγέννηκα.

1138 1828 1204 1855 KA’.
1222 1827 1252 1854 '0
1268 1828 1295 1854 δὲ
1313 1829 1420 1863 ὲκείιιην
1437 1829 1584 1860 ἑξουθενῶν
1601 1838 1629 1855 τε
1645 1830 1690 1855 καὶ
1709 1830 1888 1863 διωθούμενος

1103 1875 1205 1902 ἀπιδὼν
1230 1874 1300 1909 πρὸς
1323 1875 1386 1906 τοὺς
1404 1875 1555 1910 μάρτυρας,
1571 1876 1607 1901 Τὸ
1622 1876 1690 1910 προς
1713 1876 1762 1910 τὴν
1790 1876 1888 1902 κακίαν

1103 1921 1190 1955 ὑμῶν,
1207 1921 1271 1956 ἔφη,
1285 1922 1459 1955 παράμονον,
1475 1921 1522 1947 καὶ
1538 1921 1587 1955 τὴν
1599 1921 1715 1955 κάμινον
1731 1921 1778 1948 ἐπὶ
1795 1922 1888 1947 πλεῖον

1103 1968 1167 2002 ἡμῖν
1180 1967 1367 2002 ἐκπυροῦσθαι
1383 1967 1635 2002 παρεσκευάςει.οἰ
1651 1967 1691 1999 δὲ,
1702 1967 1742 1993 Τὰ
1760 1968 1822 2002 περὶ
1839 1967 1887 2002 τῆς

1104 2013 1218 2048 μητρὸς,
1236 2010 1326 2045 εἷπον,
1340 2014 1387 2047 τῆς
1399 2012 1448 2047 σῆς
1461 2012 1490 2038 τό
1505 2020 1536 2045 γε
1550 2012 1598 2038 νῦν
1613 2012 1694 2046 ἔχων,
1711 2012 1816 2046 μελέτω
1834 2021 1886 2042 σει,

1102 2059 1179 2093 ἡμῶν
1196 2058 1244 2094 ήδη
1263 2059 1313 2094 τὴν
1327 2058 1440 2092 γνώμην
1455 2057 1528 2088 ὄπως
1543 2057 1611 2092 ἔχει,
1631 2057 1674 2084 διὰ
1696 2058 1793 2092 πείρας
1808 2058 1888 2092 ἀκρι-

1103 2100 1166 2133 σοῦς
1182 2100 1312 2135 ἔσχηκας.
1331 2102 1386 2135 Καὶ
1401 2103 1416 2128 ὀ
1431 2101 1562 2135 τύραννος
1575 2109 1583 2118 ι
1607 2101 1639 2127 Τί
1657 2101 1680 2128 δ’
1696 2102 1729 2129 ἄν
1753 2111 1798 2137 μοι
1813 2103 1888 2137 μέλοι

1103 2147 1167 2182 περὶ
1180 2147 1278 2182 αὐτῆς,
1293 2147 1323 2174 Et
1337 2147 1504 2182 ἀφεθήσεταί
1522 2157 1572 2180 σοι,
1595 2145 1683 2180 εἷπον,
1707 2148 1736 2175 τὸ
1757 2149 1800 2174 ἐπ’
1820 2148 1886 2182 αὐτῇ

268 2199 382 2222 matrem
403 2196 533 2223 intulisti.
560 2196 613 2224 Sed
629 2196 651 2223 si
667 2205 717 2230 pro
745 2197 812 2230 ﬁlio,
838 2198 939 2233 inquit,
963 2187 1050 2226 mater

1105 2195 1234 2229 ὰνόμημα
1247 2195 1330 2229 μητρὶ
1356 2196 1448 2229 χεῖρας
1469 2194 1576 2226 ἀδίκους
1602 2194 1785 2221 ὲπιδαλλόντι.
1816 2193 1886 2220 Ἀλλ’

267 2246 376 2276 precata
393 2241 484 2274 fuerit,
501 2242 539 2269 dii
555 2243 608 2270 mei
625 2243 778 2278 ignoscent.
792 2243 838 2270 llla
850 2248 941 2271 autem
958 2245 1053 2272 oculos

267 2287 359 2314 statim
378 2287 406 2313 in
422 2287 506 2314 altum
525 2289 635 2316 tollens:
651 2289 763 2316 Christe
778 2289 932 2324 unigenile,
953 2289 1050 2324 inquit,

269 2331 315 2358 Dei
341 2332 413 2364 Filii,
438 2332 494 2360 ﬁlio
509 2340 572 2360 meo
587 2341 622 2360 ne
637 2334 772 2366 remittas,
786 2341 876 2368 neque
893 2334 920 2360 in
938 2334 989 2361 hoc
1001 2342 1051 2362 sae-

267 2377 342 2409 culo,
358 2385 448 2412 neque
466 2378 493 2405 in
513 2378 618 2406 futuro.
634 2379 681 2406 llle
696 2383 789 2406 autem
816 2387 912 2406 rursus
929 2379 1049 2414 iniquus:

267 2421 370 2457 Longa,
386 2423 485 2458 inquit,
508 2428 539 2450 ut
556 2423 674 2457 videtur,
696 2429 725 2452 et
743 2425 889 2452 multorum
916 2433 1048 2453 annorum

267 2474 396 2497 senectus
420 2474 494 2496 tuam
516 2472 634 2497 mutavit
660 2474 688 2498 et
711 2470 834 2505 corrupit.
857 2476 992 2504 mentem;
1023 2477 1051 2500 ει

267 2514 330 2542 ideo
349 2520 403 2542 tam
420 2515 501 2542 facile
519 2514 660 2542 induceris
683 2519 714 2542 ut
726 2515 805 2543 nobis
823 2516 890 2544 male
915 2518 1047 2552 preceris.

266 2557 308 2584 Ad
324 2558 382 2586 hac
397 2565 466 2586 anus
480 2558 526 2585 illa
545 2558 673 2592 sapiens:
693 2559 746 2587 Sed
760 2560 782 2588 si
797 2568 858 2596 ego,
874 2561 973 2597 inquit,
988 2569 1050 2597 quae

268 2607 295 2630 te
309 2604 391 2638 genui
407 2611 468 2630 sum
486 2605 566 2639 inops
583 2605 691 2638 mentis,
710 2611 738 2633 tu
753 2607 800 2642 qui
815 2607 849 2634 ab
863 2615 895 2635 ea
920 2616 950 2636 es
971 2609 1051 2643 geni-

270 2651 324 2678 tus,
347 2647 485 2681 quomodo
509 2648 612 2675 salvam
640 2654 757 2677 mentem
787 2651 888 2678 habere
911 2651 1051 2679 existima-

269 2692 367 2719 beris?
390 2693 448 2720 Non
474 2702 549 2729 ergo,
573 2695 659 2730 inquit
684 2702 827 2732 tyrannus,
854 2697 888 2724 ab
908 2705 952 2729 eo,
978 2697 1051 2732 quod

268 2736 348 2763 decet
375 2737 516 2765 aberravi:
544 2740 590 2774 qui
615 2740 674 2772 tibi,
703 2749 765 2776 qua:
782 2748 813 2768 es
840 2741 986 2776 ejusmodi,
1012 2746 1052 2768 ta-

269 2782 322 2808 1ι·ιη
347 2782 427 2810 intuli
457 2784 505 2811 tibi
520 2785 636 2820 alapam,
661 2787 817 2820 impingens
843 2786 1050 2813 contumeliam.

269 2829 314 2856 Illa
330 2835 429 2864 autent,
455 2831 513 2860 Tibi
532 2842 537 2859 :
559 2833 658 2867 inquit,
679 2832 821 2863 testiﬁcor,
841 2833 914 2866 quod
931 2832 988 2864 Dei,
1005 2834 1049 2867 qui

1104 2239 1172 2274 ὑπὲρ
1188 2239 1258 2272 υἱοῦ,
1274 2239 1338 2274 ἔφη,
1357 2239 1461 2273 μητρὸς
1476 2238 1638 2274 εὐξαμένης,
1658 2240 1682 2265 οι
1697 2239 1753 2266 Θεοί
1769 2246 1814 2273 μοι
1826 2247 1888 2272 συγ-

1103 2284 1338 2319 γνωμονὴσουσιν.
1351 2283 1385 2309 Ἠ
1399 2283 1426 2309 δὲ
1442 2283 1524 2314 εὐθὺς
1537 2283 1661 2318 τδ¹ὃμμα
1677 2284 1744 2318 ὑψοῦ
1757 2284 1886 2319 διάρασα,

1101 2330 1165 2366 ἔφη,
1185 2331 1253 2356 Θεοῦ
1276 2330 1335 2361 παῖ,
1352 2327 1391 2363 τῷ
1407 2327 1465 2363 ὲμῷ
1479 2328 1529 2363 υίῷ
1550 2330 1588 2364 μὴ
1609 2330 1694 2365 ἀφῇς,
1713 2330 1782 2365 μήτε
1804 2331 1833 2357 ἐν
1849 2331 1888 2365 τῷ

1102 2376 1149 2403 νῦν
1172 2376 1252 2402 αἰῶνι
1277 2375 1347 2410 μήτε
1363 2375 1391 2400 ὲν
1407 2374 1444 2409 τῷ
1470 2374 1606 2408 μέλλοντι.
1624 2376 1677 2401 Καὶ
1697 2377 1710 2402 ὀ
1731 2377 1888 2411 παράνομος

1101 2420 1190 2453 αὖθις,
1208 2422 1244 2452 ὠς
1267 2420 1365 2452 ἔοικεν,
1392 2418 1462 2451 εἷπε,
1481 2419 1517 2446 Τὸ
1544 2420 1649 2454 μακρὸν
1669 2420 1715 2447 τοῦ
1731 2421 1824 2455 γήρως
1841 2423 1888 2449 καὶ

1102 2467 1290 2502 πολυχρόνιον,
1312 2465 1454 2492 ἀλλοίωσίν
1474 2474 1514 2491 σοι
1533 2465 1587 2491 τῶν
1610 2467 1715 2501 φρενῶν
1727 2467 1886 2501 εἰργάσατο,

1102 2515 1148 2540 καὶ
1161 2514 1206 2541 διὰ
1227 2512 1307 2539 τοῦτο
1330 2512 1376 2538 καὶ
1398 2512 1465 2547 πρὸς
1487 2512 1535 2543 τὰς
1554 2513 1614 2539 καθ’
1628 2513 1705 2547 ἡμῶν
1720 2514 1789 2548 ἀρὰς
1801 2513 1888 2545 οὕτως

1103 2558 1222 2593 εὐχερῶς
1249 2558 1408 2593 ἐξηνέχθης.
1424 2559 1495 2593 Πρὸς
1519 2558 1605 2584 ταῦτα
1633 2558 1648 2593 ὴ
1673 2559 1771 2593 συνετὴ
1800 2559 1887 2594 γραῦς

1102 2605 1206 2640 ἐκείνη,
1226 2604 1296 2631 Ἀλλ’
1322 2604 1401 2639 εἴπερ
1425 2603 1492 2638 ἐγὼ,
1522 2604 1616 2638 φησὶν,
1645 2604 1662 2639 ἡ
1696 2605 1886 2638 γεννησαμένγι

1105 2651 1210 2686 φρενῶν
1221 2650 1322 2684 ἐνδεὴς,
1335 2651 1348 2676 ὁ
1361 2649 1438 2685 παρὰ
1450 2649 1578 2684 τοιαύτης
1594 2650 1624 2676 σὺ
1640 2649 1791 2683 γεννηθεὶς,
1806 2650 1885 2676 πόθε-ι

1105 2697 1176 2727 alia;
1207 2696 1278 2732 εἶχεν
1305 2696 1354 2727 τὰς
1386 2697 1486 2731 φρένας
1516 2695 1718 2731 ὑποληφῢὴσῃ;
1742 2695 1844 2721 Οὔκουν
1873 2697 1886 2722 ὁ

1105 2741 1233 2776 τύραννος
1266 2741 1329 2776 ἔφη,
1355 2741 1401 2767 τοῦ
1431 2742 1616 2776 προσήκοντος
1643 2741 1812 2774 ἀπεσφάλην,
1830 2749 1886 2767 τοι-

1106 2787 1174 2823 αὑτῃ
1184 2787 1251 2822 οὔσῃ
1262 2796 1302 2813 σοι
1316 2787 1364 2822 τὴν
1379 2788 1417 2818 εἰς
1429 2787 1476 2818 τὰς
1491 2785 1606 2821 παρείας
1623 2785 1701 2820 ὓϐριν
1717 2787 1882 2819 ἐπενεγκών.

1111 2833 1141 2858 ’11
1159 2833 1197 2866 δὲ,
1210 2833 1435 2867 Διιχηρτύροςισιί
1458 2841 1508 2864 σοι,
1528 2831 1619 2866 φησὶν,
1640 2831 1676 2862 ὡς
1698 2831 1743 2858 τοῦ
1759 2831 1883 2858 Bia-31h
