2039 3155
195 190 228 220 3}

601 184 833 216 lllARTYlllUM
855 186 886 216 S.
908 185 1087 216 ACINDYNI
1111 184 1158 215 ET
1180 185 1388 218 SUClORUM.

1779 191 1813 222 34

196 243 433 278 1::‘wz:§>.érto-n:t
451 242 602 277 ὀφθαλμὸν,
623 243 668 268 καὶ
693 242 722 268 to
749 241 853 268 ἔνδικον
877 242 981 269 ἐκείνου

1034 241 1126 268 omnia
1141 242 1250 276 aspicit,
1279 243 1389 269 oculum
1413 248 1440 270 ct
1462 244 1564 278 justum
1590 247 1662 275 illius
1682 249 1815 284 judicium

196 291 283 324 κρῖμα
293 290 322 315 ο)
343 288 485 324 ὃιαφεύξῃ.

231 336 293 361 KB'.
318 335 412 366 Οὕτως
435 335 521 368 αὐτῆς
538 335 773 369 ἀποκριναμένης,
793 334 900 367 ἀφωνία
915 342 980 359 κατ-

194 382 255 413 ἑτλε
271 381 316 406 τὸν
335 381 441 414 μιαρόν.
459 380 521 412 Ὀ·ᾁέ
539 379 586 405 καὶ
613 379 688 414 μόλις
708 380 764 409 τοῖς
797 379 980 414 παρεστῶσιν,

201 426 353 460 Ἀρθέντες,
376 424 465 456 εἶπεν,
481 425 606 451 ἐντεῦθεν
623 425 648 450 οἱ
661 425 811 455 δυσσεϐεῖς,
830 426 862 458 τῇ
879 425 982 450 ἐκκαυ-

194 473 270 507 οείσῃ
300 472 408 506 καμίνῳ
435 471 662 505 ἐμεληοήτωσαν,
693 471 754 496 ἐπεὶ
782 470 819 505 μὴ
838 471 981 504 πεισθῆναι

195 520 249 547 τοῖς
275 518 420 552 ἡμετέροις
444 516 626 551 φιλονεικοῦσι
651 517 856 551 προστάγματι·
879 516 981 550 ταύτην

193 562 221 589 δὲ
246 562 276 588 τὸ
303 560 372 588 εἶναι
398 563 504 597 μητέρα
527 562 595 596 ἐμὴν
612 561 828 596 ὲξομοσαμένην,
847 562 894 587 καὶ
919 563 982 594 τοὺς

196 608 328 640 φυσικοὺς
345 607 463 642 θεσμοὺς
484 608 666 642 ἁθετήσασαν,
683 607 722 642 τῷ
741 607 798 642 ἰδίῳ
815 607 981 642 πορεύεσθαι

194 652 327 688 θελήματι
339 653 514 680 καταλίπετε.
530 653 597 680 Ἡδὲ
611 654 744 689 μακαρία,
755 654 822 681 Θεοῦ
834 656 982 689 ἐπόμνυμι,

195 698 287 731 φησὶν,
303 698 319 732 ἢ
337 699 391 733 μὴν
410 700 442 733 τῇ
458 700 613 733 μαρτυρικῇ
626 698 710 734 ταύτῃ
722 699 817 734 Τριαδι
833 700 983 725 συναποθα-

194 744 310 775 νεῖσθαι,
327 745 373 770 καὶ
390 745 459 778 μήτε
482 745 535 770 τινὶ
556 744 628 779 ἄλλῳ
653 745 788 779 μηδέποτε
810 745 912 780 ταύτης
927 745 983 772 δια-

193 787 353 822 ζευχθῆναι.
381 789 409 815 '0
439 789 467 815 δὲ
490 788 620 824 τύραννος
648 790 679 816 τδ
703 791 752 825 τῆς
788 790 896 826 ἀγαθῆς
930 791 982 826 γῆς

192 833 309 868 πονηρὸν
325 834 356 859 ὲκ
368 833 416 860 τοῦ
433 835 584 869 παραδόξου
604 834 762 869 βλάσφημα,
783 836 819 861 Οὐ
836 836 918 868 πολύς
938 845 982 871 μοι

191 877 271 911 λόγος
287 878 374 910 τοῦδε,
391 879 468 913 φησι,
487 879 592 913 πρᾶττε
611 879 681 906 κατὰ
695 880 725 905 τὸ
748 879 883 915 βούλημα.
905 882 981 908 Ἐπεὶ

190 922 238 949 οὖν
258 924 283 950 οί
297 925 436 959 μάρτυρες
452 926 644 959 προσήγγισαν
658 927 691 960 τῇ
717 925 838 961 καμίιῳ,
857 926 888 953 τὸ
903 927 980 962 ὄμμα

190 970 230 1000 εἰς
246 970 360 1004 ούρανὺν
379 971 505 1006 ἄραντες,
532 971 629 1005 Κύριε,
648 969 737 1004 εἷπον,
759 971 848 1005 Ἰησοῦ
864 973 977 1007 Χριστέ,

189 1016 218 1041 τὸ
232 1015 361 1050 ἀληθινὸν
375 1016 444 1050 φῶς,
460 1016 491 1041 τὸ
505 1017 558 1051 πρὸ
573 1016 627 1043 τῶν
648 1016 754 1043 αἰώνων
769 1017 819 1050 τῆς
841 1018 979 1052 πατρικῆς

189 1060 268 1094 δόξης
284 1061 442 1095 ὲκλάμψαν,
461 1061 678 1095 εὐχαριστοῦμεν
705 1070 757 1093 σοι,
779 1062 820 1088 ὅτι
834 1063 979 1097 ἐνίσχυσας

190 1106 261 1138 ἡμᾶς
278 1106 324 1131 τὸν
342 1106 413 1140 ὑπὲρ
430 1105 476 1131 σοῦ
497 1106 590 1139 ἀγῶνα
612 1106 770 1139 διενεγκεῖν,
788 1107 834 1132 καὶ
847 1108 897 1134 οὐκ
908 1109 979 1142 ἀφῆ-

190 1159 242 1181 κας
250 1152 279 1176 ἐν
291 1152 323 1185 τῇ
339 1151 430 1184 παγίδι
444 1151 634 1186 συλληφθῆναι
648 1151 704 1176 τῶν
719 1151 900 1186 θηρευόντων,
919 1154 978 1180 ἀλλ’

190 1195 231 1227 ὡς
251 1196 392 1230 στρουθίον
407 1197 456 1230 τὴν
477 1196 566 1231 ψυχὴν
589 1197 667 1231 ἡμῶν
688 1197 721 1222 ὲκ
735 1197 838 1231 ταύτης
858 1198 976 1232 ἐρῤύσω,

189 1242 234 1266 καὶ
249 1241 309 1273 νῦν,
326 1242 460 1272 Δέσποτα,
482 1243 620 1277 νεύρωσον
644 1243 723 1277 ἡμῶν
747 1243 780 1268 τὰ
802 1245 976 1278 φρονήματα,

187 1287 233 1313 τοῦ
245 1287 392 1322 δυνηθῆναι
409 1288 543 1321 γενναίως
558 1288 605 1313 τού
619 1288 752 1322 παρόντος
769 1289 976 1323 κατατολμῆσαι

186 1332 282 1366 πυρός.
299 1331 458 1366 Παράστηθι
480 1331 509 1358 δὲ
527 1332 594 1366 ἡμῖν
608 1333 655 1358 καὶ
672 1333 702 1358 ὲν
717 1332 754 1366 τῷ
770 1333 858 1367 καιρῷ
874 1333 923 1367 τῆς
944 1334 976 1360 ὲκ

186 1376 232 1401 τοῦ
247 1377 375 1403 ταπεινοῦ
388 1376 513 1412 σώματος
529 1377 675 1411 ἐκδημίας,
695 1378 741 1404 καὶ
764 1377 899 1412 πρόστηϐι
921 1379 975 1406 τῶν

187 1422 331 1456 ἡμετέρων
342 1422 447 1456 ψυχῶν.
464 1423 510 1448 Σοὶ
527 1422 581 1457 γὰρ
601 1423 648 1448 καὶ
663 1423 696 1457 τῇ
719 1423 752 1458 σῇ
774 1423 893 1450 δυνάμει
911 1424 976 1460 θαρ-

185 1467 331 1502 ρήσαντες,
348 1467 395 1502 τῆς
415 1467 514 1501 φλογὸς
525 1468 712 1502 ὲπιὸαίνομεν.

223 1510 283 1538 Kl".
301 1512 360 1538 Τῶν
372 1511 417 1538 οὖν
433 1512 609 1548 στρατιωτῶν
624 1513 706 1546 ἐγγύς
722 1521 775 1539 που
794 1514 857 1548 περὶ
877 1514 906 1540 τὸ
924 1514 974 1548 τῆς

186 1557 304 1591 καμίνου
318 1558 405 1592 στόμα
417 1558 582 1593 γενομένων,
595 1558 640 1584 καὶ
653 1559 702 1592 τὴν
714 1559 876 1586 ἀνύποιστον
888 1560 973 1593 αὐτῆς
987 1571 1008 1600 c

186 1603 345 1637 ἐκπύρωσιν
360 1603 468 1637 στέγειν
493 1603 523 1630 ού
547 1603 713 1638 δυναμένων,
741 1605 765 1630 οἱ
784 1603 856 1638 ἆγιοι
875 1614 972 1640 πεφρι-

185 1647 265 1679 κότας
282 1648 382 1680 ἰδόντες
395 1650 504 1681 αὑτοὺς,
527 1649 560 1674 Τί
590 1649 723 1683 ἑστήκατε
750 1649 846 1682 οὕτως,
867 1650 969 1684 ἔλεγον,

184 1693 214 1719 τὸ
228 1693 374 1720 κελευσθὲν
390 1695 428 1730 μὴ
447 1687 608 1726 ποιοῦντεςς
628 1693 659 1720 Εἰ
677 1694 708 1721 τὺ
733 1694 877 1729 ὁμόδουλον
893 1695 970 1721 τοῦτο

184 1741 231 1765 καὶ
257 1739 426 1775 πρόσκαιρον
447 1739 504 1775 πῦρ
531 1739 602 1766 οὕτω
623 1739 738 1774 φοϐερὸν
754 1740 819 1773 ὑμῖν
836 1740 921 1774 ἔδοξε,
940 1741 970 1767 τὸ

183 1784 364 1820 ἀτελεύτητον
380 1786 468 1811 ἐκεῖνο
482 1785 532 1819 τῆς
555 1785 669 1820 γεέννης
693 1785 740 1811 καὶ
756 1785 886 1812 ἄστεκτον
902 1786 970 1821 ἀλη-

185 1830 237 1860 θῶς
255 1830 312 1861 πῶς
326 1830 449 1857 ὑποίσετε
462 1839 469 1863 ;
487 1831 517 1857 Ol.
530 1831 568 1862 δὲ,
585 1831 640 1857 Καὶ
654 1830 713 1862 πῶς
725 1831 757 1857 ἂν
775 1829 879 1864 γένοιτο
892 1832 967 1866 ἡμῖν,

183 1873 270 1907 εἷπον,
286 1876 318 1910 ἦν
332 1876 411 1910 ὑμεῖς
424 1876 516 1910 λέγετε
532 1876 642 1903 κόλασιν
654 1877 795 1910 ἑκφυγεῖνς
817 1877 847 1903 Εἰ
864 1878 902 1912 μὴ
919 1879 969 1912 τὴν

183 1921 235 1946 τῶν
249 1920 367 1947 εἰδώλων
382 1921 545 1956 ἀρνηθέντες
558 1921 716 1956 θρησκείαν,
730 1923 753 1948 oi
763 1922 835 1955 ἆγιοι
851 1923 968 1957 ἔφησαν,

183 1966 293 2001 Χριστῴ
304 1966 342 2000 τῷ
357 1966 452 2002 άληθεί
469 1966 529 2001 Θεῷ
542 1967 590 1993 σὺν
605 1966 718 2001 ἀληθείᾳ
732 1967 906 1999 πιστεύσετε,
921 1969 969 1994 οὐκ

183 2013 216 2037 ἂν
230 2013 338 2038 δυνατοὶ
353 2013 475 2046 γένοισθε
488 2012 537 2043 τὰς
550 2013 675 2043 κολάσεις
690 2013 797 2043 ὲκείνας
813 2013 967 2046 διαφυγεῖν.

184 2058 253 2092 Πρὸς
269 2058 357 2083 ταῦτα
379 2058 404 2083 oi.
431 2057 609 2092 στρατιῶται·
627 2057 690 2083 Ὅτε
713 2058 744 2091 τῇ
761 2057 808 2083 τοῦ
825 2057 968 2092 βασιλέως,

183 2102 300 2137 ἔφησαν,
320 2102 536 2137 ὑπηρετούμενοι
565 2102 723 2137 προστάξει,
753 2102 802 2133 τὰς
834 2103 969 2138 τιμωρίας

183 2147 246 2181 ὑμῖν
264 2147 413 2181 ἐπήγομεν,
434 2146 559 2181 Εντρομοί
576 2155 648 2178 τινες
665 2148 712 2173 καὶ
727 2147 863 2182 περιδεεῖ.·
885 2145 966 2183 ἦμεν,

180 2193 218 2223 ὦς
231 2201 258 2218 τι
273 2193 419 2219 πείσεσθαι
434 2193 552 2228 χαλεπὸν
566 2193 739 2228 ἐκδεχόμενοι
754 2201 762 2208 ”
781 2195 840 2220 νυνὶ
851 2194 880 2220 δὲ
893 2194 964 2221 διδα-

182 2238 296 2269 σκαλίας
314 2238 361 2264 καὶ
383 2239 572 2273 παραινέσεως
593 2239 643 2272 τῆς
662 2237 738 2273 imp"
762 2238 838 2273 ὑμῶν
851 2239 968 2265 ἀπολαύ-

1023 2238 1159 2266 consecuti

181 2292 278 2316 σαντες
288 2284 412 2319 γαλήνιοι
429 2284 602 2319 κατέστημεν
620 2285 668 2315 τὰς
682 2284 781 2319 ψυχὰς,
797 2285 892 2312 ὲλπίδα
905 2287 966 2313 τινὰ

181 2330 317 2365 σωτηρίας
347 2330 384 2362 ὡς
414 2331 488 2361 εῑκὺς
513 2329 713 2364 ἀναμένοντες,
741 2331 821 2366 ὑμεῖς
846 2331 874 2357 δὲ
900 2332 967 2358 ἀλλὰ

181 2375 344 2410 ποιήσαντες
364 2376 404 2407 εἰς
428 2375 503 2410 ἡμᾶς
525 2375 576 2401 ὃσα
592 2375 642 2407 δεῖ,
667 2375 744 2410 καὶὴ
769 2376 861 2408 πίστις
889 2376 967 2411 ὑμῶν

182 2420 319 2453 βούλεται,
338 2420 378 2455 τῷ
404 2420 506 2455 αίωνιῳ
531 2422 684 2455 προσάγετε
715 2420 830 2455 βασιλεῖ·
845 2420 891 2447 τὸν
909 2423 965 2457 γὰρ

181 2467 300 2502 φθαρτὸν
324 2468 374 2502 ἤδη
399 2467 495 2494 τοῦτον
522 2468 723 2503 ὲὸδελυξάμεθα
734 2469 916 2504 εὐφροσύνης.
932 2470 965 2496 Οἱ

183 2514 321 2547 μάρτυρες
347 2514 393 2540 ent
415 2515 520 2545 τούτοις
551 2515 784 2549 ὑποπλησθέντες,
810 2517 965 2550 Δὶνέσωμεν

182 2558 347 2593 συμφώνως,
365 2557 452 2591 εἷπον,
464 2561 510 2586 τὸν
524 2561 638 2595 Κύριον,
649 2561 689 2587 ὅτι
704 2560 816 2594 ἀγαθὸς,
829 2562 875 2587 καὶ
886 2561 965 2595 ἡδυν-

180 2605 239 2638 θείη
263 2606 349 2638 τούτῳ
365 2605 463 2638 μᾶλλον
479 2607 495 2640 ἡ
518 2606 631 2638 αῖνεσις,
660 2607 699 2640 τῷ
718 2606 901 2640 οἰκοδομοῦντι
916 2607 964 2638 τὰς

179 2649 267 2684 ψυχὰς
281 2649 334 2675 τῶν
349 2649 423 2684 αύτῷ
440 2650 530 2676 πίστει
550 2652 792 2687 προσερχομένων,
810 2652 856 2677 καὶ
874 2653 964 2686 χαρᾶς

180 2696 226 2722 ἐπὶ
242 2696 275 2729 τῇ
291 2694 395 2721 ἑαυτῶν
421 2696 543 2730 σωτηρίᾳ
566 2696 714 2731 πληροῦντι
738 2696 773 2723 τὰ
801 2698 961 2730 ἐπουράνια.

180 2740 338 2774 Πρόσδεξαι,
352 2741 488 2773 Δέσποτα,
508 2740 553 2771 οὓς
574 2743 639 2775 περὶ
655 2742 703 2777 τὴν
719 2743 863 2777 ἑνδεκάτην
876 2742 961 2778 ὥραν,

180 2787 219 2816 είς
234 2786 280 2813 τὸν
295 2785 343 2812 τοῦ
365 2787 518 2821 μαρτυρίου
543 2787 694 2821 ἀμπελῶνα
718 2788 899 2822 συνεκαλὲςω,
915 2790 962 2815 καὶ

179 2829 221 2859 δὺς
232 2831 322 2862 αὐτοῖς
333 2832 378 2857 τὸν
394 2832 489 2866 μισθὸν
508 2832 582 2863 ἄξιον
596 2832 645 2864 τῆς
661 2833 710 2867 σῆς
725 2834 892 2870 ἁγαθότητης
905 2835 961 2866 τοῖς

179 2875 346 2910 προλαόοὖσξ
362 2885 408 2902 σου
424 2878 582 2911 ἀθλοοὸροις
599 2879 782 2911 συναριθμῶν.

1031 294 1087 313 non
1104 286 1227 321 etfugies.

1067 331 1150 359 XXII.
1170 332 1238 359 Cum
1255 340 1286 360 ea
1311 334 1351 360 sic
1378 335 1576 368 respondisset,
1612 342 1703 365 mutus
1728 339 1815 366 evasit

1032 378 1191 410 Sceleratus,
1209 379 1252 405 vix
1280 379 1388 406 tandem
1417 384 1507 407 autem
1523 381 1592 407 dixit
1616 383 1658 411 iis,
1688 385 1733 418 qui
1766 385 1815 412 ad—

1035 427 1114 449 erant
1129 432 1135 450 :
1149 423 1216 450 llinc
1234 425 1363 451 tollantur
1378 425 1464 459 impii,
1478 430 1505 452 et
1521 425 1547 452 in
1564 427 1703 454 ardentem
1722 430 1814 456 forna-

1033 476 1092 494 cem
1117 469 1284 504 injiciautur.
1303 471 1433 505 quoniam
1448 472 1619 498 contendunt
1637 480 1690 499 non
1719 481 1814 507 parere

1032 514 1135 541 nostris
1149 515 1243 549 jussis.
1261 515 1336 544 lianc
1355 523 1430 548 vero,
1451 525 1511 551 qua:
1527 517 1661 551 abjuravit
1684 526 1712 544 se
1727 526 1813 545 meam

1032 566 1092 586 esse
1124 565 1248 592 matrem,
1273 566 1300 587 et
1323 561 1434 588 violavit
1458 562 1503 596 jus
1530 568 1642 594 naturae,
1670 563 1815 598 nlinquile

1032 613 1091 632 eam
1119 613 1167 632 sua
1185 606 1325 634 voluntate
1345 607 1496 634 ambulare.
1522 608 1568 634 llla
1597 614 1686 635 autetn
1714 609 1814 636 beata:

1033 649 1128 682 Deum,
1145 651 1242 685 inquit,
1257 652 1330 686 juro,
1348 660 1390 679 me
1413 660 1472 680 esse
1496 653 1656 680 morituram
1680 661 1740 680 cum
1766 654 1816 681 bac

1033 696 1155 723 trinitate
1173 702 1335 732 martyrum,
1355 703 1382 725 et
1401 707 1491 733 neque
1518 705 1616 730 morte,
1644 708 1732 734 neque
1762 701 1816 728 ulla

1033 748 1063 768 re
1080 742 1132 768 alia
1163 750 1205 768 me
1238 751 1358 778 unquam
1390 745 1424 770 ab
1453 744 1496 771 itis
1522 752 1582 772 esse
1610 746 1815 780 sejungendam.

1034 785 1178 821 Tyrannus
1193 795 1268 818 vero,
1293 788 1370 814 bona:
1387 793 1464 815 terra-
1477 789 1577 815 malum
1591 796 1700 824 germen
1716 796 1816 824 praeter

1035 832 1287 865 exspectationem:
1315 833 1377 860 llaec
1405 841 1460 865 res,
1489 834 1589 868 inquit,
1608 842 1664 861 non
1683 840 1726 862 est
1749 836 1815 863 mihi

1033 884 1136 911 magna:
1150 885 1223 905 cura:
1240 887 1247 905 :
1266 877 1308 905 fac
1323 884 1351 906 ut
1369 883 1397 905 tu
1418 879 1551 906 volueris.
1566 879 1633 906 Cum
1658 888 1724 915 ergo
1744 889 1817 908 mar-

998 913 1016 938 Β
1033 926 1104 957 tyres
1125 923 1229 950 fornaci
1247 925 1525 959 appropinquassent,
1555 913 1739 954 lollcutesﬁin
1759 935 1815 954 co:-

1030 968 1087 995 ium
1105 970 1208 1000 oculos,
1231 970 1380 997 dixerunt:
1408 971 1523 998 Domine
1538 971 1600 999 Jesu
1617 972 1735 1003 Christe,
1752 980 1814 999 vera

1030 1014 1087 1045 lux,
1112 1022 1172 1049 qua:
1191 1021 1253 1042 ante
1280 1017 1379 1043 srecula
1398 1025 1414 1044 e
1443 1022 1556 1051 paterna
1585 1018 1690 1045 eﬂulsit
1717 1018 1814 1053 gloria,

1029 1059 1134 1093 agimus
1166 1061 1214 1086 tibi
1243 1062 1353 1095 gratias,
1378 1063 1449 1096 quod
1469 1070 1518 1089 nos
1548 1064 1752 1095 corroborasti,
1784 1069 1815 1091 ut

1029 1103 1162 1131 ferremus
1186 1113 1235 1139 pro
1262 1111 1287 1133 te
1309 1111 1458 1137 certamen,
1477 1112 1504 1133 et
1528 1115 1582 1134 non
1609 1109 1755 1141 permisisti
1784 1115 1814 1136 ut

1030 1150 1327 1183 comprehenderentur
1339 1159 1353 1178 a
1371 1151 1469 1186 laqueo
1483 1153 1640 1179 venantium
1658 1161 1665 1179 :
1691 1155 1737 1180 sed
1755 1161 1814 1181 tan-

1028 1201 1109 1227 quam
1127 1202 1265 1228 paSscrcm
1294 1196 1412 1222 animum
1434 1202 1557 1224 nostram
1581 1205 1614 1224 ex
1631 1206 1663 1225 eo
1678 1198 1810 1226 liberasti.

1027 1238 1061 1264 Et
1077 1247 1149 1266 nunc
1173 1240 1305 1268 conﬁrma
1335 1246 1444 1268 nostros
1472 1243 1590 1274 animos,
1620 1247 1649 1269 ut
1677 1245 1812 1278 possimus

1028 1283 1161 1312 adversus
1183 1285 1256 1312 hunc
1280 1286 1368 1320 ignem
1391 1294 1442 1313 nos
1467 1287 1576 1314 fortiter
1599 1296 1705 1322 gerere.
1728 1289 1813 1316 Nobis

1026 1335 1137 1363 quoque
1161 1329 1236 1357 adsis
1260 1330 1287 1357 in
1315 1336 1437 1365 tempore
1473 1340 1601 1360 excessus
1637 1342 1669 1360 ex
1691 1334 1742 1361 hoc
1766 1335 1813 1361 ab-

1024 1373 1099 1408 jeeto
1131 1382 1258 1410 corpore,
1284 1381 1312 1403 et
1344 1377 1460 1404 defende
1498 1383 1606 1405 nostras
1632 1379 1748 1407 animas.
1773 1379 1812 1407 Te

1025 1419 1098 1446 enitn
1116 1419 1182 1447 freti
1203 1425 1231 1448 et
1249 1426 1293 1448 tua
1323 1422 1434 1454 virtute,
1462 1423 1534 1450 banc
1556 1424 1691 1451 flammam
1718 1432 1814 1452 ascen’

1026 1463 1128 1492 dimus.

1061 1510 1155 1538 XXIII.
1173 1511 1241 1538 Cum
1269 1513 1361 1547 itaque
1385 1513 1502 1541 fuissent
1540 1514 1641 1542 milites
1665 1523 1750 1550 prope
1780 1523 1811 1544 os

1024 1556 1154 1589 fornacis,
1165 1561 1193 1583 et
1215 1557 1412 1585 intolerabilem
1426 1559 1485 1593 ejus
1497 1559 1622 1586 ardorem
1635 1569 1687 1587 non
1699 1567 1811 1595 possent

1024 1602 1169 1634 sustinere,
1193 1603 1278 1629 sancti
1303 1603 1348 1638 qui
1377 1612 1424 1630 eos
1451 1604 1575 1631 viderant
1591 1605 1700 1633 territos
1716 1615 1722 1631 :
1737 1607 1808 1639 Quid

1023 1646 1110 1679 statis,
1127 1647 1266 1679 dicebant,
1293 1647 1443 1682 quodjussi
1469 1649 1545 1678 estis,
1569 1656 1622 1676 non
1650 1649 1809 1677 facientes!

1023 1692 1050 1719 Si
1067 1692 1122 1723 hic.
1140 1684 1186 1727 qui
1204 1696 1246 1719 est
1261 1700 1408 1719 conservus
1423 1698 1449 1719 ct
1463 1697 1504 1720 est
1533 1694 1565 1720 ad
1591 1698 1698 1728 tempus
1725 1695 1806 1729 ignis,

1022 1738 1099 1765 vobis
1113 1738 1188 1765 visus
1205 1743 1245 1765 est
1263 1739 1391 1765 terribilis
1409 1748 1415 1765 ι
1444 1739 1514 1773 ignis
1528 1739 1572 1766 ille
1588 1739 1730 1774 geltennze,
1758 1742 1807 1775 qui

1022 1791 1160 1818 nunquam
1175 1783 1288 1814 desinit,
1304 1789 1331 1810 et
1347 1791 1487 1817 nunquam
1500 1783 1695 1818 exstinguitur,
1712 1793 1808 1820 quem-

1021 1829 1165 1856 admodum
1178 1837 1193 1856 a
1207 1829 1285 1856 vobis
1313 1829 1494 1856 tolerabitur?
1510 1829 1543 1856 Et
1568 1830 1716 1863 quomodo.
1730 1831 1807 1858 dixe-

1022 1879 1085 1901 runt
1099 1874 1147 1905 illi,
1170 1874 1341 1908 potuerimus
1369 1875 1502 1909 engere,
1530 1875 1604 1909 quod
1632 1883 1680 1903 vos
1702 1876 1806 1909 dicitis.

1020 1919 1183 1954 supplicium
1197 1919 1207 1944 ‘l
1223 1919 1278 1946 Nisi
1290 1920 1422 1954 abnegato
1437 1921 1511 1947 cultu
1530 1920 1808 1953 idolorum,dixerunt

1020 1965 1119 1995 sancti,
1147 1965 1257 1992 ChriSto
1283 1973 1348 1992 vero
1377 1965 1433 1993 Deo
1461 1974 1524 1993 vere
1547 1966 1732 1999 credideritis,
1751 1976 1805 1995 non

1021 2011 1145 2044 poteritis
1161 2011 1205 2038 illa
1221 2010 1341 2046 eﬂ‘ugere
1365 2012 1511 2046 supplicia.
1541 2012 1581 2039 Ad
1607 2013 1664 2040 haec
1684 2013 1803 2040 milites:

1019 2056 1133 2092 Quando
1149 2075 1157 2088 ,
1175 2057 1312 2088 dixerunt,
1335 2057 1507 2093 regisjussui
1536 2058 1698 2090 servientes,
1725 2059 1803 2086 vobis

1019 2102 1203 2129 inferebamus
1233 2102 1377 2137 supplicia,
1403 2103 1683 2129 contremiscebamus
1718 2107 1746 2129 et
1770 2104 1804 2130 ti-

1021 2155 1095 2174 more
1120 2147 1317 2180 aﬂicicbamur,
1353 2151 1382 2173 ut
1419 2147 1466 2181 qui
1495 2151 1719 2180 exspectaremus
1751 2156 1801 2174 nos

1018 2193 1123 2226 aliquid
1138 2199 1220 2226 grave
1231 2200 1291 2219 esse
1308 2199 1447 2226 passuros.
1462 2191 1539 2218 Nunc
1563 2196 1653 2218 autem
1683 2198 1800 2220 vestram

1206 2237 1359 2265 doctrinam
1394 2242 1423 2264 et
1448 2237 1675 2270 admonitionem,
1706 2246 1802 2266 sumus

1019 2284 1173 2319 tranquillis
1195 2283 1303 2316 animis,
1319 2283 1439 2318 aliquam
1463 2291 1538 2319 spem
1565 2284 1670 2316 salutis,
1697 2289 1728 2311 ut
1753 2293 1802 2320 par

1016 2335 1069 2362 est.
1085 2329 1355 2365 exspectantes:sed
1376 2337 1424 2356 vos
1447 2337 1508 2357 cum
1534 2330 1562 2356 in
1588 2337 1638 2356 nos
1667 2329 1800 2361 feceritis,

1017 2383 1078 2410 quae
1090 2380 1198 2411 oportet
1214 2380 1241 2403 et
1257 2376 1417 2409 vultvvestra
1434 2375 1511 2408 fides,
1535 2378 1569 2403 ad
1592 2376 1693 2410 Regem
1719 2382 1801 2403 reter-

1017 2429 1081 2448 num
1096 2421 1233 2453 adducite,
1249 2421 1321 2448 hunc
1332 2421 1418 2453 enim,
1436 2421 1462 2448 in
1474 2429 1554 2455 quem
1568 2422 1641 2449 cadit
1658 2422 1795 2453 interitus,

1014 2469 1069 2504 jam
1100 2475 1196 2495 sumus
1227 2467 1387 2494 abominati.
1420 2467 1536 2502 Propter
1571 2467 1628 2494 [nec
1666 2473 1800 2501 martyres

1017 2514 1110 2548 repleti
1124 2513 1235 2540 laetitia:
1249 2513 1405 2544 Dominum,
1422 2513 1561 2544 dixerunt,
1579 2520 1632 2538 una
1649 2520 1714 2538 voce
1738 2512 1798 2538 Iau-

1016 2559 1122 2589 demus,
1144 2559 1272 2593 quoniatn
1286 2559 1373 2585 bonus
1399 2563 1427 2585 et
1443 2558 1535 2586 suavis
1550 2557 1647 2585 evadat
1663 2558 1688 2583 ei
1704 2562 1796 2583 nostra

1015 2605 1144 2637 laudatio,
1165 2605 1211 2639 qui
1224 2605 1338 2632 tedilicat
1356 2606 1458 2631 animas
1470 2612 1574 2634 eorum,
1589 2603 1635 2637 qui
1652 2604 1685 2629 ad
1704 2603 1791 2636 ipsum

1016 2651 1068 2677 fide
1102 2651 1245 2685 accedunt,
1282 2650 1380 2685 gaudio
1419 2653 1529 2684 propter
1556 2656 1651 2675 eorum
1679 2649 1793 2675 salutent

1015 2697 1109 2726 implet
1137 2697 1268 2724 ewiestia.
1286 2697 1396 2730 Excipe,
1418 2694 1540 2726 Domine,
1557 2701 1616 2726 eos,
1632 2702 1701 2728 quos
1727 2695 1793 2722 bora

1015 2733 1158 2769 undecima
1177 2741 1332 2768 convocasti
1349 2739 1383 2766 ad
1399 2739 1506 2766 vincant
1529 2739 1567 2766 tui
1590 2740 1724 2774 martyrii,
1765 2745 1792 2766 ct

1013 2789 1046 2816 da
1056 2789 1095 2815 eis
1106 2787 1258 2814 mercedem
1276 2786 1384 2819 dignam
1401 2789 1445 2811 tua
1460 2784 1591 2816 bonitate,
1609 2792 1657 2811 eos
1672 2786 1792 2812 referens

1015 2836 1042 2863 in
1062 2842 1205 2863 numerum
1220 2834 1340 2868 priorum
1357 2835 1464 2859 tuorqu
1478 2831 1690 2859 deeertatorum.
