2039 3155
266 181 301 212 35
897 182 1042 212 MENSIS
1063 183 1288 214 NOVEMBER.
1855 190 1888 221 36

300 235 390 263 XXIV.
404 235 501 263 Milites
517 242 582 269 ergo
594 235 680 262 veluti
699 235 864 271 quibusdam
878 237 962 264 armis
975 238 1037 265 inet

1138 239 1201 265 Kd'.
1220 240 1250 265 Οί
1263 239 1354 265 τοίνυν
1368 239 1533 274 στρατιῶται
1547 240 1674 276 καθάπερ
1690 241 1764 275 ὅπλῳ
1781 242 1836 268 τινὶ
1852 243 1890 277 τῷ

263 281 463 316 pugnabilibus,
483 280 587 308 Christi
605 281 704 307 muniti
717 282 870 316 signaculo.
889 282 967 309 simul
985 289 1048 310 cum

260 326 362 354 sanctis
373 325 529 360 Acindyno,
546 325 659 361 Pegasio
685 330 713 353 et.
736 326 934 361 Ancmpodisto
955 326 1049 353 forna-

259 379 317 398 cem
334 371 450 406 ingressi
466 377 540 403 sunt,
559 379 621 399 cum
640 376 733 399 essent
747 379 861 399 numero
895 373 991 407 viginti
1022 377 1050 400 et.

258 421 334 450 octo,
365 424 400 444 ne
428 417 487 452 ipsa
513 417 622 452 quidem
651 418 756 452 tyranni
773 422 860 445 matre
874 418 979 450 relicta,
1001 418 1049 445 sed

260 471 324 490 cum
352 463 394 490 eis
420 463 501 490 simul
527 463 658 498 ingressa.
692 462 799 490 Chorus
828 467 919 490 autem
938 463 1050 498 angelo-

261 516 324 535 rum
335 509 408 536 circa
434 509 572 537 fornacem
588 513 696 536 sanctos
712 509 860 536 videbatur
881 510 1035 544 excipiens,

260 560 365 582 etcum
377 556 418 583 eis
433 555 563 590 hymnum
577 563 689 583 canens.
715 556 848 591 Martyres
875 561 966 584 autem
984 563 1048 583 cum

261 607 354 628 sacras
365 601 472 628 animas
494 601 566 636 apud
582 602 667 628 Deum
685 609 734 636 per
751 601 840 636 ignem
855 601 1049 636 deposuissent

260 645 382 672 secundo
396 645 441 672 die
460 645 632 678 Novembris,
651 646 741 673 locum
768 647 942 680 repleverunt
964 646 1048 673 odore

261 690 404 723 ineﬂ'abili,
421 690 490 718 adeo
504 695 533 718 ut
546 692 593 726 qui
612 692 667 719 illic
682 692 795 719 aderant
813 691 976 724 Christiani,
988 699 1049 726 quae

260 736 314 764 dici
334 745 389 764 non
400 742 501 772 potest,
515 738 682 772 voluptatem
709 739 855 770 senserint,
871 743 898 766 et
911 746 974 766 eum
989 739 1048 766 lau-

259 782 362 816 darint,
382 783 429 817 qui
439 784 530 818 reipsa
542 783 636 818 implet
650 791 711 818 quae
727 784 794 811 dicit
815 784 926 811 divinus
950 783 1046 817 David,

259 833 287 856 ct
302 829 329 856 in
340 830 443 857 sanctis
457 830 515 857 suis
532 837 561 857 se
577 829 697 857 ostendit
723 830 890 857 mirabilem.
922 830 1046 863 Quorum

259 881 343 902 sacrae
356 879 384 902 et
400 876 526 910 pretiosa:
539 876 660 910 reliquiae
672 876 803 911 deposita:
827 880 892 904 sunt
920 877 948 903 iit
973 877 1045 909 loco,

1102 284 1184 310 παντὶ
1199 284 1341 319 ἀχειρώτῳ
1361 286 1393 319 τῇ
1412 286 1539 320 σφραγῖδι
1555 286 1674 321 Χριστοῦ
1688 286 1888 322 σφραξάμενοι,

1101 329 1210 364 σύναιμα
1225 332 1279 361 τοῖς
1292 330 1391 364 ἁγίοις,
1403 331 1560 366 ’Δκινδύνῳ,
1575 333 1706 368 Πηγασίῳ
1722 333 1770 359 καὶ
1793 334 1889 368 Ἀνεμ-

1102 375 1232 409 ποδίστῳ,
1249 375 1300 410 τὴν
1325 376 1440 411 κάμινον
1465 377 1641 411 ὑπεισῆλθον,
1660 379 1733 405 ὀκτὼ
1748 379 1816 414 πρὸς
1833 381 1888 411 τοῖς

1101 421 1189 446 είκοσι
1210 422 1256 447 τὸν
1278 422 1397 456 ἀριθμὸν
1412 422 1500 454 ὅντες,
1520 423 1587 458 μηδὲ
1605 424 1691 458 αὐτῆς
1713 425 1887 459 ἀπολειφθεί-

1101 474 1151 500 σης
1165 466 1215 501 τῆς
1228 466 1276 493 τοῦ
1293 468 1428 503 τυράννου
1445 471 1559 504 μητρὸς,
1576 470 1645 496 ἀλλά
1660 470 1709 497 καὶ
1729 471 1814 505 αὐτῆς
1829 471 1886 506 ἆμα

1101 512 1374 548 συνεπεισελθούσης.
1413 514 1500 549 Χορὸς
1536 515 1565 541 δὲ
1596 516 1719 548 ἀγγέλων
1747 517 1812 551 περὶ
1837 517 1888 552 τὴν

1100 557 1216 590 κάμινον
1245 558 1351 594 ἑωρᾶτο
1377 560 1441 591 τοὺς
1471 560 1566 594 ἁγίους
1599 561 1808 596 ὑποδεχόμενος,
1840 564 1887 589 καὶ

1100 600 1185 636 ὕμνον
1201 603 1250 629 σὺν
1265 604 1358 636 αὐτοῖς
1386 605 1564 638 ἀναμέλπων,
1588 607 1619 633 Ol
1638 607 1778 642 μάρτυρες
1796 608 1887 642 μέντοι

1099 648 1147 678 τὰς
1176 648 1252 683 ἱερὰς
1281 649 1371 684 ψυχὰς
1397 650 1436 685 τῷ
1450 650 1509 685 Θεῷ
1523 651 1568 677 διὰ
1591 651 1676 686 πυρὸς
1701 653 1886 687 παραθέμενοι

1101 693 1173 720 κατὰ
1186 693 1234 728 τὴν
1250 694 1380 730 δευτέραν
1392 695 1440 721 τοῦ
1470 695 1627 730 Νοεμϐρίου
1653 697 1748 731 μηνὸς,
1772 697 1886 728 εὐωδίας

1098 739 1220 773 άρῤήτου
1235 739 1282 766 τὸν
1296 741 1378 767 τόπον
1389 741 1566 776 ἐπλήρωσαν,
1581 742 1619 773 ὡς
1630 743 1693 773 τοὺς
1704 743 1793 769 ἐκεῖσε
1812 752 1884 777 παρ-

1097 784 1180 816 όντας
1210 786 1393 820 Χριστιανοὺς
1414 787 1511 822 ἡδονῆς
1528 788 1682 820 αἰσθέσθαι.
1701 789 1830 823 λεχθῆναι
1847 790 1884 824 μὴ

1098 831 1263 866 δυναμένης,
1286 833 1372 859 αἰνεῖν
1395 841 1424 859 τε
1446 834 1490 860 τὸν
1509 834 1583 869 ἔργῳ
1597 833 1630 860 τὰ
1644 834 1692 860 τοῦ
1709 834 1780 861 θείου
1804 835 1885 860 ama

1098 875 1263 912 πληροῦντα,
1284 878 1332 903 καὶ
1354 877 1511 912 θαυμαστὸν
1537 881 1592 911 τοῖς
1611 879 1699 913 ἁγίοις
1724 879 1806 906 αὐτοῦ
1829 879 1885 906 δει-

259 921 308 955 qui
325 921 427 948 dicitur
455 921 603 952 lrenessus,
630 930 664 949 ex
679 922 780 956 quibus
793 926 885 949 manat
897 922 985 956 gratia
1012 923 1040 949 ad

1101 920 1246 955 κνύμενον.
1260 918 1311 948 Ὧν
1323 921 1358 948 τὰ
1375 923 1436 957 ἱερὰ
1448 923 1494 949 καὶ
1502 923 1580 958 τίμια
1592 923 1705 958 λείψανα
1721 925 1749 950 ἓν
1758 925 1790 958 τῇ
1805 925 1882 958 εἰρηα

259 973 316 998 eos,
332 966 379 1001 qui
392 967 524 994 accedunt
539 976 546 994 :
562 967 594 993 ad
609 967 723 1001 gloriam
747 967 856 994 Domini
871 967 958 994 nostri
981 967 1046 995 Jesu

259 1009 372 1042 Christi,
399 1018 479 1044 quem
492 1010 569 1037 decet
581 1011 709 1046 maiestas
724 1015 752 1038 et
764 1011 887 1038 laudatio
902 1019 964 1039 cum
986 1012 1046 1047 ejus

259 1054 395 1089 principio
406 1060 515 1082 carente
532 1055 622 1088 Patre,
646 1059 674 1082 et
699 1055 808 1083 viviﬁco
832 1056 946 1091 Spiritu.
972 1064 1046 1084 nunc

258 1104 285 1125 et
300 1107 417 1134 semper,
431 1100 493 1127 etin
508 1101 604 1128 szecula
618 1101 793 1129 smculorum.
812 1102 911 1129 Amen.

1099 967 1168 1002 μένῃ
1186 967 1351 1002 Είρηνησσῷ
1368 968 1514 1003 κατετέθη,
1537 969 1637 1003 πολλὴν
1657 969 1723 1003 ὅσην
1738 969 1787 1003 τὴν
1803 970 1883 1004 χάριν

1096 1014 1153 1044 τοῖς
1176 1013 1320 1047 προσιοῦσι
1345 1013 1517 1048 πηγάζονται
1543 1014 1584 1045 είς
1609 1013 1689 1047 δόξαν
1708 1013 1754 1040 τοῦ
1779 1014 1882 1049 Κυρίου

1095 1059 1176 1093 ήμῶν
1199 1058 1285 1094 Ἰησοῦ
1311 1059 1441 1094 Χριστοῦ,
1463 1056 1484 1093 ᾧ
1511 1059 1610 1094 πρέπει
1636 1059 1818 1094 μεγαλωσύνη
1836 1062 1882 1086 καὶ

1096 1105 1202 1134 αίνεσις
1221 1104 1270 1130 σὺν
1286 1104 1326 1139 τῷ
1342 1104 1454 1139 ἀνάρχῳ
1477 1104 1559 1131 αὐτοῦ
1580 1105 1667 1139 [lupi
1691 1105 1737 1131 καὶ
1759 1105 1797 1139 τῷ
1814 1105 1881 1136 ζωο-

1095 1149 1165 1184 ποιῷ
1190 1149 1330 1184 Πνεύματι
1345 1170 1353 1182 ,
1369 1150 1416 1177 νῦν
1435 1150 1482 1176 καὶ
1498 1151 1541 1177 ἀεὶ
1569 1151 1616 1177 καὶ
1633 1151 1671 1182 είς
1694 1152 1756 1183 τοὺς
1783 1152 1882 1184 αἰῶνας

1095 1194 1148 1221 ¹ιιῶν
1161 1195 1275 1222 αιῶνων.
1305 1195 1393 1230 Δμήν.

358 1265 1863 1284 —___—_—____

585 1341 710 1383 ΒΙοΣ
748 1343 845 1384 ΚΑΙ
883 1343 1157 1388 ΠΟΛΙΤΕΙΑ
1194 1347 1294 1389 ΚΑΙ
1332 1347 1549 1392 ΑΓΩΝΕΣ

834 1432 903 1460 ΤΟΥ
923 1433 1025 1461 οΣιΟΥ
1044 1435 1180 1463 ΠΔΤΡΟΣ
1199 1437 1298 1464 ΗΜΩΝ

817 1515 1318 1587 ΙΩΑΝΝΙΚΙΟΥ

618 1714 744 1753 VITA
772 1716 866 1755 RES
903 1717 1082 1759 GEST/E
1126 1720 1192 1760 ΕΤ
1221 1721 1516 1765 CERTAMINA

848 1807 973 1837 SANCTI
991 1810 1119 1840 PATRIS
1138 1811 1268 1840 NOSTRI

595 1895 1076 1978 JOANNICII
1131 1901 1538 1987 ABBATIS

597 2031 694 2062 (Latlne
711 2033 774 2064 apud
788 2033 886 2058 Surium
898 2033 926 2058 ad
941 2034 1007 2059 diem
1026 2035 1040 2060 ι

1094 2043 1124 2065 π..
1140 2036 1226 2063 Grece
1239 2044 1271 2063 ex
1284 2022 1338 2064 cod.
1361 2047 1404 2065 ms.
1417 2047 1440 2065 tt.
1456 2041 1536 2073 μοι.)

286 2186 307 2212 ι.
326 2186 400 2213 Viam
417 2194 477 2220 qua:
500 2186 577 2215 ducit
597 2188 631 2217 ad
653 2189 794 2223 virtutem,
823 2192 915 2220 sciunt
944 2200 1040 2220 omnes

1110 2195 1171 2239 iA’.
1193 2194 1249 2230 Τὴν
1271 2196 1338 2230 πρὸς
1364 2197 1465 2232 ἀρετὴν
1491 2198 1550 2226 ὁδὸν
1572 2199 1718 2236 φέρουσαν,
1742 2207 1871 2239 τραχεῖαν

250 2238 314 2258 csse
339 2239 476 2266 asperam,
494 2233 608 2261 arduam
629 2241 658 2262 et
677 2235 824 2268 diﬂicilem,
841 2237 923 2272 idque
941 2243 1038 2272 aperte

251 2275 310 2311 ipsa
327 2276 436 2304 discunt
458 2279 636 2313 experientia.
660 2280 692 2307 Et
723 2281 784 2308 ideo
804 2283 898 2310 multis
927 2290 1038 2317 quoque

250 2321 383 2357 indigent,
400 2330 461 2358 quae
477 2324 512 2350 ad
529 2324 616 2358 ipsam
641 2326 772 2359 excitent,
799 2328 899 2361 partim
927 2327 1037 2362 quidem

249 2366 501 2400 exhortationibus,
519 2368 619 2402 partim
647 2373 738 2396 autem
766 2371 829 2398 vitae
848 2379 958 2406 quoque
992 2371 1036 2400 hi-

247 2412 331 2439 storia
347 2420 456 2445 eorum,
476 2412 522 2448 qui
534 2413 562 2440 in
579 2413 627 2440 illa
647 2414 724 2448 prius
742 2420 806 2442 sunt
821 2417 947 2451 ingressi,
963 2419 1036 2453 quod

247 2457 331 2484 etiam
358 2458 446 2492 magis
465 2458 498 2484 ad
534 2465 594 2485 eam
624 2459 737 2487 attrahit
761 2461 820 2488 sine
848 2462 981 2497 molestia,
1007 2469 1036 2492 et

246 2501 331 2529 cilicii.
345 2506 448 2530 utnon
473 2502 665 2538 despondeant
689 2504 808 2532 animum
833 2513 944 2542 propter
965 2509 1035 2536 diﬂi-

246 2548 379 2575 cultatem
399 2548 519 2576 itineris.
538 2548 570 2576 Ei
594 2548 678 2582 enim,
698 2551 744 2586 qni
771 2551 840 2579 viam
863 2558 906 2581 est
929 2554 1033 2590 ingres—

248 2601 332 2620 surus
348 2601 473 2628 asperam
490 2599 518 2621 et
536 2594 687 2629 difﬁcilem,
702 2597 820 2626 suadens
833 2604 861 2627 et
884 2600 1032 2630 adhortans

248 2638 387 2672 quispiam
422 2639 515 2667 minus
551 2643 728 2676 persuaserit,
768 2645 914 2673 ostendens
941 2652 1030 2675 autem

248 2684 352 2711 multos
368 2692 428 2711 eam
443 2685 500 2720 jam
524 2686 685 2722 confecisse,
713 2694 741 2717 et
765 2690 798 2717 ad
822 2696 942 2726 optatum
969 2698 1030 2722 tan-

226 2729 311 2769 _detn
342 2729 422 2757 ﬁnem
448 2733 616 2766 pervenisse,
643 2735 682 2762 sic
701 2736 786 2771 magis
807 2739 973 2772 persuaserit
1001 2743 1031 2766 ut

247 2779 375 2810 prompto
401 2783 428 2804 et
449 2777 532 2805 alacri
551 2779 643 2807 attimo
659 2780 712 2808 iter
730 2783 917 2818 aggrediatur.
937 2784 1028 2812 Talem

245 2827 307 2849 esse
321 2821 447 2850 existimo
457 2825 546 2859 magni
563 2833 672 2861 quoquc
683 2827 772 2856 Patris
786 2828 922 2856 Joannicii
934 2829 1028 2863 vitam,

244 2871 272 2895 et
298 2867 377 2903 longe
392 2869 633 2906 jucundissimam,
651 2877 679 2900 et
696 2873 775 2909 longe
795 2874 980 2908 utilissimam,
1002 2880 1028 2903 et

1093 2238 1163 2266 εἶναι
1183 2240 1232 2267 καὶ
1251 2240 1353 2276 ἀνάντη
1378 2243 1426 2269 καὶ
1449 2243 1580 2280 δυσχερῆ,
1600 2246 1702 2275 πάντες
1719 2238 1810 2282 ἴσασι,
1827 2252 1874 2278 καὶ

1092 2285 1125 2319 τῇ
1147 2285 1231 2320 πείρᾳ
1247 2286 1343 2320 σαφῶς
1360 2288 1527 2322 μανθάνουσι
1546 2297 1554 2306 ·
1568 2290 1612 2318 διὰ
1629 2291 1709 2320 τοῦτο
1735 2295 1783 2321 καὶ
1809 2297 1873 2322 πολ-

1091 2330 1144 2357 λῶν
1169 2331 1277 2358 δέονται
1306 2332 1362 2365 τῶν
1391 2334 1459 2369 πρὸς
1486 2336 1590 2371 ταύτην
1619 2339 1872 2375 παρακαλούντων,

1091 2375 1170 2402 τοῦτο
1186 2376 1236 2412 μὲν
1251 2378 1450 2412 παραινέσεων,
1468 2381 1547 2407 τοῦτο
1562 2383 1590 2408 δὲ
1607 2383 1655 2410 καὶ
1673 2384 1737 2418 βίων
1753 2387 1873 2422 tempta;

1090 2421 1144 2447 τῶν
1159 2421 1268 2456 ἐκείνην
1283 2423 1506 2457 προωδευκότων,
1522 2426 1536 2452 δ
1553 2427 1601 2452 καὶ
1612 2427 1712 2461 μᾶλλον
1727 2421 1873 2463 ἀκωλύτως

1089 2465 1234 2500 ἐφέλκεται
1246 2468 1314 2502 πρὸς
1330 2469 1415 2504 αὐτὴν
1436 2471 1484 2496 καὶ
1505 2471 1543 2506 μὴ
1564 2472 1765 2505 ἀπογινώσκειν
1780 2483 1872 2511 παρα-

1089 2511 1220 2543 σκευάζει
1250 2513 1300 2546 ἰῆς
1324 2513 1439 2547 πορείας
1461 2513 1492 2540 τὸ
1520 2515 1661 2548 δύσκολον,
1687 2516 1746 2542 ἐπεὶ
1762 2520 1808 2544 καὶ
1834 2519 1873 2554 τῷ

1090 2557 1216 2592 μέλλοντι
1245 2557 1363 2592 βαδίζειν
1392 2559 1452 2586 ὁδὸν
1480 2559 1615 2595 δύσπορον
1649 2562 1696 2587 καὶ
1730 2565 1872 2598 τραχεῖαν,

1090 2602 1234 2636 παραινῶν
1251 2611 1304 2636 τις,
1326 2604 1372 2630 καὶ¹
1390 2605 1625 2640 προτρεπόμενος,
1643 2604 1726 2642 ἦττον
1740 2609 1872 2642 πείσειεν,

1088 2647 1274 2674 ὑποδεικνύων
1311 2649 1338 2675 δὲ
1367 2649 1481 2682 πολλοὺς
1510 2651 1595 2686 αὐτὴν
1625 2652 1675 2687 ἤδη
1707 2652 1871 2688 διελθόντας,

1085 2691 1145 2720 εἶτα
1168 2693 1218 2720 κᾶν
1244 2694 1290 2728 ,τῷ
1313 2694 1386 2720 τέλει
1423 2695 1514 2727 καλῶς
1538 2697 1764 2729 καταλύσαντας,
1799 2698 1873 2726 οὕτω

1088 2739 1178 2765 πείσει
1196 2739 1297 2774 μᾶλλον
1312 2741 1360 2767 καὶ
1374 2741 1456 2767 αὐτὸν
1471 2741 1504 2768 ἂν
1526 2741 1675 2776 προθύμως
1689 2743 1739 2776 τῆς
1758 2745 1872 2779 πορείας

1088 2785 1220 2819 ἅψασθαι.
1240 2785 1366 2812 Τοιοῦτον
1381 2785 1456 2821 οἶμαι
1472 2785 1543 2813 εῖναι
1566 2788 1612 2814 καὶ
1628 2788 1674 2814 τὸν
1686 2788 1734 2815 τοῦ
1748 2790 1868 2824 μεγάλου

1086 2831 1193 2866 Πατρος
1214 2831 1378 2859 Ἰωαννικίου
1410 2833 1486 2868 βίον,
1513 2834 1586 2868 μάλα
1609 2835 1659 2869 μὲν
1679 2836 1868 2871 χαριέστατον,

1085 2877 1158 2912 μάλα
1173 2878 1200 2904 δὲ
1221 2878 1434 2914 ὠφελιμώτατον
1448 2900 1456 2914 ,
1476 2880 1523 2906 καὶ
1537 2880 1686 2916 δυνάμενον
1705 2882 1805 2915 ἱκανῶς
1823 2882 1870 2909 καὶ
