2039 3155
249 193 285 224 35
879 187 1024 216 MENSIS
1045 186 1269 216 NOVEMBER.
1838 185 1871 216 35

284 247 374 275 XXIV.
387 245 485 274 Milites
500 252 566 279 ergo
577 244 664 271 veluti
682 242 846 278 quibusdam
861 242 944 269 armis
958 242 1031 271 inex-

1120 241 1184 268 ΚΜ.
1202 241 1233 267 0i
1246 240 1336 266 τοίνυν
1351 238 1516 274 στρατιῶται
1530 237 1657 272 καθάπερ
1674 237 1748 271 ὅπλῳ
1765 237 1820 263 τινὶ
1836 238 1874 272 τῷ

248 291 447 328 pugnabilibus,
467 289 571 317 Christi
590 288 688 316 muniti
701 288 853 323 signaculo,
872 288 950 314 simul
969 293 1031 314 cum

245 337 347 365 sanctis
358 336 513 370 Acindyno,
530 334 644 370 Pegasio
668 337 698 360 et
720 332 917 367 Ancmpodisto
939 331 1033 358 forna-

244 391 303 411 cem
319 382 436 417 ingressi
451 386 526 412 sunt,
544 388 606 407 cum
625 383 718 407 essent
731 385 846 406 numero
879 377 975 412 viginti
1006 381 1034 404 et

244 433 320 461 octo,
352 435 386 455 ne
413 427 473 461 ipsa
498 426 607 461 quidem
636 425 741 460 tyranni
758 428 844 451 matre
859 423 964 454 relicta,
985 422 1034 450 sed

246 482 311 502 cum
339 474 380 501 eis
405 473 488 500 simul
513 473 644 507 ingressa.
677 470 785 498 Chorus
814 474 904 496 autem
924 468 1035 503 angelo-

248 527 311 547 rum
322 520 394 546 circa
421 519 559 546 fornacem
575 521 683 545 sanctos
700 516 846 544 videbatur
867 515 1021 549 excipiens,

247 571 352 594 etcum
364 566 405 593 eis
419 566 550 601 hymnum
564 571 677 592 canens.
702 563 835 598 Martyres
863 566 954 589 autem
971 567 1035 588 cum

249 619 342 639 sacras
353 611 459 638 animas
482 610 554 645 apud
570 611 654 638 Deum
672 617 722 644 per
739 609 828 643 ignem
842 607 1036 641 deposuissent

249 655 371 683 secundo
385 651 429 682 die
448 654 621 687 Novembris,
639 654 730 681 locum
757 653 930 688 repleverunt
952 650 1036 678 odore

250 701 393 734 inetlabili,
410 700 479 728 adeo
493 701 582 735 utqui
602 700 656 727 illic
672 700 784 727 aderant
802 696 964 729 Christiani,
976 703 1038 731 qua:

249 747 304 775 dici
324 755 378 775 non
390 752 491 782 potest,
505 747 672 780 voluptatem
699 745 845 776 senserint,
861 749 888 771 et
901 751 963 771 eum
978 743 1037 770 lau-

249 793 352 826 darint,
372 792 627 828 quireipsaimplet
641 800 701 826 qua:
718 791 785 818 dicit
805 790 916 817 divinus
940 788 1036 821 David,

249 844 278 867 ct
293 840 320 866 in
330 840 434 867 sanctis
449 840 506 866 suis
523 846 552 866 se
567 838 688 866 ostendit
714 836 881 864 mirabilem.
913 835 1036 868 Quorum

251 893 334 912 sacrm
347 889 376 912 et
391 886 518 920 pretiosae
531 885 652 919 reliquiae
664 883 796 918 depositae
819 886 883 910 sunt
911 882 939 908 in
965 882 1036 913 loco,

1085 286 1168 312 παντὶ
1182 285 1325 320 ἀχειρώτῳ
1344 286 1376 319 τῇ
1395 283 1523 319 σφραγῖδι
1538 283 1658 318 Χριστοῦ
1673 282 1872 318 σφραξὰμενοι,

1085 332 1194 367 σύναμα
1209 333 1263 362 τοῖς
1276 331 1376 365 ἁγίοις,
1387 329 1545 364 Ἀκινδύνῳ,
1560 329 1691 364 Πηγασὶῳ
1706 329 1755 356 καὶ
1778 330 1875 363 Ἀνεμ-

1086 378 1217 411 ποδίστῳ,
1234 377 1285 411 τὴν
1309 376 1425 411 κάμινον
1450 374 1626 408 ὑπεισῆλθον,
1645 374 1718 401 ὀκτὼ
1734 374 1801 410 πρὸς
1819 376 1874 406 τοῖς

1086 424 1174 449 εἴκοσι
1195 424 1242 448 τὸν
1263 422 1382 456 ἀριθμὸν
1397 421 1486 452 ὄντες,
1506 420 1573 455 μηδὲ
1591 421 1677 454 αὐτῆς
1699 421 1874 455 ἀπολειφθείη

1087 477 1137 503 σης
1151 468 1202 503 τῆς
1215 468 1262 495 τοῦ
1278 468 1414 503 τυράννου
1431 468 1545 502 μητρὸς,
1561 467 1631 493 ἀλλὰ
1647 467 1696 494 καὶ
1715 467 1801 502 αὐτῆς
1816 467 1873 502 ἅμα

1088 513 1360 548 συνεπεισελθούσης.
1399 513 1486 548 Χορὸς
1522 513 1552 539 δὲ
1582 513 1706 546 ἀγγέλων
1734 513 1798 547 περὶ
1824 513 1875 547 τὴν

1087 559 1203 593 κάμινον
1232 560 1338 595 ἑωρᾶτο
1364 559 1427 590 τοὺς
1457 558 1553 592 ἁγίους
1586 558 1796 593 ὑποδεχόμενος,
1827 559 1874 585 καὶ

1087 603 1172 639 ὕμνον
1188 605 1237 630 σὺν
1252 605 1345 636 αὐτοῖς
1373 605 1550 637 ἀναμέλπων.
1576 604 1607 631 Οἱ
1625 603 1766 639 μάρτυρες
1784 604 1874 638 μέντοι

1086 650 1135 681 τὰς
1163 650 1239 685 ῑερὰς
1268 649 1358 684 ψυχὰς
1384 649 1423 684 τῷ
1437 648 1496 684 Θεῷ
1511 648 1556 675 διὰ
1579 648 1664 683 πυρὸς
1689 649 1874 683 παραθέμενοι

1089 695 1161 722 κατὰ
1173 695 1222 730 τὴν
1238 695 1368 730 δευτέραν
1380 694 1428 721 τοῦ
1458 693 1615 728 Νοεμϐρίου
1641 693 1737 728 μηνὸς,
1761 693 1875 724 ιὺωδίας

1087 741 1208 776 ἀρρήτου
1223 740 1270 767 τὸν
1284 741 1366 767 τόπον
1378 740 1555 774 ἐπλήρωσαν,
1570 740 1608 770 ὡς
1619 740 1683 770 τοὺς
1694 740 1782 765 ἐκεῖσε
1801 747 1873 773 παρ-

1087 787 1169 819 όντας
1199 786 1382 822 Χριστιανοὺς
1403 786 1500 820 ἡδονῆς
1517 785 1672 817 αἰσθέσθαι,
1690 785 1820 820 λεχθῆναι
1836 785 1874 819 μὴ

1088 834 1253 868 δυναμένης,
1276 833 1362 859 αἰνεῖν
1384 841 1414 858 τε
1435 832 1480 858 τὸν
1499 831 1573 866 ἔργῳ
1587 831 1620 858 τὰ
1634 831 1682 858 τοῦ
1699 830 1770 857 Θείου
1794 830 1875 856 Δαυῖδ

1088 878 1254 914 πληροῦντα,
1274 878 1322 904 καὶ
1344 877 1502 912 θαυμαστὸν
1527 878 1583 908 τοῖς
1601 877 1690 910 ἁγίοις
1714 875 1796 902 αὑτοῦ
1819 875 1875 901 δει-

251 931 300 966 qui
317 919 420 958 dicitur
447 931 596 961 lrenessus.
624 938 658 957 ex
673 929 774 964 quibus
786 932 877 955 manat
890 927 977 962 gratia
1004 927 1036 953 ad

1093 922 1237 957 κνύμενον.
1251 919 1302 948 Ὧν
1315 922 1349 948 τὰ
1365 923 1426 957 ιερά
1438 922 1485 948 καὶ
1493 922 1571 956 τίμια
1583 920 1696 955 λείψανα
1712 922 1740 946 ὲν
1749 921 1781 954 τῇ
1796 921 1873 954 εἰρη-

251 984 310 1008 eos,
325 977 372 1011 qui
385 977 518 1004 accedunt
533 986 539 1003 :
556 975 588 1002 ad
603 975 717 1009 gloriam
741 973 849 1001 Domini
863 972 950 1000 nostri
974 971 1038 999 Jesu

252 1019 365 1052 Christi,
393 1028 473 1054 quem
486 1019 564 1047 decet
576 1020 703 1054 maiestas
718 1023 746 1046 et
758 1018 879 1045 laudatio
895 1024 957 1044 cum
979 1016 1039 1051 ejus

253 1064 389 1099 principio
400 1070 509 1092 carente
526 1065 617 1096 Patre,
640 1067 669 1091 et
693 1063 802 1090 viviﬁco
825 1062 939 1097 Spiritu,
965 1067 1039 1088 nunc

251 1115 279 1135 et
293 1117 411 1144 semper,
425 1109 487 1137 etin
501 1109 598 1137 saecula
612 1109 786 1136 saeculorum.
805 1108 904 1135 Amen.

1092 970 1161 1005 μένῃ
1178 967 1343 1004 Είρηνησσῷ
1359 967 1505 1002 κατετέθη,
1528 966 1629 1000 πολλὴν
1649 967 1715 1000 ὅσην
1730 965 1778 999 τὴν
1795 966 1874 1000 χάριν

1089 1017 1146 1046 τοῖς
1169 1014 1312 1049 προσιοῦσι
1337 1012 1509 1048 πηγάζονται
1535 1012 1576 1042 είς
1601 1011 1681 1044 δόξαν
1700 1009 1746 1037 τοῦ
1770 1009 1874 1044 Κυρίου

1089 1061 1169 1096 ἡμῶν
1192 1059 1277 1095 Ἰησοῦ
1303 1059 1433 1095 Χριστοῦ,
1455 1055 1477 1092 ᾧ
1504 1057 1603 1091 πρέπει
1629 1055 1810 1091 μεγαλωδύνη
1828 1058 1874 1081 καὶ

1089 1108 1195 1136 αῐνεπις
1214 1106 1263 1132 σὺν
1280 1105 1319 1139 τῷ
1335 1104 1448 1139 ἁνάρχῳ
1471 1102 1552 1130 αὐτοῦ
1573 1102 1661 1136 Πατρὶ
1683 1101 1730 1128 καὶ
1751 1101 1790 1135 τῷ
1807 1101 1873 1132 ζωο-

1089 1151 1159 1186 ποιῷ
1183 1151 1324 1185 Πνεὺματι
1339 1170 1346 1182 ,
1363 1149 1410 1176 νῦν
1429 1149 1476 1175 καὶ
1492 1149 1535 1176 ἀεὶ
1562 1148 1609 1175 καὶ
1626 1149 1665 1179 εις
1687 1148 1749 1179 τοὺς
1776 1148 1875 1179 αἰῶνας

1088 1197 1142 1224 τῶν
1155 1197 1183 1223 al
1190 1197 1270 1223 bvuw.
1299 1196 1388 1230 Δμήν.

582 1348 706 1390 ΒΙοΣ
744 1349 841 1390 ΚΑΙ
878 1347 1152 1391 ΠΟΛΙΤΕΙΛ
1190 1348 1289 1390 ΚΑΙ
1327 1347 1545 1391 ΑΓΩΝΕΣ

830 1438 899 1465 ΤΟΥ
920 1437 1022 1465 ΟΣΙΟΥ
1041 1438 1177 1466 ΠΑΤΡΟΣ
1195 1438 1294 1466 ΗΜΩΝ

815 1520 1315 1590 ΙΩΑΝΝΙΚΙΟΥ

618 1721 744 1760 VITA
772 1721 865 1760 RES
903 1721 1082 1762 GESTJE
1126 1723 1191 1762 ET
1220 1722 1515 1764 CERTAMINA

848 1812 973 1841 SANCTI
992 1813 1120 1843 PATRIS
1138 1813 1268 1842 NOSTRI

597 1902 1077 1981 JOANNIGII
1133 1904 1539 2027 ABBATIS

600 2038 697 2070 (Latine
714 2038 777 2070 apud
790 2038 888 2064 Surium
899 2038 928 2062 ad
943 2038 1009 2063 diem
1028 2039 1037 2063 ί

1091 2046 1125 2068 ν..
1142 2039 1228 2065 Grece
1241 2046 1272 2064 ex
1285 2041 1340 2065 cod.
1363 2047 1407 2066 ms.
1420 2047 1443 2065 n.
1459 2040 1539 2072 Hal.)

289 2195 312 2222 l.
328 2195 402 2223 Viam
419 2202 480 2229 qute
503 2194 580 2222 ducit
600 2195 634 2224 ad
657 2195 799 2228 virtutem,
828 2197 920 2224 sciunt
948 2204 1037 2224 omne:

1133 2197 1173 2223 A’.
1195 2196 1252 2232 Τὴν
1273 2197 1342 2231 πρὸς
1368 2197 1468 2232 ἀρετὴν
1494 2197 1553 2224 ὁδὸν
1575 2198 1722 2234 φέρουσαν,
1746 2204 1875 2236 τραχεῖαν

254 2248 318 2268 csse
343 2248 479 2276 asperam,
496 2240 612 2268 arduam
633 2247 662 2269 et
680 2241 829 2273 dillicilem,
845 2242 928 2277 idque
945 2247 1041 2277 aperte

255 2285 314 2321 ipsa
330 2286 440 2313 discunt
462 2287 640 2320 experientia.
664 2287 696 2314 Et
727 2287 790 2314 ideo
809 2288 902 2315 multis
932 2294 1042 2322 quoque

255 2331 387 2366 indigent,
404 2339 466 2366 quae
483 2332 517 2359 ad
533 2331 621 2366 ipsam
646 2332 778 2365 excitent,
804 2333 904 2367 partim
932 2332 1042 2366 quidem

255 2375 507 2408 exhortationibus,
525 2375 625 2409 partim
652 2381 742 2403 autem
771 2377 835 2404 vita:
853 2383 963 2411 quoque
998 2375 1042 2403 hi-

254 2421 339 2448 storia
355 2428 464 2452 eorum,
483 2419 529 2455 qui
541 2420 569 2447 in
585 2420 633 2447 illa
652 2421 728 2456 prius
747 2426 811 2450 sunt
827 2422 952 2457 ingressi,
969 2422 1042 2457 quod

255 2466 339 2493 etiam
367 2465 453 2500 magis
472 2465 506 2492 ad
540 2472 601 2492 earn
630 2466 742 2494 attrahit
766 2467 825 2495 sine
853 2468 988 2501 molestia,
1015 2472 1043 2496 et

255 2510 339 2538 eilicit
354 2514 383 2537 ut
399 2517 455 2537 non
481 2510 671 2545 despondeant
695 2511 814 2539 animum
839 2518 951 2548 propter
973 2512 1043 2540 dim—

255 2557 387 2584 cultatem
407 2556 526 2584 itineris.
545 2556 578 2583 Ei
601 2556 684 2590 enim,
705 2557 751 2592 qui
778 2558 848 2585 viam
871 2563 914 2586 est
937 2559 1042 2594 ingres-

257 2610 340 2629 surus
356 2610 480 2636 asperam
498 2607 526 2629 et
543 2602 696 2636 diiIicilem,
711 2603 829 2630 suadens
842 2609 869 2632 et
893 2605 1042 2633 adhortans

258 2646 395 2681 quispiam
431 2647 523 2674 minus
559 2649 738 2682 persuaserit,
778 2650 924 2677 ostendens
951 2656 1040 2678 autem

258 2693 360 2720 multos
377 2700 437 2720 eam
452 2693 509 2729 jam
532 2694 694 2728 confecisse,
724 2699 752 2723 et
775 2695 808 2722 ad
833 2700 952 2731 optatum
979 2702 1040 2725 tan-

235 2738 320 2779 _dem
351 2738 432 2766 tinem
458 2741 626 2774 pervenisse,
653 2741 692 2769 sic
712 2741 797 2776 magis
819 2743 984 2776 persuaserit
1011 2746 1042 2769 ut

257 2789 385 2819 prompto
410 2791 439 2813 et
459 2785 543 2813 alacri
561 2786 654 2814 animo
670 2787 724 2815 iter
742 2787 928 2823 aggrediatur.
948 2788 1039 2816 Talem

255 2837 317 2858 esse
331 2830 457 2858 existimo
468 2832 558 2867 magni
574 2840 683 2868 quoque
694 2833 783 2861 Patris
798 2833 934 2862 Joannicii
945 2834 1039 2866 vitam,

254 2882 282 2905 et
309 2878 389 2913 longe
403 2878 644 2914 iucundissimam,
662 2884 690 2907 et
708 2880 787 2915 longe
806 2879 991 2913 utilissimam,
1013 2884 1040 2908 et

1096 2241 1166 2268 εἶναι
1186 2242 1235 2269 καὶ
1255 2242 1357 2277 ἀνάντη
1382 2243 1430 2269 καὶ
1453 2242 1584 2278 δυσχερῆ,
1604 2245 1706 2273 πάντες
1724 2247 1810 2279 ῐσασι,
1832 2249 1879 2274 καὶ

1096 2288 1129 2322 τῇ
1151 2288 1236 2322 πείρᾳ
1252 2287 1347 2322 σαφῶς
1365 2287 1532 2322 μανθάνουσι
1551 2295 1559 2304 ·
1573 2289 1616 2316 διὰ
1633 2290 1713 2317 τοῦτο
1740 2293 1788 2318 καὶ
1814 2294 1878 2320 πολ-

1096 2333 1149 2360 λῶν
1174 2333 1282 2360 δέονται
1311 2333 1368 2365 τῷν
1397 2333 1464 2368 πρὸς
1491 2334 1594 2369 ταύτην
1624 2337 1878 2371 παρακαλούντων,

1097 2378 1175 2405 τοῦτο
1192 2378 1242 2413 μὲν
1256 2378 1456 2413 παραινέσεων,
1474 2380 1552 2406 τοῦτο
1567 2381 1595 2407 δὲ
1613 2382 1660 2408 καὶ
1678 2382 1742 2416 βίων
1759 2384 1879 2420 ίστορίας

1097 2423 1151 2449 τῶν
1165 2423 1274 2457 ἐκείνην
1289 2423 1512 2458 προωδευκότων,
1529 2425 1542 2451 ὃ
1558 2425 1606 2452 καὶ
1618 2426 1718 2460 μᾶλλον
1733 2427 1879 2460 ἀκωλύτως

1096 2467 1240 2502 ἐφέλκεται
1252 2469 1321 2503 πρὸς
1337 2468 1422 2503 αὐτὴν
1443 2470 1491 2496 καὶ
1511 2470 1549 2504 μὴ
1570 2471 1771 2504 ἀπογινώσκειν
1786 2481 1878 2508 παρα-

1097 2512 1227 2544 σκευάζει
1258 2513 1307 2547 ·ιῆς
1332 2513 1446 2547 πορείας
1468 2513 1498 2539 τὸ
1526 2514 1666 2548 δύσκολον,
1693 2515 1753 2541 ἐπεὶ
1768 2517 1815 2542 καὶ
1841 2516 1880 2550 τῷ

1099 2559 1224 2594 μέλλοντι
1253 2558 1371 2594 βαδίζειν
1400 2558 1460 2585 ὁδὸν
1487 2558 1622 2594 δύσπορον
1656 2561 1703 2586 καὶ
1737 2562 1879 2595 τραχεῖαν,

1099 2604 1243 2639 παραινῶν
1259 2613 1312 2636 τις,
1335 2604 1381 2630 καὶ
1399 2605 1632 2639 προτρεπόμενος,
1651 2603 1732 2640 ἧττον
1747 2606 1880 2639 πείσειεν,

1097 2649 1283 2676 ὑποδεικνύων
1320 2650 1348 2675 δὲ
1377 2648 1490 2680 πολλοῦς
1519 2650 1602 2685 αὐτὴν
1633 2651 1683 2686 ἥδη
1715 2651 1879 2684 διελθόντας,

1096 2694 1155 2722 εἶτα
1178 2695 1228 2722 κάν
1253 2694 1300 2729 ,τῷ
1323 2695 1395 2721 τέλει
1432 2695 1522 2726 καλῶς
1546 2695 1772 2727 καταλύσαντας,
1807 2695 1881 2723 οὕτω

1099 2741 1188 2767 πείσει
1206 2740 1307 2776 μᾶλλον
1321 2741 1370 2767 καὶ
1384 2741 1465 2767 αὐτὸν
1479 2740 1513 2767 ἄν
1534 2740 1683 2775 προθύμως
1698 2742 1747 2773 τῆς
1766 2743 1879 2776 πορείας

1099 2787 1231 2822 ἅψασθαι.
1250 2787 1376 2813 Τοιοῦτον
1390 2785 1466 2822 οἶμαι
1481 2784 1552 2813 εἶναι
1575 2787 1620 2813 καὶ
1636 2787 1682 2813 τὸν
1695 2786 1742 2813 τοῦ
1757 2787 1876 2822 μεγάλου

1097 2833 1204 2868 Πατρδς
1225 2833 1388 2860 Ἰωαννικίου
1420 2833 1496 2868 βίον,
1523 2832 1594 2867 μάλα
1618 2833 1668 2868 μὲν
1688 2834 1878 2869 χαριέστατον,

1096 2880 1169 2916 μάλα
1183 2880 1211 2907 δὲ
1231 2880 1444 2916 ὠφελιμώτατον
1459 2900 1466 2913 ,
1486 2880 1533 2906 καὶ
1547 2879 1696 2914 δυνάμενον
1714 2880 1815 2912 ἱκανῶς
1832 2879 1879 2906 καὶ
