2039 3155
168 168 200 196 ΣΠ
704 163 790 192 \‘iTA
809 163 839 192 S.
859 160 1051 191 JDANNICII
1071 161 1242 191 ABBATIS.

1745 163 1780 195 38

167 219 249 247 αὑτὸν
265 218 309 244 τὶν
331 216 430 250 κομιδῆ
452 216 573 252 ῥᾴθυμον
587 215 719 250 διεγεῖραι
742 215 810 250 πρὸς
825 213 875 250 τὴν
894 214 944 248 τῆς

1008 223 1056 249 [nae
1070 215 1127 249 ipsa
1149 223 1258 250 quoque
1274 218 1363 249 potest
1380 215 1421 242 vel
1446 215 1524 243 valde
1549 217 1691 244 socordem
1705 219 1781 245 exei-

167 265 270 301 ἀρετῆς
286 262 457 297 ἐπιμέλειαν.
476 261 604 295 Λεγέσοω
619 260 765 295 τοιγαροῦν
782 261 815 286 τά
837 260 944 286 ἐκείνου

171 309 231 337 καθ’
249 310 311 335 ὅσον
326 306 382 334 οἷόν
397 315 438 340 τε,
462 307 508 333 καὶ
534 307 574 337 είς
592 306 673 340 μέσον
691 306 755 340 ὑμῖν
776 305 948 338 προτιθέσθω

167 356 221 386 τοῖς
231 353 376 388 φιλοθέοις,
386 352 447 379 ὃθεν
460 360 489 378 τε
503 351 628 386 ἤρξαντο,
645 351 692 377 καὶ
705 351 745 382 εἰς
759 348 813 377 οἷον
831 350 885 385 ἆρα
902 349 948 376 καὶ

167 398 318 434 κατέληξαν
333 399 429 433 πέρας.
447 398 525 431 Ἔχει
538 397 564 423 δὲ
577 396 664 428 οὕτως
680 405 687 412 ·

202 488 242 514 B’.
286 488 583 522 Τεσσαρεσκαιοεκατῳ
619 489 674 512 ὲτει
709 485 757 520 τῆς
790 485 949 520 τυραννίδος

169 534 285 566 Λέοντος
314 533 362 560 τοῦ
392 532 599 559 Κωνσταντίνου
632 532 740 564 παιδὸς,
767 531 814 558 τοῦ
838 532 886 559 καὶ
914 532 945 563 ἐξ

175 579 307 613 Ίσαύρων
331 578 456 609 ἕλκοντος
475 578 524 612 τὴν
541 577 587 604 τοῦ
615 577 709 610 γένους
732 577 836 610 σειρὰν,
852 577 866 602 6
884 575 949 602 θαυ-

173 624 274 659 μαστὸς
298 623 462 654 Ἰωαννίκιος
486 623 540 648 τῶν
568 622 713 656 μητρικὼν
735 621 863 656 θαλάμων
879 630 950 656 προ»

170 670 279 704 ἔρχεται
295 677 302 683 ·
321 666 343 702 ᾧ
367 668 465 702 πατρὶς
482 668 530 703 μὲν
546 669 563 703 ή
581 667 700 694 Βιθυνῶν
716 667 834 701 ἐπαρχία
845 688 852 698 ,
868 667 948 702 κώμη

168 714 196 740 δὲ
213 714 376 748 Μαρυκάτου
406 713 560 747 καλουμένη
592 712 660 747 πρὸς
686 713 741 743 τοῖς
769 712 948 747 βορειοτέροις

170 759 219 793 τῆς
227 758 438 789 ’Λπολλωνιάδος
452 758 575 792 κειμένη,
593 758 755 793 γεννήτορες
770 757 951 792 ἐπαληθεύον-

172 813 218 835 Ιιτες
232 805 289 835 τοῖς
307 805 398 838 ἔργοις
410 805 460 839 τὴν
475 804 571 838 κλῆσιν
583 823 591 835 ,
607 804 785 839 Μυριτζίκιος
805 805 852 830 καὶ
872 804 951 830 Ἀνα-

170 850 271 876 στασώ.
288 849 421 884 Ἔμελλον
437 849 492 883 γὰρ
506 847 563 876 οἶον
579 849 675 884 χάριεν
695 849 771 881 ῥόδον
788 849 832 875 τὸν
846 849 950 876 δίκαιον

169 875 370 928 ἀναδοῦγναιιτῇ
394 875 530 928 ειῖισεεείᾳ,
556 875 704 929 ἀτῖὸιζωῆς
725 895 764 925 είς
788 893 861 928 ζωὴν
876 875 949 922 κατὰ
964 875 985 904 Β

169 940 214 966 τδν
226 940 297 966 θεῖον
320 940 493 970 ’Λπόστολον,
510 941 566 971 τοῖς
589 940 637 974 τῆς
662 940 762 974 ἀρετῆς
778 940 876 974 μύροις
901 941 948 966 ὲκ-

172 985 340 1019 καλοὺμενον
364 986 426 1017 τοὺς
454 985 569 1018 πολλοὺς
593 985 640 1011 καὶ
670 985 718 1012 τοῦ
746 986 795 1020 τῆς
811 986 949 1020 ἁμαρτιας

172 1029 318 1064 πτώματος
332 1030 498 1062 ἀνιστῶντα,
515 1031 563 1056 καὶ
577 1030 635 1056 ὁδὸν
652 1030 848 1057 ὑποδεικνύντα
866 1031 953 1065 σωτή-

173 1083 240 1109 ριον,
255 1075 292 1105 ὠς
308 1075 322 1100 6
340 1074 417 1107 λόγος
439 1074 565 1108 δηλώσει.
585 1075 672 1105 Εὐθὺς
697 1075 751 1109 γὰρ
781 1076 814 1102 ὲκ
840 1076 952 1110 πρώτης

171 1119 264 1154 τριχὸς
281 1118 421 1152 αἰσθητοῖς
437 1118 566 1152 βρώμασι
584 1119 847 1153 παιδοτριὸούμενός
861 1128 890 1145 τε
905 1119 953 1145 καὶ

173 1163 353 1197 ἀναγόμενος,
369 1159 412 1188 οἷα
428 1163 502 1194 παῖς,
515 1162 545 1187 οὐ
562 1163 611 1196 τὴν
626 1163 772 1196 ἐγκύκλιον
787 1164 890 1197 ταύτην
905 1164 953 1190 καὶ

173 1208 311 1242 κοσμικὴν
327 1207 415 1233 εἵλετο
429 1208 536 1241 σοφίαν,
557 1208 626 1234 ἀλλὰ
641 1208 690 1242 τὴν
703 1209 897 1242 προσάγουσὰν
923 1217 953 1235 τε

173 1254 221 1279 καὶ
240 1253 395 1279 οίκειοῦσοιν
409 1253 480 1287 Θεῷ,
497 1253 558 1287 ἥτις
578 1254 624 1279 καὶ
649 1253 720 1288 ἀρχὴ
745 1254 839 1287 σοφίας
858 1254 931 1279 ἐστίν
945 1261 952 1268 ·

173 1295 224 1324 εἴθ’
239 1299 253 1324 ὁ
267 1297 313 1324 τοῦ
328 1298 396 1324 Θεοῦ
414 1298 506 1331 φόϐος,
525 1298 572 1324 καὶ
589 1298 619 1324 τὸ
643 1298 703 1324 κατ’
717 1299 788 1333 ἴχνος
803 1299 885 1325 αὑτοῦ
899 1298 954 1326 τῶν

175 1343 290 1370 ἐντολῶν
311 1343 435 1370 ἕπεσθαι.
452 1343 606 1377 Πρυέκοπτε
622 1344 712 1370 τοίνυν
727 1345 770 1370 ἐπ’
786 1345 881 1379 ἀρετῇ,
908 1345 955 1370 καὶ

177 1389 238 1424 θείᾳ
258 1389 377 1424 παιδείᾳ,
392 1389 490 1415 ὁπόσαι
504 1389 616 1424 ἡμέραι,
633 1390 681 1415 καὶ
698 1390 819 1416 ἐπεδίδου
835 1391 885 1425 τὴν
905 1399 956 1417 κα-

178 1434 227 1469 λὴν
244 1434 330 1465 ὅντως
345 1434 478 1461 ἐπίδοσιν.
503 1434 535 1460 Τί
563 1434 592 1460 δὲ
619 1435 731 1469 ὁταχὺς
757 1437 797 1464 είς
822 1435 956 1462 ἀντίδοσιν

175 1478 229 1504 τῶν
245 1478 355 1512 ἀγαθῶν
370 1477 491 1512 Κύριος;
513 1477 597 1504 Οὔπω
619 1478 668 1513 τὴν
698 1479 810 1512 πρώτην
834 1480 848 1505 6
870 1479 955 1514 tit-511;

999 264 1056 287 tare
1074 259 1106 286 ad
1125 260 1246 287 studium
1262 259 1383 288 virtutis.
1404 260 1534 287 Dicantur
1549 269 1614 297 ergo
1629 270 1674 290 res
1697 263 1780 295 illius,

998 305 1086 340 quoad
1104 305 1164 340 ejus
1181 305 1239 332 fieri
1256 305 1366 340 poterit,
1382 309 1410 332 et
1425 304 1503 332 vobis
1521 307 1574 340 piis
1596 315 1628 335 ac
1645 309 1782 344 religiosis

999 350 1026 376 in
1043 350 1162 377 medium
1183 350 1366 384 proferantur,
1389 349 1461 377 unde
1483 350 1586 377 scilicet
1605 353 1728 387 cmperit,
1754 358 1782 381 et

999 395 1033 423 ad
1049 403 1130 430 quem
1147 396 1228 423 linem
1250 397 1358 423 tandem
1377 395 1544 430 pervenerit.
1562 396 1608 423 Sic
1627 403 1718 425 autem
1732 399 1781 426 ha-

999 442 1056 469 bet:

1036 488 1069 515 Il.
1099 487 1310 521 Quartodecimo
1338 495 1409 515 anno
1438 489 1590 524 tyrannidis
1614 489 1714 516 Leonis
1736 489 1782 518 ﬁlii

999 533 1182 565 Constantini,
1212 533 1258 567 qui
1275 533 1355 560 etiam
1380 533 1488 568 generis
1514 533 1611 560 seriem
1640 535 1722 562 traxit
1750 542 1783 561 ex

1000 578 1112 609 Isauria,
1128 578 1295 604 admirabilis
1311 577 1470 605 Joannicius
1490 579 1614 612 procedit
1635 586 1668 606 ex
1686 583 1786 605 mater-

1002 623 1043 649 nis
1069 623 1205 650 thalamis.
1235 622 1284 649 Cui
1305 623 1392 657 palria
1425 623 1535 657 quidem
1564 623 1617 650 fuit
1646 622 1784 656 provincia

1001 667 1200 702 Bithynorum:
1216 668 1294 695 vicus
1313 672 1416 700 autem,
1443 669 1489 702 qui
1508 673 1621 695 vocatur
1645 669 1784 704 Marycati,

1000 713 1070 740 situs
1089 713 1120 739 ad
1137 714 1272 740 borealem
1291 718 1397 747 partem
1416 713 1604 748 Apolloniadis
1624 719 1785 748 :parentes.

1001 758 1048 792 qui
1072 757 1152 784 factis
1171 759 1236 792 ipsis
1267 766 1358 786 veram
1388 759 1542 786 reddebant
1561 761 1785 794 appellationem,

1002 803 1167 838 Myritzicius
1184 809 1210 831 et
1228 804 1372 832 Anastaso.
1390 805 1475 831 Erant
1488 805 1561 831 enim
1583 809 1710 839 tanquam
1727 805 1787 839 pul-

1003 849 1095 876 chram
1124 851 1326 884 rosamjustum
1356 850 1528 878 Joannicium
1557 851 1658 878 edituri
1679 851 1786 885 pietati,

1001 895 1077 928 quia
1095 894 1149 921 vita
1171 895 1204 921 ad
1220 895 1315 927 vitam,
1338 900 1367 922 ut
1391 896 1457 922 dicit
1476 895 1632 930 Apostolus,
1656 897 1788 923 evocabat

1001 939 1102 966 multos
1121 945 1262 975 unguento
1284 941 1432 975 pietatis,et
1447 948 1460 967 a
1474 941 1551 975 lapsu
1576 940 1682 975 peccati
1706 940 1789 968 facie-

1001 984 1050 1012 bat
1062 992 1183 1020 surgere,
1201 990 1229 1012 et
1243 986 1313 1012 viam
1325 986 1488 1013 ostendebat
1500 986 1660 1016 salutarent.
1680 991 1709 1012 ut
1729 986 1787 1020 jam

1002 1030 1129 1057 ostendet
1151 1030 1249 1057 oratio.
1278 1030 1375 1057 Statim
1401 1039 1466 1065 ergo
1496 1032 1530 1058 ab
1557 1031 1670 1058 ineunte
1697 1035 1788 1063 aetate,

1003 1083 1064 1102 cutn
1094 1076 1241 1102 sensilibus
1267 1076 1336 1102 cibis
1363 1077 1483 1103 aleretur
1505 1080 1534 1103 et
1561 1077 1727 1103 educaretur
1758 1082 1789 1103 ut

1003 1127 1081 1154 puer,
1098 1128 1152 1146 non
1167 1120 1372 1154 disciplinarum
1387 1121 1482 1147 orbem
1496 1125 1523 1147 et
1539 1121 1705 1148 mundanam
1727 1121 1785 1148 ele-

1004 1164 1043 1198 git
1063 1164 1235 1198 sapientiam,
1248 1165 1295 1190 sed
1310 1171 1381 1196 eam,
1395 1173 1455 1198 qua
1471 1166 1503 1192 ad
1522 1165 1609 1192 Deum
1625 1166 1748 1197 adducit,
1762 1171 1790 1193 ct

1004 1209 1029 1236 ei
1055 1208 1144 1235 reddit
1166 1208 1337 1241 familiarem,
1354 1217 1413 1243 qua:
1437 1215 1479 1237 est
1506 1210 1613 1237 initium
1637 1211 1788 1245 sapientiae,

1005 1261 1102 1288 nempe
1122 1254 1168 1281 Dei
1192 1254 1317 1280 timorem
1330 1255 1337 1269 ι
1349 1273 1357 1285 ,
1378 1259 1405 1281 et
1423 1255 1480 1289 ejus
1496 1256 1686 1282 mandatorum
1715 1256 1783 1282 insi-

1008 1302 1081 1324 stere
1096 1297 1206 1331 vigiliis.
1220 1297 1383 1325 Proﬁciebat
1397 1306 1463 1333 ergo
1478 1299 1504 1325 in
1521 1299 1580 1326 dies
1600 1300 1627 1326 in
1642 1300 1742 1326 virtute
1762 1304 1790 1326 et

1005 1342 1095 1369 divina
1108 1339 1261 1377 disciplina,
1274 1348 1301 1370 et
1312 1343 1426 1377 pulchro
1446 1345 1594 1379 augebatur
1609 1345 1787 1371 incremento.

1005 1387 1074 1421 Quid
1094 1393 1183 1415 autem
1198 1388 1338 1420 Dominus,
1372 1389 1420 1423 qui
1443 1393 1485 1416 est
1513 1390 1591 1416 velox
1608 1389 1639 1415 ad
1656 1389 1789 1416 bonorum

1007 1434 1279 1461 remunerationem?
1303 1434 1430 1461 Nondum
1459 1442 1574 1469 magnus
1591 1434 1751 1461 Joannicius
1775 1442 1789 1461 e

1006 1479 1093 1514 prima
1110 1482 1190 1506 zelate
1213 1484 1376 1510 excesserat,
1397 1483 1424 1506 et
1439 1486 1538 1506 munus
1553 1479 1660 1510 obiens,
1677 1479 1749 1514 quod
1763 1478 1789 1506 ci

177 1523 292 1558 ἤμειϐεν
308 1523 419 1557 ἡλικίαν
433 1543 440 1555 ,
460 1523 509 1549 καὶ
534 1523 566 1557 ἣν
579 1523 655 1558 παρὰ
672 1523 726 1550 τῶν
741 1524 840 1557 γονέων
857 1523 956 1558 ἐτάχθη

1009 1523 1097 1551 fuerat
1112 1524 1269 1551 mandatum
1281 1532 1296 1550 a
1309 1525 1480 1558 parentibus,
1500 1525 1528 1551 in
1544 1529 1674 1551 consueta
1690 1531 1789 1557 pascua

175 1568 448 1604 λειτουργίαντελῶν
486 1569 547 1599 ταῖς
591 1567 721 1602 συνήθεσι
754 1570 850 1602 νομαῖς
893 1570 955 1601 τοὺς

177 1615 284 1650 χοίρους
302 1615 441 1648 ἐπαφιεὶς,
457 1615 470 1640 6
486 1614 534 1648 μὲν
550 1613 589 1649 τῷ
605 1613 651 1639 τοῦ
665 1613 784 1649 σταυροῦ
803 1614 882 1649 τύπῳ
893 1614 957 1641 τού-

176 1667 239 1690 τους
265 1659 439 1694 ὲσημειοῦτο,
459 1659 507 1685 καὶ
529 1659 578 1690 τὰς
607 1659 733 1693 συνήθει;
761 1659 841 1691 abre;
875 1660 957 1695 εὐχὰς

178 1704 305 1730 ἀπεδίδου
316 1704 375 1738 Θεῷ
393 1712 399 1718 ·
413 1704 437 1729 oi.
450 1704 477 1729 δὲ
493 1704 589 1738 έμενον
603 1704 782 1731 ἀδιάσπαστοι
807 1704 894 1738 λύμης
910 1707 958 1731 ἀν-

178 1747 295 1781 θρώπων
317 1748 385 1783 ὁμοῦ
411 1748 457 1774 καὶ
484 1747 576 1782 θηρῶν
603 1748 747 1782 ἀνώτεροι,
774 1748 826 1779 ἕως
839 1749 886 1782 ὀψὲ
909 1749 958 1782 τῆς

179 1794 287 1828 ἡμέρας
308 1793 482 1828 ἀναστρέψας
497 1795 510 1819 6
525 1792 601 1827 ἆγιος
613 1813 621 1826 ,
645 1794 691 1819 ἐπὶ
705 1793 755 1829 τὴν
770 1795 860 1820 οἰκίαν
878 1794 960 1821 πάλιν

178 1840 276 1870 αὐτοὺς
291 1839 469 1866 εἰσελάσειεν.

214 1883 252 1911 Γ’.
271 1884 348 1911 Ἐπεὶ
363 1885 390 1911 δὲ
403 1886 416 1911 6
433 1885 482 1920 μὲν
497 1885 542 1912 τὸν
553 1885 654 1920 ἔφηϐον
669 1885 778 1920 ἦμειϐε,
795 1885 824 1912 τό
838 1894 866 1912 τε
879 1885 959 1920 σῶμα

178 1930 229 1957 οὐκ
259 1930 348 1963 ἀφυὴς
373 1929 412 1956 ὣν
440 1931 487 1956 καὶ
516 1930 565 1965 τὴν
589 1930 650 1964 ὗψιν
679 1931 729 1957 οὐκ
753 1931 861 1964 ἀγεννεῖ
884 1931 961 1964 ἀνδρὶ

181 1975 278 2006 ἐοικώς
299 1983 307 1990 ⁶
327 1975 428 2009 ἐκλογὴ
459 1975 488 2002 δὲ
518 1975 587 2010 πρὸς
615 1975 759 2009 ἀκρίϐειαν
789 1974 962 2009 στρατιωτῶν

182 2019 331 2055 προστάξει
348 2020 396 2049 τοῦ
412 2019 568 2054 τηνικαῦτα
585 2019 751 2055 κρατοῦντος
766 2019 872 2052 ἐγένετο
887 2026 893 2033 ·
904 2020 962 2044 τότε

180 2064 213 2098 δὴ
231 2064 277 2090 καὶ
294 2064 308 2089 6
326 2064 482 2098 θαυμαστὸς
512 2061 590 2094 οὗτος
618 2063 656 2097 τῷ
681 2063 734 2089 τῶν
766 2062 963 2098 ὲξκουὸιτόρων

183 2110 406 2144 ἐναπογράφεται
419 2109 552 2143 τάγματι.
571 2108 625 2135 Ἦν
644 2106 690 2135 οὖν
709 2108 833 2140 ποθεινὸς
855 2109 905 2143 μὲν
928 2111 961 2144 τῇ

184 2155 300 2189 στρατιᾷ
313 2154 347 2180 δι’
364 2153 525 2185 ἐπιείκειαν,
543 2153 658 2188 φοϐερὸς
683 2155 710 2180 δὲ
729 2155 787 2185 τοῖς
802 2154 905 2189 ἐχθροῖς
918 2153 962 2179 διὰ

1009 1576 1107 1603 porcos
1125 1568 1285 1600 immittens,
1303 1569 1347 1596 ille
1367 1569 1477 1603 quidem
1497 1576 1545 1596 eos
1563 1569 1688 1603 signabat
1704 1569 1790 1603 tignra

1008 1613 1109 1646 crucis.
1139 1618 1168 1641 et
1191 1614 1249 1649 ipse
1272 1618 1416 1641 consuetas
1440 1621 1535 1649 preces
1561 1614 1616 1641 Deo
1647 1614 1791 1640 reddebat:

1008 1659 1049 1686 illi
1063 1664 1154 1686 autem
1171 1659 1368 1694 permanebant
1381 1659 1523 1691 indivulsi,
1544 1659 1620 1686 nullo
1634 1666 1685 1685 nec
1702 1657 1790 1685 horni-

1009 1713 1073 1731 num
1103 1713 1153 1732 nec
1170 1705 1319 1731 bestiarum
1336 1704 1434 1732 damno
1456 1705 1567 1732 omnino
1582 1704 1684 1736 affecti,
1698 1704 1789 1731 donec

1009 1759 1122 1785 vespere
1170 1759 1296 1779 τονοτευε
1329 1756 1439 1779 sanctus
1471 1759 1518 1779 COS
1553 1751 1663 1778 domum
1697 1758 1793 1777 l‘lll'SllS

1010 1802 1111 1826 ageret.

1047 1886 1090 1913 lll.
1108 1885 1176 1913 Cum
1196 1891 1286 1913 autem
1300 1886 1345 1912 ille
1362 1885 1472 1920 quidem
1495 1886 1550 1920 jam
1571 1889 1734 1912 excessisset
1758 1892 1791 1912 ex

1012 1929 1137 1963 ephebis,
1163 1934 1227 1956 tunc
1256 1937 1318 1956 cum
1338 1934 1411 1956 esset
1438 1934 1466 1956 et
1495 1937 1610 1964 corpore
1647 1930 1735 1964 agilis,
1767 1935 1794 1956 et

1013 1979 1124 2008 aspectu
1141 1982 1195 2008 pra:
1210 1982 1238 2001 se
1253 1974 1337 2001 ferret
1353 1974 1471 2008 speciem
1488 1973 1606 2002 hominis
1621 1982 1674 2001 non
1690 1975 1793 2010 ignavi,

1015 2018 1162 2046 haberetur
1177 2027 1242 2046 vero
1258 2024 1403 2048 accuratus
1425 2020 1542 2047 militum
1566 2020 1691 2047 delectus
1714 2020 1793 2053 jussu

1014 2063 1082 2098 ejus,
1100 2063 1147 2098 qui
1165 2069 1229 2091 tunc
1249 2071 1340 2091 rerum
1367 2065 1543 2099 potiebatur:
1568 2068 1633 2090 tunc
1657 2063 1703 2090 hic
1726 2070 1794 2096 quo-

1014 2115 1066 2142 que
1094 2107 1136 2134 vir
1166 2107 1342 2135 admirandus
1385 2109 1486 2134 relatus
1511 2107 1562 2134 fuit
1588 2107 1616 2133 in
1647 2114 1792 2134 numerum

1014 2152 1216 2180 excubitorum.
1234 2153 1299 2179 Erat
1320 2158 1409 2179 autem
1426 2151 1558 2179 exercitui
1571 2151 1679 2186 quidem
1694 2153 1795 2187 jucun-

183 2200 374 2233 γενναιότητα,
392 2199 425 2226 τὰ
443 2199 529 2226 πολλὰ
542 2199 653 2230 τούτους
668 2200 713 2226 καὶ
735 2200 805 2236 μόνῃ
830 2199 879 2235 θέᾳ
902 2208 957 2235 τρο-

1015 2199 1066 2227 dus
1077 2204 1189 2235 propter
1200 2199 1431 2227 moderationem:
1449 2199 1568 2227 inimicis
1583 2207 1647 2227 vero
1660 2199 1792 2226 terribilis

183 2246 332 2279 πούμενος.
361 2244 440 2271 Οῠτω
463 2245 609 2279 τοιγαροῦν
634 2244 715 2279 ἔχων,
738 2245 786 2271 καὶ
809 2244 880 2271 οὕτω
898 2244 975 2281 περὶ’

183 2290 284 2317 πολλοῦ
299 2290 338 2324 τῷ
356 2290 541 2325 στρατεύματι
566 2290 603 2316 ὢν
623 2291 688 2324 περὶ
713 2290 835 2323 πλείονος
858 2291 962 2326 ὑπῆρχε

184 2336 254 2371 Θεῷ.
272 2335 333 2363 καθ’
357 2335 372 2361 ὃ
396 2335 450 2362 τῶν
468 2336 549 2362 αὑτοῦ
567 2335 684 2363 ἐντολῶν
700 2335 787 2370 φύλαξ
801 2334 835 2372 ἧν
846 2336 963 2371 ἀκριῦἐ-

186 2390 294 2413 στατος.
321 2380 406 2407 Ταῦτ’
431 2381 478 2408 οὖν
500 2382 514 2408 6
535 2381 651 2417 πονηρὸς
671 2381 753 2416 ὀρῶν,
774 2382 821 2417 τῆς
835 2390 864 2408 τε
882 2381 964 2416 ἄλλης

186 2427 301 2461 ἀρετῆς,
322 2427 368 2453 καὶ
382 2426 414 2461 δὴ
428 2428 475 2453 καὶ
490 2427 538 2462 τῆς
560 2427 628 2461 πρὸς
652 2426 683 2452 τὸ
697 2425 775 2453 Θεϊον
794 2426 910 2457 νεύσεώς
933 2435 963 2453 τε

187 2472 235 2498 καὶ
252 2472 415 2504 οἱκειώσεως
433 2472 588 2507 βασκαίνων
604 2472 687 2508 αὐτῷ,
709 2472 838 2507 ὲνήδρευέ
851 2481 881 2499 τε
895 2474 965 2507 ἀφα-

189 2517 254 2548 νῶς,
274 2517 320 2542 καὶ
335 2517 430 2551 λόχους
451 2517 562 2549 ἐκάθιζε
586 2519 656 2544 κατά
679 2517 727 2544 τοῦ
753 2518 859 2553 ἀνδρός.
882 2518 964 2544 Ὅθεν

188 2563 235 2589 καὶ
267 2562 362 2597 κοινήν
396 2571 460 2588 ποτε
492 2562 698 2594 κατασκεδάσας
734 2562 788 2589 τῶν
815 2563 967 2598 ἀνθρώπων

188 2608 283 2643 ἀχλὺν,
301 2608 338 2639 ὡς
353 2608 385 2634 ἂν
411 2608 448 2642 μὴ
471 2609 536 2639 ταῖς
557 2608 645 2640 θείαις
672 2609 759 2635 εἰκόσι
779 2609 809 2634 τὸ
826 2609 965 2644 προσῆκον

188 2654 351 2689 ἀπονέμοιεν
373 2652 466 2686 σέῦας,
483 2653 579 2687 φθάνει
596 2654 642 2680 καὶ
661 2654 758 2689 μέχρις
779 2654 942 2681 Ἰωαννικίου
956 2675 964 2687 ,

189 2699 236 2726 καὶ
253 2699 346 2726 τοῦτον
361 2699 392 2734 δὴ
415 2698 459 2724 τὸν
475 2698 556 2724 καλὸν
571 2699 599 2725 ἐν
623 2700 757 2734 ἀσκηταῖς
774 2699 858 2734 ἄνδρα
881 2701 964 2735 αἱρεῖ,

190 2746 238 2771 καὶ
263 2746 330 2780 πρὸς
354 2745 404 2780 τὴν
426 2743 552 2778 ὀλεθρίαν
577 2744 681 2778 αἵρεσιν
703 2745 757 2773 τῶν
775 2746 965 2781 Είκονομάχων

244 2836 253 2852 ⁸
272 2835 341 2863 Psal.
358 2843 400 2868 cx,
422 2835 469 2868 lo;
491 2833 568 2862 Prov.
586 2843 604 2868 ι,
622 2842 659 2868 xt,
678 2834 718 2863 10.

1017 2250 1130 2282 propter
1156 2245 1357 2277 fortitudinem,
1381 2249 1410 2271 ut
1439 2245 1485 2279 qui
1508 2251 1556 2272 eos
1577 2252 1647 2279 srepe
1673 2244 1717 2272 vel
1738 2245 1797 2271 solo

1017 2296 1128 2327 aspectu
1144 2291 1172 2318 in
1187 2291 1277 2325 fugam
1296 2294 1426 2317 verteret.
1453 2289 1520 2317 Cum
1543 2298 1572 2318 se
1595 2297 1660 2325 ergo
1682 2290 1722 2317 sic
1748 2298 1795 2325 ge-

1017 2343 1101 2370 reret,
1125 2342 1152 2365 et
1181 2337 1245 2364 tanti
1277 2336 1354 2363 fieret
1381 2336 1414 2363 ab
1445 2335 1578 2368 exercitu,
1608 2335 1679 2370 apud
1711 2336 1795 2362 Deum

1018 2384 1109 2412 adhuc
1134 2382 1221 2418 pluris
1248 2381 1341 2413 ﬁebat,
1357 2385 1492 2415 quatenus
1514 2381 1573 2416 ejus
1603 2384 1736 2415 pnecepta
1762 2379 1796 2406 ad

1019 2436 1138 2464 unguem
1157 2427 1330 2459 observabat,
1360 2426 1417 2454 Hoc
1442 2434 1509 2461 ergo
1536 2426 1631 2453 videns
1650 2425 1796 2459 malignus,

1017 2481 1045 2504 et
1063 2482 1125 2503 cum
1149 2473 1231 2500 aliam
1244 2472 1384 2504 virtutem,
1407 2476 1464 2498 tum
1484 2472 1544 2506 ejus
1560 2478 1622 2498 cum
1640 2470 1694 2497 Deo
1715 2470 1796 2496 fami.

1020 2523 1167 2550 liaritatem
1191 2523 1220 2547 et
1234 2519 1456 2554 coniunctionem
1473 2518 1499 2545 ei
1515 2516 1660 2546 invideret,
1679 2515 1706 2541 in
1731 2522 1795 2542 eum

1019 2569 1136 2596 latenter
1163 2565 1339 2600 comparabat
1365 2563 1489 2591 insidias.
1523 2560 1704 2594 Quamobrem
1734 2567 1796 2586 cum

1018 2610 1165 2647 aliquando
1181 2609 1338 2637 hominibus
1359 2613 1531 2636 communem
1547 2605 1689 2632 offudisset
1704 2605 1798 2639 caligi-

1019 2665 1092 2690 nem,
1108 2661 1138 2683 ut
1157 2663 1212 2683 non
1234 2654 1335 2683 divinis
1350 2652 1516 2688 imaginibus
1539 2658 1613 2679 cum.
1640 2657 1720 2685 quem
1748 2657 1797 2684 par

1020 2707 1089 2736 erat,
1116 2702 1248 2729 honorem
1275 2701 1436 2730 tribuerent,
1456 2697 1582 2732 pervertit
1602 2695 1683 2723 etiam
1713 2702 1799 2730 usque

1021 2749 1054 2776 ad
1074 2746 1246 2775 Joannicium
1268 2745 1395 2780 capitque
1411 2748 1438 2772 et
1452 2747 1590 2779 expugnat
1613 2742 1686 2770 hunc
1709 2739 1798 2768 virum
