2039 3155
267 202 304 232 39

897 196 1039 227 MENSIS
1059 192 1274 225 NOVEMBER.

1851 188 1887 220 40

270 257 429 291 pra-clarum
448 256 522 282 inter
541 258 748 288 exercitatores,
766 260 792 282 et
809 253 913 281 inducit
936 260 998 280 eum
1018 251 1049 278 ad

1104 249 1246 281 ἐπάγεται.
1263 247 1300 273 Τδ
1311 247 1359 273 ἀπ’
1372 246 1478 273 ἐκείνου
1501 246 1590 273 τοίνυν
1610 247 1668 278 ταῖς
1682 245 1769 277 θείαις
1783 244 1887 272 εἰκόσιν

270 301 450 334 perniciosam
464 307 567 329 sectatn
580 302 831 330 lconomachorum.
846 300 886 327 Ab
898 299 944 326 illo
958 302 1048 325 autem

267 350 388 381 tempore
409 346 512 374 divinis
525 347 692 382 imaginibus
716 354 770 374 non
787 345 868 372 modo
892 351 971 378 quem
1001 349 1049 376 par

265 396 335 424 erat,
350 392 429 418 multi
442 391 574 420 honorem
588 401 641 419 non
655 391 817 420 tribuebant.
835 389 880 417 sed
892 397 942 416 nec
956 395 1049 414 earnm

266 437 378 472 quidem
394 437 564 465 auditionem
592 438 705 464 auribus
732 436 843 464 omnino
858 434 1048 461 admittebant.

269 483 349 510 Totis
362 491 427 510 vero
452 484 649 518 quinquaginta
678 487 782 517 septem
812 481 900 513 annis,
924 480 1009 515 ﬁgura
1035 487 1050 506 a

267 528 381 555 Christo
401 534 533 563 suscepta
551 528 738 560 humanitatis,
755 526 865 555 crimini
886 525 1002 553 dabatur
1024 529 1052 552 et

269 574 438 607 contemptui
458 574 610 601 habebatur
629 574 663 601 ab
684 573 727 605 iis,
744 572 790 607 qui
818 571 975 606 pugnabant
1001 569 1052 596 ad-

267 625 365 644 versus
381 618 522 652 imagines.
545 618 612 645 Cum
631 618 731 652 quibus
747 617 800 644 fuit
813 616 949 644 abductus
965 618 994 642 et
1009 622 1054 641 ca-

267 668 333 698 ptus
346 664 389 691 hic
406 671 515 698 quoque
532 665 574 691 vir
590 664 779 693 admirandus.
795 668 823 689 et
838 663 917 697 pauci
930 661 1052 693 luerunt,

268 708 315 742 qui
331 709 439 743 maligni
457 709 584 743 laqueum
597 708 753 744 effugerint.
768 707 856 742 Atque
870 707 928 734 hac
943 705 1054 740 quidem

269 755 310 781 sic
327 762 356 782 se
379 755 535 782 habebant:
553 759 580 782 et
599 755 700 783 Christi
718 755 804 789 ﬁgura
824 759 926 780 nostrae
945 751 1052 784 similis,

269 799 338 832 proh
354 799 451 826 dolor!
471 799 682 834 despiciebatur,
700 803 727 826 et
745 798 814 825 nihil
839 798 951 825 omnino
978 801 1057 831 puta-

271 845 362 872 batur.
467 843 493 849 ﬁ

305 891 350 917 ιν.
373 891 518 926 Postquam
540 897 632 919 autem
661 891 744 926 hujus
761 889 874 918 sceleris
898 894 1056 925 operatores

1099 295 1148 329 οὑχ
1177 295 1218 321 ’ὅτι
1255 293 1303 329 μὴ,
1331 293 1368 324 ὡς
1398 294 1548 328 προσῆκεν,
1578 292 1715 326 ἀπένεμον
1741 293 1766 318 οἱ
1794 291 1886 318 πολλοὶ

1101 340 1195 371 σέϐας,
1216 339 1275 366 ἀλλ’
1296 338 1360 364 οὐδὲ
1385 339 1434 373 τὴν
1452 338 1548 364 τούτου
1572 338 1657 372 ἀκοὴν
1675 337 1743 368 ὅλως
1758 338 1814 367 τοῖς
1834 336 1887 362 ὠσὶ

1101 387 1293 422 παρεδέχοντο.
1326 386 1371 412 Ἐν
1394 386 1464 411 ἑπτὰ
1488 385 1516 411 δὲ
1539 386 1584 411 καὶ
1612 384 1685 413 ὅλοις
1714 384 1887 418 πεντήκοντα

1101 434 1190 459 ἐτεσιν
1215 435 1229 458 ὁ
1248 432 1296 465 τῆς
1319 431 1554 465 ὲνανθρωπήσεως
1578 429 1624 456 τοῦ
1641 428 1760 464 Χριστοῦ
1780 429 1886 460 τύπος,

1101 478 1258 506 δεϐἀλλετό
1295 486 1324 503 τε
1365 476 1440 511 παρὰ
1472 476 1527 502 τῶν
1554 475 1805 510 είκονομαχούντων
1838 476 1886 501 καὶ

1103 524 1258 560 ήτιμὰζετο
1275 532 1283 540 ’
1299 521 1340 555 οἷς
1365 523 1397 558 δὴ
1413 523 1461 549 καὶ
1489 524 1503 549 ὁ
1527 521 1678 556 θαυμάσιος
1702 519 1780 552 οἶκος
1805 530 1886 548 cavas

1103 571 1199 606 πὴχθη
1215 571 1262 597 καὶ
1275 570 1329 596 τῶν
1343 570 1462 596 ἁλόντων
1473 570 1585 602 γέγονεν
1594 589 1601 600 ,
1627 569 1726 602 ολίγων
1743 569 1826 602 μόλις
1838 568 1887 603 τὴν

1105 616 1197 651 πάγην
1219 615 1267 642 τοῦ
1296 615 1413 650 πονηροῦ
1440 615 1619 648 διαδράντων.
1648 612 1711 648 Εἶχε
1736 614 1888 653 μὲνὴοὖτω

1103 662 1202 693 ταῦτα,
1228 661 1275 688 καὶ
1295 661 1310 687 ό
1338 660 1400 688 καθ’
1425 661 1497 694 ἡμᾶς
1523 659 1569 686 τοῦ
1591 659 1712 694 Χριστοῦ
1744 659 1887 694 χαρακτὴρ

1105 708 1280 742 παρεωρᾶτο,
1296 707 1381 742 οἴμοι,
1397 706 1445 732 καὶ
1457 706 1484 732 ἐν
1500 705 1606 737 οὐδενὸς
1618 705 1699 740 μέρει
1715 705 1887 732 rana-itam!

1106 753 1255 786 ἐλογίζετο.

1141 884 1177 912 Δ¹.
1204 884 1282 911 Ἐπεὶ
1306 883 1336 910 δὲ
1355 884 1380 910 οι
1403 883 1452 918 τῆς
1475 883 1575 914 κακίας
1596 883 1698 918 ταύτης
1717 883 1832 917 ἐργάται
1853 884 1886 918 τῇ

271 943 333 962 cum
351 936 488 970 impietate
514 936 711 964 miserabiliter
738 935 891 970 perierunt,
912 939 939 961 et
953 935 1049 961 Roma-

1106 929 1219 964 ἀσεσείᾳ
1246 928 1373 959 ἐλεεινῶς
1400 928 1598 959 συναπώλοντο,
1623 928 1670 954 καὶ
1692 928 1708 962 ὴ
1737 927 1880 962 Ῥωμαίων

270 988 367 1007 norum
380 981 525 1015 imperium
541 975 650 1008 transiit
664 980 696 1006 ad
711 980 854 1014 conjugem
867 980 925 1015 ejus
933 979 1052 1011 lrenem,

271 1033 331 1058 quae
346 1032 388 1052 res
403 1025 623 1053 Christianorum
639 1024 767 1051 tuebatur
781 1029 807 1051 et
826 1024 942 1052 habebat
959 1024 986 1051 in
1003 1024 1053 1050 ho-

270 1078 346 1102 nore,
360 1071 482 1103 etiamsi,
500 1075 612 1105 propter
630 1075 733 1097 metum
753 1070 861 1102 mariti,
878 1078 930 1097 non
947 1074 1054 1104 poterat

267 1122 301 1142 eo
317 1117 464 1150 superstite
482 1115 569 1142 libere
584 1115 678 1149 eloqui
694 1122 785 1141 veram
799 1114 971 1148 religionem.
983 1113 1051 1141 Cum

267 1166 300 1186 ea
317 1168 382 1187 vero
404 1161 431 1186 in
458 1159 575 1194 imperio
602 1159 697 1187 fuisset
725 1160 884 1190 constituta.
904 1163 969 1186 tunc
994 1158 1052 1192 ipse

267 1213 377 1241 quoque
390 1205 528 1236 Christus,
544 1205 590 1239 qui
611 1210 723 1240 propter
751 1213 801 1232 nos
826 1212 936 1231 carnem
950 1203 1052 1236 induit,

267 1260 364 1279 rursus
382 1252 570 1278 honorabatur
585 1251 688 1286 ﬁguris,
701 1256 729 1279 et
742 1255 877 1286 exoptata:
891 1255 1052 1278 sanctorum

268 1297 418 1332 imagines,
433 1297 460 1323 in
481 1296 623 1328 ecclesiis,
646 1296 674 1322 in
691 1298 767 1327 l‘oro,
786 1296 813 1322 in
834 1295 936 1330 populo
955 1302 1054 1322 cerne-

267 1342 379 1370 bantur.
398 1341 450 1369 Sed
472 1349 506 1368 ne
519 1342 559 1368 sic
581 1341 691 1376 quidem
711 1341 788 1368 multi
812 1341 895 1376 hujus
912 1341 1054 1368 lconoma-

267 1386 384 1413 chorum
410 1385 522 1412 haeresis
547 1385 724 1411 acerbitatem
749 1385 878 1412 eluerunt
893 1393 924 1412 ex
943 1385 1053 1418 animis,

267 1430 317 1459 sed
334 1438 396 1457 cuin
425 1431 555 1465 temporis
579 1430 760 1457 diuturnitate
781 1430 814 1457 ad
838 1430 902 1457 mali
929 1430 1053 1457 habitum

268 1475 474 1511 pervenissent,
500 1483 572 1511 aegre
597 1476 725 1503 ferebant
753 1483 782 1503 se
806 1476 841 1503 ab
865 1483 899 1503 eo
929 1475 1052 1502 liberari.

268 1521 391 1554 Quorum
413 1529 484 1548 unus
507 1527 566 1549 erat
580 1521 625 1548 hic
649 1529 759 1556 quoque
775 1521 924 1556 praeclarus
938 1520 1053 1548 Joanni-

267 1567 329 1593 cius
340 1586 346 1597 ,
367 1566 412 1601 qui
429 1574 483 1593 non
501 1571 560 1593 erat
576 1571 720 1602 promptus
734 1574 785 1594 nec
802 1567 881 1594 velox
907 1567 939 1593 ad
966 1571 1054 1593 muta-

267 1611 370 1638 tionem
381 1632 388 1644 ,
404 1619 492 1646 neque
515 1612 589 1639 omni
608 1617 690 1640 vento
705 1613 920 1639 convertebatur
936 1617 984 1639 aut
999 1612 1053 1638 cir-

268 1657 488 1689 cumferebatur,
511 1657 559 1684 sed
586 1665 690 1684 morum
710 1657 859 1685 ostendens
879 1657 1052 1691 gravitatem,

267 1702 320 1728 etsi
341 1702 368 1728 in
390 1709 420 1728 re
437 1710 490 1728 non
504 1702 654 1734 laudabili,
673 1703 851 1736 permanebat
874 1702 900 1728 in
925 1703 978 1734 iis,
994 1710 1054 1737 quae

269 1747 322 1774 sibi
340 1752 412 1774 recte
425 1748 532 1781 opinari
549 1748 710 1780 videbatur,
729 1752 757 1775 et
772 1748 873 1775 divinis
889 1748 1053 1782 imaginibus

268 1792 375 1820 nullum
402 1791 506 1819 cultum
533 1793 680 1821 tribuebat.
708 1794 811 1821 Deinde
828 1795 892 1829 quid
915 1795 964 1821 ﬁt?
984 1795 1052 1821 Eum

266 1842 384 1864 venatur
401 1838 528 1872 egregius
543 1838 662 1873 agricola
673 1859 680 1870 ,
692 1839 738 1874 qui
756 1840 832 1866 novit
849 1844 950 1866 terram
967 1839 1052 1866 animi

267 1883 494 1918 uniuscujusque,
521 1885 585 1910 etis
609 1885 706 1919 accipit
732 1885 837 1913 semina
865 1885 928 1912 ﬁdei
953 1885 1052 1912 ortho-

267 1930 354 1956 doxce.
373 1929 516 1961 Quomodo
530 1929 642 1956 autem?

300 2017 334 2044 ν.
353 2016 470 2044 Mittitur
484 2017 518 2044 ab
546 2017 708 2052 imperatore
732 2019 765 2045 ad
782 2019 957 2047 Occidentem
987 2028 1050 2048 cum

266 2066 324 2089 toto
337 2063 469 2090 exercitu.
485 2063 562 2089 Illinc
579 2068 668 2090 autem
699 2069 851 2096 revertens.
869 2066 976 2093 transiit
997 2074 1047 2101 per

264 2110 408 2144 quamdam
423 2114 529 2144 partem
547 2110 665 2146 Olympi,
685 2115 713 2138 et
731 2116 799 2139 nutu
811 2113 905 2140 divino
918 2114 970 2141 iter
982 2114 1049 2142 t'ecit

265 2162 347 2189 prope
362 2155 507 2189 quemdam
529 2163 561 2182 ex
587 2157 739 2189 monachis,
768 2157 813 2191 qui
840 2158 867 2184 in
896 2166 930 2185 eo
955 2165 1049 2187 monte

263 2200 471 2227 exercebantur.
491 2201 593 2228 Deinde
609 2201 653 2228 ille
668 2210 803 2236 apparens
814 2211 847 2230 ex
862 2203 928 2231 silva
945 2214 950 2231 :
968 2205 989 2232 0
1001 2205 1049 2238 ﬁli,

265 2243 366 2278 inquit,
381 2244 515 2277 loannici,
530 2246 552 2272 si
568 2253 694 2280 magnum
720 2247 768 2274 tibi
780 2252 831 2278 est,
858 2248 954 2282 inquit,
971 2249 1049 2276 Chri-

263 2290 385 2316 stianum
400 2298 458 2318 esse
482 2297 508 2318 et
532 2293 680 2325 nominari,
708 2301 757 2320 cnr
783 2294 883 2321 Christi
902 2295 1047 2330 imaginem

262 2335 427 2369 despiciens,
451 2336 536 2363 eilicis
566 2342 595 2363 ut
616 2337 692 2364 labor
720 2339 829 2366 virtutis
852 2348 866 2367 a
894 2344 920 2367 te
946 2341 1049 2368 frustra

263 2381 454 2415 suscipiatur?
482 2381 544 2408 llaec
560 2383 665 2410 audivit
680 2385 722 2411 vir
737 2385 858 2418 divinus,
881 2390 909 2413 et
933 2387 1048 2415 miratus

262 2432 315 2458 est,
333 2426 405 2460 quod
430 2427 455 2453 ei
480 2427 683 2456 evidentissime
708 2430 821 2458 dixisset
846 2431 880 2458 de
909 2432 1047 2459 omnibus.

265 2470 345 2496 llumi
367 2475 458 2504 itaque
473 2473 584 2503 cadens,
596 2473 673 2507 petiit
688 2475 806 2507 veniam,
819 2476 893 2510 quod
912 2476 956 2503 ille
972 2477 1048 2511 igno-

264 2523 327 2542 rans
340 2515 439 2543 fuZSset
456 2518 576 2551 ingratus
589 2519 616 2544 in
636 2519 792 2552 Dominum,
811 2526 838 2548 ct
859 2521 1003 2549 allirmavtt
1018 2531 1046 2550 se

261 2560 392 2596 deinceps
407 2562 508 2590 Christi
527 2564 669 2598 imaginem
690 2569 717 2591 et
731 2567 864 2598 omnium,
883 2568 929 2601 qui
946 2567 970 2594 ei
987 2568 1046 2602 pla-

260 2613 388 2640 cuerunt,
416 2608 614 2637 honoratorum
631 2619 693 2638 cum
724 2613 798 2638 omni
830 2614 979 2646 proposito.
1005 2614 1045 2640 Ab

260 2652 308 2679 illo
321 2661 384 2688 ergo
401 2659 532 2689 tempore,
552 2656 647 2683 beatus
664 2657 710 2683 ille
736 2657 859 2684 satellitis
873 2658 962 2685 ollicio
983 2660 1044 2686 luli-

261 2705 329 2732 gens
341 2699 368 2724 in
387 2701 520 2728 vestibulo
535 2702 628 2736 regim,
653 2702 805 2728 recubabat
831 2702 858 2728 in
883 2705 956 2730 nudo
972 2705 1042 2736 solo,

258 2748 373 2778 eratque
387 2747 502 2774 orationi
519 2746 643 2774 intentus
661 2748 688 2774 in
701 2748 816 2783 jejunio.
831 2749 897 2775 Nam
909 2752 961 2777 etsi
975 2759 1042 2778 con-

257 2790 328 2816 vivia
339 2790 497 2819 i'nibatcum
509 2793 583 2824 aliis,
601 2794 694 2820 cibum
721 2800 811 2822 tamen
838 2803 892 2822 non
919 2797 1044 2823 sumebat

258 2841 344 2869 usque
355 2836 388 2863 ad
404 2837 571 2870 satietatem,
585 2839 633 2865 sed
654 2844 779 2871 eatenus,
796 2845 826 2868 ut
850 2841 904 2868 illis
932 2842 1042 2875 quidem

254 2887 308 2908 non
326 2881 621 2918 videreturjcjunarc;
637 2892 736 2920 corpus
753 2891 841 2914 autem
860 2889 885 2914 ei
906 2888 1038 2915 consiste-

1067 1590 1089 1619 C

1105 974 1179 1009 ἁρχὴ
1195 974 1242 1000 ἐπὶ
1258 973 1308 1009 τὴν
1331 973 1376 1000 τοῦ
1403 973 1519 1005 Λέοντος
1534 973 1650 1007 σύζυγον
1668 973 1787 1008 Εἰρήνην
1809 974 1887 1009 μετέ-

1104 1028 1213 1049 πιπτεν,
1224 1020 1286 1054 ἣτις
1300 1019 1451 1054 ἐπρέσϐευε
1466 1027 1496 1045 τε
1511 1019 1545 1045 τὰ
1559 1018 1743 1053 Χριστιαν“ν,
1757 1020 1803 1045 καὶ
1819 1019 1887 1045 ὲντί-

1105 1074 1165 1099 μως
1196 1063 1276 1100 ἦγεν¹
1300 1065 1325 1090 εί
1346 1065 1393 1091 καὶ
1415 1065 1447 1100 τῇ
1486 1065 1550 1099 περὶ
1566 1064 1611 1090 τὸν
1625 1063 1711 1099 ἄνδρα
1729 1064 1814 1098 φειδιί
1838 1065 1888 1090 οὐκ

1103 1107 1177 1145 εἶχεν
1204 1111 1278 1141 ὅπως
1303 1109 1408 1136 ἐκείνου
1434 1110 1575 1144 περιόντος
1598 1109 1638 1135 ἔτι
1668 1111 1780 1145 παρῤησ
1793 1110 1887 1136 άτεται

1103 1156 1152 1191 τὴν
1169 1155 1324 1182 εὗσέὸειαν.
1347 1155 1392 1186 ὀς
1413 1153 1459 1181 οὖν
1483 1156 1530 1181 ἐπὶ
1548 1155 1598 1189 τῆς
1623 1155 1709 1189 ἀρχῆς
1724 1155 1792 1190 αὐτὴ
1811 1155 1889 1181 κατέ-

1105 1210 1166 1236 στη,
1182 1201 1242 1227 τότε
1255 1200 1303 1227 καὶ
1320 1201 1439 1234 Χριστὸς
1455 1201 1534 1231 αὐτὸς
1549 1201 1562 1226 6
1580 1199 1631 1234 τὴν
1649 1201 1785 1234 ἡμετέραν
1800 1201 1887 1235 σάρκα

1104 1247 1138 1274 δι’
1168 1249 1243 1282 ἡμᾶς
1271 1247 1451 1282 ἐνδυσάμενος
1479 1247 1593 1282 ἐτιμᾶτο
1617 1247 1698 1274 πάλιν
1720 1249 1777 1279 τοῖς
1801 1257 1887 1283 χαρα-

1105 1293 1216 1328 κτῆρσι,
1235 1294 1282 1320 καὶ
1299 1294 1323 1320 οἱ
1351 1292 1530 1328 περιπάϐητοι
1565 1293 1618 1320 τῶν
1645 1293 1730 1327 ἁγίων
1754 1293 1834 1319 τύποι
1858 1294 1889 1319 ὲν

1105 1341 1164 1372 ταῖς
1183 1339 1344 1375 ἐκκλησίαις
1358 1360 1366 1372 ,
1381 1341 1440 1371 ταῖς
1459 1340 1574 1375 ἀγοραῖς
1595 1340 1667 1366 κατὰ
1684 1339 1786 1374 πλῆθος
1812 1340 1889 1374 ἐφαί-

1105 1394 1192 1412 νοντο.
1214 1385 1288 1412 Ἀλλ’
1303 1385 1364 1412 οὐδὲ
1380 1385 1467 1417 οὕτως
1483 1385 1509 1411 οἱ
1524 1385 1618 1411 πολλοὶ
1634 1386 1683 1420 τὴν
1709 1386 1822 1421 πικρίαν
1837 1385 1888 1420 τῆς

1104 1430 1232 1465 τοιαύτης
1255 1429 1309 1457 τῶν
1333 1430 1528 1465 Εἰκονομάχων
1553 1431 1698 1465 αἱρέσεως,
1725 1431 1780 1457 τῶν
1795 1430 1888 1465 ψυχῶν

1104 1474 1286 1509 ἀπενίψαντο,
1305 1474 1374 1501 ἀλλὰ
1390 1475 1429 1510 τῷ
1446 1475 1493 1501 τοῦ
1515 1475 1614 1510 χρόνον
1639 1476 1732 1510 μήκει,
1760 1475 1888 1510 καθάπερ

1104 1520 1134 1546 ὲν
1148 1519 1205 1552 ἕξει
1227 1520 1276 1546 τοῦ
1296 1520 1384 1547 κακοῦ
1398 1521 1550 1554 γεγονότες,
1570 1520 1638 1555 πρὸς
1659 1521 1708 1555 τὴν
1728 1521 1887 1556 ἀπαλλαγὴν

1104 1565 1296 1599 ἐδυσχέραινον
1312 1572 1319 1580 ·
1337 1562 1375 1592 ὦν
1403 1564 1443 1596 εἷς
1463 1566 1510 1592 καὶ
1534 1567 1548 1592 ό
1572 1566 1724 1601 περιῳανὴς
1739 1565 1888 1600 ἐτύγχανεν

1111 1609 1286 1641 Ἰωαννίκιος.
1309 1610 1376 1637 Οὐδὲ
1402 1611 1488 1645 ταχὺς
1506 1608 1582 1642 οὗτος
1606 1609 1639 1645 ἦν
1655 1612 1695 1642 είς
1722 1611 1885 1646 μεταεολὴν,

1105 1654 1165 1680 οὐδὲ
1182 1654 1338 1689 πρόχειρος,
1363 1655 1422 1681 οὐδὲ
1439 1655 1521 1681 παντὶ
1541 1656 1635 1690 ἀνέμῳ
1653 1655 1888 1691 περιτρεπόμενος

1105 1699 1121 1733 ἢ
1141 1700 1302 1734 φερόμενος,
1327 1700 1386 1726 ἀλλ’
1407 1700 1489 1735 ἠθους
1515 1701 1598 1736 βάρος
1613 1701 1722 1732 δεικνὺς
1739 1702 1763 1728 εί
1780 1702 1826 1728 καὶ
1848 1701 1886 1736 μὴ

1103 1743 1238 1778 ἐπαινετῴ
1258 1744 1412 1779 πράγματι,
1431 1745 1542 1778 ἐνέμενε
1571 1746 1626 1776 τοῖς
1649 1746 1685 1777 ὡς
1708 1745 1776 1780 ᾤετο
1795 1746 1887 1777 καλῶς

1104 1789 1180 1824 αὐτῷ
1206 1789 1391 1825 δεδογμένοις,
1415 1790 1463 1817 καὶ
1488 1791 1548 1822 ταῖς
1574 1791 1661 1821 θείαις
1689 1791 1804 1822 εἰκόσιν,
1831 1791 1886 1817 οὐδ’

1103 1835 1192 1862 ὁτιοῦν
1209 1836 1291 1866 σέσας
1313 1836 1460 1870 ἀπένεμεν.
1476 1834 1542 1862 Εἶτα
1566 1836 1592 1863 τί
1618 1836 1723 1870 γίνεται
1739 1845 1746 1868 ;
1763 1836 1887 1871 Θηρᾶται

1103 1884 1180 1916 παρὰ
1195 1882 1241 1908 τοῦ
1249 1881 1342 1912 ,καλοῦ
1363 1882 1487 1915 Γεωργοῦ
1503 1882 1549 1908 τοῦ
1562 1882 1610 1917 τὴν
1642 1882 1757 1909 ἑκάστου
1772 1882 1824 1916 γῆν
1837 1882 1887 1916 τῆς

1103 1927 1194 1962 ψυχῆς
1207 1927 1319 1959 εἰδότος,
1341 1928 1390 1953 καὶ
1404 1929 1437 1953 τὰ
1451 1928 1500 1962 τῆς
1511 1927 1653 1963 όρθοδόξον
1668 1929 1785 1960 πίστεως
1803 1928 1887 1963 σπέρ-

1104 1981 1177 2007 ματα
1193 1973 1312 2007 δέχεται.
1329 1974 1383 2000 Καὶ
1397 1973 1411 1998 ὁ
1424 1973 1533 2008 τρόπος,
1545 1975 1634 2006 ὅπωςς

1139 2018 1176 2046 Ε¹.
1195 2018 1339 2045 Στέλλεται
1356 2019 1408 2044 ὑπὸ
1422 2019 1468 2044 τοῦ
1484 2019 1646 2053 κρατοῦντος
1660 2020 1709 2046 σὺν
1722 2021 1755 2055 τῇ
1772 2021 1887 2056 στρατιᾷ

1103 2065 1179 2100 πάσῃ
1203 2065 1272 2090 κατὰ
1294 2064 1344 2098 τὴν
1366 2063 1452 2099 Ἐῲαν
1470 2072 1476 2079 ·
1493 2065 1602 2091 ἐκεῖθεν
1624 2065 1651 2091 δὲ
1672 2066 1831 2100 ἐπανήκων,
1857 2061 1887 2091 ἐν

1102 2118 1157 2135 τινι
1181 2110 1236 2136 τῶν
1260 2109 1307 2136 τοῦ
1339 2110 1478 2145 Ὀλύμπου
1506 2110 1576 2146 διῄει
1604 2111 1705 2146 μερῶν,
1730 2111 1844 2146 πλησίον
1857 2112 1886 2137 τὲ

1102 2164 1176 2186 τινος
1193 2156 1247 2181 τῶν
1261 2155 1331 2182 κατὰ
1348 2155 1378 2182 τὸ
1393 2156 1514 2182 τοιοῦτον
1528 2157 1590 2191 ὅρος
1605 2158 1784 2191 ἀσκουμένων
1803 2166 1882 2192 μοναο

1103 2201 1168 2236 χῶν,
1186 2200 1275 2227 νεύσει
1295 2202 1348 2228 τινὶ
1365 2202 1507 2236 παρώδευε
1531 2202 1666 2238 θειοτέρα.
1688 2203 1804 2230 Ἔπειτα
1825 2203 1885 2230 δια-

1068 2253 1088 2280 ί)
1104 2245 1197 2278 φανεὶς
1214 2246 1245 2271 ὲκ
1263 2246 1310 2272 τοῦ
1331 2246 1429 2277 ἄλσους
1453 2248 1568 2279 ἐκεῖνος,
1599 2245 1635 2273 ’Ὦ
1657 2247 1750 2274 τέκνον
1763 2267 1772 2280 ,
1791 2246 1884 2279 εἶπεν,

1111 2289 1268 2322 Ἶωαννίκιε,
1292 2292 1315 2316 εἰ
1342 2291 1413 2324 μέγα
1441 2300 1481 2317 σοι
1506 2293 1535 2318 τὸ
1555 2292 1718 2327 Χριστιανζν
1747 2294 1793 2319 καὶ
1816 2291 1888 2321 εἶναι

1105 2337 1151 2361 καὶ
1177 2336 1374 2370 ὀνομάζεσθαι,
1404 2337 1447 2363 ἵνα
1468 2338 1494 2363 τί
1518 2338 1568 2373 τὴν
1592 2339 1638 2364 τοῦ
1660 2339 1778 2373 Χριστοῦ
1794 2339 1882 2366 εἰκόνα

1105 2383 1293 2416 περιφρονῶν,
1326 2383 1418 2418 μάτην
1444 2392 1485 2409 σοι
1513 2384 1731 2419 διαπεπονῆσθαι
1764 2385 1810 2411 τὸν
1837 2386 1885 2420 τῆς

1102 2428 1202 2462 ἅρετῇς
1230 2428 1312 2454 κόπον
1344 2429 1588 2464 παρασκευάζεις;
1623 2431 1757 2456 Ἤκουσεν
1781 2432 1795 2457 ὁ
1815 2431 1884 2461 θεῖος

1102 2474 1181 2508 ἀνὴρ,
1199 2474 1246 2500 καὶ
1279 2475 1352 2506 ὅπως
1370 2475 1444 2507 αὑτῷ
1461 2475 1677 2509 διορατικὼτατα
1697 2477 1760 2510 περὶ
1777 2477 1886 2503 πάντων

1102 2519 1207 2551 ἐξεῖπεν
1222 2521 1385 2556 ἐθαύμασεν.
1402 2522 1447 2552 Εἰς
1466 2522 1563 2555 ἔδαφος
1576 2520 1623 2548 οὖν
1640 2522 1741 2554 πεσὼν,
1761 2523 1883 2556 συγγνώε

1103 2575 1157 2601 μην
1185 2567 1245 2602 ᾔτει
1269 2568 1333 2602 περ).
1363 2564 1401 2593 ὧν
1428 2567 1534 2600 ἀγνοῶν
1568 2568 1671 2599 ἐκεῖνος
1697 2570 1737 2600 είς
1766 2568 1883 2603 Χριστὸν

1100 2614 1264 2647 ἡγνωμόνει,
1290 2615 1338 2639 καὶ
1362 2613 1557 2645 διεὸεδαιοὺτο,
1578 2613 1661 2649 ἧμὴν
1679 2615 1708 2641 τὸ
1722 2615 1814 2640 λοιπὸν
1835 2615 1884 2650 τὴν

1100 2660 1191 2686 εἰκόνα
1208 2660 1327 2694 Χριστοῦ
1343 2661 1390 2685 καὶ
1411 2659 1466 2686 τῶν
1487 2661 1712 2695 εὖηρεστηκὸτων
1727 2662 1800 2697 αὐτῷ
1816 2662 1884 2688 πάν-

1099 2713 1163 2736 των,
1181 2705 1227 2730 σὺν
1244 2705 1373 2739 προθέσει
1396 2706 1428 2739 τῇ
1455 2705 1529 2739 πάσῃ
1554 2706 1648 2740 τιμᾷ-λ.
1675 2707 1710 2732 Τὸ
1736 2707 1882 2733 direxit-ao:

1100 2750 1145 2776 οὖν
1169 2751 1183 2776 ὁ
1212 2750 1347 2785 μακάριος
1371 2752 1615 2785 σωματοφυλακών
1633 2753 1672 2782 εἰς
1687 2752 1720 2777 τὰ
1738 2752 1791 2777 τῶν
1807 2752 1885 2786 βασι-

1099 2796 1178 2823 λείων
1199 2795 1334 2830 προαύλια
1344 2815 1351 2827 ,
1365 2797 1410 2822 ἐπὶ
1429 2797 1506 2830 ψιλοῦ
1524 2797 1569 2822 τοῦ
1584 2798 1698 2830 ἐδὰςςους
1708 2797 1886 2832 ἁνακλινόμερ

1099 2851 1142 2873 νος
1156 2840 1200 2876 ἦν,
1219 2843 1380 2876 προσέκειτο
1395 2843 1422 2869 δὲ
1442 2852 1580 2878 χαμευνιᾳ
1608 2844 1653 2869 καὶ
1676 2845 1814 2879 προσευχῇ
1837 2845 1886 2870 καὶ

1098 2888 1220 2923 νηστείᾳ.
1252 2888 1282 2914 ΕΞ
1306 2888 1362 2924 γὰρ
1387 2890 1433 2916 καὶ
1460 2891 1514 2922 τοῖς
1548 2889 1664 2924 ἑταίροις
1699 2889 1879 2923 συνειστιᾶτο,
