2039 3155
177 148 215 180 65
708 155 796 186 VITA
818 157 848 186 S.
871 156 1064 187 IOANNICH
1089 158 1260 191 ABDATIS.
1769 163 1804 195 65

177 203 267 254 κάν-τις
282 202 338 239 εἶχε
357 205 422 240 περὶ
433 206 482 240 si“:
498 206 618 243 εθρισιν.
648 207 714 238 Εἶτα
729 212 797 246 πρὸς
813 212 861 248 τὴν
877 213 961 247 ζήτη-

1019 213 1118 246 ι.ιίιιιο,
1138 215 1210 249 quod
1232 215 1307 251 virga
1328 217 1468 252 periisset,
1491 226 1541 247 nec
1559 219 1618 254 ejus
1631 219 1805 249 invenienda

179 258 222 276 σιν
237 250 324 284 αὐτῆς
340 252 486 286 ἀπογνοὺς,
505 254 538 280 τά
568 255 669 288 γόνατα
688 257 812 292 κάμψας,
826 258 876 290 τὰς
903 266 966 285 συν-

178 295 255 330 ήθεις
278 297 361 331 εὐχὰς
393 298 432 334 τῷ
465 299 560 335 Κυρίῳ
592 301 730 330 ἀπεδίδου.
763 304 796 330 Ἦ
830 304 858 331 δὲ
885 305 967 332 πάλιν

178 341 270 376 ἀέριος
285 339 347 378 ἧκε,
368 345 414 371 καὶ
429 346 462 380 τῇ
480 346 526 372 τοῦ
545 346 623 380 ἁγίου
637 350 711 384 χειρὶ
731 350 868 385 φερομένη
883 350 967 378 ἐνετί-

179 387 240 414 θετο
253 398 261 405 ·
278 390 325 416 καὶ
339 391 353 416 ὁ
370 390 418 426 μὲν
434 392 514 424 εὐθὺς
538 393 609 420 κατά
636 403 698 421 τινα
726 395 838 430 λόχμιον
868 397 966 432 ἄντρον

178 433 278 468 elisae,
300 435 393 471 ὥσπερ
422 438 484 464 τινὰ
514 439 594 474 φίλην
606 441 694 474 ἐαυτῷ
721 443 862 470 κατοικίαν
880 444 967 478 ἁρπά-

180 488 250 511 σαςν
270 481 300 506 τὸ
316 481 344 507 δὲ
371 481 425 517 ἄρα
442 483 530 518 βραχύ
555 494 584 511 τε
605 483 639 521 ἦν
658 488 754 522 κομιδῇ
773 489 820 514 καὶ
839 489 891 514 ὑπὸ
909 489 967 516 δαι-

180 526 268 560 μόνων
286 527 394 562 ᾠκεῖτο,
424 529 530 563 οἵτινες,
554 531 591 562 ὡς
613 530 683 559 εἶδον
696 533 741 560 τὸν
758 535 834 568 ἆγιον
859 536 967 570 ἀοράτῳ

177 571 293 605 δυνάμει
318 573 371 599 τινὶ
403 574 619 610 δυναμοῦμενον.
657 579 784 605 καὶκατὰ
807 579 913 606 Παῦλον
938 582 967 608 ἐν

180 617 274 653 ἡμέρᾳ
292 620 398 654 πονηρᾷ
412 619 587 656 δικαιοσύνης
595 623 701 658 θώρακι
713 625 760 651 καὶ
780 625 868 660 θυρεῷ
881 635 966 654 κατα-

180 662 358 697 καυχώμενον
379 664 506 697 πίστεως,
531 666 584 701 ὅλῳ
602 667 680 704 θυμῷ
701 670 897 706 ἐξεκαύθησαν,
920 674 968 700 καί

180 716 205 733 τι
220 709 268 734 καὶ
284 709 415 741 παθόντες
431 711 477 737 ὑπ’
493 713 575 739 αὑτοῦ
609 715 756 750 ἀντιδρῦλσί
767 726 793 743 τι
819 719 865 743 καὶ
881 715 965 746 οὗτοι.

187 753 263 780 Ἐπεὶ
276 754 304 781 δὲ
318 756 376 787 ταῖς
389 756 508 790 ἀφανέσι
532 759 633 791 πάσαις
651 762 813 796 προσϐολαῖς
830 764 966 799 ἀπεκρού-

179 798 283 834 σθησαν
319 801 457 837 ἰσχυρῶς,
490 803 585 831 τούτου
611 809 879 843 περιτετειχισμένου
907 812 967 843 ταῖς

179 847 356 880 προσευχαῖς,
384 847 460 879 τέλος
490 849 545 876 τῶν
572 851 644 878 κατὰ
659 853 709 888 τῆς
722 853 812 888 ψυχῆς
837 855 967 890 ἀφέμενοι

182 892 311 938 μηχανῶν
338 893 500 927 ἐπετίθεντο,
518 896 675 932 ἐχέὐαζον,
703 899 798 932 ἐϐόων,
820 901 966 938 ἔπλησσον,

180 935 308 972 ἔφευγον,
325 940 511 975 καταθαμϐεϊν
530 943 734 978 προσδοκῶντες
746 946 870 981 ἔϐρυχον,
882 935 969 983 επήρ-

181 990 260 1016 χοντο
289 984 361 1010 κατά
393 986 552 1020 πρόσωπον,
586 989 689 1016 κλονεῖν
711 991 820 1018 ἐδόκουν
842 993 872 1019 τὸ
897 994 969 1028 σπή-

181 1028 269 1057 λαιον.
304 1031 350 1063 Ὠς
373 1031 401 1058 δὲ
418 1033 432 1058 ὁ
468 1034 518 1067 μὲν
544 1035 644 1068 φαῦλον
673 1036 759 1068 οὐδὲν,
785 1037 840 1064 οὐδ’
871 1039 968 1072 ἀτενὲς

182 1075 366 1108 ἐπεδείκνυτο,
395 1078 420 1103 οἱ
436 1078 463 1104 δὲ
479 1079 568 1106 πάντα
593 1081 642 1114 τῆς
659 1082 766 1110 ἑαυτῶν
790 1085 969 1119 κακοτεχνίας

182 1120 274 1147 κάλων
307 1122 480 1156 κινήσαντες,
511 1125 587 1157 τέλος
618 1127 686 1161 πρὸς
708 1128 738 1154 τὸ
767 1131 892 1162 γενναῖον
922 1124 968 1158 τοῦ

183 1166 279 1210 ἀνδρὸς
308 1168 357 1194 καὶ
385 1169 516 1205 σταθερὸν
546 1172 741 1208 ἀπειρήκασιν,
774 1176 900 1208 ἐλεεινῶς
930 1178 970 1210 είς

183 1209 268 1246 ἧτταν
279 1213 440 1246 τραπέντες,
457 1215 489 1241 Τί
507 1217 572 1251 ήμῖν
584 1218 630 1244 καὶ
643 1219 701 1252 σοί,
719 1217 824 1253 Ἦλθες
840 1223 891 1257 πρὸ
906 1231 968 1250 και-

183 1257 231 1293 ροῦ
245 1257 389 1292 βασανίσαι
416 1262 490 1296 ἡμεῖς
503 1270 510 1293 ;
525 1263 572 1289 καὶ
598 1260 675 1290 οὗτοι
692 1266 760 1300 πρὸς
780 1267 860 1293 αὑτὸν
873 1268 968 1301 ἐϐόων,

182 1301 278 1338 ὥσπερ
289 1304 320 1339 δὴ
342 1305 388 1330 καὶ
405 1306 473 1340 πρὸς
487 1307 534 1334 τὸν
547 1307 613 1342 ἐμὸν
631 1309 735 1344 Ἰησοῦν
751 1312 774 1338 ol
794 1311 842 1345 τὴν
864 1313 968 1340 ἑκείνου

181 1349 334 1382 παρουσίαν
353 1350 546 1385 ὑπομένοντες.
574 1353 650 1380 Ἐπεὶ
679 1355 706 1381 δὲ
724 1356 754 1382 τὸ
770 1358 902 1392 σπήλαιον
922 1359 969 1386 καὶ

181 1394 292 1426 ἄκοντες
313 1396 514 1431 ἀπιλίμπανον,
531 1399 624 1434 ἕτερον
635 1401 684 1427 οὐκ
698 1400 772 1437 εἶχον
789 1404 890 1438 εὑρεῖν,
907 1404 921 1431 ὅ
941 1413 968 1432 τι

181 1440 246 1467 ποτὲ
256 1442 406 1476 οἰκήσουσι.
426 1444 565 1479 [Ιανταχοῦ
588 1447 642 1481 γὰρ
668 1449 798 1483 παρεῖναι
822 1450 868 1476 τὸν
889 1450 967 1484 ἅγιον

183 1487 367 1520 ἐφαντάζοντο
403 1491 606 1524 μεταδιώκοντα
633 1493 681 1519 καὶ
705 1495 902 1529 τροπούμενον,
920 1499 968 1524 καὶ

1019 258 1101 285 ullam
1114 259 1272 289 inveniebat
1285 261 1429 290 rationem.
1448 263 1551 291 Deinde
1565 273 1628 293 cum
1642 265 1670 293 in
1683 273 1714 293 ea
1731 273 1807 301 quas.

1018 305 1103 332 renda
1130 305 1324 341 despondisset
1346 308 1480 340 animum.
1500 309 1578 338 ﬂexis
1600 311 1717 345 genibus
1739 318 1806 338 con-

1016 355 1109 378 suetas
1138 359 1234 385 preces
1257 353 1389 381 reddebat
1407 351 1537 382 Domino.
1564 355 1611 384 Illa
1633 361 1723 384 autem
1747 365 1808 384 rur-

1017 403 1066 424 sus
1091 397 1166 424 venit
1195 405 1245 432 per
1275 406 1377 431 aerem,
1403 404 1432 427 et
1457 400 1484 427 in
1510 402 1598 428 sancti
1625 410 1734 430 manum
1755 402 1808 430 luit

1018 441 1145 476 imposita
1162 450 1170 470 :
1187 449 1216 470 et
1238 443 1281 471 ille
1297 445 1407 479 quidem
1434 445 1527 472 statim
1545 453 1594 480 per
1610 447 1748 481 quoddam
1763 455 1806 474 ar-

1018 488 1128 516 bustum
1146 494 1254 517 antrum
1270 491 1364 523 subiit,
1385 496 1413 519 ut
1431 493 1476 527 qui
1505 492 1557 519 sibi
1584 492 1723 527 quoddam
1742 501 1806 528 gra-

1020 538 1077 561 tum
1094 536 1256 570 arripuisset
1276 537 1474 564 habitaculum.
1495 538 1523 565 ld
1538 542 1631 566 autem
1645 543 1706 566 erat
1720 539 1804 568 breve

1018 581 1213 613 admodum,et
1227 583 1403 610 habitabatur
1417 591 1431 610 a
1448 584 1618 612 dmmonibus
1635 593 1642 611 :
1660 586 1706 620 qui
1724 590 1801 620 post.

1018 635 1098 661 quam
1113 627 1242 655 viderunt
1259 633 1384 655 sanetum
1402 629 1504 656 virtute
1520 631 1650 662 quadam,
1676 638 1737 665 qua!
1754 632 1806 658 sub

1018 678 1157 708 aspectum
1186 682 1241 702 non
1264 675 1388 707 cadebat,
1422 675 1593 708 roboratam,
1617 681 1656 708 et,
1680 681 1710 703 ut
1739 678 1807 706 dicit

1019 719 1129 752 Paulus,
1155 720 1182 746 in
1212 720 1255 747 die
1287 720 1357 748 malo
1389 721 1502 748 thorace
1538 721 1653 756 iustitia:
1686 725 1714 749 et
1742 722 1805 750 ﬁdei

1018 764 1113 799 clypeo
1149 764 1365 799 gloriantem",
1397 765 1509 793 fuerunt
1543 765 1582 792 ira
1621 766 1733 794 omnino
1760 774 1806 794 ac-

1018 811 1104 842 censi.
1121 815 1149 837 et
1168 811 1202 838 ab
1212 811 1275 846 ipso
1288 811 1390 846 aliquid
1407 812 1489 846 passi,
1508 812 1534 840 ei
1549 820 1658 848 quoque
1678 820 1728 847 par
1743 813 1803 848 pari

1019 857 1149 885 referunt.
1171 857 1239 886 Cum
1262 866 1326 886 vero
1342 858 1474 893 ,obscuris
1505 858 1634 886 omnibus
1658 859 1806 886 insultibus

1019 903 1133 931 luissem
1147 904 1307 938 propulsati,
1321 912 1354 932 eo
1371 904 1449 931 valde
1466 904 1572 931 munito
1583 904 1721 939 precibus,
1744 909 1806 931 tau-

1018 950 1080 977 dem
1107 950 1197 977 missis
1219 950 1353 977 adversus
1376 950 1494 977 animam
1526 950 1800 980 machinationibus.

1019 1000 1110 1030 aperte
1125 996 1362 1031 uggrediebantor,
1386 996 1549 1028 irridebant,
1573 995 1805 1028 vociferabantur,

1019 1042 1176 1075 pulsabant,
1191 1041 1339 1076 fugiebant.
1351 1046 1540 1076 exspectantes
1556 1040 1614 1068 fore
1634 1046 1663 1068 ut
1677 1041 1702 1068 ei
1722 1041 1806 1068 all‘er-

1021 1091 1082 1113 rcnt
1097 1092 1231 1113 terrorem
1249 1096 1256 1113 :
1275 1087 1429 1121 rugiebant.
1454 1087 1480 1114 in
1507 1087 1605 1114 faciem
1628 1087 1806 1118 invadebant,

1020 1139 1131 1158 movere
1160 1133 1322 1159 videbantur
1350 1133 1518 1166 speluncam.
1549 1133 1617 1160 Cum
1638 1137 1730 1160 autem
1759 1133 1804 1160 ille

1018 1176 1089 1203 nihil
1116 1177 1302 1209 ostendisset,
1332 1176 1405 1211 quod
1429 1181 1503 1204 esset
1528 1177 1620 1211 pusilli
1650 1181 1678 1204 et
1707 1177 1806 1211 abiecti

1020 1222 1121 1251 animi;
1137 1223 1176 1249 illi
1191 1230 1256 1249 vero
1272 1227 1345 1249 moto
1362 1222 1436 1249 omni
1452 1222 1567 1249 rudente
1583 1230 1640 1250 suae
1652 1223 1806 1250 calliditatis

1018 1272 1047 1295 et
1062 1268 1180 1298 malitiae.
1195 1272 1334 1302 postremo
1349 1275 1457 1294 onmem
1479 1276 1554 1303 spem
1572 1269 1739 1304 abjecissent
1754 1269 1803 1296 ad-

1019 1321 1115 1340 versus
1132 1313 1198 1339 tanti
1222 1313 1273 1339 viri
1292 1314 1465 1340 \‘irtutem‘ct
1479 1314 1671 1345 constantiam,
1688 1314 1804 1341 misera-

1017 1359 1111 1387 biliter
1128 1359 1191 1386 victi
1215 1364 1244 1387 et
1271 1359 1298 1385 in
1321 1359 1410 1394 fugam
1426 1359 1559 1386 conversi.
1588 1359 1660 1392 Quid
1682 1361 1762 1387 nobis
1775 1367 1802 1388 et

1020 1406 1089 1433 tibi?
1114 1405 1216 1433 Venisti
1231 1405 1265 1432 ad
1292 1413 1341 1432 uos
1366 1405 1533 1439 torquendus
1554 1409 1616 1432 ante
1642 1406 1770 1441 tempus?
1787 1407 1805 1434 ii

1018 1458 1126 1485 quoque
1141 1449 1174 1477 ad
1199 1451 1287 1484 ipsum
1303 1450 1470 1481 clamabant,
1489 1450 1628 1483 quomodo
1642 1453 1724 1478 etiam
1745 1459 1805 1478 meo

1018 1496 1081 1523 Jesu
1099 1496 1128 1527 ii,
1143 1496 1188 1531 qui
1205 1495 1352 1522 adventum
1368 1495 1441 1522 illius
1454 1503 1509 1522 non
1525 1496 1707 1523 sustinebant.
1735 1496 1805 1524 Cum

181 1533 273 1564 αὐτοῖς
298 1533 393 1570 ὥσπερ
421 1537 476 1563 τισὶ
508 1537 630 1573 καλάμου
658 1539 763 1574 θηρίοις
785 1541 965 1576 ἐπιτιμῶντα.

1019 1545 1108 1567 autem
1125 1541 1282 1574 speluncam
1299 1540 1340 1566 vel
1360 1540 1437 1567 inviti
1463 1540 1649 1575 reliquissent.
1673 1550 1727 1569 non
1753 1550 1802 1577 po-

182 1578 276 1611 Οὕτως
297 1581 362 1607 ἄνευ
381 1582 496 1616 ἀνομίας
513 1584 619 1618 τρέχων
632 1585 773 1619 ηὺούνετο,
792 1587 838 1614 καὶ
850 1588 889 1619 είς
906 1596 968 1615 συν-

181 1625 294 1660 άντησιν
334 1626 439 1661 ἐχθρῶν
474 1629 648 1663 ἐγειρόμενος
679 1631 745 1657 Θεὸν
777 1632 966 1666 προφαίνοντα

181 1669 324 1706 ηὕρισκεν,
345 1672 426 1699 αὑτὸν
448 1673 499 1708 μὲν
527 1675 595 1701 ἐλέει
627 1677 857 1710 περικυκλοῦντα,
872 1679 966 1711 κακῶς

182 1717 211 1743 δὲ
226 1718 289 1748 τοὺς
309 1719 413 1750 κακοὺς
439 1719 618 1748 ἀπολλύοντα.
640 1721 726 1757 Ὅσης
748 1723 798 1756 μὲν
814 1723 860 1749 οὖν
871 1723 966 1758 ἀηδίας

182 1761 229 1788 καὶ
240 1762 362 1796 ταραχῆς
379 1764 412 1798 τῇ
440 1764 494 1791 τῶν
511 1765 648 1800 δαιμίνιυν
665 1768 797 1803 φυγαδείᾳ
809 1769 872 1799 τοὺς
888 1769 916 1795 ὲν
928 1769 964 1804 τῷ

182 1806 241 1841 δρει
254 1807 418 1842 ἀπήλλαξεν,
429 1809 443 1836 ὃ
455 1812 592 1837 κατοικεῖν
605 1812 685 1838 αὑτὸν
697 1813 767 1839 κατὰ
783 1814 828 1840 τὸν
849 1813 966 1848 ΤαλμῳΔ

183 1851 227 1878 δον
250 1852 395 1887 εὐδόκησεν
409 1855 422 1880 ὁ
438 1855 515 1886 Θεὸς,
542 1855 658 1889 ἐκείνοις
674 1859 834 1893 κηρύττειν.
846 1861 892 1885 καὶ
912 1858 967 1886 οἶον

183 1897 345 1932 ἀνάγραπτα
367 1899 400 1925 τὰ
424 1900 473 1934 τῆς
501 1901 661 1936 εὐεργεσίας
692 1905 779 1929 ποιεῖν
808 1904 969 1931 καταλείπο-

185 1951 245 1978 μεν.
275 1942 370 1979 Ἡμεῖς
395 1944 424 1972 δὲ
449 1947 516 1981 πρὸς
543 1947 576 1974 τὰ
599 1948 662 1983 ἑξῆς
687 1948 732 1976 τοῦ
757 1949 838 1983 λόγον
862 1949 970 1985 τρεψώ-

186 1990 265 2025 μεθα.

1019 1589 1108 1612 terant
1131 1585 1252 1613 invenire
1279 1585 1360 1612 aliaat
1386 1592 1468 1619 quam
1499 1585 1668 1614 habitarent.
1696 1587 1805 1622 Ubique

1016 1631 1091 1659 enim
1120 1631 1214 1658 adesse
1244 1635 1369 1658 sanetum
1403 1630 1507 1658 visione
1534 1632 1804 1666 apprehendcbant,

1017 1682 1226 1713 persequentem
1254 1681 1281 1703 et
1298 1676 1448 1709 lugantem.
1475 1681 1503 1704 et
1527 1684 1575 1704 eos
1603 1677 1802 1712 increpantem,

1017 1728 1146 1759 tanquam
1165 1723 1236 1750 feras
1252 1723 1357 1757 aliquas
1382 1722 1536 1750 arundinis.
1565 1723 1609 1750 Sic
1626 1723 1685 1751 sine
1701 1723 1807 1758 iniqui-

1020 1773 1076 1795 tate
1091 1775 1205 1795 currens
1218 1767 1397 1802 dirigebatur,
1414 1772 1442 1794 et
1455 1768 1589 1795 excitatus
1607 1767 1641 1795 ad
1653 1775 1804 1796 oecurren-

1018 1813 1084 1840 dum
1113 1812 1248 1843 inimicis,
1276 1811 1434 1839 inveniebat
1462 1812 1546 1839 Deum
1577 1813 1801 1847 praevenientem,

1018 1858 1106 1894 ipsum
1121 1858 1232 1892 quidem
1248 1858 1465 1885 circumdantem
1483 1859 1673 1886 misericordia
1687 1880 1695 1893 ,
1715 1850 1804 1888 m‘alos

1018 1908 1109 1930 autem
1126 1903 1196 1930 male
1207 1903 1380 1938 perdentem.
1395 1904 1427 1931 Et
1446 1912 1461 1932 a
1475 1909 1575 1939 quanta
1597 1905 1709 1940 quidem
1723 1907 1801 1933 turba

1017 1955 1045 1977 et
1061 1949 1195 1982 molestia,
1222 1949 1378 1978 daemonum
1408 1950 1471 1985 luga
1493 1951 1653 1978 liberaverit
1676 1958 1735 1982 eos.
1755 1951 1802 1986 qui

1020 1999 1099 2021 erant
1116 1995 1143 2021 in
1164 1999 1267 2028 monte,
1284 1995 1311 2022 in
1328 2003 1383 2030 quo
1398 1996 1536 2029 habitare,
1551 2001 1581 2024 ut
1599 1997 1665 2024 dicit
1682 1997 1805 2024 l’salmo-

184 2040 314 2073 graphus,
332 2039 383 2074 ipsi
408 2040 464 2068 Deo
480 2041 655 2076 complacuit,
681 2042 734 2070 illis
749 2042 926 2070 scribendum
957 2046 985 2069 et
1005 2041 1169 2069 benelicium
1187 2041 1290 2069 litteris
1323 2042 1508 2070 mandandum
1528 2043 1722 2078 relinquamus.
1748 2043 1804 2070 No:

185 2088 276 2111 autem
310 2091 506 2113 convertamur
534 2087 568 2113 ad
604 2095 657 2119 ea,
683 2095 743 2121 qua:
767 2088 898 2123 deinceps
930 2092 1095 2122 sequuntur.

221 2131 284 2158 AA'.
317 2131 425 2158 Ἐνόσει
441 2133 489 2166 μέν
504 2140 556 2158 τινι
578 2132 631 2158 τῶν
649 2133 838 2168 συγκλητικῶν
857 2133 906 2168 μία
917 2134 968 2160 τῶν

1058 2132 1154 2161 XXXI.
1174 2133 1288 2161 Cuidam
1313 2133 1431 2162 senatori
1457 2132 1607 2168 aegrotabat
1627 2140 1680 2159 una
1696 2139 1728 2160 ex
1748 2133 1805 2165 suis

186 2176 355 2211 θυγατέρων,
387 2177 434 2202 καὶ
448 2177 482 2203 τὰ
499 2178 566 2213 μέλη
588 2179 713 2214 παρεῖτο,
733 2178 848 2213 εὐσεϐής
863 2187 892 2205 τε
902 2178 970 2206 οὖσα

185 2223 276 2250 καὶτὰ
293 2223 468 2257 Χριστιανῶν
487 2223 687 2258 πρεσϐεύουσα.
710 2223 740 2250 '0
755 2223 777 2250 δ’
806 2224 850 2250 ἐπ’
867 2224 969 2259 ἁδελφῇ

184 2269 224 2304 τῷ
251 2268 320 2304 ἁγίῳ
348 2268 473 2304 γαμϐρὸς
491 2268 584 2300 δεινῶς
613 2270 684 2295 κατὰ
710 2269 763 2296 τῶν
779 2268 826 2296 τοῦ
849 2269 968 2305 Χριστοῦ

185 2315 296 2342 εἰκόνων
318 2315 419 2342 nam
433 2323 461 2341 τε
485 2315 531 2341 καὶ
563 2316 685 2350 ἐφέρετο.
703 2315 810 2346 Φθάσας
828 2315 875 2341 οὖν
889 2315 903 2341 ὁ
919 2323 971 2349 μα-

186 2362 290 2395 κάριος,
308 2361 357 2396 τὴν
372 2361 422 2396 μὲν
447 2361 514 2395 εὐχῇ
531 2362 577 2388 καὶ
589 2361 666 2395 τύπῳ
688 2360 806 2396 σταυροῦ
825 2360 874 2396 τῆς
889 2361 969 2395 χαλε-

187 2408 239 2441 πῆ..
265 2407 383 2440 ἐξείλετο
398 2407 488 2439 νόσου,
502 2406 546 2432 τὸν
558 2407 596 2438 δὲ,
619 2407 680 2433 ἐπεὶ
694 2406 731 2441 μὴ
744 2406 847 2432 πείθειν
871 2404 926 2438 οἷός
940 2415 970 2433 τε

186 2445 221 2485 ἦν
235 2452 368 2477 νουθετῶν
395 2452 446 2486 τῆς
477 2451 568 2487 δεινῆς
593 2452 761 2486 ἀποσχέσθαι
792 2452 902 2487 μανίας,
925 2452 971 2478 ἐπὶ

187 2497 236 2529 τὴν
251 2497 329 2522 παῖδα
344 2495 405 2531 ἧκε,
436 2498 483 2524 καὶ
510 2497 670 2532 σπλάγχνων
700 2498 860 2530 συγγενείας
887 2497 971 2533 ὑπερ-

189 2541 260 2573 ιδὼν,
289 2542 389 2567 οἰκείου
410 2543 437 2568 δὲ
466 2542 511 2568 διὰ
535 2542 584 2577 τὴν
610 2542 752 2569 εὐσέϐειαν
773 2542 970 2576 ἐπιλαθόμενος

187 2586 314 2620 αἵματος,
343 2588 425 2621 πηροῖ
450 2587 535 2622 τούτῳ
557 2588 619 2620 τοὺς
654 2587 811 2623 ὀφθαλμοὺς
826 2587 860 2614 δι’
875 2588 969 2623 εὐχῆς.

187 2633 266 2658 υῦτω
283 2632 364 2666 ζῆλος
395 2631 551 2665 θεοσεϐείας
565 2635 774 2669 κατακαυχᾶται
791 2635 838 2661 καὶ
850 2634 969 2669 φύσεως,

188 2680 236 2704 καὶ
264 2678 346 2709 πόθος
375 2678 476 2714 ἀληθὴς
518 2679 586 2713 πρὸς
620 2680 686 2706 Θεὸν
727 2680 774 2707 καὶ
806 2682 970 2716 συγγενικῆς

187 2726 310 2760 ἀνάγκης
340 2725 581 2759 ἑπικρατέστερος.
614 2725 670 2762 Τὴν
686 2726 736 2762 μὲν
749 2727 814 2762 γὰρ,
829 2728 854 2754 ει
869 2729 917 2754 καὶ
933 2727 971 2762 μὴ

188 2772 257 2798 κατὰ
273 2772 349 2805 γένος
364 2770 438 2806 αὐτῷ
454 2770 605 2806 προσῆκεν,
620 2772 679 2799 ἀλλ’
690 2773 731 2800 ὅτι
750 2773 784 2801 τὰ
798 2773 970 2809 Χριστιανῶν

223 2850 232 2866 ⁷
246 2849 344 2884 Ephes.
363 2856 398 2882 vr,
417 2849 459 2876 ll.

1021 2178 1140 2212 ﬁliabus,
1169 2179 1347 2213 membraque
1370 2183 1449 2206 erant
1476 2178 1501 2206 ei
1525 2178 1626 2210 soluta,
1652 2186 1715 2206 cum
1731 2185 1805 2218 esset

1022 2224 1076 2259 pia,
1087 2229 1115 2251 et
1129 2224 1310 2252 Christianam
1326 2227 1448 2251 servaret
1462 2223 1633 2258 religionem.
1647 2223 1698 2257 Qui
1710 2230 1803 2252 autem

1021 2270 1107 2297 sancti
1127 2278 1249 2297 sororem
1267 2269 1383 2296 duxerat
1408 2275 1530 2300 uxorem,
1550 2268 1682 2296 adversus
1697 2268 1802 2298 Christi

1022 2316 1153 2351 imagines
1170 2315 1288 2350 graviter
1309 2315 1428 2347 furebat,
1450 2319 1478 2342 et
1495 2315 1523 2342 in
1539 2321 1587 2342 eas
1609 2315 1802 2343 invehebatur.

1020 2361 1161 2388 Accedens
1181 2365 1272 2388 autem
1287 2361 1394 2390 beatus,
1411 2360 1484 2387 illam
1498 2359 1609 2394 quidem
1628 2361 1758 2394 precibus
1776 2365 1804 2388 et

1023 2407 1100 2442 signo
1114 2407 1203 2433 crucis
1219 2413 1232 2432 a
1247 2406 1321 2441 gravi
1346 2406 1441 2432 morbo
1466 2405 1594 2432 liberavit
1611 2415 1617 2432 :
1641 2407 1712 2433 hunc
1728 2415 1804 2439 vero,

1023 2459 1085 2478 cum
1101 2451 1250 2479 admonens
1268 2459 1322 2478 non
1348 2455 1440 2485 posset
1462 2452 1628 2486 persuadere
1644 2455 1674 2478 ut
1691 2459 1705 2478 a
1729 2453 1803 2486 gravi

1024 2497 1070 2524 illa
1088 2497 1238 2524 abstineret
1260 2496 1376 2529 insania,
1393 2497 1509 2525 tradidit
1523 2497 1686 2531 disciplinae,
1704 2501 1732 2524 et
1747 2497 1806 2524 νίας

1022 2550 1115 2570 cerum
1136 2541 1265 2577 despecta
1280 2543 1450 2577 cognatione,
1468 2548 1496 2570 et
1518 2543 1561 2570 sui
1575 2542 1715 2576 sanguinis
1731 2541 1804 2568 obli-

1023 2593 1066 2616 tus
1097 2593 1208 2623 propter
1238 2595 1330 2616 veram
1361 2589 1519 2623 religionem
1538 2608 1545 2619 ,
1577 2587 1707 2622 precibus
1736 2594 1802 2613 eum

1022 2635 1100 2662 orbat
1115 2634 1212 2662 oculis.
1239 2634 1277 2661 lta
1296 2634 1371 2662 zelus
1390 2634 1500 2669 pietatis
1515 2638 1542 2661 et
1567 2633 1625 2660 veri
1648 2632 1696 2659 Dei
1715 2633 1807 2660 cultus

1023 2681 1154 2715 gloriatur
1167 2680 1250 2708 etiam
1266 2685 1360 2707 contra
1378 2680 1463 2714 ipsam
1482 2684 1606 2707 naturam
1623 2688 1632 2706 :
1654 2683 1683 2706 et
1709 2686 1803 2707 verum

1024 2727 1051 2754 in
1070 2728 1153 2754 Deum
1173 2726 1342 2754 desiderium
1365 2729 1407 2752 est
1424 2725 1542 2752 validius
1565 2725 1730 2752 necessitate
1755 2731 1806 2752 co-

1022 2772 1169 2808 gnationis.
1203 2772 1269 2799 Nam
1286 2772 1359 2798 illam
1387 2770 1509 2806 quidem,
1535 2770 1639 2798 etiamsi
1656 2767 1805 2805 generem!
