2039 3155
195 170 233 202 85
739 169 827 199 VlTA
844 168 874 197 S.
897 165 1089 198 JOANNICII
1106 167 1277 197 ABBATJS.
1781 171 1817 204 εδ

194 223 320 259 πυμίαις,
333 222 405 255 Ἕως
420 223 485 249 πότι
502 223 536 250 τὰ
550 223 604 250 τῶν
621 223 800 258 Ἑκκλησιῶν,
817 223 920 257 ἔλεγεν,
930 223 980 250 οὐκ

1035 220 1102 248 batm
1109 220 1236 248 (luctibus
1245 221 1417 257 :Quousque.
1425 222 1504 257 dixit,
1515 230 1560 252 res
1566 222 1752 254 Ecclesiarum
1762 235 1818 256 non

195 270 394 304 ἀποδοθήσεται
407 269 467 301 ταῖς
487 269 679 305 Ἐκκλησίαις;
697 269 748 301 ἕως
766 269 837 300 τίνος
862 269 981 305 αὐξηθή-

196 325 272 344 σεται
286 316 320 342 τὰ
332 316 386 342 τῶν
401 315 522 342 διωκτῶν
536 324 543 348 ;
558 315 612 347 ἕως
624 315 694 347 τίνος
715 315 764 351 τὴν
778 316 825 342 τοῦ
839 315 907 342 Θεοῦ
922 316 981 342 ποί-

196 369 265 396 μνην
289 361 381 396 ἄγριοι
407 360 623 394 διασπαράξουσι
648 360 730 395 θῆρες
745 369 752 394 ;
770 361 799 387 '0
822 361 862 393 δὲ,
876 361 982 396 Μικρὸν

194 406 318 441 ἐπίσχες,
335 405 444 438 ἁδελῳὶ,
463 406 510 432 καὶ
528 407 655 440 συνήσεις
671 406 719 441 τὴν
746 406 793 432 τοῦ
809 406 876 432 Θεοῦ
903 407 982 432 δυνα-

195 453 304 478 στείανι
324 451 400 477 ἔσται
416 451 470 484 γάρ
485 460 525 482 τις
551 451 691 483 Μεθόδιος,
706 451 734 478 ὃς
754 452 800 478 ἐπὶ
813 452 867 478 τῶν
882 452 982 479 οἰάκων

194 497 280 531 αὐτῆς
291 497 434 529 καθιεῖται,
444 497 491 523 καὶ
500 496 646 531 ταύτηντῷ
655 497 718 532 θείῳ
731 497 868 533 Πνεύματι
881 498 982 534 κυϐερ-

195 543 290 576 νήσει”
307 543 381 573 ὅστις
400 542 531 577 διαίρεσιν
547 542 596 577 μὲν
611 542 737 577 θεότητος
759 544 805 569 καὶ
825 544 983 580 κατατομήν

194 588 286 623 ἀνέλῃ,
302 588 495 621 Εογμττὶσειδὲ
509 588 539 614 τὺ
548 588 697 623 ὀρθὸδοξον,
708 589 838 626 ὲνείρήνῃ
850 599 878 616 τε
888 590 983 627 βαθείᾳ

196 634 244 660 καὶ
268 634 380 669 ὁμονοίᾳ
404 635 438 660 τὰ
458 635 637 666 στασιάζοντα
648 636 827 671 καταστήσει,
851 637 898 663 καὶ
919 637 983 668 τοὺς

196 680 397 714 ἀνθεστηκότας
414 681 445 715 τῇ
459 680 507 707 τοῦ
533 680 662 715 Ὑψίστου
678 681 751 717 δεξιᾷ
763 683 981 717 παραστήσεται.

233 725 296 752 NA'.
314 726 421 761 Βραχὺς
437 728 451 753 ὁ
477 727 578 760 μεταξὺ
596 727 701 762 χρόνος,
718 729 765 754 καὶ
785 729 913 763 Θεόφιλος
935 730 984 764 μὲν

194 771 249 798 τῶν
276 771 338 806 τῇδε
363 773 527 807 μεταχωρεῖ,
543 773 653 808 Μιχαὴλ
670 773 697 800 δὲ
711 774 758 800 καὶ
784 774 911 810 Θεοδώρα
933 777 982 811 τὴν

195 818 284 852 ἀρχὴν
298 818 480 852 διαδέχονται,
497 819 626 851 Μεθόδιος
647 819 676 846 δὲ
693 821 748 852 τοῖς
761 821 844 856 ιεροῐς
855 823 893 854 ὡς
910 822 982 858 ίερδς

195 864 233 899 τῷ
245 864 301 890 ὄντι
316 865 363 890 καὶ
383 865 451 891 Θεοῦ
464 865 608 900 ἄνθρωπος
630 866 781 902 ἑνιδρύεται
800 868 916 904 θρόνοις,
934 870 982 896 καὶ

196 910 341 937 συνελόντα
362 911 456 946 φάναι,
474 912 583 938 πάντων
601 913 675 947 αὐτῷ
690 913 758 948 πρὸς
775 913 824 948 τὴν
839 915 981 950 ὁρθόδοξον

196 958 287 984 πίστιν
307 958 510 992 μεταθεμένων,
538 959 671 991 κλύδωνός
697 969 726 987 τε
743 962 843 993 παντὸς
861 963 908 989 καὶ
921 972 981 998 τρι-

195 1004 299 1038 κυμίας
323 1004 569 1039 κατευνασθείσης,
585 1006 633 1033 καὶ
649 1006 704 1032 τῶν
723 1008 896 1042 πραγμάτων
915 1010 982 1044 ἡρε-

197 1049 330 1083 μού-ιτων,
361 1049 443 1084 ἑτέρα
466 1059 509 1080 τις
526 1051 601 1085 παρὰ
628 1051 682 1078 τῶν
703 1052 825 1079 εὐσεϐῶν
846 1054 983 1089 ἐγείρεται

197 1094 305 1126 στάσις,
320 1095 366 1120 καὶ
381 1095 415 1121 τὰ
428 1095 478 1129 τῆς
497 1096 662 1130 Ἐκκλησίας
684 1098 828 1132 ἐμερίζετο
841 1099 923 1126 πάλιν
936 1102 984 1128 καὶ

195 1141 237 1172 si;
255 1140 345 1172 διττὰς
357 1141 438 1173 δόξας
453 1140 562 1175 ἐχώρει.
583 1142 614 1168 Ui
630 1143 679 1177 μὲν
691 1143 745 1179 γὰρ
762 1144 984 1181 συλλειτουργοὺς

196 1186 269 1221 ἔχειν
297 1186 390 1221 ἠξίουν
409 1187 472 1218 τοὺς
488 1188 563 1222 παρὰ
586 1188 640 1215 τῶν
667 1189 860 1225 Εἰκονομὰχων
885 1191 914 1217 τὸ
935 1193 983 1227 τῆς

197 1231 349 1266 ἱερωσύνης
364 1231 473 1266 ἀξίωμα
498 1233 643 1265 λαϐόντας,
666 1234 704 1265 ὡς
720 1235 797 1261 οὐδὲν
827 1237 922 1263 τούτου
949 1239 983 1273 τῇ

196 1276 325 1312 ιὺσεὸείᾳ
341 1277 538 1312 λυμαινομένου
551 1286 558 1293 ·
579 1279 603 1305 ot
620 1278 647 1304 δὲ
662 1279 787 1314 βεϐήλοις
801 1282 895 1316 χερσίν
911 1283 984 1309 ἔκδι-

196 1323 281 1354 δόναι,
301 1324 408 1350 ἀνόσιον
420 1323 487 1354 ὅλως
505 1324 622 1358 ἡγοῦντο
637 1325 683 1351 καὶ
699 1326 729 1352 οὺ
749 1326 809 1361 Θεῷ
830 1327 906 1361 φίλον
925 1329 985 1356 οὐδὲ

197 1367 356 1396 ἀπόδεκτον.
371 1366 450 1395 Καϊὸ
474 1368 522 1402 μὲν
538 1369 575 1400 ὡς
594 1369 702 1404 ἀληθῶς
720 1371 759 1404 τῷ
778 1371 837 1406 Θιῷ
853 1372 907 1404 ζῶν
927 1374 985 1400 Με-

198 1412 296 1446 θόδιος,
309 1414 452 1449 ῆσχαλλεν,
466 1415 571 1448 ἠνιᾶτο,
583 1415 633 1449 τὴν
647 1416 761 1451 καρδίαν
779 1417 920 1451 ἐκόπτετο,
937 1419 983 1446 τὸν

200 1461 286 1493 μέγαν
305 1461 362 1491 τοῖς
380 1459 448 1486 ὠσὶν
466 1460 572 1495 ὲνηχεῖν
593 1461 679 1488 ἐδόκει
698 1461 816 1495 Παῦλον,
842 1465 983 1500 μονονουχὶ

198 1505 310 1532 τοιαῦτα
327 1506 523 1541 φθεγγόμενον,
536 1507 585 1538 ’Ὡς
603 1516 632 1533 τε
647 1509 693 1535 καὶ
707 1508 832 1544 ἀνάθεμα
845 1507 914 1537 εἶναι
930 1511 985 1537 ἀπὸ

199 1551 318 1585 Χριστοῦ
349 1551 418 1586 ὑπὲρ
444 1553 497 1578 τῶν
521 1553 644 1587 ἀδελφῶν
662 1562 713 1588 μου
727 1554 782 1580 τῶν
798 1555 868 1582 κατὰ
882 1556 983 1590 σάρκ’,
997 1565 1019 1594 ο

201 1597 281 1632 μόνον
298 1599 321 1624 εί
339 1598 456 1632 σταίητε
472 1598 532 1634 μεθ’
549 1599 638 1634 ήμῶν,
656 1601 791 1636 καὶκοινῇ
812 1603 861 1636 τὴν
879 1602 984 1637 Τριάιδα

196 1643 364 1678 δοξάαωμεν.
385 1645 440 1671 Καὶ
473 1646 486 1670 ὁ
502 1645 551 1679 μὲν
566 1644 654 1677 οὕτως
687 1645 771 1681 εἶχεν,
793 1647 820 1672 οἱ
842 1647 869 1674 δὲ
897 1648 986 1675 πάντα

200 1689 297 1716 παθεῖν
315 1689 417 1724 μᾶλλον
433 1689 537 1725 ἕτοιμοι
565 1688 682 1726 ἧσαν,ἥ
707 1692 741 1719 τὰ
767 1692 881 1725 δόξαντα
907 1694 986 1728 προέ-

200 1735 273 1767 σθαι,
296 1735 333 1766 da;
349 1735 474 1762 ἐντεῦθεν
491 1736 531 1767 είς
553 1737 624 1772 μέρη
647 1737 729 1764 πάλιν
754 1738 783 1764 τὸ
803 1739 853 1773 τῆς
871 1739 986 1775 Ἐκκλη-

201 1781 263 1812 cia;
280 1781 418 1817 πλήρωμα
435 1782 594 1816 τέμνεσθαι,
613 1782 736 1815 καὶτοὺς
752 1785 813 1819 μὲν,
827 1785 864 1816 ὡς
875 1785 986 1818 αὐτοὺς,

199 1827 263 1858 τοὺς
283 1827 313 1854 δὲ
332 1827 370 1859 ὼς
386 1828 507 1860 ἐκείνους
532 1827 691 1856 τάσσεσθαι.
715 1830 745 1856 ὐ
772 1830 838 1864 γοῦν
861 1831 901 1864 τῷ
927 1830 987 1866 Θεῷ

200 1871 275 1907 φίλος
297 1872 462 1906 Ὶωαννίκιος
481 1875 656 1909 τεταγμένοις
672 1874 744 1902 οὕτω
758 1877 814 1908 τοῖς
827 1877 987 1912 πράγμασιν

201 1918 371 1953 ιντυγχάνων
388 1920 423 1946 τὰ
449 1919 498 1954 μὲν
513 1920 546 1946 δι’
560 1921 669 1954 ἑαυτοῦ,
683 1921 718 1948 τὰ
735 1921 762 1948 δὲ
776 1922 810 1948 δι’
824 1923 985 1955 ἐπιστολῶν,

199 1963 244 1991 οἵα
258 1964 369 2000 σύριγγι
384 1965 434 2001 τὴν
447 1966 663 1993 διασπασθεῖσαν
682 1967 731 2001 τῆς
751 1968 872 2002 ποίμνης
889 1970 988 2004 μοῖραν

200 2011 370 2044 ἀνεκαλεῖτο,
387 2012 434 2038 καὶ
451 2011 490 2047 τῷ
507 2012 581 2047 μόνῳ
598 2012 671 2047 Θεῷ,
689 2013 729 2048 τῷ
741 2013 814 2048 μόνῳ
838 2013 912 2048 καλῷ
927 2022 986 2040 ποι-

205 2056 267 2090 μένι
285 2057 332 2083 καὶ
346 2057 376 2083 οὐ
404 2057 534 2092 μισθωτῷ
549 2058 733 2092 προσῳκείου,
763 2058 881 2093 μάλιστα
897 2057 925 2084 δὲ
940 2057 987 2084 τοῦ

201 2101 353 2136 ἀρχιερέως
381 2103 513 2130 Μεθοδίοδ
543 2102 714 2135 ὀκλάζουσαν
744 2104 794 2139 ἤδη
824 2103 874 2139 τὴν
899 2104 987 2140 ψυχὴν

201 2149 345 2182 ἀνεκτᾶτο,
372 2149 458 2175 πολλὰ
481 2149 531 2184 μὲν
562 2150 609 2176 καὶ
633 2149 715 2185 ἕτερα
733 2150 859 2184 γράφων,
878 2150 931 2185 πρὸ
958 2150 987 2177 δὲ

201 2194 321 2226 πάντων,
340 2195 396 2226 τοῖς
413 2195 444 2221 τὺ
472 2195 521 2230 μὶν
545 2196 690 2231 ὁμοούσιον
707 2196 839 2230 ὲκφύλους
850 2196 988 2230 ἀλλοτριό-

1033 266 1183 294 reddentur
1202 267 1341 294 Ecelesiis‘.’
1351 275 1494 303 quousque
1510 270 1683 305 augebuntur
1694 279 1738 300 res
1754 281 1818 308 pcr-

1033 317 1200 345 secutorum,
1215 319 1242 340 et
1258 313 1389 340 immanes
1399 321 1446 341 eas
1458 313 1620 344 lacerabunt
1634 316 1751 346 bestias?
1770 319 1818 347 Illo

1033 365 1110 389 vero,
1129 358 1238 390 Parnm,
1253 358 1352 393 inquit,
1365 360 1479 392 sustine,
1493 369 1509 388 ο
1521 362 1616 396 frater,
1633 371 1660 392 et
1678 366 1815 403 intelliges

1033 403 1080 430 Dei
1098 403 1246 436 potentiam
1264 404 1334 436 ;eril
1349 406 1422 432 enim
1450 407 1560 440 quidam
1591 409 1752 442 Melhodius,
1769 414 1815 447 qui

1033 449 1135 475 tenebit
1152 449 1210 483 ejus
1226 449 1343 482 clavum,
1361 455 1388 477 et
1405 459 1464 478 eam
1478 452 1572 481 divino
1599 454 1702 489 Spiritu
1719 459 1818 492 guber—

1033 494 1119 525 nabit,
1132 495 1176 528 qui
1194 495 1269 521 tollet
1283 496 1394 530 quidem
1404 497 1567 526 divisionem
1582 505 1608 526 et
1621 501 1815 530 dissectionem

1033 540 1204 573 divinitatis;
1221 541 1339 569 decretis
1355 548 1445 570 autem
1467 543 1546 571 ﬁdem
1563 546 1712 574 constituet
1724 549 1818 576 ortho-

1032 592 1142 618 xam,et
1155 587 1188 614 ad
1203 596 1337 615 summam
1355 597 1448 624 pacem
1476 596 1503 618 et
1518 593 1690 621 concordiam
1709 595 1816 630 rediget

1033 634 1206 665 seditionem,
1220 638 1248 661 et
1262 643 1320 666 eos,
1334 637 1380 671 qui
1394 638 1563 672 restiterunt,
1580 633 1676 667 dextra
1703 641 1814 669 Διιὶδοίν

1034 680 1068 706 mi
1084 679 1241 715 subjunget.

1067 724 1211 752 LLBreve
1224 730 1332 761 tempus
1347 726 1511 762 intercessit,
1526 734 1554 757 et.
1568 730 1737 767 Theophilus
1757 735 1819 768 qui-

1033 769 1094 796 dem
1107 777 1140 796 ex
1159 770 1210 797 hac
1224 772 1278 798 vita
1302 773 1409 800 excedit
1425 781 1432 799 :
1452 774 1566 803 Michael
1583 784 1649 804 vero
1672 782 1699 804 et
1727 777 1819 806 Theo~

1033 815 1100 843 dora
1143 817 1290 852 imperium
1327 819 1481 854 suscipiunt
1506 829 1514 848 :
1545 821 1700 850 Methodius
1725 829 1817 852 autem

1033 861 1075 887 vir
1087 869 1181 888 revera
1203 868 1406 897 sacrosanctus,
1427 870 1454 892 et
1477 865 1560 893 homo
1589 867 1648 900 Dei,
1678 869 1705 896 in
1733 870 1819 898 sacris

1035 905 1186 933 collocatur
1202 908 1324 941 sedibus,
1342 914 1370 936 et
1389 914 1418 937 ut
1431 912 1515 939 semel
1531 912 1632 944 dicam,
1650 921 1712 941 eum
1728 915 1819 942 omnia

1031 952 1066 978 ab
1083 960 1116 979 eo
1133 952 1249 980 fuissent
1268 955 1393 982 traducta
1421 956 1454 984 ad
1471 957 1550 985 ﬁdem
1581 959 1774 991 orthodoxam.
1791 967 1819 989 et

1031 997 1138 1032 sopitus
1157 1003 1230 1026 esset
1245 1000 1334 1027 omnis
1346 1001 1445 1029 ﬂuctus
1458 1007 1486 1030 et
1506 1003 1598 1031 sedata
1617 1009 1775 1040 tempestas,
1789 1012 1818 1034 et

1033 1050 1077 1070 res
1088 1048 1182 1071 essent
1203 1046 1315 1079 quietae.
1336 1048 1460 1082 quaedam
1471 1049 1521 1076 alia
1538 1051 1638 1079 seditio
1654 1053 1791 1080 excitatur
1802 1063 1817 1081 a

1032 1089 1095 1123 piis,
1107 1095 1134 1117 et
1145 1098 1189 1118 res
1201 1092 1330 1121 Ecclesiae
1345 1102 1440 1121 rursus
1450 1101 1528 1123 erant
1548 1097 1650 1130 divisze,
1665 1103 1692 1126 et
1704 1100 1821 1128 redacta:

1033 1140 1111 1162 erant
1127 1135 1154 1162 in
1168 1136 1236 1164 duas
1252 1138 1407 1171 opiniones.
1441 1140 1508 1167 Nam
1535 1142 1581 1169 alii
1609 1144 1721 1176 quidem
1745 1146 1818 1173 vole-

1034 1178 1101 1207 bant
1118 1180 1220 1208 habere
1236 1182 1262 1209 in
1275 1183 1437 1217 ministerio,
1453 1193 1501 1213 eos
1520 1187 1566 1222 qui
1596 1188 1757 1223 dignitatem
1776 1199 1820 1218 sa-

1033 1224 1148 1252 cerdotii
1163 1233 1326 1262 acceperant
1341 1230 1374 1256 ab
1397 1230 1597 1265 lconomacbis,
1624 1239 1719 1270 utpote
1745 1237 1819 1270 quod

1034 1269 1086 1297 hoc
1110 1271 1178 1298 nihil
1210 1273 1304 1306 pietati
1333 1275 1480 1304 ofﬁceret:
1500 1278 1537 1304 illi
1568 1269 1662 1307 autem
1697 1269 1821 1315 profanis

1034 1321 1127 1343 saneta
1158 1317 1264 1346 tradere
1298 1320 1436 1354 manibus,
1464 1323 1595 1357 putabant
1621 1325 1734 1353 omnino
1763 1333 1822 1354 esse

1035 1361 1160 1396 impium,
1175 1369 1203 1390 et
1231 1364 1343 1392 minime
1365 1366 1421 1393 Deo
1440 1373 1558 1402 gratum,
1587 1377 1639 1397 nec
1667 1371 1818 1399 admitten-

1034 1409 1108 1436 dum.
1129 1409 1160 1436 Et
1175 1411 1221 1444 qui
1243 1410 1298 1438 Deo
1310 1412 1420 1446 quidem
1437 1421 1501 1440 vere
1523 1413 1631 1442 vivebat
1651 1416 1819 1451 Methodius,

1034 1463 1105 1490 aegre
1117 1455 1231 1488 ferebat,
1244 1458 1404 1492 angebatur,
1415 1459 1497 1487 corde
1508 1460 1692 1494 lacerabatur,
1709 1452 1825 1498 putabat

1035 1510 1163 1537 magnum
1181 1503 1294 1531 Paulum
1313 1512 1443 1533 resonare
1473 1505 1501 1533 in
1530 1507 1645 1535 auribus
1675 1517 1824 1545 propemo-

1035 1547 1100 1574 dum
1112 1549 1169 1575 ltmc
1181 1549 1338 1584 loquentem
1356 1559 1362 1576 :
1380 1551 1488 1578 Utinam
1502 1555 1554 1580 slm
1582 1561 1596 1580 a
1617 1553 1730 1582 Christo
1756 1563 1823 1584 ana-

1038 1595 1129 1622 thema
1145 1603 1195 1629 pro
1219 1595 1351 1624 fratribus
1373 1597 1443 1625 meis
1476 1599 1629 1626 secundum
1656 1608 1778 1632 carnem,
1799 1603 1822 1629 si

1037 1640 1119 1667 modo
1145 1641 1277 1668 steleritis
1305 1642 1457 1675 nobiscum,
1474 1647 1502 1670 et
1533 1646 1718 1674 communiter
1733 1646 1824 1674 Trini-

1038 1691 1120 1714 tatem
1150 1687 1426 1722 gloriﬁcaverimus“
1441 1710 1448 1717 .
1467 1690 1501 1717 Et.
1526 1691 1571 1718 ille
1599 1691 1710 1726 quidem
1734 1693 1774 1720 sic
1794 1702 1824 1721 se

1037 1732 1167 1760 habebat.
1185 1733 1226 1760 Illi
1243 1738 1333 1761 autem
1351 1735 1437 1768 parati
1450 1739 1529 1762 erant
1543 1737 1635 1763 omnia
1647 1737 1703 1771 pati
1720 1738 1821 1772 potius.

1037 1787 1119 1814 quam
1133 1779 1271 1807 dimittere
1296 1787 1339 1813 ea,
1357 1788 1418 1815 quae
1434 1781 1491 1809 visa
1501 1781 1620 1815 fuerant,
1635 1783 1703 1810 adeo
1718 1788 1747 1811 ut
1759 1783 1824 1812 hinc

1039 1826 1066 1853 in
1106 1830 1197 1860 partes
1222 1834 1320 1854 rursus
1353 1826 1527 1854 scinderetur
1566 1832 1654 1856 cretus
1684 1828 1822 1860 Ecclesiae.

1037 1875 1065 1899 et
1080 1871 1125 1898 alii
1155 1871 1265 1906 quidem
1282 1879 1311 1899 se
1327 1879 1389 1899 cum
1421 1872 1475 1905 his,
1489 1872 1534 1900 alii
1550 1881 1616 1901 vero
1634 1881 1698 1902 cum
1719 1875 1772 1902 illis
1795 1882 1824 1902 se

1037 1918 1244 1953 conjungerent.
1264 1918 1312 1945 Dei
1335 1918 1428 1953 itaque
1449 1919 1556 1946 amicus
1565 1919 1737 1953 Joannicius,
1756 1921 1825 1949 inci-

1038 1963 1107 1991 dens
1123 1963 1150 1991 in
1167 1971 1211 1992 res
1226 1964 1294 1992 adeo
1311 1964 1444 1998 turbatas,
1465 1965 1565 2001 partim
1579 1966 1690 2001 quidem
1716 1975 1766 2002 per
1781 1975 1821 2002 se,

1038 2010 1137 2044 partim
1165 2018 1230 2037 vero
1245 2019 1294 2046 per
1319 2011 1436 2043 litteras.
1451 2013 1537 2040 veluti
1558 2013 1648 2041 ﬁstula
1677 2014 1824 2042 revocabat

1039 2053 1173 2081 divulsam
1188 2059 1294 2088 partem
1313 2056 1414 2092 gregis,
1434 2061 1462 2084 et
1476 2057 1502 2084 ei
1514 2057 1561 2092 qui
1579 2061 1620 2085 est
1638 2057 1712 2085 solus
1739 2058 1821 2088 Deus.

1038 2099 1138 2135 quiest
1152 2099 1226 2127 solus
1253 2100 1342 2128 bonus
1364 2106 1467 2136 pastor,
1488 2106 1516 2129 et
1547 2109 1601 2129 non
1625 2103 1823 2145 mercenarius,

1038 2146 1213 2173 conciliabat.
1225 2146 1341 2174 Maxime
1355 2153 1446 2174 autem
1467 2147 1668 2182 archiepiscopi
1694 2148 1824 2177 Methodii

1035 2183 1091 2226 jam
1116 2190 1254 2218 labantem
1274 2192 1417 2219 recreabat
1444 2192 1577 2231 animum,
1596 2193 1680 2222 multa
1712 2195 1824 2230 quidem

200 2248 284 2274 τητας
303 2239 443 2274 τέμνουσι,
456 2241 604 2275 διαιρέσεις
622 2242 661 2274 δὲ,
683 2241 767 2277 οἶμοι,
780 2242 898 2274 ἀτόπους
910 2241 985 2274 δοξά-

1039 2237 1122 2264 etiam
1157 2237 1210 2264 alia
1236 2237 1361 2265 scribens
1377 2257 1384 2270 ,
1400 2242 1463 2265 ante
1489 2239 1581 2267 omnia
1610 2245 1701 2268 autem
1718 2241 1762 2273 iis,
1777 2243 1824 2276 qui

200 2284 288 2319 ζουσι,
310 2285 421 2318 τούτους
451 2286 519 2322 μηδὲ
543 2288 574 2313 τὸ
597 2288 730 2322 παράπαν
760 2287 806 2319 οὓς
834 2287 988 2314 ὑποκλίνειν

199 2331 276 2366 αὐτῷ
293 2332 419 2368 παρῄνει,
441 2333 479 2367 μὴ
502 2332 585 2365 ἅλων,
599 2332 636 2369 μὴ
654 2333 753 2368 στέγης
778 2335 930 2368 κοινωνεῖν,
951 2334 988 2369 μὴ

201 2377 454 2412 προσφθέγγεσθαι,
480 2378 537 2405 ἀλλ’
553 2378 590 2410 ὡς
605 2379 644 2405 ἔνι
668 2379 796 2414 μάλιστα,
819 2380 868 2414 τὴν
885 2380 988 2406 τούτων

203 2423 348 2458 συντυχίαν
364 2423 512 2452 ἐκκλίνειν.
535 2424 738 2460 ’Υπετθειγὰρ
759 2425 827 2460 μηδὲ
845 2425 986 2461 ίερουργὺν

200 2468 284 2500 ὁσίως
299 2469 459 2503 λογισθῆναί
472 2478 537 2497 ποτε
556 2470 687 2497 δύνασθαι
701 2470 806 2502 τοῦτον,
819 2471 864 2497 τὸν
887 2471 932 2498 τὸν
949 2472 987 2498 le-

202 2514 402 2551 ρουργούμενον
421 2515 584 2549 ἀθετοῦντα,
611 2516 732 2548 ἐκείνους
747 2515 776 2542 δὲ
800 2516 901 2551 μᾶλλον
923 2518 987 2553 περὶ

200 2561 250 2597 τὴν
282 2560 358 2587 θείαν
377 2561 535 2597 ἱερουργίαν
555 2562 675 2597 ἔγραφεν
704 2562 776 2598 ἔχειν
788 2561 827 2596 τῷ
850 2562 986 2598 Μεθοδίῳ,

199 2607 247 2640 οὓς
260 2606 294 2635 ἂν
307 2606 391 2642 εἰδείη
405 2606 452 2634 καὶ
467 2608 531 2643 περὶ
542 2608 571 2634 τὸ
584 2609 632 2641 τῆς
645 2608 801 2645 ὀρθοδοξίας
817 2609 905 2644 δόγμα
919 2618 987 2645 συμ-

200 2653 369 2690 φρονοῦντας
391 2652 547 2689 aint-{Vlixi
563 2654 634 2681 τέλει
648 2654 675 2682 δὲ
693 2655 742 2690 τῆς
762 2655 909 2690 ἐπιστολῆς
939 2656 987 2682 καὶ

200 2699 340 2736 ιῤῥῶσθαι
357 2699 438 2728 αὑτὸν
454 2700 610 2734 ὑγιαίνοντα
631 2701 695 2737 περὶ
721 2701 767 2728 τδν
795 2701 857 2737 ὑγιῆ
877 2701 955 2736 λόγον
973 2703 986 2728 6

201 2747 287 2784 μέγας
304 2747 468 2780 ’ίωαννίκιος
486 2747 597 2784 ηὕξιτο.

235 2882 255 2897 ¹¹
271 2881 347 2908 Rom.
364 2890 400 2914 lx,
416 2883 443 2908 5.

1040 2283 1204 2310 homousion
1222 2283 1340 2311 absurde
1355 2288 1383 2312 et
1398 2284 1489 2311 alieno
1517 2286 1598 2313 modo
1612 2287 1752 2319 scindunt,
1777 2295 1826 2315 no-

1040 2337 1142 2364 vasque
1174 2333 1201 2356 et
1229 2329 1364 2357 absurdas
1379 2331 1528 2364 opinantur
1542 2330 1703 2364 divisiones,
1727 2333 1768 2361 eis
1790 2342 1825 2362 ne

1040 2382 1136 2402 aurem
1149 2374 1260 2410 quidem
1272 2375 1384 2403 omnino
1399 2375 1532 2404 adhibere
1548 2377 1692 2412 suadebat,
1705 2387 1760 2406 non
1772 2381 1824 2410 sal.

1040 2429 1096 2449 non
1113 2426 1213 2448 tectum
1227 2429 1291 2449 cum
1317 2421 1359 2449 his
1381 2422 1483 2450 habere
1510 2430 1666 2456 commune,
1695 2433 1749 2452 non
1777 2433 1826 2453 eos

1039 2467 1153 2503 alloqui,
1166 2467 1212 2495 sed
1226 2475 1307 2503 quam
1324 2467 1441 2496 maxime
1462 2467 1600 2496 declinare
1630 2477 1726 2497 eorum
1754 2478 1824 2498 con-

1039 2514 1220 2550 gressionem.
1249 2513 1419 2541 Admonebat
1445 2515 1519 2541 enim
1548 2522 1583 2542 ne
1612 2523 1691 2550 posse
1713 2516 1825 2550 quidem

1039 2568 1102 2588 eum
1127 2565 1221 2588 sancte
1249 2560 1371 2595 reputari
1397 2559 1566 2593 sacriﬁcum,
1605 2561 1653 2596 qui
1686 2569 1760 2594 eum,
1778 2562 1825 2596 qui

1039 2607 1220 2639 sacriﬁcatur,
1257 2606 1409 2634 coatemnit
1434 2609 1463 2634 et
1495 2606 1650 2641 vilipendit.
1683 2606 1826 2635 Scribebat

1040 2658 1131 2681 autem
1141 2652 1290 2685 Methodio,
1308 2657 1337 2680 ut
1357 2652 1419 2679 illos
1433 2652 1525 2687 potius
1541 2651 1653 2680 haberet
1667 2653 1740 2680 circa
1755 2653 1826 2681 divi-

1039 2707 1105 2727 num
1119 2698 1295 2731 sacriﬁcium,
1311 2705 1380 2733 qnos
1394 2701 1488 2725 nosset
1519 2705 1582 2725 cum
1608 2705 1642 2725 eo
1668 2699 1772 2726 sentire
1797 2700 1824 2726 in

1039 2745 1167 2781 dogmate
1178 2743 1358 2771 orthodoxiae.
1371 2742 1465 2770 Inﬁne
1477 2750 1542 2771 vero
1569 2743 1702 2779 epistolae,
1733 2745 1824 2772 valere

1040 2799 1103 2819 cum
1120 2790 1192 2819 circa
1211 2797 1305 2818 sanam
1319 2788 1453 2818 rationem
1469 2790 1574 2825 optavit
1586 2797 1699 2825 magnus
1709 2788 1823 2818 Joanni-

1040 2846 1108 2867 ειυς.

1596 2892 1610 2902 1
