2039 3155
167 170 215 204 101

776 163 862 195 νιΤΑ
883 164 914 194 S.
934 164 1198 197 GALACTIONIS.

1744 170 1794 202 102

166 229 283 263 νήντινα
308 225 354 254 καὶ
367 225 489 260 ἁσυνῄῡη
513 223 584 251 κατὰ
604 223 666 255 τοὺς
684 222 783 254 ὕπνους
805 223 865 257 ὅφιν
894 223 953 258 ὁρᾷ.

1009 223 1113 251 somnis
1127 225 1274 252 visionem.
1294 224 1445 254 Videbatur
1471 227 1544 254 enim
1560 228 1662 255 versari
1687 227 1714 254 in
1730 229 1795 262 qui-

172 274 275 301 Ἐδόκιι
290 272 344 306 γὰρ
359 271 424 306 περί
437 279 514 302 τινας
529 270 620 301 οἴκους
641 268 798 304 βασιλικοὺς
817 268 954 303 ἀναστρέ-

166 319 276 355 φεσθαι,
291 317 385 345 κάλλει
399 316 532 351 ἀμυθήτῳ
548 315 721 350 διαπρεπεῖς,
738 314 781 349 ἐφ’
799 311 838 346 οἷς
857 315 956 341 ἑκατέ-

169 365 255 401 ρωθεν
270 364 368 400 χοροὺς
386 363 450 398 περὶ
461 362 524 393 τοὺς
539 362 647 396 τοίχους
671 361 798 387 ῐστασθαι
808 361 895 395 τρεῖς.
906 356 956 386 Ὧν

166 412 180 438 ὁ
194 411 242 446 μὲν
256 410 354 445 ἄνδρας
367 408 435 443 εἶχε,
449 407 563 443 σεμνούς
574 416 604 434 τε
620 408 684 434 [δεῖν
696 407 745 433 καὶ
760 407 840 441 στολῇ
861 406 955 441 μελαί-

167 465 201 493 νῃ
217 456 451 491 κεκοσμημένους,
477 455 491 480 ὁ
519 453 642 489 δεύτερος
662 453 690 479 δὲ
709 453 839 486 γυναῖκας
856 451 956 486 ὁμοίως

167 502 282 537 ἐχούσας
299 508 306 516 ⁸
328 503 342 528 ὁ
356 501 384 527 δὲ
401 501 491 535 τρίτος
521 499 662 535 παρθένων
696 496 748 534 ἦν,
776 495 820 530 αἷς
844 498 956 533 ἐπήνθει

170 547 318 583 φαιδρότης
335 546 487 582 ἐπιτερπὴς
515 547 563 572 καὶ¹
592 545 672 581 χάρις
690 545 868 580 προσεμειόξα
897 546 956 577 ταῖς

168 594 262 627 ὕψεσιν
291 593 456 627 ἐλευθέριος.
471 592 503 620 Δί
514 592 605 627 μέντοι
618 594 747 626 γυναῖκες
762 593 790 618 αἱ
803 592 851 628 τὴν
865 592 956 627 μέλαι.⁸

167 649 215 666 ναν
237 639 334 674 στολὴν
365 638 608 672 περιὸεσλημέναι,
636 639 683 664 καὶ
712 638 851 673 πτέρυγάς
879 647 956 671 τινας

169 685 291 720 ἐῴκεσαν
307 685 379 719 ἔχειν
393 685 437 711 καὶ
455 685 509 719 πῦρ
522 685 642 718 ὰ-ριέναι,
659 681 743 718 ὑφόὗ
758 685 811 711 πᾶν
826 685 856 711 τὸ
869 694 957 720 παρα-

169 733 267 758 πῖπτον
282 731 369 758 ἐδόκει
385 731 545 765 φλέγεσθαι.
571 730 704 762 Ἀκούσας
723 731 815 758 τοίνυν
829 733 843 758 ό
869 731 956 758 Γαλαο

170 777 252 803 κείων
266 777 295 803 τὸ
312 777 409 813 ὁραθὲν
423 798 429 810 ,
445 777 573 812 τοιαύτην
588 777 664 811 ἔλεγε
679 777 728 812 τὴν
742 777 856 813 δύναμιν
870 777 954 812 ἔχειν.

168 823 270 858 Εῖρηκε
283 823 337 858 γὰρ
353 824 399 850 καί
415 824 478 854 τοὺς
491 824 564 858 τρεῖς
576 823 690 854 τούτους
707 823 806 858 χοροὺς
823 823 878 850 τῶν
903 833 956 858 χω-

169 869 300 904 ριζόντων
325 869 439 900 ἑαυτοὺς
453 870 558 904 κόσμου
573 870 620 896 καὶ
635 869 690 896 τῶν
703 869 749 896 τοῦ
761 870 865 904 κόσμου
887 870 955 897 πάι-

167 923 221 941 των
233 912 314 946 εἶναι,
332 915 481 950 παρθενίαν
493 924 521 941 τι
537 915 738 949 φυλαττόντων,
757 916 805 942 καὶ
820 915 870 952 ζῇν
884 916 954 942 κατά
972 903 991 931 Β

167 960 286 995 Χριστὸν
305 960 520 995 ἐπανελοιιένων·
539 961 594 987 τῶν
609 961 684 987 δὲτὰ
700 961 816 995 μέλαινα
840 961 954 996 περιδε-

169 1005 323 1041 ελημένων,
349 1006 396 1032 καὶ
421 1006 518 1036 αὐτοὺς
534 1005 610 1032 εἶπεν
623 1006 739 1032 ἐοικέναι
754 1008 808 1038 τοῖς
819 1007 954 1041 ἀγγέλοις⁸

168 1050 282 1077 ἐκείνων
297 1051 351 1085 γὰρ
362 1051 390 1077 αἱ
405 1052 538 1085 πτέρυγες
553 1051 600 1077 καὶ
619 1051 647 1077 τὸ
663 1051 718 1086 πῦρ
731 1052 812 1086 τάχος
827 1052 886 1087 ἅμα
908 1052 956 1078 καὶ

169 1096 248 1131 ἰσχὺν
267 1096 375 1131 ἄμαχον
391 1096 584 1128 εἰκονίζουσιν.

203 1186 232 1213 1’.
254 1185 287 1212 Ἠ
300 1184 455 1220 Ἐπιστήμη
471 1185 509 1217 δὲ,
527 1185 629 1212 τούτων
638 1185 796 1218 ἀκούσασα,
813 1187 892 1218 εὐθὺς
906 1189 955 1221 τὴν

166 1232 310 1266 εὐγένειάν
330 1240 360 1257 τε
384 1233 431 1258 καὶ
450 1231 480 1257 τὸ
497 1231 643 1265 φιλόκαλον
664 1229 713 1267 τῆς
737 1233 841 1264 οἰκείας
859 1234 954 1268 ἐδήλου

166 1278 264 1313 ψυχῆς,
280 1280 308 1304 ὲν
327 1278 461 1313 ἐπιθυμίᾳ
476 1286 504 1303 τε
515 1277 564 1312 τῆς
586 1278 641 1304 τῶν
655 1278 809 1312 space»,sz
824 1281 953 1316 γινομένη

167 1323 392 1359 μεγαλειότητος,
408 1321 481 1357 Ἀρά
498 1331 542 1356 γε,
560 1320 650 1354 εἶπεν,
665 1324 688 1350 εἰ
703 1324 883 1358 διασταὶημεν
902 1327 950 1352 ἀπ’

165 1370 300 1404 ἀλλήλων,
321 1369 398 1403 ἆνερ,
415 1370 460 1396 καὶ
477 1370 536 1402 Θεῷ
557 1370 819 1405 προσχωρήσαιμεν,
840 1371 954 1405 δυνησό-

167 1416 237 1451 μεθα.
253 1416 299 1442 καὶ¹
319 1415 368 1451 τὴν
383 1417 423 1447 εις
444 1415 573 1450 ἀλλήλους
587 1416 707 1442 διάθεσιν
721 1415 872 1451 ἀχώριστον
892 1425 954 1443 συν-

166 1465 284 1498 τηρεῖν;
308 1462 410 1488 Τούτου
432 1470 477 1497 μοι
502 1461 572 1488 δίδου
600 1461 745 1496 βεῦαίωσιν
768 1463 886 1498 ἀσφαλῆ,
905 1464 953 1490 καὶ

165 1509 216 1535 οὐκ
232 1508 403 1542 ἐκστήσομαι
423 1508 533 1534 πώποτε
548 1508 594 1534 τοῦ
611 1508 648 1543 μὴ
665 1509 802 1535 κοινωνεῖν
816 1516 856 1535 σοι
872 1509 952 1544 τῆσδε

1007 269 1125 296 busdam
1150 270 1256 298 aedibus
1285 271 1367 305 regiis
1384 272 1592 306 pulchritudine
1613 283 1675 309 quae
1701 275 1794 302 verbis

1012 316 1148 351 explicari
1176 325 1232 344 non
1262 321 1363 352 potest,
1388 318 1598 353 insignibuszin
1616 322 1717 356 quibus
1738 327 1794 350 tres

1008 363 1137 398 utrinque
1146 364 1223 391 chori
1233 363 1342 391 stabant
1357 364 1429 391 circa
1442 365 1572 399 parietes.
1586 367 1708 399 Quorum
1721 376 1793 396 unus

1007 409 1118 444 quidem
1130 409 1249 437 habebat
1264 410 1339 437 viros
1353 411 1411 437 visu
1432 411 1572 443 honestos,
1591 418 1618 440 et
1631 420 1704 441 veste
1716 416 1792 448 nigra

1007 455 1126 482 indutos.
1139 455 1282 484 Secundus
1297 462 1387 485 autem
1414 458 1555 490 mulieres,
1575 467 1636 493 quae
1663 468 1691 487 se
1708 461 1794 488 habt:-

1007 501 1073 529 bant
1085 502 1221 530 similiter.
1238 503 1351 531 Tertius
1373 512 1438 531 vero
1452 510 1509 532 erat
1525 506 1670 540 virginum.
1686 507 1711 532 in
1728 508 1791 541 qni-

1007 548 1059 575 bus
1076 548 1197 583 jucunda
1226 549 1350 583 qnmdam
1377 550 1493 577 ﬂorebat
1512 552 1650 583 alacritas,
1668 558 1695 579 et
1723 553 1794 580 libe-

1007 593 1074 620 ralis
1088 594 1176 628 gratia
1193 594 1220 621 in
1234 595 1309 622 vultu
1323 596 1473 624 arridebat.
1487 597 1614 624 Mulieres
1633 605 1724 626 autem
1739 599 1793 626 illre

1007 639 1088 674 nigra
1105 645 1182 667 veste
1196 640 1310 674 indutae,
1323 642 1488 670 videbantur
1498 644 1581 670 etiam
1597 644 1699 672 habere
1714 653 1796 679 quas-

1006 685 1068 712 dam
1086 694 1200 720 pennas,
1216 692 1244 714 et
1263 688 1351 723 ignem
1378 689 1513 721 emittere,
1539 697 1554 717 a
1581 698 1636 725 quo
1658 691 1793 726 quidquid

1007 731 1158 764 incidebat,
1170 734 1313 761 videbatur
1325 735 1462 762 comburi.
1477 735 1545 763 Cum
1567 742 1657 763 autem
1682 737 1708 764 id
1719 738 1792 772 quod

1007 778 1096 805 visum
1130 779 1231 812 fuerat,
1265 780 1418 808 audivisset
1438 781 1593 814 Galaction,
1630 782 1740 810 dicebat
1766 784 1793 811 id

1006 825 1077 852 hanc
1093 825 1193 852 habere
1206 831 1380 860 potestatem.
1400 827 1557 855 Dixitenim
1574 828 1625 856 hos
1640 834 1696 857 tres
1726 830 1794 857 cho-

1006 878 1051 898 ros
1077 878 1138 898 esse
1165 879 1260 898 eorum
1284 872 1371 906 quise
1386 880 1402 900 a
1420 873 1524 901 mundo
1549 880 1688 908 separant,
1711 881 1739 902 et
1759 876 1794 903 ab

1008 916 1042 943 iis
1069 923 1130 950 quae
1157 921 1221 944 sunt
1240 919 1345 951 mundi,
1369 924 1396 946 et
1421 926 1529 947 servant
1548 920 1747 956 virginitatem,
1764 926 1793 950 et

1006 962 1150 996 elegerunt
1188 963 1270 990 vitam
1309 972 1389 999 agere
1425 965 1538 993 Christo
1565 967 1788 995 convenientem.

1007 1006 1108 1033 Eorum
1124 1012 1226 1038 autent.
1244 1010 1290 1042 qui
1305 1015 1384 1036 erant
1404 1011 1480 1045 nigra
1504 1017 1580 1039 veste
1604 1013 1703 1047 imluti,
1719 1015 1793 1048 ipsos

1005 1051 1074 1091 dixit
1088 1059 1148 1078 esse
1166 1053 1268 1080 similes
1280 1055 1404 1088 angelis;
1419 1056 1528 1083 illorum
1543 1058 1617 1085 ettitn
1644 1067 1740 1093 pennte
1764 1064 1792 1087 et

1007 1087 1077 1130 ignis
1107 1096 1188 1123 simul
1200 1097 1371 1125 celeritatem
1393 1104 1422 1126 et
1435 1100 1508 1127 vires
1532 1102 1690 1136 exprimunt
1712 1104 1791 1131 inex-

1007 1142 1180 1176 pugnabiles.

1042 1187 1074 1214 Χ.
1095 1188 1232 1222 Episteme
1246 1194 1337 1217 autem
1359 1190 1402 1217 bis
1418 1191 1528 1225 auditis,
1552 1193 1645 1221 statim
1668 1196 1792 1223 ostendit

1005 1226 1167 1268 'generosum
1181 1235 1313 1266 anitnum,
1341 1240 1369 1263 et
1396 1244 1487 1264 rerum
1514 1239 1690 1268 honestarum
1717 1249 1794 1270 amo-

1005 1287 1062 1306 rem
1077 1287 1083 1306 :
1100 1285 1126 1307 et
1142 1285 1219 1315 capta
1235 1282 1371 1310 desiderio
1386 1284 1582 1318 magnitudinis
1612 1294 1707 1314 eorum
1731 1296 1793 1323 quas

1005 1325 1062 1352 visa
1079 1325 1188 1354 fuerant
1203 1336 1211 1354 :
1227 1328 1296 1355 Num
1310 1336 1386 1360 vero,
1404 1330 1504 1365 inquit.
1518 1339 1534 1358 ο
1549 1333 1656 1364 marite,
1671 1334 1694 1361 si
1712 1342 1726 1361 a
1744 1343 1794 1362 no-

1005 1371 1047 1398 bis
1064 1372 1180 1400 invicem
1196 1374 1412 1408 discesserimus.
1439 1382 1467 1405 et
1492 1379 1525 1404 ad
1542 1379 1626 1406 Deum
1642 1382 1793 1410 accesseri-

1004 1425 1077 1450 mus,
1095 1420 1245 1453 poterimus
1260 1428 1319 1448 eam
1343 1430 1465 1458 quoque.
1488 1431 1549 1458 qua
1570 1430 1611 1452 est
1633 1426 1705 1453 inter
1729 1435 1791 1461 nos,

1003 1470 1167 1493 conservare
1183 1465 1376 1495 affectionem?
1388 1469 1424 1496 Da
1442 1470 1510 1496 mihi
1527 1471 1608 1506 hujus
1631 1474 1668 1500 rei
1683 1473 1790 1500 tit-niam

1004 1514 1031 1536 et
1052 1515 1155 1537 certam
1177 1512 1334 1539 cautionem
1350 1521 1357 1540 :
1374 1521 1425 1541 nec
1438 1522 1489 1549 ego
1508 1523 1628 1550 unquam
1647 1519 1791 1552 recusabo,

165 1555 215 1589 τῆς
229 1555 427 1589 προαιρέσεως.
449 1554 526 1580 Ἐπεὶ
550 1554 579 1581 δὲ
598 1554 722 1588 ἀλλήλοις
741 1555 855 1589 ἰσχυρὰς
874 1555 953 1582 δεδώ-

1005 1557 1152 1590 quominus
1168 1558 1218 1585 sim
1236 1558 1285 1586 tibi
1301 1559 1374 1586 socia
1398 1560 1481 1594 hujus
1497 1564 1642 1597 propositi.
1657 1565 1724 1592 Cum
1740 1575 1791 1594 au-

165 1608 231 1627 κασι
253 1600 358 1631 πίστεις
384 1600 422 1634 μὴ
444 1600 492 1626 ἀπ’
514 1599 638 1635 ἀλλήλων
659 1601 729 1626 κατὰ
751 1600 866 1635 γνώμην
887 1602 952 1628 ποτὲ

164 1642 360 1677 διαναστῆναι,
377 1644 391 1669 ὁ
411 1643 568 1670 Γαλακτῐων
593 1643 628 1670 τὰ
646 1643 748 1678 συνήθη
762 1644 795 1670 δι’
814 1646 952 1680 ἱκετηρίας

166 1689 287 1723 ἐντυχὼν
309 1689 349 1723 τῷ
374 1688 442 1724 Θεῷ,
477 1690 509 1724 τῇ
545 1689 700 1726 Ἐπιστήμῃ
733 1691 766 1717 τὰ
798 1692 953 1719 συνοίσοντα

169 1734 302 1766 ὑπετίθει,
321 1735 357 1760 Σὺ
375 1735 424 1769 μὲν
444 1734 533 1766 ἄπιθι,
557 1734 656 1768 λόγων,
677 1737 724 1763 καὶ
744 1737 801 1766 τοῖς
814 1737 953 1772 δεομένοις

167 1778 327 1813 ἑλευὴρῐως
343 1779 377 1804 τὰ
402 1779 538 1814 προσόντα
557 1779 693 1814 διάνειμε,
722 1780 771 1806 οὐκ
784 1781 951 1813 ἀναλίσκειν,

165 1826 233 1854 ἀλλὰ
253 1827 428 1862 θησαυρίζειν
447 1827 549 1861 μᾶλλον
566 1827 637 1853 αὐτὰ
660 1827 689 1853 ἐν
711 1828 820 1857 ἀσύλοις
843 1829 954 1856 πιστεύ-

164 1881 233 1900 ουσα
247 1880 254 1888 ·
275 1872 330 1906 ἐγὼ
353 1872 382 1898 δέ
400 1881 442 1899 σοι
466 1873 514 1899 καὶ
537 1873 633 1900 τούτου
658 1873 744 1906 τύπος
773 1875 883 1909 ἔσομαι,
905 1876 952 1902 καὶ

166 1919 274 1954 πρῶτος
299 1919 352 1944 τῶν
384 1918 459 1953 ἐμῶν
494 1919 644 1954 ποιήσομαι
667 1919 715 1954 τὴν
742 1920 884 1956 διανομὴν,
902 1922 952 1947 οὐκ

165 1964 242 1999 ὀλίγῃ
259 1965 305 1990 καὶ
324 1965 472 2000 φειδομένῃ
495 1965 579 1999 χειρὶ,
605 1965 674 1992 ἀλλὰ
703 1966 854 2000 (palatium:
874 1967 952 1999 ἐξαν-

165 2010 236 2036 τλῶν
256 2010 302 2036 καὶ
325 2010 472 2042 πλουσίως.
494 2011 540 2041 Et;
559 2010 608 2045 τὴν
627 2011 722 2045 τρίτην
734 2011 762 2037 δὲ
778 2011 844 2045 ἡμῖν
858 2012 949 2047 datin.

167 2056 214 2083 καὶ
234 2056 304 2082 κατά
317 2064 349 2090 γε
363 2056 393 2082 τὸ
408 2056 573 2091 ἀμφοτέροις
593 2056 673 2089 δόξαν
688 2057 916 2091 οἱκονομήσομεν.

203 2187 254 2215 lA'.
276 2187 353 2213 Ἐπεὶ
371 2187 418 2214 οὖν
437 2187 471 2214 τὰ
490 2187 554 2214 ὄντα
573 2196 602 2214 τε
622 2187 793 2222 διενείμαντο
808 2189 853 2215 καὶ
871 2189 952 2225 ἀλλή-

166 2232 223 2264 λοις
242 2233 383 2267 συνῆλθον,
413 2233 562 2267 Εὑτόλμιόν
591 2241 653 2259 τινα
680 2233 788 2260 πάντων
813 2231 851 2261 ὧν
879 2232 950 2269 εἶχον

166 2277 344 2305 εὐνούστατον
378 2279 536 2313 ὑπάρχοντα
562 2278 763 2312 θεραπόντων,
793 2279 952 2307 ἀκολουθ;ῖν

166 2325 358 2359 ἐντειλάμενοι,
375 2324 522 2358 ἐξήρχοντο
532 2324 581 2357 τῆς
600 2324 701 2355 οἰκίας,
726 2324 772 2350 τὸν
793 2325 846 2352 τῶν
872 2335 952 2361 μονο-

166 2372 273 2406 τρόπων
305 2370 448 2405 μέλλοντες
481 2370 607 2396 ὑπελθεῖν
637 2370 705 2404 βίον.
730 2371 801 2398 Δέκα
829 2373 858 2399 δὲ
889 2373 953 2405 ὅλας

165 2418 270 2452 ἡμέρας
283 2415 518 2451 ὁδοιπορήσαντες.
532 2415 593 2451 ὅρος
609 2416 736 2450 φθάνουσι
754 2418 887 2446 Πούπλιον
903 2420 952 2454 μὲν

167 2462 219 2487 ὑπὸ
235 2461 287 2486 τῶν
302 2461 518 2496 προσοικούντων
536 2461 716 2496 καλούμενον,
747 2463 829 2497 ἐγγὺς
849 2464 877 2490 δέ
902 2473 952 2490 που

167 2506 213 2532 τοῦ
232 2507 297 2531 Σινᾶ
324 2507 450 2541 κείμενον
474 2506 564 2541 ὅρους.
587 2507 670 2534 Ἐνϐα
688 2509 848 2535 δυοκαίδεκα
869 2519 953 2545 μοιαε

165 2553 222 2586 χοῖς
235 2551 401 2585 ἐντυχόντες,
414 2551 565 2587 ἀσχητικὴν
578 2552 716 2579 πολιτείαν
730 2557 951 2589 μετερχομένοις,

165 2599 198 2623 τὰ
219 2597 266 2623 τοῦ
298 2597 399 2623 σκοποῦ
422 2606 451 2622 τε
482 2598 574 2629 αὐτοῖς
601 2598 768 2634 διηγόρευον,
799 2602 846 2627 καὶ
866 2610 952 2636 προς-

166 2643 303 2678 inguen:
332 2643 378 2668 καὶ
409 2642 448 2676 τῷ
475 2643 614 2678 καταλόγῳ
644 2645 747 2672 τούτων
778 2647 950 2683 ἐγγραφῆναι

165 2690 258 2724 ἠξίουν
274 2696 280 2703 ·
298 2689 312 2715 ὃ
331 2689 363 2723 δὴ
385 2689 433 2715 καὶ
456 2689 485 2714 οὐ
506 2689 617 2721 πολλαῖς
640 2691 760 2726 ἡμέραις
783 2692 894 2728 ὕστερον
910 2695 951 2728 γι-

165 2745 249 2763 νεται.
271 2737 324 2762 Καὶ
345 2736 502 2762 Γαλακτίων
526 2736 575 2770 μὲν
591 2736 627 2769 τῷ
643 2737 762 2772 τάγματι
777 2739 830 2765 τῶι
843 2741 949 2773 ἀνδρῶν

165 2782 267 2808 τούτων
281 2781 531 2816 συκιαριομείται·ή
551 2782 705 2819 Ἐπιστήμη
717 2784 744 2810 δὲ
761 2786 828 2820 πρός
849 2795 875 2814 τι
895 2788 948 2814 τῶν

165 2827 364 2862 ἀπῳκισμένων
378 2826 510 2861 σεμνεῐων
523 2827 569 2853 ὑπ’
585 2827 667 2855 αὖτοῦ
685 2830 833 2864 στέλλεται,
850 2832 914 2868 παρ’
927 2829 948 2867 ᾧ

165 2875 241 2900 τέων
249 2882 293 2908 (te;
305 2873 436 2908 ἠσκοῦντο
456 2873 594 2908 παρθένοι.

1005 1606 1059 1630 tem
1077 1603 1127 1630 sibi
1143 1603 1260 1631 invicem
1273 1609 1366 1632 sancte
1382 1606 1522 1634 dedissent
1540 1609 1631 1641 tidem,
1649 1619 1790 1646 nunquam

1003 1655 1064 1675 esse
1078 1657 1092 1675 a
1107 1657 1136 1676 se
1154 1650 1268 1678 invmem
1291 1652 1391 1679 animis
1417 1653 1623 1689 disjungendus,
1649 1657 1790 1687 Galaction

1004 1701 1066 1721 cum
1084 1694 1168 1721 Deum
1195 1696 1323 1730 precibus
1337 1697 1371 1724 de.
1383 1705 1459 1726 more
1473 1706 1545 1727 esset
1559 1702 1705 1736 allocutus,
1729 1712 1792 1739 sag-

1003 1741 1087 1775 gessit
1102 1741 1248 1776 Epistcmaa
1261 1751 1292 1770 ea
1311 1751 1371 1778 qua:
1384 1751 1464 1774 erant
1479 1747 1569 1774 futura
1591 1749 1616 1774 ei
1632 1750 1792 1777 conducibi-

1004 1787 1050 1819 lia,
1066 1787 1163 1815 dicens
1178 1798 1183 1814 :
1200 1789 1240 1816 Tu
1255 1791 1366 1824 quidem
1379 1792 1434 1824 ubi,
1452 1799 1480 1820 et
1495 1794 1693 1829 indigentibus,
1722 1803 1792 1831 quas

1005 1833 1089 1860 habes
1117 1834 1271 1868 facultates,
1290 1836 1426 1865 distribue
1446 1838 1609 1873 liberaliter,
1633 1841 1748 1869 credens
1764 1847 1791 1870 te

1003 1887 1058 1906 non
1073 1887 1119 1907 eas
1136 1888 1308 1913 consumere,
1319 1883 1366 1910 sed
1384 1883 1542 1912 thesaurum
1558 1887 1649 1919 potius
1660 1887 1686 1914 in
1700 1887 1790 1915 locum

1004 1928 1092 1951 tutum
1107 1934 1252 1960 reponere.
1270 1927 1328 1962 Ego
1341 1933 1432 1956 autent
1446 1930 1527 1964 hujus
1543 1931 1581 1958 rei
1603 1940 1646 1959 tne
1661 1933 1709 1959 tibi
1726 1941 1791 1968 pro-

1003 1978 1101 2004 ponam
1115 1973 1264 2007 exemplar,
1276 1979 1303 2001 et
1316 1975 1420 2008 primus
1437 1984 1528 2003 rerum
1542 1985 1667 2005 mearum
1691 1979 1789 2007 faciam

1004 2015 1236 2050 distributionem,
1250 2027 1303 2046 non
1319 2028 1399 2047 avara
1413 2026 1441 2048 et
1459 2030 1539 2056 parca
1561 2031 1654 2056 manu,
1666 2025 1713 2052 sed
1729 2033 1792 2052 mu-

1004 2062 1085 2088 nillce
1097 2066 1124 2089 et.
1139 2063 1247 2091 abunde
1262 2073 1308 2092 eas
1324 2067 1501 2095 exhauriens.
1517 2069 1617 2097 Venics
1631 2076 1721 2097 autem
1737 2077 1791 2099 ιρι-α
1823 2102 1826 2105 _

1005 2109 1042 2134 tio
1058 2107 1112 2140 die,
1131 2114 1158 2136 et
1172 2115 1255 2144 prout
1266 2111 1390 2146 utrisque
1401 2113 1489 2139 visum
1510 2113 1603 2147 fuerit,
1617 2115 1791 2150 dispensabi~

1006 2160 1077 2179 mus.

1039 2200 1086 2227 XI.
1104 2200 1172 2228 Cum
1189 2209 1257 2237 ergo
1279 2211 1339 2237 qua:
1361 2203 1511 2238 habebant,
1531 2205 1747 2241 distribuisscnt.
1763 2215 1791 2238 et

1005 2246 1077 2273 inter
1095 2254 1123 2274 se
1139 2249 1341 2281 convenissent,
1357 2250 1496 2278 Eutolmio
1509 2253 1643 2286 omnium,
1660 2262 1728 2289 quos
1743 2256 1791 2284 ha-

1005 2291 1118 2324 bebant,
1142 2293 1306 2320 I'amnlorum
1330 2295 1592 2324 benevolentissimo
1610 2301 1686 2334 sequi
1700 2301 1789 2334 jusso.

1004 2336 1105 2371 egressi
1123 2341 1187 2364 sunt
1203 2338 1284 2365 vitam
1305 2341 1460 2375 suscepturi
1476 2342 1638 2371 solitariam.
1655 2345 1722 2372 Cum
1742 2355 1791 2374 au-

1006 2386 1060 2408 tem
1086 2383 1269 2410 confecissent
1292 2385 1344 2412 iter
1368 2386 1464 2414 decem
1479 2387 1599 2420 dierum,
1622 2392 1737 2419 veniunt
1756 2393 1790 2420 ad

1004 2433 1136 2459 montem.
1153 2430 1200 2463 qui
1216 2430 1250 2457 ab
1263 2431 1358 2459 incolis
1370 2433 1480 2466 quidem
1495 2436 1648 2469 appellatur
1664 2438 1789 2473 Publius,

1004 2476 1045 2499 est
1061 2478 1152 2501 autem
1167 2482 1252 2509 prope
1268 2482 1388 2504 montem
1409 2478 1482 2506 Sina.
1499 2480 1558 2513 Quo
1572 2481 1598 2508 in
1614 2483 1676 2509 loco
1687 2491 1748 2510 cum
1762 2486 1789 2512 in

1004 2517 1098 2545 decem
1120 2521 1268 2547 monachos
1299 2522 1471 2557 incidissent,
1494 2526 1540 2560 qui
1569 2527 1650 2553 vitam
1676 2537 1790 2557 exerce-

1003 2563 1068 2590 bant
1084 2566 1272 2597 monastieam,
1296 2567 1336 2594 eis
1361 2575 1507 2596 narrarunt
1533 2578 1612 2597 suum
1627 2580 1741 2607 scopum
1761 2580 1790 2602 et

1004 2608 1171 2642 institutum,
1187 2615 1215 2637 et
1228 2617 1366 2646 rogarunt,
1380 2614 1640 2642 utadscriberentur
1654 2618 1787 2646 ineorum

1004 2661 1151 2681 numerum
1170 2664 1176 2681 :
1193 2657 1266 2690 quod
1284 2657 1395 2691 quidem
1416 2658 1445 2684 lit
1463 2666 1517 2684 non
1541 2660 1634 2686 multis
1649 2667 1711 2694 post
1731 2663 1790 2690 die-

1004 2699 1064 2727 bus.
1083 2701 1116 2728 Et
1131 2701 1272 2729 Galaction
1289 2704 1399 2737 quidem
1420 2704 1538 2731 refertur
1555 2706 1581 2732 in
1599 2707 1723 2734 ordinem
1740 2708 1789 2735 ho-

1005 2751 1064 2771 rum
1078 2745 1199 2773 virorum
1213 2755 1221 2773 :
1235 2747 1374 2781 Episteme
1388 2753 1479 2776 autetn
1497 2751 1616 2778 mittitur
1630 2752 1663 2778 ab
1679 2753 1737 2786 ipso
1754 2753 1788 2780 ad

1003 2790 1143 2824 quoddam
1175 2793 1268 2827 procul
1296 2799 1430 2820 remotum
1451 2798 1658 2831 monasterium,
1684 2797 1711 2824 in
1732 2804 1788 2833 qtto

1003 2840 1122 2870 quatuor
1142 2838 1342 2868 exercebantur
1355 2840 1486 2875 virgines.
