2077 3148
181 166 233 198 105

767 166 855 198 VITA
884 166 914 198 S.
936 166 1200 198 GALACTIONIS.

1744 168 1794 202 105

177 223 366 255 Γαλακτιωνα,
396 222 442 249 καὶ
462 221 543 257 ιῐπερ
563 222 702 257 ιγχωροῦν
719 223 774 258 εἴη,
788 225 843 256 τοῖς
872 225 962 256 αὐτοῖς

1018 224 1130 256 tionem,
1146 229 1175 252 et
1189 225 1213 252 si
1226 225 1333 258 liceret,
1348 227 1444 254 eadem
1460 227 1552 255 subite
1566 227 1685 255 vincula.
1702 228 1730 255 Si
1744 236 1794 255 au-

180 269 366 303 ὑποϐληθῆναι
380 268 499 303 δεσμοῖς.
514 268 544 294 El
558 268 587 295 δὲ
599 269 644 295 καὶ
658 269 704 296 τὸν
721 268 778 304 βίον
789 270 844 296 δέοι
857 272 961 297 ἐκεῖνον

179 314 331 346 ἀπολιπεῖν,
344 313 388 339 τὸν
402 313 460 340 ἴσον
476 313 524 340 καὶ
540 313 626 349 αὐτὴν
639 316 700 341 τότε
714 315 829 342 θάνατον
844 316 961 350 ὑποστῆ-

179 367 231 385 ναι.
252 357 328 385 Εἶναι
346 359 398 395 γὰρ
418 360 449 385 ὲκ
464 359 587 391 πλείονος
603 360 694 392 αὐτοῖς
708 362 961 396 συμπεφωνημένον

178 406 267 437 τοῦτο,
285 407 322 441 μὴ
339 407 388 440 τῆς
407 406 454 433 ἀπ’
473 407 597 441 ἀλλήλων
610 407 751 442 διαστῆναι
766 416 829 434 ποτε
849 408 962 442 γνώμης

180 453 228 479 καὶ
242 453 399 484 διαθέσεως.
415 453 507 478 Δεινὸν
521 452 568 479 οὖν
585 453 678 486 ἔλεγεν
700 452 782 485 εἶναι,
800 454 848 480 τοῦ
865 454 960 489 καιροῦ

183 497 345 527 καλοῦντος,
370 499 488 531 φανῆναι
507 498 608 532 ταύτην
627 498 681 524 τῶν
705 499 847 532 συνῢηκῶν
869 500 962 534 ἐπιλή-

182 549 280 575 σμονα.
298 541 330 567 'll
341 541 465 573 διάκονος
478 542 506 568 δὲ
519 541 609 575 λόγοις
623 543 673 577 μὲν
687 544 816 578 ἐπειρᾶτο
831 545 963 579 πρότερον

181 585 232 620 τῆς
257 587 346 621 ὁρμῆς
374 587 492 621 ἁπάγειν
517 587 624 622 αὐτήν·
652 588 690 620 ὡς
718 589 746 615 δὲ
771 589 820 615 οὐκ
842 590 961 622 ἔπειθεν,

181 631 289 666 ἀφῆκεν
305 633 393 658 ποιεῖν
411 633 424 659 ὅ
437 641 463 658 τι
476 633 522 659 καὶ
537 633 668 666 βούλοιτο.

218 677 268 705 1Ε’.
290 677 426 712 Ἀσμένως
443 677 489 705 οὖν
504 680 596 714 ἐκείνη
610 680 658 712 τὰς
676 681 807 712 συνούσας
825 681 859 708 τὰ
873 682 962 708 τελευ-

181 725 245 750 ταῖα
260 724 512 762 προσαγορεύσασα,
529 726 582 752 τῶν
603 726 681 760 ἰχνῶν
704 728 817 754 κατόπιν
838 727 886 754 τοῦ
911 729 963 755 Γα-

172 769 328 800 -λακτίωνος
361 769 461 804 εἴχετο.
498 771 575 797 Ἐπεὶ
607 771 636 797 δὲ
660 772 709 798 καὶ
742 772 890 805 ὲγγίζουσα
918 771 962 809 ἦν,

180 815 267 850 Κύριέ
283 824 345 849 μου,
360 816 435 848 ὲὸόα,
452 816 499 844 καὶ
513 816 562 851 τῆς
579 817 648 851 ἐμῆς
667 817 748 852 ὀδηγὲ
764 819 909 854 σωτηρίας,
926 820 964 855 μὴ

179 861 337 896 παραιτήσῃ
356 869 389 895 με
407 860 456 896 τὴν
477 862 536 896 σὴν,
559 862 625 896 μηδὲ
649 860 686 889 ὧν
710 864 880 899 συνεθέμεθα
897 866 963 900 πρὸς

1014 272 1068 308 tem
1086 269 1168 296 vitam
1184 277 1293 305 quoque
1311 270 1386 298 illum
1402 277 1542 306 oporteret
1566 273 1734 308 relinquere,
1751 273 1793 307 lp-

1013 304 1070 340 sam
1083 322 1193 349 quoque
1211 316 1333 342 eamdem
1346 320 1461 342 mortem
1469 323 1528 344 esse
1542 317 1706 344 subituram.
1721 317 1795 344 Inter

1013 363 1161 393 utrumque
1176 360 1249 386 enim
1259 360 1423 395 jampridem
1438 361 1609 393 convenisse,
1623 369 1657 388 nc
1673 370 1791 396 unquam

1014 402 1239 438 disjungerentur
1272 404 1308 431 ab
1334 404 1429 432 eadem
1467 409 1556 432 mente
1585 410 1614 431 et
1637 405 1793 433 aﬂ'ectione.

1014 448 1103 475 Grave
1119 456 1184 484 ergo
1210 454 1239 476 et
1254 449 1396 484 indignant
1422 457 1483 477 esse
1499 449 1620 481 dicebat,
1633 450 1655 477 si
1672 454 1795 485 tempore

1014 499 1129 521 vocante
1142 502 1176 522 ea
1191 495 1332 522 videremur
1342 503 1403 523 esse
1420 496 1504 522 oblita
1519 499 1660 530 pactorum
1675 503 1795 523 convrn-

1015 545 1116 567 torum.
1143 540 1265 568 Ministra
1292 546 1383 568 autem
1411 542 1503 569 verbis
1528 541 1639 577 quidem
1675 542 1794 576 primum

1013 587 1165 613 conabatur
1176 595 1236 614 eaut
1260 587 1397 615 abducere
1423 588 1458 615 ab
1474 588 1603 622 incepto;
1622 595 1684 615 cum
1703 591 1795 614 autem

1014 639 1068 658 non
1085 634 1275 666 persuaderet,
1294 634 1359 661 sinit
1375 642 1435 661 eam
1452 635 1542 662 facere
1559 634 1632 669 quod
1648 633 1741 662 vellet.

1050 678 1106 705 XV.
1121 679 1167 705 Illa
1185 687 1250 713 ergo
1272 688 1334 706 cum
1351 688 1397 707 eas
1413 688 1473 715 qua!
1490 688 1552 708 cum
1567 680 1625 715 ipsa
1636 683 1726 711 erant,
1748 686 1796 714 po-

1013 728 1118 751 stremo
1132 730 1205 752 esset
1220 726 1350 757 allocuta,
1368 726 1467 753 institit
1481 726 1603 760 vestigiis
1618 725 1795 752 Galactionis.

1014 770 1081 797 Cum
1104 775 1195 797 autent
1215 778 1298 805 prope
1320 777 1405 803 esset,
1440 771 1553 798 Domine
1578 771 1625 801 mi.
1649 770 1796 802 clamabat,

1013 819 1039 842 et
1056 815 1112 842 dux
1125 823 1191 843 mea:
1204 815 1310 848 salutis,
1332 824 1366 844 ne
1379 824 1422 843 me
1437 824 1498 851 qua:
1521 821 1567 842 tua
1588 824 1649 843 sum
1676 823 1796 847 recuses,

1015 868 1066 888 nec
1092 862 1266 889 obliviscaris
1290 869 1389 889 eorum
1412 870 1473 897 qua:
1500 862 1572 889 inter
1587 869 1637 889 nos
1660 869 1797 889 convene-

177 905 311 939 ἀλλήλους
331 907 541 942 ἀμνημονήσῃς.
562 904 612 934 Ὧν
629 909 654 935 οἱ
670 908 739 940 ὀξεῖς
755 910 890 944 ὑπηρέται
913 912 962 946 τῆς

1015 911 1088 932 runt.
1108 908 1173 938 Qua:
1187 914 1250 934 cum
1265 907 1433 935 audivissent
1443 915 1522 934 acres
1538 907 1654 934 ministri
1670 907 1797 942 impieta-

179 951 307 982 ἀσεῦείας
320 951 497 984 ἀκούσαντες,
510 955 541 980 ὲκ
555 953 640 989 μέσης
653 955 819 990 ἀνέστρεφον
829 958 877 991 τῆς
891 958 962 989 ὀδοῦ,

178 999 224 1025 καὶ
239 1000 435 1034 κατασχόντες,
446 1000 558 1035 δεσμοῖς
572 1002 659 1036 αὐτὴν
672 1003 892 1036 περιῦάλλουσιν,
908 1005 964 1031 οὐδ’

178 1045 267 1072 ὁτιοῦν
281 1046 415 1078 εἰπόντες,
432 1046 501 1072 ἀλλὰ
522 1047 569 1073 καὶ
585 1048 653 1082 πρὸς
671 1049 756 1082 αὐτὴν
771 1049 964 1084 ὑπερηφανέο-

180 1090 291 1125 σάμενοι
304 1091 354 1126 τὴν
370 1092 514 1126 ἐρώτησιν.
542 1092 571 1118 Ὀ
593 1094 621 1118 δὲ
656 1094 813 1120 Γαλακτιων
841 1095 901 1122 οὐδὲ
917 1096 963 1122 οῦ-

178 1144 233 1166 τως
250 1136 320 1170 ἔχων
332 1137 463 1171 ἀπείχετο
480 1138 682 1171 παραινέσεων,
702 1139 770 1165 ἀλλὰ
783 1140 830 1165 καὶ
847 1141 964 1174 βαδίζω-ι

178 1182 225 1206 καὶ
238 1180 325 1215 δεσμὰ
341 1181 531 1215 περικείμενος
542 1182 675 1208 ἐνουθέτει
689 1183 723 1209 τὰ
741 1185 844 1216 δέοντα,
858 1185 902 1219 Μή
922 1194 963 1217 σε,

179 1225 276 1258 λέγων,
293 1222 315 1251 ὦ
345 1225 439 1258 γύναι,
467 1226 562 1260 ἀπάτῃ
587 1226 756 1260 περιέλθοιεν
780 1228 805 1253 οι
828 1228 930 1262 ἐχθροὶ,
946 1229 962 1261 ἢ

177 1270 253 1296 δεινὰ
276 1271 344 1304 πρὶς
370 1270 453 1304 φόϐον
470 1271 629 1304 ὲτιόιγοντες,
659 1271 675 1306 ἢ
701 1273 756 1302 τοῖς
775 1272 892 1307 ἡδίστοις
916 1273 962 1299 τοῦ

178 1315 281 1349 κόσμου
300 1314 525 1350 παρακαλοῦντες
540 1316 607 1350 πρὸς
619 1315 668 1350 τὴν
681 1316 820 1344 ἀσέϐειαν.
839 1318 882 1344 Ἐν
897 1316 917 1351 ᾧ
934 1319 962 1344 δὲ

176 1359 262 1386 ταῦτα
281 1360 414 1393 ἐλέγοντο,
434 1358 485 1395 ἧκέ
505 1369 547 1391 τις
569 1361 796 1395 ἐσπουδασμένως
818 1363 864 1389 καὶ
881 1364 963 1391 πολὺν

177 1404 216 1438 τῷ
240 1404 380 1439 προσώπῳ
411 1405 598 1438 διασημαίνων
629 1405 673 1431 τδν
700 1405 825 1439 θόρυϐον,
855 1409 894 1438 εις
914 1409 963 1441 τὴν

177 1450 273 1485 αὓριον
288 1451 374 1484 λέγων
387 1452 435 1484 τὴν
448 1452 512 1485 περὶ
527 1451 580 1478 τῶν
599 1451 685 1485 ἁγίων
706 1453 885 1487 ταμιευοῆναι
906 1454 963 1486 ἐξέ-

177 1505 268 1528 τασιν,
289 1497 360 1522 οὕτω
378 1497 416 1532 τῷ
433 1497 542 1531 ἄρχοντι
563 1497 652 1529 δόξαν.
669 1497 774 1524 Ἕωοεν
795 1497 841 1525 οὖν
860 1501 873 1526 ό
888 1500 964 1526 δικά-

177 1541 231 1573 ζων
260 1542 306 1567 ἐπὶ
333 1543 377 1568 τὸν
401 1543 483 1568 τόπον
506 1543 571 1570 ἔνθα
605 1543 667 1574 τοὺς
697 1543 874 1578 κρινομένους
902 1546 962 1576 ἔθος
978 1561 999 1589 C

177 1587 294 1622 ἀχθῆναι
316 1588 413 1619 αὐτοὺς
435 1590 613 1622 προσέταττε.

213 1634 271 1666 ις’.
292 1634 346 1660 Καὶ
365 1635 466 1670 σπουδῇ
490 1636 575 1670 πολλῇ
596 1636 806 1670 παραστάντων,
832 1639 845 1664 ὁ
873 1638 964 1673 ἄρχων

176 1681 269 1712 εἰθζις,
293 1681 324 1706 οὐ
346 1681 440 1715 τύχην,
463 1681 493 1706 οὐ
517 1681 566 1715 τὴν
590 1682 768 1716 ἑνεγκοῦσαν,
788 1684 839 1710 οὐκ
858 1684 922 1710 ἄλλο
938 1693 964 1711 τι

176 1725 230 1751 τῶν
256 1725 382 1760 συνήθων
411 1726 509 1756 αὐτοὺς
534 1726 677 1760 ἐπηρώτα,
695 1728 755 1754 οὐδὲ
777 1729 844 1763 πρὸς
868 1729 964 1762 λόγους

176 1772 275 1806 ἐχώρει
298 1772 326 1798 τὸ
344 1772 448 1798 πείθειν
463 1772 584 1807 ἔχοντας,
603 1773 670 1799 ἀλλὰ
686 1773 769 1808 δριμὺ
786 1777 832 1801 καὶ
848 1775 963 1811 ἀπειλη-

174 1819 251 1844 τικὸν
267 1817 405 1852 tumea;
422 1817 600 1850 Γαλακτίωνι,
619 1819 669 1850 Τίς
683 1816 761 1851 οὗτος
782 1821 829 1846 ἐπὶ
856 1823 964 1858 συννοίᾳ

176 1863 224 1889 καὶ
237 1862 458 1898 σκυθρωπότητι,
475 1862 514 1897 τῷ
530 1863 652 1898 περιόντι
664 1865 712 1890 τοῦ
724 1865 812 1899 Θυμοῦ
824 1867 964 1901 ἀπεφθέγ-

175 1916 250 1942 γετο,
275 1909 326 1941 καὶΔ
348 1909 401 1935 τίνι
428 1909 500 1942 ἄλλῳ
523 1910 553 1935 τὸ
570 1910 651 1942 σέὸας
667 1912 810 1943 ἀποδιδοὺς
836 1914 964 1948 ἀτιμάζει

175 1955 274 1988 θεούς,
296 1956 324 1981 '0
352 1955 510 1981 Γαλακτὶων
531 1956 579 1988 δὲ,
602 1957 684 1991 μηδὲν
708 1958 875 1992 ὑποπτήξας,
893 1960 962 1993 μήτε

174 2002 224 2036 -ιῆς
238 2002 370 2037 συνήθους
380 2002 539 2036 μεταϐαλὼν
550 2003 755 2035 καταστάσεως,
765 2003 818 2029 Τὸν
833 2004 882 2037 μὲν
894 2006 961 2037 βίον,

175 2045 246 2077 εἷπε,
259 2048 386 2082 μοναχὸς,
399 2048 452 2073 ἀπὸ
466 2048 583 2081 Χριστοῦ
596 2048 664 2073 δὲτὸ
676 2048 816 2074 καλεῖσθαι
832 2048 962 2083 Χριστια-

175 2093 219 2122 νὸς
236 2092 300 2126 ἔχω,
318 2089 340 2124 ᾧ
355 2093 400 2118 καὶ
425 2092 454 2118 τὸ
473 2092 554 2122 σέὃας
573 2092 712 2126 εὐφρονῶν
731 2093 892 2127 ἀποδίδωμι.
918 2094 962 2124 Ὧς

175 2137 204 2162 δὲ
218 2137 264 2162 καὶ
282 2136 365 2167 πολὺς
380 2135 414 2171 ἦν
430 2138 444 2162 ὁ
458 2137 534 2169 ἇγιος
551 2136 658 2170 βάλλων
671 2138 751 2163 αὑτὸν
766 2140 822 2170 τοῖς
836 2139 958 2172 ὀνείδεσι,

177 2181 270 2206 καὶτὰ
287 2181 341 2206 τῶν
361 2181 430 2206 Θεῶν
444 2181 526 2207 αὑτοῦ
539 2181 690 2216 κωμῳδῶν,
712 2184 759 2209 καὶ
773 2184 870 2219 ἐπίσης
882 2186 962 2218 ἀνοή-

174 2235 236 2257 τους
260 2227 406 2253 ἀποκαλῶν
428 2228 490 2258 τοὺς
507 2227 541 2253 τὰ
561 2227 652 2262 ἄψυχα
679 2230 758 2254 ταυτὶ
785 2230 958 2264 σεϐομένους,

173 2275 222 2304 τὰς
244 2275 337 2307 χεῖρας
362 2272 450 2298 ὀπίσω
478 2272 588 2298 δεθέντα
615 2273 771 2308 βουνεύροις
786 2274 932 2300 ἐπέταττεν
947 2277 961 2302 ὀ

176 2320 328 2353 κατάρατος
352 2318 473 2351 ἀνηλεῶς
490 2318 571 2344 αὑτὸν
586 2318 747 2346 τύπτεσθαι.
769 2320 961 2355 Μαστιγουμέ-

174 2373 219 2391 νου
233 2366 260 2391 δὲ
276 2366 383 2397 τούτου,
403 2365 419 2399 ὴ
440 2365 594 2400 Ἐπιστήμη
616 2365 763 2400 βλέπουσα,
776 2368 820 2392 χαὶ
835 2367 961 2402 ἀρρήτως

174 2411 224 2444 τὴν
246 2410 334 2445 ψυχὴν
349 2410 505 2444 πάσχουσα,
524 2410 576 2435 Φεῡ
602 2410 650 2444 τῆς
672 2410 820 2446 ἀκορέστου
843 2411 911 2446 πρὸς
932 2411 962 2438 τὸ

175 2455 309 2487 κολάζειν,
329 2455 393 2489 ἔφη,
415 2455 525 2490 ψυχῆςι
544 2456 602 2482 Ἵνα
619 2455 645 2481 τι
665 2456 793 2488 τοιαύτας
811 2457 962 2483 ὲνετείνατσ

178 2501 313 2536 μάστιγας
344 2503 449 2536 νεαροῖς
468 2502 540 2528 οὕτω
562 2502 727 2536 μέλεσιζκαὶ
749 2502 857 2534 πολλοῖς
874 2504 961 2538 ἀσκή-

177 2556 246 2579 σεως
260 2549 351 2578 πόνοις
375 2549 549 2581 τετηγμένοις
566 2556 573 2581 ;
599 2548 660 2579 Πῶς
678 2547 706 2574 δὲ
727 2549 804 2582 καὶὴ
826 2549 886 2583 χεὶρ
908 2549 961 2574 τῶν

177 2594 409 2628 ὑπηρετουμένων
428 2594 488 2624 ταῖς
502 2593 628 2628 μάστιξιν
643 2594 694 2620 οὐκ
715 2595 851 2628 ὲνάρκησι
868 2603 874 2626 ;
895 2595 962 2621 Τού-

175 2647 231 2671 τοις
245 2641 259 2666 ό
274 2638 368 2674 ἄρχων
387 2638 436 2664 ἐπὶ
453 2639 554 2672 μᾶλλον
578 2641 617 2670 εἰς
639 2640 724 2675 ὀργὴν
747 2639 884 2674 ἑξαφθεὶς,
905 2640 960 2675 Τὴν

175 2684 273 2718 ἀναιδῆ
289 2684 404 2719 ταύτην,
421 2685 483 2718 ἔφη,
509 2684 556 2711 καὶ
576 2685 710 2719 προπετῆ,
731 2686 785 2712 τῶν
800 2685 961 2720 περικειμέ-

175 2740 228 2758 νων
261 2732 359 2766 μέχρις
387 2730 483 2766 ὀθόνης
512 2730 726 2764 γυμνώσαντες,
758 2731 874 2766 ἰσχυρῶς
900 2732 960 2762 ταῖς

175 2777 287 2811 μάστιξι
308 2776 485 2812 τιμωρεῖσθε,
504 2775 547 2802 ἵνα
564 2776 782 2811 πεφυλαγμένως
795 2777 960 2811 φθέγγεσθαι

176 2824 267 2857 μάθοι,
291 2825 338 2850 καὶ
363 2824 400 2858 μὴ
427 2823 495 2857 πρὸς
520 2823 551 2848 τὸ
581 2823 712 2856 ὑπερέχον
734 2822 819 2854 οὕτως
836 2823 959 2850 ἀπαυθα-

172 2869 323 2901 διάζεσθαι.

337 2915 473 2945 ΡΔτιιοι.
491 2916 548 2946 Gtt.
567 2916 672 2946 CXVI.

1016 951 1062 982 tis,
1079 959 1094 978 e
1111 953 1200 979 media
1218 953 1260 979 via
1285 957 1349 980 sunt
1377 953 1490 985 reversi,
1515 958 1545 981 et
1568 953 1796 987 comprehensam

1016 996 1111 1023 iisdem
1128 998 1299 1024 circutudant
1319 999 1445 1029 vinculis,
1460 1007 1521 1025 eum
1544 999 1612 1025 nihil
1625 998 1699 1025 aliud
1713 998 1798 1026 dixis-

1015 1047 1088 1073 sent,
1111 1042 1159 1068 sed
1176 1042 1253 1069 valde
1274 1043 1355 1070 laetati
1373 1048 1465 1070 essent
1484 1043 1518 1070 ad
1536 1043 1621 1077 ipsam
1647 1044 1797 1077 interroga-

1015 1086 1129 1113 tionem.
1140 1087 1284 1115 Galaction
1298 1096 1364 1114 vero
1375 1096 1409 1115 ne
1419 1089 1458 1115 sit:
1470 1088 1581 1122 quidem
1594 1087 1716 1120 allectus,
1731 1096 1744 1114 a
1755 1088 1798 1115 di—

1015 1131 1087 1158 vinis
1117 1131 1272 1159 abstinebat
1299 1133 1531 1160 admonitionibus
1552 1142 1560 1159 :
1584 1134 1631 1160 sed
1657 1138 1685 1160 et
1711 1136 1797 1167 ingre-

1015 1177 1103 1209 diens,
1125 1182 1151 1204 et
1165 1178 1353 1205 circumdatus
1374 1178 1500 1211 vinculis,
1513 1187 1545 1205 ea
1559 1179 1651 1211 dabat,
1668 1187 1727 1213 quae
1750 1186 1798 1213 par

1015 1228 1086 1254 erat,
1104 1223 1220 1255 monita,
1250 1223 1288 1250 Ne
1313 1228 1348 1255 te,
1371 1223 1478 1255 dicens,
1494 1232 1510 1251 o
1532 1232 1610 1256 uxor,
1634 1224 1729 1251 fraude
1743 1224 1798 1250 cir-

1015 1269 1191 1296 cumveniant
1207 1269 1322 1300 inimici,
1339 1273 1387 1295 aut
1401 1269 1494 1303 gravia
1510 1269 1543 1295 ad
1559 1273 1692 1296 terrorem
1708 1269 1799 1296 inteno

1016 1318 1113 1344 tantes,
1133 1319 1178 1340 aut
1196 1315 1228 1340 iis
1241 1322 1301 1348 quae
1317 1319 1382 1341 sunt.
1400 1314 1495 1340 tuundi
1518 1314 1674 1343 incitantes.
1690 1314 1723 1341 ad
1747 1315 1796 1341 im-

1015 1361 1156 1392 pietatem.
1173 1359 1284 1386 lnterim
1296 1363 1386 1385 autem
1399 1359 1465 1386 dum
1485 1359 1542 1386 hzec
1558 1359 1727 1390 dicerentur,
1747 1367 1796 1386 ve-

1016 1406 1056 1432 nit
1075 1405 1186 1440 quidatu
1199 1405 1371 1437 festinanter,
1384 1409 1412 1432 et
1423 1405 1499 1432 vultu
1510 1413 1636 1440 magnum
1650 1406 1795 1432 tumultum

1014 1451 1191 1486 signiﬁcans.
1217 1451 1244 1478 in
1272 1452 1422 1478 crastinum
1447 1452 1520 1479 diem
1549 1459 1609 1479 esse
1629 1456 1797 1479 reservatam

1015 1502 1172 1524 sanctorum
1185 1498 1425 1530 examinationem,
1443 1506 1504 1525 cum
1519 1498 1556 1525 ita
1573 1498 1609 1525 sit
1623 1498 1711 1525 visum
1726 1506 1798 1532 prae-

1016 1543 1078 1570 sidi.
1097 1543 1174 1570 Mane
1189 1551 1254 1578 ergo
1277 1544 1358 1578 iudex
1372 1545 1449 1579 jubet
1471 1552 1518 1571 eos
1533 1544 1630 1571 adduci
1647 1545 1673 1570 in
1694 1544 1797 1574 locum.

1019 1589 1046 1615 in
1061 1596 1141 1622 quem
1161 1596 1220 1616 mos
1233 1595 1274 1616 est
1290 1589 1389 1616 adduci
1407 1598 1468 1617 reos
1481 1590 1655 1625 judicandns.

1051 1634 1120 1661 XVI.
1133 1634 1202 1662 Cum
1217 1640 1308 1662 autem
1335 1644 1432 1671 magno
1448 1636 1538 1663 studio
1553 1635 1676 1670 producti
1693 1641 1796 1666 essent.

1016 1688 1117 1715 praeses
1133 1681 1225 1708 statim
1239 1690 1293 1708 non
1307 1682 1339 1709 de
1352 1683 1469 1714 fortuna,
1486 1690 1540 1708 non
1553 1682 1586 1709 de
1600 1689 1632 1708 ca
1644 1689 1705 1716 qua:
1719 1683 1794 1716 ipsos

1017 1726 1078 1752 tulit
1092 1727 1189 1760 patria,
1205 1735 1260 1754 non
1275 1727 1308 1754 de
1322 1728 1413 1761 aliquo
1426 1728 1520 1754 alioex
1530 1727 1631 1762 iisque
1643 1735 1796 1755 consueve-

1016 1777 1098 1804 runt,
1117 1773 1178 1800 illos
1194 1774 1340 1807 interrogat
1352 1781 1439 1808 neque
1454 1774 1568 1800 accessit
1582 1774 1615 1800 ad
1634 1774 1727 1805 verba,
1738 1782 1796 1808 quae

1016 1823 1129 1852 possunt
1143 1819 1317 1852 persuadere.
1333 1819 1380 1846 sed
1396 1824 1471 1846 torve
1490 1825 1517 1846 et
1527 1819 1668 1846 minaciter
1684 1820 1794 1846 intuens

1015 1863 1202 1891 Galactionem
1218 1873 1224 1890 :
1243 1865 1310 1897 Quis
1334 1864 1378 1892 hic
1397 1871 1439 1891 est
1453 1864 1538 1892 tristis
1549 1869 1577 1892 et
1595 1865 1796 1900 cogitabundus

1015 1909 1110 1943 (nimia
1129 1909 1168 1936 ira
1182 1909 1251 1936 dixit
1268 1910 1418 1946 incitatus),
1433 1916 1462 1937 et
1481 1911 1593 1937 cuinam
1610 1911 1655 1938 alii
1672 1911 1796 1938 divinum

1015 1955 1119 1981 cultum
1149 1955 1285 1987 tribuens,
1311 1956 1378 1984 deos
1395 1957 1685 1991 ttegligil?Galaction
1705 1962 1795 1984 autem

1015 2000 1082 2026 nihil
1102 2002 1265 2033 formidans,
1284 2009 1372 2036 neque
1388 2002 1422 2029 de
1434 2003 1512 2029 solita
1527 2003 1675 2037 quidquam
1688 2007 1797 2030 mutans

1013 2046 1180 2078 constantia,
1214 2047 1273 2073 Vita
1287 2048 1408 2082 quidem,
1430 2048 1528 2083 inquit,
1550 2056 1610 2075 sum
1633 2048 1794 2080 monachus,

1013 2099 1028 2118 a
1043 2091 1153 2119 Christo
1173 2097 1265 2119 autem
1289 2093 1386 2126 habeo,
1409 2095 1482 2128 quod
1502 2101 1585 2120 vocor
1601 2094 1794 2121 Christianus:

1014 2138 1058 2164 cui
1085 2138 1180 2170 etiam,
1207 2138 1296 2172 utqui
1321 2144 1395 2166 recte
1417 2139 1543 2170 sentiant,
1567 2138 1658 2165 tribuo
1679 2138 1794 2165 cultum.

1013 2183 1080 2210 Cum
1097 2191 1160 2210 vero
1182 2189 1293 2211 sanctus
1314 2192 1376 2211 eum
1400 2183 1493 2210 multis
1513 2183 1621 2218 probris
1644 2183 1796 2211 insectare-

976 2221 1001 2251 Ῐ)
1015 2233 1068 2259 tur.
1085 2233 1113 2255 et
1123 2230 1190 2256 deos
1201 2230 1260 2264 ejus
1271 2230 1466 2258 ludiﬁcaretur.
1481 2233 1508 2256 et
1524 2236 1601 2263 atque
1613 2234 1734 2256 amentes
1746 2237 1794 2255 vo-

1013 2279 1089 2300 caret
1105 2282 1153 2301 eos
1169 2283 1215 2309 qui
1236 2275 1331 2302 colunt
1352 2275 1409 2301 ιιωο
1429 2274 1559 2305 inanima.
1581 2282 1650 2308 pone
1671 2275 1793 2301 vinctum

1012 2319 1140 2346 manibus
1151 2320 1231 2354 jussit
1242 2320 1424 2347 exsecrandus
1437 2328 1500 2346 eum
1515 2319 1655 2346 verberari
1672 2320 1795 2347 immise-

1014 2365 1171 2391 ricordtter.
1183 2365 1251 2392 Cum
1271 2366 1294 2392 is
1313 2370 1404 2392 autem
1418 2364 1508 2399 flagris
1530 2365 1692 2398 caederetur,
1704 2365 1795 2399 adspi-

1013 2410 1088 2436 ciens
1104 2410 1252 2443 Episteme,
1268 2415 1297 2437 et
1317 2410 1470 2437 mirandum
1488 2410 1516 2437 in
1532 2410 1643 2437 modum
1669 2419 1740 2445 a'gre.
1755 2410 1795 2437 l'e-

1012 2463 1075 2482 rens
1092 2464 1098 2482 :
1113 2455 1145 2487 0,
1162 2455 1260 2490 inquit,
1284 2455 1465 2483 insatiabilem
1487 2456 1609 2483 animum
1629 2455 1662 2483 ad
1679 2456 1795 2490 punien-

1013 2499 1078 2526 dum
1100 2509 1106 2527 :
1126 2508 1177 2527 cur
1197 2501 1264 2528 tales
1288 2501 1379 2536 plagas
1403 2501 1558 2529 intentastis
1581 2501 1722 2530 membris.
1741 2506 1794 2528 tam

1011 2545 1192 2580 juvenilibus,
1208 2551 1235 2572 et
1257 2548 1430 2581 consumptis
1445 2547 1539 2574 multis
1564 2546 1706 2573 laboribus
1720 2552 1796 2573 exer-

1010 2591 1170 2618 citationis?
1181 2592 1323 2625 Quomodo
1334 2597 1425 2619 autem
1441 2599 1537 2619 manus
1551 2592 1738 2618 ministrorum
1754 2595 1794 2619 tot

1011 2636 1094 2663 illatis
1112 2637 1199 2672 plagis
1219 2644 1274 2664 non
1293 2637 1454 2672 obtorpuit?
1472 2637 1520 2663 llis
1539 2644 1640 2670 pneses
1666 2636 1701 2664 ad
1724 2637 1792 2664 iram

1011 2683 1097 2718 magis
1109 2691 1242 2711 accensus
1256 2692 1262 2710 :
1275 2682 1350 2711 Hanc
1363 2682 1549 2718 impudentem
1563 2688 1590 2710 et
1607 2683 1792 2715 temerariam,

1011 2729 1110 2763 inquit,
1128 2729 1258 2756 feminam
1280 2729 1314 2756 ad
1329 2729 1428 2756 lineam
1445 2735 1532 2763 usque
1547 2729 1666 2756 tunicam
1693 2729 1794 2757 nudato

1010 2776 1143 2806 vestibus,
1156 2780 1184 2802 et
1195 2775 1286 2810 ﬂagris
1300 2775 1380 2802 valde
1393 2774 1500 2805 czedite.
1514 2778 1544 2802 ut
1558 2780 1637 2802 caute
1651 2775 1738 2803 discat
1754 2776 1789 2802 lo«

1011 2821 1070 2855 qui,
1084 2825 1111 2847 et
1127 2829 1179 2847 non
1197 2829 1226 2848 se
1241 2826 1294 2848 tam
1307 2825 1467 2855 arroganter
1478 2827 1554 2855 gerat
1566 2820 1698 2848 adversus
1712 2828 1794 2856 supe-

1012 2875 1108 2895 nores.

1520 2912 1539 2945 4
