2077 3148
176 191 222 223 Ῑὲι
747 191 980 221 MARTYRIUM

1000 190 1031 221 S.
1051 191 1222 223 ORESTIS.
1737 199 1788 230 122

174 248 310 283 προσῆλθε
337 247 374 282 τῷ
399 248 504 283 β;σιλιῐ
522 248 627 281 λέγων’
643 247 772 274 Θειότατι
795 247 952 282 κοσμοκρά-

1008 253 1044 276 est
1063 258 1070 277 :
1086 250 1180 278 Divine
1196 251 1355 286 imperator.
1369 253 1424 280 dux
1444 257 1601 282 nostrorum
1615 255 1740 287 deorum.
1752 263 1788 289 ἐι

175 303 233 330 τιιρ,
250 293 330 328 ὁδηγὶ
355 294 404 328 τῆς
431 293 611 328 φανερώσεως
635 294 689 320 τῶν
720 293 789 320 θεῶν
814 293 861 320 καὶ
889 293 953 326 σοφὲ

175 339 338 374 μυσταγωγὶ
366 338 421 365 τῶν
442 338 521 365 θείων
546 339 635 366 αὐτῶν
661 340 830 374 μυστηρίων,
857 339 954 373 δέομαι

173 385 223 418 τῆς
246 387 295 419 σῆς
317 385 454 419 θειότητος
470 385 518 411 καὶ
531 385 748 419 φιλανθρωπίας,
763 385 891 411 κέλευσόν
909 393 954 419 μοι

173 430 286 457 διελθεῖν
301 431 335 457 τὰ
355 431 426 465 μέρη
449 431 498 465 τῆς
524 431 652 462 Κιλικίας
670 432 716 456 καὶ
732 430 930 457 Καππαδοκίας
945 450 952 463 ,

174 476 242 510 πρὸς
272 475 303 502 τὸ
331 475 462 502 ἀπολέσαι
490 476 520 502 τὸ
541 476 620 510 γένος
636 476 690 501 τῶν
706 476 888 511 Χριστιανῶν,
909 475 955 508 οὓς

175 521 374 555 συλλαϐόμενος
394 521 459 554 ἐγὼ,
477 521 589 553 πολλαῖς
604 530 633 548 τε
653 523 699 548 καὶ
714 521 851 552 ποικῐλαις
868 531 954 555 τιμω-

176 567 248 599 ρίαις
273 567 426 598 ὑποϐαλὼν,
454 569 521 601 πυρὶ
547 567 749 599 καταναλώσω,
773 569 819 593 καὶ
840 569 869 594 ὲν
899 569 955 597 τοῖς

175 612 253 639 ὕδασι
278 612 349 648 ῥίψω
377 613 485 644 αὐτούς.
562 613 590 639 δὲ
618 613 810 647 Διοκλητιανὺς
835 613 954 644 ἀκούσας

174 656 271 686 ταῦτα.
285 655 362 683 εἶπεν
375 657 449 692 αὑτῷ
460 665 466 671 ·
488 658 552 692 Ἔχε
571 657 695 690 ἐξουσίαν
711 658 740 683 ἐν
767 658 841 692 πάσῃ
855 659 888 692 τῇ
905 657 954 691 βα-

175 703 262 738 σιλείᾳ
279 712 330 738 μου
341 703 410 737 προς
426 703 588 738 καθαίρεσιν
604 703 652 738 τῆς
668 703 784 734 ἀσεϐοῦς
804 703 954 737 θρησκείας

173 748 228 774 τῶν
254 748 436 782 Χριστιανῶν,
465 749 538 779 ὅπως
567 749 704 784 φανεροὺς
740 749 856 783 ποιήσῃς
892 749 955 779 τοὺς

173 795 305 825 δεσπότας
325 793 415 826 θεοὺς,
445 794 508 825 τοὺς
537 794 628 829 πάσης
653 794 702 828 τῆς
726 794 892 828 οἰκουμένης
908 794 954 819 εὑ-

173 839 298 874 ιργέτας.

209 884 245 910 Β’.
262 883 359 910 Λαϐὼν
373 884 400 910 δὲ
416 885 430 911 ὁ
449 885 576 920 Μάξιμος
591 885 621 911 τὸ
637 885 802 919 πρόσταγμα
815 884 890 919 παρὰ
902 884 950 911 τοῦ

173 933 308 968 βασιλέως
336 932 433 968 ἐξῆλθε
466 933 535 967 μετὰ
558 932 658 966 πολλῆς
684 931 845 966 φαντασίας,
861 931 954 965 ὥσπερ

172 980 240 1006 lit-tv
258 979 339 1014 βορὰν
360 978 459 1013 εὑρών.
476 978 531 1004 Καὶ
552 978 669 1012 ποιήσας
696 976 785 1010 ἑαυτῷ
813 975 956 1010 σπλάγχνα

172 1024 285 1058 ἁνηλεῆ.
303 1024 432 1058 ὥρμησεν
456 1024 502 1049 ὲπὶ
524 1025 588 1054 τους
607 1024 685 1057 ὅρους
709 1021 908 1051 Καππαδοκίας
927 1022 956 1046 ἐν

174 1069 252 1095 πόλει
277 1069 435 1104 καλουμένῃ
460 1068 563 1102 Τυάνῃ.
592 1068 646 1093 Καὶ
677 1065 806 1093 εἰσελθὼν
833 1067 862 1092 ὲν
887 1066 954 1100 αὐτῇ

175 1115 307 1149 μηνύεται
327 1114 400 1147 αι)τῷ
421 1114 473 1139 ὑπὸ
498 1113 551 1138 τῶν
569 1112 684 1138 πολιτῶν
714 1113 754 1138 ὅτι
783 1111 873 1146 ἰατρός
899 1119 951 1143 τις,

175 1161 288 1195 ὀνόματι
306 1161 448 1194 Ὀρέστης,
469 1158 630 1193 καθημέραν
645 1157 786 1184 ἀναπείθει
803 1159 892 1184 πᾶσαν
906 1158 955 1191 τὴν

175 1205 254 1232 πόλιν
274 1205 400 1231 σέϐεσθαι
416 1205 461 1230 καὶ
475 1204 614 1230 πιστεύειν
626 1204 664 1234 είς
679 1203 726 1228 ἕνα
741 1203 842 1237 Κύριον
851 1202 954 1236 Ἰησοῦν

176 1251 305 1286 Χριστόν.
323 1250 456 1280 ’Λκούσσς
483 1249 510 1275 δὲ
529 1248 616 1274 ταῦτα
630 1249 644 1274 ό
660 1247 795 1282 Μάξιμος,
812 1247 956 1273 ἐκέλευσεν

174 1294 256 1320 αὑτὸν
286 1294 333 1320 ἐπὶ
363 1293 410 1318 τοῦ
438 1293 562 1327 βήματος
588 1292 772 1326 παραστῆναι,
806 1292 852 1317 καὶ
880 1291 955 1324 λέγει

173 1339 248 1374 αὑτῷ
262 1347 269 1353 ”
298 1338 382 1370 Ποίας
410 1338 535 1370 ἐξουσίας
549 1338 713 1372 τυγχάνεις;
731 1337 760 1363 οὐ
777 1337 832 1371 γὰρ
850 1337 956 1371 μικρῶς

172 1384 322 1420 κινούμεθα
344 1385 415 1411 κατὰ
432 1383 491 1412 σοῦ.
518 1383 592 1409 Μετὰ
610 1384 699 1417 πάσης
724 1381 770 1408 οὖν
798 1381 956 1417 παρρησίας

172 1432 220 1458 καὶ
235 1432 266 1457 τὸ
278 1430 363 1465 δνομά
376 1437 422 1456 σου
435 1430 539 1464 φράσον
551 1429 616 1463 ἡμῖν
630 1429 676 1454 καὶ
692 1428 722 1454 τὸ
738 1427 826 1461 γένος.
835 1428 864 1452 '0
878 1427 954 1460 ἇγιος

178 1477 308 1511 Ὀρέστης
323 1476 401 1502 εἶπεν
412 1483 418 1491 ·
450 1475 482 1501 Ἠ
499 1474 640 1509 παρρησία
658 1482 709 1508 μου
724 1475 737 1500 ὁ
751 1472 867 1508 Χριστός
882 1473 953 1503 ἐστι,

171 1522 205 1548 δι’
218 1522 248 1548 ὃν
263 1522 312 1548 καὶ
333 1520 593 1556 παρρησιαζόμενος
608 1519 719 1554 λαλήσω
734 1520 774 1546 ὅτι
790 1517 955 1554 Χριστιανός

171 1571 240 1603 εἰμι,
256 1569 304 1595 καὶ
321 1567 459 1601 κέκλημαι
477 1566 620 1600 Ὀρέστης.

1006 295 1174 345 divinorum.
1190 305 1250 331 quae
1273 297 1306 324 ad
1333 299 1392 325 illos
1420 299 1575 333 perintent,
1593 302 1786 336 mysteriorum

1006 343 1114 374 sapiens
1125 347 1288 375 przeeeptor,
1303 347 1366 376 peto
1378 351 1392 369 a
1405 343 1573 377 benignitate
1590 349 1634 372 tua
1649 351 1678 372 ut
1690 347 1788 381 jubeas

1007 393 1050 412 mc
1076 392 1167 420 partes
1183 386 1285 414 Cilicia!
1309 393 1337 414 et
1360 388 1537 422 Cappadociae
1565 397 1736 422 percurrere.
1758 397 1787 418 ut
1834 414 1841 419 .

1006 431 1178 458 Christianos
1205 431 1343 459 maleﬁcos
1372 432 1498 459 homines
1525 433 1657 466 afﬂigens.
1684 443 1787 469 eosque

1007 478 1223 511 comprehensos
1250 478 1344 505 multis
1359 483 1386 504 et
1403 478 1487 505 variis
1511 478 1678 505 cruciatibus
1702 479 1788 514 subji-

1006 523 1089 551 ciens.
1107 523 1168 555 igne
1191 529 1367 552 consumens.
1393 527 1421 550 et
1440 523 1466 550 in
1491 530 1577 557 aquas
1602 523 1787 557 prmcipitans,

1007 569 1130 594 funditus
1147 568 1262 600 perdere
1288 569 1403 595 valeam.
1431 568 1494 595 llaec
1517 575 1580 595 cum
1606 567 1789 595 Diocletianus

1006 614 1154 640 audivisset
1175 623 1181 640 :
1199 614 1314 645 Habeas,
1327 613 1427 647 inquit,
1444 617 1604 647 potestatem
1618 613 1644 639 in
1661 617 1720 639 toto
1734 613 1788 639 im-

1005 659 1081 694 purio
1097 667 1167 689 meo.
1189 659 1222 685 ad
1247 659 1356 693 impiam
1371 659 1592 685 Christianorum
1617 657 1789 692 superstitio-

1007 712 1068 731 nem
1090 703 1265 730 evertendam
1279 713 1285 730 :
1301 703 1368 729 deos
1389 707 1481 729 autem
1503 703 1579 738 ipsos
1601 702 1723 729 omnium
1739 702 1790 728 do-

1006 750 1104 780 minos,
1119 757 1149 775 ac
1162 749 1244 775 totius
1266 748 1341 775 Orbis
1364 753 1497 775 terrarum
1517 747 1668 782 adjutores,
1685 746 1789 781 ubique

1005 794 1165 822 manifestus
1180 802 1239 822 esse
1260 794 1354 821 facias.

1043 881 1074 908 ll.
1100 881 1167 908 Cum
1186 881 1316 908 Maximus
1335 880 1454 908 edictum
1472 880 1505 907 ab
1521 880 1687 914 imperatore
1707 886 1788 906 acce-

1008 929 1102 962 pisset,
1129 927 1215 954 multo
1240 935 1302 953 cum
1329 931 1461 961 apparatu
1481 933 1513 953 ac
1535 933 1635 960 pompa
1660 931 1789 959 egressus

1008 977 1058 1001 cst.
1079 977 1208 1007 tanquam
1226 973 1280 1001 leo.
1299 973 1410 998 inventa
1427 979 1488 998 esca
1507 980 1513 997 :
1529 978 1646 1005 cumque
1667 970 1788 996 anitnum

1009 1017 1142 1044 immitem
1158 1021 1185 1042 et
1202 1016 1398 1043 misericordia:
1416 1016 1528 1042 omnino
1546 1020 1687 1049 expertem
1706 1014 1791 1041 habe-

1008 1068 1059 1093 ret,
1076 1063 1231 1096 properavit
1245 1063 1278 1089 ad
1296 1062 1405 1093 urbem,
1419 1070 1478 1096 qua:
1496 1063 1594 1088 dicitur
1611 1061 1715 1096 Tyana.
1730 1061 1790 1093 Quo

1007 1118 1069 1136 cum
1085 1109 1214 1138 venisset.
1231 1108 1333 1135 audivit
1356 1108 1389 1134 ab
1409 1109 1468 1141 ejus
1491 1107 1567 1133 urbis
1590 1107 1706 1138 civibus,
1732 1113 1790 1132 tuc-

1007 1154 1098 1182 dieum
1117 1153 1260 1188 quemdam
1286 1152 1342 1178 illic
1362 1159 1434 1181 esse,
1457 1150 1581 1177 Orestem
1597 1150 1718 1180 nomine,
1743 1150 1790 1183 qui

1007 1201 1129 1236 quotidie
1147 1199 1194 1226 toti
1208 1198 1311 1225 civitati
1327 1197 1491 1232 persuadere
1500 1196 1638 1228 studebat,
1654 1200 1683 1221 ut
1697 1195 1791 1222 Iesum

1006 1247 1144 1273 Christum
1161 1251 1255 1271 omnes
1273 1243 1364 1269 colere
1389 1242 1501 1272 vellent,
1520 1245 1547 1267 et
1569 1241 1629 1275 ejus
1651 1239 1730 1266 {idem
1749 1247 1792 1266 sc-

1006 1292 1064 1326 qui,
1080 1299 1160 1325 quem
1187 1295 1215 1315 et
1233 1297 1247 1315 a
1261 1287 1420 1322 parentibus
1440 1286 1570 1312 didicisse
1586 1285 1703 1315 aiebant,
1734 1292 1790 1311 non

1007 1343 1066 1363 BSse
1086 1335 1152 1361 deos
1167 1334 1246 1361 alios.
1267 1334 1317 1358 nisi
1342 1339 1424 1358 unum
1442 1331 1529 1357 solum
1547 1337 1641 1356 verum
1659 1329 1742 1356 Deum
1759 1336 1791 1356 ac

1006 1381 1154 1409 emit-stem,
1168 1379 1281 1412 ejusque
1291 1376 1388 1403 Filium
1402 1374 1494 1402 Jesum
1508 1374 1658 1401 Christum.
1677 1374 1724 1400 llis
1737 1381 1790 1399 an-

1006 1425 1082 1456 ditis,
1095 1424 1176 1459 jussit
1197 1423 1328 1449 Maximus
1344 1421 1467 1449 Orestem
1494 1425 1555 1447 ante
1572 1419 1692 1446 tribunal
1717 1419 1788 1450 sisti,

1006 1473 1048 1499 cui
1067 1471 1106 1498 sic
1129 1471 1167 1497 ait
1184 1468 1333 1502 :Qua-nam
1351 1472 1392 1494 est
1413 1467 1553 1494 temeritas
1572 1466 1623 1493 ista
1648 1465 1714 1492 tua?
1730 1464 1792 1491 Non

1004 1518 1078 1545 enim
1092 1524 1187 1551 parum
1209 1518 1303 1542 contra
1321 1518 1346 1540 te
1368 1513 1497 1540 con-moti
1512 1519 1617 1539 sumus.
1640 1511 1687 1538 Dic
1710 1511 1792 1544 igitur

1006 1561 1091 1588 libere
1107 1567 1205 1586 nomen
1222 1563 1308 1589 tuum,
1323 1561 1351 1583 et
1374 1563 1469 1591 genus.
1485 1555 1562 1582 Tunc
1587 1560 1698 1582 sanctus
1725 1555 1793 1581 Ore-

173 1601 228 1644 stes
243 1624 251 1642 :
267 1614 337 1646 Mea,
361 1613 467 1646 inquit,
481 1611 593 1638 libertas
619 1615 646 1638 et
675 1611 773 1638 ﬁducia
793 1615 835 1638 est
861 1611 941 1636 Iesus
959 1607 1086 1635 Christus
1109 1625 1116 1635 ,
1138 1611 1186 1638 per
1197 1611 1279 1638 quem
1311 1602 1441 1637 loquendi
1458 1601 1613 1628 libertatem
1625 1604 1792 1627 consecutus

173 1670 233 1690 sum
248 1670 256 1694 ;
270 1661 361 1694 itaque
374 1667 447 1687 nunc
459 1660 555 1694 loquar
569 1669 576 1687 :
591 1657 764 1685 Christianus
778 1665 828 1691 ego
844 1661 870 1683 et
880 1662 952 1686 sum,
972 1658 1001 1680 et
1013 1659 1107 1679 vocor.

210 1706 249 1733 1'".
263 1706 388 1740 Μάξιμος
402 1706 516 1741 ἡγεμὼν
530 1703 606 1731 εἶπεν
617 1712 623 1719 ·
652 1704 763 1738 Ἐπειδὴ
779 1701 954 1737 προέσθασας
969 1701 990 1730 C

174 1751 463 1786 σσαυτὺνΧριστιανδν
476 1751 657 1782 ἀποκαλέσαι,
676 1750 723 1776 καὶ
745 1748 864 1783 Χριστὶν
887 1748 955 1781 ὁμο-

173 1799 263 1832 λογεῖς
280 1795 352 1824 εἶναι
366 1797 444 1827 Θεὸν.
463 1796 544 1822 θῦσον
572 1797 628 1827 τοῖς
647 1796 718 1826 θεοῖς
733 1795 787 1830 πρὸ
802 1793 855 1820 τῶν
870 1793 955 1828 βασά-

174 1851 245 1870 νων”
271 1843 332 1869 inst
362 1842 455 1872 κακῶς
478 1841 584 1875 μέλλεις
615 1841 812 1875 ἀποθνήσκειν.
831 1839 861 1864 '0
879 1838 954 1870 Ξγιος

180 1888 310 1924 Ὀρέστης
328 1886 406 1914 εἶπεν
417 1896 423 1902 “
440 1888 502 1914 Θεοί
533 1887 558 1913 οἶ
573 1887 619 1913 τὸν
642 1886 758 1920 οὐρανὸν
775 1886 822 1911 καὶ
837 1885 885 1917 τὴν
902 1884 955 1917 γῆν

174 1935 224 1961 οὐκ
252 1933 385 1967 ἐποίησαν
408 1932 614 1960 ἀπολέσθωσαν.
635 1931 706 1965 Ἐγὼ
721 1932 776 1965 γὰρ
800 1931 832 1956 ἐκ
855 1929 955 1962 νεαρᾶς

174 1980 283 2014 ἡλικίας
297 1979 372 2006 θύειν
385 1979 537 2013 μεμάθηκα
555 1978 651 2004 θυσίαν
668 1977 800 2006 αἰνέσεως
817 1975 855 2009 τῷ
869 1974 952 2005 ζῶντι

175 2027 244 2060 θεῷ,
260 2023 335 2059 ᾧτινι
358 2026 406 2051 καὶ
436 2024 623 2060 προσεύχομαι
651 2024 679 2048 ὲν
710 2022 818 2056 καθαρᾷ.
843 2019 954 2054 καρδίᾳ.

178 2072 285 2108 κωφοῖς
300 2070 329 2096 δὲ
348 2071 394 2096 καὶ
410 2069 546 2103 κιϐδήλοις
562 2070 633 2099 θεοῖς
654 2068 684 2093 οὐ
715 2065 861 2102 προσκυνῶ
879 2072 954 2089 ποτε.

177 2115 301 2149 Μάξιμος
317 2114 428 2149 ἡγεμὼν
457 2111 517 2139 εἷπε
533 2122 540 2128 ·
557 2112 657 2147 Θεωρῶ
681 2120 709 2137 σε
738 2112 772 2145 τῇ
799 2109 893 2144 ἡλικίᾳ
910 2116 957 2134 κε-

178 2159 363 2195 κοσμημένον,
389 2158 435 2185 καὶ
464 2158 553 2191 λόγοις
575 2157 718 2191 φρονίμοις
748 2154 955 2189 σεσοφισμένον,

178 2206 225 2232 καὶ
251 2204 282 2231 τὸ
303 2203 440 2238 εὔσχημον
462 2204 509 2229 καὶ
535 2202 672 2237 εὐπρεπὲς
693 2201 740 2236 τῆς
757 2200 882 2235 ἰατρικῆς
898 2200 957 2224 ἑπι-

178 2251 309 2284 στάμενον
332 2250 452 2284 τέχνης,
480 2250 527 2275 καὶ
555 2247 682 2282 φείδομαί
709 2255 755 2274 σου
783 2247 819 2276 ὡς
849 2245 955 2272 τέκνου.

177 2297 283 2332 Φράσον
298 2296 388 2321 τοίνυν
405 2295 469 2329 ἡμῖν
481 2294 511 2320 τὸ
526 2293 612 2327 lii/opai
638 2302 685 2319 σου
710 2293 758 2319 καὶ
781 2292 836 2318 τῶν
857 2292 958 2327 γονέων

178 2343 227 2374 τὴν
242 2341 401 2377 θρησκείαν.
419 2340 448 2366 '0
462 2340 538 2373 ἅγιος
557 2339 687 2373 Ὀρέστης
701 2337 778 2365 εἶπεν
789 2348 796 2354 υ
814 2339 844 2364 El
866 2338 958 2372 ζητεῖς

1041 1696 1086 1723 lll.
1108 1695 1185 1722 Tunc
1202 1693 1335 1721 Maximus
1355 1692 1445 1720 dixit:
1460 1692 1594 1725 Quoniam
1616 1696 1642 1719 te
1659 1691 1793 1719 Christia-

1009 1750 1075 1769 num
1091 1740 1221 1775 appellari
1241 1739 1345 1770 dixisti,
1357 1743 1385 1765 et
1398 1738 1538 1766 Christum
1553 1739 1636 1765 Deum
1649 1745 1711 1764 esse
1725 1745 1793 1765 cnn-

1008 1787 1145 1818 fessuses,
1156 1786 1208 1812 diis
1221 1785 1340 1812 sacriﬁca
1350 1786 1508 1819 priusquam
1523 1788 1656 1810 tormenta
1671 1783 1792 1817 patiaris.

1008 1832 1048 1860 Ad
1063 1831 1120 1858 haec
1135 1829 1276 1865 respondit
1291 1831 1333 1856 vir
1350 1830 1394 1857 ille
1411 1834 1523 1856 sanctus
1539 1838 1545 1856 :
1561 1829 1614 1859 Dii,
1627 1829 1672 1862 qui
1691 1828 1792 1854 malum

1008 1882 1034 1905 et
1053 1882 1153 1904 terram
1171 1883 1225 1902 non
1242 1876 1375 1906 fecerunt,
1392 1875 1560 1909 dispeream.
1576 1873 1632 1908 Ego
1643 1873 1717 1900 enim
1730 1881 1793 1899 cum

1009 1924 1099 1950 adhuc
1114 1931 1183 1957 puer
1197 1929 1297 1953 essein,
1314 1921 1396 1947 didici
1423 1920 1590 1947 sacriﬁcium
1617 1919 1793 1946 incruentum

1009 1970 1065 1996 Deo
1085 1969 1188 1995 viventi
1208 1968 1317 1998 oil'errc,
1339 1974 1419 2001 quem
1435 1971 1462 1993 et
1491 1974 1560 2000 puro
1578 1965 1660 1992 corde
1685 1964 1793 1990 adoro:

1011 2017 1072 2039 tuos
1089 2020 1154 2038 vero
1170 2012 1339 2038 adulterinos
1364 2012 1430 2038 istos
1443 2011 1520 2041 deos.
1536 2014 1565 2037 et
1579 2010 1675 2036 inanes
1698 2016 1730 2034 ac
1747 2015 1794 2033 va-

1011 2066 1061 2085 nos
1079 2057 1228 2087 da-mones,
1248 2065 1317 2091 quos
1331 2062 1358 2083 tu
1375 2056 1454 2088 dicis,
1472 2064 1526 2083 non
1540 2055 1634 2082 adoro.
1652 2053 1721 2080 Tum
1739 2053 1793 2079 Ma-

1012 2105 1101 2131 ximus
1117 2112 1123 2130 :
1141 2102 1225 2129 Video
1242 2107 1278 2133 te,
1297 2102 1395 2136 inquit,
1410 2105 1489 2128 aetate
1503 2100 1658 2128 ﬂorentem.
1673 2098 1793 2132 pruden—

1011 2149 1047 2175 tia
1070 2152 1098 2175 et
1112 2147 1268 2175 eruditione
1281 2147 1395 2173 multum
1411 2147 1513 2176 valere,
1530 2149 1557 2170 et
1573 2143 1716 2170 medicinae
1725 2142 1792 2170 artis

1011 2195 1153 2222 honestam
1169 2201 1200 2220 ac
1208 2193 1338 2220 decoram
1353 2192 1509 2218 facultatem
1522 2189 1664 2225 possidere
1676 2198 1683 2216 :
1693 2196 1791 2223 quam-

1011 2241 1106 2268 obrem
1138 2239 1226 2266 habeo
1251 2239 1388 2265 rationem
1409 2237 1459 2269 tui,
1486 2236 1604 2271 perinde
1627 2242 1658 2262 ac
1678 2234 1701 2261 si
1719 2242 1795 2261 esses

1012 2287 1083 2313 illius
1095 2293 1180 2312 meus.
1195 2285 1249 2319 Age
1264 2283 1429 2318 igiturdicas
1448 2282 1540 2312 nobis,
1551 2280 1624 2315 quod
1639 2283 1681 2307 est
1693 2287 1792 2306 nomen

1012 2335 1099 2362 tuum,
1113 2334 1139 2356 et
1155 2329 1308 2363 qualisnam
1322 2327 1359 2354 sit
1385 2327 1476 2354 cultus
1501 2330 1648 2357 parentqu
1672 2329 1794 2351 tuorum.

177 2389 206 2412 τ’,
218 2386 303 2421 ὄνομα
318 2395 368 2420 μου
381 2386 487 2420 μαθεῖν,
497 2385 614 2418 γίνωσκε
630 2385 669 2411 ὅτι
693 2385 783 2418 τίμιόν
797 2386 855 2410 ἐστι
881 2385 957 2419 παρὰ

1010 2377 1078 2404 Ttnn
1095 2376 1158 2404 ille:
1174 2375 1202 2402 Si
1218 2375 1295 2409 cupis
1305 2374 1375 2401 scire
1388 2379 1486 2400 nomen
1498 2379 1599 2403 meum,
1614 2371 1696 2397 velim
1710 2370 1792 2400 scias.

179 2431 248 2465 Θεῷ.
262 2431 293 2456 Οί
310 2430 363 2464 γὰρ
377 2431 447 2456 κατὰ
462 2430 550 2463 σάρκα
567 2430 657 2463 γονεῖς
683 2438 733 2463 μου
761 2429 893 2464 Ὀρέστην
924 2437 958 2463 με

179 2475 371 2509 ἐπωνόμασαν,
382 2475 452 2501 ὥστε
467 2475 539 2508 κὰμέ
555 2475 653 2510 ἀρέσαι
671 2473 730 2509 Θεῷ
747 2475 794 2500 καὶ
806 2473 960 2508 ἀνθρώποις

180 2521 225 2547 διὰ
241 2520 290 2554 τῆς
304 2520 448 2555 ὁμολογίας
472 2519 518 2546 τοῦ
537 2520 639 2555 Κυρίου
665 2528 715 2554 μου
736 2519 824 2554 Ἰησοῦ
839 2520 961 2554 Χριστοῦ

181 2567 227 2594 καὶ
239 2566 283 2593 διὰ
300 2566 348 2597 ἐἰς
363 2565 509 2600 θεραπείας
532 2567 586 2593 τῶν
611 2566 751 2601 σαρκικῶν
776 2565 958 2602 παθημάτων.

215 2699 252 2722 Δ¹.
269 2695 395 2730 Μάξιμο;
413 2693 528 2729 ἡγεμὼν
558 2693 653 2722 εἶπεν·
681 2699 885 2729 Απονενοημενε
912 2702 961 2720 και

180 2741 341 2774 ἀθλιώτατε,
360 2740 398 2776 μὴ
418 2740 597 2775 κελευόμενος
613 2741 757 2776 προπετῶς
777 2741 894 2776 φθέγγῃ,
912 2740 960 2767 καὶ

182 2786 360 2822 φρεναπατᾷς
387 2786 495 2819 ἑαυτὸν,
512 2786 560 2813 ἕνα
575 2786 641 2812 Θεὸν
664 2785 800 2820 ὁμολογῶν
823 2787 869 2812 τὴν
892 2786 960 2820 Χρι-

182 2833 244 2859 στὸν
259 2830 339 2864 εἶναι,
355 2833 448 2858 ὅντινα
462 2832 486 2858 οι
513 2831 634 2858 Ἰουδαῖοι
648 2831 826 2866 ἐσταύρωσαν
848 2831 886 2862 ὡς
907 2839 959 2857 κα-

183 2877 316 2914 κοῦργον;
338 2877 366 2903 '0
385 2878 462 2914 ἅγιος
481 2877 613 2913 Ὀρέστης
626 2875 721 2904 εἶπεν·
739 2877 774 2904 'o
790 2877 914 2914 ἡγεμὼν,
935 2878 960 2904 ει

1013 2424 1084 2457 apud
1114 2422 1199 2448 Deum
1227 2421 1316 2455 ipsum
1341 2419 1417 2446 valde
1435 2418 1599 2446 honoratum
1630 2416 1697 2444 illud
1719 2422 1791 2442 esse.

1012 2466 1134 2500 Namque
1148 2469 1274 2499 parentes
1290 2463 1353 2494 mei,
1369 2469 1385 2489 ιι
1399 2463 1510 2497 quibus,
1534 2461 1607 2496 quod
1632 2460 1666 2487 ad
1683 2466 1792 2486 carnem

1016 2512 1145 2546 pertinet,
1161 2510 1270 2546 genitus
1283 2509 1331 2541 fui.
1348 2509 1474 2536 Orestem
1486 2515 1530 2535 tne
1554 2506 1743 2536 nominarunt,
1764 2508 1795 2530 ut

1013 2557 1118 2584 scilicet
1133 2557 1266 2590 placerem
1288 2556 1343 2582 Deo
1365 2560 1391 2582 et
1423 2553 1584 2581 hominibus
1610 2559 1658 2585 per
1685 2550 1792 2577 Domini

1014 2603 1066 2629 mei
1080 2603 1143 2630 Jcsu
1156 2601 1257 2629 Christi
1277 2601 1490 2631 confessionem,
1506 2603 1535 2626 et
1550 2597 1719 2628 morborum,
1732 2595 1792 2629 qui-

1012 2648 1065 2675 bus
1080 2648 1197 2674 humana
1212 2655 1326 2681 corpora
1341 2649 1483 2676 vesantur,
1496 2643 1678 2671 curationem.

1047 2693 1090 2720 IV.
1109 2693 1148 2720 Ad
1176 2693 1235 2719 haec
1258 2693 1391 2718 Maximus
1419 2688 1619 2718 :Stultissime,
1647 2685 1746 2720 inquit,
1765 2690 1792 2712 et

1014 2739 1169 2767 miserrime
1187 2739 1278 2770 homo,
1294 2744 1344 2764 cur
1356 2735 1477 2770 loqueris
1492 2735 1533 2760 sic
1546 2731 1719 2768 petulanter?
1735 2731 1791 2758 Cur

1015 2785 1131 2820 teipsum
1146 2784 1259 2818 decipis,
1276 2790 1339 2810 cum
1363 2787 1447 2809 unum
1467 2781 1552 2807 Deum
1574 2777 1748 2809 conﬁtearis,
1762 2780 1791 2803 et

1014 2831 1163 2863 Christum,
1179 2836 1260 2864 quem
1271 2827 1374 2859 Judai,
1393 2832 1424 2854 ut
1442 2826 1577 2853 nefarium
1595 2827 1624 2851 et
1637 2821 1789 2850 maleﬁcum

1015 2877 1153 2905 hominem
1181 2874 1397 2903 crueiﬂxerunt?
1433 2871 1583 2907 Respondit
1604 2870 1738 2898 Orestes:
1758 2866 1789 2894 Si
