2077 3148
178 165 230 199 133

618 163 852 194 MARTYRIUM
873 163 902 192 S.
923 162 1056 192 GURl/E
1077 162 1124 191 ET
1142 162 1338 193 SOCIORUM

1740 162 1791 196 13!.

206 223 243 251 E'.
260 222 314 249 Kal.
338 222 352 248 ό
379 221 523 255 Σαμωνᾶς,
550 219 602 247 τὸν
622 220 807 255 ὴπειλημένον
824 219 955 253 σκώληκα

1042 218 1075 246 ν.
1093 219 1245 254 Respondit
1269 224 1360 246 autem
1381 219 1512 249 Samonas
1528 230 1535 249 :
1552 221 1676 250 Vermem
1689 243 1696 256 ,
1714 227 1793 259 cujus

175 269 226 300 τοῖς
240 267 418 303 ἀρνουμένοις
433 267 478 293 τὸν
491 266 604 302 Κύριον,
620 267 666 293 καὶ
679 267 709 293 τδ
723 266 760 302 μὴ
775 266 954 301 σϐεννύμενον

175 314 226 348 πῦρ
239 312 338 347 μᾶλλον
351 308 390 338 ὧν
401 312 588 347 ἁπηριθμήσω
601 313 726 348 βασάνων
741 313 789 338 καὶ
799 312 955 346 πτοούμεθσ.

175 357 220 383 καὶ
233 357 391 392 δεδοίκαμεν
403 366 409 373 ·
422 357 504 389 αὑτὸς
518 358 573 392 γὰρ
596 355 618 390 ᾧ
630 357 678 392 τὴν
692 357 805 392 λογικὴν
827 357 954 392 λατρείαν

174 403 373 438 προσφέρομεν,
387 403 484 437 πρῶτα
502 403 552 437 μὲν
569 403 637 438 πρὸς
651 403 700 433 τὰς
723 403 872 434 πολυειδεῖς
890 402 956 429 ταύ-

174 457 218 481 τας
233 448 424 484 ἑνδυναμώσας
443 449 577 484 βασάνους
587 449 642 474 τῶν
659 448 712 475 σῶν
723 448 882 483 ἀφαρπάσει
897 457 955 483 χει-

172 495 225 527 ρῶν
237 502 244 509 ·
258 492 309 521 εἷθ’
323 495 394 521 οὕτω
412 495 458 521 καὶ
475 496 503 521 ἐν
518 494 558 529 τῷ
574 494 689 528 ἀσφαλεῖ
702 495 955 533 καταστήσει,ἕνθα

173 541 394 575 εὐφραινομένων
405 541 515 568 πάντων
527 542 543 575 ἡ
558 540 695 567 κατοικία.
711 540 814 572 ’Δλλως
826 549 853 567 τε
866 540 894 566 δὲ
908 542 956 566 καὶ

171 587 242 613 κατὰ
259 588 338 621 μόνου
357 587 464 618 πάντως
481 586 578 622 ὁπλίζῃ
589 586 634 613 τοῦ
650 586 776 621 σώματος
788 595 794 602 ’
814 586 840 614 τί
851 587 906 622 γὰρ
922 587 955 613 ἂν

172 631 218 656 καὶ
234 631 281 665 τὴν
297 630 384 665 ψυχὴν
401 630 500 665 βλάψαι
531 631 633 664 δύναιο,
666 631 683 666 ἢ
700 631 752 663 ἓως
780 631 830 666 μὲν
857 632 890 658 ἂν
917 632 955 666 τῷ

173 675 282 710 σώματι
298 677 417 710 παρο;κῇ
433 676 640 711 λαμπρύνεσθαι
660 677 767 711 πέφυκε
782 678 843 708 ταῖς
872 677 956 712 βασά-

175 728 246 752 νοις,
264 721 502 756 ἀπαλλαττομένης
518 722 546 748 δὲ
570 723 682 756 οὐδεμία
707 723 815 754 πάντως
843 723 903 749 οὐδὲ
916 723 955 758 τῷ

173 764 278 798 σώματι
295 765 437 800 αἲσθησις;
455 767 530 802 ’Ὸσῳ
546 767 600 802 γὰρ
617 768 631 794 ὁ
645 768 696 799 ἔξω
711 769 789 804 ήμῶν
812 769 955 805 ἄνθρωπος

172 808 377 844 διαφθείρεται,
391 811 520 838 τοσοῦτον
540 814 553 838 ὸ
579 813 632 838 ἔσω
652 813 846 841 ἀνακαινοῦται
864 816 955 850 ἡμέρᾳ

171 863 201 880 τε
213 856 259 881 καὶ
276 857 368 891 ἡμέρᾳ
380 864 386 871 ·
404 857 437 883 δι’
463 858 600 893 ὑπομονῆς
620 858 675 894 γὰρ
701 860 746 886 τὸν
773 861 954 896 προκείμενον

1007 263 1089 290 mina:
1109 268 1175 290 sunt
1192 264 1332 291 intentata:
1347 264 1381 291 iis
1400 265 1447 299 qui
1471 271 1570 300 negant
1585 267 1748 302 Dominum,
1765 276 1792 297 et

1008 311 1098 345 ignem
1111 329 1119 342 ,
1141 309 1188 344 qui
1211 318 1265 336 non
1283 310 1468 344 exstinguitur
1479 312 1489 327 ³
1500 333 1508 344 ,
1530 314 1632 348 magis,
1648 324 1728 350 quam
1749 324 1791 348 ea.

1007 364 1068 390 qua:
1091 361 1120 382 tu
1143 356 1312 383 enumerasti
1326 376 1332 386 .
1356 361 1503 390 tormenta,
1528 359 1716 389 formidamus.
1732 363 1793 397 Ipse

1007 402 1098 433 enim,
1115 401 1159 429 cui
1181 402 1284 429 cultum
1308 402 1450 430 offerimus
1472 404 1652 437 rationalem,
1674 409 1791 441 primum

1007 447 1117 482 quidem
1138 455 1190 474 nos
1206 447 1403 476 corroboratus
1421 449 1553 476 adversus
1572 451 1646 478 varia
1661 452 1717 480 hac
1734 458 1792 480 tor-

1008 498 1098 520 menta
1127 493 1228 527 eripiet
1260 501 1276 520 τι
1300 493 1353 521 tuis
1377 494 1514 522 manibus.
1539 496 1643 524 Deinde
1666 499 1748 526 etiam
1765 500 1792 527 in

1009 543 1068 566 tuto
1082 539 1245 570 eolloeabit,
1264 539 1310 566 ubi
1332 543 1374 566 est
1395 539 1581 567 habitaculum
1603 542 1726 569 omnium
1745 543 1792 571 la:-

1009 583 1136 610 tantium.
1160 583 1271 618 Alioqui
1298 588 1389 610 autem
1411 585 1524 611 omnino
1550 585 1683 613 adversus
1705 587 1792 614 solum

1008 636 1108 663 corpus
1126 629 1252 656 armaris.
1274 629 1345 662 Quid
1365 629 1439 656 enim
1461 631 1579 658 animum
1602 633 1725 666 potueris
1746 633 1793 660 lat-

1008 673 1093 700 dere?
1116 674 1182 706 Quae
1204 674 1326 708 quandiu
1351 675 1461 709 quidem
1487 675 1592 703 habitat
1615 677 1642 703 in
1665 685 1792 712 corpore,

1009 720 1154 746 tormentis
1175 720 1267 746 evadit
1281 720 1455 754 pra‘clarior,
1474 727 1505 747 ea
1526 726 1618 748 autem
1636 723 1792 755 recedente,

1008 764 1101 792 nullus
1114 769 1156 791 est
1169 764 1280 792 omnino
1295 773 1392 793 sensus
1405 766 1524 800 corpori.
1541 766 1601 798 Quo
1618 768 1704 802 magis
1719 769 1792 795 enim

1009 810 1091 837 homo
1110 815 1205 837 noster
1226 816 1358 838 externus
1375 812 1573 847 corrumpitur,
1593 821 1627 840 eo
1644 815 1730 848 magis
1750 815 1793 841 in-

1010 860 1106 884 ternus
1122 862 1270 884 renovatur
1283 858 1309 884 in
1323 857 1399 889 dies;
1415 865 1462 892 per
1475 859 1634 893 patientiam
1651 861 1724 887 enim
1742 861 1794 888 hoc

171 900 264 934 ἀγῶνα
281 900 375 927 τοῦτον
392 902 518 937 άνύομεν.
556 904 585 930 ’0
610 904 638 930 δὲ
659 905 768 940 ἡγεμὼν
794 907 841 933 καὶ
864 906 952 939 αὖθις,

1009 903 1180 937 propositum
1203 909 1342 931 certamen
1366 905 1521 939 pcragimus
1538 905 1560 932 δ.
1581 906 1685 933 l’rreses
1701 912 1793 934 autem

171 945 267 980 ὥσπερ
283 946 589 984 προδιαμαρτυρὸμενος
607 951 712 984 αὐτοῖς,
723 952 766 978 ἵνα
780 953 827 979 καὶ
842 953 880 988 μὴ
895 962 954 979 πει-

173 989 303 1024 θομένης
319 994 510 1028 τιμωρήσηται
526 994 706 1030 δικαιότερον,
739 997 890 1032 ’Λπόστητε
906 997 955 1033 τῆς

171 1034 290 1069 ἀπάτης,
318 1036 380 1070 ἔφη,
415 1037 602 1071 συμσουλεύω,
628 1039 728 1074 καὶτῷ
751 1040 797 1065 τοῦ
825 1040 956 1074 βασιλέως

172 1082 365 1115 προστάγματι
383 1082 490 1115 efﬁat-55'
511 1083 542 1110 οὐ
560 1084 613 1118 γὰρ
629 1084 662 1110 ἂν
678 1084 826 1120 δυνήσεσθε
839 1086 888 1117 τὰς
905 1087 956 1120 βει-

174 1126 270 1156 σᾰνους
287 1127 459 1161 ὑπενεγκεῖν.
480 1129 551 1162 Πρὸς
562 1129 617 1155 ὂνὸ
641 1130 712 1164 ίερδς
736 1131 860 1165 Γουρίας,
887 1131 956 1158 Οὔτε

174 1170 271 1205 ἀπάτῃ
281 1171 455 1206 δουλεύομεν,
471 1173 508 1204 ὡς
525 1174 557 1200 σὺ
573 1174 637 1209 φῂς,
659 1176 837 1210 ἁπεκρίνατο,
854 1176 911 1202 οὔτ’
923 1178 956 1204 ἂν

175 1222 240 1241 ποτε
257 1217 289 1250 τῇ
305 1216 350 1242 τοῦ
368 1218 532 1252 κρατοῦντος
551 1220 696 1254 προστάξει
710 1221 905 1257 πεισθείημεν·
920 1223 958 1259 μὴ

173 1259 244 1286 οὕτω
276 1261 406 1296 σχοίημεν
425 1263 545 1296 ἀγεννῶς
568 1271 597 1289 τε
614 1265 660 1290 καὶ
688 1265 827 1300 ἀνοήτω;”
852 1267 956 1295 ἐκείνου

173 1305 228 1340 γάρ
239 1307 321 1341 ἐσμεν
335 1307 466 1342 μαθηταὶ,
483 1308 512 1338 ὃς
524 1308 573 1342 τὴν
589 1309 686 1336 ἑαυτοῦ
699 1310 789 1345 ψυχὴν
803 1312 957 1347 ὑπὲρήμῶν

173 1350 262 1385 ἔθετο,
276 1352 305 1378 τὸ
320 1352 448 1379 πλούσιον
466 1353 516 1388 τῆς
533 1354 717 1389 χρηστότητος
743 1356 791 1383 καὶ
810 1357 858 1392 τὴν
889 1358 957 1393 πρὸς

173 1394 248 1431 ἡμᾶς
273 1398 382 1433 ἀγάπην
409 1399 551 1427 δεικνύων.
581 1401 883 1436 ’Δντικαταστησὸμεοα
910 1402 958 1430 οὖν

173 1443 242 1477 πρὸς
257 1443 305 1477 τὴν
321 1444 458 1478 ἁμαρτίαν
475 1445 559 1480 μέχρι
584 1445 710 1478 θανάτου,
731 1448 777 1474 καὶ
805 1447 859 1474 οὐδ’
872 1447 914 1480 ἂν,
933 1448 960 1475 εἰ

172 1495 199 1512 τι
209 1487 256 1512 καὶ
267 1488 380 1522 γένοιτο,
394 1491 456 1521 ταῖς
470 1489 517 1516 τοῦ
531 1491 722 1526 ἀντικειμένου
744 1494 878 1526 μηχαναῖς
891 1494 957 1520 ὑπο-

173 1533 394 1569 σκελισθείημεν,
422 1534 466 1568 αἶς
497 1537 545 1563 καὶ
559 1537 572 1562 ό
585 1539 693 1573 πρῶτος
718 1539 798 1571 ἁλοὺς
815 1540 958 1575 ἅνθρωπος

173 1577 289 1606 θάνιτον
305 1580 348 1606 διὰ
361 1580 411 1615 τῆς
427 1582 573 1617 παρακοῆς
593 1583 639 1609 τοῦ
657 1584 736 1617 ξύλου
753 1585 894 1620 ὲδρίψατο,
911 1588 957 1614 καὶ

173 1624 243 1650 Κάῖν
260 1625 380 1657 πεισθεὶς
393 1626 491 1661 αἵματι
506 1628 556 1662 μὲν
572 1629 701 1664 ἀδελφοῦ,
716 1631 765 1662 τὰς
783 1632 877 1666 χεῖρας
894 1633 956 1666 ἐμός

173 1669 246 1702 iuva,
262 1671 365 1697 στένειν
377 1671 404 1697 δὲ
422 1673 469 1699 καὶ
481 1674 595 1708 τρέμειν
605 1675 638 1701 τὰ
653 1675 781 1710 ἐπίχειρα
803 1678 852 1711 τῆς
866 1677 958 1713 ἁμαρ-

172 1714 233 1746 τίλς
247 1715 374 1751 ἐφεῦρεν.
395 1717 466 1744 Ἀλλ’
492 1720 582 1754 ἡμεῖς,
608 1721 655 1747 τὸν
681 1722 742 1748 νοῦν
758 1723 812 1754 τοῖς
827 1723 874 1749 τοῦ
889 1724 958 1759 Χρι-

173 1759 237 1786 στοῦ
254 1761 344 1794 λόγᾱις
358 1763 552 1798 προσέχοντες,
569 1765 599 1790 οὐ
614 1766 827 1802 φοϐηθησόμεθα
836 1768 890 1794 ἀπὸ
903 1769 957 1795 τῶν

172 1806 390 1834 ἀποκτεινόντων
409 1809 439 1835 τὸ
463 1810 556 1844 σῶμα,
583 1812 632 1846 τὴν
650 1811 678 1838 δὲ
694 1813 785 1847 ψυχὴν
799 1814 959 1841 ἀποκτεῖναι

173 1851 212 1885 μὴ
227 1851 394 1887 δυναμένων.
423 1855 543 1882 Ἐκεῖνον
567 1856 595 1883 δὲ
622 1857 833 1894 φοϐηθησόμεθα
846 1859 958 1894 μᾶλλον,

172 1897 218 1923 τὸν
236 1899 282 1924 καὶ
301 1898 350 1934 τὴν
379 1900 469 1936 ψυχὴν
493 1902 570 1936 ἡμῶν
600 1903 647 1929 καὶ
669 1904 699 1929 τὸ
716 1904 796 1939 σῶμα
809 1905 959 1941 δυνάμενον

172 1943 316 1971 ἀπολέσαι.
334 1947 389 1972 Καὶ
400 1947 415 1973 ὁ
434 1947 565 1981 τύραννος
578 1957 584 1963 ·
608 1949 665 1983 Οὑχ
682 1949 737 1982 ἵνα,
752 1952 828 1985 φησι,
851 1952 960 1986 γραφὰς

172 1988 297 2022 ἐπιόντες
312 1991 360 2023 τὰς
373 1993 512 2028 ὑμετέρας
527 1995 738 2029 ἀνασκευάζειν,
752 1997 834 2032 ἔχητε
849 2000 882 2023 τά
895 1997 960 2031 παρ’

1010 956 1107 976 rursus
1119 949 1204 976 veluti
1224 955 1387 984 protestans,
1403 955 1432 977 ut
1447 951 1469 977 si
1486 958 1539 978 non
1558 958 1696 986 parerent,
1713 953 1794 987 puni-

1010 998 1053 1021 ret
1065 994 1167 1029 justins
1181 1006 1186 1022 :
1205 995 1341 1022 Discedite
1357 995 1391 1022 ab
1405 1004 1508 1028 errore,
1524 997 1622 1032 inquit,
1635 998 1713 1024 vobis
1725 1006 1791 1025 con-

1009 1041 1085 1072 sulo,
1104 1045 1132 1067 et
1154 1040 1245 1068 cedite
1267 1041 1356 1075 jussui
1381 1042 1566 1076 imperatoris.
1588 1044 1648 1070 Non
1670 1045 1794 1078 poteritis

1009 1086 1084 1112 enim
1115 1086 1187 1113 ferre
1216 1090 1360 1113 tormenta.
1373 1086 1423 1113 Cui
1438 1093 1548 1115 sanctus
1571 1089 1668 1116 Gurias
1682 1099 1687 1116 :
1701 1090 1794 1124 Neque

1009 1131 1114 1162 errori,
1134 1137 1163 1158 ut
1181 1135 1209 1157 tu
1229 1131 1313 1162 dicis,
1332 1133 1484 1162 servimus.
1501 1135 1659 1168 respondit,
1676 1143 1727 1161 nec
1743 1136 1794 1162 imv

1010 1177 1145 1210 peratoris
1160 1177 1248 1211 jussui
1263 1185 1382 1212 unquam
1397 1180 1581 1212 paruerimus.
1600 1180 1678 1206 Absit
1692 1186 1721 1208 ut
1740 1185 1794 1208 tam

1010 1223 1103 1257 pusilli
1122 1223 1205 1250 animi
1224 1225 1320 1256 simus,
1338 1229 1365 1251 ct
1382 1230 1434 1250 tum
1451 1231 1584 1252 amentes.
1604 1225 1704 1252 Sumus
1720 1227 1792 1254 enim

1010 1269 1085 1296 illius
1098 1269 1236 1304 discipuli,
1247 1271 1293 1304 qui
1311 1271 1429 1297 animam
1442 1279 1518 1298 suam
1533 1279 1583 1306 pro
1597 1272 1678 1299 nobis
1691 1275 1793 1307 posuit,

1010 1314 1121 1341 dititias
1136 1315 1312 1349 benignitatis
1329 1320 1356 1342 et
1369 1323 1446 1342 suam
1459 1316 1486 1342 in
1504 1325 1553 1344 nos
1565 1309 1714 1345 osicndens
1727 1319 1795 1346 clla-

1011 1360 1131 1388 ritatem.
1143 1361 1311 1388 Resistemus
1323 1369 1388 1396 ergo
1399 1367 1510 1395 peccato
1521 1370 1607 1396 usque
1619 1363 1652 1390 ad
1667 1369 1794 1397 mortem,

1011 1413 1100 1440 neque
1122 1405 1256 1440 quidquid
1279 1406 1426 1438 acciderit,
1447 1408 1686 1442 supplantabimur
1704 1417 1719 1436 a
1739 1417 1795 1436 ma-

1010 1451 1099 1478 chinis
1114 1452 1276 1483 adversarii,
1292 1453 1393 1486 quibus
1410 1452 1515 1486 p1imus
1531 1453 1612 1480 homo
1627 1458 1733 1489 captus.
1748 1457 1798 1482 de-

1010 1496 1111 1530 cerpsit
1130 1503 1244 1523 mortem
1269 1505 1319 1531 per
1338 1497 1404 1530 ligni
1427 1498 1660 1531 inobedientiam;
1680 1503 1710 1527 et
1728 1500 1794 1528 Cain

1011 1551 1169 1578 persuasus,
1188 1544 1280 1571 fratris
1296 1544 1406 1578 quidem
1422 1545 1556 1580 sanguine
1574 1554 1671 1573 manus
1687 1547 1796 1581 polluit,

1008 1597 1118 1623 gernere
1132 1595 1224 1616 autem
1241 1595 1269 1616 et
1283 1596 1399 1617 tremere
1416 1590 1520 1618 invenit
1553 1592 1664 1625 praemia
1681 1594 1796 1626 peccati.

1006 1633 1062 1660 Sed
1080 1641 1130 1660 nos
1148 1633 1251 1661 Christi
1274 1634 1502 1671 verbis,mentem
1524 1635 1687 1662 adhibentes
1701 1636 1722 1669 ',
1741 1644 1796 1664 non

1008 1680 1167 1707 timebimus
1179 1687 1238 1712 eos,
1250 1681 1295 1714 qui
1309 1679 1439 1707 occidunt
1450 1688 1561 1715 corpus,
1575 1681 1692 1708 animam
1704 1686 1796 1710 autem

1006 1732 1062 1752 non
1090 1730 1206 1760 possunt
1229 1725 1357 1753 occidere
1377 1734 1384 1752 :
1409 1726 1484 1752 illum
1511 1727 1602 1760 potius
1626 1726 1794 1754 timebimus.

1006 1771 1054 1803 qui
1084 1776 1206 1798 nostram
1234 1772 1354 1798 animam
1380 1777 1409 1798 et
1431 1780 1531 1807 corpus
1555 1777 1644 1806 potest
1667 1773 1794 1806 perdere.

1011 1816 1154 1852 Tyrannus
1169 1820 1280 1844 autem:
1298 1817 1357 1844 Non
1374 1823 1418 1850 ut,
1438 1818 1536 1852 inquit,
1557 1823 1662 1845 vestras
1683 1826 1797 1852 pereur-

1012 1866 1103 1888 rentes
1126 1861 1294 1897 Scripturas,
1315 1863 1427 1896 possitis
1444 1863 1585 1896 refellere,
1608 1871 1668 1898 quae
1683 1871 1697 1890 a
1717 1864 1797 1890 nobis

1011 1908 1195 1943 objiciuntur,
1213 1908 1277 1935 ideo
1298 1908 1339 1935 ira
1362 1916 1417 1935 non
1437 1916 1566 1940 moveor,
1589 1913 1675 1936 etme
1689 1909 1798 1944 praebeo

1012 1956 1172 1987 patientem,
1190 1955 1238 1982 sed
1254 1955 1402 1990 utjussum
1418 1955 1592 1989 imperatoris
1605 1960 1796 1990 exsequentes,

1015 2007 1077 2025 eun.
1093 2007 1160 2033 pace
1172 2001 1284 2027 domum
1299 2001 1486 2028 revertamini.

173 2036 252 2071 ἡμῶν
264 2039 477 2073 προτεινόμενα,
499 2040 528 2066 οὑ
546 2041 642 2067 τούτου
657 2050 689 2075 γε
713 2042 806 2068 ἕνεκεν
826 2043 959 2077 ἁόργητος
980 2043 1040 2079 ἑγὼ
1072 2046 1118 2072 καὶ
1135 2047 1321 2081 μακρόθυμος,
1337 2047 1394 2074 ἀλλ’
1408 2048 1481 2080 ὅπως
1492 2047 1541 2079 τὰς
1556 2047 1602 2074 τοῦ
1635 2047 1798 2082 κρατοῦντος

173 2084 338 2118 προστάξεις
354 2085 477 2119 ἑλόμενοι
503 2087 562 2120 μετ’
576 2088 688 2122 εἰρήνης
704 2088 796 2115 οἴκαδε
810 2090 957 2118 ὀπανίοιτε.

211 2129 257 2163 (τ’.
272 2130 355 2157 Οὐδὲν
370 2133 384 2158 ὁ
395 2132 473 2166 λόγος
487 2130 565 2165 οὗτος
580 2135 643 2166 τοὺς
660 2135 802 2170 μάρτυρας
813 2137 954 2173 ὲδυσώπη-

1047 2139 1088 2166 Vl.
1108 2138 1170 2166 llaec
1183 2138 1271 2165 oratio
1287 2138 1352 2165 nihil
1370 2138 1445 2165 ﬂexit
1461 2143 1603 2173 martyres,
1622 2139 1668 2165 sed
1685 2139 1798 2173 propin!

175 2183 232 2208 σεν,
249 2175 317 2202 ἀλλὰ
344 2180 513 2212 προσιόντες,
529 2178 561 2205 Τί
575 2179 603 2206 δὲ
633 2181 708 2215 παρὰ
721 2182 800 2208 τοῦτο
815 2184 892 2218 ἡμῖν,
904 2185 957 2210 ἑλε-

1012 2185 1174 2212 accedentes
1187 2194 1194 2212 :
1208 2184 1279 2218 Quid
1293 2189 1397 2216 nostra,
1412 2185 1499 2216 aiunt,
1511 2184 1605 2216 refert,
1619 2185 1641 2211 si
1657 2184 1797 2217 irasceris,

173 2229 233 2255 γον,
250 2222 274 2247 εἰ
290 2222 370 2257 χολᾷς
396 2223 445 2250 καὶ
473 2224 542 2259 πρὸς
571 2225 658 2261 ὀργὴν
673 2226 782 2259 εὔκολος
809 2227 842 2261 εἰ,
860 2231 906 2256 καὶ
923 2231 961 2262 ὡς

174 2266 288 2300 νιφὰδας
301 2267 358 2299 ὕεις
369 2269 416 2299 τὰς
432 2270 586 2304 τιμωρίας;
603 2272 667 2298 Τότε
683 2273 737 2307 γὰρ
751 2273 784 2300 ἂν
797 2275 844 2300 καὶ
861 2275 960 2308 μᾶλλον

173 2312 323 2347 εὑποιήσῃς
338 2314 423 2348 ἡμεῖς,
446 2315 637 2351 λαμπρότερον
666 2318 743 2352 ἡμῶν
775 2320 805 2346 τὸ
836 2320 960 2355 δοκίμιον

175 2357 223 2392 τὴς
241 2358 379 2394 ὑπομονῆς
393 2361 589 2396 ἐργαςόμενος,
605 2363 652 2390 καὶ
678 2365 728 2396 τὰς
743 2365 888 2395 ἀντιδόσει;
902 2367 961 2401 μεί-

175 2402 254 2435 ζονας
272 2405 410 2438 προξενῶν
421 2414 428 2420 ·
445 2406 482 2438 ὡς
497 2408 564 2441 ἡμῖν
577 2416 608 2442 γε
623 2409 702 2436 τοῦτο
719 2411 767 2444 τῆς
782 2411 890 2443 ἐλπίδος
902 2413 961 2438 ἐστὶ

176 2448 206 2473 τὸ
224 2450 382 2482 κεφάλλιον,
397 2451 446 2486 τὴν
468 2452 638 2488 πρόσκαιρον
651 2456 794 2482 πανοικίαν
814 2457 894 2492 τήνδε
910 2466 960 2484 κα-

176 2493 310 2527 ταλιπεῖν,
323 2498 369 2522 καὶ
385 2497 452 2532 πρὸς
468 2499 518 2533 τὴν
529 2499 643 2526 αἰωνίαν
660 2502 962 2538 μεταφοιτῆσαι.,Ἐχο-

179 2548 229 2575 μεν
242 2541 296 2576 γὰρ
312 2543 414 2577 σκηνὴν
429 2545 639 2581 ἀχειροποίητον
660 2548 689 2573 ὲν
704 2549 760 2579 τοῖς
776 2549 913 2583 οὐρανοῖς,
927 2550 961 2584 ἠν

177 2586 209 2622 δὴ
231 2587 278 2612 καὶ
306 2587 404 2614 κόλπον
437 2590 594 2627 Ἀϐραὰμὴ
621 2592 716 2628 Γραφῇ
741 2594 784 2621 διὰ
798 2595 829 2621 τὸ
849 2595 888 2629 τῷ
900 2595 960 2630 Θεῷ

177 2632 352 2667 ᾠκειωμένον
377 2631 430 2661 οἵδε
455 2637 558 2664 καλεῖν.
590 2639 634 2670 Ὠς
665 2637 712 2666 οὖν
738 2641 787 2674 τῆς
806 2641 959 2673 ὲνστάσεως

179 2678 270 2705 αὑτῶν
284 2681 297 2706 ὁ
307 2680 421 2715 ἡγεμὼν
435 2681 465 2708 τὸ
475 2682 643 2716 ἀμετάθετον
657 2685 798 2719 ἐθεάσατο,
819 2687 899 2718 εὐθὺς
912 2687 960 2714 τοῦ

178 2723 268 2758 λέγειν
281 2726 418 2761 ἀφέμενος
431 2728 499 2762 πρὸς
512 2729 542 2755 τὸ
557 2729 681 2762 κολάζειν
710 2732 808 2767 ἐχώρει
819 2740 826 2748 ·
846 2735 892 2760 καὶ
915 2743 962 2761 κεο

179 2767 254 2796 λεύει
274 2770 402 2807 ’Δνουῒνῳ
415 2772 454 2807 τῷ
474 2775 685 2812 κομενταρησίῳ
700 2777 749 2812 τῆς
776 2779 839 2812 μιᾶς
864 2780 962 2806 ἑκατέ-

1009 2234 1038 2257 et
1057 2237 1088 2256 es
1107 2229 1142 2256 ad
1162 2231 1231 2257 iram
1251 2237 1405 2264 propensus
1427 2235 1455 2256 et
1477 2235 1606 2264 tanquam
1627 2229 1705 2256 nives
1726 2230 1798 2264 pluis

1011 2280 1171 2306 tormenta?
1187 2279 1265 2307 Tunc
1278 2280 1351 2307 enim
1364 2280 1443 2307 nobis
1458 2279 1546 2314 magis
1562 2278 1727 2312 benefacies,
1742 2279 1797 2306 cla-

1011 2325 1113 2352 riorem
1128 2325 1247 2353 reddens
1264 2330 1386 2353 nostram
1401 2325 1591 2360 probationem
1607 2325 1755 2360 patientiae,
1769 2328 1796 2352 el-

1010 2371 1162 2398 concilians
1181 2372 1300 2407 majores
1317 2371 1567 2399 remunerationes.
1583 2370 1646 2398 ΙΙωο
1665 2375 1707 2398 est
1722 2371 1796 2398 enim

1010 2423 1118 2443 summa
1136 2422 1237 2444 nostra-
1253 2417 1330 2451 spei,
1355 2417 1429 2444 hunc
1448 2417 1614 2448 incolatum,
1633 2417 1681 2451 qui
1704 2421 1747 2443 est
1762 2415 1797 2443 ad

1012 2465 1130 2496 tempus,
1145 2463 1316 2497 relinquere,
1334 2467 1362 2490 et
1377 2463 1492 2498 migrare
1513 2462 1547 2489 ad
1566 2467 1712 2489 aeternum.
1740 2461 1797 2488 lla-

1011 2507 1110 2534 bemus
1130 2508 1204 2535 enim
1229 2509 1436 2536 tabernaculum
1459 2516 1514 2535 non
1539 2515 1622 2534 manu
1645 2507 1747 2534 factum
1769 2506 1798 2534 in

1011 2554 1088 2581 cmlis
1099 2554 1120 2586 ⁸,
1131 2554 1203 2588 quod
1213 2555 1296 2581 etiam
1311 2555 1401 2581 sinum
1416 2554 1532 2581 Abrahaa
1546 2553 1716 2588 Scriptura',
1731 2560 1796 2586 pro-

1011 2604 1104 2633 pterea
1120 2600 1193 2634 quod
1211 2600 1235 2627 is
1251 2605 1323 2627 esset
1340 2600 1525 2627 familiaritate
1547 2599 1602 2626 Deo
1619 2598 1798 2633 conjunctus‘

1011 2645 1081 2671 solet
1095 2652 1205 2673 vocare.
1225 2645 1292 2673 Cum
1310 2645 1402 2680 itaque
1416 2646 1530 2672 vidisset
1546 2651 1648 2680 praeses
1667 2645 1796 2671 immuta-

1012 2690 1095 2718 bilem
1116 2699 1212 2718 eorum
1230 2693 1430 2724 constantiam,
1451 2691 1543 2718 statim
1564 2691 1677 2718 mittens
1693 2691 1797 2722 dicere,

1011 2738 1146 2771 processit
1165 2737 1198 2765 ad
1220 2737 1424 2773 castigandum,
1454 2742 1482 2765 et
1505 2737 1584 2772 jubet
1598 2737 1707 2764 Anuino
1723 2745 1798 2764 enm-

1013 2784 1190 2811 mentariensi
1210 2788 1359 2818 utrumque
1378 2791 1432 2811 una
1450 2791 1533 2811 manu
1548 2783 1696 2819 suspendi,
1715 2788 1742 2812 ct
1757 2783 1800 2811 eis

235 2851 312 2878 'lsa.
334 2860 406 2887 wa,
427 2854 473 2882 24.
513 2855 523 2872 ⁸
546 2855 568 2883 ιι
583 2855 646 2884 Cor.
673 2864 708 2890 Iv,
736 2864 775 2885 ιο.
815 2859 826 2874 ⁸
850 2859 944 2888 liattn.

1016 2862 1061 2896 ‘18,
1077 2863 1122 2892 29.
1161 2865 1170 2880 ⁸
1187 2864 1209 2890 ll
1228 2863 1292 2891 Cor.
1317 2872 1342 2900 ν,
1368 2866 1393 2893 l.
1431 2866 1439 2881 ⁷
1456 2864 1522 2892 Luc.
1544 2872 1597 2899 ut,
1615 2864 1660 2897 Ἡ,
