2077 3148
197 138 250 174 137

640 135 876 168 MARTYRIUM
895 136 926 167 S.
944 134 1078 167 GURI/E
1097 135 1145 166 ET
1164 134 1373 167 SOCIORUM,

1762 134 1814 167 l38

201 197 250 225 τοῦ
264 195 344 230 ἁγίου
360 201 368 210 ο
385 193 490 224 ἐκεῖνος
503 192 557 228 γὰρ
570 213 578 226 ,
596 193 685 221 καίτοι
698 193 806 228 πικρῶς
821 193 982 228 πιεζόμενος

1043 191 1101 219 'ecit
1116 192 1137 219 ⁸.
1161 192 1209 220 llle
1226 192 1300 220 enim
1328 192 1379 220 etsi
1408 192 1506 221 acerbe
1530 197 1702 228 premeretur
1725 199 1741 219 a
1759 196 1818 219 tor-

198 240 251 268 ὑπὸ
264 239 313 274 τῆς
330 238 450 274 βασάνου
460 258 468 272 ,
481 238 539 265 ἀλλ’
550 236 597 264 οὖν
612 238 711 270 αὐτοὺς
727 238 777 272 μὶν
793 237 853 265 οὐδὲ
868 236 982 272 ἀποκρί-

200 295 269 318 σεως
283 285 360 321 ἠξίου
375 285 459 317 τινος,
471 284 601 319 οἰμώζειν
613 284 676 318 ἑῶν,
692 285 740 312 καὶ
757 285 870 316 ἑαυτοὺς
883 283 983 319 μᾶλλον

200 331 303 363 ιλέους,
318 331 369 358 οὐκ
382 331 487 357 ἐκεῖνον
510 330 638 365 ἡγεῖσθαι
653 330 729 363 ἄξιον
741 338 748 345 ·
763 331 802 362 εὶς
816 329 932 365 οὐρανόν
955 329 983 356 δὲ

199 376 231 404 τὸ
259 377 338 412 δμμα
366 377 477 413 διάρας,
505 377 545 411 τῷ
568 376 628 413 Θεῷ
647 376 680 402 ὲκ
697 375 794 412 βάθους
809 376 858 410 τῆς
873 375 984 411 καρδίας

199 422 383 459 προσηύχετο,
415 423 464 450 καὶ
491 421 546 449 τῶν
570 421 600 454 ἐξ
618 421 715 453 αἰῶνος
732 421 813 449 αὑτὸν
829 421 983 456 ὲμίμνησκε

199 469 371 505 θαυμασίων,
390 468 476 505 Κύριε
492 469 506 495 6
521 469 599 501 Θεὸς,
617 468 704 502 λέγων
715 487 723 500 ,
740 467 770 493 οὐ
790 467 904 501 καρδίαν
921 467 986 493 πλα-

198 516 281 546 τῦνας
302 515 342 551 τῷ
361 514 445 541 Δαυῗδ
463 516 493 541 ὲν
509 515 569 544 ταῖς
596 513 737 548 θλίψεσιν,
756 513 770 539 6
794 512 833 547 τῷ
857 512 984 547 προφήτῃ

201 561 302 597 Δανιὴλ
341 560 413 588 κατὰ
453 560 567 587 λεόντων
605 558 684 594 ίσχὺν
719 557 854 590 δεδωκὼς,
885 558 900 584 6
922 558 985 590 τοὺς

206 606 406 642 ’Δεραμιαίους
421 605 518 637 παῖδας
540 605 675 641 τυράννου
693 604 807 640 νικητὰς
827 603 873 630 καὶ
888 602 985 638 φλογὸς

200 650 351 685 ἀναδείξας,
373 651 454 683 αὑτδς
479 651 526 677 καὶ
543 650 601 682 νῦν,
629 649 727 686 Κύριε,
746 649 792 677 τὸν
824 648 885 676 καθ’
907 648 986 684 ήμῶν

201 697 276 725 ἔπιδε
295 697 424 734 πόλεμον,
445 698 459 724 6
482 697 532 732 τῆς
557 696 696 732 ἡμετέρας
720 694 798 728 εἰδὼς
814 695 922 730 φύσεως
937 694 985 729 τὴν

201 744 342 771 ἀσθένειαν
358 743 513 778 ’πειρᾶται
539 742 594 777 γὰρ
622 742 636 769 6
670 742 768 778 ὲχθρδς
795 741 826 768 τὸ
853 741 902 776 τῆς
935 739 984 775 σῆς

201 788 317 824 πλάσμα
347 789 438 825 χειρὸς
467 788 545 824 δόξης
575 788 728 824 ἀποστῆσαι
756 788 805 823 τῆς
832 787 907 823 παρὰ
933 786 985 813 σοί.

206 836 277 863 Ἀλλ’
289 836 382 869 αὐτὸς,
399 835 585 871 φιλανθρώπῳ
603 844 650 862 σου
667 836 773 871 όμματι
784 834 899 870 εὐμενὲς
919 834 986 869 ἡμῖν

200 882 506 921 ὲπιὸλέψαςηᾰσὸεστον
520 882 569 917 μὲν
579 881 627 908 τὸν
636 882 733 916 λύχνον
744 881 798 908 τῶν
812 881 865 908 σῶν
874 880 988 908 ἐντολῶν

200 929 230 956 ἂν
256 929 322 963 ἡμῖν
345 928 520 964 διατήρησον,
546 927 585 963 τῷ
611 927 650 963 σῷ
670 927 699 954 δὲ
720 927 791 961 φωτὶ
808 927 857 958 τὰς
881 926 990 962 τρίδους

203 975 283 1010 ἡμῶν
298 974 477 1007 κατεύθυνον,
496 974 545 1001 καὶ
559 974 607 1009 τῆς
622 975 652 1000 ἐν
672 973 714 1001 σοὶ
729 972 884 1000 ἀπολαῦσαι
901 979 990 1007 μακα-

207 1021 331 1056 ριότητος
356 1021 528 1054 καταξίωσον
542 1028 550 1036 ”
569 1021 611 1047 ὅτι
633 1019 780 1054 εὐλογητὸς
807 1017 833 1046 εῐ
860 1018 900 1049 si;
927 1017 991 1048 τοὺς

203 1067 317 1099 αιῶνας.
334 1066 445 1102 Ταύτην
464 1066 515 1102 μιν
531 1064 580 1092 οὖν
592 1065 697 1096 ῑκεῐνος
710 1065 749 1099 τῷ
762 1063 918 1100 ἁγωνοθέτῃ
932 1062 991 1097 ϐιῷ

204 1113 255 1147 τὴν
268 1111 447 1148 ιῦχαριστίαν
461 1111 619 1146 ἀνεπεμπσ.
644 1110 706 1137 Τῶν
716 1109 897 1145 ὑπογραφέων
907 1108 936 1135 δέ
950 1115 992 1139 τις

204 1157 350 1194 παρεστὼς
366 1158 529 1194 διεχάραττε
547 1156 583 1184 τὰ
604 1155 754 1192 λεγόμενα.

243 1292 282 1320 Θ’.
302 1292 356 1319 Καὶ
370 1292 385 1318 6
401 1290 514 1326 ἡγεμὼν
527 1291 632 1318 ἀνεῖναι
646 1290 695 1325 τῆς
712 1289 848 1325 τιμωρίας
860 1290 940 1317 αὑτὸν
953 1290 992 1325 τῷ

207 1337 417 1374 κομενταρησίῳ
439 1336 577 1364 ἐκέλευεν.
612 1337 643 1363 '0
671 1336 700 1363 δὲ
722 1335 794 1363 οὕτω
822 1335 991 1370 πεποιηκὼς,

210 1385 259 1412 καὶ
277 1383 348 1420 μετὰ
372 1383 428 1410 τῶν
451 1383 585 1410 συνόντων
613 1381 795 1413 διαδαστάσας
822 1381 992 1416 ἁπειρηκότα

206 1431 257 1466 ἤδη
275 1431 334 1461 ταῖς
348 1429 507 1464 ἀλγηδόσιν,
524 1429 554 1455 ἐν
569 1429 604 1464 τῇ
623 1427 747 1463 προτέρᾳ
767 1427 875 1462 φυλακῇ
894 1427 993 1462 φέρον-

206 1485 263 1509 τες,
276 1475 314 1511 τῷ
329 1475 395 1511 ἱερῷ
407 1475 509 1511 Γουρίᾳ
523 1474 709 1510 παρατιθεῖσι.
734 1473 789 1500 Καὶ
801 1473 833 1509 δὴ
848 1481 994 1500 πεντεκαι-

1034 242 1137 271 mento,
1164 238 1238 272 ipsos
1252 245 1286 265 ne
1296 237 1352 265 ullo
1361 238 1474 273 quidem
1489 239 1657 275 dignabatur
1670 245 1815 273 responso,

1033 283 1128 312 sinetis
1141 291 1190 311 eos
1205 283 1309 318 lugere,
1333 288 1362 311 et
1382 291 1411 311 se
1426 285 1529 318 potius,
1542 293 1596 312 non
1612 285 1688 313 illum
1702 284 1817 319 dignum

1035 336 1148 357 censere
1162 329 1362 357 misericordia.
1376 328 1404 356 ln
1421 330 1521 356 coelum
1537 335 1628 357 autem
1643 330 1743 357 tollens
1752 337 1820 358 ocu-

1034 375 1088 408 los,
1105 375 1269 410 precabatur
1295 374 1380 403 Deum
1392 382 1426 402 ex
1452 375 1590 410 profundo
1613 376 1721 408 cordis,
1739 380 1768 403 et
1791 377 1817 402 ei

1037 422 1185 450 revocabat
1206 422 1233 449 in
1261 421 1422 450 memoriam
1451 421 1596 452 miracula,
1619 428 1704 456 quae
1719 422 1820 448 saeculo

1039 468 1111 495 facta
1129 472 1194 495 sunt
1212 476 1220 495 :
1241 467 1356 495 Domine
1375 468 1459 499 Deus,
1482 466 1588 500 dicens,
1611 466 1670 494 sine
1690 474 1745 501 quo
1770 474 1821 494 nec

1035 514 1209 549 passerculus
1222 513 1334 549 quidem
1343 513 1423 541 cadet
1436 514 1464 540 in
1478 513 1607 548 laqueum
1618 513 1629 529 ’
1642 521 1649 540 :
1665 513 1712 547 qui
1726 513 1820 540 Davidi

1036 561 1158 588 dilatasti
1187 567 1237 587 cor
1263 559 1291 587 in
1317 559 1513 587 amictionibus
1530 559 1551 576 ι’
1576 568 1583 592 ;
1606 558 1654 594 qui
1679 558 1821 593 propheta:

1037 607 1141 635 Danieli
1173 605 1229 632 vim
1251 606 1351 633 dedisti
1379 606 1463 633 etiam
1477 610 1573 633 contra
1598 606 1694 633 leones
1707 605 1728 622 “
1749 605 1821 639 :qui

1037 656 1136 683 pueros
1151 651 1320 679 Aliramimos
1333 656 1361 679 et
1389 651 1498 686 tyranni
1515 656 1544 678 et
1567 651 1683 678 ﬂamina!
1703 651 1824 678 victores

1036 696 1153 725 ell‘ecisti
1166 697 1187 714 η
1204 706 1212 731 ;
1233 702 1262 725 tu
1294 704 1404 732 quoque
1427 704 1511 730 nunc,
1539 697 1664 730 Domine,
1682 697 1774 732 aspice
1789 697 1823 723 ad

1038 742 1150 775 bellum,
1186 743 1260 778 quod
1287 748 1384 770 contra
1410 750 1461 771 nos
1488 743 1610 778 geritur,
1638 743 1687 778 qui
1723 747 1825 770 nostra:

1038 796 1144 817 naturae
1168 789 1241 816 nosti
1274 789 1503 817 imbecillitatem.
1531 789 1653 817 Conatnr
1672 788 1746 817 enim
1773 789 1826 816 ini-

1039 835 1130 862 micus
1146 834 1304 869 ﬁgmentum
1323 839 1377 862 tute
1392 834 1511 862 dexterae
1523 839 1649 862 avertere
1667 835 1703 862 ab
1717 843 1749 863 ea
1764 844 1825 870 qua:

1040 885 1082 909 est
1096 880 1167 916 apud
1186 885 1212 908 te
1229 880 1325 915 gloria.
1356 879 1409 908 Sed
1428 886 1458 908 tu
1477 880 1603 916 benignis
1625 881 1680 908 tuis
1704 888 1755 908 nos
1783 882 1826 908 in-

1042 930 1122 954 tuens
1150 925 1248 958 oculis,
1271 933 1404 953 conserva
1432 924 1459 952 in
1476 924 1576 958 nobis,
1601 932 1665 960 quae
1688 925 1825 960 exstingui

1041 979 1097 999 non
1112 976 1215 1007 potest,
1238 972 1378 999 lucernam
1407 975 1518 998 tuorum
1541 971 1734 998 mandatorum
1751 979 1759 998 :
1780 975 1827 998 tua

1042 1023 1135 1046 autem
1149 1018 1211 1046 luce
1225 1017 1311 1053 dirige
1335 1022 1443 1045 nostras
1472 1017 1593 1050 semitas,
1606 1021 1635 1044 et
1645 1016 1758 1052 dignare
1774 1024 1827 1044 nos

1041 1063 1094 1091 frui
1114 1071 1157 1096 ea,
1173 1070 1235 1098 qua:
1259 1067 1302 1090 est
1333 1062 1360 1089 in
1381 1065 1417 1093 te,
1433 1061 1604 1089 beatitudine
1620 1070 1628 1089 :
1644 1062 1773 1096 quoniam
1795 1069 1827 1089 es

1042 1109 1207 1137 benedictus
1221 1109 1249 1136 in
1260 1109 1358 1136 saecula
1369 1108 1542 1136 mulorum.
1552 1108 1640 1142 Atque
1653 1108 1698 1135 ille
1711 1108 1824 1143 quidem

1042 1155 1214 1190 agonotbeta:
1229 1155 1286 1182 Deo
1305 1154 1447 1181 emittebat
1470 1153 1539 1181 hanc
1563 1153 1711 1188 gratiarum
1737 1154 1825 1181 actio-

1042 1208 1104 1228 nem
1119 1210 1125 1228 :
1139 1200 1251 1236 quidam
1274 1205 1366 1228 autem
1384 1199 1487 1233 scriba,
1509 1199 1556 1234 qui
1585 1199 1692 1234 aderat,
1723 1199 1825 1227 litteris

1042 1246 1181 1275 mandavit
1199 1254 1260 1282 quae
1277 1246 1349 1274 dicta
1364 1249 1440 1274 sunt.

1077 1292 1125 1321 IX.
1145 1293 1232 1321 Jussit
1259 1296 1351 1320 autem
1373 1299 1474 1327 prases
1497 1292 1739 1321 commentariensi
1764 1300 1827 1321 eum

1051 1340 1158 1368 solvere
1178 1347 1193 1367 a
1210 1338 1356 1374 supplicio.
1388 1338 1435 1366 lllc
1449 1345 1513 1366 vero
1532 1345 1595 1366 cum
1616 1340 1657 1367 sic
1668 1340 1788 1372 fecisset,
1801 1344 1830 1367 ot

1044 1390 1180 1420 portasset
1205 1394 1267 1414 cum
1284 1387 1318 1415 iis
1337 1386 1384 1422 qui
1408 1386 1523 1414 aderant
1538 1387 1594 1422 jam
1620 1387 1762 1415 doloribus
1779 1387 1829 1415 de-
1884 1391 1891 1402 ‘

1044 1434 1145 1462 tessunt
1163 1438 1191 1461 et
1203 1433 1371 1468 confectum,
1394 1434 1422 1461 in
1448 1435 1570 1469 priorem
1595 1434 1714 1462 ferentes
1737 1439 1830 1462 custo-

1044 1479 1131 1512 diam,
1142 1479 1285 1515 deponunt
1295 1480 1371 1515 juxta
1379 1484 1504 1510 sancitur:
1519 1479 1642 1507 Curiam.
1653 1479 1722 1508 Cum
1737 1484 1828 1507 autem

208 1522 326 1557 δεκάτην
341 1521 536 1552 ἁναὸαίνοντος
550 1520 597 1547 τοῦ
620 1519 779 1555 Νοεμϐρίου
793 1519 890 1550 νυκτὸς
908 1518 991 1554 οὔσης

1043 1530 1116 1553 esset
1131 1525 1294 1553 Novembris
1304 1525 1430 1554 decimus
1459 1526 1585 1561 quintus,
1602 1531 1686 1554 noctu
1717 1527 1831 1554 circiter

205 1568 271 1604 περὶ
286 1567 475 1604 ἀλεκτρυόνων
486 1566 572 1602 ᾠδὰς,
582 1566 683 1600 ἀνίστη
695 1567 709 1592 6
718 1565 841 1601 ἡγεμών
852 1565 993 1601 λαμπάδες

205 1623 236 1641 τε
253 1615 300 1641 καὶ
316 1613 464 1648 δορυφόροι
484 1612 582 1639 τούτου
606 1613 754 1647 προῄεσαν.
781 1611 837 1638 Καὶ
853 1611 901 1647 τὴν
917 1611 995 1646 βασι-

206 1659 285 1694 λικὴν
304 1659 456 1694 λεγομένην
484 1656 648 1684 καταλαϐὼν
671 1657 790 1692 ὅποιπερ
815 1656 891 1692 αὐτῷ
908 1656 940 1683 τὸ
953 1657 994 1683 δι-

207 1705 356 1740 καστήριον
382 1703 597 1740 συγκεκρότητο,
627 1702 675 1730 in).
703 1701 751 1729 τοῦ
775 1702 897 1737 βήματος
910 1702 992 1729 σοϐα-

207 1749 263 1786 ρῶς
275 1748 498 1785 προκαθέζεται·
516 1747 642 1780 καὶτοὺς
663 1747 784 1784 ἀθλητὰς
806 1748 922 1782 Τουρίαν
946 1747 995 1775 καὶ

207 1796 344 1831 Σαμωνᾶν
375 1794 601 1830 μεταστέλλεται.
629 1794 685 1821 Καὶ
710 1794 725 1820 6
749 1794 800 1829 μὲν
819 1794 883 1829 ἥκει
911 1794 995 1830 μέσος

206 1843 280 1870 δυοῖν
295 1840 536 1876 πορευόμενοςςκαὶ
549 1841 609 1873 ταῖς
624 1840 755 1875 ἑκατέρου
766 1841 861 1875 χερσὶν
875 1839 994 1876 ὑποστη-

210 1887 351 1924 ριζόμενος
363 1895 370 1902 ·
395 1886 413 1921 ἦ
428 1894 458 1912 τε
477 1886 532 1921 γὰρ
546 1887 640 1913 ἀσιτία
667 1885 773 1919 ἐπίεζε,
794 1886 841 1913 καὶ
859 1886 889 1912 τὸ
906 1886 994 1921 γῆρας

207 1934 336 1968 ὲὸάρυνε,
353 1932 437 1968 μόνης
461 1932 543 1959 αὑτὸν
559 1931 609 1967 τῆς
636 1931 743 1966 ἀγαθῆς
764 1932 871 1963 ἐλπίδος
891 1932 996 1966 ἀναψυ-

208 1980 321 2016 χούσης.
343 1977 372 2006 ⁸0
396 1978 425 2005 δὲ
447 1978 565 2013 Γουρίας
589 1978 637 2004 καὶ
652 1978 733 2010 αὐτὸς
749 1977 996 2012 διασασταζόμινος

208 2025 315 2060 ἄγεται,
332 2024 401 2060 μηδὲ
415 2023 534 2059 βαδίζειν
550 2024 619 2055 ὅλως
633 2023 793 2058 δυνάμενος,
808 2022 855 2050 ἅτε
871 2022 996 2058 χαλεπῶς

209 2070 284 2105 αὐτῷ
306 2070 354 2097 τοῦ
381 2069 461 2100 ποδὸς
483 2069 536 2095 ὑπὸ
552 2068 600 2095 τοῦ
614 2068 716 2103 δεσμοῦ
742 2067 903 2102 πληγέντος.
926 2067 997 2102 Πρὸς

212 2114 260 2146 οὓς
272 2116 286 2142 ό
301 2115 349 2150 τῆς
365 2114 492 2146 ὰσεσείας
509 2112 704 2149 ὑπασπιστὴς,
724 2113 828 2144 ’Δδείας
838 2132 846 2145 ,
860 2112 913 2148 ἔφη
925 2133 934 2146 ,
948 2113 996 2139 λα-

1044 1571 1107 1607 galli
1122 1576 1232 1599 cantum
1257 1571 1380 1599 surrexit
1394 1571 1476 1607 iudex
1491 1580 1497 1598 :
1514 1579 1577 1600 eum
1602 1580 1670 1600 vero
1691 1572 1830 1607 praecede-

1044 1616 1264 1652 bantlampadcs
1283 1621 1312 1644 et
1331 1617 1479 1644 satellites:
1494 1622 1522 1644 et
1543 1625 1605 1645 cum
1623 1618 1656 1645 ad
1687 1617 1829 1644 basilicam

1044 1663 1176 1696 venisset,
1196 1669 1257 1697 quae
1271 1662 1384 1695 dicitur,
1401 1662 1449 1690 ubi
1462 1667 1520 1690 erat
1535 1662 1681 1698 judicium,
1695 1670 1757 1690 cum
1775 1670 1831 1690 mao

1044 1716 1098 1744 gno
1112 1708 1185 1736 fastu
1199 1708 1277 1736 sedet
1302 1716 1353 1743 pro
1366 1708 1507 1741 tribunali,
1533 1713 1561 1736 et
1583 1708 1831 1737 accersitathletas

1047 1755 1160 1784 Guriam
1182 1760 1210 1783 et
1225 1755 1382 1782 Santonum.
1399 1755 1433 1782 Et
1451 1755 1496 1782 hic
1511 1755 1624 1790 quidem
1640 1755 1716 1783 venit
1735 1755 1832 1783 ambu-

1045 1801 1108 1829 lans
1123 1801 1151 1829 in
1169 1801 1260 1829 medio
1272 1801 1389 1828 duorum
1404 1806 1432 1829 et
1445 1801 1528 1830 fultus
1541 1801 1684 1837 utriusque
1692 1803 1831 1830 manibus.

1046 1847 1113 1875 Nam
1138 1853 1167 1875 et
1183 1847 1326 1882 premebat
1354 1847 1456 1881 inedia,
1490 1852 1517 1876 et
1538 1849 1668 1884 gravabat
1693 1853 1831 1881 senectus,

1046 1894 1118 1922 bona
1133 1901 1180 1929 spe
1191 1893 1364 1922 solummodo
1379 1902 1442 1922 eum
1461 1894 1652 1931 refrigerante.
1666 1895 1766 1923 Gurias
1783 1903 1833 1922 au-

1048 1945 1102 1968 tem
1116 1941 1174 1976 ipse
1189 1949 1298 1977 quoque
1308 1945 1433 1975 portatus
1444 1941 1573 1974 ducitur,
1592 1946 1623 1969 ut
1648 1942 1694 1977 qui
1708 1950 1759 1970 nec
1770 1949 1833 1976 pos-

1046 1989 1089 2012 set
1106 1985 1220 2012 omnino
1247 1986 1363 2021 ingredi,
1396 1991 1492 2021 utpote
1514 1986 1588 2022 quod
1614 1994 1664 2022 pes
1688 1987 1714 2014 ei
1735 1986 1833 2013 fuisset

1048 2030 1167 2065 graviter
1184 2037 1199 2056 ιι
1214 2030 1325 2058 vinculo
1340 2033 1489 2060 sauciatus.
1505 2032 1546 2060 Ad
1561 2040 1630 2067 quos
1646 2032 1834 2060 defensorim—

1047 2073 1156 2109 pietatis
1172 2082 1179 2102 ε
1196 2074 1265 2103 Cum
1281 2075 1354 2107 data,
1379 2077 1479 2112 inquit,
1511 2077 1594 2104 fuerit
1607 2076 1684 2104 vobis
1700 2080 1831 2111 potestas,

1048 2119 1082 2147 de
1095 2126 1128 2148 eo
1151 2120 1224 2155 quod
1252 2125 1296 2148 est
1312 2121 1390 2149 vobis
1412 2121 1598 2154 conducibile,
1616 2121 1698 2148 simul
1728 2121 1833 2149 delibe-

213 2162 335 2197 σὸμενοι,
353 2161 418 2196 περὶ
434 2160 481 2188 τοῦ
508 2160 664 2192 λυσιτελοῦς
687 2160 751 2196 ὑμῖν
767 2160 991 2195 συνδιεσκέψασθε

1052 2168 1144 2194 rastis.
1158 2167 1246 2194 Dicite
1259 2175 1340 2202 ergo,
1354 2175 1390 2194 an
1407 2168 1472 2195 novi
1485 2167 1589 2202 aliquid
1601 2167 1636 2194 sit
1648 2175 1662 2194 a
1674 2167 1753 2195 vobis
1766 2174 1832 2195 con-

212 2208 246 2236 ᾶν
259 2216 266 2224 ·
287 2207 413 2243 φράσατε
434 2207 481 2234 οὖν
503 2207 529 2234 εἰ
542 2215 569 2234 τι
585 2207 744 2242 καινότερον
768 2207 833 2242 ὑμῖν
854 2207 991 2239 ἔσκεπται,

1050 2213 1203 2240 sideratum
1221 2232 1229 2246 ,
1246 2217 1275 2240 et.
1291 2200 1325 2240 an
1342 2213 1465 2248 priorum
1479 2200 1631 2248 vos—aliqua
1648 2213 1763 2241 subierit
1774 2220 1833 2248 pte-

212 2254 260 2281 xa‘.
279 2254 304 2280 εῑ
325 2252 457 2288 μετάνοιά
471 2261 514 2285 τις
534 2252 661 2287 εἰσῆλθεν
675 2252 748 2288 ὑμᾶς
761 2252 808 2280 ἐπὶ
828 2253 885 2285 τοῖς
899 2252 997 2288 προτέσ

213 2308 280 2335 ροις,
299 2300 348 2326 καὶ
376 2300 408 2334 τῇ
432 2297 480 2325 τοῦ
512 2298 654 2326 θειοτάτου
681 2297 815 2333 βασιλέως
846 2299 997 2334 προστάξει

211 2345 340 2374 πείθεσθε
353 2353 360 2360 ·
375 2344 448 2372 οὕτω
469 2345 524 2380 γὰρ
546 2345 580 2372 ἂν
603 2345 658 2372 τῶν
678 2353 708 2372 τε
726 2345 835 2372 οἰκείων
849 2345 997 2381 κτημάτων

211 2392 279 2427 ὁμοῦ
291 2391 339 2418 καὶ
348 2391 510 2427 χρημάτων,
527 2390 596 2418 ἀλλὰ
612 2390 719 2417 καὶτοῦ
735 2390 905 2425 γλυκυτάτου
919 2391 997 2418 τοῦδε

213 2438 301 2473 φωτὸς
312 2437 497 2472 ἁπολαύσητε.
508 2437 579 2472 Πρὸς
589 2436 674 2463 ταῦτα
688 2437 712 2464 οι
727 2437 876 2472 μάρτυρες,
889 2437 995 2469 Οὐδεὶς,

219 2482 310 2516 εἷπον,
335 2483 388 2509 τῶν
414 2484 621 2518 εὐφρονούντων
639 2484 795 2510 ἀσπάσαιτο
809 2483 864 2510 τῶν
881 2483 998 2518 ῥεόντων

214 2530 263 2565 τὴν
276 2530 305 2556 ὲν
324 2528 406 2563 ὀλίγῳ
428 2529 602 2564 παραμονήν.
624 2528 726 2561 Ἱκανὸς
745 2528 800 2564 γὰρ
825 2530 893 2564 ἡμῖν
914 2530 962 2556 καὶ
984 2530 998 2556 6

213 2573 359 2610 προλαϐὼν
372 2574 467 2608 χρόνος
482 2574 549 2608 πρὸς
563 2573 611 2609 τὴν
628 2574 727 2609 χρῆσιν
741 2574 832 2601 αὐτῶν
860 2574 909 2601 καὶ
921 2573 997 2606 Θέαν,

215 2621 263 2649 καὶ
278 2619 386 2651 οὐδενὸς
398 2619 501 2646 τούτων
523 2619 607 2654 ἐσμὲν
624 2621 653 2646 ἐν
673 2620 819 2655 ὲπιουμίᾳ.
837 2621 887 2647 Ὃν
903 2620 931 2647 δὲ
950 2620 998 2648 νῦν

215 2668 282 2702 ἡμῖν
312 2666 427 2693 Θάνατον
458 2665 614 2698 ἐπισείεις,
642 2666 711 2701 πρὸς
744 2666 896 2698 ἀθανάτους
922 2665 999 2699 οὗτος

216 2713 289 2747 ⁴ἡμᾶς
304 2711 456 2738 διαϐιϐάσει
473 2711 586 2746 σκηνὰς,
605 2711 652 2737 καὶ
669 2711 720 2746 τῆς
734 2712 839 2739 ἐκεῖθεν
852 2715 999 2748 μετασχεῖν

216 2757 426 2793 παρασκευάσει
441 2758 658 2793 μακαριότητος.

251 2849 344 2879 'Psal.
363 2857 422 2882 cn,
438 2849 465 2876 5.
503 2849 513 2865 '
530 2849 625 2876 Matth.
649 2857 675 2882 ι,
691 2849 736 2878 99.

371 2899 506 2929 Parum"
530 2898 588 2929 Gs.
604 2898 715 2930 CXVI.

793 2850 813 2867 '°
829 2850 900 2879 Psal.
923 2858 960 2885 tv,
975 2850 1002 2879 2.

1051 2259 1190 2286 nitentia:
1209 2259 1238 2286 el'
1254 2263 1349 2294 parete
1372 2259 1461 2294 jussui
1491 2259 1667 2287 divinissimi.
1691 2259 1737 2287 Sic
1757 2259 1831 2286 enim

1050 2304 1150 2332 vestris
1177 2305 1275 2340 opibus
1297 2309 1325 2332 et
1338 2305 1567 2339 possessionibus,
1582 2305 1648 2340 quin
1672 2305 1754 2332 etiam
1780 2305 1834 2332 hac

1048 2350 1209 2378 suavissima
1226 2358 1335 2385 quoque
1358 2351 1419 2378 luce
1445 2351 1586 2378 fruemini.
1609 2350 1651 2378 Ad
1676 2351 1734 2379 haec
1758 2359 1833 2378 mar-

1050 2402 1142 2432 tyres:
1166 2396 1263 2429 Nemo,
1291 2396 1429 2431 inquiunt,
1463 2397 1511 2431 qui
1536 2396 1618 2432 sapit,
1645 2397 1834 2432 magnifcccrit

1048 2451 1145 2478 parum
1167 2449 1278 2470 manere
1307 2443 1336 2470 in
1351 2442 1394 2476 iis,
1416 2450 1477 2477 quae
1499 2442 1599 2470 ﬂuunt.
1630 2443 1736 2470 Sumcit
1758 2443 1833 2470 enim

1049 2489 1129 2517 nobis
1149 2492 1267 2523 tempus,
1295 2488 1370 2523 quod
1386 2489 1535 2522 praecessit,
1552 2489 1595 2521 ad
1615 2496 1680 2516 usus
1697 2495 1791 2516 eorum
1805 2493 1833 2515 et

1049 2540 1190 2570 aspectum
1204 2543 1212 2562 :
1231 2541 1283 2562 nec
1297 2542 1392 2563 eorum
1413 2535 1517 2569 aliquid
1531 2534 1730 2562 desideramus.
1745 2535 1833 2567 Quam

1050 2585 1140 2608 antem
1159 2585 1274 2608 mortem
1292 2587 1366 2607 nunc
1386 2580 1467 2607 nobis
1483 2580 1610 2612 intentas,
1624 2587 1657 2607 ea
1669 2587 1718 2607 nos
1732 2580 1765 2606 ad
1783 2581 1834 2606 im-

1050 2626 1175 2653 mortalia
1213 2627 1380 2653 transmittct
1407 2625 1594 2656 tabernacula,
1619 2629 1647 2652 et
1668 2625 1776 2656 ctIicict,
1805 2630 1835 2653 ut

1051 2673 1138 2700 simus
1182 2671 1331 2707 participes
1363 2672 1444 2706 ejus,
1469 2678 1530 2705 quae
1557 2675 1600 2698 est
1623 2670 1687 2704 illic,
1718 2671 1836 2698 beatitu-

1049 2719 1134 2746 dinis.

1059 2851 1078 2879 υ
1094 2851 1162 2880 Dan.
1183 2858 1208 2878 vr
1225 2855 1252 2879 et
1269 2859 1324 2879 nv.
1365 2850 1384 2866 "
1402 2851 1458 2879 Dan
1489 2858 1529 2884 ut,
1548 2851 1558 2877 l
1576 2858 1653 2885 seqq.

1604 2898 1621 2929 5
