2077 3148
213 158 263 192 ιιι

655 154 891 186 MARTYRIUM
912 155 941 186 S.
963 153 1096 185 ΘΗΒῐῶ
1117 154 1165 185 ET
1185 154 1392 187 SOCIORUM.

1778 157 1827 189 lli!

211 217 244 243 ἂν
262 213 309 242 καὶ
325 214 375 249 τῆς
388 212 523 240 ἀθανάτου
543 210 619 247 παρὰ
632 211 674 237 σοὶ
697 210 890 246 λαμπρότητος
910 217 994 236 κατα-

1050 209 1144 241 suerit,
1173 212 1202 235 ut
1225 213 1384 243 susceptum
1404 214 1545 237 certamen
1573 217 1780 246 perageremus.
1799 217 1830 239 ut

210 261 360 296 ξιωθῶμεν.

250 350 301 380 ῙΒ¹.
328 350 406 378 Ἐπεὶ
430 347 476 378 οὖν
500 350 530 377 τὸ
557 349 724 385 ἀμετάθετον
747 348 796 375 τοῦ
818 347 994 382 φρονήματος

213 399 305 426 αὐτῶν
322 398 337 424 δ
349 392 462 432 ἡγεμὼν
476 395 618 427 ἐθεάσατο,
638 395 685 421 καὶ
700 395 776 425 ὅπως
787 394 816 420 ἂν
835 391 994 426 ἀγαλλιάσει

213 444 303 480 ψυχῆς
325 442 375 477 τὴν
399 440 560 469 τελευταίαν
584 440 675 475 ψῆφον
704 439 841 472 ἐδέξαντο,
857 436 926 472 πρὸς
945 436 994 471 μὶν

209 491 273 522 τοὺς
303 488 420 522 ἁγίους,
442 487 471 513 '0
499 486 564 518 Θεὸς
600 486 655 512 τῶν
683 483 835 520 γινομένων
859 482 993 516 ἐπόπτης,

211 537 318 570 ἔλεγεν,
334 535 418 566 ιστω,
435 533 473 565 ὥς
487 533 519 560 οὐ
534 532 568 560 δι’
582 531 649 567 ἐμοῦ
673 531 724 567 τὴν
750 530 828 566 ὑμῶν
854 527 994 556 τελείωσιν

211 580 365 614 ὲὸουλόμην
380 576 509 612 γενέσθαι
520 596 528 609 ,
548 575 616 603 ἀλλὰ
632 575 663 602 τδ
679 574 870 609 ἀπαραίτητον
885 573 935 608 τῆς
947 572 994 599 τοῦ

212 625 376 661 κρατοῦντος
407 622 543 658 ἐπιταγῆς
571 621 641 657 πρὸς
664 620 745 647 τοῦτό
773 628 807 655 μι
828 620 876 646 καὶ
894 618 994 645 ἄκοντα

212 671 386 698 συνελάδετο.
418 669 463 705 Τῷ
491 669 519 696 δὲ
550 666 755 702 σπεκουλάτωρι
784 665 890 692 κελεύει
931 665 995 696 τοὺς

213 718 354 753 μάρτυρας
370 715 548 752 παραλαϐεῖν,
563 714 606 742 ἔπ’
621 713 759 750 ὀχήματός
775 720 847 744 τινος
863 711 994 739 ἀναδιδά-

213 772 269 796 σαι,
287 764 334 790 καὶ
350 762 448 798 πόρρω
458 761 506 788 τοῦ
531 761 635 792 ἄστεως
652 759 721 795 μετὰ
737 758 910 794 στρατιωτῶν
924 757 995 784 ἁπα-

212 810 321 843 γαγεῖν,
349 809 460 835 κάκεῖσε
481 810 512 834 τὸ
537 806 581 833 διὰ
601 806 695 840 ξίφους
720 804 814 836 αὐτοῖς
837 803 914 834 τέλος
933 803 995 829 ἑπε-

211 856 329 891 νεγκείν.
344 855 399 882 Καὶ
418 853 447 885 ὃς
466 853 510 880 διὰ
528 853 579 888 τῆς
600 851 793 887 Ῥωμανησίας
813 850 904 885 πύλης
931 850 995 881 τοὺς

1048 262 1063 282 a
1086 259 1112 282 te
1138 261 1249 289 quoque
1278 254 1459 294 immortalem
1488 255 1662 290 splendorem
1697 265 1829 292 assequa.

1048 308 1120 328 mur.

1084 346 1140 374 ΧΠ.
1155 345 1223 375 Cum
1235 353 1299 382 ergo
1313 345 1427 375 vidisset
1441 354 1542 382 praeses
1573 349 1769 378 immutabilem
1785 358 1832 378 eo-

1048 400 1108 421 rum
1123 392 1315 426 constantiam,
1331 397 1359 422 et
1372 394 1603 429 quemadmodum
1617 396 1644 423 in
1665 397 1763 424 animm
1783 405 1831 425 ex-

1048 439 1196 466 sultatione
1219 443 1368 467 extremam
1385 440 1555 475 accepissent
1570 441 1730 468 sententiam
1741 462 1748 474 ,
1769 450 1832 470 san-

1048 485 1101 513 ctis
1115 485 1240 520 quidem,
1256 485 1339 517 Deus,
1360 486 1461 521 inquit,
1479 493 1587 518 eorum,
1613 494 1673 522 qua:
1703 487 1782 520 ﬁunt,
1798 489 1834 516 sit

1048 531 1198 567 inspector,
1227 532 1300 567 quod
1324 540 1378 560 non
1402 541 1451 568 per
1473 541 1516 561 me
1543 534 1667 562 volebam
1693 542 1744 562 vos
1772 535 1835 562 vita:

1049 577 1130 605 ﬁnem
1148 578 1283 613 accipere,
1299 579 1347 606 sed
1369 579 1548 607 inexorabilis
1563 581 1656 616 jussus
1691 587 1734 607 me
1758 580 1792 607 ad
1807 580 1833 607 id

1048 623 1120 659 cogit
1139 624 1320 659 imperatoris.
1336 624 1500 659 Spiculatori
1513 630 1604 653 autem
1615 626 1694 662 jubet
1709 626 1836 661 accipere

1049 675 1193 705 martyres,
1214 670 1280 698 etin
1295 678 1380 698 curru
1407 671 1559 707 imponere,
1572 677 1600 700 et
1612 673 1707 708 procul
1721 681 1735 700 a
1766 674 1835 701 civi-

1050 718 1104 742 tate
1132 715 1268 743 abducere
1293 723 1354 743 eum
1383 717 1527 748 militibus,
1553 722 1581 745 et
1602 718 1643 745 eis
1670 718 1727 745 illic
1752 717 1834 746 ﬁnem

1048 759 1147 787 aﬁerre
1164 760 1264 795 gladio.
1283 761 1330 789 Ille
1345 766 1437 789 autem
1459 770 1522 789 eum
1540 770 1589 798 per
1603 767 1710 798 portam
1730 763 1834 790 Roma-

1049 813 1162 833 nenscm
1175 811 1283 834 sanctos
1299 812 1380 834 noctu
1396 808 1548 841 eduxisset,
1566 816 1629 836 cum
1648 809 1720 836 altus
1751 817 1835 844 sapor

1050 856 1155 879 teneret
1170 852 1254 884 cives,
1279 852 1313 879 ad
1340 853 1582 888 septentrionalem
1609 859 1714 889 partem
1738 855 1834 881 civita-

212 903 308 936 ἁγίους
326 901 434 936 νύκτωρ
451 899 606 934 ἐξαγαγὼν,
622 899 703 933 ὴνίκα
716 897 834 934 μάλιστα
848 897 912 927 τοὺς
925 897 995 923 κατά

1050 898 1083 925 Iis
1097 898 1209 925 abducit
1225 898 1251 925 in
1267 903 1388 926 montem
1415 899 1607 928 Bethelabicla.
1626 901 1664 928 Illi
1691 909 1757 928 vero
1771 909 1833 928 eum

211 949 261 983 τὴν
284 947 361 974 πόλιν
384 946 470 977 ὕπνος
496 945 563 981 εἶχε,
586 945 655 972 κατὰ
676 944 707 970 τὸ
725 943 792 978 πρὸς
818 944 919 977 ἄρκτον
946 943 996 977 τῆς

211 993 326 1025 πόλεως,
339 993 379 1025 είς
399 993 430 1018 τὸ
453 991 635 1019 Βιθελακικλᾶ
656 989 719 1025 ὅρος
744 989 858 1023 ἀπάγει.
875 989 906 1016 οι
925 988 953 1015 δὲ
967 988 996 1015 ὲν

210 1039 337 1074 τῷτόπῳ
355 1038 498 1072 γενόμενοι
517 1037 545 1062 ἐν
561 1035 716 1071 εὐφροσύνῃ
749 1035 862 1070 καρδίας
885 1034 934 1061 καὶ
948 1034 996 1061 ἁν-

211 1086 294 1120 δρείῳ
308 1084 399 1119 ψυχῆς
415 1082 615 1118 παραστήματι
628 1101 635 1114 ,
655 1081 702 1108 τοῦ
721 1080 860 1116 ὀχήματος
877 1079 997 1106 ἀποϐάν-

213 1139 260 1161 τες
276 1130 322 1157 τὸν
339 1128 556 1163 σπικουλάτωρα
576 1128 623 1154 καὶ
646 1126 710 1158 τοὺς
738 1127 784 1153 ὑπ’
800 1126 880 1153 αὑτὸν
903 1125 998 1161 καιρὸν

215 1175 298 1210 ᾔτουν
312 1175 353 1207 εἰς
373 1173 541 1210 προσευχὴν,
559 1173 606 1199 καὶ
623 1171 788 1207 ἐλάμϐανον.
818 1171 922 1205 Ὥσπερ
942 1172 997 1205 γάρ

214 1221 263 1256 οὐχ
285 1219 386 1247 ἱκανῶν
409 1219 495 1245 ὄντων
514 1218 570 1245 τῶν
590 1217 715 1252 βασάνων
743 1217 791 1246 καὶ
810 1216 858 1245 τοῦ
883 1217 998 1251 αἵματος

215 1267 286 1302 ὑπὲρ
301 1265 392 1293 αὑτῶν
410 1264 585 1300 πρεσῦεύειν,
599 1263 644 1290 διὰ
662 1262 897 1298 μετριοφροσύνης
913 1263 997 1296 ὑπερ-

214 1312 297 1348 εολὴν
312 1312 353 1338 ῑτι
369 1311 417 1337 καὶ
434 1311 592 1345 προσευχῆς
608 1309 724 1336 ἐδέοντο.
752 1309 789 1335 Τὸ
810 1309 889 1343 ὖμμα
909 1309 998 1335 τοίνυν

217 1359 258 1389 είς
269 1357 402 1393 οὐρανοὺς
419 1356 612 1386 ἀνατείναντες
624 1373 633 1386 ,
651 1355 700 1381 καὶ
718 1354 836 1386 ἐκτενῶς
849 1354 998 1389 προσευξά-

218 1412 307 1440 μινοι-
328 1403 358 1430 '0
373 1402 439 1434 Θεὸς
453 1402 501 1429 καὶ
514 1402 611 1436 Πατὴρ
627 1401 674 1428 τοῦ
696 1401 800 1436 Κυρίου
820 1400 899 1435 ἡμῶν
911 1401 998 1436 Ἰησοῦ

217 1449 349 1486 Χριστοῦ,
374 1448 434 1485 ματ*
459 1448 570 1484 ειρήνης
596 1448 673 1481 δέξαι
694 1447 729 1474 τὰ
744 1446 890 1482 πνεύματα
909 1447 998 1483 ἡμῶν,

215 1498 372 1524 τελευταῖον
387 1497 513 1523 δπεῖπον.
528 1495 583 1522 Καὶ
611 1495 625 1520 δ
646 1495 791 1530 Σαμωνᾶς.
816 1494 998 1530 ἐπιστραφεὶς

1046 944 1163 972 fuissent
1189 945 1215 971 in
1235 945 1350 977 eoloco,
1377 951 1405 972 et
1432 946 1459 973 in
1475 946 1567 974 laetitia
1585 947 1676 974 cordis
1694 953 1722 975 et
1740 956 1834 983 magna

1046 990 1129 1017 animi
1143 991 1296 1018 constantia
1317 998 1332 1018 e
1349 992 1477 1018 vehiculo
1498 992 1716 1026 descendisse-nt,
1745 1001 1760 1020 a
1781 994 1836 1028 spi<

1047 1034 1170 1062 eulatore
1196 1039 1223 1062 et
1243 1035 1276 1062 iis
1292 1036 1338 1070 qui
1362 1036 1413 1063 sub
1435 1044 1468 1064 eo
1484 1041 1562 1064 erant
1586 1041 1695 1072 tempus
1722 1039 1755 1065 ad
1773 1046 1835 1065 ora-

1049 1079 1149 1107 tionem
1173 1081 1323 1115 petierunt,
1353 1087 1382 1109 et
1405 1087 1581 1116 acceperunt.
1612 1083 1729 1111 Perinde
1760 1086 1834 1112 enim

1048 1132 1080 1152 ac
1097 1125 1119 1153 si
1142 1134 1197 1153 non
1212 1126 1371 1154 suﬁicerent
1395 1132 1530 1155 tormenta
1558 1133 1586 1155 et
1603 1130 1716 1164 sanguis
1732 1129 1766 1156 ad
1793 1131 1836 1157 in:

1048 1173 1244 1200 tercedendum
1264 1181 1314 1209 pro
1326 1174 1378 1206 eis,
1391 1179 1506 1210 propter
1519 1182 1653 1202 summam
1671 1176 1834 1203 modestiam

1049 1219 1140 1246 adhuc
1156 1219 1238 1246 etiam
1254 1227 1324 1254 opus
1348 1220 1486 1248 habebant
1503 1221 1670 1256 precatione.
1700 1221 1768 1249 Cum
1786 1224 1837 1250 ita-

1048 1271 1101 1299 que
1116 1265 1212 1292 oculos
1231 1265 1258 1292 in
1273 1266 1373 1293 coelum
1387 1267 1574 1299 sustulissent,
1603 1272 1631 1295 et
1646 1267 1753 1296 intense
1769 1276 1835 1303 pre-

1049 1311 1103 1338 cati
1131 1317 1223 1339 essent
1242 1321 1248 1339 :
1267 1313 1339 1339 Deus
1364 1317 1392 1339 et
1406 1313 1486 1340 Pater
1519 1313 1626 1340 Domini
1649 1315 1735 1342 nostri
1769 1315 1833 1342 Jesn

1048 1358 1149 1387 Christi
1165 1368 1172 1387 :
1186 1358 1299 1393 Suscipe
1312 1358 1338 1385 in
1352 1365 1418 1393 pace
1432 1359 1547 1393 spiritus
1560 1364 1678 1392 nostros,
1695 1364 1834 1394 postremo

1049 1404 1187 1433 dixerunt.
1200 1404 1332 1432 Samonas
1343 1409 1434 1432 autem
1455 1412 1605 1433 conversus
1630 1406 1665 1432 ad
1681 1406 1834 1440 spiculato-

1051 1458 1108 1478 rem
1129 1459 1135 1478 :
1154 1451 1319 1487 Exsequere,
1335 1451 1435 1487 inquit,
1450 1451 1478 1478 id
1490 1452 1563 1487 quod
1579 1456 1621 1480 est
1647 1452 1695 1479 tibi
1717 1452 1835 1487 impera-

1052 1501 1109 1524 tum
1122 1518 1129 1529 ,
1143 1504 1262 1532 cumque
1276 1505 1346 1533 genu
1373 1498 1454 1524 simul
1469 1498 1628 1525 inclinasset
1654 1505 1717 1526 cum
1739 1498 1835 1530 Guria,

217 1544 285 1578 πρὸς
303 1543 349 1570 τδν
366 1542 592 1576 σπεκουλάτωρα.
615 1541 651 1568 Τὸ
672 1541 827 1573 κελευσθὲν,
842 1539 915 1574 εἷπε,
931 1541 998 1576 πλή-

1050 1543 1278 1578 οἰεξοηιρυιςιηιυι·
1293 1544 1382 1579 capita
1410 1543 1517 1571 decimo
1536 1545 1632 1579 quinto
1661 1544 1834 1572 Novembris.

219 1595 305 1622 ρε;σον
323 1595 330 1602 ·
347 1587 396 1613 καὶ
411 1586 441 1612 τὸ
458 1587 523 1620 γόνυ
541 1585 636 1616 κλίνας
651 1585 710 1621 ἅμα
728 1585 828 1620 Γουρίᾳ
841 1586 890 1618 τὰς
909 1594 997 1620 κεφα-

218 1633 265 1664 λὰς
279 1633 492 1666 ἀποτέμνονται,
509 1631 761 1666 πεντεκαιδεκάτην
775 1632 836 1658 τότε
851 1631 898 1658 τοῦ
909 1632 999 1667 Neap-

217 1679 296 1714 ὁρίου
323 1678 407 1714 μηνὸς
427 1678 562 1713 έᾶγοντος.
592 1677 634 1703 Τὰ
654 1677 704 1712 μὲν
720 1678 751 1712 δὴ
772 1677 828 1704 τῶν
854 1677 1000 1714 μαρτύρων

217 1725 339 1752 τοιαῦτα.

252 1771 302 1799 ll‘.
328 1772 402 1799 Ἐπεὶ
427 1773 455 1800 δὲ
478 1774 523 1800 καὶ
540 1774 585 1801 τὸν
614 1774 705 1809 τρίτον
724 1773 738 1800 ὁ
763 1771 880 1808 ἀριθμὸς
896 1771 999 1808 ιζήτει,

217 1816 255 1848 ὡς
270 1816 304 1844 ἂν
327 1818 378 1844 κάν
400 1819 507 1850 τούτοις
538 1819 555 1854 ἡ
573 1819 658 1855 Τριὰς
681 1817 811 1853 δοξασθῇ,
827 1813 918 1854 εὗρεν,
936 1817 1000 1851 εὖγε

217 1863 266 1897 τῆς
293 1864 408 1898 ἀρίστης
435 1863 587 1900 προνοίαςῑ
630 1864 670 1900 τῷ
693 1864 781 1900 χρόνῳ
809 1863 859 1899 μὲν
886 1862 1000 1899 ὕστερον

220 1909 342 1941 'A6t60v,
356 1910 407 1944 τὴν
424 1909 509 1944 αὐτὴν
523 1910 551 1937 δὲ
564 1911 621 1942 τοῖς
637 1910 818 1946 προλαδοῦσιν
830 1910 890 1937 ὁδὸν
901 1910 1001 1937 ἀνῠσαι

219 1955 426 1991 προῃρημένον,
446 1957 493 1983 καὶ
511 1956 583 1984 κατὰ
601 1956 650 1991 τὴν
666 1956 751 1991 αὐτὴν
765 1956 882 1987 ἐκείνοις
893 1955 1001 1990 ἡμέραν

215 2001 262 2028 τοῦ
288 2002 442 2038 μαρτυρίου
464 2002 657 2030 τελειωθέντα.
685 2002 717 2029 '0
737 2002 834 2037 μέγας
850 2002 942 2028 τοίνυν
972 2002 1002 2028 ὲν

217 2047 353 2082 μάρτυσιν
371 2047 496 2080 'A6t6o;,
508 2048 557 2082 τῆς
575 2048 662 2082 αὐτῆς
674 2047 722 2082 μὲν
733 2047 849 2079 ἐκείνοις
860 2047 1001 2082 πατρίδος,

216 2093 271 2119 ἀπὸ
298 2092 431 2127 Θελσαίης
456 2093 507 2127 τῆς
531 2092 630 2127 κώμης
658 2092 782 2128 ὡρμᾶτο,
815 2091 855 2128 τῷ
886 2091 950 2127 ἱερῷ
972 2092 1001 2119 δὲ

216 2138 266 2173 τῆς
288 2138 428 2169 διακονίας
453 2137 613 2172 κικόσμητο
646 2138 792 2173 χρίσματι.
819 2137 956 2164 Λικιννίου
971 2138 1000 2165 δι

215 2183 271 2210 τῶν
294 2183 444 2218 σκήπτρων
470 2183 520 2217 τῆς
545 2183 690 2215 Ῥωμαίων
717 2183 921 2218 ἑπειλημμένου
953 2183 1000 2210 καὶ

1051 1591 1140 1626 Atque
1153 1591 1206 1619 hoc
1228 1591 1310 1619 modo
1335 1591 1446 1627 quidem
1473 1599 1501 1619 se
1517 1591 1673 1619 habuerunt
1695 1600 1740 1620 res
1760 1600 1835 1620 mar-

1052 1641 1151 1672 tyrum.

1087 1770 1157 1798 Xlll.
1173 1770 1241 1798 Cum
1258 1775 1350 1799 autem
1365 1772 1477 1799 tertium
1497 1779 1607 1807 quoque
1625 1777 1761 1807 quaereret
1782 1781 1834 1800 nu-

1051 1825 1155 1849 merus,
1171 1817 1239 1845 utin
1264 1817 1309 1844 his
1341 1817 1541 1853 gloriﬁcaretur
1573 1817 1703 1850 Trinitas,
1730 1818 1836 1846 invenit

1052 1862 1079 1897 (ο
1089 1862 1219 1898 optimam
1235 1862 1432 1898 providentiam
1444 1863 1464 1898 ι)
1480 1866 1604 1898 tempore
1626 1863 1738 1897 quidem
1761 1868 1837 1898 post-

1051 1916 1083 1936 ea
1101 1908 1230 1940 Abibum,
1243 1908 1290 1944 qui
1305 1913 1396 1936 autem
1413 1909 1485 1937 idem
1502 1916 1563 1936 cum
1581 1909 1616 1936 iis
1629 1909 1676 1944 qui
1692 1917 1837 1944 praecesse-

1052 1959 1124 1986 rant,
1140 1955 1193 1982 iter
1201 1955 1306 1989 ingredi
1320 1955 1512 1987 constituerat,
1529 1960 1558 1982 et
1572 1955 1619 1982 illo
1635 1955 1695 1990 ipso
1708 1955 1834 1990 martyrii

1053 1998 1098 2026 die
1111 1998 1163 2026 fuit
1173 2004 1391 2027 consummatus.
1413 2000 1525 2035 Magnus
1539 2008 1604 2036 ergo
1619 2000 1692 2028 inter
1703 2005 1836 2036 martyres

1052 2044 1166 2076 Abibus,
1196 2052 1229 2071 ex
1245 2045 1341 2072 eadem
1371 2046 1495 2081 quidem,
1525 2053 1559 2073 ex
1586 2053 1639 2081 qna
1665 2046 1704 2074 illi
1734 2047 1834 2081 patria,

1052 2098 1151 2126 nempe
1171 2098 1205 2118 ex
1227 2090 1348 2119 Thelsca
1375 2092 1436 2119 vico
1450 2097 1510 2120 erat
1526 2098 1603 2119 ortus
1618 2101 1623 2118 :
1638 2099 1716 2119 sacro
1743 2096 1834 2119 autem

1052 2138 1213 2166 diaconatus
1240 2137 1330 2165 fuerat
1344 2138 1494 2165 honoratus
1508 2138 1666 2165 chrismate.
1681 2137 1749 2165 Cum
1769 2146 1835 2165 vero

1052 2182 1176 2210 Licinius
1197 2187 1303 2211 teneret
1329 2187 1436 2217 sceptra
1456 2182 1565 2217 imperii
1586 2182 1784 2215 Romanorum,
1807 2188 1835 2211 et

215 2229 350 2258 Λυσανίου
363 2228 412 2264 τὴν
430 2228 480 2264 τῆς
498 2229 628 2264 Ἐδέσσης
644 2229 793 2264 ἡγεμονίαν
816 2229 998 2265 ὲγχειρισθὲν-

1052 2228 1184 2265 Lysanias
1198 2233 1307 2257 creatus
1330 2228 1426 2256 fuisset
1440 2235 1542 2263 praeses
1569 2229 1688 2261 Edessze,
1716 2229 1834 2257 excitata

214 2285 273 2308 τος,
293 2275 416 2310 διωγμὸς
429 2275 499 2303 κατὰ
520 2276 694 2311 Χριστιανῶν
706 2274 756 2302 καὶ
768 2273 847 2308 αὖθις
862 2275 1000 2311 ἠγείρετο,

215 2322 263 2347 καὶ
292 2321 361 2356 προς
401 2320 516 2348 Ἀὁιδον
543 2321 557 2347 ὁ
585 2321 638 2352 πᾶς
671 2321 794 2353 κίνδυνος
828 2321 999 2356 περιίστατο.

217 2366 328 2402 Περιῄει
357 2367 411 2402 γὰρ
438 2363 517 2398 οὗτος
543 2366 592 2401 τὴν
611 2367 690 2394 πόλιν
711 2367 761 2398 τὰς
783 2365 858 2398 Θείας
875 2366 1001 2399 ἅπαντας

215 2411 384 2439 summa.»
402 2412 512 2447 Γραφὰς
531 2412 579 2439 καὶ
602 2413 670 2447 πρὸς
697 2412 842 2439 εὐσέῦειαν
871 2411 1001 2447 ἐκθύμως

217 2457 412 2491 ἐπιστηρίζων.
425 2457 503 2483 Ἐπεὶ
516 2456 545 2484 δὲ
556 2456 644 2484 ταῦτα
659 2458 758 2488 είς.....
771 2455 822 2493 ἧκε
847 2456 887 2492 τῷ
910 2457 1001 2484 Λυσα-

217 2501 271 2536 νίᾳ,
288 2502 416 2537 Λικιννίῳ
434 2502 473 2537 τῷ
491 2503 596 2538 βασιλεῖ
617 2503 682 2538 παρ’
706 2502 790 2529 αὑτοῦ
820 2502 996 2538 γνωρίζεται.

219 2547 352 2574 Ἕσπευδε
365 2548 418 2583 γὰρ
426 2549 499 2580 ὅπως
516 2549 564 2584 τὴν
581 2549 650 2575 κατὰ
663 2548 836 2583 Χριστιανῶν
852 2548 901 2576 καὶ
919 2549 1001 2584 μάλι-

220 2600 271 2620 στα
281 2592 328 2618 τοῦ
352 2592 459 2618 ’Λὸίῦου
474 2595 606 2628 τιμωρίαν
624 2593 669 2620 ὑπ’
684 2594 790 2620 ἐκείνου
812 2594 976 2630 ἐπιτραπείη
991 2601 1000 2611 ’

219 2637 278 2665 οὐδὲ
303 2638 357 2672 γὰρ
379 2635 414 2672 ἦν
434 2637 510 2672 αὐτῷ
537 2639 670 2673 πρότιρον
697 2640 946 2675 ἐπιτετραμμένον,
971 2640 1002 2674 ὃς

219 2684 366 2719 γράμμασι
396 2683 484 2720 τούτῳ
507 2684 555 2711 τὸν
577 2685 684 2712 ’Δὸῑὸου
711 2685 827 2713 θάνατον
844 2686 1000 2722 ἐπιτρέποι.

225 2729 421 2757 ’Δναδοῦέντων
447 2731 623 2766 γραμμάτων
651 2730 691 2766 τῷ
718 2731 854 2767 Λυσανίᾳ,
886 2732 1001 2767 ζήτησις

217 2774 266 2802 τοῦ
287 2774 408 2808 ‘A6l60u,
423 2775 564 2812 πανταχοῦ
577 2776 692 2811 γίνεται.
710 2778 765 2805 Καὶ
783 2778 865 2810 αὐτὸς
888 2779 960 2806 κατά
977 2787 1003 2805 τι

1053 2283 1150 2303 rursus
1171 2280 1231 2303 erat
1252 2275 1407 2310 persecutio
1438 2273 1571 2302 adversus
1604 2274 1789 2308 Christianos,
1806 2279 1835 2303 et

1051 2321 1141 2349 Abibo
1157 2322 1316 2350 universum
1341 2320 1502 2348 imminebat
1532 2321 1695 2356 periculum.
1718 2322 1744 2350 ls
1761 2322 1834 2349 enim

1052 2365 1147 2393 obibat
1160 2366 1310 2397 civitatem,
1325 2364 1433 2392 divinas
1447 2369 1562 2393 cunctos
1593 2365 1694 2394 docens
1708 2367 1835 2400 Scriptu-

1052 2417 1108 2442 ras,
1123 2415 1152 2437 et
1165 2418 1261 2445 magno
1278 2410 1370 2437 animo
1393 2409 1561 2437 conﬁrmans
1586 2410 1620 2437 ad
1642 2411 1770 2445 pietatem
1785 2412 1834 2447 (5).

1052 2455 1119 2484 Cum
1143 2461 1234 2484 autem
1255 2457 1313 2484 hac
1331 2457 1471 2484 venissent
1489 2458 1521 2484 ad
1551 2465 1632 2485 aures
1649 2457 1782 2494 [.ysaniae,
1803 2467 1835 2486 ea

1054 2501 1160 2529 Licinio
1175 2501 1335 2536 imperatorl
1361 2502 1396 2529 ab
1411 2510 1445 2530 eo
1472 2502 1673 2538 signiﬁcantur.
1702 2502 1837 2531 Studebat

1053 2547 1138 2579 enim,
1156 2552 1186 2574 ut
1203 2547 1259 2582 ipse
1287 2548 1311 2575 ei
1327 2548 1511 2575 committeret
1525 2547 1704 2582 quaestionem
1733 2548 1837 2575 haben-

1053 2595 1116 2622 dam
1129 2595 1163 2622 de
1185 2594 1361 2628 Christianis,
1377 2599 1405 2622 et
1424 2595 1540 2622 maxime
1563 2595 1598 2622 de
1614 2594 1713 2623 Abibo.
1741 2595 1836 2630 Neque

1053 2640 1127 2668 enim
1141 2640 1231 2667 fuerat
1241 2640 1266 2667 ei
1286 2640 1364 2675 prius
1393 2640 1549 2667 commissa.
1571 2639 1618 2667 llle
1638 2647 1716 2672 vero,
1733 2640 1836 2668 litteris

1056 2686 1137 2719 datis,
1152 2686 1230 2720 jubet
1247 2690 1277 2714 ut
1291 2691 1378 2713 morte
1390 2685 1507 2712 Abibum
1521 2684 1630 2712 alliciat.
1644 2685 1757 2713 Litteris
1770 2694 1835 2721 ergo

1051 2733 1166 2760 redditis
1189 2731 1321 2768 Lysanite,
1357 2731 1489 2766 quaeritur
1507 2731 1608 2766 ubique
1633 2731 1747 2758 Abibus.
1774 2731 1835 2766 Ipse

1053 2784 1143 2807 autem
1157 2778 1272 2814 degebat
1288 2778 1314 2805 in
1343 2779 1459 2812 quadam
1477 2782 1554 2812 parte
1570 2776 1700 2809 civitatis,
1721 2782 1835 2812 promer

253 2869 293 2907 (3)
308 2870 338 2899 Id
355 2870 478 2900 muneris
504 2870 628 2900 diaconi:
655 2870 810 2902 incubuisse
840 2877 957 2901 testatur
971 2872 999 2901 S.
1020 2872 1150 2908 Cyprian.
1168 2872 1249 2908 epist.
1273 2879 1291 2899 n
1303 2870 1360 2900 edit
1375 2870 1477 2899 Pamel.
1498 2869 1560 2898 vide
1587 2869 1648 2897 Bar.
1668 2877 1712 2896 an.
1727 2869 1790 2898 516,
