  <div class='ocr_page' id='page_1' title='image "/cluster/home/n/w/nwhite01/storage/ocr_20150623/116/njp.32101077772984/132.png"; bbox 0 0 2077 3148; ppageno 0'>
   <div class='ocr_carea' id='block_1_1' title="bbox 221 130 273 166">
    <p class='ocr_par' dir='ltr' id='par_1_1' title="bbox 221 130 273 166">
     <span class='ocr_line' id='line_1_1' title="bbox 221 130 273 166; baseline -0.038 0"><span class='ocrx_word' id='word_1_1' title='bbox 221 130 273 166; x_wconf 80' lang='grc'><strong>137</strong></span> 
     </span>
    </p>
   </div>
   <div class='ocr_carea' id='block_1_2' title="bbox 662 126 1396 160">
    <p class='ocr_par' dir='ltr' id='par_1_2' title="bbox 662 126 1396 160">
     <span class='ocr_line' id='line_1_2' title="bbox 662 126 1396 160; baseline 0 -1"><span class='ocrx_word' id='word_1_2' title='bbox 662 128 898 160; x_wconf 75' lang='lat' dir='ltr'><strong>MARTYRIUM</strong></span> <span class='ocrx_word' id='word_1_3' title='bbox 918 129 948 159; x_wconf 90' lang='lat' dir='ltr'><strong>S.</strong></span> <span class='ocrx_word' id='word_1_4' title='bbox 967 126 1100 159; x_wconf 71' lang='grc' dir='ltr'><strong>ΘΗΒῐῶ</strong></span> <span class='ocrx_word' id='word_1_5' title='bbox 1120 127 1168 158; x_wconf 89' lang='grc' dir='ltr'><strong>ΕΤ</strong></span> <span class='ocrx_word' id='word_1_6' title='bbox 1187 126 1396 160; x_wconf 78' lang='lat' dir='ltr'><strong>SOCIORUM.</strong></span> 
     </span>
    </p>
   </div>
   <div class='ocr_carea' id='block_1_3' title="bbox 1785 127 1837 160">
    <p class='ocr_par' dir='ltr' id='par_1_3' title="bbox 1785 127 1837 160">
     <span class='ocr_line' id='line_1_3' title="bbox 1785 127 1837 160; baseline -0.038 0"><span class='ocrx_word' id='word_1_7' title='bbox 1785 127 1837 160; x_wconf 78' lang='lat'><strong>138</strong></span> 
     </span>
    </p>
   </div>
   <div class='ocr_carea' id='block_1_4' title="bbox 225 183 1014 222">
    <p class='ocr_par' dir='ltr' id='par_1_4' title="bbox 225 185 1004 222">
     <span class='ocr_line' id='line_1_4' title="bbox 225 185 1004 222; baseline -0.005 -7"><span class='ocrx_word' id='word_1_8' title='bbox 225 189 274 216; x_wconf 79' lang='grc' dir='ltr'>τοῦ</span> <span class='ocrx_word' id='word_1_9' title='bbox 288 187 368 222; x_wconf 77' lang='grc' dir='ltr'>ἁγίου</span> <span class='ocrx_word' id='word_1_10' title='bbox 384 193 391 203; x_wconf 73' lang='grc'><strong><em>⁸</em></strong></span> <span class='ocrx_word' id='word_1_11' title='bbox 409 185 513 217; x_wconf 63' lang='grc' dir='ltr'>ἐκεῖνος</span> <span class='ocrx_word' id='word_1_12' title='bbox 526 185 580 220; x_wconf 77' lang='grc' dir='ltr'><strong>γὰρ</strong></span> <span class='ocrx_word' id='word_1_13' title='bbox 592 205 601 219; x_wconf 85' lang='lat'><strong>,</strong></span> <span class='ocrx_word' id='word_1_14' title='bbox 619 185 708 213; x_wconf 81' lang='grc' dir='ltr'>καίτοι</span> <span class='ocrx_word' id='word_1_15' title='bbox 721 186 829 222; x_wconf 83' lang='grc' dir='ltr'>πικρῶς</span> <span class='ocrx_word' id='word_1_16' title='bbox 844 185 1004 221; x_wconf 75' lang='grc' dir='ltr'><strong>πιεζόμενος</strong></span> 
     </span>
    </p>
   </div>
   <div class='ocr_carea' id='block_1_5' title="bbox 1065 183 1841 222">
    <p class='ocr_par' dir='ltr' id='par_1_5' title="bbox 1065 183 1841 220">
     <span class='ocr_line' id='line_1_5' title="bbox 1065 183 1841 220; baseline -0.001 -8"><span class='ocrx_word' id='word_1_17' title='bbox 1065 183 1124 212; x_wconf 82' lang='lat' dir='ltr'><strong>&#39;eeit</strong></span> <span class='ocrx_word' id='word_1_18' title='bbox 1139 184 1159 212; x_wconf 83' lang='lat'><strong>&#39;.</strong></span> <span class='ocrx_word' id='word_1_19' title='bbox 1184 184 1231 212; x_wconf 85' lang='lat' dir='ltr'><strong>Ille</strong></span> <span class='ocrx_word' id='word_1_20' title='bbox 1249 184 1322 212; x_wconf 86' lang='lat' dir='ltr'><strong>enim</strong></span> <span class='ocrx_word' id='word_1_21' title='bbox 1351 184 1402 212; x_wconf 81' lang='lat' dir='ltr'><strong>etsi</strong></span> <span class='ocrx_word' id='word_1_22' title='bbox 1431 185 1530 213; x_wconf 88' lang='lat' dir='ltr'><strong>acerbe</strong></span> <span class='ocrx_word' id='word_1_23' title='bbox 1553 189 1725 220; x_wconf 77' lang='lat' dir='ltr'><strong>premeretur</strong></span> <span class='ocrx_word' id='word_1_24' title='bbox 1747 193 1764 212; x_wconf 92' lang='lat' dir='ltr'><strong>a</strong></span> <span class='ocrx_word' id='word_1_25' title='bbox 1782 188 1841 212; x_wconf 88' lang='lat' dir='ltr'><strong>tor-</strong></span> 
     </span>
    </p>
   </div>
   <div class='ocr_carea' id='block_1_6' title="bbox 222 229 1005 266">
    <p class='ocr_par' dir='ltr' id='par_1_6' title="bbox 222 229 1005 266">
     <span class='ocr_line' id='line_1_6' title="bbox 222 229 1005 266; baseline -0.004 -7"><span class='ocrx_word' id='word_1_26' title='bbox 222 231 274 259; x_wconf 77' lang='grc' dir='ltr'>ὑπὸ</span> <span class='ocrx_word' id='word_1_27' title='bbox 288 232 336 266; x_wconf 81' lang='grc' dir='ltr'>τῆς</span> <span class='ocrx_word' id='word_1_28' title='bbox 354 230 472 266; x_wconf 75' lang='grc' dir='ltr'><strong>βασάνου</strong></span> <span class='ocrx_word' id='word_1_29' title='bbox 483 251 491 264; x_wconf 86' lang='grc'><strong><em>,</em></strong></span> <span class='ocrx_word' id='word_1_30' title='bbox 504 230 562 257; x_wconf 82' lang='grc' dir='ltr'>ἀλλ’</span> <span class='ocrx_word' id='word_1_31' title='bbox 573 229 620 257; x_wconf 87' lang='grc' dir='ltr'>οὖν</span> <span class='ocrx_word' id='word_1_32' title='bbox 635 230 734 262; x_wconf 79' lang='grc' dir='ltr'>αὐτοὺς</span> <span class='ocrx_word' id='word_1_33' title='bbox 750 231 800 264; x_wconf 72' lang='grc' dir='ltr'>μὲν</span> <span class='ocrx_word' id='word_1_34' title='bbox 816 230 876 257; x_wconf 74' lang='grc' dir='ltr'>οὐδὲ</span> <span class='ocrx_word' id='word_1_35' title='bbox 891 229 1005 265; x_wconf 78' lang='grc' dir='ltr'>ἀποκρί-</span> 
     </span>
    </p>
   </div>
   <div class='ocr_carea' id='block_1_7' title="bbox 224 276 1006 312">
    <p class='ocr_par' dir='ltr' id='par_1_7' title="bbox 224 276 1006 312">
     <span class='ocr_line' id='line_1_7' title="bbox 224 276 1006 312; baseline -0.003 -7"><span class='ocrx_word' id='word_1_36' title='bbox 224 287 293 309; x_wconf 82' lang='grc' dir='ltr'>σεως</span> <span class='ocrx_word' id='word_1_37' title='bbox 307 277 384 312; x_wconf 73' lang='grc' dir='ltr'>ἠξίου</span> <span class='ocrx_word' id='word_1_38' title='bbox 398 277 482 309; x_wconf 74' lang='grc' dir='ltr'>τινος,</span> <span class='ocrx_word' id='word_1_39' title='bbox 494 277 624 311; x_wconf 74' lang='grc' dir='ltr'><strong>οἰμώζειν</strong></span> <span class='ocrx_word' id='word_1_40' title='bbox 636 277 698 310; x_wconf 63' lang='grc' dir='ltr'>ἰῶν,</span> <span class='ocrx_word' id='word_1_41' title='bbox 715 278 762 304; x_wconf 81' lang='grc' dir='ltr'>καὶ</span> <span class='ocrx_word' id='word_1_42' title='bbox 779 277 892 308; x_wconf 73' lang='grc' dir='ltr'>ἑαυτοὺς</span> <span class='ocrx_word' id='word_1_43' title='bbox 906 276 1006 312; x_wconf 81' lang='grc' dir='ltr'>μᾶλλον</span> 
     </span>
    </p>
   </div>
   <div class='ocr_carea' id='block_1_8' title="bbox 224 322 1006 358">
    <p class='ocr_par' dir='ltr' id='par_1_8' title="bbox 224 322 1006 358">
     <span class='ocr_line' id='line_1_8' title="bbox 224 322 1006 358; baseline -0.003 -8"><span class='ocrx_word' id='word_1_44' title='bbox 224 323 327 355; x_wconf 76' lang='grc' dir='ltr'>ιλέους,</span> <span class='ocrx_word' id='word_1_45' title='bbox 342 323 392 350; x_wconf 79' lang='grc' dir='ltr'>οὐκ</span> <span class='ocrx_word' id='word_1_46' title='bbox 406 323 510 349; x_wconf 68' lang='grc' dir='ltr'>ἐκεῖνον</span> <span class='ocrx_word' id='word_1_47' title='bbox 533 323 660 358; x_wconf 75' lang='grc' dir='ltr'>ἡγεῖσθαι</span> <span class='ocrx_word' id='word_1_48' title='bbox 676 322 751 355; x_wconf 71' lang='grc' dir='ltr'>ἄξιον</span> <span class='ocrx_word' id='word_1_49' title='bbox 764 331 770 338; x_wconf 91' lang='grc'>·</span> <span class='ocrx_word' id='word_1_50' title='bbox 786 323 825 354; x_wconf 80' lang='grc' dir='ltr'><strong>είς</strong></span> <span class='ocrx_word' id='word_1_51' title='bbox 840 322 955 358; x_wconf 66' lang='grc' dir='ltr'>οὑρανῦν</span> <span class='ocrx_word' id='word_1_52' title='bbox 977 322 1006 348; x_wconf 77' lang='grc' dir='ltr'>δὲ</span> 
     </span>
    </p>
   </div>
   <div class='ocr_carea' id='block_1_9' title="bbox 223 368 1006 405">
    <p class='ocr_par' dir='ltr' id='par_1_9' title="bbox 223 368 1006 405">
     <span class='ocr_line' id='line_1_9' title="bbox 223 368 1006 405; baseline -0.003 -9"><span class='ocrx_word' id='word_1_53' title='bbox 223 368 255 396; x_wconf 70' lang='grc' dir='ltr'>τὸ</span> <span class='ocrx_word' id='word_1_54' title='bbox 283 368 362 404; x_wconf 73' lang='grc' dir='ltr'>θμμα</span> <span class='ocrx_word' id='word_1_55' title='bbox 390 369 500 404; x_wconf 80' lang='grc' dir='ltr'><strong>διάρας,</strong></span> <span class='ocrx_word' id='word_1_56' title='bbox 529 370 568 404; x_wconf 86' lang='grc' dir='ltr'>τῷ</span> <span class='ocrx_word' id='word_1_57' title='bbox 591 369 651 405; x_wconf 86' lang='grc' dir='ltr'><strong>Θεῷ</strong></span> <span class='ocrx_word' id='word_1_58' title='bbox 670 369 703 395; x_wconf 72' lang='grc' dir='ltr'>ἑκ</span> <span class='ocrx_word' id='word_1_59' title='bbox 720 368 817 404; x_wconf 79' lang='grc' dir='ltr'><strong>βάθους</strong></span> <span class='ocrx_word' id='word_1_60' title='bbox 831 368 881 403; x_wconf 78' lang='grc' dir='ltr'>τῆς</span> <span class='ocrx_word' id='word_1_61' title='bbox 896 368 1006 403; x_wconf 77' lang='grc' dir='ltr'><strong>καρδίας</strong></span> 
     </span>
    </p>
   </div>
   <div class='ocr_carea' id='block_1_10' title="bbox 223 413 1006 450">
    <p class='ocr_par' dir='ltr' id='par_1_10' title="bbox 223 413 1006 450">
     <span class='ocr_line' id='line_1_10' title="bbox 223 413 1006 450; baseline -0.004 -8"><span class='ocrx_word' id='word_1_62' title='bbox 223 414 406 450; x_wconf 78' lang='grc' dir='ltr'><strong>προσηύχετο,</strong></span> <span class='ocrx_word' id='word_1_63' title='bbox 438 415 487 442; x_wconf 75' lang='grc' dir='ltr'>καὶ</span> <span class='ocrx_word' id='word_1_64' title='bbox 514 414 569 441; x_wconf 86' lang='grc' dir='ltr'><strong>τῶν</strong></span> <span class='ocrx_word' id='word_1_65' title='bbox 593 414 623 446; x_wconf 71' lang='grc' dir='ltr'><strong>ἐξ</strong></span> <span class='ocrx_word' id='word_1_66' title='bbox 641 414 738 445; x_wconf 70' lang='grc' dir='ltr'>αἰῶνος</span> <span class='ocrx_word' id='word_1_67' title='bbox 755 413 836 442; x_wconf 72' lang='grc' dir='ltr'>αὐτὸν</span> <span class='ocrx_word' id='word_1_68' title='bbox 853 413 1006 448; x_wconf 75' lang='grc' dir='ltr'>ὲμίμνησκε</span> 
     </span>
    </p>
   </div>
   <div class='ocr_carea' id='block_1_11' title="bbox 223 459 1009 497">
    <p class='ocr_par' dir='ltr' id='par_1_11' title="bbox 223 459 1009 497">
     <span class='ocr_line' id='line_1_11' title="bbox 223 459 1009 497; baseline -0.004 -9"><span class='ocrx_word' id='word_1_69' title='bbox 223 461 395 497; x_wconf 79' lang='grc' dir='ltr'><strong>θαυμασίων,</strong></span> <span class='ocrx_word' id='word_1_70' title='bbox 413 461 499 497; x_wconf 80' lang='grc' dir='ltr'>Κύριε</span> <span class='ocrx_word' id='word_1_71' title='bbox 516 461 530 488; x_wconf 81' lang='grc' dir='ltr'><strong>δ</strong></span> <span class='ocrx_word' id='word_1_72' title='bbox 545 461 622 494; x_wconf 80' lang='grc' dir='ltr'>Θεὸς,</span> <span class='ocrx_word' id='word_1_73' title='bbox 640 460 727 494; x_wconf 82' lang='grc' dir='ltr'>λέγων</span> <span class='ocrx_word' id='word_1_74' title='bbox 738 480 746 493; x_wconf 83' lang='grc'><em>,</em></span> <span class='ocrx_word' id='word_1_75' title='bbox 763 459 793 486; x_wconf 81' lang='grc' dir='ltr'>οὐ</span> <span class='ocrx_word' id='word_1_76' title='bbox 813 459 927 494; x_wconf 75' lang='grc' dir='ltr'><strong>καρδίαν</strong></span> <span class='ocrx_word' id='word_1_77' title='bbox 944 459 1009 485; x_wconf 82' lang='grc' dir='ltr'>πλα-</span> 
     </span>
    </p>
   </div>
   <div class='ocr_carea' id='block_1_12' title="bbox 221 504 1007 542">
    <p class='ocr_par' dir='ltr' id='par_1_12' title="bbox 221 504 1007 542">
     <span class='ocr_line' id='line_1_12' title="bbox 221 504 1007 542; baseline -0.005 -8"><span class='ocrx_word' id='word_1_78' title='bbox 221 508 305 538; x_wconf 84' lang='grc' dir='ltr'>τύνας</span> <span class='ocrx_word' id='word_1_79' title='bbox 326 507 366 542; x_wconf 85' lang='grc' dir='ltr'>τῷ</span> <span class='ocrx_word' id='word_1_80' title='bbox 384 506 469 533; x_wconf 82' lang='grc' dir='ltr'>Δαυῒδ</span> <span class='ocrx_word' id='word_1_81' title='bbox 487 508 516 534; x_wconf 76' lang='grc' dir='ltr'>ὲν</span> <span class='ocrx_word' id='word_1_82' title='bbox 533 507 592 536; x_wconf 81' lang='grc' dir='ltr'>ταῖς</span> <span class='ocrx_word' id='word_1_83' title='bbox 619 506 760 540; x_wconf 74' lang='grc' dir='ltr'>θλίψεσιν,</span> <span class='ocrx_word' id='word_1_84' title='bbox 779 505 794 531; x_wconf 83' lang='grc' dir='ltr'><strong>ό</strong></span> <span class='ocrx_word' id='word_1_85' title='bbox 818 505 856 540; x_wconf 87' lang='grc' dir='ltr'>τῷ</span> <span class='ocrx_word' id='word_1_86' title='bbox 880 504 1007 540; x_wconf 74' lang='grc' dir='ltr'>προφήτῃ</span> 
     </span>
    </p>
   </div>
   <div class='ocr_carea' id='block_1_13' title="bbox 224 549 1008 588">
    <p class='ocr_par' dir='ltr' id='par_1_13' title="bbox 224 549 1008 588">
     <span class='ocr_line' id='line_1_13' title="bbox 224 549 1008 588; baseline -0.003 -9"><span class='ocrx_word' id='word_1_87' title='bbox 224 553 325 588; x_wconf 77' lang='grc' dir='ltr'>Δανιὴλ</span> <span class='ocrx_word' id='word_1_88' title='bbox 365 552 437 579; x_wconf 82' lang='grc' dir='ltr'>κατὰ</span> <span class='ocrx_word' id='word_1_89' title='bbox 476 552 590 579; x_wconf 82' lang='grc' dir='ltr'>λεόντων</span> <span class='ocrx_word' id='word_1_90' title='bbox 629 551 707 586; x_wconf 75' lang='grc' dir='ltr'>ἰσχὺν</span> <span class='ocrx_word' id='word_1_91' title='bbox 743 549 878 582; x_wconf 78' lang='grc' dir='ltr'>δεδωκὼς,</span> <span class='ocrx_word' id='word_1_92' title='bbox 909 551 922 577; x_wconf 81' lang='grc' dir='ltr'><strong>ό</strong></span> <span class='ocrx_word' id='word_1_93' title='bbox 945 551 1008 582; x_wconf 80' lang='grc' dir='ltr'>τοὺς</span> 
     </span>
    </p>
   </div>
   <div class='ocr_carea' id='block_1_14' title="bbox 229 595 1007 633">
    <p class='ocr_par' dir='ltr' id='par_1_14' title="bbox 229 595 1007 633">
     <span class='ocr_line' id='line_1_14' title="bbox 229 595 1007 633; baseline -0.005 -8"><span class='ocrx_word' id='word_1_94' title='bbox 229 598 429 633; x_wconf 67' lang='grc' dir='ltr'>’Δεραμιαίους</span> <span class='ocrx_word' id='word_1_95' title='bbox 444 598 541 630; x_wconf 86' lang='grc' dir='ltr'>παῖδας</span> <span class='ocrx_word' id='word_1_96' title='bbox 564 597 698 633; x_wconf 80' lang='grc' dir='ltr'>τυράννου</span> <span class='ocrx_word' id='word_1_97' title='bbox 716 597 830 633; x_wconf 84' lang='grc' dir='ltr'>νικητὰς</span> <span class='ocrx_word' id='word_1_98' title='bbox 850 596 897 622; x_wconf 77' lang='grc' dir='ltr'>καὶ</span> <span class='ocrx_word' id='word_1_99' title='bbox 911 595 1007 630; x_wconf 71' lang='grc' dir='ltr'>φλογὸς</span> 
     </span>
    </p>
   </div>
   <div class='ocr_carea' id='block_1_15' title="bbox 223 641 1008 679">
    <p class='ocr_par' dir='ltr' id='par_1_15' title="bbox 223 641 1008 679">
     <span class='ocr_line' id='line_1_15' title="bbox 223 641 1008 679; baseline -0.004 -9"><span class='ocrx_word' id='word_1_100' title='bbox 223 642 374 677; x_wconf 75' lang='grc' dir='ltr'>ἀναδείξας,</span> <span class='ocrx_word' id='word_1_101' title='bbox 397 643 478 675; x_wconf 65' lang='grc' dir='ltr'>αὐτὸς</span> <span class='ocrx_word' id='word_1_102' title='bbox 503 644 549 670; x_wconf 76' lang='grc' dir='ltr'>καὶ</span> <span class='ocrx_word' id='word_1_103' title='bbox 566 643 624 676; x_wconf 77' lang='grc' dir='ltr'>νῦν,</span> <span class='ocrx_word' id='word_1_104' title='bbox 653 642 750 679; x_wconf 81' lang='grc' dir='ltr'>Κύριε,</span> <span class='ocrx_word' id='word_1_105' title='bbox 769 642 815 670; x_wconf 78' lang='grc' dir='ltr'><strong>τὸν</strong></span> <span class='ocrx_word' id='word_1_106' title='bbox 847 641 908 669; x_wconf 80' lang='grc' dir='ltr'>καθ’</span> <span class='ocrx_word' id='word_1_107' title='bbox 929 641 1008 676; x_wconf 81' lang='grc' dir='ltr'>ἡμῶν</span> 
     </span>
    </p>
   </div>
   <div class='ocr_carea' id='block_1_16' title="bbox 224 687 1008 725">
    <p class='ocr_par' dir='ltr' id='par_1_16' title="bbox 224 687 1008 725">
     <span class='ocr_line' id='line_1_16' title="bbox 224 687 1008 725; baseline -0.004 -9"><span class='ocrx_word' id='word_1_108' title='bbox 224 689 300 717; x_wconf 74' lang='grc' dir='ltr'>ἔπιδε</span> <span class='ocrx_word' id='word_1_109' title='bbox 318 690 447 725; x_wconf 81' lang='grc' dir='ltr'>πόλεμον,</span> <span class='ocrx_word' id='word_1_110' title='bbox 469 690 483 717; x_wconf 89' lang='grc' dir='ltr'><strong>ό</strong></span> <span class='ocrx_word' id='word_1_111' title='bbox 505 689 556 725; x_wconf 82' lang='grc' dir='ltr'>τῆς</span> <span class='ocrx_word' id='word_1_112' title='bbox 580 689 720 725; x_wconf 81' lang='grc' dir='ltr'>ἡμετέρας</span> <span class='ocrx_word' id='word_1_113' title='bbox 744 687 821 720; x_wconf 78' lang='grc' dir='ltr'>εἰδὼς</span> <span class='ocrx_word' id='word_1_114' title='bbox 837 688 945 723; x_wconf 71' lang='grc' dir='ltr'>φύσεως</span> <span class='ocrx_word' id='word_1_115' title='bbox 959 687 1008 722; x_wconf 86' lang='grc' dir='ltr'><strong>τὴν</strong></span> 
     </span>
    </p>
   </div>
   <div class='ocr_carea' id='block_1_17' title="bbox 224 732 1007 771">
    <p class='ocr_par' dir='ltr' id='par_1_17' title="bbox 224 732 1007 771">
     <span class='ocr_line' id='line_1_17' title="bbox 224 732 1007 771; baseline -0.004 -9"><span class='ocrx_word' id='word_1_116' title='bbox 224 736 365 763; x_wconf 69' lang='grc' dir='ltr'>ἀσθένειαν</span> <span class='ocrx_word' id='word_1_117' title='bbox 381 735 537 771; x_wconf 79' lang='grc' dir='ltr'>’πειρᾶται</span> <span class='ocrx_word' id='word_1_118' title='bbox 563 735 617 770; x_wconf 82' lang='grc' dir='ltr'><strong>γὰρ</strong></span> <span class='ocrx_word' id='word_1_119' title='bbox 645 735 660 762; x_wconf 86' lang='grc' dir='ltr'><strong>ό</strong></span> <span class='ocrx_word' id='word_1_120' title='bbox 693 734 791 770; x_wconf 79' lang='grc' dir='ltr'>ἑχθρδς</span> <span class='ocrx_word' id='word_1_121' title='bbox 818 735 849 761; x_wconf 84' lang='grc' dir='ltr'><strong>τὸ</strong></span> <span class='ocrx_word' id='word_1_122' title='bbox 875 734 925 769; x_wconf 85' lang='grc' dir='ltr'>τῆς</span> <span class='ocrx_word' id='word_1_123' title='bbox 958 732 1007 768; x_wconf 80' lang='grc' dir='ltr'>σῆς</span> 
     </span>
    </p>
   </div>
   <div class='ocr_carea' id='block_1_18' title="bbox 224 779 1007 817">
    <p class='ocr_par' dir='ltr' id='par_1_18' title="bbox 224 779 1007 817">
     <span class='ocr_line' id='line_1_18' title="bbox 224 779 1007 817; baseline -0.001 -10"><span class='ocrx_word' id='word_1_124' title='bbox 224 781 340 816; x_wconf 73' lang='grc' dir='ltr'>πλάσμα</span> <span class='ocrx_word' id='word_1_125' title='bbox 370 782 462 817; x_wconf 77' lang='grc' dir='ltr'>χειρὸς</span> <span class='ocrx_word' id='word_1_126' title='bbox 490 781 569 816; x_wconf 76' lang='grc' dir='ltr'>δόξης</span> <span class='ocrx_word' id='word_1_127' title='bbox 598 781 751 817; x_wconf 74' lang='grc' dir='ltr'><strong>ἀποστῆσαι</strong></span> <span class='ocrx_word' id='word_1_128' title='bbox 779 781 828 816; x_wconf 83' lang='grc' dir='ltr'>τῆς</span> <span class='ocrx_word' id='word_1_129' title='bbox 855 780 930 816; x_wconf 78' lang='grc' dir='ltr'>παρὰ</span> <span class='ocrx_word' id='word_1_130' title='bbox 956 779 1007 806; x_wconf 83' lang='grc' dir='ltr'>σοι.</span> 
     </span>
    </p>
   </div>
   <div class='ocr_carea' id='block_1_19' title="bbox 229 826 1009 863">
    <p class='ocr_par' dir='ltr' id='par_1_19' title="bbox 229 826 1009 863">
     <span class='ocr_line' id='line_1_19' title="bbox 229 826 1009 863; baseline -0.004 -8"><span class='ocrx_word' id='word_1_131' title='bbox 229 828 300 855; x_wconf 67' lang='grc' dir='ltr'>Ἀλλ’</span> <span class='ocrx_word' id='word_1_132' title='bbox 312 828 405 861; x_wconf 73' lang='grc' dir='ltr'>αὐτὸς,</span> <span class='ocrx_word' id='word_1_133' title='bbox 423 827 609 863; x_wconf 73' lang='grc' dir='ltr'>φιλανθρώπῳ</span> <span class='ocrx_word' id='word_1_134' title='bbox 627 836 674 855; x_wconf 86' lang='grc' dir='ltr'><strong>σου</strong></span> <span class='ocrx_word' id='word_1_135' title='bbox 691 828 796 863; x_wconf 72' lang='grc' dir='ltr'>ὄμματι</span> <span class='ocrx_word' id='word_1_136' title='bbox 807 827 922 862; x_wconf 75' lang='grc' dir='ltr'>εὐμενὲς</span> <span class='ocrx_word' id='word_1_137' title='bbox 942 826 1009 861; x_wconf 77' lang='grc' dir='ltr'>ἡμῖν</span> 
     </span>
    </p>
   </div>
   <div class='ocr_carea' id='block_1_20' title="bbox 223 872 1010 913">
    <p class='ocr_par' dir='ltr' id='par_1_20' title="bbox 223 872 1010 913">
     <span class='ocr_line' id='line_1_20' title="bbox 223 872 1010 913; baseline -0.005 -11"><span class='ocrx_word' id='word_1_138' title='bbox 223 874 529 913; x_wconf 43' lang='grc' dir='ltr'>ἐπιϐλέψαςηᾶσσεστον</span> <span class='ocrx_word' id='word_1_139' title='bbox 544 874 593 910; x_wconf 71' lang='grc' dir='ltr'>μὲν</span> <span class='ocrx_word' id='word_1_140' title='bbox 602 873 650 900; x_wconf 80' lang='grc' dir='ltr'>τὸν</span> <span class='ocrx_word' id='word_1_141' title='bbox 659 874 756 908; x_wconf 82' lang='grc' dir='ltr'>λύχνον</span> <span class='ocrx_word' id='word_1_142' title='bbox 767 873 822 900; x_wconf 80' lang='grc' dir='ltr'><strong>τῶν</strong></span> <span class='ocrx_word' id='word_1_143' title='bbox 834 873 888 900; x_wconf 85' lang='grc' dir='ltr'>σῶν</span> <span class='ocrx_word' id='word_1_144' title='bbox 897 872 1010 900; x_wconf 74' lang='grc' dir='ltr'>ἐντολῶν</span> 
     </span>
    </p>
   </div>
   <div class='ocr_carea' id='block_1_21' title="bbox 223 918 1012 956">
    <p class='ocr_par' dir='ltr' id='par_1_21' title="bbox 223 918 1012 956">
     <span class='ocr_line' id='line_1_21' title="bbox 223 918 1012 956; baseline -0.003 -9"><span class='ocrx_word' id='word_1_145' title='bbox 223 921 254 948; x_wconf 68' lang='grc' dir='ltr'>ἓν</span> <span class='ocrx_word' id='word_1_146' title='bbox 279 921 345 956; x_wconf 78' lang='grc' dir='ltr'>ἡμῖν</span> <span class='ocrx_word' id='word_1_147' title='bbox 368 919 543 956; x_wconf 81' lang='grc' dir='ltr'>διατήρησον,</span> <span class='ocrx_word' id='word_1_148' title='bbox 569 919 609 955; x_wconf 87' lang='grc' dir='ltr'>τῷ</span> <span class='ocrx_word' id='word_1_149' title='bbox 634 919 673 955; x_wconf 87' lang='grc' dir='ltr'>σῷ</span> <span class='ocrx_word' id='word_1_150' title='bbox 693 920 723 946; x_wconf 82' lang='grc' dir='ltr'>δὲ</span> <span class='ocrx_word' id='word_1_151' title='bbox 743 920 814 954; x_wconf 78' lang='grc' dir='ltr'>φωτὶ</span> <span class='ocrx_word' id='word_1_152' title='bbox 832 919 880 951; x_wconf 77' lang='grc' dir='ltr'><strong>τᾲς</strong></span> <span class='ocrx_word' id='word_1_153' title='bbox 904 918 1012 955; x_wconf 72' lang='grc' dir='ltr'>τρζὸους</span> 
     </span>
    </p>
   </div>
   <div class='ocr_carea' id='block_1_22' title="bbox 226 964 1012 1002">
    <p class='ocr_par' dir='ltr' id='par_1_22' title="bbox 226 964 1012 1002">
     <span class='ocr_line' id='line_1_22' title="bbox 226 964 1012 1002; baseline -0.005 -8"><span class='ocrx_word' id='word_1_154' title='bbox 226 967 306 1002; x_wconf 75' lang='grc' dir='ltr'>ἡμῶν</span> <span class='ocrx_word' id='word_1_155' title='bbox 321 966 500 999; x_wconf 76' lang='grc' dir='ltr'>κατεύθυνον,</span> <span class='ocrx_word' id='word_1_156' title='bbox 520 966 569 993; x_wconf 75' lang='grc' dir='ltr'>καὶ</span> <span class='ocrx_word' id='word_1_157' title='bbox 583 966 630 1001; x_wconf 82' lang='grc' dir='ltr'>τῆς</span> <span class='ocrx_word' id='word_1_158' title='bbox 645 967 676 993; x_wconf 77' lang='grc' dir='ltr'>ὲν</span> <span class='ocrx_word' id='word_1_159' title='bbox 695 965 738 992; x_wconf 71' lang='grc' dir='ltr'>σοὶ</span> <span class='ocrx_word' id='word_1_160' title='bbox 753 964 907 992; x_wconf 81' lang='grc' dir='ltr'>ἀπολαῦσαι</span> <span class='ocrx_word' id='word_1_161' title='bbox 923 972 1012 1000; x_wconf 86' lang='grc' dir='ltr'>μακα-</span> 
     </span>
    </p>
   </div>
   <div class='ocr_carea' id='block_1_23' title="bbox 230 1009 1013 1048">
    <p class='ocr_par' dir='ltr' id='par_1_23' title="bbox 230 1009 1013 1048">
     <span class='ocr_line' id='line_1_23' title="bbox 230 1009 1013 1048; baseline -0.005 -8"><span class='ocrx_word' id='word_1_162' title='bbox 230 1013 354 1048; x_wconf 72' lang='grc' dir='ltr'>ριότητος</span> <span class='ocrx_word' id='word_1_163' title='bbox 379 1012 574 1045; x_wconf 75' lang='grc' dir='ltr'>καταξίωσον·</span> <span class='ocrx_word' id='word_1_164' title='bbox 592 1013 634 1040; x_wconf 77' lang='grc' dir='ltr'>ὅτι</span> <span class='ocrx_word' id='word_1_165' title='bbox 656 1011 803 1046; x_wconf 72' lang='grc' dir='ltr'><strong>εὐλογητὸς</strong></span> <span class='ocrx_word' id='word_1_166' title='bbox 830 1009 856 1038; x_wconf 79' lang='grc' dir='ltr'>εἰ</span> <span class='ocrx_word' id='word_1_167' title='bbox 884 1011 923 1042; x_wconf 78' lang='lat' dir='ltr'><strong>si;</strong></span> <span class='ocrx_word' id='word_1_168' title='bbox 949 1010 1013 1042; x_wconf 81' lang='grc' dir='ltr'>τοὺς</span> 
     </span>
    </p>
   </div>
   <div class='ocr_carea' id='block_1_24' title="bbox 226 1055 1014 1094">
    <p class='ocr_par' dir='ltr' id='par_1_24' title="bbox 226 1055 1014 1094">
     <span class='ocr_line' id='line_1_24' title="bbox 226 1055 1014 1094; baseline -0.005 -8"><span class='ocrx_word' id='word_1_169' title='bbox 226 1059 340 1091; x_wconf 71' lang='grc' dir='ltr'>αἰῶνας.</span> <span class='ocrx_word' id='word_1_170' title='bbox 358 1058 469 1094; x_wconf 78' lang='grc' dir='ltr'><strong>Ταύτην</strong></span> <span class='ocrx_word' id='word_1_171' title='bbox 487 1058 538 1093; x_wconf 67' lang='grc' dir='ltr'>μιν</span> <span class='ocrx_word' id='word_1_172' title='bbox 555 1056 604 1085; x_wconf 79' lang='grc' dir='ltr'>οὖν</span> <span class='ocrx_word' id='word_1_173' title='bbox 616 1058 720 1089; x_wconf 73' lang='grc' dir='ltr'>ικεῑνος</span> <span class='ocrx_word' id='word_1_174' title='bbox 733 1057 772 1092; x_wconf 78' lang='grc' dir='ltr'>τῷ</span> <span class='ocrx_word' id='word_1_175' title='bbox 786 1056 941 1093; x_wconf 72' lang='grc' dir='ltr'>ἀγωνοοιτῃ</span> <span class='ocrx_word' id='word_1_176' title='bbox 956 1055 1014 1090; x_wconf 75' lang='grc' dir='ltr'><strong>Θεῷ</strong></span> 
     </span>
    </p>
   </div>
   <div class='ocr_carea' id='block_1_25' title="bbox 227 1101 1015 1140">
    <p class='ocr_par' dir='ltr' id='par_1_25' title="bbox 227 1101 1015 1140">
     <span class='ocr_line' id='line_1_25' title="bbox 227 1101 1015 1140; baseline -0.004 -9"><span class='ocrx_word' id='word_1_177' title='bbox 227 1105 279 1139; x_wconf 78' lang='grc' dir='ltr'>τὴν</span> <span class='ocrx_word' id='word_1_178' title='bbox 292 1103 471 1140; x_wconf 69' lang='grc' dir='ltr'>εὐχαριστίαν</span> <span class='ocrx_word' id='word_1_179' title='bbox 485 1103 644 1139; x_wconf 68' lang='grc' dir='ltr'>ἀνέπεμπε.</span> <span class='ocrx_word' id='word_1_180' title='bbox 668 1103 729 1130; x_wconf 84' lang='grc' dir='ltr'><strong>Τῶν</strong></span> <span class='ocrx_word' id='word_1_181' title='bbox 740 1102 921 1138; x_wconf 70' lang='grc' dir='ltr'>ὑπογραφέων</span> <span class='ocrx_word' id='word_1_182' title='bbox 931 1101 959 1128; x_wconf 78' lang='grc' dir='ltr'>δι</span> <span class='ocrx_word' id='word_1_183' title='bbox 974 1109 1015 1133; x_wconf 81' lang='grc' dir='ltr'><strong>τις</strong></span> 
     </span>
    </p>
   </div>
   <div class='ocr_carea' id='block_1_26' title="bbox 227 1148 778 1186">
    <p class='ocr_par' dir='ltr' id='par_1_26' title="bbox 227 1148 778 1186">
     <span class='ocr_line' id='line_1_26' title="bbox 227 1148 778 1186; baseline -0.002 -9"><span class='ocrx_word' id='word_1_184' title='bbox 227 1149 374 1186; x_wconf 71' lang='grc' dir='ltr'>παρεστὼς</span> <span class='ocrx_word' id='word_1_185' title='bbox 391 1150 552 1186; x_wconf 76' lang='grc' dir='ltr'>διεχάραττε</span> <span class='ocrx_word' id='word_1_186' title='bbox 571 1148 607 1177; x_wconf 80' lang='grc' dir='ltr'>τὰ</span> <span class='ocrx_word' id='word_1_187' title='bbox 628 1148 778 1184; x_wconf 75' lang='grc' dir='ltr'>λεγόμενα.</span> 
     </span>
    </p>
   </div>
   <div class='ocr_carea' id='block_1_27' title="bbox 265 1283 1015 1319">
    <p class='ocr_par' dir='ltr' id='par_1_27' title="bbox 265 1283 1015 1319">
     <span class='ocr_line' id='line_1_27' title="bbox 265 1283 1015 1319; baseline -0.001 -8"><span class='ocrx_word' id='word_1_188' title='bbox 265 1284 305 1311; x_wconf 73' lang='lat'><strong>8’.</strong></span> <span class='ocrx_word' id='word_1_189' title='bbox 325 1284 379 1310; x_wconf 74' lang='grc' dir='ltr'><strong>Καὶ</strong></span> <span class='ocrx_word' id='word_1_190' title='bbox 393 1283 408 1310; x_wconf 88' lang='grc' dir='ltr'><strong>ό</strong></span> <span class='ocrx_word' id='word_1_191' title='bbox 423 1283 538 1319; x_wconf 82' lang='grc' dir='ltr'>ἡγεμὼν</span> <span class='ocrx_word' id='word_1_192' title='bbox 551 1283 656 1310; x_wconf 72' lang='grc' dir='ltr'>ἀνεῖναι</span> <span class='ocrx_word' id='word_1_193' title='bbox 670 1283 718 1317; x_wconf 78' lang='grc' dir='ltr'>τῆς</span> <span class='ocrx_word' id='word_1_194' title='bbox 735 1283 871 1318; x_wconf 74' lang='grc' dir='ltr'><strong>τιμωρίας</strong></span> <span class='ocrx_word' id='word_1_195' title='bbox 883 1283 963 1310; x_wconf 79' lang='grc' dir='ltr'>αὐτὸν</span> <span class='ocrx_word' id='word_1_196' title='bbox 976 1283 1015 1318; x_wconf 85' lang='grc' dir='ltr'><strong>τῷ</strong></span> 
     </span>
    </p>
   </div>
   <div class='ocr_carea' id='block_1_28' title="bbox 229 1328 1014 1365">
    <p class='ocr_par' dir='ltr' id='par_1_28' title="bbox 229 1328 1014 1365">
     <span class='ocr_line' id='line_1_28' title="bbox 229 1328 1014 1365; baseline -0.003 -8"><span class='ocrx_word' id='word_1_197' title='bbox 229 1329 440 1365; x_wconf 81' lang='grc' dir='ltr'>κομενταρησίῳ</span> <span class='ocrx_word' id='word_1_198' title='bbox 462 1329 600 1357; x_wconf 70' lang='grc' dir='ltr'>ἐκέλευεν.</span> <span class='ocrx_word' id='word_1_199' title='bbox 635 1330 666 1356; x_wconf 86' lang='lat'><strong>&#39;0</strong></span> <span class='ocrx_word' id='word_1_200' title='bbox 695 1329 723 1356; x_wconf 78' lang='grc' dir='ltr'>δὲ</span> <span class='ocrx_word' id='word_1_201' title='bbox 745 1328 817 1356; x_wconf 79' lang='grc' dir='ltr'>οὕτω</span> <span class='ocrx_word' id='word_1_202' title='bbox 845 1328 1014 1364; x_wconf 83' lang='grc' dir='ltr'>πεποιηκὼς,</span> 
     </span>
    </p>
   </div>
   <div class='ocr_carea' id='block_1_29' title="bbox 232 1373 1015 1411">
    <p class='ocr_par' dir='ltr' id='par_1_29' title="bbox 232 1373 1015 1411">
     <span class='ocr_line' id='line_1_29' title="bbox 232 1373 1015 1411; baseline -0.003 -7"><span class='ocrx_word' id='word_1_203' title='bbox 232 1376 282 1404; x_wconf 68' lang='grc' dir='ltr'>καὶ</span> <span class='ocrx_word' id='word_1_204' title='bbox 299 1375 370 1411; x_wconf 82' lang='grc' dir='ltr'>μετὰ</span> <span class='ocrx_word' id='word_1_205' title='bbox 395 1376 451 1402; x_wconf 85' lang='grc' dir='ltr'>τῶν</span> <span class='ocrx_word' id='word_1_206' title='bbox 474 1375 608 1402; x_wconf 82' lang='grc' dir='ltr'>συνόντων</span> <span class='ocrx_word' id='word_1_207' title='bbox 637 1373 819 1406; x_wconf 78' lang='grc' dir='ltr'>διαϐαστάσας</span> <span class='ocrx_word' id='word_1_208' title='bbox 845 1375 1015 1410; x_wconf 77' lang='grc' dir='ltr'>ἁπειρηκότα</span> 
     </span>
    </p>
   </div>
   <div class='ocr_carea' id='block_1_30' title="bbox 229 1420 1015 1457">
    <p class='ocr_par' dir='ltr' id='par_1_30' title="bbox 229 1420 1015 1457">
     <span class='ocr_line' id='line_1_30' title="bbox 229 1420 1015 1457; baseline -0.001 -9"><span class='ocrx_word' id='word_1_209' title='bbox 229 1422 281 1457; x_wconf 72' lang='grc' dir='ltr'>ἤδη</span> <span class='ocrx_word' id='word_1_210' title='bbox 298 1423 357 1452; x_wconf 77' lang='grc' dir='ltr'>ταῖς</span> <span class='ocrx_word' id='word_1_211' title='bbox 371 1421 530 1456; x_wconf 78' lang='grc' dir='ltr'>ἀλγηδόσιν,</span> <span class='ocrx_word' id='word_1_212' title='bbox 547 1421 577 1447; x_wconf 81' lang='grc' dir='ltr'>ἐν</span> <span class='ocrx_word' id='word_1_213' title='bbox 592 1422 627 1456; x_wconf 86' lang='grc' dir='ltr'>τῇ</span> <span class='ocrx_word' id='word_1_214' title='bbox 647 1420 770 1457; x_wconf 65' lang='grc' dir='ltr'>προτέρᾳ.</span> <span class='ocrx_word' id='word_1_215' title='bbox 790 1421 898 1456; x_wconf 71' lang='grc' dir='ltr'>φυλακῇ</span> <span class='ocrx_word' id='word_1_216' title='bbox 916 1421 1015 1456; x_wconf 81' lang='grc' dir='ltr'>φέρον-</span> 
     </span>
    </p>
   </div>
   <div class='ocr_carea' id='block_1_31' title="bbox 228 1466 1016 1503">
    <p class='ocr_par' dir='ltr' id='par_1_31' title="bbox 228 1466 1016 1503">
     <span class='ocr_line' id='line_1_31' title="bbox 228 1466 1016 1503; baseline -0.003 -9"><span class='ocrx_word' id='word_1_217' title='bbox 228 1476 286 1500; x_wconf 83' lang='grc' dir='ltr'>τις,</span> <span class='ocrx_word' id='word_1_218' title='bbox 299 1467 337 1502; x_wconf 85' lang='grc' dir='ltr'>τῷ</span> <span class='ocrx_word' id='word_1_219' title='bbox 352 1467 418 1503; x_wconf 79' lang='grc' dir='ltr'>ίιρῷ</span> <span class='ocrx_word' id='word_1_220' title='bbox 430 1467 532 1503; x_wconf 75' lang='grc' dir='ltr'>Γουρίᾳ</span> <span class='ocrx_word' id='word_1_221' title='bbox 546 1467 733 1502; x_wconf 81' lang='grc' dir='ltr'>παρατιθεῖσι.</span> <span class='ocrx_word' id='word_1_222' title='bbox 756 1466 812 1493; x_wconf 76' lang='grc' dir='ltr'><strong>Καὶ</strong></span> <span class='ocrx_word' id='word_1_223' title='bbox 824 1466 856 1502; x_wconf 80' lang='grc' dir='ltr'>δὴ</span> <span class='ocrx_word' id='word_1_224' title='bbox 870 1474 1016 1494; x_wconf 74' lang='grc' dir='ltr'>πεντεκαισ</span> 
     </span>
    </p>
   </div>
   <div class='ocr_carea' id='block_1_32' title="bbox 1057 230 1838 267">
    <p class='ocr_par' dir='ltr' id='par_1_32' title="bbox 1057 230 1838 267">
     <span class='ocr_line' id='line_1_32' title="bbox 1057 230 1838 267; baseline 0.001 -10"><span class='ocrx_word' id='word_1_225' title='bbox 1057 234 1160 264; x_wconf 87' lang='lat' dir='ltr'><strong>mento,</strong></span> <span class='ocrx_word' id='word_1_226' title='bbox 1187 231 1261 265; x_wconf 85' lang='lat' dir='ltr'><strong>ipsos</strong></span> <span class='ocrx_word' id='word_1_227' title='bbox 1275 238 1309 258; x_wconf 91' lang='lat' dir='ltr'><strong>ne</strong></span> <span class='ocrx_word' id='word_1_228' title='bbox 1319 230 1375 258; x_wconf 92' lang='lat' dir='ltr'><strong>ullo</strong></span> <span class='ocrx_word' id='word_1_229' title='bbox 1385 231 1497 266; x_wconf 78' lang='lat' dir='ltr'><strong>quidem</strong></span> <span class='ocrx_word' id='word_1_230' title='bbox 1512 231 1680 267; x_wconf 83' lang='lat' dir='ltr'><strong>dignabatur</strong></span> <span class='ocrx_word' id='word_1_231' title='bbox 1693 238 1838 266; x_wconf 84' lang='lat' dir='ltr'><strong>responso,</strong></span> 
     </span>
    </p>
   </div>
   <div class='ocr_carea' id='block_1_33' title="bbox 1055 276 1840 312">
    <p class='ocr_par' dir='ltr' id='par_1_33' title="bbox 1055 276 1840 312">
     <span class='ocr_line' id='line_1_33' title="bbox 1055 276 1840 312; baseline -0.001 -8"><span class='ocrx_word' id='word_1_232' title='bbox 1055 276 1150 304; x_wconf 78' lang='lat' dir='ltr'><strong>sinetis</strong></span> <span class='ocrx_word' id='word_1_233' title='bbox 1164 283 1212 304; x_wconf 81' lang='lat' dir='ltr'><strong>eos</strong></span> <span class='ocrx_word' id='word_1_234' title='bbox 1228 276 1332 311; x_wconf 80' lang='lat' dir='ltr'><strong>lugere.</strong></span> <span class='ocrx_word' id='word_1_235' title='bbox 1356 281 1385 303; x_wconf 87' lang='lat' dir='ltr'><strong>et</strong></span> <span class='ocrx_word' id='word_1_236' title='bbox 1405 284 1434 304; x_wconf 82' lang='lat' dir='ltr'><strong>se</strong></span> <span class='ocrx_word' id='word_1_237' title='bbox 1449 277 1552 310; x_wconf 87' lang='lat' dir='ltr'><strong>potius,</strong></span> <span class='ocrx_word' id='word_1_238' title='bbox 1564 285 1619 305; x_wconf 89' lang='lat' dir='ltr'><strong>non</strong></span> <span class='ocrx_word' id='word_1_239' title='bbox 1635 278 1710 305; x_wconf 90' lang='lat' dir='ltr'><strong>illum</strong></span> <span class='ocrx_word' id='word_1_240' title='bbox 1725 277 1840 312; x_wconf 87' lang='lat' dir='ltr'><strong>dignum</strong></span> 
     </span>
    </p>
   </div>
   <div class='ocr_carea' id='block_1_34' title="bbox 1057 321 1842 350">
    <p class='ocr_par' dir='ltr' id='par_1_34' title="bbox 1057 321 1842 350">
     <span class='ocr_line' id='line_1_34' title="bbox 1057 321 1842 350; baseline 0.001 -1"><span class='ocrx_word' id='word_1_241' title='bbox 1057 328 1171 350; x_wconf 83' lang='lat' dir='ltr'><strong>censere</strong></span> <span class='ocrx_word' id='word_1_242' title='bbox 1185 321 1385 350; x_wconf 66' lang='lat' dir='ltr'><strong>misericordia.</strong></span> <span class='ocrx_word' id='word_1_243' title='bbox 1400 321 1427 348; x_wconf 83' lang='lat' dir='ltr'><strong>In</strong></span> <span class='ocrx_word' id='word_1_244' title='bbox 1444 322 1544 349; x_wconf 64' lang='lat' dir='ltr'><strong>celum</strong></span> <span class='ocrx_word' id='word_1_245' title='bbox 1559 327 1651 350; x_wconf 75' lang='lat' dir='ltr'><strong>autem</strong></span> <span class='ocrx_word' id='word_1_246' title='bbox 1666 323 1766 350; x_wconf 86' lang='lat' dir='ltr'><strong>tollens</strong></span> <span class='ocrx_word' id='word_1_247' title='bbox 1775 329 1842 350; x_wconf 78' lang='lat' dir='ltr'><strong>ocu-</strong></span> 
     </span>
    </p>
   </div>
   <div class='ocr_carea' id='block_1_35' title="bbox 1057 367 1840 402">
    <p class='ocr_par' dir='ltr' id='par_1_35' title="bbox 1057 367 1840 402">
     <span class='ocr_line' id='line_1_35' title="bbox 1057 367 1840 402; baseline -0.001 -7"><span class='ocrx_word' id='word_1_248' title='bbox 1057 367 1111 400; x_wconf 78' lang='lat' dir='ltr'><strong>los,</strong></span> <span class='ocrx_word' id='word_1_249' title='bbox 1128 368 1292 402; x_wconf 83' lang='lat' dir='ltr'><strong>precabatur</strong></span> <span class='ocrx_word' id='word_1_250' title='bbox 1318 367 1402 395; x_wconf 88' lang='lat' dir='ltr'><strong>Deum</strong></span> <span class='ocrx_word' id='word_1_251' title='bbox 1415 375 1449 395; x_wconf 70' lang='lat' dir='ltr'><strong>ex</strong></span> <span class='ocrx_word' id='word_1_252' title='bbox 1475 367 1612 402; x_wconf 80' lang='lat' dir='ltr'><strong>profundo</strong></span> <span class='ocrx_word' id='word_1_253' title='bbox 1636 368 1744 401; x_wconf 85' lang='lat' dir='ltr'><strong>cordis,</strong></span> <span class='ocrx_word' id='word_1_254' title='bbox 1761 373 1791 396; x_wconf 76' lang='lat' dir='ltr'><strong>et</strong></span> <span class='ocrx_word' id='word_1_255' title='bbox 1814 369 1840 395; x_wconf 79' lang='lat' dir='ltr'><strong>ei</strong></span> 
     </span>
    </p>
   </div>
   <div class='ocr_carea' id='block_1_36' title="bbox 1059 413 1843 448">
    <p class='ocr_par' dir='ltr' id='par_1_36' title="bbox 1059 413 1843 448">
     <span class='ocr_line' id='line_1_36' title="bbox 1059 413 1843 448; baseline -0.003 -6"><span class='ocrx_word' id='word_1_256' title='bbox 1059 415 1208 442; x_wconf 74' lang='lat' dir='ltr'><strong>revocabat</strong></span> <span class='ocrx_word' id='word_1_257' title='bbox 1228 415 1256 441; x_wconf 92' lang='lat' dir='ltr'><strong>in</strong></span> <span class='ocrx_word' id='word_1_258' title='bbox 1284 413 1444 442; x_wconf 81' lang='lat' dir='ltr'><strong>memoriam</strong></span> <span class='ocrx_word' id='word_1_259' title='bbox 1474 413 1619 445; x_wconf 83' lang='lat' dir='ltr'><strong>miracula,</strong></span> <span class='ocrx_word' id='word_1_260' title='bbox 1642 421 1727 448; x_wconf 74' lang='lat' dir='ltr'><strong>qutea</strong></span> <span class='ocrx_word' id='word_1_261' title='bbox 1742 415 1843 441; x_wconf 64' lang='lat' dir='ltr'><strong>saeculo</strong></span> 
     </span>
    </p>
   </div>
   <div class='ocr_carea' id='block_1_37' title="bbox 1062 458 1843 493">
    <p class='ocr_par' dir='ltr' id='par_1_37' title="bbox 1062 458 1843 493">
     <span class='ocr_line' id='line_1_37' title="bbox 1062 458 1843 493; baseline -0.001 -5"><span class='ocrx_word' id='word_1_262' title='bbox 1062 460 1134 488; x_wconf 79' lang='lat' dir='ltr'><strong>facla</strong></span> <span class='ocrx_word' id='word_1_263' title='bbox 1152 464 1216 488; x_wconf 88' lang='lat' dir='ltr'><strong>sunt</strong></span> <span class='ocrx_word' id='word_1_264' title='bbox 1235 468 1242 487; x_wconf 88' lang='lat'><strong>:</strong></span> <span class='ocrx_word' id='word_1_265' title='bbox 1265 460 1379 488; x_wconf 86' lang='lat' dir='ltr'><strong>Domine</strong></span> <span class='ocrx_word' id='word_1_266' title='bbox 1398 460 1482 492; x_wconf 85' lang='lat' dir='ltr'><strong>Deus,</strong></span> <span class='ocrx_word' id='word_1_267' title='bbox 1505 458 1611 492; x_wconf 78' lang='lat' dir='ltr'><strong>dicens,</strong></span> <span class='ocrx_word' id='word_1_268' title='bbox 1634 459 1693 486; x_wconf 87' lang='lat' dir='ltr'><strong>sine</strong></span> <span class='ocrx_word' id='word_1_269' title='bbox 1713 467 1768 493; x_wconf 85' lang='lat' dir='ltr'><strong>quo</strong></span> <span class='ocrx_word' id='word_1_270' title='bbox 1792 467 1843 487; x_wconf 88' lang='lat' dir='ltr'><strong>nec</strong></span> 
     </span>
    </p>
   </div>
   <div class='ocr_carea' id='block_1_38' title="bbox 1058 505 1844 541">
    <p class='ocr_par' dir='ltr' id='par_1_38' title="bbox 1058 505 1844 541">
     <span class='ocr_line' id='line_1_38' title="bbox 1058 505 1844 541; baseline -0.003 -8"><span class='ocrx_word' id='word_1_271' title='bbox 1058 506 1232 541; x_wconf 86' lang='lat' dir='ltr'><strong>passerculus</strong></span> <span class='ocrx_word' id='word_1_272' title='bbox 1245 506 1357 541; x_wconf 86' lang='lat' dir='ltr'><strong>quidem</strong></span> <span class='ocrx_word' id='word_1_273' title='bbox 1367 506 1446 533; x_wconf 90' lang='lat' dir='ltr'><strong>cadet</strong></span> <span class='ocrx_word' id='word_1_274' title='bbox 1459 506 1487 533; x_wconf 92' lang='lat' dir='ltr'><strong>in</strong></span> <span class='ocrx_word' id='word_1_275' title='bbox 1501 505 1630 541; x_wconf 83' lang='lat' dir='ltr'><strong>laqueum</strong></span> <span class='ocrx_word' id='word_1_276' title='bbox 1642 505 1652 521; x_wconf 84' lang='grc'><em>³</em></span> <span class='ocrx_word' id='word_1_277' title='bbox 1665 513 1672 532; x_wconf 90' lang='lat'><strong>:</strong></span> <span class='ocrx_word' id='word_1_278' title='bbox 1688 505 1735 540; x_wconf 88' lang='lat' dir='ltr'><strong>qui</strong></span> <span class='ocrx_word' id='word_1_279' title='bbox 1750 505 1844 532; x_wconf 83' lang='lat' dir='ltr'><strong>Davidi</strong></span> 
     </span>
    </p>
   </div>
   <div class='ocr_carea' id='block_1_39' title="bbox 1059 550 1844 586">
    <p class='ocr_par' dir='ltr' id='par_1_39' title="bbox 1059 550 1844 586">
     <span class='ocr_line' id='line_1_39' title="bbox 1059 550 1844 586; baseline -0.004 -6"><span class='ocrx_word' id='word_1_280' title='bbox 1059 553 1180 581; x_wconf 85' lang='lat' dir='ltr'><strong>dilatasti</strong></span> <span class='ocrx_word' id='word_1_281' title='bbox 1210 559 1259 580; x_wconf 91' lang='lat' dir='ltr'><strong>cor</strong></span> <span class='ocrx_word' id='word_1_282' title='bbox 1286 552 1314 580; x_wconf 92' lang='lat' dir='ltr'><strong>in</strong></span> <span class='ocrx_word' id='word_1_283' title='bbox 1341 551 1536 579; x_wconf 83' lang='lat' dir='ltr'><strong>atllictionibus</strong></span> <span class='ocrx_word' id='word_1_284' title='bbox 1553 552 1574 568; x_wconf 80' lang='lat'>&quot;</span> <span class='ocrx_word' id='word_1_285' title='bbox 1599 560 1606 585; x_wconf 87' lang='lat'><strong>;</strong></span> <span class='ocrx_word' id='word_1_286' title='bbox 1629 551 1677 586; x_wconf 95' lang='lat' dir='ltr'><strong>qui</strong></span> <span class='ocrx_word' id='word_1_287' title='bbox 1702 550 1844 586; x_wconf 69' lang='lat' dir='ltr'><strong>propheta:</strong></span> 
     </span>
    </p>
   </div>
   <div class='ocr_carea' id='block_1_40' title="bbox 1059 597 1844 632">
    <p class='ocr_par' dir='ltr' id='par_1_40' title="bbox 1059 597 1844 632">
     <span class='ocr_line' id='line_1_40' title="bbox 1059 597 1844 632; baseline -0.005 -4"><span class='ocrx_word' id='word_1_288' title='bbox 1059 599 1164 628; x_wconf 87' lang='lat' dir='ltr'><strong>Danieli</strong></span> <span class='ocrx_word' id='word_1_289' title='bbox 1196 598 1252 625; x_wconf 92' lang='lat' dir='ltr'><strong>vim</strong></span> <span class='ocrx_word' id='word_1_290' title='bbox 1273 598 1374 626; x_wconf 83' lang='lat' dir='ltr'><strong>dedisti</strong></span> <span class='ocrx_word' id='word_1_291' title='bbox 1402 598 1486 626; x_wconf 81' lang='lat' dir='ltr'><strong>etiam</strong></span> <span class='ocrx_word' id='word_1_292' title='bbox 1500 602 1596 625; x_wconf 84' lang='lat' dir='ltr'><strong>contra</strong></span> <span class='ocrx_word' id='word_1_293' title='bbox 1621 598 1717 625; x_wconf 80' lang='lat' dir='ltr'><strong>leones</strong></span> <span class='ocrx_word' id='word_1_294' title='bbox 1730 597 1751 614; x_wconf 87' lang='lat'>“</span> <span class='ocrx_word' id='word_1_295' title='bbox 1773 606 1779 623; x_wconf 92' lang='lat'><strong>:</strong></span> <span class='ocrx_word' id='word_1_296' title='bbox 1796 597 1844 632; x_wconf 85' lang='lat' dir='ltr'><strong>qui</strong></span> 
     </span>
    </p>
   </div>
   <div class='ocr_carea' id='block_1_41' title="bbox 1059 643 1847 679">
    <p class='ocr_par' dir='ltr' id='par_1_41' title="bbox 1059 643 1847 679">
     <span class='ocr_line' id='line_1_41' title="bbox 1059 643 1847 679; baseline 0.001 -10"><span class='ocrx_word' id='word_1_297' title='bbox 1059 649 1159 676; x_wconf 83' lang='lat' dir='ltr'><strong>pueros</strong></span> <span class='ocrx_word' id='word_1_298' title='bbox 1174 644 1343 672; x_wconf 65' lang='lat' dir='ltr'><strong>Abramiatos</strong></span> <span class='ocrx_word' id='word_1_299' title='bbox 1356 648 1385 672; x_wconf 90' lang='lat' dir='ltr'><strong>et</strong></span> <span class='ocrx_word' id='word_1_300' title='bbox 1412 643 1521 679; x_wconf 85' lang='lat' dir='ltr'><strong>tyranni</strong></span> <span class='ocrx_word' id='word_1_301' title='bbox 1538 648 1566 671; x_wconf 88' lang='lat' dir='ltr'><strong>ct</strong></span> <span class='ocrx_word' id='word_1_302' title='bbox 1590 643 1706 671; x_wconf 78' lang='lat' dir='ltr'><strong>ﬂammae</strong></span> <span class='ocrx_word' id='word_1_303' title='bbox 1727 643 1847 670; x_wconf 80' lang='lat' dir='ltr'><strong>victores</strong></span> 
     </span>
    </p>
   </div>
   <div class='ocr_carea' id='block_1_42' title="bbox 1059 689 1846 724">
    <p class='ocr_par' dir='ltr' id='par_1_42' title="bbox 1059 689 1846 724">
     <span class='ocr_line' id='line_1_42' title="bbox 1059 689 1846 724; baseline 0 -8"><span class='ocrx_word' id='word_1_304' title='bbox 1059 689 1176 718; x_wconf 82' lang='lat' dir='ltr'><strong>etl‘ecisti</strong></span> <span class='ocrx_word' id='word_1_305' title='bbox 1189 690 1234 723; x_wconf 82' lang='lat'><strong>&quot;;</strong></span> <span class='ocrx_word' id='word_1_306' title='bbox 1256 694 1285 717; x_wconf 87' lang='lat' dir='ltr'><strong>tu</strong></span> <span class='ocrx_word' id='word_1_307' title='bbox 1317 697 1427 724; x_wconf 86' lang='lat' dir='ltr'><strong>quoque</strong></span> <span class='ocrx_word' id='word_1_308' title='bbox 1449 697 1534 722; x_wconf 83' lang='lat' dir='ltr'><strong>nunc,</strong></span> <span class='ocrx_word' id='word_1_309' title='bbox 1562 689 1687 722; x_wconf 89' lang='lat' dir='ltr'><strong>Domine,</strong></span> <span class='ocrx_word' id='word_1_310' title='bbox 1705 689 1796 724; x_wconf 83' lang='lat' dir='ltr'><strong>aspice</strong></span> <span class='ocrx_word' id='word_1_311' title='bbox 1812 689 1846 715; x_wconf 92' lang='lat' dir='ltr'><strong>ad</strong></span> 
     </span>
    </p>
   </div>
   <div class='ocr_carea' id='block_1_43' title="bbox 1061 735 1848 771">
    <p class='ocr_par' dir='ltr' id='par_1_43' title="bbox 1061 735 1848 771">
     <span class='ocr_line' id='line_1_43' title="bbox 1061 735 1848 771; baseline -0.001 -8"><span class='ocrx_word' id='word_1_312' title='bbox 1061 735 1173 768; x_wconf 83' lang='lat' dir='ltr'><strong>bellum,</strong></span> <span class='ocrx_word' id='word_1_313' title='bbox 1209 735 1282 770; x_wconf 90' lang='lat' dir='ltr'><strong>quod</strong></span> <span class='ocrx_word' id='word_1_314' title='bbox 1310 741 1407 763; x_wconf 89' lang='lat' dir='ltr'><strong>contra</strong></span> <span class='ocrx_word' id='word_1_315' title='bbox 1433 743 1484 763; x_wconf 89' lang='lat' dir='ltr'><strong>nos</strong></span> <span class='ocrx_word' id='word_1_316' title='bbox 1511 735 1633 771; x_wconf 87' lang='lat' dir='ltr'><strong>geritur,</strong></span> <span class='ocrx_word' id='word_1_317' title='bbox 1661 735 1709 770; x_wconf 90' lang='lat' dir='ltr'><strong>qui</strong></span> <span class='ocrx_word' id='word_1_318' title='bbox 1746 740 1848 763; x_wconf 75' lang='lat' dir='ltr'><strong>nostra:</strong></span> 
     </span>
    </p>
   </div>
   <div class='ocr_carea' id='block_1_44' title="bbox 1061 781 1849 810">
    <p class='ocr_par' dir='ltr' id='par_1_44' title="bbox 1061 781 1849 810">
     <span class='ocr_line' id='line_1_44' title="bbox 1061 781 1849 810; baseline -0.001 -1"><span class='ocrx_word' id='word_1_319' title='bbox 1061 788 1167 809; x_wconf 66' lang='lat' dir='ltr'><strong>naturae</strong></span> <span class='ocrx_word' id='word_1_320' title='bbox 1191 782 1263 809; x_wconf 90' lang='lat' dir='ltr'><strong>nosti</strong></span> <span class='ocrx_word' id='word_1_321' title='bbox 1297 781 1526 810; x_wconf 74' lang='lat' dir='ltr'><strong>imbecillitatem.</strong></span> <span class='ocrx_word' id='word_1_322' title='bbox 1554 781 1676 809; x_wconf 90' lang='lat' dir='ltr'><strong>Conatur</strong></span> <span class='ocrx_word' id='word_1_323' title='bbox 1695 781 1768 809; x_wconf 82' lang='lat' dir='ltr'><strong>enim</strong></span> <span class='ocrx_word' id='word_1_324' title='bbox 1796 782 1849 809; x_wconf 92' lang='lat' dir='ltr'><strong>ini-</strong></span> 
     </span>
    </p>
   </div>
   <div class='ocr_carea' id='block_1_45' title="bbox 1062 826 1848 863">
    <p class='ocr_par' dir='ltr' id='par_1_45' title="bbox 1062 826 1848 863">
     <span class='ocr_line' id='line_1_45' title="bbox 1062 826 1848 863; baseline 0.001 -9"><span class='ocrx_word' id='word_1_325' title='bbox 1062 827 1153 855; x_wconf 88' lang='lat' dir='ltr'><strong>micus</strong></span> <span class='ocrx_word' id='word_1_326' title='bbox 1169 827 1327 861; x_wconf 76' lang='lat' dir='ltr'><strong>ﬁgmentum</strong></span> <span class='ocrx_word' id='word_1_327' title='bbox 1346 832 1399 854; x_wconf 72' lang='lat' dir='ltr'><strong>tute</strong></span> <span class='ocrx_word' id='word_1_328' title='bbox 1414 826 1534 854; x_wconf 61' lang='lat' dir='ltr'><strong>dextera</strong></span> <span class='ocrx_word' id='word_1_329' title='bbox 1546 832 1672 855; x_wconf 78' lang='lat' dir='ltr'><strong>avertere</strong></span> <span class='ocrx_word' id='word_1_330' title='bbox 1690 827 1726 854; x_wconf 84' lang='lat' dir='ltr'><strong>ab</strong></span> <span class='ocrx_word' id='word_1_331' title='bbox 1740 835 1771 855; x_wconf 84' lang='lat' dir='ltr'><strong>ea</strong></span> <span class='ocrx_word' id='word_1_332' title='bbox 1787 836 1848 863; x_wconf 66' lang='lat' dir='ltr'><strong>quae</strong></span> 
     </span>
    </p>
   </div>
   <div class='ocr_carea' id='block_1_46' title="bbox 1063 872 1849 908">
    <p class='ocr_par' dir='ltr' id='par_1_46' title="bbox 1063 872 1849 908">
     <span class='ocr_line' id='line_1_46' title="bbox 1063 872 1849 908; baseline -0.001 -7"><span class='ocrx_word' id='word_1_333' title='bbox 1063 878 1105 902; x_wconf 88' lang='lat' dir='ltr'><strong>est</strong></span> <span class='ocrx_word' id='word_1_334' title='bbox 1118 873 1190 908; x_wconf 88' lang='lat' dir='ltr'><strong>apud</strong></span> <span class='ocrx_word' id='word_1_335' title='bbox 1209 877 1234 900; x_wconf 88' lang='lat' dir='ltr'><strong>te</strong></span> <span class='ocrx_word' id='word_1_336' title='bbox 1252 872 1347 908; x_wconf 89' lang='lat' dir='ltr'><strong>gloria.</strong></span> <span class='ocrx_word' id='word_1_337' title='bbox 1379 872 1432 900; x_wconf 85' lang='lat' dir='ltr'><strong>Sed</strong></span> <span class='ocrx_word' id='word_1_338' title='bbox 1451 878 1480 900; x_wconf 93' lang='lat' dir='ltr'><strong>tu</strong></span> <span class='ocrx_word' id='word_1_339' title='bbox 1500 872 1626 908; x_wconf 73' lang='lat' dir='ltr'><strong>benignis</strong></span> <span class='ocrx_word' id='word_1_340' title='bbox 1648 873 1703 900; x_wconf 85' lang='lat' dir='ltr'><strong>tuis</strong></span> <span class='ocrx_word' id='word_1_341' title='bbox 1726 880 1778 901; x_wconf 86' lang='lat' dir='ltr'><strong>nos</strong></span> <span class='ocrx_word' id='word_1_342' title='bbox 1806 874 1849 900; x_wconf 93' lang='lat' dir='ltr'><strong>in-</strong></span> 
     </span>
    </p>
   </div>
   <div class='ocr_carea' id='block_1_47' title="bbox 1065 916 1848 952">
    <p class='ocr_par' dir='ltr' id='par_1_47' title="bbox 1065 916 1848 952">
     <span class='ocr_line' id='line_1_47' title="bbox 1065 916 1848 952; baseline -0.003 -6"><span class='ocrx_word' id='word_1_343' title='bbox 1065 923 1145 947; x_wconf 83' lang='lat' dir='ltr'><strong>tuens</strong></span> <span class='ocrx_word' id='word_1_344' title='bbox 1172 917 1271 950; x_wconf 86' lang='lat' dir='ltr'><strong>oculis,</strong></span> <span class='ocrx_word' id='word_1_345' title='bbox 1294 924 1427 945; x_wconf 90' lang='lat' dir='ltr'><strong>conserva</strong></span> <span class='ocrx_word' id='word_1_346' title='bbox 1454 917 1481 944; x_wconf 92' lang='lat' dir='ltr'><strong>in</strong></span> <span class='ocrx_word' id='word_1_347' title='bbox 1500 916 1598 949; x_wconf 84' lang='lat' dir='ltr'><strong>nobis,</strong></span> <span class='ocrx_word' id='word_1_348' title='bbox 1624 924 1688 952; x_wconf 69' lang='lat' dir='ltr'><strong>qua</strong></span> <span class='ocrx_word' id='word_1_349' title='bbox 1711 917 1848 952; x_wconf 75' lang='lat' dir='ltr'><strong>exstingui</strong></span> 
     </span>
    </p>
   </div>
   <div class='ocr_carea' id='block_1_48' title="bbox 1063 963 1850 1000">
    <p class='ocr_par' dir='ltr' id='par_1_48' title="bbox 1063 963 1850 1000">
     <span class='ocr_line' id='line_1_48' title="bbox 1063 963 1850 1000; baseline -0.003 -8"><span class='ocrx_word' id='word_1_350' title='bbox 1063 972 1119 992; x_wconf 91' lang='lat' dir='ltr'><strong>non</strong></span> <span class='ocrx_word' id='word_1_351' title='bbox 1135 969 1237 1000; x_wconf 78' lang='lat' dir='ltr'><strong>potest,</strong></span> <span class='ocrx_word' id='word_1_352' title='bbox 1261 964 1401 992; x_wconf 84' lang='lat' dir='ltr'><strong>lucernam</strong></span> <span class='ocrx_word' id='word_1_353' title='bbox 1430 967 1540 990; x_wconf 89' lang='lat' dir='ltr'><strong>tuorum</strong></span> <span class='ocrx_word' id='word_1_354' title='bbox 1564 963 1781 990; x_wconf 75' lang='lat' dir='ltr'><strong>mandatorum:</strong></span> <span class='ocrx_word' id='word_1_355' title='bbox 1802 968 1850 990; x_wconf 84' lang='lat' dir='ltr'><strong>tua</strong></span> 
     </span>
    </p>
   </div>
   <div class='ocr_carea' id='block_1_49' title="bbox 1064 1008 1849 1046">
    <p class='ocr_par' dir='ltr' id='par_1_49' title="bbox 1064 1008 1849 1046">
     <span class='ocr_line' id='line_1_49' title="bbox 1064 1008 1849 1046; baseline -0.003 -8"><span class='ocrx_word' id='word_1_356' title='bbox 1064 1016 1157 1039; x_wconf 89' lang='lat' dir='ltr'><strong>autem</strong></span> <span class='ocrx_word' id='word_1_357' title='bbox 1171 1011 1233 1039; x_wconf 88' lang='lat' dir='ltr'><strong>lucc</strong></span> <span class='ocrx_word' id='word_1_358' title='bbox 1247 1010 1333 1046; x_wconf 88' lang='lat' dir='ltr'><strong>dirige</strong></span> <span class='ocrx_word' id='word_1_359' title='bbox 1358 1014 1466 1036; x_wconf 81' lang='lat' dir='ltr'><strong>nostras</strong></span> <span class='ocrx_word' id='word_1_360' title='bbox 1495 1009 1615 1042; x_wconf 84' lang='lat' dir='ltr'><strong>semitas,</strong></span> <span class='ocrx_word' id='word_1_361' title='bbox 1629 1013 1657 1036; x_wconf 88' lang='lat' dir='ltr'><strong>et</strong></span> <span class='ocrx_word' id='word_1_362' title='bbox 1668 1008 1781 1044; x_wconf 79' lang='lat' dir='ltr'><strong>dignare</strong></span> <span class='ocrx_word' id='word_1_363' title='bbox 1796 1017 1849 1036; x_wconf 84' lang='lat' dir='ltr'><strong>nos</strong></span> 
     </span>
    </p>
   </div>
   <div class='ocr_carea' id='block_1_50' title="bbox 1064 1054 1850 1091">
    <p class='ocr_par' dir='ltr' id='par_1_50' title="bbox 1064 1054 1850 1091">
     <span class='ocr_line' id='line_1_50' title="bbox 1064 1054 1850 1091; baseline -0.004 -7"><span class='ocrx_word' id='word_1_364' title='bbox 1064 1056 1117 1084; x_wconf 81' lang='lat' dir='ltr'><strong>frui</strong></span> <span class='ocrx_word' id='word_1_365' title='bbox 1137 1064 1180 1089; x_wconf 87' lang='lat' dir='ltr'><strong>ea,</strong></span> <span class='ocrx_word' id='word_1_366' title='bbox 1196 1064 1257 1091; x_wconf 71' lang='lat' dir='ltr'><strong>quas</strong></span> <span class='ocrx_word' id='word_1_367' title='bbox 1281 1060 1324 1083; x_wconf 87' lang='lat' dir='ltr'><strong>est</strong></span> <span class='ocrx_word' id='word_1_368' title='bbox 1355 1055 1382 1082; x_wconf 90' lang='lat' dir='ltr'><strong>in</strong></span> <span class='ocrx_word' id='word_1_369' title='bbox 1403 1058 1440 1086; x_wconf 84' lang='lat' dir='ltr'><strong>te,</strong></span> <span class='ocrx_word' id='word_1_370' title='bbox 1456 1054 1626 1082; x_wconf 72' lang='lat' dir='ltr'><strong>beatitudine</strong></span> <span class='ocrx_word' id='word_1_371' title='bbox 1642 1062 1650 1082; x_wconf 88' lang='lat'><strong>:</strong></span> <span class='ocrx_word' id='word_1_372' title='bbox 1666 1054 1796 1089; x_wconf 83' lang='lat' dir='ltr'><strong>quoniam</strong></span> <span class='ocrx_word' id='word_1_373' title='bbox 1817 1062 1850 1082; x_wconf 79' lang='lat' dir='ltr'><strong>es</strong></span> 
     </span>
    </p>
   </div>
   <div class='ocr_carea' id='block_1_51' title="bbox 1065 1101 1846 1136">
    <p class='ocr_par' dir='ltr' id='par_1_51' title="bbox 1065 1101 1846 1136">
     <span class='ocr_line' id='line_1_51' title="bbox 1065 1101 1846 1136; baseline -0.003 -6"><span class='ocrx_word' id='word_1_374' title='bbox 1065 1102 1229 1130; x_wconf 72' lang='lat' dir='ltr'><strong>benedictus</strong></span> <span class='ocrx_word' id='word_1_375' title='bbox 1243 1102 1272 1129; x_wconf 88' lang='lat' dir='ltr'><strong>in</strong></span> <span class='ocrx_word' id='word_1_376' title='bbox 1282 1101 1380 1130; x_wconf 69' lang='lat' dir='ltr'><strong>sacula</strong></span> <span class='ocrx_word' id='word_1_377' title='bbox 1391 1101 1564 1129; x_wconf 70' lang='lat' dir='ltr'><strong>saeculorum.</strong></span> <span class='ocrx_word' id='word_1_378' title='bbox 1573 1101 1662 1135; x_wconf 83' lang='lat' dir='ltr'><strong>Atque</strong></span> <span class='ocrx_word' id='word_1_379' title='bbox 1674 1101 1719 1128; x_wconf 87' lang='lat' dir='ltr'><strong>ille</strong></span> <span class='ocrx_word' id='word_1_380' title='bbox 1733 1101 1846 1136; x_wconf 85' lang='lat' dir='ltr'><strong>quidem</strong></span> 
     </span>
    </p>
   </div>
   <div class='ocr_carea' id='block_1_52' title="bbox 1065 1146 1847 1184">
    <p class='ocr_par' dir='ltr' id='par_1_52' title="bbox 1065 1146 1847 1184">
     <span class='ocr_line' id='line_1_52' title="bbox 1065 1146 1847 1184; baseline -0.003 -8"><span class='ocrx_word' id='word_1_381' title='bbox 1065 1148 1236 1184; x_wconf 77' lang='lat' dir='ltr'><strong>sgonotlteta:</strong></span> <span class='ocrx_word' id='word_1_382' title='bbox 1251 1148 1308 1176; x_wconf 88' lang='lat' dir='ltr'><strong>Deo</strong></span> <span class='ocrx_word' id='word_1_383' title='bbox 1327 1147 1469 1175; x_wconf 81' lang='lat' dir='ltr'><strong>emittebat</strong></span> <span class='ocrx_word' id='word_1_384' title='bbox 1492 1146 1562 1174; x_wconf 87' lang='lat' dir='ltr'><strong>hanc</strong></span> <span class='ocrx_word' id='word_1_385' title='bbox 1585 1147 1732 1182; x_wconf 88' lang='lat' dir='ltr'><strong>gratiarum</strong></span> <span class='ocrx_word' id='word_1_386' title='bbox 1758 1147 1847 1174; x_wconf 82' lang='lat' dir='ltr'><strong>actio-</strong></span> 
     </span>
    </p>
   </div>
   <div class='ocr_carea' id='block_1_53' title="bbox 1065 1192 1847 1229">
    <p class='ocr_par' dir='ltr' id='par_1_53' title="bbox 1065 1192 1847 1229">
     <span class='ocr_line' id='line_1_53' title="bbox 1065 1192 1847 1229; baseline -0.003 -7"><span class='ocrx_word' id='word_1_387' title='bbox 1065 1194 1273 1229; x_wconf 85' lang='lat' dir='ltr'><strong>nem:quidam</strong></span> <span class='ocrx_word' id='word_1_388' title='bbox 1296 1198 1388 1222; x_wconf 82' lang='lat' dir='ltr'><strong>autem</strong></span> <span class='ocrx_word' id='word_1_389' title='bbox 1406 1193 1509 1226; x_wconf 83' lang='lat' dir='ltr'><strong>scriba.</strong></span> <span class='ocrx_word' id='word_1_390' title='bbox 1531 1193 1578 1228; x_wconf 87' lang='lat' dir='ltr'><strong>qui</strong></span> <span class='ocrx_word' id='word_1_391' title='bbox 1607 1192 1714 1228; x_wconf 80' lang='lat' dir='ltr'><strong>aderat,</strong></span> <span class='ocrx_word' id='word_1_392' title='bbox 1744 1193 1847 1221; x_wconf 79' lang='lat' dir='ltr'><strong>litteris</strong></span> 
     </span>
    </p>
   </div>
   <div class='ocr_carea' id='block_1_54' title="bbox 1065 1239 1462 1276">
    <p class='ocr_par' dir='ltr' id='par_1_54' title="bbox 1065 1239 1462 1276">
     <span class='ocr_line' id='line_1_54' title="bbox 1065 1239 1462 1276; baseline -0.005 -8"><span class='ocrx_word' id='word_1_393' title='bbox 1065 1240 1203 1268; x_wconf 79' lang='lat' dir='ltr'><strong>mandavit</strong></span> <span class='ocrx_word' id='word_1_394' title='bbox 1221 1248 1282 1276; x_wconf 60' lang='lat' dir='ltr'><strong>quae</strong></span> <span class='ocrx_word' id='word_1_395' title='bbox 1299 1239 1371 1268; x_wconf 86' lang='lat' dir='ltr'><strong>dicta</strong></span> <span class='ocrx_word' id='word_1_396' title='bbox 1386 1243 1462 1267; x_wconf 89' lang='lat' dir='ltr'><strong>sunt.</strong></span> 
     </span>
    </p>
   </div>
   <div class='ocr_carea' id='block_1_55' title="bbox 1100 1286 1849 1321">
    <p class='ocr_par' dir='ltr' id='par_1_55' title="bbox 1100 1286 1849 1321">
     <span class='ocr_line' id='line_1_55' title="bbox 1100 1286 1849 1321; baseline 0 -7"><span class='ocrx_word' id='word_1_397' title='bbox 1100 1286 1148 1314; x_wconf 79' lang='lat' dir='ltr'><strong>lx.</strong></span> <span class='ocrx_word' id='word_1_398' title='bbox 1167 1287 1254 1315; x_wconf 85' lang='lat' dir='ltr'><strong>Jussit</strong></span> <span class='ocrx_word' id='word_1_399' title='bbox 1281 1290 1372 1314; x_wconf 86' lang='lat' dir='ltr'><strong>autem</strong></span> <span class='ocrx_word' id='word_1_400' title='bbox 1395 1293 1496 1321; x_wconf 72' lang='lat' dir='ltr'><strong>praeses</strong></span> <span class='ocrx_word' id='word_1_401' title='bbox 1520 1286 1760 1314; x_wconf 77' lang='lat' dir='ltr'><strong>commentariensi</strong></span> <span class='ocrx_word' id='word_1_402' title='bbox 1785 1294 1849 1315; x_wconf 87' lang='lat' dir='ltr'><strong>eum</strong></span> 
     </span>
    </p>
   </div>
   <div class='ocr_carea' id='block_1_56' title="bbox 1073 1332 1852 1368">
    <p class='ocr_par' dir='ltr' id='par_1_56' title="bbox 1073 1332 1852 1368">
     <span class='ocr_line' id='line_1_56' title="bbox 1073 1332 1852 1368; baseline -0.001 -7"><span class='ocrx_word' id='word_1_403' title='bbox 1073 1334 1181 1362; x_wconf 86' lang='lat' dir='ltr'><strong>solvere</strong></span> <span class='ocrx_word' id='word_1_404' title='bbox 1200 1340 1215 1361; x_wconf 84' lang='lat' dir='ltr'><strong>a</strong></span> <span class='ocrx_word' id='word_1_405' title='bbox 1232 1332 1379 1368; x_wconf 88' lang='lat' dir='ltr'><strong>supplicio.</strong></span> <span class='ocrx_word' id='word_1_406' title='bbox 1410 1332 1457 1360; x_wconf 88' lang='lat' dir='ltr'><strong>Ille</strong></span> <span class='ocrx_word' id='word_1_407' title='bbox 1471 1340 1535 1360; x_wconf 81' lang='lat' dir='ltr'><strong>vero</strong></span> <span class='ocrx_word' id='word_1_408' title='bbox 1555 1340 1618 1360; x_wconf 88' lang='lat' dir='ltr'><strong>cum</strong></span> <span class='ocrx_word' id='word_1_409' title='bbox 1639 1334 1679 1361; x_wconf 85' lang='lat' dir='ltr'><strong>sic</strong></span> <span class='ocrx_word' id='word_1_410' title='bbox 1690 1334 1809 1366; x_wconf 73' lang='lat' dir='ltr'><strong>fecisset,</strong></span> <span class='ocrx_word' id='word_1_411' title='bbox 1822 1339 1852 1361; x_wconf 86' lang='lat' dir='ltr'><strong>et</strong></span> 
     </span>
    </p>
   </div>
   <div class='ocr_carea' id='block_1_57' title="bbox 1066 1380 1912 1417">
    <p class='ocr_par' dir='ltr' id='par_1_57' title="bbox 1066 1380 1912 1417">
     <span class='ocr_line' id='line_1_57' title="bbox 1066 1380 1912 1417; baseline 0 -9"><span class='ocrx_word' id='word_1_412' title='bbox 1066 1385 1202 1414; x_wconf 85' lang='lat' dir='ltr'><strong>portasset</strong></span> <span class='ocrx_word' id='word_1_413' title='bbox 1227 1388 1289 1408; x_wconf 87' lang='lat' dir='ltr'><strong>cum</strong></span> <span class='ocrx_word' id='word_1_414' title='bbox 1306 1380 1340 1409; x_wconf 80' lang='lat' dir='ltr'><strong>iis</strong></span> <span class='ocrx_word' id='word_1_415' title='bbox 1359 1381 1406 1416; x_wconf 90' lang='lat' dir='ltr'><strong>qui</strong></span> <span class='ocrx_word' id='word_1_416' title='bbox 1430 1381 1546 1409; x_wconf 86' lang='lat' dir='ltr'><strong>aderant</strong></span> <span class='ocrx_word' id='word_1_417' title='bbox 1561 1382 1616 1417; x_wconf 86' lang='lat' dir='ltr'><strong>jam</strong></span> <span class='ocrx_word' id='word_1_418' title='bbox 1643 1381 1783 1409; x_wconf 78' lang='lat' dir='ltr'><strong>doloribus</strong></span> <span class='ocrx_word' id='word_1_419' title='bbox 1801 1381 1851 1409; x_wconf 88' lang='lat' dir='ltr'><strong>de-</strong></span> <span class='ocrx_word' id='word_1_420' title='bbox 1906 1386 1912 1396; x_wconf 84' lang='lat'><strong><em>‘</em></strong></span> 
     </span>
    </p>
   </div>
   <div class='ocr_carea' id='block_1_58' title="bbox 1066 1427 1852 1464">
    <p class='ocr_par' dir='ltr' id='par_1_58' title="bbox 1066 1427 1852 1464">
     <span class='ocr_line' id='line_1_58' title="bbox 1066 1427 1852 1464; baseline 0.001 -9"><span class='ocrx_word' id='word_1_421' title='bbox 1066 1429 1167 1455; x_wconf 81' lang='lat' dir='ltr'><strong>tessum</strong></span> <span class='ocrx_word' id='word_1_422' title='bbox 1185 1427 1393 1462; x_wconf 75' lang='lat' dir='ltr'><strong>etconfectum,</strong></span> <span class='ocrx_word' id='word_1_423' title='bbox 1417 1428 1444 1456; x_wconf 93' lang='lat' dir='ltr'><strong>in</strong></span> <span class='ocrx_word' id='word_1_424' title='bbox 1470 1429 1592 1464; x_wconf 82' lang='lat' dir='ltr'><strong>priorem</strong></span> <span class='ocrx_word' id='word_1_425' title='bbox 1618 1429 1737 1456; x_wconf 78' lang='lat' dir='ltr'><strong>ferentes</strong></span> <span class='ocrx_word' id='word_1_426' title='bbox 1759 1433 1852 1456; x_wconf 81' lang='lat' dir='ltr'><strong>custo-</strong></span> 
     </span>
    </p>
   </div>
   <div class='ocr_carea' id='block_1_59' title="bbox 1066 1473 1850 1509">
    <p class='ocr_par' dir='ltr' id='par_1_59' title="bbox 1066 1473 1850 1509">
     <span class='ocr_line' id='line_1_59' title="bbox 1066 1473 1850 1509; baseline 0 -8"><span class='ocrx_word' id='word_1_427' title='bbox 1066 1473 1153 1506; x_wconf 83' lang='lat' dir='ltr'><strong>diam,</strong></span> <span class='ocrx_word' id='word_1_428' title='bbox 1164 1473 1307 1509; x_wconf 87' lang='lat' dir='ltr'><strong>deponunt</strong></span> <span class='ocrx_word' id='word_1_429' title='bbox 1317 1474 1394 1509; x_wconf 77' lang='lat' dir='ltr'><strong>juxta</strong></span> <span class='ocrx_word' id='word_1_430' title='bbox 1401 1478 1526 1504; x_wconf 79' lang='lat' dir='ltr'><strong>sanctum</strong></span> <span class='ocrx_word' id='word_1_431' title='bbox 1541 1474 1664 1502; x_wconf 85' lang='lat' dir='ltr'><strong>Guriam.</strong></span> <span class='ocrx_word' id='word_1_432' title='bbox 1676 1474 1744 1502; x_wconf 83' lang='lat' dir='ltr'><strong>Cum</strong></span> <span class='ocrx_word' id='word_1_433' title='bbox 1759 1479 1850 1502; x_wconf 80' lang='lat' dir='ltr'><strong>autem</strong></span> 
     </span>
    </p>
   </div>
   <div class='ocr_carea' id='block_1_60' title="bbox 231 1512 1014 1555">
    <p class='ocr_par' dir='ltr' id='par_1_60' title="bbox 231 1512 1014 1548">
     <span class='ocr_line' id='line_1_60' title="bbox 231 1512 1014 1548; baseline -0.003 -8"><span class='ocrx_word' id='word_1_434' title='bbox 231 1513 349 1548; x_wconf 75' lang='grc' dir='ltr'>δεκάτην</span> <span class='ocrx_word' id='word_1_435' title='bbox 364 1513 559 1544; x_wconf 72' lang='grc' dir='ltr'>ἀναϐαίνοντος</span> <span class='ocrx_word' id='word_1_436' title='bbox 573 1512 620 1539; x_wconf 84' lang='grc' dir='ltr'>τοῦ</span> <span class='ocrx_word' id='word_1_437' title='bbox 643 1512 802 1548; x_wconf 71' lang='grc' dir='ltr'>Νοεμϐρίου</span> <span class='ocrx_word' id='word_1_438' title='bbox 816 1512 913 1544; x_wconf 85' lang='grc' dir='ltr'>νυκτὸς</span> <span class='ocrx_word' id='word_1_439' title='bbox 930 1512 1014 1547; x_wconf 80' lang='grc' dir='ltr'>οὖσης</span> 
     </span>
    </p>
   </div>
   <div class='ocr_carea' id='block_1_61' title="bbox 1065 1512 1853 1555">
    <p class='ocr_par' dir='ltr' id='par_1_61' title="bbox 1065 1519 1853 1555">
     <span class='ocr_line' id='line_1_61' title="bbox 1065 1519 1853 1555; baseline 0.003 -9"><span class='ocrx_word' id='word_1_440' title='bbox 1065 1524 1138 1547; x_wconf 80' lang='lat' dir='ltr'><strong>esset</strong></span> <span class='ocrx_word' id='word_1_441' title='bbox 1153 1519 1316 1547; x_wconf 81' lang='lat' dir='ltr'><strong>Novembris</strong></span> <span class='ocrx_word' id='word_1_442' title='bbox 1326 1520 1452 1548; x_wconf 83' lang='lat' dir='ltr'><strong>decimus</strong></span> <span class='ocrx_word' id='word_1_443' title='bbox 1481 1520 1608 1555; x_wconf 75' lang='lat' dir='ltr'><strong>quintus,</strong></span> <span class='ocrx_word' id='word_1_444' title='bbox 1625 1526 1708 1548; x_wconf 82' lang='lat' dir='ltr'><strong>noctu</strong></span> <span class='ocrx_word' id='word_1_445' title='bbox 1739 1521 1853 1548; x_wconf 79' lang='lat' dir='ltr'><strong>circiter</strong></span> 
     </span>
    </p>
   </div>
   <div class='ocr_carea' id='block_1_62' title="bbox 227 1558 1015 1596">
    <p class='ocr_par' dir='ltr' id='par_1_62' title="bbox 227 1558 1015 1596">
     <span class='ocr_line' id='line_1_62' title="bbox 227 1558 1015 1596; baseline -0.003 -9"><span class='ocrx_word' id='word_1_446' title='bbox 227 1559 293 1595; x_wconf 75' lang='grc' dir='ltr'>περὶ</span> <span class='ocrx_word' id='word_1_447' title='bbox 308 1559 498 1596; x_wconf 71' lang='grc' dir='ltr'>ἀλεκτρυόνων</span> <span class='ocrx_word' id='word_1_448' title='bbox 509 1558 595 1594; x_wconf 76' lang='grc' dir='ltr'>ᾠδὰς,</span> <span class='ocrx_word' id='word_1_449' title='bbox 605 1558 706 1593; x_wconf 66' lang='grc' dir='ltr'>ἀνίστη</span> <span class='ocrx_word' id='word_1_450' title='bbox 717 1559 732 1585; x_wconf 77' lang='grc' dir='ltr'>ὁ</span> <span class='ocrx_word' id='word_1_451' title='bbox 741 1558 863 1593; x_wconf 79' lang='grc' dir='ltr'>ἡγεμών·</span> <span class='ocrx_word' id='word_1_452' title='bbox 875 1558 1015 1594; x_wconf 70' lang='grc' dir='ltr'>λαμπάδες</span> 
     </span>
    </p>
   </div>
   <div class='ocr_carea' id='block_1_63' title="bbox 227 1604 1017 1641">
    <p class='ocr_par' dir='ltr' id='par_1_63' title="bbox 227 1604 1017 1641">
     <span class='ocr_line' id='line_1_63' title="bbox 227 1604 1017 1641; baseline -0.003 -9"><span class='ocrx_word' id='word_1_453' title='bbox 227 1614 258 1632; x_wconf 76' lang='grc' dir='ltr'><strong>τε</strong></span> <span class='ocrx_word' id='word_1_454' title='bbox 275 1607 323 1633; x_wconf 67' lang='grc' dir='ltr'>καὶ</span> <span class='ocrx_word' id='word_1_455' title='bbox 339 1605 486 1641; x_wconf 82' lang='grc' dir='ltr'>δορυφόροι</span> <span class='ocrx_word' id='word_1_456' title='bbox 506 1604 605 1631; x_wconf 85' lang='grc' dir='ltr'>τούτου</span> <span class='ocrx_word' id='word_1_457' title='bbox 628 1605 777 1640; x_wconf 82' lang='grc' dir='ltr'>προῄεσαν.</span> <span class='ocrx_word' id='word_1_458' title='bbox 804 1604 859 1631; x_wconf 78' lang='grc' dir='ltr'><strong>Καὶ</strong></span> <span class='ocrx_word' id='word_1_459' title='bbox 875 1604 924 1640; x_wconf 78' lang='grc' dir='ltr'>τὴν</span> <span class='ocrx_word' id='word_1_460' title='bbox 939 1605 1017 1639; x_wconf 78' lang='grc' dir='ltr'>βασι-</span> 
     </span>
    </p>
   </div>
   <div class='ocr_carea' id='block_1_64' title="bbox 228 1649 1015 1686">
    <p class='ocr_par' dir='ltr' id='par_1_64' title="bbox 228 1649 1015 1686">
     <span class='ocr_line' id='line_1_64' title="bbox 228 1649 1015 1686; baseline -0.003 -8"><span class='ocrx_word' id='word_1_461' title='bbox 228 1651 307 1686; x_wconf 74' lang='grc' dir='ltr'>λικὴν</span> <span class='ocrx_word' id='word_1_462' title='bbox 325 1651 478 1686; x_wconf 79' lang='grc' dir='ltr'>λεγομένην</span> <span class='ocrx_word' id='word_1_463' title='bbox 506 1649 671 1677; x_wconf 73' lang='grc' dir='ltr'>καταλαϐὼν</span> <span class='ocrx_word' id='word_1_464' title='bbox 694 1650 812 1685; x_wconf 80' lang='grc' dir='ltr'>ὅποιπερ</span> <span class='ocrx_word' id='word_1_465' title='bbox 837 1649 913 1685; x_wconf 85' lang='grc' dir='ltr'>αὐτῷ</span> <span class='ocrx_word' id='word_1_466' title='bbox 930 1649 962 1676; x_wconf 77' lang='grc' dir='ltr'>τὸ</span> <span class='ocrx_word' id='word_1_467' title='bbox 975 1650 1015 1677; x_wconf 88' lang='grc' dir='ltr'>δι-</span> 
     </span>
    </p>
   </div>
   <div class='ocr_carea' id='block_1_65' title="bbox 228 1695 1014 1732">
    <p class='ocr_par' dir='ltr' id='par_1_65' title="bbox 228 1695 1014 1732">
     <span class='ocr_line' id='line_1_65' title="bbox 228 1695 1014 1732; baseline -0.003 -8"><span class='ocrx_word' id='word_1_468' title='bbox 228 1697 378 1732; x_wconf 77' lang='grc' dir='ltr'>καστήριον</span> <span class='ocrx_word' id='word_1_469' title='bbox 404 1696 620 1732; x_wconf 84' lang='grc' dir='ltr'>συγκεκρότητο,</span> <span class='ocrx_word' id='word_1_470' title='bbox 649 1695 698 1722; x_wconf 64' lang='grc' dir='ltr'><strong>ἐπὶ</strong></span> <span class='ocrx_word' id='word_1_471' title='bbox 726 1695 773 1722; x_wconf 85' lang='grc' dir='ltr'>τοῦ</span> <span class='ocrx_word' id='word_1_472' title='bbox 797 1695 919 1730; x_wconf 78' lang='grc' dir='ltr'>βήματος</span> <span class='ocrx_word' id='word_1_473' title='bbox 933 1695 1014 1722; x_wconf 67' lang='lat' dir='ltr'><strong>606a-</strong></span> 
     </span>
    </p>
   </div>
   <div class='ocr_carea' id='block_1_66' title="bbox 229 1739 1017 1778">
    <p class='ocr_par' dir='ltr' id='par_1_66' title="bbox 229 1739 1017 1778">
     <span class='ocr_line' id='line_1_66' title="bbox 229 1739 1017 1778; baseline -0.001 -10"><span class='ocrx_word' id='word_1_474' title='bbox 229 1742 285 1778; x_wconf 87' lang='grc' dir='ltr'>ρῶς</span> <span class='ocrx_word' id='word_1_475' title='bbox 298 1741 521 1777; x_wconf 74' lang='grc' dir='ltr'>προκαθέζεται·</span> <span class='ocrx_word' id='word_1_476' title='bbox 539 1741 586 1768; x_wconf 78' lang='grc' dir='ltr'>καὶ</span> <span class='ocrx_word' id='word_1_477' title='bbox 601 1739 665 1773; x_wconf 77' lang='grc' dir='ltr'>τοὺς</span> <span class='ocrx_word' id='word_1_478' title='bbox 686 1740 806 1776; x_wconf 76' lang='grc' dir='ltr'>ἀθλητὰς</span> <span class='ocrx_word' id='word_1_479' title='bbox 829 1741 944 1775; x_wconf 83' lang='grc' dir='ltr'>Γουρίαν</span> <span class='ocrx_word' id='word_1_480' title='bbox 969 1740 1017 1768; x_wconf 73' lang='grc' dir='ltr'>καὶ</span> 
     </span>
    </p>
   </div>
   <div class='ocr_carea' id='block_1_67' title="bbox 230 1787 1016 1824">
    <p class='ocr_par' dir='ltr' id='par_1_67' title="bbox 230 1787 1016 1824">
     <span class='ocr_line' id='line_1_67' title="bbox 230 1787 1016 1824; baseline -0.001 -9"><span class='ocrx_word' id='word_1_481' title='bbox 230 1788 367 1824; x_wconf 79' lang='grc' dir='ltr'>Σαμωνᾶν</span> <span class='ocrx_word' id='word_1_482' title='bbox 397 1787 624 1823; x_wconf 79' lang='grc' dir='ltr'>μεταστέλλεται.</span> <span class='ocrx_word' id='word_1_483' title='bbox 652 1787 708 1814; x_wconf 77' lang='grc' dir='ltr'><strong>Καὶ</strong></span> <span class='ocrx_word' id='word_1_484' title='bbox 732 1787 748 1813; x_wconf 88' lang='grc' dir='ltr'><strong>ό</strong></span> <span class='ocrx_word' id='word_1_485' title='bbox 772 1787 822 1822; x_wconf 74' lang='grc' dir='ltr'>μὲν</span> <span class='ocrx_word' id='word_1_486' title='bbox 842 1787 905 1822; x_wconf 75' lang='grc' dir='ltr'>ἥκει</span> <span class='ocrx_word' id='word_1_487' title='bbox 933 1787 1016 1822; x_wconf 78' lang='grc' dir='ltr'>μέσος</span> 
     </span>
    </p>
   </div>
   <div class='ocr_carea' id='block_1_68' title="bbox 228 1832 1016 1869">
    <p class='ocr_par' dir='ltr' id='par_1_68' title="bbox 228 1832 1016 1869">
     <span class='ocr_line' id='line_1_68' title="bbox 228 1832 1016 1869; baseline -0.003 -7"><span class='ocrx_word' id='word_1_488' title='bbox 228 1836 302 1863; x_wconf 79' lang='grc' dir='ltr'>δυοῖν</span> <span class='ocrx_word' id='word_1_489' title='bbox 317 1833 560 1869; x_wconf 65' lang='grc' dir='ltr'>πορευόμενοςςκαὶ</span> <span class='ocrx_word' id='word_1_490' title='bbox 571 1834 632 1865; x_wconf 87' lang='grc' dir='ltr'>ταῖς</span> <span class='ocrx_word' id='word_1_491' title='bbox 647 1832 778 1867; x_wconf 81' lang='grc' dir='ltr'>ἐκατέρου</span> <span class='ocrx_word' id='word_1_492' title='bbox 789 1834 883 1868; x_wconf 80' lang='grc' dir='ltr'>χερσὶν</span> <span class='ocrx_word' id='word_1_493' title='bbox 898 1833 1016 1868; x_wconf 77' lang='grc' dir='ltr'>ὑποστη-</span> 
     </span>
    </p>
   </div>
   <div class='ocr_carea' id='block_1_69' title="bbox 232 1877 1016 1916">
    <p class='ocr_par' dir='ltr' id='par_1_69' title="bbox 232 1877 1016 1916">
     <span class='ocr_line' id='line_1_69' title="bbox 232 1877 1016 1916; baseline -0.004 -9"><span class='ocrx_word' id='word_1_494' title='bbox 232 1880 373 1916; x_wconf 78' lang='grc' dir='ltr'>ριζόμενος</span> <span class='ocrx_word' id='word_1_495' title='bbox 385 1888 393 1895; x_wconf 90' lang='grc'><strong><em>-</em></strong></span> <span class='ocrx_word' id='word_1_496' title='bbox 418 1879 435 1914; x_wconf 80' lang='grc' dir='ltr'>ἦ</span> <span class='ocrx_word' id='word_1_497' title='bbox 450 1887 481 1905; x_wconf 87' lang='grc' dir='ltr'><strong>τε</strong></span> <span class='ocrx_word' id='word_1_498' title='bbox 500 1879 554 1913; x_wconf 82' lang='grc' dir='ltr'>γὰρ</span> <span class='ocrx_word' id='word_1_499' title='bbox 569 1879 663 1905; x_wconf 79' lang='grc' dir='ltr'>ἀσιτία</span> <span class='ocrx_word' id='word_1_500' title='bbox 690 1877 796 1910; x_wconf 72' lang='grc' dir='ltr'>ἐπίεζε,</span> <span class='ocrx_word' id='word_1_501' title='bbox 817 1879 863 1905; x_wconf 75' lang='grc' dir='ltr'>καὶ</span> <span class='ocrx_word' id='word_1_502' title='bbox 881 1879 911 1905; x_wconf 79' lang='grc' dir='ltr'>τὸ</span> <span class='ocrx_word' id='word_1_503' title='bbox 928 1879 1016 1914; x_wconf 80' lang='grc' dir='ltr'>γῆρας</span> 
     </span>
    </p>
   </div>
   <div class='ocr_carea' id='block_1_70' title="bbox 229 1923 1017 1961">
    <p class='ocr_par' dir='ltr' id='par_1_70' title="bbox 229 1923 1017 1961">
     <span class='ocr_line' id='line_1_70' title="bbox 229 1923 1017 1961; baseline -0.004 -8"><span class='ocrx_word' id='word_1_504' title='bbox 229 1926 358 1961; x_wconf 73' lang='grc' dir='ltr'>ὲεάρυνε,</span> <span class='ocrx_word' id='word_1_505' title='bbox 375 1925 460 1960; x_wconf 83' lang='grc' dir='ltr'>μόνης</span> <span class='ocrx_word' id='word_1_506' title='bbox 484 1924 566 1951; x_wconf 76' lang='grc' dir='ltr'>αὑτὸν</span> <span class='ocrx_word' id='word_1_507' title='bbox 582 1923 632 1958; x_wconf 84' lang='grc' dir='ltr'>τῆς</span> <span class='ocrx_word' id='word_1_508' title='bbox 659 1923 766 1958; x_wconf 66' lang='grc' dir='ltr'>ἀγαθῆς</span> <span class='ocrx_word' id='word_1_509' title='bbox 787 1924 893 1956; x_wconf 65' lang='grc' dir='ltr'>ἐλπίδος</span> <span class='ocrx_word' id='word_1_510' title='bbox 913 1924 1017 1959; x_wconf 75' lang='grc' dir='ltr'>ἀναψυ-</span> 
     </span>
    </p>
   </div>
   <div class='ocr_carea' id='block_1_71' title="bbox 231 1969 1018 2009">
    <p class='ocr_par' dir='ltr' id='par_1_71' title="bbox 231 1969 1018 2009">
     <span class='ocr_line' id='line_1_71' title="bbox 231 1969 1018 2009; baseline -0.004 -10"><span class='ocrx_word' id='word_1_511' title='bbox 231 1972 344 2009; x_wconf 76' lang='grc' dir='ltr'>χοὺσης.</span> <span class='ocrx_word' id='word_1_512' title='bbox 365 1971 394 1999; x_wconf 91' lang='lat'><strong>&#39;0</strong></span> <span class='ocrx_word' id='word_1_513' title='bbox 418 1971 448 1998; x_wconf 76' lang='grc' dir='ltr'>δὲ</span> <span class='ocrx_word' id='word_1_514' title='bbox 470 1970 588 2006; x_wconf 81' lang='grc' dir='ltr'>Γουρίας</span> <span class='ocrx_word' id='word_1_515' title='bbox 612 1970 660 1997; x_wconf 81' lang='grc' dir='ltr'>καὶ</span> <span class='ocrx_word' id='word_1_516' title='bbox 674 1969 756 2002; x_wconf 80' lang='grc' dir='ltr'>αὐτὸς</span> <span class='ocrx_word' id='word_1_517' title='bbox 771 1969 1018 2005; x_wconf 76' lang='grc' dir='ltr'>διαδασταζόμινος</span> 
     </span>
    </p>
   </div>
   <div class='ocr_carea' id='block_1_72' title="bbox 230 2015 1018 2053">
    <p class='ocr_par' dir='ltr' id='par_1_72' title="bbox 230 2015 1018 2053">
     <span class='ocr_line' id='line_1_72' title="bbox 230 2015 1018 2053; baseline -0.005 -7"><span class='ocrx_word' id='word_1_518' title='bbox 230 2018 338 2052; x_wconf 70' lang='grc' dir='ltr'>ἄγεται,</span> <span class='ocrx_word' id='word_1_519' title='bbox 354 2017 423 2053; x_wconf 72' lang='grc' dir='ltr'>μηδὲ</span> <span class='ocrx_word' id='word_1_520' title='bbox 437 2016 556 2052; x_wconf 76' lang='grc' dir='ltr'>βαδίζειν</span> <span class='ocrx_word' id='word_1_521' title='bbox 572 2016 641 2048; x_wconf 78' lang='grc' dir='ltr'>ὅλως</span> <span class='ocrx_word' id='word_1_522' title='bbox 655 2015 814 2051; x_wconf 82' lang='grc' dir='ltr'>δυνάμενος,</span> <span class='ocrx_word' id='word_1_523' title='bbox 829 2015 877 2043; x_wconf 66' lang='grc' dir='ltr'>ἁτε</span> <span class='ocrx_word' id='word_1_524' title='bbox 892 2015 1018 2052; x_wconf 75' lang='grc' dir='ltr'>χαλεπῶς</span> 
     </span>
    </p>
   </div>
   <div class='ocr_carea' id='block_1_73' title="bbox 232 2061 1017 2099">
    <p class='ocr_par' dir='ltr' id='par_1_73' title="bbox 232 2061 1017 2099">
     <span class='ocr_line' id='line_1_73' title="bbox 232 2061 1017 2099; baseline -0.003 -9"><span class='ocrx_word' id='word_1_525' title='bbox 232 2063 307 2099; x_wconf 84' lang='grc' dir='ltr'><strong>αὺτῷ</strong></span> <span class='ocrx_word' id='word_1_526' title='bbox 328 2063 376 2090; x_wconf 80' lang='grc' dir='ltr'>τοῦ</span> <span class='ocrx_word' id='word_1_527' title='bbox 403 2062 482 2094; x_wconf 77' lang='grc' dir='ltr'>ποδὸς</span> <span class='ocrx_word' id='word_1_528' title='bbox 505 2062 558 2089; x_wconf 78' lang='grc' dir='ltr'><strong>ὑπὸ</strong></span> <span class='ocrx_word' id='word_1_529' title='bbox 574 2061 621 2088; x_wconf 86' lang='grc' dir='ltr'>τοῦ</span> <span class='ocrx_word' id='word_1_530' title='bbox 635 2061 737 2096; x_wconf 83' lang='grc' dir='ltr'>δεσμοῦ</span> <span class='ocrx_word' id='word_1_531' title='bbox 763 2061 924 2096; x_wconf 71' lang='grc' dir='ltr'>πληγέντος.</span> <span class='ocrx_word' id='word_1_532' title='bbox 947 2061 1017 2096; x_wconf 75' lang='grc' dir='ltr'>Πρὸς</span> 
     </span>
    </p>
   </div>
   <div class='ocr_carea' id='block_1_74' title="bbox 234 2106 1017 2144">
    <p class='ocr_par' dir='ltr' id='par_1_74' title="bbox 234 2106 1017 2144">
     <span class='ocr_line' id='line_1_74' title="bbox 234 2106 1017 2144; baseline -0.003 -9"><span class='ocrx_word' id='word_1_533' title='bbox 234 2107 282 2139; x_wconf 78' lang='grc' dir='ltr'>οὓς</span> <span class='ocrx_word' id='word_1_534' title='bbox 295 2110 309 2135; x_wconf 78' lang='grc' dir='ltr'><strong>δ</strong></span> <span class='ocrx_word' id='word_1_535' title='bbox 323 2108 372 2144; x_wconf 80' lang='grc' dir='ltr'>τῆς</span> <span class='ocrx_word' id='word_1_536' title='bbox 388 2107 514 2139; x_wconf 76' lang='grc' dir='ltr'>ἁσεὸείας</span> <span class='ocrx_word' id='word_1_537' title='bbox 531 2106 725 2143; x_wconf 77' lang='grc' dir='ltr'>ὑπασπιστὴς,</span> <span class='ocrx_word' id='word_1_538' title='bbox 745 2107 849 2138; x_wconf 80' lang='grc' dir='ltr'>’Δδείας</span> <span class='ocrx_word' id='word_1_539' title='bbox 859 2126 868 2139; x_wconf 87' lang='lat'><strong>,</strong></span> <span class='ocrx_word' id='word_1_540' title='bbox 882 2106 934 2142; x_wconf 71' lang='grc' dir='ltr'>ἔφη</span> <span class='ocrx_word' id='word_1_541' title='bbox 947 2127 955 2140; x_wconf 85' lang='grc'><strong>,</strong></span> <span class='ocrx_word' id='word_1_542' title='bbox 969 2107 1017 2133; x_wconf 80' lang='grc' dir='ltr'>λα-</span> 
     </span>
    </p>
   </div>
   <div class='ocr_carea' id='block_1_75' title="bbox 235 2154 1017 2191">
    <p class='ocr_par' dir='ltr' id='par_1_75' title="bbox 235 2154 1017 2191">
     <span class='ocr_line' id='line_1_75' title="bbox 235 2154 1017 2191; baseline -0.001 -9"><span class='ocrx_word' id='word_1_543' title='bbox 235 2155 358 2191; x_wconf 72' lang='grc' dir='ltr'>ῦόμενοι,</span> <span class='ocrx_word' id='word_1_544' title='bbox 375 2156 440 2190; x_wconf 78' lang='grc' dir='ltr'>περὶ</span> <span class='ocrx_word' id='word_1_545' title='bbox 456 2154 503 2182; x_wconf 82' lang='grc' dir='ltr'>τοῦ</span> <span class='ocrx_word' id='word_1_546' title='bbox 529 2154 685 2186; x_wconf 84' lang='grc' dir='ltr'>λυσιτελοῦς</span> <span class='ocrx_word' id='word_1_547' title='bbox 709 2154 773 2190; x_wconf 80' lang='grc' dir='ltr'>ὑμῖν</span> <span class='ocrx_word' id='word_1_548' title='bbox 788 2154 1017 2189; x_wconf 73' lang='grc' dir='ltr'>συνδιεσκέψασθε</span> 
     </span>
    </p>
   </div>
   <div class='ocr_carea' id='block_1_76' title="bbox 234 2194 1057 2237">
    <p class='ocr_par' dir='ltr' id='par_1_76' title="bbox 234 2194 1057 2237">
     <span class='ocr_line' id='line_1_76' title="bbox 234 2194 1057 2237; baseline -0.002 -8"><span class='ocrx_word' id='word_1_549' title='bbox 234 2202 268 2229; x_wconf 76' lang='grc' dir='ltr'>ἄν</span> <span class='ocrx_word' id='word_1_550' title='bbox 280 2210 288 2218; x_wconf 82' lang='grc'><strong><em>⁸</em></strong></span> <span class='ocrx_word' id='word_1_551' title='bbox 309 2201 434 2237; x_wconf 71' lang='grc' dir='ltr'>φράσατο</span> <span class='ocrx_word' id='word_1_552' title='bbox 456 2201 504 2228; x_wconf 75' lang='grc' dir='ltr'>οὖν</span> <span class='ocrx_word' id='word_1_553' title='bbox 524 2201 551 2228; x_wconf 83' lang='grc' dir='ltr'>εῐ</span> <span class='ocrx_word' id='word_1_554' title='bbox 564 2209 590 2228; x_wconf 86' lang='grc' dir='ltr'><strong>τι</strong></span> <span class='ocrx_word' id='word_1_555' title='bbox 606 2201 765 2236; x_wconf 77' lang='grc' dir='ltr'>καινότερον</span> <span class='ocrx_word' id='word_1_556' title='bbox 789 2200 855 2235; x_wconf 80' lang='grc' dir='ltr'>ὑμῖν</span> <span class='ocrx_word' id='word_1_557' title='bbox 875 2201 1019 2233; x_wconf 75' lang='grc' dir='ltr'>ἔσκεπται,</span> <span class='ocrx_word' id='word_1_558' title='bbox 1035 2194 1057 2223; x_wconf 81' lang='grc' dir='ltr'><strong>Ῑ)</strong></span> 
     </span>
    </p>
   </div>
   <div class='ocr_carea' id='block_1_77' title="bbox 233 2246 1019 2283">
    <p class='ocr_par' dir='ltr' id='par_1_77' title="bbox 233 2246 1019 2283">
     <span class='ocr_line' id='line_1_77' title="bbox 233 2246 1019 2283; baseline -0.001 -8"><span class='ocrx_word' id='word_1_559' title='bbox 233 2248 282 2275; x_wconf 69' lang='grc' dir='ltr'>καὶ</span> <span class='ocrx_word' id='word_1_560' title='bbox 301 2249 326 2274; x_wconf 88' lang='grc' dir='ltr'><strong>εί</strong></span> <span class='ocrx_word' id='word_1_561' title='bbox 347 2247 480 2283; x_wconf 81' lang='grc' dir='ltr'>μετάνοιά</span> <span class='ocrx_word' id='word_1_562' title='bbox 494 2255 537 2278; x_wconf 84' lang='grc' dir='ltr'><strong>τις</strong></span> <span class='ocrx_word' id='word_1_563' title='bbox 557 2247 683 2282; x_wconf 72' lang='grc' dir='ltr'>εἰσῆλθεν</span> <span class='ocrx_word' id='word_1_564' title='bbox 697 2246 769 2282; x_wconf 79' lang='grc' dir='ltr'>ὑμᾶς</span> <span class='ocrx_word' id='word_1_565' title='bbox 782 2246 829 2273; x_wconf 72' lang='grc' dir='ltr'><strong>ἐπὶ</strong></span> <span class='ocrx_word' id='word_1_566' title='bbox 850 2247 907 2279; x_wconf 85' lang='grc' dir='ltr'>τοῖς</span> <span class='ocrx_word' id='word_1_567' title='bbox 921 2246 1019 2282; x_wconf 54' lang='lat' dir='ltr'><strong>«posse</strong></span> 
     </span>
    </p>
   </div>
   <div class='ocr_carea' id='block_1_78' title="bbox 234 2291 1019 2330">
    <p class='ocr_par' dir='ltr' id='par_1_78' title="bbox 234 2291 1019 2330">
     <span class='ocr_line' id='line_1_78' title="bbox 234 2291 1019 2330; baseline 0 -10"><span class='ocrx_word' id='word_1_568' title='bbox 234 2302 302 2330; x_wconf 78' lang='grc' dir='ltr'>ροις,</span> <span class='ocrx_word' id='word_1_569' title='bbox 321 2294 371 2320; x_wconf 79' lang='grc' dir='ltr'>καὶ</span> <span class='ocrx_word' id='word_1_570' title='bbox 399 2295 431 2328; x_wconf 76' lang='grc' dir='ltr'>τῇ</span> <span class='ocrx_word' id='word_1_571' title='bbox 455 2292 503 2320; x_wconf 81' lang='grc' dir='ltr'>τοῦ</span> <span class='ocrx_word' id='word_1_572' title='bbox 535 2293 676 2319; x_wconf 79' lang='grc' dir='ltr'>θειοτάτου</span> <span class='ocrx_word' id='word_1_573' title='bbox 704 2291 837 2327; x_wconf 75' lang='grc' dir='ltr'>βασιλέως</span> <span class='ocrx_word' id='word_1_574' title='bbox 868 2293 1019 2328; x_wconf 77' lang='grc' dir='ltr'>προστάξει</span> 
     </span>
    </p>
   </div>
   <div class='ocr_carea' id='block_1_79' title="bbox 233 2339 1019 2375">
    <p class='ocr_par' dir='ltr' id='par_1_79' title="bbox 233 2339 1019 2375">
     <span class='ocr_line' id='line_1_79' title="bbox 233 2339 1019 2375; baseline 0 -8"><span class='ocrx_word' id='word_1_575' title='bbox 233 2340 362 2368; x_wconf 78' lang='grc' dir='ltr'>πείθεσθε</span> <span class='ocrx_word' id='word_1_576' title='bbox 376 2347 383 2355; x_wconf 73' lang='grc'>⁸</span> <span class='ocrx_word' id='word_1_577' title='bbox 398 2339 470 2366; x_wconf 76' lang='grc' dir='ltr'>οὕτω</span> <span class='ocrx_word' id='word_1_578' title='bbox 492 2339 547 2375; x_wconf 72' lang='grc' dir='ltr'>γὰρ</span> <span class='ocrx_word' id='word_1_579' title='bbox 562 2339 602 2372; x_wconf 15' lang='grc' dir='ltr'><strong>*ἂν</strong></span> <span class='ocrx_word' id='word_1_580' title='bbox 625 2339 680 2366; x_wconf 86' lang='grc' dir='ltr'>τῶν</span> <span class='ocrx_word' id='word_1_581' title='bbox 701 2347 731 2365; x_wconf 84' lang='grc' dir='ltr'><strong>τε</strong></span> <span class='ocrx_word' id='word_1_582' title='bbox 749 2339 857 2366; x_wconf 86' lang='grc' dir='ltr'>οίκείων</span> <span class='ocrx_word' id='word_1_583' title='bbox 871 2339 1019 2375; x_wconf 80' lang='grc' dir='ltr'>κτημάτων</span> 
     </span>
    </p>
   </div>
   <div class='ocr_carea' id='block_1_80' title="bbox 233 2383 1019 2421">
    <p class='ocr_par' dir='ltr' id='par_1_80' title="bbox 233 2383 1019 2421">
     <span class='ocr_line' id='line_1_80' title="bbox 233 2383 1019 2421; baseline -0.003 -8"><span class='ocrx_word' id='word_1_584' title='bbox 233 2386 302 2421; x_wconf 80' lang='grc' dir='ltr'>δμοῦ</span> <span class='ocrx_word' id='word_1_585' title='bbox 313 2385 361 2413; x_wconf 70' lang='grc' dir='ltr'>καὶ</span> <span class='ocrx_word' id='word_1_586' title='bbox 370 2385 533 2421; x_wconf 82' lang='grc' dir='ltr'>χρημάτων,</span> <span class='ocrx_word' id='word_1_587' title='bbox 550 2385 618 2412; x_wconf 81' lang='grc' dir='ltr'>ἀλλὰ</span> <span class='ocrx_word' id='word_1_588' title='bbox 635 2383 741 2411; x_wconf 76' lang='grc' dir='ltr'>καὶτοῦ</span> <span class='ocrx_word' id='word_1_589' title='bbox 757 2384 928 2418; x_wconf 79' lang='grc' dir='ltr'>γλυκυτάτου</span> <span class='ocrx_word' id='word_1_590' title='bbox 942 2385 1019 2412; x_wconf 79' lang='grc' dir='ltr'>τοῦδε</span> 
     </span>
    </p>
   </div>
   <div class='ocr_carea' id='block_1_81' title="bbox 235 2430 1017 2466">
    <p class='ocr_par' dir='ltr' id='par_1_81' title="bbox 235 2430 1017 2466">
     <span class='ocr_line' id='line_1_81' title="bbox 235 2430 1017 2466; baseline 0 -8"><span class='ocrx_word' id='word_1_591' title='bbox 235 2432 324 2466; x_wconf 75' lang='grc' dir='ltr'>φωτὸς</span> <span class='ocrx_word' id='word_1_592' title='bbox 334 2432 520 2466; x_wconf 79' lang='grc' dir='ltr'>ἀπολαύσητε.</span> <span class='ocrx_word' id='word_1_593' title='bbox 531 2431 601 2466; x_wconf 83' lang='grc' dir='ltr'>Πρὸς</span> <span class='ocrx_word' id='word_1_594' title='bbox 611 2430 697 2458; x_wconf 80' lang='grc' dir='ltr'>ταῦτα</span> <span class='ocrx_word' id='word_1_595' title='bbox 711 2431 734 2457; x_wconf 83' lang='grc' dir='ltr'>οι</span> <span class='ocrx_word' id='word_1_596' title='bbox 750 2431 898 2466; x_wconf 81' lang='grc' dir='ltr'>μάρτυρες,</span> <span class='ocrx_word' id='word_1_597' title='bbox 912 2431 1017 2463; x_wconf 74' lang='grc' dir='ltr'>Οὐδεὶς.</span> 
     </span>
    </p>
   </div>
   <div class='ocr_carea' id='block_1_82' title="bbox 241 2475 1019 2512">
    <p class='ocr_par' dir='ltr' id='par_1_82' title="bbox 241 2475 1019 2512">
     <span class='ocr_line' id='line_1_82' title="bbox 241 2475 1019 2512; baseline -0.001 -8"><span class='ocrx_word' id='word_1_598' title='bbox 241 2475 332 2510; x_wconf 76' lang='grc' dir='ltr'>εἷπον,</span> <span class='ocrx_word' id='word_1_599' title='bbox 358 2478 412 2504; x_wconf 81' lang='grc' dir='ltr'><strong>τῶν</strong></span> <span class='ocrx_word' id='word_1_600' title='bbox 436 2478 643 2512; x_wconf 78' lang='grc' dir='ltr'>εὐφρονούντων</span> <span class='ocrx_word' id='word_1_601' title='bbox 662 2477 817 2505; x_wconf 83' lang='grc' dir='ltr'>ἀσπάσαιτο</span> <span class='ocrx_word' id='word_1_602' title='bbox 831 2476 887 2504; x_wconf 82' lang='grc' dir='ltr'><strong>τῶν</strong></span> <span class='ocrx_word' id='word_1_603' title='bbox 903 2477 1019 2512; x_wconf 79' lang='grc' dir='ltr'>ῥεόντων</span> 
     </span>
    </p>
   </div>
   <div class='ocr_carea' id='block_1_83' title="bbox 235 2522 1020 2559">
    <p class='ocr_par' dir='ltr' id='par_1_83' title="bbox 235 2522 1020 2559">
     <span class='ocr_line' id='line_1_83' title="bbox 235 2522 1020 2559; baseline -0.001 -9"><span class='ocrx_word' id='word_1_604' title='bbox 235 2524 286 2559; x_wconf 79' lang='grc' dir='ltr'>τὴν</span> <span class='ocrx_word' id='word_1_605' title='bbox 299 2524 328 2549; x_wconf 80' lang='grc' dir='ltr'>ὲν</span> <span class='ocrx_word' id='word_1_606' title='bbox 347 2522 430 2558; x_wconf 80' lang='grc' dir='ltr'>ὀλίγῳ</span> <span class='ocrx_word' id='word_1_607' title='bbox 451 2524 624 2558; x_wconf 84' lang='grc' dir='ltr'>παραμονήν.</span> <span class='ocrx_word' id='word_1_608' title='bbox 646 2522 749 2554; x_wconf 82' lang='grc' dir='ltr'>Ἱκανὸς</span> <span class='ocrx_word' id='word_1_609' title='bbox 767 2522 822 2558; x_wconf 78' lang='grc' dir='ltr'><strong>γὰρ</strong></span> <span class='ocrx_word' id='word_1_610' title='bbox 847 2524 915 2558; x_wconf 78' lang='grc' dir='ltr'>ἡμῖν</span> <span class='ocrx_word' id='word_1_611' title='bbox 936 2523 984 2550; x_wconf 78' lang='grc' dir='ltr'>καὶ</span> <span class='ocrx_word' id='word_1_612' title='bbox 1006 2523 1020 2550; x_wconf 81' lang='grc' dir='ltr'>ὁ</span> 
     </span>
    </p>
   </div>
   <div class='ocr_carea' id='block_1_84' title="bbox 235 2567 1019 2603">
    <p class='ocr_par' dir='ltr' id='par_1_84' title="bbox 235 2567 1019 2603">
     <span class='ocr_line' id='line_1_84' title="bbox 235 2567 1019 2603; baseline -0.003 -8"><span class='ocrx_word' id='word_1_613' title='bbox 235 2567 383 2603; x_wconf 75' lang='grc' dir='ltr'>προλαϐὼν</span> <span class='ocrx_word' id='word_1_614' title='bbox 395 2568 490 2603; x_wconf 85' lang='grc' dir='ltr'>χρόνος</span> <span class='ocrx_word' id='word_1_615' title='bbox 505 2568 572 2603; x_wconf 65' lang='grc' dir='ltr'>πρὸς</span> <span class='ocrx_word' id='word_1_616' title='bbox 585 2568 633 2603; x_wconf 77' lang='grc' dir='ltr'>τὴν</span> <span class='ocrx_word' id='word_1_617' title='bbox 650 2567 749 2603; x_wconf 82' lang='grc' dir='ltr'>χρῆσιν</span> <span class='ocrx_word' id='word_1_618' title='bbox 763 2568 854 2594; x_wconf 85' lang='grc' dir='ltr'>αὐτῶν</span> <span class='ocrx_word' id='word_1_619' title='bbox 882 2567 930 2595; x_wconf 83' lang='grc' dir='ltr'>καὶ</span> <span class='ocrx_word' id='word_1_620' title='bbox 943 2567 1019 2599; x_wconf 79' lang='grc' dir='ltr'>θέαν,</span> 
     </span>
    </p>
   </div>
   <div class='ocr_carea' id='block_1_85' title="bbox 236 2613 1020 2649">
    <p class='ocr_par' dir='ltr' id='par_1_85' title="bbox 236 2613 1020 2649">
     <span class='ocr_line' id='line_1_85' title="bbox 236 2613 1020 2649; baseline 0.003 -9"><span class='ocrx_word' id='word_1_621' title='bbox 236 2615 286 2643; x_wconf 77' lang='grc' dir='ltr'>καὶ</span> <span class='ocrx_word' id='word_1_622' title='bbox 300 2614 408 2646; x_wconf 71' lang='grc' dir='ltr'>οὐδενὸς</span> <span class='ocrx_word' id='word_1_623' title='bbox 421 2613 524 2640; x_wconf 83' lang='grc' dir='ltr'>τούτων</span> <span class='ocrx_word' id='word_1_624' title='bbox 545 2613 629 2648; x_wconf 71' lang='grc' dir='ltr'>ἐσμὲν</span> <span class='ocrx_word' id='word_1_625' title='bbox 646 2615 676 2640; x_wconf 74' lang='grc' dir='ltr'>ὲν</span> <span class='ocrx_word' id='word_1_626' title='bbox 695 2615 841 2649; x_wconf 71' lang='grc' dir='ltr'>ιπιουμιᾳ.</span> <span class='ocrx_word' id='word_1_627' title='bbox 860 2615 909 2641; x_wconf 73' lang='lat' dir='ltr'><strong>“Ov</strong></span> <span class='ocrx_word' id='word_1_628' title='bbox 925 2614 953 2640; x_wconf 76' lang='grc' dir='ltr'>δὲ</span> <span class='ocrx_word' id='word_1_629' title='bbox 972 2615 1020 2642; x_wconf 78' lang='grc' dir='ltr'>νῦν</span> 
     </span>
    </p>
   </div>
   <div class='ocr_carea' id='block_1_86' title="bbox 236 2659 1020 2696">
    <p class='ocr_par' dir='ltr' id='par_1_86' title="bbox 236 2659 1020 2696">
     <span class='ocr_line' id='line_1_86' title="bbox 236 2659 1020 2696; baseline 0.001 -10"><span class='ocrx_word' id='word_1_630' title='bbox 236 2662 304 2696; x_wconf 77' lang='grc' dir='ltr'>ἡμῖν</span> <span class='ocrx_word' id='word_1_631' title='bbox 335 2660 450 2687; x_wconf 81' lang='grc' dir='ltr'>θάνατον</span> <span class='ocrx_word' id='word_1_632' title='bbox 480 2659 636 2692; x_wconf 76' lang='grc' dir='ltr'>ἐπισείεις,</span> <span class='ocrx_word' id='word_1_633' title='bbox 664 2660 733 2695; x_wconf 74' lang='grc' dir='ltr'>πρὸς</span> <span class='ocrx_word' id='word_1_634' title='bbox 765 2660 919 2692; x_wconf 79' lang='grc' dir='ltr'>ἀθανάτους</span> <span class='ocrx_word' id='word_1_635' title='bbox 944 2659 1020 2693; x_wconf 76' lang='grc' dir='ltr'>οὗτος</span> 
     </span>
    </p>
   </div>
   <div class='ocr_carea' id='block_1_87' title="bbox 237 2706 1021 2742">
    <p class='ocr_par' dir='ltr' id='par_1_87' title="bbox 237 2706 1021 2742">
     <span class='ocr_line' id='line_1_87' title="bbox 237 2706 1021 2742; baseline 0 -9"><span class='ocrx_word' id='word_1_636' title='bbox 237 2707 311 2742; x_wconf 73' lang='grc' dir='ltr'>ἡμᾶς</span> <span class='ocrx_word' id='word_1_637' title='bbox 326 2706 478 2733; x_wconf 74' lang='grc' dir='ltr'>διαὸιὸάσει</span> <span class='ocrx_word' id='word_1_638' title='bbox 495 2706 607 2741; x_wconf 78' lang='grc' dir='ltr'>σκηνὰς,</span> <span class='ocrx_word' id='word_1_639' title='bbox 627 2706 674 2732; x_wconf 84' lang='grc' dir='ltr'>καὶ</span> <span class='ocrx_word' id='word_1_640' title='bbox 691 2706 741 2741; x_wconf 82' lang='grc' dir='ltr'>τῆς</span> <span class='ocrx_word' id='word_1_641' title='bbox 755 2706 861 2733; x_wconf 79' lang='grc' dir='ltr'>ἐκεῖθεν</span> <span class='ocrx_word' id='word_1_642' title='bbox 874 2709 1021 2742; x_wconf 77' lang='grc' dir='ltr'>μετασχεῖν</span> 
     </span>
    </p>
   </div>
   <div class='ocr_carea' id='block_1_88' title="bbox 237 2752 680 2788">
    <p class='ocr_par' dir='ltr' id='par_1_88' title="bbox 237 2752 680 2788">
     <span class='ocr_line' id='line_1_88' title="bbox 237 2752 680 2788; baseline 0 -8"><span class='ocrx_word' id='word_1_643' title='bbox 237 2752 447 2788; x_wconf 78' lang='grc' dir='ltr'>παρασκευάσει</span> <span class='ocrx_word' id='word_1_644' title='bbox 463 2753 680 2788; x_wconf 69' lang='grc' dir='ltr'>μακαριότητος.</span> 
     </span>
    </p>
   </div>
   <div class='ocr_carea' id='block_1_89' title="bbox 273 2843 758 2876">
    <p class='ocr_par' dir='ltr' id='par_1_89' title="bbox 273 2843 758 2876">
     <span class='ocr_line' id='line_1_89' title="bbox 273 2843 758 2876; baseline -0.004 -3"><span class='ocrx_word' id='word_1_645' title='bbox 273 2844 283 2860; x_wconf 91' lang='grc'><strong>¹</strong></span> <span class='ocrx_word' id='word_1_646' title='bbox 295 2843 366 2874; x_wconf 85' lang='lat' dir='ltr'><strong>Psal.</strong></span> <span class='ocrx_word' id='word_1_647' title='bbox 385 2851 443 2876; x_wconf 79' lang='lat' dir='ltr'><strong>cxt,</strong></span> <span class='ocrx_word' id='word_1_648' title='bbox 460 2843 487 2870; x_wconf 89' lang='lat'><strong>5.</strong></span> <span class='ocrx_word' id='word_1_649' title='bbox 524 2844 534 2859; x_wconf 87' lang='lat'>&#39;</span> <span class='ocrx_word' id='word_1_650' title='bbox 551 2843 646 2870; x_wconf 80' lang='lat' dir='ltr'><strong>Matth.</strong></span> <span class='ocrx_word' id='word_1_651' title='bbox 670 2851 697 2876; x_wconf 72' lang='grc' dir='ltr'>ι,</span> <span class='ocrx_word' id='word_1_652' title='bbox 712 2844 758 2871; x_wconf 81' lang='lat'><strong>‘29.</strong></span> 
     </span>
    </p>
   </div>
   <div class='ocr_carea' id='block_1_90' title="bbox 393 2892 737 2923">
    <p class='ocr_par' dir='ltr' id='par_1_90' title="bbox 393 2892 737 2923">
     <span class='ocr_line' id='line_1_90' title="bbox 393 2892 737 2923; baseline 0 -1"><span class='ocrx_word' id='word_1_653' title='bbox 393 2893 528 2922; x_wconf 69' lang='grc' dir='ltr'>Ρηιιοι..</span> <span class='ocrx_word' id='word_1_654' title='bbox 551 2892 610 2922; x_wconf 71' lang='lat' dir='ltr'><strong>Gn.</strong></span> <span class='ocrx_word' id='word_1_655' title='bbox 625 2892 737 2923; x_wconf 73' lang='lat' dir='ltr'><strong>CXVI.</strong></span> 
     </span>
    </p>
   </div>
   <div class='ocr_carea' id='block_1_91' title="bbox 815 2843 1024 2878">
    <p class='ocr_par' dir='ltr' id='par_1_91' title="bbox 815 2843 1024 2878">
     <span class='ocr_line' id='line_1_91' title="bbox 815 2843 1024 2878; baseline 0 -6"><span class='ocrx_word' id='word_1_656' title='bbox 815 2844 835 2861; x_wconf 80' lang='lat'><strong>&quot;’</strong></span> <span class='ocrx_word' id='word_1_657' title='bbox 850 2843 922 2872; x_wconf 85' lang='lat' dir='ltr'><strong>Psal.</strong></span> <span class='ocrx_word' id='word_1_658' title='bbox 946 2851 982 2878; x_wconf 85' lang='lat' dir='ltr'><strong>tv,</strong></span> <span class='ocrx_word' id='word_1_659' title='bbox 997 2844 1024 2872; x_wconf 76' lang='grc'><strong>2.</strong></span> 
     </span>
    </p>
   </div>
   <div class='ocr_carea' id='block_1_92' title="bbox 1066 1565 1852 1602">
    <p class='ocr_par' dir='ltr' id='par_1_92' title="bbox 1066 1565 1852 1602">
     <span class='ocr_line' id='line_1_92' title="bbox 1066 1565 1852 1602; baseline 0.003 -10"><span class='ocrx_word' id='word_1_660' title='bbox 1066 1565 1129 1600; x_wconf 82' lang='lat' dir='ltr'><strong>galli</strong></span> <span class='ocrx_word' id='word_1_661' title='bbox 1144 1570 1254 1592; x_wconf 88' lang='lat' dir='ltr'><strong>cantum</strong></span> <span class='ocrx_word' id='word_1_662' title='bbox 1280 1566 1402 1593; x_wconf 74' lang='lat' dir='ltr'><strong>surrexit</strong></span> <span class='ocrx_word' id='word_1_663' title='bbox 1416 1566 1498 1602; x_wconf 73' lang='lat' dir='ltr'><strong>iudex</strong></span> <span class='ocrx_word' id='word_1_664' title='bbox 1513 1574 1519 1593; x_wconf 95' lang='lat'>:</span> <span class='ocrx_word' id='word_1_665' title='bbox 1536 1573 1599 1594; x_wconf 90' lang='lat' dir='ltr'><strong>eum</strong></span> <span class='ocrx_word' id='word_1_666' title='bbox 1625 1574 1692 1594; x_wconf 88' lang='lat' dir='ltr'><strong>vero</strong></span> <span class='ocrx_word' id='word_1_667' title='bbox 1713 1567 1852 1602; x_wconf 67' lang='lat' dir='ltr'><strong>praecede-</strong></span> 
     </span>
    </p>
   </div>
   <div class='ocr_carea' id='block_1_93' title="bbox 1067 1610 1852 1645">
    <p class='ocr_par' dir='ltr' id='par_1_93' title="bbox 1067 1610 1852 1645">
     <span class='ocr_line' id='line_1_93' title="bbox 1067 1610 1852 1645; baseline 0 -6"><span class='ocrx_word' id='word_1_668' title='bbox 1067 1611 1135 1639; x_wconf 84' lang='lat' dir='ltr'><strong>bant</strong></span> <span class='ocrx_word' id='word_1_669' title='bbox 1146 1610 1286 1645; x_wconf 82' lang='lat' dir='ltr'><strong>lampades</strong></span> <span class='ocrx_word' id='word_1_670' title='bbox 1305 1615 1334 1638; x_wconf 89' lang='lat' dir='ltr'><strong>et</strong></span> <span class='ocrx_word' id='word_1_671' title='bbox 1353 1611 1502 1639; x_wconf 87' lang='lat' dir='ltr'><strong>satellites:</strong></span> <span class='ocrx_word' id='word_1_672' title='bbox 1516 1617 1545 1639; x_wconf 86' lang='lat' dir='ltr'><strong>et</strong></span> <span class='ocrx_word' id='word_1_673' title='bbox 1565 1619 1628 1639; x_wconf 89' lang='lat' dir='ltr'><strong>cum</strong></span> <span class='ocrx_word' id='word_1_674' title='bbox 1645 1613 1678 1639; x_wconf 79' lang='lat' dir='ltr'><strong>ad</strong></span> <span class='ocrx_word' id='word_1_675' title='bbox 1709 1612 1852 1639; x_wconf 80' lang='lat' dir='ltr'><strong>basilicam</strong></span> 
     </span>
    </p>
   </div>
   <div class='ocr_carea' id='block_1_94' title="bbox 1066 1656 1853 1693">
    <p class='ocr_par' dir='ltr' id='par_1_94' title="bbox 1066 1656 1853 1693">
     <span class='ocr_line' id='line_1_94' title="bbox 1066 1656 1853 1693; baseline 0.003 -10"><span class='ocrx_word' id='word_1_676' title='bbox 1066 1656 1199 1689; x_wconf 83' lang='lat' dir='ltr'><strong>venisset,</strong></span> <span class='ocrx_word' id='word_1_677' title='bbox 1219 1663 1279 1691; x_wconf 68' lang='lat' dir='ltr'><strong>quae</strong></span> <span class='ocrx_word' id='word_1_678' title='bbox 1293 1656 1406 1690; x_wconf 88' lang='lat' dir='ltr'><strong>dicitur,</strong></span> <span class='ocrx_word' id='word_1_679' title='bbox 1423 1657 1471 1685; x_wconf 85' lang='lat' dir='ltr'><strong>ubi</strong></span> <span class='ocrx_word' id='word_1_680' title='bbox 1484 1662 1542 1685; x_wconf 88' lang='lat' dir='ltr'><strong>erat</strong></span> <span class='ocrx_word' id='word_1_681' title='bbox 1558 1657 1703 1693; x_wconf 81' lang='lat' dir='ltr'><strong>judicium,</strong></span> <span class='ocrx_word' id='word_1_682' title='bbox 1717 1665 1779 1685; x_wconf 86' lang='lat' dir='ltr'><strong>cum</strong></span> <span class='ocrx_word' id='word_1_683' title='bbox 1797 1665 1853 1685; x_wconf 80' lang='lat' dir='ltr'><strong>ma-</strong></span> 
     </span>
    </p>
   </div>
   <div class='ocr_carea' id='block_1_95' title="bbox 1066 1702 1853 1737">
    <p class='ocr_par' dir='ltr' id='par_1_95' title="bbox 1066 1702 1853 1737">
     <span class='ocr_line' id='line_1_95' title="bbox 1066 1702 1853 1737; baseline 0.003 -8"><span class='ocrx_word' id='word_1_684' title='bbox 1066 1709 1120 1737; x_wconf 86' lang='lat' dir='ltr'><strong>gno</strong></span> <span class='ocrx_word' id='word_1_685' title='bbox 1134 1702 1207 1730; x_wconf 79' lang='lat' dir='ltr'><strong>fastu</strong></span> <span class='ocrx_word' id='word_1_686' title='bbox 1221 1702 1299 1730; x_wconf 79' lang='lat' dir='ltr'><strong>sedet</strong></span> <span class='ocrx_word' id='word_1_687' title='bbox 1324 1710 1375 1737; x_wconf 87' lang='lat' dir='ltr'><strong>pro</strong></span> <span class='ocrx_word' id='word_1_688' title='bbox 1388 1703 1530 1736; x_wconf 83' lang='lat' dir='ltr'><strong>tribunali,</strong></span> <span class='ocrx_word' id='word_1_689' title='bbox 1554 1708 1584 1731; x_wconf 84' lang='lat' dir='ltr'><strong>et</strong></span> <span class='ocrx_word' id='word_1_690' title='bbox 1605 1703 1853 1732; x_wconf 76' lang='lat' dir='ltr'><strong>accersitathletas</strong></span> 
     </span>
    </p>
   </div>
   <div class='ocr_carea' id='block_1_96' title="bbox 1069 1748 1854 1785">
    <p class='ocr_par' dir='ltr' id='par_1_96' title="bbox 1069 1748 1854 1785">
     <span class='ocr_line' id='line_1_96' title="bbox 1069 1748 1854 1785; baseline 0.003 -9"><span class='ocrx_word' id='word_1_691' title='bbox 1069 1748 1182 1777; x_wconf 86' lang='lat' dir='ltr'><strong>Guriam</strong></span> <span class='ocrx_word' id='word_1_692' title='bbox 1203 1753 1231 1776; x_wconf 89' lang='lat' dir='ltr'><strong>et</strong></span> <span class='ocrx_word' id='word_1_693' title='bbox 1247 1748 1403 1776; x_wconf 86' lang='lat' dir='ltr'><strong>Samonam.</strong></span> <span class='ocrx_word' id='word_1_694' title='bbox 1420 1749 1455 1776; x_wconf 82' lang='lat' dir='ltr'><strong>Et</strong></span> <span class='ocrx_word' id='word_1_695' title='bbox 1473 1749 1518 1777; x_wconf 85' lang='lat' dir='ltr'><strong>hic</strong></span> <span class='ocrx_word' id='word_1_696' title='bbox 1533 1749 1646 1785; x_wconf 86' lang='lat' dir='ltr'><strong>quidem</strong></span> <span class='ocrx_word' id='word_1_697' title='bbox 1662 1750 1738 1777; x_wconf 79' lang='lat' dir='ltr'><strong>venit</strong></span> <span class='ocrx_word' id='word_1_698' title='bbox 1756 1750 1854 1778; x_wconf 81' lang='lat' dir='ltr'><strong>ambu-</strong></span> 
     </span>
    </p>
   </div>
   <div class='ocr_carea' id='block_1_97' title="bbox 1067 1794 1853 1832">
    <p class='ocr_par' dir='ltr' id='par_1_97' title="bbox 1067 1794 1853 1832">
     <span class='ocr_line' id='line_1_97' title="bbox 1067 1794 1853 1832; baseline 0.003 -10"><span class='ocrx_word' id='word_1_699' title='bbox 1067 1795 1130 1822; x_wconf 88' lang='lat' dir='ltr'><strong>lans</strong></span> <span class='ocrx_word' id='word_1_700' title='bbox 1145 1795 1173 1822; x_wconf 90' lang='lat' dir='ltr'><strong>in</strong></span> <span class='ocrx_word' id='word_1_701' title='bbox 1190 1795 1283 1823; x_wconf 88' lang='lat' dir='ltr'><strong>medio</strong></span> <span class='ocrx_word' id='word_1_702' title='bbox 1294 1794 1411 1822; x_wconf 90' lang='lat' dir='ltr'><strong>duorum</strong></span> <span class='ocrx_word' id='word_1_703' title='bbox 1426 1800 1454 1823; x_wconf 86' lang='lat' dir='ltr'><strong>et</strong></span> <span class='ocrx_word' id='word_1_704' title='bbox 1467 1795 1550 1824; x_wconf 82' lang='lat' dir='ltr'><strong>fultus</strong></span> <span class='ocrx_word' id='word_1_705' title='bbox 1563 1796 1705 1832; x_wconf 87' lang='lat' dir='ltr'><strong>utriusque</strong></span> <span class='ocrx_word' id='word_1_706' title='bbox 1714 1797 1853 1824; x_wconf 79' lang='lat' dir='ltr'><strong>manibus.</strong></span> 
     </span>
    </p>
   </div>
   <div class='ocr_carea' id='block_1_98' title="bbox 1068 1840 1853 1878">
    <p class='ocr_par' dir='ltr' id='par_1_98' title="bbox 1068 1840 1853 1878">
     <span class='ocr_line' id='line_1_98' title="bbox 1068 1840 1853 1878; baseline 0.004 -10"><span class='ocrx_word' id='word_1_707' title='bbox 1068 1840 1134 1868; x_wconf 83' lang='lat' dir='ltr'><strong>Nam</strong></span> <span class='ocrx_word' id='word_1_708' title='bbox 1160 1846 1189 1869; x_wconf 89' lang='lat' dir='ltr'><strong>et</strong></span> <span class='ocrx_word' id='word_1_709' title='bbox 1205 1841 1348 1876; x_wconf 80' lang='lat' dir='ltr'><strong>premebat</strong></span> <span class='ocrx_word' id='word_1_710' title='bbox 1376 1841 1478 1875; x_wconf 83' lang='lat' dir='ltr'><strong>inedia,</strong></span> <span class='ocrx_word' id='word_1_711' title='bbox 1512 1847 1539 1870; x_wconf 88' lang='lat' dir='ltr'><strong>et</strong></span> <span class='ocrx_word' id='word_1_712' title='bbox 1560 1843 1690 1878; x_wconf 77' lang='lat' dir='ltr'><strong>gravabat</strong></span> <span class='ocrx_word' id='word_1_713' title='bbox 1714 1848 1853 1876; x_wconf 79' lang='lat' dir='ltr'><strong>senectus,</strong></span> 
     </span>
    </p>
   </div>
   <div class='ocr_carea' id='block_1_99' title="bbox 1068 1887 1855 1925">
    <p class='ocr_par' dir='ltr' id='par_1_99' title="bbox 1068 1887 1855 1925">
     <span class='ocr_line' id='line_1_99' title="bbox 1068 1887 1855 1925; baseline 0.004 -10"><span class='ocrx_word' id='word_1_714' title='bbox 1068 1887 1139 1915; x_wconf 87' lang='lat' dir='ltr'><strong>bona</strong></span> <span class='ocrx_word' id='word_1_715' title='bbox 1154 1895 1202 1923; x_wconf 86' lang='lat' dir='ltr'><strong>spe</strong></span> <span class='ocrx_word' id='word_1_716' title='bbox 1212 1887 1386 1916; x_wconf 86' lang='lat' dir='ltr'><strong>solummodo</strong></span> <span class='ocrx_word' id='word_1_717' title='bbox 1401 1896 1464 1916; x_wconf 89' lang='lat' dir='ltr'><strong>eum</strong></span> <span class='ocrx_word' id='word_1_718' title='bbox 1483 1889 1674 1925; x_wconf 75' lang='lat' dir='ltr'><strong>refrigerante.</strong></span> <span class='ocrx_word' id='word_1_719' title='bbox 1687 1889 1788 1918; x_wconf 83' lang='lat' dir='ltr'><strong>Gurias</strong></span> <span class='ocrx_word' id='word_1_720' title='bbox 1805 1898 1855 1918; x_wconf 82' lang='lat' dir='ltr'><strong>au-</strong></span> 
     </span>
    </p>
   </div>
   <div class='ocr_carea' id='block_1_100' title="bbox 1070 1935 1855 1972">
    <p class='ocr_par' dir='ltr' id='par_1_100' title="bbox 1070 1935 1855 1972">
     <span class='ocr_line' id='line_1_100' title="bbox 1070 1935 1855 1972; baseline 0.004 -10"><span class='ocrx_word' id='word_1_721' title='bbox 1070 1938 1124 1962; x_wconf 87' lang='lat' dir='ltr'><strong>tem</strong></span> <span class='ocrx_word' id='word_1_722' title='bbox 1138 1935 1196 1969; x_wconf 82' lang='lat' dir='ltr'><strong>ipse</strong></span> <span class='ocrx_word' id='word_1_723' title='bbox 1210 1942 1320 1970; x_wconf 89' lang='lat' dir='ltr'><strong>quoque</strong></span> <span class='ocrx_word' id='word_1_724' title='bbox 1330 1939 1455 1969; x_wconf 86' lang='lat' dir='ltr'><strong>portatus</strong></span> <span class='ocrx_word' id='word_1_725' title='bbox 1466 1936 1577 1964; x_wconf 90' lang='lat' dir='ltr'><strong>ducitur</strong></span> <span class='ocrx_word' id='word_1_726' title='bbox 1587 1956 1595 1969; x_wconf 90' lang='lat'><strong>,</strong></span> <span class='ocrx_word' id='word_1_727' title='bbox 1614 1941 1645 1964; x_wconf 87' lang='lat' dir='ltr'><strong>ut</strong></span> <span class='ocrx_word' id='word_1_728' title='bbox 1669 1937 1715 1972; x_wconf 90' lang='lat' dir='ltr'><strong>qui</strong></span> <span class='ocrx_word' id='word_1_729' title='bbox 1729 1944 1780 1965; x_wconf 82' lang='lat' dir='ltr'><strong>nec</strong></span> <span class='ocrx_word' id='word_1_730' title='bbox 1791 1945 1855 1971; x_wconf 71' lang='lat' dir='ltr'><strong>pos~</strong></span> 
     </span>
    </p>
   </div>
   <div class='ocr_carea' id='block_1_101' title="bbox 1068 1979 1855 2017">
    <p class='ocr_par' dir='ltr' id='par_1_101' title="bbox 1068 1979 1855 2017">
     <span class='ocr_line' id='line_1_101' title="bbox 1068 1979 1855 2017; baseline 0.004 -12"><span class='ocrx_word' id='word_1_731' title='bbox 1068 1983 1111 2006; x_wconf 81' lang='lat' dir='ltr'><strong>set</strong></span> <span class='ocrx_word' id='word_1_732' title='bbox 1128 1979 1241 2006; x_wconf 86' lang='lat' dir='ltr'><strong>omnino</strong></span> <span class='ocrx_word' id='word_1_733' title='bbox 1269 1980 1385 2015; x_wconf 88' lang='lat' dir='ltr'><strong>ingredi,</strong></span> <span class='ocrx_word' id='word_1_734' title='bbox 1417 1985 1514 2015; x_wconf 86' lang='lat' dir='ltr'><strong>utpote</strong></span> <span class='ocrx_word' id='word_1_735' title='bbox 1535 1981 1610 2016; x_wconf 89' lang='lat' dir='ltr'><strong>quod</strong></span> <span class='ocrx_word' id='word_1_736' title='bbox 1636 1989 1685 2017; x_wconf 86' lang='lat' dir='ltr'><strong>pes</strong></span> <span class='ocrx_word' id='word_1_737' title='bbox 1710 1982 1735 2009; x_wconf 82' lang='lat' dir='ltr'><strong>ei</strong></span> <span class='ocrx_word' id='word_1_738' title='bbox 1756 1981 1855 2008; x_wconf 81' lang='lat' dir='ltr'><strong>fuisset</strong></span> 
     </span>
    </p>
   </div>
   <div class='ocr_carea' id='block_1_102' title="bbox 1069 2024 1855 2061">
    <p class='ocr_par' dir='ltr' id='par_1_102' title="bbox 1069 2024 1855 2061">
     <span class='ocr_line' id='line_1_102' title="bbox 1069 2024 1855 2061; baseline 0.008 -12"><span class='ocrx_word' id='word_1_739' title='bbox 1069 2024 1187 2059; x_wconf 76' lang='lat' dir='ltr'><strong>graviter</strong></span> <span class='ocrx_word' id='word_1_740' title='bbox 1205 2031 1220 2050; x_wconf 87' lang='lat' dir='ltr'><strong>a</strong></span> <span class='ocrx_word' id='word_1_741' title='bbox 1236 2024 1347 2052; x_wconf 89' lang='lat' dir='ltr'><strong>vinculo</strong></span> <span class='ocrx_word' id='word_1_742' title='bbox 1362 2027 1510 2054; x_wconf 83' lang='lat' dir='ltr'><strong>sauciatus.</strong></span> <span class='ocrx_word' id='word_1_743' title='bbox 1526 2026 1567 2054; x_wconf 79' lang='lat' dir='ltr'><strong>Ad</strong></span> <span class='ocrx_word' id='word_1_744' title='bbox 1582 2035 1651 2061; x_wconf 90' lang='lat' dir='ltr'><strong>quos</strong></span> <span class='ocrx_word' id='word_1_745' title='bbox 1668 2027 1855 2055; x_wconf 81' lang='lat' dir='ltr'><strong>defensorim-</strong></span> 
     </span>
    </p>
   </div>
   <div class='ocr_carea' id='block_1_103' title="bbox 1068 2068 1853 2106">
    <p class='ocr_par' dir='ltr' id='par_1_103' title="bbox 1068 2068 1853 2106">
     <span class='ocr_line' id='line_1_103' title="bbox 1068 2068 1853 2106; baseline 0.003 -10"><span class='ocrx_word' id='word_1_746' title='bbox 1068 2068 1178 2103; x_wconf 85' lang='lat' dir='ltr'><strong>pietatis</strong></span> <span class='ocrx_word' id='word_1_747' title='bbox 1194 2077 1201 2096; x_wconf 89' lang='lat'><strong>:</strong></span> <span class='ocrx_word' id='word_1_748' title='bbox 1217 2068 1286 2097; x_wconf 89' lang='lat' dir='ltr'><strong>Cum</strong></span> <span class='ocrx_word' id='word_1_749' title='bbox 1302 2069 1376 2102; x_wconf 80' lang='lat' dir='ltr'><strong>data,</strong></span> <span class='ocrx_word' id='word_1_750' title='bbox 1401 2071 1501 2106; x_wconf 87' lang='lat' dir='ltr'><strong>inquit,</strong></span> <span class='ocrx_word' id='word_1_751' title='bbox 1532 2071 1616 2098; x_wconf 78' lang='lat' dir='ltr'><strong>fuerit</strong></span> <span class='ocrx_word' id='word_1_752' title='bbox 1629 2071 1705 2098; x_wconf 82' lang='lat' dir='ltr'><strong>vobis</strong></span> <span class='ocrx_word' id='word_1_753' title='bbox 1721 2075 1853 2106; x_wconf 75' lang='lat' dir='ltr'><strong>potestas,</strong></span> 
     </span>
    </p>
   </div>
   <div class='ocr_carea' id='block_1_104' title="bbox 1070 2114 1855 2150">
    <p class='ocr_par' dir='ltr' id='par_1_104' title="bbox 1070 2114 1855 2150">
     <span class='ocr_line' id='line_1_104' title="bbox 1070 2114 1855 2150; baseline 0.003 -9"><span class='ocrx_word' id='word_1_754' title='bbox 1070 2114 1103 2141; x_wconf 89' lang='lat' dir='ltr'><strong>de</strong></span> <span class='ocrx_word' id='word_1_755' title='bbox 1116 2121 1150 2141; x_wconf 84' lang='lat' dir='ltr'><strong>eo</strong></span> <span class='ocrx_word' id='word_1_756' title='bbox 1172 2115 1246 2150; x_wconf 88' lang='lat' dir='ltr'><strong>quod</strong></span> <span class='ocrx_word' id='word_1_757' title='bbox 1274 2119 1317 2142; x_wconf 87' lang='lat' dir='ltr'><strong>est</strong></span> <span class='ocrx_word' id='word_1_758' title='bbox 1334 2115 1412 2143; x_wconf 89' lang='lat' dir='ltr'><strong>vobis</strong></span> <span class='ocrx_word' id='word_1_759' title='bbox 1433 2116 1619 2148; x_wconf 85' lang='lat' dir='ltr'><strong>conducibile,</strong></span> <span class='ocrx_word' id='word_1_760' title='bbox 1638 2116 1719 2143; x_wconf 87' lang='lat' dir='ltr'><strong>simul</strong></span> <span class='ocrx_word' id='word_1_761' title='bbox 1750 2116 1855 2144; x_wconf 82' lang='lat' dir='ltr'><strong>delibe-</strong></span> 
     </span>
    </p>
   </div>
   <div class='ocr_carea' id='block_1_105' title="bbox 1073 2161 1854 2197">
    <p class='ocr_par' dir='ltr' id='par_1_105' title="bbox 1073 2161 1854 2197">
     <span class='ocr_line' id='line_1_105' title="bbox 1073 2161 1854 2197; baseline 0.003 -9"><span class='ocrx_word' id='word_1_762' title='bbox 1073 2163 1166 2189; x_wconf 81' lang='lat' dir='ltr'><strong>rastis.</strong></span> <span class='ocrx_word' id='word_1_763' title='bbox 1180 2161 1267 2188; x_wconf 88' lang='lat' dir='ltr'><strong>Dicite</strong></span> <span class='ocrx_word' id='word_1_764' title='bbox 1281 2169 1361 2196; x_wconf 81' lang='lat' dir='ltr'><strong>ergo,</strong></span> <span class='ocrx_word' id='word_1_765' title='bbox 1376 2169 1411 2189; x_wconf 89' lang='lat' dir='ltr'><strong>an</strong></span> <span class='ocrx_word' id='word_1_766' title='bbox 1429 2162 1493 2189; x_wconf 88' lang='lat' dir='ltr'><strong>novi</strong></span> <span class='ocrx_word' id='word_1_767' title='bbox 1507 2161 1610 2197; x_wconf 77' lang='lat' dir='ltr'><strong>aliquid</strong></span> <span class='ocrx_word' id='word_1_768' title='bbox 1622 2162 1683 2189; x_wconf 84' lang='lat' dir='ltr'><strong>sita</strong></span> <span class='ocrx_word' id='word_1_769' title='bbox 1695 2162 1774 2190; x_wconf 85' lang='lat' dir='ltr'><strong>vobis</strong></span> <span class='ocrx_word' id='word_1_770' title='bbox 1787 2169 1854 2190; x_wconf 85' lang='lat' dir='ltr'><strong>con-</strong></span> 
     </span>
    </p>
   </div>
   <div class='ocr_carea' id='block_1_106' title="bbox 1071 2207 1855 2242">
    <p class='ocr_par' dir='ltr' id='par_1_106' title="bbox 1071 2207 1855 2242">
     <span class='ocr_line' id='line_1_106' title="bbox 1071 2207 1855 2242; baseline 0.003 -8"><span class='ocrx_word' id='word_1_771' title='bbox 1071 2207 1224 2234; x_wconf 86' lang='lat' dir='ltr'><strong>sideratum</strong></span> <span class='ocrx_word' id='word_1_772' title='bbox 1242 2226 1250 2240; x_wconf 93' lang='lat'><strong>,</strong></span> <span class='ocrx_word' id='word_1_773' title='bbox 1267 2211 1296 2234; x_wconf 90' lang='lat' dir='ltr'><strong>et</strong></span> <span class='ocrx_word' id='word_1_774' title='bbox 1312 2214 1346 2234; x_wconf 92' lang='lat' dir='ltr'><strong>an</strong></span> <span class='ocrx_word' id='word_1_775' title='bbox 1363 2208 1486 2242; x_wconf 89' lang='lat' dir='ltr'><strong>priorum</strong></span> <span class='ocrx_word' id='word_1_776' title='bbox 1501 2215 1550 2234; x_wconf 89' lang='lat' dir='ltr'><strong>vos</strong></span> <span class='ocrx_word' id='word_1_777' title='bbox 1562 2207 1652 2242; x_wconf 87' lang='lat' dir='ltr'><strong>aliqua</strong></span> <span class='ocrx_word' id='word_1_778' title='bbox 1669 2207 1785 2236; x_wconf 84' lang='lat' dir='ltr'><strong>subierit</strong></span> <span class='ocrx_word' id='word_1_779' title='bbox 1795 2215 1855 2242; x_wconf 75' lang='lat' dir='ltr'><strong>po:-</strong></span> 
     </span>
    </p>
   </div>
   <div class='ocr_carea' id='block_1_107' title="bbox 1073 2253 1852 2289">
    <p class='ocr_par' dir='ltr' id='par_1_107' title="bbox 1073 2253 1852 2289">
     <span class='ocr_line' id='line_1_107' title="bbox 1073 2253 1852 2289; baseline 0 -9"><span class='ocrx_word' id='word_1_780' title='bbox 1073 2253 1212 2280; x_wconf 83' lang='lat' dir='ltr'><strong>nitentia:</strong></span> <span class='ocrx_word' id='word_1_781' title='bbox 1231 2253 1260 2280; x_wconf 82' lang='lat' dir='ltr'><strong>ef</strong></span> <span class='ocrx_word' id='word_1_782' title='bbox 1276 2258 1370 2288; x_wconf 86' lang='lat' dir='ltr'><strong>parete</strong></span> <span class='ocrx_word' id='word_1_783' title='bbox 1393 2253 1482 2289; x_wconf 86' lang='lat' dir='ltr'><strong>jussni</strong></span> <span class='ocrx_word' id='word_1_784' title='bbox 1513 2253 1688 2282; x_wconf 85' lang='lat' dir='ltr'><strong>divinissimi.</strong></span> <span class='ocrx_word' id='word_1_785' title='bbox 1713 2254 1758 2282; x_wconf 90' lang='lat' dir='ltr'><strong>Sic</strong></span> <span class='ocrx_word' id='word_1_786' title='bbox 1779 2254 1852 2282; x_wconf 86' lang='lat' dir='ltr'><strong>enim</strong></span> 
     </span>
    </p>
   </div>
   <div class='ocr_carea' id='block_1_108' title="bbox 1072 2299 1855 2334">
    <p class='ocr_par' dir='ltr' id='par_1_108' title="bbox 1072 2299 1855 2334">
     <span class='ocr_line' id='line_1_108' title="bbox 1072 2299 1855 2334; baseline 0.001 -8"><span class='ocrx_word' id='word_1_787' title='bbox 1072 2299 1172 2326; x_wconf 81' lang='lat' dir='ltr'><strong>vestris</strong></span> <span class='ocrx_word' id='word_1_788' title='bbox 1199 2299 1297 2334; x_wconf 86' lang='lat' dir='ltr'><strong>opibus</strong></span> <span class='ocrx_word' id='word_1_789' title='bbox 1318 2304 1347 2326; x_wconf 89' lang='lat' dir='ltr'><strong>et</strong></span> <span class='ocrx_word' id='word_1_790' title='bbox 1360 2299 1588 2334; x_wconf 85' lang='lat' dir='ltr'><strong>possessionibus,</strong></span> <span class='ocrx_word' id='word_1_791' title='bbox 1604 2300 1669 2334; x_wconf 90' lang='lat' dir='ltr'><strong>quin</strong></span> <span class='ocrx_word' id='word_1_792' title='bbox 1693 2300 1776 2328; x_wconf 83' lang='lat' dir='ltr'><strong>etiam</strong></span> <span class='ocrx_word' id='word_1_793' title='bbox 1802 2301 1855 2327; x_wconf 77' lang='lat' dir='ltr'><strong>hae</strong></span> 
     </span>
    </p>
   </div>
   <div class='ocr_carea' id='block_1_109' title="bbox 1070 2344 1854 2380">
    <p class='ocr_par' dir='ltr' id='par_1_109' title="bbox 1070 2344 1854 2380">
     <span class='ocr_line' id='line_1_109' title="bbox 1070 2344 1854 2380; baseline 0.001 -8"><span class='ocrx_word' id='word_1_794' title='bbox 1070 2344 1231 2372; x_wconf 82' lang='lat' dir='ltr'><strong>suavissima</strong></span> <span class='ocrx_word' id='word_1_795' title='bbox 1247 2352 1357 2380; x_wconf 88' lang='lat' dir='ltr'><strong>quoque</strong></span> <span class='ocrx_word' id='word_1_796' title='bbox 1379 2345 1441 2372; x_wconf 85' lang='lat' dir='ltr'><strong>luce</strong></span> <span class='ocrx_word' id='word_1_797' title='bbox 1467 2345 1608 2372; x_wconf 84' lang='lat' dir='ltr'><strong>fruemini.</strong></span> <span class='ocrx_word' id='word_1_798' title='bbox 1631 2345 1673 2373; x_wconf 81' lang='lat' dir='ltr'><strong>Ad</strong></span> <span class='ocrx_word' id='word_1_799' title='bbox 1698 2346 1756 2374; x_wconf 69' lang='lat' dir='ltr'><strong>haec</strong></span> <span class='ocrx_word' id='word_1_800' title='bbox 1780 2354 1854 2373; x_wconf 53' lang='lat' dir='ltr'><strong>mar‘</strong></span> 
     </span>
    </p>
   </div>
   <div class='ocr_carea' id='block_1_110' title="bbox 1071 2391 1855 2427">
    <p class='ocr_par' dir='ltr' id='par_1_110' title="bbox 1071 2391 1855 2427">
     <span class='ocr_line' id='line_1_110' title="bbox 1071 2391 1855 2427; baseline 0.001 -9"><span class='ocrx_word' id='word_1_801' title='bbox 1071 2397 1163 2426; x_wconf 81' lang='lat' dir='ltr'><strong>tyres:</strong></span> <span class='ocrx_word' id='word_1_802' title='bbox 1187 2391 1284 2424; x_wconf 81' lang='lat' dir='ltr'><strong>Nemo,</strong></span> <span class='ocrx_word' id='word_1_803' title='bbox 1312 2391 1451 2425; x_wconf 90' lang='lat' dir='ltr'><strong>inquiunt,</strong></span> <span class='ocrx_word' id='word_1_804' title='bbox 1485 2391 1533 2426; x_wconf 89' lang='lat' dir='ltr'><strong>qui</strong></span> <span class='ocrx_word' id='word_1_805' title='bbox 1558 2391 1640 2426; x_wconf 86' lang='lat' dir='ltr'><strong>sapit,</strong></span> <span class='ocrx_word' id='word_1_806' title='bbox 1667 2392 1855 2427; x_wconf 75' lang='lat' dir='ltr'><strong>magnifeccrit</strong></span> 
     </span>
    </p>
   </div>
   <div class='ocr_carea' id='block_1_111' title="bbox 1069 2437 1854 2472">
    <p class='ocr_par' dir='ltr' id='par_1_111' title="bbox 1069 2437 1854 2472">
     <span class='ocr_line' id='line_1_111' title="bbox 1069 2437 1854 2472; baseline -0.001 -8"><span class='ocrx_word' id='word_1_807' title='bbox 1069 2445 1167 2472; x_wconf 79' lang='lat' dir='ltr'><strong>parum</strong></span> <span class='ocrx_word' id='word_1_808' title='bbox 1189 2444 1300 2464; x_wconf 82' lang='lat' dir='ltr'><strong>manere</strong></span> <span class='ocrx_word' id='word_1_809' title='bbox 1329 2438 1357 2464; x_wconf 89' lang='lat' dir='ltr'><strong>in</strong></span> <span class='ocrx_word' id='word_1_810' title='bbox 1373 2437 1415 2470; x_wconf 84' lang='lat' dir='ltr'><strong>iis,</strong></span> <span class='ocrx_word' id='word_1_811' title='bbox 1438 2444 1499 2472; x_wconf 68' lang='lat' dir='ltr'><strong>qua:</strong></span> <span class='ocrx_word' id='word_1_812' title='bbox 1521 2437 1621 2465; x_wconf 82' lang='lat' dir='ltr'><strong>ﬂuunt.</strong></span> <span class='ocrx_word' id='word_1_813' title='bbox 1652 2438 1758 2465; x_wconf 77' lang='lat' dir='ltr'><strong>Sufﬁcit</strong></span> <span class='ocrx_word' id='word_1_814' title='bbox 1779 2438 1854 2464; x_wconf 86' lang='lat' dir='ltr'><strong>enim</strong></span> 
     </span>
    </p>
   </div>
   <div class='ocr_carea' id='block_1_112' title="bbox 1070 2482 1855 2518">
    <p class='ocr_par' dir='ltr' id='par_1_112' title="bbox 1070 2482 1855 2518">
     <span class='ocr_line' id='line_1_112' title="bbox 1070 2482 1855 2518; baseline -0.003 -7"><span class='ocrx_word' id='word_1_815' title='bbox 1070 2483 1150 2511; x_wconf 83' lang='lat' dir='ltr'><strong>nobis</strong></span> <span class='ocrx_word' id='word_1_816' title='bbox 1170 2486 1288 2518; x_wconf 79' lang='lat' dir='ltr'><strong>tempus,</strong></span> <span class='ocrx_word' id='word_1_817' title='bbox 1317 2482 1391 2518; x_wconf 90' lang='lat' dir='ltr'><strong>quod</strong></span> <span class='ocrx_word' id='word_1_818' title='bbox 1408 2483 1557 2516; x_wconf 69' lang='lat' dir='ltr'><strong>praecessit,</strong></span> <span class='ocrx_word' id='word_1_819' title='bbox 1573 2484 1617 2515; x_wconf 89' lang='lat' dir='ltr'><strong>ad_</strong></span> <span class='ocrx_word' id='word_1_820' title='bbox 1636 2491 1702 2510; x_wconf 86' lang='lat' dir='ltr'><strong>usus</strong></span> <span class='ocrx_word' id='word_1_821' title='bbox 1718 2491 1812 2510; x_wconf 89' lang='lat' dir='ltr'><strong>eorum</strong></span> <span class='ocrx_word' id='word_1_822' title='bbox 1827 2488 1855 2510; x_wconf 85' lang='lat' dir='ltr'><strong>et</strong></span> 
     </span>
    </p>
   </div>
   <div class='ocr_carea' id='block_1_113' title="bbox 1071 2529 1854 2564">
    <p class='ocr_par' dir='ltr' id='par_1_113' title="bbox 1071 2529 1854 2564">
     <span class='ocr_line' id='line_1_113' title="bbox 1071 2529 1854 2564; baseline -0.001 -7"><span class='ocrx_word' id='word_1_823' title='bbox 1071 2534 1211 2564; x_wconf 80' lang='lat' dir='ltr'><strong>aspectum</strong></span> <span class='ocrx_word' id='word_1_824' title='bbox 1226 2538 1234 2556; x_wconf 84' lang='lat'><strong>:</strong></span> <span class='ocrx_word' id='word_1_825' title='bbox 1253 2536 1304 2556; x_wconf 83' lang='lat' dir='ltr'><strong>nec</strong></span> <span class='ocrx_word' id='word_1_826' title='bbox 1318 2536 1414 2556; x_wconf 89' lang='lat' dir='ltr'><strong>eorum</strong></span> <span class='ocrx_word' id='word_1_827' title='bbox 1435 2529 1538 2564; x_wconf 88' lang='lat' dir='ltr'><strong>aliquid</strong></span> <span class='ocrx_word' id='word_1_828' title='bbox 1553 2529 1751 2557; x_wconf 83' lang='lat' dir='ltr'><strong>desideramus.</strong></span> <span class='ocrx_word' id='word_1_829' title='bbox 1767 2529 1854 2562; x_wconf 80' lang='lat' dir='ltr'><strong>Quam</strong></span> 
     </span>
    </p>
   </div>
   <div class='ocr_carea' id='block_1_114' title="bbox 1071 2575 1855 2608">
    <p class='ocr_par' dir='ltr' id='par_1_114' title="bbox 1071 2575 1855 2608">
     <span class='ocr_line' id='line_1_114' title="bbox 1071 2575 1855 2608; baseline -0.003 -6"><span class='ocrx_word' id='word_1_830' title='bbox 1071 2579 1161 2602; x_wconf 84' lang='lat' dir='ltr'><strong>autem</strong></span> <span class='ocrx_word' id='word_1_831' title='bbox 1180 2579 1296 2602; x_wconf 88' lang='lat' dir='ltr'><strong>mortem</strong></span> <span class='ocrx_word' id='word_1_832' title='bbox 1313 2581 1388 2601; x_wconf 89' lang='lat' dir='ltr'><strong>nunc</strong></span> <span class='ocrx_word' id='word_1_833' title='bbox 1407 2575 1488 2602; x_wconf 88' lang='lat' dir='ltr'><strong>nobis</strong></span> <span class='ocrx_word' id='word_1_834' title='bbox 1505 2575 1632 2608; x_wconf 86' lang='lat' dir='ltr'><strong>intentas,</strong></span> <span class='ocrx_word' id='word_1_835' title='bbox 1646 2582 1677 2602; x_wconf 82' lang='lat' dir='ltr'><strong>ea</strong></span> <span class='ocrx_word' id='word_1_836' title='bbox 1690 2582 1739 2602; x_wconf 86' lang='lat' dir='ltr'><strong>nos</strong></span> <span class='ocrx_word' id='word_1_837' title='bbox 1753 2575 1786 2601; x_wconf 84' lang='lat' dir='ltr'><strong>ad</strong></span> <span class='ocrx_word' id='word_1_838' title='bbox 1804 2575 1855 2600; x_wconf 88' lang='lat' dir='ltr'><strong>im-</strong></span> 
     </span>
    </p>
   </div>
   <div class='ocr_carea' id='block_1_115' title="bbox 1072 2620 1856 2651">
    <p class='ocr_par' dir='ltr' id='par_1_115' title="bbox 1072 2620 1856 2651">
     <span class='ocr_line' id='line_1_115' title="bbox 1072 2620 1856 2651; baseline 0.001 -4"><span class='ocrx_word' id='word_1_839' title='bbox 1072 2621 1197 2647; x_wconf 88' lang='lat' dir='ltr'><strong>mortalia</strong></span> <span class='ocrx_word' id='word_1_840' title='bbox 1235 2621 1401 2648; x_wconf 82' lang='lat' dir='ltr'><strong>transtuittet</strong></span> <span class='ocrx_word' id='word_1_841' title='bbox 1428 2620 1615 2651; x_wconf 84' lang='lat' dir='ltr'><strong>tabernacula,</strong></span> <span class='ocrx_word' id='word_1_842' title='bbox 1640 2623 1668 2647; x_wconf 90' lang='lat' dir='ltr'><strong>et</strong></span> <span class='ocrx_word' id='word_1_843' title='bbox 1689 2620 1798 2651; x_wconf 72' lang='lat' dir='ltr'><strong>efﬁciet,</strong></span> <span class='ocrx_word' id='word_1_844' title='bbox 1826 2625 1856 2648; x_wconf 90' lang='lat' dir='ltr'><strong>ut</strong></span> 
     </span>
    </p>
   </div>
   <div class='ocr_carea' id='block_1_116' title="bbox 1073 2665 1857 2701">
    <p class='ocr_par' dir='ltr' id='par_1_116' title="bbox 1073 2665 1857 2701">
     <span class='ocr_line' id='line_1_116' title="bbox 1073 2665 1857 2701; baseline -0.003 -7"><span class='ocrx_word' id='word_1_845' title='bbox 1073 2667 1160 2694; x_wconf 86' lang='lat' dir='ltr'><strong>simus</strong></span> <span class='ocrx_word' id='word_1_846' title='bbox 1204 2666 1353 2701; x_wconf 83' lang='lat' dir='ltr'><strong>participes</strong></span> <span class='ocrx_word' id='word_1_847' title='bbox 1385 2666 1465 2701; x_wconf 85' lang='lat' dir='ltr'><strong>ejus,</strong></span> <span class='ocrx_word' id='word_1_848' title='bbox 1490 2673 1550 2700; x_wconf 66' lang='lat' dir='ltr'><strong>qua:</strong></span> <span class='ocrx_word' id='word_1_849' title='bbox 1579 2670 1621 2692; x_wconf 90' lang='lat' dir='ltr'><strong>est</strong></span> <span class='ocrx_word' id='word_1_850' title='bbox 1644 2665 1708 2699; x_wconf 79' lang='lat' dir='ltr'><strong>illic,</strong></span> <span class='ocrx_word' id='word_1_851' title='bbox 1739 2666 1857 2693; x_wconf 61' lang='lat' dir='ltr'><strong>bcatitn.</strong></span> 
     </span>
    </p>
   </div>
   <div class='ocr_carea' id='block_1_117' title="bbox 1070 2713 1155 2741">
    <p class='ocr_par' dir='ltr' id='par_1_117' title="bbox 1070 2713 1155 2741">
     <span class='ocr_line' id='line_1_117' title="bbox 1070 2713 1155 2741; baseline -0.012 -1"><span class='ocrx_word' id='word_1_852' title='bbox 1070 2713 1155 2741; x_wconf 84' lang='lat' dir='ltr'><strong>diuis.</strong></span> 
     </span>
    </p>
   </div>
   <div class='ocr_carea' id='block_1_118' title="bbox 1080 2844 1674 2880">
    <p class='ocr_par' dir='ltr' id='par_1_118' title="bbox 1080 2844 1674 2880">
     <span class='ocr_line' id='line_1_118' title="bbox 1080 2844 1674 2880; baseline -0.002 -7"><span class='ocrx_word' id='word_1_853' title='bbox 1080 2845 1099 2873; x_wconf 65' lang='grc' dir='ltr'><strong>ε·</strong></span> <span class='ocrx_word' id='word_1_854' title='bbox 1115 2844 1183 2873; x_wconf 85' lang='lat' dir='ltr'><strong>Dan.</strong></span> <span class='ocrx_word' id='word_1_855' title='bbox 1205 2852 1230 2872; x_wconf 72' lang='lat' dir='ltr'><strong>v:</strong></span> <span class='ocrx_word' id='word_1_856' title='bbox 1246 2849 1273 2873; x_wconf 84' lang='lat' dir='ltr'><strong>et</strong></span> <span class='ocrx_word' id='word_1_857' title='bbox 1291 2853 1345 2873; x_wconf 79' lang='lat' dir='ltr'><strong>xw.</strong></span> <span class='ocrx_word' id='word_1_858' title='bbox 1386 2845 1405 2861; x_wconf 85' lang='lat'>&quot;</span> <span class='ocrx_word' id='word_1_859' title='bbox 1423 2845 1480 2873; x_wconf 74' lang='lat' dir='ltr'><strong>Dan</strong></span> <span class='ocrx_word' id='word_1_860' title='bbox 1511 2853 1550 2878; x_wconf 85' lang='lat' dir='ltr'><strong>Ill,</strong></span> <span class='ocrx_word' id='word_1_861' title='bbox 1570 2846 1578 2872; x_wconf 90' lang='grc' dir='ltr'><strong>Ι</strong></span> <span class='ocrx_word' id='word_1_862' title='bbox 1597 2853 1674 2880; x_wconf 78' lang='lat' dir='ltr'><strong>seqq.</strong></span> 
     </span>
    </p>
   </div>
   <div class='ocr_carea' id='block_1_119' title="bbox 1625 2893 1641 2923">
    <p class='ocr_par' dir='ltr' id='par_1_119' title="bbox 1625 2893 1641 2923">
     <span class='ocr_line' id='line_1_119' title="bbox 1625 2893 1641 2923; baseline 0 0"><span class='ocrx_word' id='word_1_863' title='bbox 1625 2893 1641 2923; x_wconf 81' lang='grc'><strong>5</strong></span> 
     </span>
    </p>
   </div>
  </div>
