2077 3148
214 162 264 196 ιιι

656 159 892 191 MARTYRIUM
912 160 943 190 S.
963 158 1097 189 GURM!
1118 159 1166 190 ET
1186 159 1393 193 SOCIORUM.

1779 163 1828 194 iit!

212 221 245 247 ἂν
263 217 310 247 καὶ
326 217 376 253 τῆς
389 216 524 244 ἀθανάτου
544 215 619 251 παρὰ
633 215 676 241 σοὶ
698 215 891 250 λαμπρότητος
911 222 994 240 κατα-

1049 213 1146 245 cuerit,
1174 217 1204 240 υι
1226 218 1385 248 susceptum
1405 219 1546 242 certamen
1574 223 1781 252 perageremus,
1800 222 1830 244 ιιι

210 265 360 300 ξιωθῶμεν.

251 354 302 384 lB’.
329 354 407 382 Ἐπεὶ
430 351 476 382 οὗν
501 354 531 381 τὸ
557 353 725 389 ἁμετὰθιτον
748 352 797 379 τοῦ
819 351 994 386 φρονήματος

213 402 306 430 αὐτῶν
323 401 337 428 δ
350 396 462 437 ἡγιμὼν
477 399 619 431 ιϐεάσατο,
639 399 685 426 καὶ
701 399 776 429 ὅπως
788 398 817 424 ιν
836 395 995 431 ἀγαλλιάσει

213 448 303 484 ψυχῆς
326 447 376 481 τὴν
399 445 561 473 τελευταίαν
584 444 676 479 ψῆφον
704 443 841 476 ιδέξαντο,
857 441 926 476 πρὸς
946 440 994 475 μὲν

209 495 274 525 τοὺς
303 492 398 526 ἁγίους
412 510 420 524 ,
443 491 472 517 '0
500 490 565 522 Θεὸς
600 490 655 516 τῶν
683 488 835 523 γινομένων
860 487 994 521 ἐπόπτης,

211 541 319 574 ἔλεγεν,
335 539 418 570 ιστω,
435 537 474 569 ὠς
488 537 519 564 οὺ
535 537 568 564 δι’
582 535 649 571 ἐμοῦ
674 536 724 571 τὴν
750 534 828 570 ὑμῶν
854 531 995 560 τελείωσιν

212 584 366 618 ἐϐουλόμην
381 581 509 616 γενέσθαι
520 599 528 613 ,
548 579 616 607 ἀλλὰ
632 579 663 606 τὸ
679 578 871 613 ἀπαραίτητον
886 577 936 612 τῆς
947 576 994 604 τοῦ

213 629 377 665 κρατοῦντος
407 627 544 661 ἐπιταγῆς
571 625 641 661 πρὸς
664 624 745 651 τοῦτό
773 632 808 659 με
829 624 876 650 καὶ
894 623 994 649 ἄκοντα

212 675 387 703 συνελάσετο.
418 673 463 708 Τῷ
491 673 520 700 δὲ
551 670 756 706 σπεκουλάτωρι
785 669 891 697 κελεύει
932 670 995 701 τοὺς

213 722 354 757 μάρτυρας
370 719 549 756 παραλαϐεῖν,
563 717 607 746 ἐπ’
622 717 759 754 ὀχήματός
774 725 847 748 τινος
863 715 994 743 ἀναϐιϐά-

213 776 269 800 σαι,
287 768 334 793 καὶ
350 766 447 802 πόρρω
458 765 506 792 τοῦ
531 765 635 796 ἄστεως
652 763 721 799 μετὰ
737 762 911 799 στρατιωτῶν
923 762 995 788 ἁπα-

212 814 322 847 γαγεῖν,
348 813 460 838 κάκεῖσε
480 814 512 837 τὸ
537 810 581 838 διὰ
601 810 694 844 ξίφους
720 809 814 840 αὐτοῖς
837 807 914 838 τέλος
933 807 995 834 ἐπε-

211 860 329 894 νεγκεῖν.
345 859 400 885 Καὶ
418 857 447 889 ὃς
466 857 510 884 διὰ
529 857 579 892 τῆς
600 855 794 891 Ῥωμανησίας
813 855 904 889 πύλης
931 855 995 885 τοὺς

1049 267 1064 287 a
1087 264 1113 287 te
1139 266 1250 294 quoque
1279 259 1461 298 immortalem
1489 261 1662 296 splendorem
1697 270 1830 298 assequa'

1049 313 1121 333 mur.

1084 350 1142 379 ΧΠ.
1156 350 1224 379 Cum
1235 358 1300 387 ergo
1314 350 1427 379 vidisset
1442 359 1542 387 praeses
1574 355 1769 384 immutabilem
1785 364 1832 384 θοι

1049 405 1109 425 rum
1124 397 1316 430 constantiam,
1331 401 1360 426 et
1373 399 1604 434 quemadmodum
1617 401 1644 428 in
1665 402 1764 430 animae
1783 411 1831 431 ex-

1049 443 1196 471 sultatione
1220 448 1369 472 extremam
1385 445 1556 480 accepissent
1570 446 1749 480 sententiam,
1770 455 1832 475 san-

1048 490 1101 517 ctis
1116 490 1240 525 quidem,
1256 490 1340 521 Deus.
1361 490 1461 526 inquit.
1479 498 1588 523 eorum,
1613 499 1674 526 qua:
1703 492 1782 525 ﬁunt,
1799 495 1835 521 sit

1049 535 1198 571 inspector.
1227 537 1300 572 quod
1324 545 1378 565 non
1403 545 1451 573 per
1474 546 1516 566 me
1544 539 1667 566 volebam
1694 547 1745 567 vos
1773 541 1836 568 vita:

1049 582 1130 610 finem
1149 583 1284 618 accipere,
1300 583 1347 611 sed
1369 583 1548 612 inexorabilis
1563 585 1656 620 jussus
1691 592 1734 612 me
1759 585 1792 612 ad
1808 585 1834 612 id

1048 628 1120 663 cogit
1140 629 1320 663 imperatoris.
1336 629 1500 664 Spiculatori
1513 635 1604 658 autem
1615 631 1694 666 jubet
1709 631 1836 666 accipere

1049 679 1193 710 martyres,
1215 675 1281 702 etin
1296 682 1380 703 curru
1407 676 1560 712 imponere,
1573 678 1707 713 etprocul
1721 686 1735 706 a
1767 679 1835 706 civi-

1050 722 1104 746 tate
1131 719 1268 748 abducere
1293 728 1355 748 cum
1383 721 1527 753 militibus.
1553 727 1581 750 et
1603 723 1643 750 eis
1671 723 1728 750 illic
1752 723 1835 751 tinem

1049 764 1147 792 aﬂ‘crre
1164 765 1264 800 gladio.
1284 765 1330 793 Ille
1345 771 1437 794 autem
1459 775 1522 794 cum
1541 775 1590 803 per
1603 772 1710 803 portam
1731 768 1834 795 Roma-

1049 817 1162 838 nenscm
1175 816 1283 839 sanctos
1299 817 1381 839 noctu
1396 812 1548 846 eduxisset,
1566 821 1629 841 cum
1648 814 1720 841 altus
1752 822 1835 849 sopor

1050 860 1154 884 teneret
1170 857 1254 888 cives,
1280 857 1313 884 ad
1340 858 1582 893 septentrionalem
1608 864 1713 894 partem
1738 860 1834 886 civita-

211 907 307 940 ἁγίους
325 905 434 940 νύκτωρ
451 903 606 938 ἐξαγαγὼν,
622 903 702 937 ἡνίκα
716 902 833 938 μάλιστα
848 901 912 931 τοὺς
925 901 995 928 κατὰ

1049 902 1083 930 tis
1097 902 1209 930 abducit
1225 903 1251 930 in
1267 908 1388 931 montem
1414 904 1607 933 Bctltelabicla.
1625 905 1664 933 Illi
1691 914 1757 934 vero
1771 915 1834 934 cum

211 953 260 987 τὴν
285 951 362 978 πόλιν
384 950 470 981 ὕπνος
496 949 563 985 εἶχε,
585 949 655 976 κατὰ
676 948 707 975 τὸ
725 948 792 983 πρὸς
818 948 918 982 ἄρκτον
946 948 995 982 τῆς

211 997 326 1029 πόλεως,
340 997 380 1028 είς
399 997 430 1022 τὸ
453 995 634 1022 Βιθελακικ).ἆ
656 994 718 1030 δρος
744 993 858 1028 ἀπάγει.
874 993 906 1020 Oi
924 992 953 1020 δὲ
967 994 995 1019 ὲν

211 1043 250 1078 τῷ
261 1043 337 1078 τόπῳ
355 1042 499 1076 γενόμενοι
517 1042 545 1066 ἐν
561 1040 715 1075 εὐφροσύνῃ
749 1039 862 1075 καρδίας
885 1038 934 1066 καὶ
947 1039 996 1066 ἀν-

211 1089 294 1124 δρείῳ
309 1088 399 1123 ψυχῆς
415 1086 615 1122 παραστήματι
627 1105 635 1118 ,
655 1085 702 1112 τοῦ
721 1085 860 1120 ὀχήματος
877 1084 998 1111 ἀποϐάν-

213 1143 260 1166 τες
276 1134 323 1160 τὸν
339 1132 556 1167 σπεκουλάτωρα
576 1132 623 1158 καὶ
646 1131 710 1162 τοὺς
738 1131 784 1157 ὑπ’
800 1131 880 1158 αὑτὸν
903 1130 997 1166 καιρὸν

215 1179 299 1214 ⁴ᾔτουν
313 1179 353 1210 είς
374 1177 541 1214 προσευχὴν,
559 1176 605 1203 καὶ
622 1175 789 1211 ἁλάμϐανον.
817 1176 922 1210 Ὥσπερ
942 1176 997 1210 γὰρ

214 1225 263 1259 οὐχ
286 1223 386 1251 ἱκανῶν
410 1223 495 1249 δντων
515 1223 570 1249 τῶν
590 1221 715 1256 βασάνων
742 1222 791 1249 καὶ
810 1221 858 1249 τοῦ
882 1221 997 1256 αἵματος

215 1271 286 1305 ὑπὲρ
301 1269 392 1297 αὐτῶν
410 1268 585 1304 πρεσδεύειν,
599 1267 643 1294 διὰ
662 1266 896 1302 μετριοφροσύνης
913 1267 997 1301 ὑπερ-

214 1316 296 1352 ϐολὴν
312 1316 352 1342 Ιτι
369 1314 416 1341 καὶ
434 1315 592 1349 προσευχῆς
607 1313 723 1340 ἐδέοντο.
752 1313 788 1340 Τὸ
809 1313 888 1348 ὄμμα
909 1313 997 1339 τοίνυν

217 1362 258 1393 εις
270 1361 402 1397 οὐρανοὺς
418 1360 612 1390 ἀνατείναντες
625 1377 632 1391 ,
651 1359 699 1386 καὶ
718 1359 836 1390 ἐκτενῶς
849 1358 997 1394 προσευξά-

217 1416 306 1444 μινοι·
328 1407 358 1434 ’Θ
372 1406 438 1438 Θεὸς
453 1407 501 1433 καὶ
514 1406 611 1441 Πατὴρ
627 1405 674 1432 τοῦ
695 1405 799 1440 Κυρίου
819 1405 898 1440 ἡμῶν
911 1406 997 1440 Ἰησοῦ

217 1453 348 1490 Χριστοῦ,
374 1452 434 1489 μετ’
460 1452 570 1488 είρήνης
596 1452 672 1485 δέεαι
694 1451 729 1478 τὰ
744 1451 889 1487 πνεύματα
909 1452 997 1487 ἡμῶν,

214 1501 372 1528 τελευταῖον
387 1501 512 1527 ἂπεῖπον.
528 1499 583 1526 Καὶ
610 1499 625 1525 ὁ
646 1499 791 1534 Σαμωνᾶς,
816 1499 998 1535 ἐπιστραφεὶς

1046 948 1164 976 fuissent
1189 949 1215 976 in
1235 958 1267 977 eo
1278 950 1350 982 loco,
1377 955 1404 977 et
1432 951 1458 978 in
1476 951 1567 979 laetitia
1585 952 1676 979 cordis
1694 958 1723 980 ct
1740 961 1835 988 magna

1046 995 1128 1022 animi
1142 996 1295 1023 constantia
1317 1003 1332 1023 c
1350 996 1477 1023 vehiculo
1498 997 1716 1031 descendisSc-nt,
1745 1006 1760 1025 a
1781 999 1836 1032 spi-

1046 1039 1170 1067 culatore
1195 1044 1223 1067 et
1243 1040 1276 1067 iis
1292 1041 1337 1075 qui
1362 1041 1413 1068 sub
1435 1049 1468 1068 eo
1484 1046 1562 1069 erant
1586 1045 1695 1077 tempus
1722 1044 1755 1070 ad
1773 1050 1836 1070 ora-

1049 1084 1149 1112 tionem
1172 1086 1323 1120 petierunt,
1353 1092 1381 1114 et
1405 1092 1581 1122 acceperunt.
1613 1088 1730 1116 Perinde
1760 1090 1834 1116 enim

1048 1136 1080 1157 ac
1096 1131 1119 1158 si
1142 1139 1197 1158 non
1212 1131 1371 1159 suﬂicerent
1395 1137 1530 1160 tormenta
1558 1138 1586 1160 et
1604 1134 1716 1169 sanguis
1732 1134 1766 1161 ad
1793 1136 1836 1162 in:

1047 1177 1243 1205 tercedcndum
1264 1186 1314 1213 pro
1326 1179 1377 1211 eis,
1391 1184 1506 1214 propter
1519 1187 1653 1207 summam
1671 1180 1834 1208 modestiam

1048 1223 1139 1250 adhuc
1155 1224 1238 1251 etiam
1253 1232 1323 1259 opus
1347 1225 1485 1253 habebant
1503 1227 1671 1261 precatione.
1701 1227 1768 1254 Cum
1786 1229 1838 1255 ita-

1047 1277 1101 1304 que
1115 1270 1212 1297 oculos
1231 1270 1258 1297 in
1273 1271 1373 1298 cmlum
1386 1271 1574 1304 sustulissent,
1603 1277 1631 1300 et
1646 1273 1753 1300 intense
1769 1281 1835 1308 pre-

1049 1315 1103 1342 cati
1130 1321 1223 1344 essent
1241 1325 1248 1344 :
1266 1317 1338 1344 Deus
1364 1321 1391 1344 et
1406 1317 1486 1345 Pater
1518 1318 1626 1345 Domini
1649 1320 1735 1347 nostri
1769 1320 1834 1348 Jcsu

1047 1363 1148 1391 Christi
1165 1373 1172 1392 :
1186 1363 1299 1398 Suscipe
1311 1363 1338 1390 in
1350 1370 1417 1398 pace
1432 1363 1546 1398 spiritus
1560 1369 1678 1397 nostros,
1695 1370 1834 1399 postremo

1049 1409 1186 1437 dixerunt.
1199 1409 1332 1437 Samonas
1343 1414 1434 1437 autem
1454 1417 1604 1438 conversus
1630 1411 1664 1437 ad
1681 1411 1834 1445 spiculata-

1050 1463 1107 1483 rem
1128 1464 1134 1483 :
1153 1456 1318 1491 Exsequere,
1334 1456 1434 1492 inquit,
1450 1456 1477 1484 id
1490 1457 1563 1492 quod
1578 1461 1621 1485 est
1647 1457 1695 1484 tibi
1716 1457 1834 1492 impera-

1051 1505 1108 1528 tum
1121 1522 1128 1534 ,
1143 1509 1261 1537 cumque
1275 1510 1346 1537 genu
1372 1502 1453 1530 simul
1468 1503 1627 1530 inclinasset
1654 1510 1717 1530 cum
1739 1503 1834 1535 Curia,

216 1547 284 1582 πρὸς
302 1547 349 1573 τὸν
365 1546 591 1580 σπεκουλάτωρα.
614 1545 651 1571 Τδ
671 1545 826 1577 κελευσθὲν,
842 1543 915 1578 εἶπε,
930 1545 997 1580 πλή·

1049 1548 1278 1584 εἱεξειπῳυῑιιηωι·
1293 1549 1381 1584 capita
1409 1548 1517 1576 decimo
1535 1550 1632 1584 quinto
1660 1549 1833 1577 Novembris.

219 1599 305 1625 ριισον
323 1598 330 1606 ·
347 1591 395 1617 καὶ
410 1590 440 1616 τὸ
457 1590 523 1624 γόνυ
540 1589 636 1620 κλίνας
651 1590 710 1625 ἅμα
727 1590 828 1625 Γουρίᾳ
841 1590 890 1622 τὰς
909 1598 996 1624 κεφα-

217 1637 264 1668 λὰς
278 1637 492 1670 ἀποτέμνονται,
509 1635 760 1671 πεντεκαιδεκάτην
774 1636 835 1663 τότε
851 1635 897 1663 τοῦ
908 1637 998 1672 Νοεμ-

216 1683 295 1718 ὁρίου
322 1682 406 1718 μηνὸς
427 1683 561 1717 ,αγοντοᾳ
592 1681 633 1708 Τὰ
654 1681 704 1717 μὲν
719 1682 751 1717 δὴ
771 1681 827 1709 τῶν
853 1682 999 1718 μαρτύρων

216 1729 339 1756 τοιαῦτα.

251 1775 302 1803 Ii".
328 1776 402 1803 Ἐπεὶ
427 1777 454 1804 δὲ
477 1779 522 1804 καὶ
539 1778 584 1805 τὸν
613 1779 705 1813 τριτον
724 1777 738 1804 ὁ
762 1776 879 1812 ἅριθμὺς
895 1775 998 1812 “ﬁrst.

217 1820 255 1852 ὡς
270 1820 304 1848 ἂν
327 1822 378 1848 κάν
400 1823 507 1854 τούτοις
537 1824 554 1858 ὴ
573 1823 657 1859 Τριὰς
681 1822 810 1857 δοξασθῇ,
826 1818 917 1858 εὗρεν,
935 1821 999 1855 εὖγι

216 1867 266 1901 τῆς
292 1868 408 1902 ἀρίστης
435 1868 586 1904 προνοίαςί
629 1869 669 1905 τῷ
691 1868 780 1904 χρόνῳ
808 1868 858 1903 μὲν
885 1867 999 1903 ὕστερον

220 1913 342 1944 'A6t60v,
357 1915 406 1949 τὴν
424 1914 509 1948 αὐτὴν
522 1914 550 1942 δὲ
563 1916 620 1947 τοῖς
636 1914 818 1950 προλαϐοῦσιν
829 1914 889 1941 ὁδὸν
900 1914 1000 1941 ἁνῦσαι

219 1960 426 1995 προῃρημένον,
445 1961 492 1988 καὶ
510 1961 582 1988 κατὰ
600 1960 649 1995 τὴν
665 1960 750 1995 αὐτὴν
764 1960 881 1991 ἐκείνοις
892 1959 1000 1994 ἡμέραν

216 2005 262 2031 τοῦ
288 2006 442 2042 μαρτυρίου
464 2006 656 2034 τελειωθέντα.
685 2006 716 2033 '0
736 2006 833 2041 »μέγας
849 2006 941 2032 τοίνυν
971 2006 1001 2031 ὲν

217 2051 352 2086 μάρτυσιν
371 2051 495 2083 ”Δ6ι6ος,
507 2052 556 2086 τῆς
574 2051 661 2086 αὐτῆς
673 2051 721 2086 μὲν
732 2051 848 2082 ἐκείνοις
858 2051 999 2085 πατρίδος,

217 2096 271 2122 ἀπὸ
297 2096 431 2130 Θελσαὶης
455 2097 506 2130 τῆς
531 2095 629 2131 κώμης
657 2096 782 2131 ὡρμᾶτο,
813 2095 854 2131 τῷ
885 2096 949 2131 ίερῷ
971 2096 1000 2122 δὲ

216 2141 266 2176 τῆς
289 2141 427 2173 διακονίας
453 2141 612 2176 κεκόσμητο
645 2142 791 2177 χρίσματι.
818 2141 956 2168 Λικιννίου
970 2142 999 2169 δὴ

216 2186 271 2213 τῶν
294 2187 443 2221 σκήπτρων
469 2186 519 2221 τῆς
544 2186 689 2219 Ῥωμαίων
716 2187 920 2223 ἐπειλημμένον
951 2187 999 2215 καὶ

1050 1596 1140 1631 Atque
1152 1596 1206 1624 hoc
1227 1596 1310 1624 modo
1334 1596 1446 1632 quidem
1472 1604 1501 1624 se
1516 1596 1673 1624 habuerunt
1694 1605 1739 1624 res
1760 1605 1835 1624 mar-

1051 1646 1150 1676 tyrum.

1086 1775 1156 1803 Xlll.
1172 1774 1240 1803 Cum
1258 1780 1349 1803 autem
1364 1776 1476 1804 tertium
1496 1784 1607 1812 quoque
1624 1782 1760 1812 quareret
1782 1786 1834 1805 nu-

1051 1829 1154 1854 merus,
1170 1822 1238 1849 utin
1264 1821 1308 1849 his
1340 1822 1541 1858 gloriﬁcaretur
1572 1822 1703 1856 Trinitas,
1729 1823 1836 1852 invenit

1051 1866 1078 1901 (ο
1089 1867 1218 1902 optimatn
1234 1866 1432 1902 pr0videntiam
1443 1868 1463 1902 ι)
1480 1872 1604 1902 tempore
1625 1868 1737 1903 quidem
1761 1873 1836 1903 post-

1050 1920 1082 1941 ea
1100 1913 1229 1945 Abibum,
1242 1913 1289 1948 qui
1304 1918 1396 1941 autem
1413 1913 1484 1942 idem
1501 1921 1562 1940 cum
1581 1914 1615 1941 iis
1629 1915 1676 1949 qui
1691 1922 1836 1949 praecesse-

1051 1963 1123 1990 rant,
1139 1959 1305 1994 iteringredi
1320 1960 1512 1992 constituerat.
1529 1965 1557 1987 et
1572 1960 1619 1988 illo
1635 1960 1694 1994 ipso
1707 1961 1834 1995 martyrii

1051 2002 1098 2030 die
1110 2002 1162 2030 fuit
1173 2009 1390 2032 consummatus.
1412 2005 1524 2040 Magnus
1539 2013 1604 2040 ergo
1619 2005 1691 2032 inter
1702 2011 1835 2041 martyres

1051 2048 1166 2080 Abibus,
1195 2055 1228 2075 ex
1245 2049 1340 2076 eadem
1371 2050 1495 2085 quidem,
1524 2058 1557 2078 ex
1586 2059 1639 2086 qua
1664 2051 1703 2078 illi
1734 2052 1833 2086 patria.

1051 2102 1150 2130 nempe
1171 2102 1205 2123 ex
1226 2094 1348 2123 Thelstea
1375 2097 1436 2123 vico
1449 2101 1509 2124 erat
1525 2103 1602 2124 ortus
1617 2105 1622 2122 :
1638 2104 1716 2124 sacro
1742 2101 1834 2124 autem

1051 2142 1212 2170 diaconatus
1239 2141 1329 2169 fuerat
1344 2142 1494 2170 honoratus
1507 2142 1665 2169 chrismate.
1680 2142 1748 2170 Cum
1768 2150 1834 2170 vero

1051 2187 1175 2215 Licinius
1196 2191 1303 2215 teneret
1328 2191 1436 2222 sceptra
1456 2187 1564 2221 imperii
1585 2187 1783 2220 Romanorum,
1806 2193 1834 2216 ct

215 2232 350 2261 Λυσανίου
362 2232 412 2267 τὴν
429 2232 479 2267 τῆς
497 2232 628 2267 Ἐδέσσης
643 2232 792 2268 ἡγεμονίαν
815 2233 997 2268 ἐγχειρισθέν-

1051 2233 1182 2270 Lysanias
1197 2238 1307 2261 creatus
1329 2233 1426 2260 fuisset
1440 2240 1542 2268 praeses
1569 2233 1687 2266 Edessae,
1715 2235 1833 2262 excitata

214 2288 272 2311 τος,
293 2279 415 2314 διωγμὸς
428 2279 499 2306 κατὰ
519 2280 693 2314 Χριστιανῶν
705 2279 754 2306 καὶ
768 2277 846 2311 αὖθις
861 2280 998 2316 ἠγείρετο,

215 2326 262 2351 καὶ
292 2325 361 2359 προς
401 2324 515 2352 Ἀὃιόον
542 2325 556 2351 ὁ
584 2325 637 2356 πᾶς
670 2325 793 2358 κίνδυνος
827 2325 998 2361 περιίστατο.

216 2370 327 2406 Περιῄει
350 2371 411 2406 ,γὰρ
437 2367 516 2402 οὗτος
542 2370 592 2405 τὴν
609 2371 689 2398 πόλιν
711 2371 760 2402 τὰς
782 2370 857 2402 θείας
875 2370 999 2403 ἅπαντας

215 2415 383 2442 ἑκπαιδεύων
400 2415 511 2451 Γραφὰς
530 2416 578 2443 καὶ
601 2417 669 2451 πρὸς
696 2416 840 2443 εὐσέϐειαν
870 2415 999 2451 ἐκθύμως

216 2460 411 2495 ιπιστηρίζων.
424 2461 502 2487 Ἐπεὶ
515 2461 544 2488 δὲ
555 2460 643 2488 ταῦτα
657 2462 757 2492 είς.....
770 2459 821 2498 ἧκε
847 2460 887 2496 τῷ
910 2461 1000 2488 Λυσα-

217 2505 270 2540 νίᾳ,
287 2506 415 2541 Λικιννίῳ
433 2506 472 2541 τῷ
490 2506 594 2541 βασιλεί
615 2507 681 2542 παρ’
705 2507 789 2534 αὐτοῦ
819 2506 995 2541 γνωρίζεται.

218 2551 351 2578 Ἕσπευδε
363 2552 417 2587 γὰρ
425 2553 498 2584 ὅπως
515 2553 563 2588 τὴν
580 2553 649 2580 κατὰ
662 2552 835 2588 Χριστιανῶν
852 2552 900 2580 καὶ
919 2553 1000 2588 μάλι-

218 2604 270 2624 στα
279 2596 327 2622 τοῦ
351 2595 458 2622 ’Δόίὸου
472 2599 605 2632 τιμωρίαν
623 2597 668 2624 ὑπ’
684 2599 788 2625 ἐκείνου
811 2598 975 2634 ἐπιτραπείη
990 2606 998 2615 ⁸

217 2641 276 2670 οὐδὲ
301 2641 356 2676 γὰρ
378 2639 413 2676 ἦν
433 2642 509 2676 αὐτῷ
536 2643 669 2677 πρότιρον
696 2644 945 2680 ἐπιτετραμμένον,
970 2644 1001 2677 δς

217 2688 365 2723 γράμμασι
394 2687 482 2724 τούτῳ
506 2688 554 2714 τὸν
576 2689 683 2716 Ἀὃίῦου
710 2689 826 2717 θάνατον
843 2690 998 2726 ἐπιτρέπει.

1051 2287 1149 2307 rursus
1170 2284 1230 2307 erat
1251 2279 1407 2314 persecutio
1437 2278 1570 2306 adversus
1604 2279 1788 2313 Christianos,
1805 2285 1834 2308 et

1050 2326 1140 2354 Abibo
1156 2326 1315 2354 universum
1339 2325 1501 2353 imminebat
1531 2325 1694 2360 periculum.
1718 2327 1744 2355 ls
1761 2327 1833 2354 enim

1050 2369 1145 2397 obibat
1159 2370 1309 2401 civitatem,
1324 2369 1433 2397 divinas
1447 2374 1561 2397 cunctos
1592 2370 1694 2399 docens
1708 2372 1834 2405 Scriptu—

1051 2421 1107 2446 ras,
1121 2419 1150 2442 et
1163 2422 1260 2449 magno
1276 2414 1370 2441 animo
1392 2414 1560 2442 conﬁrmans
1585 2415 1619 2442 ad
1642 2416 1769 2450 pietatem
1785 2417 1833 2452 (3).

1051 2460 1118 2488 Cum
1142 2466 1232 2488 autem
1254 2461 1312 2488 hac
1331 2461 1470 2489 venissent
1488 2462 1521 2489 ad
1550 2470 1631 2490 aures
1649 2463 1781 2498 Lysanize,
1802 2472 1834 2491 ea

1053 2505 1159 2533 Licinio
1174 2506 1334 2541 imperatori
1360 2506 1395 2534 ab
1411 2514 1444 2535 eo
1472 2507 1672 2542 signiﬁcantur.
1701 2507 1836 2536 Studebat

1051 2551 1136 2583 enim,
1155 2556 1184 2578 ut
1201 2552 1258 2586 ipse
1286 2553 1310 2579 ei
1327 2552 1510 2579 committeret
1525 2552 1703 2587 quaestionem
1732 2552 1836 2579 bubon-

1052 2599 1114 2626 dam
1127 2599 1162 2626 de
1184 2599 1360 2632 Christianis,
1376 2604 1404 2627 et
1423 2600 1540 2626 maxime
1562 2599 1596 2626 de
1612 2599 1712 2627 Abibo.
1740 2599 1835 2635 Neque

1052 2644 1126 2672 enim
1141 2644 1230 2671 fuerat
1241 2644 1265 2671 ei
1285 2644 1363 2679 prius
1392 2644 1548 2671 commissa.
1571 2643 1618 2671 Ille
1637 2651 1715 2676 vero,
1732 2645 1835 2672 litteris

1055 2690 1136 2723 datis,
1150 2690 1229 2725 jubet
1246 2695 1275 2718 ut
1289 2695 1377 2718 morte
1388 2689 1506 2716 Abibum
1520 2689 1629 2717 alliciat.
1643 2689 1756 2718 Litteris
1769 2698 1835 2726 ergo

223 2733 420 2761 ’Δναδοοέντων
445 2735 622 2770 γραμμάτων
650 2734 690 2770 τῷ
717 2736 853 2772 Λυσανίᾳ,
885 2736 997 2771 ζήτησις

1050 2737 1165 2765 redditis
1188 2736 1320 2772 Lysaniaa,
1355 2735 1488 2771 quaeritur
1506 2736 1607 2770 ubique
1631 2736 1747 2763 Abibus.
1774 2736 1835 2770 Ipse

216 2778 265 2806 τοῦ
285 2778 407 2812 ’Λῦίσου,
422 2779 562 2815 πανταχοῦ
575 2780 691 2814 γίνεται.
709 2782 764 2809 Καὶ
782 2783 864 2814 αὐτὸς
887 2783 958 2810 κατά
975 2791 997 2809 τι

1051 2788 1141 2812 autem
1156 2783 1271 2818 degebat
1287 2783 1313 2810 in
1341 2783 1457 2817 quadam
1476 2787 1553 2817 parte
1569 2781 1699 2814 civitatis,
1720 2786 1835 2817 propter

251 2873 336 2910 (3)1d
354 2874 477 2903 muneris
503 2874 627 2904 diaconis
654 2874 810 2906 incubuisse
839 2881 955 2905 testatur
969 2876 997 2905 S.
1019 2876 1148 2913 Cyprian.
1167 2876 1248 2912 epist.
1271 2883 1289 2904 ll
1301 2875 1358 2904 edit
1374 2874 1475 2903 Pamcl.
1496 2874 1559 2903 vide
1586 2875 1647 2902 Bar.
1667 2882 1711 2901 an.
1726 2874 1789 2903 516,
