2077 3148
190 189 241 221 H5

636 189 872 221 MARTYRIUM
891 189 923 218 S.
942 187 1076 217 ὓΙΙΙὶΙιΕ
1097 188 1144 218 ΕΤ
1166 187 1374 219 SOCIORUM.

1760 180 1811 213 H6

189 248 402 284 ὶπηγγελμένην
420 248 488 284 ἡμῖν
504 248 640 276 ἀντίδοσιν
671 250 777 278 ἀπιδεῖν
801 247 971 284 βουληθείης,

1030 255 1100 283 ipem
1121 252 1149 276 et
1165 248 1328 283 promissam
1346 247 1425 274 nobis
1446 246 1708 279 remunerationem,
1734 245 1809 274 forte

191 297 259 330 τάχα
269 295 302 322 ἃν
312 295 382 330 μετὰ.
394 294 502 322 Παύλου
518 296 600 330 ἐρεῖς,
610 296 652 323 ὃτι
665 306 674 322 ι
687 296 745 323 υύκ
760 295 823 328 ἄξια
837 296 871 323 τὰ
885 294 973 330 παθὴ-

191 350 264 376 ματα
291 340 339 368 τοῦ
361 341 410 367 νῦν
436 341 533 376 καιροῦ
564 340 633 376 πρὸς
653 341 704 377 τὴν
724 341 873 376 μέλλουσαν
892 340 972 372 δόξαν

187 387 413 423 ἀποκαλυφθῆναι
424 388 463 418 είς
475 387 559 422 ἡμᾶς.
573 397 583 413 ›
601 387 676 414 Ἐπεὶ
684 387 713 414 δὲ
727 388 833 423 μωρίαν
843 387 897 414 τῶν
907 387 973 423 παρ’

188 432 273 460 αὐτοῦ
292 431 448 466 λεγομένων
472 432 486 458 ό
509 431 622 467 ἡγεμὼν
649 431 846 466 κατεγίνωσκε,
862 430 911 457 καὶ
925 431 973 458 νῦν

193 479 242 514 μὲν
270 477 404 505 θωπεύων
425 477 474 504 καὶ.
497 477 690 512 μακροθυμίας
714 477 884 513 προσωπεῖον
907 476 973 504 uno.

189 524 330 559 δυόμενος,
341 523 389 549 νῦν
407 522 436 549 δὲ
453 523 573 550 ἀπειλῶν
588 525 636 550 καὶ
652 522 751 558 πικρὸν
767 522 843 558 αὐτῷ
859 522 973 549 θάνατον

189 570 339 600 ιπισεῖων.
385 569 454 603 πρὸς
501 568 642 605 οὐδέτερον
678 568 780 596 τούτων
815 569 973 596 ὑποδιδόντα

192 614 284 648 ἑώρα·
320 613 377 640 οὐκ
408 612 506 648 ἀθρόον
536 622 577 640 σοι
609 613 640 640 τὸ
665 613 742 645 τέλος
769 614 871 647 ἐπάξω,
906 615 973 649 πρὸς

190 658 274 684 αὑτὸν
287 657 448 692 ἀπεφήνατο
460 677 468 689 ,
484 657 553 684 ἀλλὰ
568 657 700 694 μαλῦακῷ
716 659 785 692 πυρὶ
801 658 872 685 κατὰ
887 658 973 695 βραχύ

191 711 222 729 σι
237 703 399 730 διατακέντα
411 703 460 738 τὴν
480 703 638 739 ἀμείλικτον
657 704 805 731 ἀποθέσθαι
817 713 974 740 παρασκευ-

191 749 248 775 άσω
272 747 373 783 ψυχήν.
395 745 474 781 Eine,
500 749 546 776 καὶ
562 749 595 784 δὴ
618 750 689 776 κατὰ
710 750 740 775 τὸ
768 750 892 785 ἀρκτῷον
921 750 973 783 ἔξω

191 793 239 820 τοῦ
262 794 367 825 ἄστεως
390 794 441 829 τῆς
466 794 533 830 ὕλης
548 795 736 831 συλλεγείσης,
753 797 801 823 tat
816 797 867 832 τὴν
884 797 976 832 πυρὰν

190 839 284 874 ἡγιτο,
304 839 442 874 ἑπομένης
457 839 507 874 μὲν
524 840 574 875 τῆς
593 840 696 876 μητρὸς
707 861 714 874 ,
728 841 870 876 ἑπομένων
884 843 911 869 δὲ
929 843 975 870 καὶ

190 885 245 912 τῶν
263 885 351 917 ἄλλως
367 885 441 920 αὑτῷ
456 886 654 922 προσηκόντων
666 888 737 915 κατὰ
753 888 925 922 συγγένειαν.
945 889 974 916 '0

190 929 219 956 δὲ
248 930 317 964 μετὰ
344 930 375 957 τὸ
401 920 603 966 προσεύξασθαι
629 932 676 958 καὶ
700 920 974 970 πάντας-εὐλογῆσαι,
993 920 1014 948 Β

193 975 357 1009 μεταδοῦναι
372 976 401 1003 δὲ
417 977 464 1003 καὶ
486 976 535 1003 τοῦ
550 977 580 1004 ὲν
596 977 691 1013 Κυρίῳ
706 979 867 1014 φιλήματος,
883 980 977 1016 ἐπειδὴ

191 1021 240 1054 τὴν
253 1020 320 1056 ὓλην
337 1021 362 1047 οι
386 1021 455 1056 πρὸς
467 1022 501 1048 τὰ
514 1022 627 1049 τοιαῦτα
642 1023 844 1058 ὑπηρετοῦντες
860 1024 977 1060 ἀνῆψαν,

192 1065 361 1099 ἐμϐάλλεται
378 1066 417 1100 τῷ
433 1065 518 1101 πυρὶ,
534 1066 631 1101 διάρας
647 1075 677 1094 τι
696 1067 727 1094 τὸ
749 1068 836 1103 στόμα
858 1069 906 1096 καὶ
927 1069 978 1105 τὴν

193 1110 282 1144 φλόγα
298 1110 445 1145 δεξάμενος
462 1111 501 1145 τῷ
517 1111 646 1138 δεδωκότι
658 1112 688 1138 τδ
704 1113 813 1148 πνεῦμα
828 1115 977 1149 παρέθετο.

193 1154 261 1184 Εἶτα
291 1156 340 1183 τοῦ
365 1157 450 1192 πυρὸς
476 1155 534 1184 οἷον
558 1158 715 1193 ῥαῖσαντος,
743 1159 768 1185 0i.
792 1161 978 1196 προσήκοντες

193 1201 289 1237 ὀθόνην
319 1201 395 1237 αὖτῷ
412 1201 544 1237 πολυτελῆ
557 1202 731 1238 περιέϐαλον,
749 1204 846 1239 μύροις
858 1214 888 1232 τε
903 1205 980 1240 ἤλει-

193 1247 249 1282 ψαν
259 1247 307 1274 καὶ
319 1247 443 1282 ψαλμοὺς
458 1247 506 1274 καὶ
521 1247 624 1283 ὕμνους
637 1248 676 1280 ὡς
691 1251 830 1284 προσῆκον
841 1248 874 1286 ἦν
892 1251 978 1287 ᾄσαν-

195 1300 240 1324 τις
268 1292 344 1327 παρὰ
375 1292 508 1327 Σαμωνᾶν
534 1292 582 1319 καὶ
610 1293 729 1329 Γουρίαν
753 1295 910 1328 κατέθεντο.
937 1299 979 1328 εἰς

192 1337 270 1370 δόξαν
295 1337 422 1373 Πατρέις,
452 1337 520 1364 Υἱοῦ
545 1338 593 1365 καὶ
619 1339 697 1374 ἁγίου
736 1340 906 1376 Πνεύματος.
931 1343 980 1378 τῆς

195 1383 272 1415 θείας
285 1384 332 1409 καὶ
348 1383 506 1419 ἀδιαιρέτου
533 1381 664 1420 Τριάδος,
724 1385 825 1421 πρέπει
843 1388 910 1424 τιμὴ
933 1389 980 1415 καὶ

194 1429 382 1465 προσκύνησις
396 1429 443 1457 νῦν
456 1430 504 1457 καὶ
527 1432 569 1463 εὶς
590 1432 653 1464 τοὺς
665 1433 767 1465 αἰῶνας
787 1434 842 1461 τῶν
859 1435 977 1465 αἰώνων.

200 1476 297 1511 ’Δμήν.
308 1475 358 1511 [(1)
372 1476 407 1503 Τὸ
419 1477 486 1511 περὶ
499 1476 557 1511 τὴν
567 1477 674 1513 Κέρνη,
689 1479 786 1514 θαῦμα
795 1480 854 1508 τῶν
865 1482 980 1519 ἁγίων-1

195 1521 322 1549 Τοιοῦτον
347 1522 397 1558 μὲν
421 1523 454 1558 δὴ
472 1523 520 1550 καὶ
542 1524 556 1550 ό
583 1524 690 1559 μάρτυς
721 1526 836 1559 ’Δϐιϐος
859 1528 905 1555 ἐπὶ
924 1529 979 1556 τῶν

1023 294 1105 322 etiam
1121 295 1194 322 dices
1209 301 1271 322 cum
1282 293 1383 321 Paulo:
1402 303 1411 320 ι
1431 293 1489 320 Non
1502 298 1567 321 sunt
1583 294 1726 329 condigna)
1745 300 1808 328 pas-

1023 340 1114 367 siones
1133 340 1216 376 hujus
1233 339 1365 374 temporis
1377 339 1410 366 ad
1430 338 1555 374 gloriam,
1570 346 1631 373 qua:
1657 343 1701 366 cst
1728 345 1807 366 reve-

1023 385 1103 413 landa
1120 385 1147 413 in
1169 385 1249 413 nobis
1266 385 1297 412 ".
1317 394 1327 411 ι
1355 385 1424 413 Cum
1452 389 1543 412 autem
1568 392 1668 418 ιιι-ωερε
1689 391 1721 411 ea
1746 391 1807 419 quae

1024 431 1185 459 dicebantur
1197 431 1339 458 damnaret
1363 429 1497 462 stultitim,
1535 433 1565 457 et
1588 437 1663 457 nunc
1695 429 1806 464 quidem

1024 477 1167 506 blandiens
1193 481 1221 505 et
1251 477 1366 505 subiens
1390 483 1534 512 personam
1560 473 1709 510 patientim.
1735 483 1809 502 nunc

1023 531 1089 552 vero
1119 524 1225 552 minans
1251 528 1279 551 et
1306 523 1433 551 acerbam
1464 522 1488 550 ei
1513 525 1628 549 mortem
1661 521 1810 552 intentans,

1023 567 1114 596 neutri
1129 575 1224 595 eorum
1249 575 1313 596 eum
1341 568 1446 595 videret
1472 566 1571 594 cedere
1607 575 1614 593 ι
1651 565 1712 593 Νοιι
1760 565 1809 592 tibi

1024 615 1195 650 repentinum
1219 619 1247 642 et
1264 618 1350 642 totum
1375 613 1456 641 simul
1479 613 1543 640 vita).
1570 612 1652 640 ﬁnem
1682 611 1808 643 atl‘eram,

1024 660 1187 688 sententiam
1202 660 1227 688 ei
1241 659 1429 695 pronuntiavit
1446 668 1453 686 τ
1472 658 1520 686 sed
1535 662 1562 685 te
1576 658 1651 685 lento
1666 657 1728 692 igne
1745 664 1812 691 pau-

1024 707 1099 734 latim
1112 706 1301 741 liquefactum,
1315 705 1429 733 cilicium
1447 705 1578 732 immitem
1599 707 1628 731 et
1647 703 1810 736 implacabi-

1024 753 1078 780 lem
1094 753 1212 780 animam
1227 752 1375 786 deponere.
1406 751 1489 783 Dixit,
1505 754 1533 778 et
1559 758 1621 777 cum
1637 757 1734 776 versus
1751 756 1813 783 sep.

1026 799 1192 826 tentrionem
1211 803 1288 825 extra
1299 798 1438 826 civitatem
1455 796 1810 830 collectajfuissetmateria,

1025 845 1179 872 ducebatur
1194 844 1227 871 ad
1256 852 1361 878 rogum,
1380 847 1512 879 sequente
1532 843 1641 878 quidem
1654 847 1752 873 matre,
1765 849 1810 869 sc-

1026 891 1174 925 quentibus
1189 895 1280 918 autem
1301 890 1334 917 iis
1349 897 1469 925 quoque,
1497 889 1543 923 qui
1562 889 1628 917 alias
1646 888 1810 923 cognatione

1027 934 1061 962 ad
1081 942 1145 962 eum
1161 934 1322 961 attinebant.
1339 934 1387 961 llic
1404 941 1470 961 vero
1497 937 1640 968 postquam
1666 937 1812 967 cssetpre-

1027 985 1124 1011 catus,
1138 983 1168 1006 et
1196 979 1382 1007 benedixisset
1404 978 1545 1012 omnibus,
1573 983 1601 1006 et
1622 977 1664 1006 eis
1687 977 1812 1005 esculnm

1027 1024 1147 1052 dedisset
1161 1023 1189 1050 in
1205 1023 1331 1056 Domino,
1355 1030 1469 1051 accensa
1484 1027 1576 1051 autem
1596 1027 1670 1051 esset
1694 1023 1807 1050 materia

1027 1069 1062 1096 ab
1075 1068 1108 1096 iis
1120 1068 1167 1104 qui
1186 1068 1221 1095 ad
1244 1067 1272 1095 id
1289 1068 1456 1101 serviebant,
1487 1068 1515 1096 in
1545 1068 1635 1102 ignem
1664 1067 1786 1102 injicitur
1805 1076 1814 1095 :

1028 1121 1055 1142 et
1069 1122 1132 1141 cum
1151 1118 1247 1148 aperto
1264 1121 1312 1141 ore
1325 1113 1460 1141 ﬂammam
1471 1113 1632 1147 accepisset,
1647 1113 1719 1147 apud
1734 1120 1810 1146 eum,

1027 1160 1074 1196 qui
1091 1160 1214 1191 dederat,
1231 1159 1357 1195 spiritum
1373 1159 1511 1194 deposuit.
1528 1158 1632 1186 Deinde
1662 1165 1724 1185 cum
1741 1157 1811 1192 ignis

1028 1211 1100 1234 esset
1129 1205 1251 1237 sedatus,
1265 1205 1312 1240 qui
1336 1204 1370 1232 ad
1395 1212 1460 1232 eum
1492 1203 1658 1235 attinebant,
1690 1204 1812 1238 pretioso

1029 1253 1113 1280 linteo
1124 1259 1186 1279 eum
1198 1251 1452 1282 circumdederunt,
1463 1255 1491 1278 et
1500 1249 1646 1285 unguentis
1655 1254 1794 1276 unxerunt
1806 1257 1813 1275 :

1029 1305 1146 1332 cumque
1159 1297 1278 1332 psalmos
1291 1300 1320 1324 et
1339 1297 1470 1332 hymnos,
1487 1301 1519 1323 ut
1534 1303 1583 1330 par
1598 1299 1670 1328 erat,
1697 1294 1813 1322 cecinis-

1028 1347 1100 1375 sent,
1112 1350 1196 1378 prope
1212 1342 1357 1370 Samonam
1375 1347 1402 1370 et
1413 1342 1525 1369 Guriam
1541 1348 1604 1369 eum
1613 1341 1814 1376 deposuerunt.

1029 1389 1063 1416 ad
1076 1388 1191 1424 gloriam
1207 1388 1297 1416 Patris
1322 1393 1350 1415 et
1368 1387 1428 1414 Filii
1448 1392 1477 1415 et
1500 1386 1620 1422 Spiritus
1637 1385 1735 1418 sancti,
1755 1393 1815 1418 qua:

1029 1440 1072 1463 cst
1083 1435 1177 1462 divina
1191 1434 1321 1466 Trinitas,
1337 1437 1365 1462 et
1379 1433 1407 1461 in
1423 1441 1506 1468 quam
1521 1440 1577 1461 non
1606 1432 1681 1460 cadit
1702 1431 1813 1459 divisio.

1029 1481 1116 1515 Quam
1133 1481 1211 1508 decet
1227 1481 1316 1508 honor
1338 1483 1366 1508 et
1379 1479 1506 1507 adoratio
1519 1486 1592 1506 nunc
1608 1481 1637 1506 et
1651 1485 1771 1513 semper,
1787 1482 1815 1504 et

1032 1527 1060 1554 in
1074 1526 1175 1554 saecula
1189 1526 1366 1554 saeculorum.
1393 1526 1491 1552 Amen.
1510 1524 1605 1551 Talem
1628 1523 1739 1558 quidem
1753 1522 1815 1550 vita:

197 1567 336 1614 Λικιννίου
356 1568 462 1614 καιρῶν
476 1565 541 1605 εὗρε
561 1569 592 1596 τὸ
611 1570 699 1604 τέλος,
712 1572 760 1599 καὶ
782 1573 911 1609 τοιαύτης
928 1574 978 1610 τῆς

1033 1572 1114 1600 ﬁnem
1130 1572 1234 1600 invenit
1255 1575 1358 1606 martyr
1385 1570 1492 1598 Abibus
1515 1575 1638 1605 tempore
1663 1568 1774 1601 Licinii,
1787 1572 1816 1595 et

196 1613 266 1648 μετὰ
279 1613 335 1640 τῶν
348 1613 436 1648 ἁγίων
447 1614 525 1650 ἔτυχε
544 1615 729 1650 καταθέσεως,
746 1618 792 1645 καὶ
806 1618 877 1646 οὕτω
894 1620 980 1648 κατά-

197 1667 298 1685 παυσιν
314 1659 368 1686 τῶν
385 1659 515 1694 διωγμῶν
529 1662 587 1693 τοῖς
600 1662 726 1689 εὐσεϐέσι
745 1663 858 1692 διέθετο.
875 1666 911 1692 Τὸ
925 1667 979 1703 γὰρ

195 1703 249 1730 ἀπὸ
268 1703 346 1731 τοῦδε
371 1704 511 1738 Λικίννιος
539 1706 590 1742 μὲν
613 1706 746 1743 ὲλικμᾶτο
773 1710 823 1746 τὴν
843 1711 978 1746 ἐξουσίαν,

196 1750 445 1787 Κωνοταντίνῳεδὲ
471 1752 502 1779 τὸ
522 1753 625 1788 κράτος
645 1755 770 1791 ἐπήνθει,
793 1757 840 1784 καὶ
860 1758 893 1785 τὰ
914 1759 980 1786 Ῥω-

196 1794 286 1828 μαίων
302 1795 378 1831 αὐτῷ
394 1796 523 1832 σκῆπτρα
538 1797 681 1834 ηὐξάνετο,
707 1800 738 1833 ὃς
757 1802 867 1838 πρῶτος
883 1804 912 1831 ιν
933 1804 981 1839 βα-

196 1841 318 1868 σιλεῦσιν
336 1842 561 1878 ἐπαρρησιάσατο
596 1845 647 1882 τὴν
668 1846 825 1882 εὐσέϐειαν,
848 1850 896 1877 καὶ
911 1851 981 1886 Χρι-

196 1888 317 1919 στιανοῖς
337 1887 367 1914 τὸ
392 1889 442 1924 ζῇν
463 1889 501 1922 ὡς
532 1891 697 1926 Χριστιανὸς
722 1894 882 1930 ἐχαρίσατο.
911 1897 980 1925 Ἀλλ’

196 1934 271 1965 ὅπως
290 1934 323 1960 ἂν
339 1934 427 1969 ἔχοιτε
442 1936 546 1969 γνῶναι
563 1938 621 1970 οἵας
635 1938 685 1973 τῆς
700 1940 813 1975 χάριτος
827 1943 852 1969 0i
875 1943 982 1978 μάρτυο

199 1986 244 2012 ρες
258 1978 333 2015 παρὰ
345 1978 414 2006 Θεοῦ
428 1979 536 2016 ἔτυχον,
553 1981 698 2014 διεξελθεῖν
706 1984 810 2013 ἀνωθεν
819 1985 980 2020 ἀναγκαῖον.

232 2067 293 2100 ις’.
315 2065 412 2095 υῦννοι
432 2068 483 2103 μὲν
506 2069 531 2095 oi
560 2070 721 2104 Ἕφθαλῖται
738 2074 852 2108 Περσῶν
867 2075 981 2110 ὅμοροι,

198 2112 245 2138 καὶ
275 2111 344 2147 πρὸς
369 2111 514 2148 ἀνίσχοντα
540 2115 616 2150 ἥλιον
644 2117 784 2150 οἰκοῦντες
801 2126 808 2134 ·
827 2118 857 2146 τὸ
886 2121 982 2148 σκαιὸν

197 2157 274 2189 ἔθνος
292 2158 367 2184 τουτὶ
380 2159 426 2186 καὶ
442 2159 580 2197 βάρϐαρον
605 2162 712 2197 χρόνοις
724 2163 775 2190 οὐκ
789 2164 889 2199 ὀλίγοις
904 2165 982 2194 ὔστε-

199 2212 246 2238 ρον
263 2204 332 2238 μετὰ
349 2204 397 2239 τὴν
413 2205 467 2232 τῶν
483 2207 632 2242 μαρτύρων
644 2208 785 2237 τελείωσιν
802 2212 842 2242 tl;
855 2212 982 2240 τοσοῦτον

1035 1619 1116 1647 talem
1131 1626 1193 1646 cum
1209 1617 1310 1646 sanctis
1325 1621 1426 1645 nactus
1441 1616 1493 1644 t‘uit
1503 1615 1718 1651 depositionem,
1737 1620 1765 1641 ct
1776 1615 1814 1642 sie

1032 1665 1086 1700 piis
1101 1664 1192 1692 attulit
1205 1663 1328 1698 requiem
1346 1671 1361 1690 a
1379 1662 1628 1697 persecutionibus.
1644 1662 1712 1689 Nam
1737 1660 1816 1688 dein‘

1033 1718 1098 1746 ccps
1112 1710 1223 1746 quidem
1238 1709 1346 1737 Licinio
1360 1709 1412 1736 fuit
1428 1708 1563 1736 diminuta
1582 1708 1702 1743 potentia
1715 1716 1722 1741 ;
1744 1708 1817 1734 Con-

1032 1757 1154 1785 stantino
1170 1761 1261 1783 autem
1276 1754 1371 1782 tloruit
1395 1754 1556 1787 dominatio,
1579 1757 1607 1781 et
1621 1756 1768 1781 creverunt
1790 1752 1816 1779 ei

1033 1806 1142 1838 sceptra
1163 1802 1370 1830 Romanorum:
1386 1800 1433 1836 qui
1446 1801 1552 1836 primus
1567 1800 1638 1828 inter
1669 1800 1817 1835 imperato-

1033 1857 1077 1877 res
1092 1848 1179 1876 libere
1203 1848 1343 1882 professus
1361 1851 1403 1875 est
1432 1847 1572 1882 pietatem,
1597 1850 1626 1873 et
1652 1845 1817 1873 Christianis

1034 1895 1173 1924 concessit
1198 1894 1293 1922 vivere
1319 1897 1350 1920 ut
1377 1892 1559 1925 Christianos.
1590 1889 1644 1918 Sed
1670 1895 1699 1918 ut
1729 1889 1818 1924 possi-

1035 1942 1070 1970 tis
1101 1948 1277 1976 cognoscere,
1301 1940 1409 1975 qualem
1447 1939 1560 1974 gratiam
1585 1941 1718 1973 martyres
1745 1936 1816 1970 apud

1034 1987 1121 2014 Deum
1136 1990 1200 2012 sunt
1221 1985 1348 2019 assecuti,
1366 1992 1476 2012 necesse
1489 1990 1531 2012 est
1546 1991 1603 2010 rem
1617 1982 1652 2010 ab
1668 1983 1723 2009 alto
1736 1988 1819 2015 repe-

1036 2031 1113 2060 tere.'

1068 2076 1235 2106 XVlJIunni
1245 2076 1354 2110 quidem
1366 2076 1538 2111 Ephtbalitae,
1547 2075 1689 2102 Persarum
1699 2072 1818 2100 ﬁnitimi.

1035 2124 1124 2159 etqui
1137 2123 1172 2151 ad
1187 2123 1272 2150 solem
1291 2122 1453 2149 habitabant
1477 2122 1610 2147 orientem
1628 2128 1634 2146 :
1651 2119 1709 2146 haec
1739 2126 1817 2153 gens,

1036 2171 1162 2206 inquam,
1175 2169 1333 2203 importuna
1354 2172 1381 2195 et
1398 2166 1526 2198 barbara,
1551 2173 1606 2192 non
1622 2165 1719 2200 paucis
1740 2165 1820 2191 annis

1037 2222 1100 2252 post
1134 2220 1287 2250 martyrum
1319 2211 1595 2244 consummationem,
1636 2218 1722 2245 usque
1749 2209 1820 2237 adeo

197 2249 327 2276 ἐπέθεντο
349 2249 507 2284 Ῥωμαίοις,
525 2252 562 2283 ὡς
580 2253 628 2280 καὶ
641 2253 738 2290 μέχρις
750 2255 836 2291 αὐτῆς
854 2256 979 2294 Ἐδέσσης

1037 2249 1196 2291 invaserunt
1209 2249 1357 2292 Romanos,
1370 2264 1401 2288 ut
1410 2258 1533 2286 facerent
1546 2256 1717 2285 incursiones
1732 2263 1818 2290 usque

197 2295 304 2328 ἐλάσαι,
319 2297 365 2323 καὶ
389 2297 425 2323 τὰ
443 2297 524 2333 πέριξ
546 2298 704 2334 ληῖσασθαι.
725 2301 757 2328 Οί
782 2302 812 2329 δι
839 2302 982 2339 Ῥωμαίων

199 2341 320 2376 βασιλεῖς
336 2343 437 2377 σφόδρα
450 2351 479 2370 τε
493 2344 598 2378 ἤμυνον
612 2346 646 2381 τῇ
664 2345 751 2379 πόλει,
769 2347 816 2374 καὶ
831 2348 880 2383 τὴν
900 2358 983 2384 στρα-

197 2389 258 2414 τιὰν
281 2389 309 2415 ὲν
332 2389 431 2424 βραχεῖ
446 2391 537 2417 πᾶσαν
553 2391 710 2426 συνέλεξαν,
732 2393 803 2421 ὥστε
828 2395 984 2432 ὑπερμαχέ-

201 2434 300 2460 σασθαι
314 2435 364 2468 τῆς
377 2435 516 2469 Ἐδέσσης,
531 2438 670 2465 ἀνάλωτον
686 2439 772 2475 αὐτὴν
786 2441 903 2475 φυλάξαι
924 2442 983 2477 βου-

155 2488 168 2499 ·
200 2479 320 2514 λάμενοι,
336 2480 384 2525 διαὶ
403 2482 523 2516 μάλιστα
542 2485 597 2516 τοῖς
614 2484 661 2511 τοῦ
681 2485 801 2521 Χριστοῦ
816 2487 904 2522 λόγοις
916 2489 984 2525 οαῤ-

202 2526 313 2560 ροῦντες
334 2524 372 2558 οἷς
395 2528 553 2556 ἐπέστειλεν
573 2531 705 2568 Δὺγάρῳ,
729 2533 767 2565 ὼς
788 2534 880 2570 οὐδὲὴ
907 2524 984 2568 πόλις

201 2571 268 2618 ποτε
293 2571 442 2608 βαρϐάροις
467 2574 547 2603 ἔσται
568 2576 718 2613 ἁλώσιμος,
734 2580 780 2606 καὶ
800 2580 840 2616 τῷ
861 2582 890 2608 ὲν
916 2583 985 2618 αὐτῇ

201 2617 300 2655 πρώτῃ
315 2618 346 2645 τδ
358 2618 406 2645 τοῦ
420 2620 523 2656 Κυρίου
537 2622 615 2658 ἡμῶν
629 2626 678 2652 καὶ
693 2626 811 2661 Χριστοῦ
836 2617 985 2662 ἐκμαγεῖον

201 2664 240 2700 τῷ
259 2665 377 2700 Λὺγάρῳ
399 2667 567 2708 πεμφθῆναι.
583 2669 706 2698 Ἦλασαν
722 2673 771 2706 μὲν
788 2670 835 2699 οὖν
848 2674 924 2709 παρὰ
938 2674 986 2709 τὴν

203 2711 279 2738 πόλιν
301 2711 330 2738 τὸ
357 2712 496 2745 Οὑννιιεὸν,
523 2714 592 2740 ἑλεῖν
615 2716 699 2750 αὐτὴν
732 2718 833 2753 ῥᾳδίως
857 2720 986 2754 οἰόμενοι·

208 2756 338 2792 Ῥωμαῖοι
354 2758 382 2784 δὲ
401 2759 560 2795 συμμαχίαν
576 2761 747 2798 Ἑδεσσηνοῐς
771 2765 935 2800 πέμπουσιν,
949 2766 987 2798 ὡς

240 2817 261 2832 ³⁷
278 2817 357 2844 Rom.
379 2825 438 2852 vin,
456 2818 503 2847 18.

1036 2309 1070 2338 ad
1088 2309 1174 2344 ipsam
1192 2307 1333 2339 Edessam,
1349 2311 1376 2334 et
1391 2304 1498 2340 praedas
1511 2307 1622 2339 agerent
1632 2310 1665 2330 ex
1679 2302 1761 2336 agris,
1773 2301 1819 2336 qui

1037 2356 1110 2383 circa
1126 2355 1212 2389 ipsam
1229 2352 1273 2380 siti
1287 2357 1362 2380 sunt.
1380 2351 1571 2378 Romanorum
1586 2352 1678 2376 autem
1700 2347 1820 2382 impera-

1037 2405 1112 2429 tores
1125 2400 1226 2427 acriter
1247 2398 1431 2425 defenderunt
1459 2396 1611 2426 civitatem,
1628 2398 1657 2421 ct
1675 2392 1752 2420 brevi
1778 2396 1820 2418 to-

1038 2451 1096 2475 tum
1111 2447 1273 2481 eolligerunt
1287 2443 1570 2477 exercitum,utopem
1586 2440 1688 2468 I‘errcnt
1699 2438 1819 2468 Edessa»,

1038 2493 1163 2520 volentes
1184 2491 1303 2523 efﬁcere,
1326 2498 1361 2517 ne
1389 2497 1420 2517 ea
1450 2493 1620 2523 caperetur:
1650 2490 1679 2512 ct
1701 2483 1820 2510 maxime

1037 2538 1130 2566 verbis
1143 2537 1245 2565 Christi
1262 2535 1445 2566 conﬁdentes.
1462 2541 1523 2569 qua:
1548 2532 1696 2572 scripserat
1708 2529 1742 2556 ad
1766 2529 1820 2556 Au-

1038 2591 1146 2620 garum,
1174 2581 1248 2617 quod
1273 2581 1371 2609 civitas
1392 2586 1531 2613 nunquam
1562 2580 1635 2605 esset
1657 2574 1790 2610 capienda
1806 2583 1820 2600 ιι

1038 2628 1162 2657 barbaris
1176 2637 1182 2654 :
1198 2631 1227 2654 et
1236 2626 1310 2662 quod
1325 2627 1351 2652 in
1369 2633 1429 2653 eam
1443 2624 1560 2658 primam
1572 2621 1678 2649 Domini
1692 2620 1777 2648 nostri
1792 2624 1821 2646 et

1034 2673 1137 2703 Christi
1155 2672 1259 2707 eiiigics
1283 2672 1365 2698 missa
1383 2670 1419 2696 sit
1435 2669 1470 2696 ad
1497 2669 1646 2703 Augarum.
1677 2667 1771 2700 itaque
1787 2665 1820 2692 ad

1035 2720 1172 2748 civitatth
1184 2723 1275 2745 castra
1292 2719 1440 2743 moverunt
1458 2713 1561 2745 Πιιιιηί,
1584 2718 1712 2748 putantes
1742 2719 1770 2738 se
1784 2711 1822 2737 ia-

1035 2766 1087 2793 cile
1101 2773 1160 2793 cam
1171 2772 1230 2792 esse
1242 2768 1385 2798 capturos;
1404 2761 1517 2788 Romani
1538 2765 1628 2787 autent
1647 2759 1758 2786 mittunt
1775 2765 1823 2785 au.

239 2883 277 2916 (Ι)
293 2883 398 2914 Inclusa
419 2885 509 2915 rubris
529 2886 628 2915 litteris
645 2891 754 2915 exarata
779 2892 843 2917 sunt
864 2888 893 2916 in
921 2897 986 2918 mss.
1012 2888 1078 2917 1522
1095 2893 1123 2918 et
1142 2889 1207 2918 1541)
1225 2894 1252 2917 ut
1272 2890 1299 2917 in
1314 2887 1401 2924 capite
1414 2887 1585 2924 sequentium
1599 2887 1697 2921 posita.
