2077 3148
193 193 245 240 its

635 215 868 247 MARTYIH-UM
889 218 918 248 S.
940 218 1073 249 GURLE
1095 220 1144 250 ΕΤ
1166 221 1376 253 SOCIORUM.

1758 223 1810 257 150

190 265 359 300 ἐργάσασθαι
376 265 500 303 δυνηθὲν,
515 267 646 302 ἀπαίρειν
661 271 711 306 ἤδη
728 272 796 306 πρὶς
810 272 859 307 τὴν
872 273 977 300 οἰκείαν

1029 284 1093 312 ergo
1118 278 1236 306 Gottltus
1266 287 1374 315 quoque
1401 284 1511 314 paratus
1535 286 1607 309 esset
1631 282 1711 309 simul
1735 282 1811 310 abire

190 310 338 338 διενοοῦντο
355 320 362 328 ·
385 313 409 339 οἰ
431 313 571 349 σύμμαχοι
595 315 624 342 δὲ
649 316 760 344 ἀπιέναι
783 319 864 346 πάλιν
900 321 970 356 πρὸς

199 356 309 392 Ῥώμην
324 357 478 386 ἐϐούλοντο.
494 359 573 388 Ἐπεὶ
590 360 637 388 οὖν
661 363 710 390 καὶ
736 365 750 391 ό
774 365 873 399 Γότθος
915 375 976 394 συν-

190 403 302 450 απιένα,
318 404 467 439 Ῥωμαίοις
489 406 652 442 ἡτοίμαστο,
679 411 776 444 ὴνιᾶτό
799 421 827 438 τε
848 414 864 448 ἡ
884 414 975 450 μήτηρ

191 448 230 483 τῷ
241 448 293 484 τῆς
311 451 408 482 παιδὸς
421 453 556 488 χωρισμῷ
569 473 576 485 ,
592 454 639 481 καὶ
653 455 686 482 τὰ
703 457 846 492 σπλάγχνα
863 448 976 486 nam;

189 501 230 521 το.
257 495 400 522 Ἐντεῦθεν
415 497 505 532 εἴχετο
524 499 575 534 τῆς
591 499 687 532 παιδὸς
706 504 753 528 καὶ
770 504 975 539 συναποδημεῖν

1027 331 1088 350 cum
1108 322 1248 357 Romanis,
1269 329 1297 352 et
1318 324 1489 352 cruciaretur
1511 331 1598 354 mater
1616 326 1678 355 illia:
1701 335 1812 363 separa-

1028 368 1117 401 tione,
1140 369 1222 404 eique
1257 370 1452 398 scinderentur
1478 371 1601 404 viscera,
1629 372 1811 407 apprehendit

1028 414 1157 448 puellam,
1172 423 1223 443 nec
1242 416 1349 443 sinebat
1370 423 1429 443 eam
1451 424 1514 444 cum
1533 416 1636 444 Gottho
1657 418 1808 450 discedere,

1027 460 1133 488 etiamsi
1151 468 1211 488 eam
1234 469 1288 489 non
1312 466 1420 497 poterat
1437 462 1568 495 retinere,
1587 470 1649 490 cum
1670 462 1729 498 lege
1752 471 1810 490 tna<

1028 507 1150 534 trimonii
1166 510 1194 534 ct
1210 511 1313 535 natura:
1328 508 1411 536 vellet
1425 509 1501 543 sequi
1520 509 1660 536 maritum.

190 539 229 590 Et?
247 540 340 577 Γότθῳ
352 542 404 590 οὐκ
420 543 474 575 sta,
492 544 544 571 κᾶν
567 544 628 580 οὐχὶ
649 546 695 573 καὶ
716 550 864 583 κατασχεῖν
890 550 976 586 αὐτὴν
994 551 1114 587 ἠδυνήθη
1130 553 1205 587 νόμῳ
1236 553 1328 588 γάμου
1346 555 1393 581 καὶ
1410 539 1516 589 φύσεως
1531 554 1569 590 τῷ
1583 553 1663 589 ἀνδρὶ
1695 554 1810 581 ἕπεσθαι

189 588 240 622 τῆς
251 588 380 622 γυναικὸς
395 590 572 626 βουλομένης.

228 634 282 662 ιη’.
307 635 387 670 ’Ἄρτι
408 637 499 664 τοίνυν
515 638 726 674 ἀποδημοῦντας
742 641 758 676 ὴ
775 642 869 677 μήτηρ
885 652 975 678 παρα-

191 676 324 711 λαϐοῦσα,
340 679 389 714 τὴν
401 680 456 706 τῶν
469 682 648 718 ὀμολογητῶν
660 676 867 720 καταλαμϐάνει
883 676 974 722 σορὸν,

190 725 320 760 καὶπρὸς
341 727 388 752 τὸν
415 727 516 754 Γότθον
531 736 537 744 ·
567 731 623 756 οὐκ
647 731 680 758 ἂν
695 732 750 764 ἐγώ
779 741 820 760 σοι
841 733 890 769 τὴν
905 735 976 770 ἐμὴν

190 771 272 798 παῖδα
303 774 451 807 πιστεύσω,
481 776 558 809 φησι.
586 778 610 804 εί
634 777 682 812 μὴ,
699 778 749 814 τῆς
767 779 862 815 τιμίας
894 782 975 817 σοροῦ

188 816 268 850 τῆσδε
299 818 354 845 τῶν
395 820 464 855 ὑπὲρ
505 822 625 856 Χριστοῦ
652 824 795 852 παθόντων
823 816 974 862 ἁψάμενος,

193 862 330 914 ἐγγυητάς
354 873 401 914 μοι
426 867 542 914 τούτους
560 869 705 905 παράσχῃς
724 871 762 906 μὴ
785 872 866 905 μόνον
893 873 977 908 μηδέν
994 888 1013 914 Β

191 915 218 934 τι
241 910 310 944 πρὸς
334 912 383 946 τὴν
402 913 485 941 παῖδα
514 915 636 950 λυπηρδν
657 917 879 952 διαπράξασθαι,
908 920 976 947 ἀλλά

189 955 237 981 καὶ
269 956 360 992 πάσης
387 959 471 993 αὐτὴν
500 960 616 994 ἀξιῶσαι
641 962 690 997 τῆς
715 964 873 999 θεραπείας.
893 968 946 994 Καὶ
963 968 977 994 ὁ

190 1000 289 1033 Γότθος
307 1002 400 1034 εὐθὺς,
426 1004 523 1040 ὥσπερ
548 1007 578 1032 τὸ
608 1008 718 1036 πάντων
739 1010 926 1039 εὐκολώτατον
947 1022 977 1040 τε

189 1047 236 1072 καὶ
251 1047 427 1081 ἀφοόὠτατον
447 1050 558 1082 δράσει-ι
580 1053 743 1088 ἐπι-τραπείς
756 1063 763 1070 ·
787 1057 835 1083 Ἐκ
850 1057 904 1084 τῶν
919 1067 977 1093 χει-

192 1092 248 1126 ρῶν
263 1093 353 1127 ὑμῶν,
374 1094 461 1128 ἅγιοι,
475 1097 525 1132 τὴν
550 1098 646 1133 κόρην,
668 1097 741 1133 εἶπε,
758 1103 977 1137 παραλαμϐάνω,

192 1139 239 1165 καὶ
254 1140 287 1174 τῇ
307 1141 392 1175 μητρὶ
407 1141 546 1176 ἐγγυητὰς
563 1144 636 1178 ὑμᾶς
649 1145 744 1178 δίδωμι
758 1147 795 1178 ὡς
818 1147 875 1174 οὐδ’
888 1149 979 1177 ὁτιοῦν

191 1185 261 1220 αὐτῇ
287 1186 353 1221 παρ’
378 1186 447 1221 ἐμοῦ
470 1189 620 1223 γενήσεται
646 1191 781 1228 λυπηρὸν,
797 1193 863 1221 ἀλλὰ
877 1195 979 1230 μᾶλλον

192 1232 241 1279 και
261 1233 331 1267 πρὸς
345 1235 400 1260 πᾶν
413 1235 427 1261 ὁ
445 1243 471 1261 τι
487 1236 609 1270 βούλοιτο
620 1260 628 1270 ,
644 1238 754 1274 ἕτοιμον
777 1240 832 1274 ἕξει
856 1251 890 1277 με
909 1244 979 1279 πλη-

193 1276 293 1310 ροῦντα
308 1279 394 1314 ταύτῃ
406 1280 440 1306 τὰ
449 1280 620 1317 καταθύμια.
639 1283 675 1309 Οὐ
691 1284 778 1312 ταῦτα
795 1276 875 1321 μόνον
888 1289 902 1314 ὁ
919 1276 977 1315 ἀλι-

189 1324 296 1358 τὴριος,
314 1325 384 1352 ἀλλά
401 1327 449 1352 καὶ
461 1327 501 1359 εὶς
515 1327 565 1364 τὴν
581 1330 704 1366 μεγάλην
716 1330 762 1358 τοῦ
783 1331 851 1360 Θεοῦ
863 1333 980 1370 δύναμιν

190 1370 290 1404 ὖμνυσι
315 1371 365 1403 τὰς
394 1372 557 1408 ὑποσχέσεις
583 1375 628 1403 ἐπὶ
650 1377 704 1404 τῶν
729 1377 819 1413 ἔργων
851 1380 978 1414 φυλάξαι.

190 1415 331 1451 Δῖξαμένη
347 1417 438 1445 τοίνυν
453 1419 469 1454 ὴ
487 1421 579 1456 μήτηρ
594 1420 640 1448 τὸν
653 1422 734 1457 ὅρκον
745 1431 751 1437 '
772 1423 856 1459 ’Υμῐν
868 1445 874 1456 ,
894 1425 978 1460 an“,

191 1463 240 1496 τὴν
258 1463 342 1490 παῖδα
357 1465 428 1498 μετά
441 1464 508 1493 Θεὸν
523 1467 709 1503 ἀνατίθεμαι,
727 1470 775 1496 καὶ
792 1470 827 1497 δι’
842 1471 918 1506 ὑμῶν
942 1472 980 1508 τῷ

192 1508 295 1544 Γὸτθῳ,
311 1511 367 1541 τοῖς
383 1511 532 1547 μάρτυσιν,
548 1513 710 1550 ἐπεϐόησεν.
741 1515 803 1543 Ἐπὶ
811 1517 918 1550 τούτοις
932 1519 977 1545 εὐ-

1068 644 1159 673 Χνιιι.
1175 645 1244 672 Cum
1262 646 1316 681 jam
1339 653 1405 682 ergo
1424 645 1542 678 abirent,
1564 651 1650 674 mater
1671 654 1717 675 eos
1734 655 1812 674 assu-

1029 698 1116 724 mens,
1141 691 1248 718 accedit
1272 691 1305 718 ad
1332 700 1440 728 capsam
1464 692 1671 724 confessorum,
1695 697 1722 720 et
1747 692 1814 720 dicit

1027 736 1128 765 Gottho
1141 745 1148 764 :
1159 737 1215 772 Ego
1227 740 1278 764 tua:
1290 737 1352 765 ﬁdei
1367 746 1453 765 meam
1470 738 1552 766 ﬁliam
1565 746 1619 765 non
1632 738 1812 770 committam.

1028 783 1080 810 nisi
1107 787 1221 818 tangens
1246 783 1317 811 hanc
1341 784 1487 819 pretiosam
1513 792 1620 820 capsam
1647 792 1742 812 eorum
1765 785 1812 819 qui

1027 836 1077 863 pro
1096 827 1206 856 Christo
1227 829 1300 864 passi
1322 834 1396 862 sunt,
1413 837 1461 856 eos
1476 828 1587 857 dederis
1612 829 1679 856 mihi
1703 828 1813 864 tidcjus-

1029 881 1116 906 sores,
1127 875 1200 909 quod
1216 882 1271 902 non
1286 875 1375 903 solum
1387 875 1411 903 ei
1425 875 1492 902 nihil
1505 875 1543 902 sis
1558 875 1665 902 molesti
1679 875 1812 908 facturus,

1028 919 1076 947 sed
1091 920 1174 948 etiam
1191 921 1262 956 ejus,
1281 928 1362 956 quam
1381 929 1428 956 par
1443 925 1494 954 est,
1509 928 1603 948 curant
1621 922 1659 948 sis
1675 926 1812 957 gesturus.

1028 963 1146 992 Gotthus
1171 970 1262 992 autem
1287 967 1424 1001 protinus,
1455 971 1584 1001 tanquam
1609 967 1701 1002 jussus
1723 966 1814 994 facere

1029 1009 1067 1042 id,
1079 1010 1152 1045 quod
1164 1016 1237 1038 esset
1250 1012 1373 1039 omnium
1389 1011 1561 1044 facillimum,
1573 1018 1601 1039 et
1615 1012 1689 1040 omni
1705 1013 1814 1047 penitus

1029 1060 1103 1083 metu
1117 1064 1234 1084 vacuum
1250 1065 1258 1083 :
1275 1057 1295 1083 Δ
1309 1057 1436 1085 manibus
1449 1058 1559 1089 vestris,
1576 1058 1674 1093 inquit,
1687 1066 1703 1085 ο
1715 1060 1812 1091 sancti,

1029 1101 1133 1136 accipio
1159 1101 1277 1136 puellam
1303 1110 1310 1128 :
1336 1107 1364 1130 et
1387 1110 1436 1130 vos
1460 1102 1496 1130 do
1521 1103 1601 1130 matri
1628 1103 1814 1138 ﬁdejussores,

1030 1147 1102 1182 quod
1126 1148 1152 1176 ei
1173 1156 1188 1175 a
1215 1156 1258 1176 me
1282 1148 1350 1176 nihil
1377 1148 1422 1177 ﬁet
1447 1149 1565 1182 molesti,
1583 1149 1630 1177 sed
1657 1157 1699 1177 me
1723 1149 1816 1184 potius

1030 1193 1142 1221 habebit
1166 1199 1291 1229 paratum
1317 1194 1343 1222 ei
1370 1194 1493 1229 implere,
1519 1201 1688 1230 quaecunque
1713 1194 1815 1222 volenti

1030 1244 1112 1266 erunt
1124 1239 1210 1267 cordi.
1224 1239 1280 1267 Nec
1295 1239 1352 1267 haec
1363 1240 1451 1267 solum
1467 1240 1627 1273 sceleratus,
1640 1239 1687 1267 sed
1703 1247 1815 1275 magnas

1030 1294 1139 1321 quoque
1152 1286 1227 1322 jurat
1243 1286 1290 1315 Dei
1305 1287 1388 1318 vires,
1403 1294 1432 1314 se
1448 1286 1582 1321 promissa
1597 1286 1686 1321 reipsa
1702 1293 1815 1314 conser-

1030 1336 1169 1359 vaturum.
1185 1332 1270 1359 Mater
1289 1339 1362 1367 ergo,
1381 1337 1495 1367 accepto
1508 1331 1697 1367 jurejurando,
1714 1331 1818 1360 sanctis

1029 1377 1190 1405 acclamavit
1215 1378 1379 1414 martyribus
1408 1385 1416 1405 :
1443 1377 1536 1411 Vobis,
1559 1384 1576 1405 ο
1603 1378 1701 1410 sancti,
1727 1386 1816 1406 meam

1030 1423 1112 1451 ﬁliam
1136 1428 1196 1459 post
1223 1424 1306 1452 Deum
1328 1424 1481 1456 committo,
1506 1429 1533 1451 et
1560 1432 1608 1459 per
1633 1432 1682 1451 vos
1704 1423 1816 1452 Gottho.

1030 1470 1094 1498 Post
1113 1470 1171 1498 hzec
1190 1471 1276 1498 Deum
1299 1471 1413 1506 precati,
1440 1475 1527 1498 mater
1548 1471 1661 1506 quidem
1686 1471 1817 1498 amantis-

1030 1516 1099 1544 sime
1117 1517 1199 1545 tlliam
1221 1517 1357 1553 amplexa,
1375 1517 1487 1545 domum
1513 1517 1679 1551 revertitur;
1701 1517 1818 1545 Gotthus

193 1554 304 1591 ξάμενοι
317 1557 357 1593 τῷ
381 1559 452 1593 Θεῷ,
469 1561 547 1596 καὶὴ
567 1562 659 1598 μήτηρ
680 1563 730 1598 τὴν
757 1564 841 1592 παῖδα
863 1565 978 1602 περισα-

1031 1567 1121 1589 autem
1139 1562 1191 1590 iter
1211 1562 1261 1590 init
1276 1570 1337 1590 cum
1355 1562 1454 1598 puclla.
1472 1563 1576 1590 Deinde
1598 1571 1660 1591 cum
1678 1563 1819 1591 venissent

192 1602 277 1630 λοῦσα
300 1604 348 1630 καὶ
377 1606 606 1643 περιπτυξαμένη
629 1609 663 1635 τὰ
689 1609 885 1644 ποθεινότατα,
910 1612 979 1648 αὐτὴ

193 1656 242 1683 μιν
264 1648 355 1676 obuiis
380 1650 502 1686 ἐπακῄει,
529 1653 543 1679 ὁ
559 1652 587 1679 δὲ
601 1653 698 1686 ι’ότθος
713 1656 762 1690 τῆς
778 1655 839 1682 6δοῦ
853 1658 922 1692 μετὰ
931 1658 980 1693 τῆς

193 1694 289 1726 randi;
304 1697 402 1731 εἴχετο.
417 1696 484 1724 Εἶτα
501 1698 551 1733 τὴν
571 1700 663 1735 χώραν
676 1697 709 1736 ἧς
725 1701 740 1727 ὁ
757 1701 855 1734 Γότθος
868 1702 980 1739 ὥρμητο

193 1741 408 1776 καταλαῦύντες,
425 1743 487 1770 ἐπεὶ
504 1744 554 1781 ἤδη
567 1745 636 1781 πρὸς
654 1747 704 1782 τὴν
719 1747 766 1774 τοῦ
784 1748 880 1784 ἀνδρὸς
898 1750 979 1785 ἦγγι-

192 1785 241 1817 ζον
257 1786 359 1818 οίκῐαν,
376 1788 578 1824 ἐπιλαθόμενος
598 1789 648 1826 μὲν
667 1790 681 1817 ὁ
702 1791 790 1824 δεινὸς
806 1793 911 1826 ἐκεῖνος
930 1795 981 1830 τῆς

191 1831 261 1866 πρὸς
277 1832 326 1867 τὴν
339 1835 456 1867 γυναῖκα
473 1837 601 1871 στοργῆς,
615 1839 831 1873 καταφρονήσας
850 1839 878 1866 δὲ
892 1840 980 1876 ὅρκων

192 1879 239 1904 καὶ
255 1879 416 1914 συνθηκῶν,
441 1880 487 1908 τὸν
503 1881 550 1908 τοῦ
577 1882 645 1909 Θεοῦ
663 1892 693 1910 τε
715 1884 797 1918 φόϐον
821 1885 868 1920 ἀφ’
882 1886 980 1913 ἑαυτοῦ

192 1924 398 1958 ποιησάμενος,
436 1924 459 1952 ὣ
491 1926 573 1961 μέχρι
607 1927 691 1954 πόσου
724 1930 841 1964 προήκει
872 1931 977 1958 κακίαι

191 1968 306 2004 ἀφαιρεῖ
327 1970 376 2004 μὲν
396 1970 482 2005 αὐτῆς
501 1972 534 1998 τὰ
558 1971 672 2007 ίμάτια,
699 1975 929 2009 προσαφαιρεῖται
952 1974 980 2001 δὲ

191 2015 239 2042 καὶ
254 2017 302 2041 τὶν
316 2016 428 2050 χρυσὸν,
441 2017 525 2052 ῥάκος
540 2025 570 2044 τε
585 2018 670 2053 αὐτὴν
692 2015 736 2045 οἵα
756 2019 854 2054 δούλην
876 2019 981 2054 ἀτίμως

191 2060 358 2093 περιϐαλὼν,
379 2061 456 2096 Ἐμοὶ
475 2081 483 2094 ,
497 2060 584 2094 εἶπεν,
609 2060 631 2090 ὦ
647 2063 738 2097 γύναι,
760 2065 807 2091 καὶ
832 2063 915 2091 τέκνα
928 2065 982 2092 εισι

191 2107 239 2134 καὶ
268 2108 338 2143 γυνή
356 2108 416 2135 ’διὸ
445 2104 494 2135 καῖ
516 2110 612 2145 δούλην
640 2111 812 2146 αἰχμάλωτόν
842 2121 871 2139 σε
897 2112 982 2148 αὐτὴν

191 2154 280 2187 κάλει,
298 2156 343 2181 καὶ
360 2155 428 2190 πρὸς
441 2155 490 2190 τὴν
504 2156 574 2192 ἐμὴν
602 2158 737 2192 γυναῖκα,
753 2159 843 2186 πᾶσαν
863 2159 908 2186 ἔσο
931 2167 982 2194 φυ-

195 2200 333 2227 λάττοσσα
362 2200 414 2242 τὴν
440 2201 591 2239 ὑποταγὴν,
623 2204 662 2236 ὠς
689 2205 787 2240 κυρίαν
821 2205 906 2240 αὐτὴν
933 2205 981 2232 καὶ

1032 1608 1059 1634 in
1078 1608 1229 1644 regionem,
1254 1616 1288 1636 ex
1314 1617 1367 1644 qua
1385 1613 1463 1636 ortus
1486 1614 1546 1636 erat
1571 1608 1699 1641 Gottltus,
1717 1609 1817 1645 etiam

1031 1656 1123 1680 ess-nt
1137 1660 1220 1688 prope
1237 1653 1296 1689 ejus
1311 1653 1434 1687 domum,
1450 1654 1553 1682 oblitus
1576 1654 1687 1690 quidem
1710 1655 1751 1681 vir
1767 1655 1818 1682 isto

1030 1699 1197 1727 inhumanus
1228 1700 1330 1728 amoris
1356 1700 1383 1728 in
1411 1708 1541 1733 uxorem,
1568 1705 1727 1735 contempto
1753 1707 1818 1728 vero

1027 1744 1208 1781 jurejurando
1219 1749 1246 1773 et
1261 1746 1348 1781 pactis
1363 1746 1517 1779 conventis,
1530 1750 1558 1774 et
1568 1745 1615 1774 Dei
1631 1751 1705 1773 metu
1722 1745 1818 1781 procul

1031 1796 1046 1818 ο
1070 1797 1098 1818 se
1121 1790 1280 1824 amandato,
1308 1791 1353 1825 (0,
1377 1798 1520 1827 quousque
1539 1791 1663 1828 procedit
1687 1791 1818 1826 vitium!)

1030 1836 1056 1864 ei
1071 1835 1180 1872 quidem
1197 1836 1286 1865 aufert
1303 1841 1409 1871 vestes,
1425 1845 1524 1865 aurum
1540 1845 1649 1873 quoque
1661 1837 1687 1865 ei
1700 1837 1790 1865 aufert
1808 1846 1815 1865 :

1031 1890 1119 1919 eaque
1134 1889 1263 1920 tanquam
1275 1891 1354 1912 serra
1366 1884 1463 1920 pannis
1479 1884 1596 1920 turpiter
1612 1884 1705 1912 induta
1719 1892 1728 1912 :
1742 1883 1818 1917 Ilihi,

1032 1930 1132 1965 inquit.
1147 1938 1163 1959 ο
1180 1931 1289 1964 mulier,
1305 1937 1369 1960 sunt
1385 1931 1464 1960 liberi
1486 1936 1514 1959 et
1534 1939 1611 1959 uxor.
1635 1930 1819 1964 Quamobrem

1031 1983 1098 2002 voca
1118 1980 1144 2003 te
1162 1977 1288 2005 ancillam
1307 1977 1381 2005 bello
1406 1981 1525 2013 captam.
1549 1981 1578 2005 et
1602 1981 1630 2004 te
1647 1983 1714 2003 mea:
1741 1976 1820 2003 ux0ri

1032 2020 1162 2049 omnibus
1178 2022 1267 2050 modis
1283 2023 1425 2055 submitte,
1441 2028 1469 2051 et
1491 2024 1517 2051 ei
1542 2031 1646 2052 morem
1664 2029 1738 2058 gere,
1759 2029 1819 2048 eam

1033 2068 1162 2100 tanquam
1176 2066 1315 2096 dominam
1329 2069 1468 2097 honorant;
1481 2074 1508 2097 et
1521 2069 1678 2097 nominans.
1693 2068 1720 2095 Si
1735 2066 1818 2099 enim,

1032 2112 1171 2147 quomodo
1188 2121 1216 2142 se
1232 2113 1354 2142 habeant
1369 2123 1412 2143 res
1428 2120 1540 2147 nostrae,
1556 2114 1754 2144 enuntiavcris,
1774 2118 1820 2140 aut

1032 2159 1116 2186 etiam
1133 2168 1200 2189 mea:
1216 2161 1310 2190 uxoris
1326 2161 1460 2189 voluntati
1477 2169 1533 2189 non
1550 2161 1684 2197 parueris,
1702 2162 1755 2188 erit
1771 2160 1819 2188 tibi

1033 2213 1107 2233 mors
1123 2207 1300 2242 supplicium.

190 2249 302 2284 τιμῶσα
317 2250 362 2276 καὶ
374 2249 560 2285 ὀνομάζουσα.
573 2252 603 2279 Εἰ
618 2253 672 2288 γὰρ
686 2252 790 2289 ἔκφορα
805 2253 841 2280 τὰ
857 2254 981 2289 ἡμέτερα
1000 2253 1105 2289 θήσεις,
1121 2254 1136 2290 ἢ
1153 2257 1198 2283 καὶ
1214 2255 1252 2292 τῷ
1266 2257 1317 2293 τῆς
1332 2257 1402 2292 ἐμῆς
1435 2256 1555 2292 συζύγου
1587 2255 1719 2292 θελήματι
1742 2257 1820 2283 ἀπει-

190 2297 296 2333 θήσεις,
317 2297 433 2325 θάνατον
450 2299 522 2332 ἔξεις
535 2299 585 2335 τὴν
601 2300 749 2336 τιμωρίαν.

226 2345 275 2374 ΙΘ’.
288 2344 325 2382 ’Τί
338 2346 404 2381 πρὸς
419 2346 506 2373 ταῦτα
518 2347 616 2375 παθεῖν
631 2348 722 2375 οἴεσθε
734 2350 853 2382 γυναῖκα
866 2357 977 2384 γυμνω-

1067 2347 1139 2376 XIX.
1151 2348 1294 2383 Quomodo
1304 2348 1347 2376 his
1355 2348 1482 2377 aﬂ‘cctam
1496 2347 1612 2376 censetis
1627 2346 1711 2375 fuisse
1722 2349 1820 2375 mulie-

189 2393 280 2419 θεῖσαν
297 2393 346 2426 μὲν
367 2392 480 2428 μητρὸς,
499 2394 694 2428 γυμνωθεῖσαν
717 2394 746 2421 δὲ
764 2395 907 2431 πατρίδος.
933 2394 980 2430 φί-

189 2436 244 2462 λων
268 2437 377 2464 πάντων
407 2439 454 2464 καὶ
480 2439 633 2474 συγγενῶν,
651 2441 699 2467 καὶ
726 2441 794 2477 πρὸς
823 2441 910 2476 μόνην
931 2441 980 2476 τὴν

154 2499 157 2502 .
190 2482 296 2509 ἐκείνου
306 2483 396 2518 ψυχὴν
410 2484 575 2520 βλέπουσαν,
589 2485 713 2514 τοιοῦτόν
731 2496 761 2515 τε
775 2487 805 2514 τὺ
823 2487 910 2524 πέρας
925 2487 980 2515 τῶν

192 2527 306 2561 μακρῶν
328 2529 441 2557 ἐκείνων
462 2530 577 2559 ἐλπίδων
604 2532 730 2566 ἰδοῦσαν;
757 2533 880 2566 Πάντως,
896 2534 920 2560 εί
941 2534 980 2569 μὴ

190 2572 262 2605 λίθος
287 2571 332 2609 ἦν,
353 2575 378 2601 εί
400 2575 438 2611 μὴ
464 2576 586 2614 σίδηρος,
606 2577 623 2614 ἢ
647 2579 712 2607 ἀλλο
736 2588 764 2606 τι
779 2579 833 2607 τῶν
855 2579 980 2616 ἀψύχων,

189 2620 342 2654 πληγεῖσαν
362 2621 400 2656 τῷ
413 2621 566 2657 ἀνελπίστῳ
581 2624 629 2659 τῆς
647 2625 744 2661 ἀκοῆς,
766 2626 846 2658 εὐθὺς
862 2627 912 2662 τὴν
923 2626 978 2662 ψυ-

189 2666 240 2700 χὴν
266 2667 386 2700 ἀφεῖναι,
414 2667 473 2694 ἀλλ’
489 2667 514 2694 oi
539 2668 588 2703 τῆς
606 2671 710 2706 μητρὶς
728 2670 862 2707 ἐγγυηταὶ
876 2673 979 2708 ταύτην

189 2709 302 2743 ἔσωζον,
320 2711 367 2743 οὓς
388 2711 499 2748 εἴληφεν
530 2714 623 2750 ἐκείνη
647 2716 724 2751 παρὰ
743 2716 790 2744 τοῦ
811 2717 909 2744 Γότθου
932 2718 979 2746 ἐπὶ

191 2756 267 2792 κακῷ
291 2757 340 2792 μὲν
363 2758 414 2793 τῆς
432 2761 534 2795 μιαρᾶς
552 2761 635 2788 αὑτοῦ
651 2763 782 2798 κεφαλῆς,
802 2764 930 2799 δείγματι
950 2765 978 2792 ἰὲ

189 2805 238 2838 τῆς
263 2805 395 2840 μεγίστης
414 2806 504 2833 αὐτῶν
530 2808 652 2844 χάριτος.
680 2810 760 2844 Μέγα
777 2811 868 2838 τοίνυν
885 2812 978 2839 στενά-

190 2849 259 2882 ξασα
275 2851 315 2876 ια’
336 2850 427 2885 βύθιον
441 2853 495 2879 ἀπὸ
517 2854 567 2889 τῆς
582 2855 683 2890 ψυχῆς·
701 2856 756 2888 Σοὶ,
781 2857 880 2894 Κύριε,
904 2857 977 2891 εἷπε,

190 2895 238 2920 καὶ
252 2895 291 2930 τῷ
307 2895 344 2931 σῷ
355 2897 450 2933 ἀφάτῳ
467 2898 535 2926 ἐλέει
547 2900 594 2927 ἐπὶ
611 2901 678 2928 πᾶσι
690 2901 796 2935 τούτοις
810 2903 975 2939 εὐχαριστῶ.

205 2937 221 2946 νο

192 2940 255 2967 Εἶτα
275 2943 320 2969 καὶ.
342 2943 406 2978 πρὸ,
424 2944 468 2973 τὸν
482 2945 580 2974 Γόιθον
596 2948 807 2985 Ξπιστρσιφιῖσα,
829 2948 897 2986 Εὗγέ
923 2959 974 2984 σοι,

1029 2403 1098 2429 rem,
1109 2404 1170 2432 qua:
1184 2401 1270 2426 matre
1281 2398 1391 2433 quidem
1403 2402 1462 2426 erat
1476 2399 1582 2434 privata
1590 2419 1598 2432 ,
1613 2398 1717 2434 privata
1728 2403 1819 2425 autem

1029 2442 1117 2477 patria
1127 2444 1311 2480 omnibusque
1321 2445 1418 2473 amicis
1427 2449 1455 2473 et
1466 2445 1601 2481 cognatis,
1610 2449 1638 2472 et
1648 2444 1681 2472 ad
1694 2444 1767 2471 illius
1776 2451 1820 2471 so-

1028 2491 1082 2519 lam
1090 2491 1242 2526 aspiciebat
1250 2492 1381 2525 animam,
1389 2497 1484 2527 etquaa
1494 2492 1579 2528 longae
1589 2491 1662 2519 illius
1671 2490 1729 2525 spei
1739 2489 1783 2517 tal:
1793 2497 1818 2516 ιιι

1029 2537 1137 2565 viderat
1143 2537 1268 2565 exitum?
1277 2538 1396 2566 Omnino
1403 2538 1425 2566 si
1435 2546 1490 2566 non
1500 2542 1572 2565 esset
1581 2536 1661 2572 lapis,
1670 2536 1755 2563 sinon
1765 2535 1820 2563 fer«

1029 2583 1267 2619 rum,autaliquid
1275 2584 1349 2612 aliud
1357 2583 1519 2616 inanimum,
1529 2582 1628 2617 lisquae
1637 2585 1818 2616 praeterspem

1032 2629 1202 2660 acciderant,
1213 2630 1316 2657 auditis
1327 2630 1462 2664 perculsa,
1474 2628 1601 2663 protinus
1612 2626 1750 2654 emisisset
1760 2626 1820 2653 ani-

1032 2684 1114 2710 mam;
1122 2676 1170 2703 sed
1179 2676 1445 2704 eamconservabant
1453 2673 1548 2701 matris
1558 2672 1819 2708 ﬂdejussores,quos

1032 2719 1077 2747 illa
1086 2728 1099 2747 a
1107 2719 1208 2747 Gottho
1216 2723 1370 2754 acceperat,
1379 2719 1413 2746 ad
1424 2719 1526 2745 malum
1537 2717 1648 2753 quidem
1658 2716 1819 2745 exsccrandi

1031 2765 1090 2800 ejus
1099 2765 1206 2800 capitis,
1215 2765 1248 2792 ad
1259 2764 1457 2792 ostendendam
1467 2768 1556 2791 autem
1569 2763 1713 2791 maximam
1723 2770 1818 2790 eorum

1031 2811 1155 2846 gratiam.
1165 2811 1248 2839 Valde
1255 2819 1322 2846 ergo
1332 2811 1560 2846 ingemiscens,et
1568 2809 1709 2844 suspirans
1717 2816 1748 2835 ex
1760 2816 1820 2843 pro.

1030 2857 1117 2885 tundo
1125 2857 1216 2885 cordis
1226 2857 1313 2889 :Tibi,
1323 2857 1447 2890 aiebat,0
1458 2856 1614 2889 Domine,et
1624 2854 1755 2883 ineﬁabili
1767 2859 1819 2882 tua:

1031 2904 1227 2932 misericordiae
1238 2909 1350 2939 propter
1360 2904 1417 2932 hazc
1428 2903 1520 2931 omnia
1533 2911 1583 2939 ago
1592 2903 1704 2939 gratias.
1714 2901 1818 2929 Deinde

1031 2950 1112 2979 etiam
1130 2950 1163 2979 ad
1178 2950 1309 2979 Gotthum
1329 2946 1460 2980 demersa
1476 2959 1482 2979 :
1498 2950 1570 2979 Deus
1588 2949 1636 2978 tibi
1654 2947 1699 2981 sit,
1715 2946 1816 2982 inquit,
