2077 3148
316 195 366 230 151

932 201 1074 232 MENSlS
1090 200 1310 232 NOVEMBER.

1883 183 1936 235 15's

313 263 384 292 quod
395 265 456 285 cum
466 265 516 285 nos
527 263 619 292 posses
631 256 726 284 tollere
735 257 769 286 de
781 257 880 290 medio,
891 257 943 285 hoc
953 258 1011 286 solo
1023 257 1096 286 fuistl

1153 258 1231 293 φησὶ,
1246 259 1362 293 γένοιτο,
1380 259 1420 286 ότι
1436 259 1484 287 καὶ
1497 260 1646 295 δυνάμενος
1662 260 1736 295 ἡμᾶς
1760 260 1866 288 ἀνελεῖν
1888 263 1932 297 ἥρ

311 307 466 335 contentus,
475 308 504 330 ut
515 311 557 330 me
566 311 674 330 servam
684 302 789 331 faceres
799 311 847 339 pro
859 303 953 331 libera.
962 303 1098 331 Promissa

310 348 399 382 reipsa
415 348 588 383 praestitisti;
605 348 796 384 jusjurandum
814 357 908 376 revera
921 348 1097 376 conﬁrmasti.

309 392 380 426 Quid
392 402 458 430 ergo
473 399 555 422 restat
571 394 656 426 aliud,
668 395 720 422 nisi
733 399 761 422 ut
772 395 884 422 omnino
900 395 1024 424 invocem
1037 404 1097 432 eos,

309 439 356 475 qui
367 447 399 467 ea
411 448 472 475 quae
487 440 588 467 ﬁebant
603 441 790 475 inspexerunt,
805 449 874 475 quos
886 446 915 468 tu
930 445 995 470 tunc
1009 443 1099 471 addu—

310 485 375 512 xisti
388 489 469 512 testes
485 484 520 512 iis
530 492 590 519 qua:
601 489 653 511 ate
664 484 843 511 dicebantur?
856 484 901 512 Eis
911 485 996 519 enim,
1006 491 1034 514 et
1043 494 1098 515 non

312 529 371 562 alii,
382 529 496 563 conﬁsa,
504 537 564 557 mea
573 533 669 564 sponte
679 529 807 557 constitui
817 530 934 566 disjungi
944 539 958 558 ιι
968 537 1080 566 parente
1090 552 1097 564 ,

312 583 373 603 eam
385 583 445 610 qua:
457 583 507 603 nos
522 575 632 608 tulerat,
645 575 813 610 relinquere,
826 580 854 602 et
867 580 891 603 te
905 577 992 604 solum
1007 578 1097 612 sequi.

311 621 375 648 Πίος
386 629 447 649 cum
457 621 580 653 dixisset,
590 621 688 648 anima:
696 621 790 648 oculos
798 621 831 648 ad
843 621 942 648 caelum
954 622 1052 649 tollens
1062 622 1099 649 si-

311 667 368 694 mul
378 674 439 695 cum
451 667 695 694 sensilibus:Deus
706 671 812 701 patrum
825 675 1029 700 meorum,cum
1041 668 1099 703 eju-

310 712 367 740 iatu
380 712 488 740 dicebat
498 716 526 739 et
536 712 674 747 laerymis.
686 712 759 739 adsis
770 713 836 739 mihi
849 712 954 741 misera:
966 722 973 742 :
986 718 1014 741 et
1024 714 1096 746 vide,

310 758 376 794 quid
387 758 438 785 iste
449 757 561 794 quidem
571 761 598 784 te
607 761 677 785 teste
685 763 712 784 et
723 758 777 784 luis
788 758 890 785 sanctis
898 763 925 786 et
933 759 1094 787 confessori-

1152 304 1253 340 κέσθης
1266 305 1354 340 τούτῳ
1367 305 1451 340 μόνῳ,
1466 305 1504 340 τῷ
1516 306 1613 341 δούλην
1631 307 1688 333 ἀντ’
1699 306 1845 342 ἑλευοόρας
1857 309 1937 344 ποιή-

1153 349 1262 383 σασθαι.
1279 351 1337 382 Τὰς
1355 351 1522 385 ἐπαγγελίας
1538 352 1584 378 ὲπὶ
1598 351 1653 378 τῶν
1668 351 1758 386 ἔργων
1774 352 1934 387 ἐξήνεγκας·

1151 395 1214 427 τοὺς
1231 395 1328 430 δρκους
1343 395 1489 423 ἐπιστώσω
1502 398 1558 428 τοῖς
1571 397 1727 432 πράγμασι.
1747 397 1780 424 Τί
1800 398 1870 432 δῆτα
1881 399 1935 425 λοι-

1152 441 1201 468 πον
1223 441 1295 476 ἐμοὶ,
1315 441 1331 476 ἢ
1350 442 1472 474 ἐκείνους
1487 443 1597 475 πάντως
1612 444 1727 478 ξφόρους
1740 445 1797 474 τοῖς
1815 453 1933 479 πραττο-

1153 486 1245 521 μένοις
1264 487 1414 521 ἐπικαλεῖν,
1443 487 1490 520 οὓς
1514 489 1576 515 τότε
1609 489 1752 524 μάρτυρας
1772 489 1854 520 αὐτὸς
1879 490 1934 521 τοῖς

1151 532 1226 568 παρὰ
1252 534 1299 560 σοῦ
1317 533 1474 569 λεγομένοις
1498 535 1592 570 ἑπῄεις
1605 535 1721 567 ςΑὒτοτς
1737 536 1800 571 γὰρ,
1820 536 1868 563 καὶ
1885 536 1933 563 οὐκ

1150 580 1233 615 ἄλλῳ,
1259 580 1432 616 Θαρρήσασα,
1458 581 1509 616 τῆς
1537 580 1669 616 τεκούσης
1698 581 1861 618 διαζυγῆναι
1886 582 1934 618 τὴν

1150 625 1337 660 ἐνεγκαμένην
1358 626 1513 658 ἀπολιπεῖν,
1527 627 1576 654 καὶ
1591 628 1633 654 σοὶ
1654 627 1727 662 μόνῳ
1745 627 1857 664 εἱλόμην
1873 630 1934 656 ἀκοο

1150 669 1266 698 λουθεῖν.
1289 669 1383 697 Ταῦτα
1400 670 1514 698 εἰποῦσα
1528 671 1590 703 τοὺς
1604 671 1654 706 τῆς
1674 672 1763 708 ψυχῆς
1777 673 1934 707 ὀφθαλμοὺς

1150 713 1208 749 ἅμα
1232 715 1289 747 τοῖς
1313 715 1453 750 αἰσθητοῖς
1478 715 1546 750 πρὸς
1567 716 1683 751 οὐρανὸν
1699 717 1801 753 ἄρασα,
1819 719 1849 745 ’0
1868 719 1934 751 Θεὸς

1149 759 1204 786 τῶν
1215 760 1344 796 πατέρων
1361 769 1425 796 μου,
1445 761 1494 788 σὺν
1507 763 1644 796 οἰμωγαῖς
1660 763 1707 789 καὶ
1727 763 1862 799 δάκρυσιν
1875 764 1934 791 ἔλσ-

309 804 364 832 bus
375 808 417 832 est
431 804 583 839 pollicitus,
598 804 665 838 quid
681 808 770 831 autem
785 812 859 831 nunc
875 804 963 840 reipsa
981 805 1056 837 facit.
1071 809 1096 833 et

1150 813 1192 840 γε,
1210 806 1368 842 παράστηθί
1383 815 1430 842 μοι
1451 808 1484 842 τῇ
1510 807 1605 842 ἀθλίῳ.
1626 808 1673 834 καὶ
1690 808 1728 835 ῐδσ
1751 809 1777 835 τί
1791 809 1842 844 μιν
1855 807 1934 842 οὖτος

310 858 361 879 nos
373 851 459 879 libera
472 850 507 878 ab
522 850 556 877 iis
567 849 657 882 malis,
670 858 719 885 pro
733 850 813 877 nobis
825 850 1023 879 intercessores
1038 855 1096 880 tuos

1151 851 1202 878 ὑπὸ
1218 852 1259 878 σοὶ
1277 852 1399 887 μάρτυρι
1418 852 1466 880 καὶ
1481 854 1536 884 τοῖς
1554 854 1610 885 σοῖς
1625 853 1714 888 ἁγίοις
1733 855 1780 881 καὶ
1797 855 1934 891 ὁμολογη-

310 901 420 926 sanctos
443 896 582 932 accipiens
607 905 614 924 :
637 896 767 932 quoniam
792 896 837 924 his
858 901 920 932 post
937 902 963 925 te
986 897 1096 930 conﬁsa,

1151 898 1214 928 ταῖς
1237 897 1439 932 ἐπηγγείλατο,
1453 899 1480 924 τί
1499 898 1528 926 δὲ
1553 899 1600 926 νῦν
1613 900 1659 926 ἐπὶ
1674 900 1728 927 τῶν
1745 900 1834 935 ἔργων
1851 902 1933 928 ποιεῖν

311 943 457 978 praesentia
471 943 527 970 haec
542 942 612 970 mala
628 941 843 970 sustineo.'Cum
858 943 897 970 sic
911 943 1000 978 puella
1014 943 1096 971 tacite

1151 944 1198 970 καὶ
1213 943 1268 970 τῶν
1281 943 1376 970 δεινῶν
1389 944 1492 971 τούτων
1505 945 1580 980 ἡμᾶς
1593 945 1696 977 ἐξελοῦ,
1715 946 1846 981 πρέσϐεις
1863 947 1934 982 ὑπὲρ

312 986 398 1015 Deum
422 992 555 1023 rogasset,
571 987 598 1014 in
620 987 713 1015 Gotthi
741 992 832 1014 autem
848 987 921 1017 tedes
937 992 1031 1016 essent
1057 988 1096 1016 in-

1149 989 1230 1024 ἡμῶν
1253 990 1317 1021 τοὺς
1344 990 1487 1026 μάρτυράς
1512 999 1559 1017 σου
1587 991 1742 1026 δεχόμενος,
1770 992 1811 1018 δτι
1828 991 1936 1022 τούτοις

313 1035 410 1070 gressi,
435 1034 583 1070 aspe‘isset
607 1041 672 1062 vero
697 1033 756 1069 ejus
780 1034 879 1069 conjux
907 1035 1037 1070 puellam,
1069 1039 1096 1063 et

1149 1035 1311 1071 Θαρῤἡσασα
1327 1037 1396 1071 μετὰ
1411 1037 1440 1063 σὲ
1456 1036 1490 1063 τὰ
1508 1037 1629 1072 παρόντα
1642 1037 1937 1072 ὑφίσταμαι.Τοιαῦτα.

313 1078 550 1108 animadvertisset
581 1079 642 1115 ejus
674 1080 930 1115 pulchritudinem,
963 1080 1096 1116 zelotypia

1148 1080 1197 1116 τῆς
1219 1081 1304 1116 κόρης
1332 1083 1420 1118 ἡσυχῆ
1443 1082 1492 1109 τοῦ
1507 1082 1576 1109 Θεοῦ
1595 1083 1749 1118 δεηθείσης,
1769 1083 1865 1118 ιπιιδὴ
1887 1083 1937 1110 τδν

313 1129 343 1153 et
367 1125 524 1161 suspicione
552 1124 581 1152 in
608 1125 700 1153 animo
725 1126 818 1154 statim
847 1125 978 1161 repletur.
1009 1125 1096 1161 Rogat

1147 1127 1195 1154 τοῦ
1219 1127 1318 1155 Γότθου
1339 1126 1415 1156 οἷκον
1434 1128 1573 1164 εἰσῄεσαν,
1601 1129 1617 1163 ή
1635 1129 1682 1156 τοῦ
1699 1128 1795 1164 ἀνδρὸς
1815 1128 1937 1162 σύζυγος

310 1171 402 1207 itaque
418 1173 558 1205 maritum,
574 1179 699 1207 quamam
716 1171 774 1207 ipsa
789 1175 872 1204 esset,
886 1177 914 1200 et
930 1171 1003 1199 unde
1019 1175 1092 1199 esset

1147 1174 1195 1209 τὴν
1208 1174 1294 1209 κόρην
1310 1175 1477 1210 θεασαμένη,
1491 1176 1538 1202 καὶ
1553 1175 1584 1201 τὺ
1600 1175 1698 1206 κάλλος
1717 1172 1773 1201 οἷον
1797 1176 1826 1202 ὲν
1847 1176 1935 1209 ταύτῃ

310 1223 382 1251 Orta,
393 1223 420 1246 et
435 1225 521 1253 quare
532 1225 592 1245 eam
606 1224 700 1245 secum
714 1224 789 1244 nunc
804 1216 928 1244 duceret.
941 1216 987 1244 Ille
1001 1221 1092 1244 autem

308 1257 371 1291 eam
388 1271 450 1291 esse
467 1263 614 1298 captivam,
635 1262 670 1290 ab
693 1262 793 1290 Edessa
813 1263 968 1294 abductam,
984 1262 1093 1289 ductam

309 1315 376 1336 vero
396 1315 470 1341 esse,
495 1313 526 1336 ut
548 1307 575 1335 ei
596 1307 728 1340 serviret,
753 1307 904 1342 respondit.
932 1306 978 1334 Illa
1000 1311 1092 1335 autem

309 1354 425 1381 formam
443 1353 529 1388 magis
548 1352 706 1386 attendens,
728 1360 810 1388 quam
823 1353 883 1388 ejus
896 1352 978 1380 verba
993 1362 999 1378 :
1016 1351 1092 1387 Ejus,

310 1399 414 1434 inquit,
428 1399 520 1426 vultus
536 1405 709 1433 nequaquam
725 1406 785 1426 eam
800 1398 887 1434 arguit
901 1405 962 1426 esse
975 1404 1093 1425 servam.

311 1444 430 1472 Gotthus
445 1447 536 1471 autem
551 1452 558 1471 :
572 1444 606 1471 At
622 1450 649 1472 tu
665 1452 696 1472 ea
713 1449 790 1472 utere
806 1449 934 1479 tanquam
949 1443 1058 1471 ancilla.

1147 1219 1350 1254 κατανοήσασα,
1373 1219 1456 1254 ζήλου
1481 1219 1529 1245 καὶ
1555 1219 1682 1250 ὑπονοίας
1707 1219 1863 1253 πίμπλαται
1882 1218 1936 1254 τὴν

1143 1263 1246 1298 ψυχήν.
1261 1263 1344 1290 Ὅθεν
1370 1264 1419 1290 καὶ
1449 1263 1615 1290 ιπυνθάνετο
1638 1263 1686 1290 τοῦ
1715 1263 1812 1299 ἀνδρὸς
1836 1263 1878 1294 τίς
1903 1272 1934 1291 τι

1145 1301 1216 1342 αὕτη
1228 1308 1273 1342 εἴη
1285 1309 1332 1334 καὶ
1348 1308 1408 1335 ὅθεν
1420 1309 1549 1344 ὁρμᾶται,
1570 1308 1617 1335 καὶ
1631 1308 1675 1343 ἐφ’
1692 1309 1747 1343 δτῳ
1764 1309 1824 1342 μεθ’
1834 1309 1934 1336 ἑαυτοῦ

1147 1352 1252 1389 ταύτην
1270 1353 1382 1387 ἀγάγει.
1399 1353 1430 1381 '0
1451 1353 1480 1381 δὶ
1497 1354 1671 1389 αἰχμάλωτόν
1690 1362 1718 1380 τε
1733 1351 1803 1380 εἶναι
1818 1355 1866 1381 καὶ
1878 1354 1935 1390 ,τῆς

1153 1398 1281 1434 Ἐδέσσης
1299 1398 1436 1434 ἀχθεῖσαν,
1459 1400 1574 1436 ἀχθῆναι
1599 1400 1628 1427 δὲ
1653 1399 1696 1434 ἐφ’
1710 1397 1732 1434 ᾧ
1761 1399 1933 1427 δουλεύσιιιν

1149 1445 1229 1480 αὐτῇ,
1245 1443 1425 1481 ἀπεκρίνατο.
1446 1445 1481 1472 Ἦ
1500 1446 1540 1479 δὲ,
1556 1447 1588 1481 τῇ
1606 1446 1696 1480 μορφῇ
1713 1444 1813 1480 μᾶλλον
1840 1444 1856 1479 ἢ
1873 1445 1931 1476 τοῖς

311 1490 395 1519 αὐτοῦ
412 1492 502 1526 λόγοις
523 1493 706 1528 προσέχουσα,
729 1492 759 1520 '0
777 1492 826 1529 τῆς
840 1492 941 1528 ὅψεως,
966 1492 1045 1528 φησὶ,
1062 1493 1204 1530 χαρακτὴρ
1234 1494 1264 1521 οὔ
1297 1493 1419 1521 δουλείαν
1439 1494 1588 1530 κατηγορεῖ
1609 1493 1657 1528 τῆς
1671 1492 1810 1528 γυναικός.
1844 1491 1900 1519 Καὶ
1916 1491 1932 1517 6

311 1540 421 1572 Γότθος,
438 1538 473 1566 Σὺ
486 1540 514 1567 δὲ
531 1540 598 1567 ἀλλὰ
615 1541 715 1576 χρῆσαι
728 1540 796 1576 αὐτῇ
813 1541 863 1568 ὅσα
877 1541 922 1567 καὶ
939 1539 1059 1568 οἱκέτιδι.

346 1585 404 1614 XX.
418 1585 524 1614 Exhinc
538 1586 630 1622 itaque
647 1585 736 1622 puella
748 1590 821 1613 metu
834 1585 930 1621 agebat
943 1585 1095 1619 silentium,
1111 1587 1135 1618 ο

309 1637 337 1660 et
354 1640 414 1668 qua:
428 1632 644 1668 imperabantur,
662 1630 781 1659 faciebat
797 1631 935 1659 ocissime.
949 1631 1095 1659 Nesciebat

309 1679 393 1711 enim,
411 1678 542 1713 quidnam
566 1681 659 1712 posset
675 1676 778 1710 facere,
795 1678 867 1712 quod
881 1684 942 1704 eam
964 1676 1095 1704 liberaret

308 1733 324 1752 a
349 1723 428 1752 malis
452 1723 645 1759 praesentibus.
671 1722 779 1750 Sanctis
803 1727 894 1750 autem
918 1721 1028 1750 assidue
1051 1722 1096 1750 di-

309 1770 388 1797 cebat
403 1769 430 1796 in
448 1768 532 1797 curde
549 1776 600 1802 suo
616 1777 623 1796 :
640 1767 778 1796 Festinate
792 1768 827 1796 ad
843 1768 974 1796 auxilium
990 1768 1096 1796 ancillae

310 1820 420 1847 vestras,
443 1822 460 1842 ο
477 1813 576 1846 sancti.
600 1814 739 1848 festinate,
763 1821 853 1850 neque
876 1814 1001 1842 fraudem
1027 1813 1094 1842 mihi

313 1862 413 1889 factam
426 1859 569 1896 despicite.
580 1859 681 1888 Puella:
693 1867 759 1888 vero
772 1859 883 1887 domina
894 1867 949 1889 non
962 1860 1094 1895 legitima,

311 1907 340 1934 in
355 1914 414 1934 eam
435 1911 510 1934 mota
532 1905 677 1941 zelotypia,
700 1905 790 1941 puella
814 1906 935 1942 graviter
956 1906 1094 1939 utebatur,

311 1954 376 1981 etei
392 1953 517 1988 graviora
531 1960 614 1987 opera
631 1952 794 1988 imperabat,
811 1952 925 1988 perinde
937 1960 969 1982 ac
986 1953 1008 1981 si
1023 1953 1094 1981 illius

309 1999 428 2032 labores,
445 1998 555 2026 invidias
574 2005 627 2033 qua
648 1997 788 2031 utebatur,
809 1998 866 2033 ipsa
884 2000 1025 2035 proprium
1043 1999 1092 2027 ha-

309 2044 388 2073 beret
410 2043 548 2072 solatium.
572 2043 651 2077 Quod
674 2048 765 2071 autem
780 2049 838 2072 erat
862 2045 984 2073 omnium
1006 2047 1092 2074 maxi-

309 2099 394 2124 nmm,
411 2098 445 2118 ne
460 2098 520 2118 eam
537 2089 649 2125 quidem
675 2089 783 2116 volebat
808 2091 921 2126 alloqui.
945 2091 1093 2127 Postquam

308 2142 400 2165 autem
416 2137 583 2172 procedente
607 2141 731 2172 tempore
753 2137 871 2173 puellam
898 2138 1011 2165 rescivit
1032 2145 1094 2166 esse

309 2183 460 2218 gravidam,
473 2182 614 2218 zelotypite
624 2181 734 2210 ﬂamma
749 2184 835 2218 magis
848 2191 975 2216 accensa,
990 2184 1095 2219 gravis-

309 2230 410 2257 simum
432 2236 501 2264 opus
523 2231 558 2257 ab
581 2236 614 2256 ea
634 2229 772 2265 exigebat.
795 2228 852 2257 Cur
876 2229 949 2257 hoc?
975 2229 1094 2258 Studens

310 2275 406 2303 videre
420 2263 536 2303 mortem
554 2277 663 2311 puellae,
681 2263 759 2304 ictus
781 2275 851 2303 facta
867 2276 1022 2304 abortione.
1038 2276 1092 2303 Sed
1113 2263 1133 2291 θ

313 2320 421 2347 invict-8
438 2325 515 2348 erant
534 2321 637 2349 Chriin
653 2321 738 2354 vires,
753 2326 781 2348 et
796 2328 891 2349 eorum
915 2321 962 2356 qui
982 2324 1095 2356 propter

311 2366 453 2394 Christum
469 2367 540 2402 passi
559 2371 624 2394 sunt
640 2377 647 2394 :
663 2375 712 2402 per
727 2375 794 2403 quas
810 2368 899 2403 puella
915 2373 942 2395 et
957 2367 1096 2402 superavit

311 2412 463 2444 molestias,
479 2417 509 2440 et
525 2413 626 2440 mansit
643 2413 755 2441 minime
779 2414 840 2441 lassa
867 2422 883 2442 a
908 2413 997 2440 malis.
1016 2413 1094 2440 Post-

309 2466 392 2494 quam
415 2462 507 2486 autem
527 2457 645 2486 accessit
670 2463 777 2494 tempus
797 2463 900 2494 partus,
920 2459 992 2494 parit
1010 2458 1094 2486 ﬁlium

309 2504 474 2537 masculum,
494 2505 544 2540 qui
570 2504 658 2539 patris
679 2504 793 2538 elligiem
814 2505 841 2532 in
865 2505 956 2540 seipso
980 2512 1094 2532 conser-

309 2551 401 2583 vabat,
421 2555 449 2578 et
468 2555 528 2579 erat
542 2550 645 2579 Gottho
667 2550 742 2577 omni
766 2558 799 2577 ex
819 2556 896 2586 parte
914 2550 1022 2578 similis.
1038 2549 1095 2578 Hoc

310 2603 373 2624 cum
396 2595 550 2631 aspexisset
565 2595 660 2623 Gotthi
677 2595 788 2630 conjux.
808 2600 836 2623 et
857 2596 1094 2624 animadvertisset

310 2648 392 2675 quam
411 2646 485 2669 esset
508 2647 638 2676 expressa
662 2640 825 2674 similitudo,
848 2641 916 2669 nihil
939 2642 1014 2669 aliud
1031 2649 1093 2669 ver-

310 2686 389 2714 sabat
411 2687 440 2714 in
463 2686 567 2718 animo,
594 2693 675 2722 quam
695 2687 832 2721 quomodo
857 2695 974 2722 puerum
995 2688 1092 2716 interi-

309 2736 416 2764 meret;
432 2732 531 2759 marito
546 2737 636 2759 autem
652 2732 760 2760 dicebat
777 2741 782 2759 :
798 2732 855 2768 Ego
871 2732 919 2760 tibi
935 2741 988 2761 non
1004 2733 1094 2761 credi-

309 2779 409 2812 derim,
429 2777 502 2813 quod
523 2785 585 2805 eum
608 2778 697 2813 puella
719 2785 774 2806 non
791 2777 920 2806 eoiveris.
937 2777 1004 2805 Nam
1019 2777 1093 2813 quod

309 2831 342 2852 ex
358 2831 391 2852 ea
411 2829 506 2853 natum
524 2829 575 2857 est,
594 2829 700 2858 patrem
720 2829 814 2860 aperte
828 2824 988 2854 eanﬂtetur.
1006 2823 1094 2852 forma

309 2871 423 2906 perinde
443 2874 533 2904 utens,
549 2878 581 2898 ac
601 2870 704 2905 lingua.
719 2869 766 2898 Ille
779 2877 845 2898 vero
865 2870 1018 2898 atllrmabat
1032 2877 1092 2898 eam

309 2924 364 2944 non
379 2923 476 2946 verum
494 2916 604 2952 dicere;
617 2916 733 2953 iubebat
748 2921 841 2945 autem
856 2923 889 2945 ea
903 2916 942 2944 uti
964 2920 1092 2952 tanquam

1184 1583 1226 1611 K'.
1247 1581 1386 1609 Ἐντεῦθεν
1401 1582 1417 1618 ή
1434 1582 1503 1618 κόρη
1529 1582 1635 1618 σιωπήν
1648 1591 1677 1610 τε
1694 1582 1772 1618 ἧσκει
1794 1582 1834 1617 τῷ
1854 1581 1930 1617 φόϐῳ

1146 1629 1194 1656 καὶ
1213 1629 1284 1656 κατὰ
1301 1629 1383 1663 τάχος
1401 1629 1487 1656 ὲποίιι
1515 1628 1550 1655 τὰ
1566 1629 1790 1664 προσταττόμενα
1802 1637 1808 1644 ·
1824 1629 1854 1656 οὺ
1874 1629 1928 1663 γὰρ

1146 1673 1218 1710 εἶχεν
1233 1675 1247 1702 ὅ
1260 1683 1286 1702 τι
1301 1675 1348 1702 καὶ
1360 1673 1481 1710 δράσειε,
1501 1675 1556 1702 τῶν
1570 1675 1713 1710 παρόντων
1733 1675 1818 1710 αὐτὴν
1835 1675 1930 1702 κακῶν

1147 1720 1296 1756 δυνάμενον
1307 1719 1471 1753 ἀπαλλάξαι.
1489 1720 1560 1756 Πρδς
1575 1720 1604 1746 δὲ
1623 1721 1686 1752 τοὺς
1701 1721 1795 1754 ἁγίους
1812 1720 1930 1748 διαπαν-

1146 1766 1191 1797 τδς
1204 1767 1233 1792 ὲν
1246 1767 1280 1802 τῇ
1300 1765 1398 1801 καρδίᾳ
1413 1765 1498 1801 αὐτῆς
1512 1765 1588 1801 ἔλεγε
1607 1774 1614 1781 ·
1631 1766 1773 1793 Σπεύσατε
1787 1766 1856 1801 πρὸς
1880 1767 1930 1801 τὴν

1147 1812 1276 1848 βοήθειαν
1291 1812 1340 1848 τῆς
1350 1811 1447 1847 δούλης
1464 1811 1552 1848 ὑμῶν,
1574 1811 1660 1846 ἅγιοι.
1680 1812 1836 1839 σπεύσατι·
1862 1812 1930 1848 μηδι

1144 1858 1192 1885 τὸν
1216 1858 1277 1885 κατ’
1290 1857 1357 1894 ἐμοῦ
1375 1857 1503 1894 παρίδητε
1515 1857 1601 1886 δόλον.
1619 1857 1653 1885 Ἦ
1675 1857 1704 1884 δὲ
1718 1858 1766 1893 τῆς
1786 1858 1872 1893 κόρης
1893 1857 1930 1893 μὴ

1145 1903 1217 1931 κατὰ
1234 1904 1334 1937 νόμους
1360 1904 1441 1939 κυρία
1459 1903 1616 1938 ζηλοτύπως
1633 1903 1732 1939 ἔχουσα
1758 1904 1827 1939 πρὸς
1845 1904 1930 1939 αὐτὴν

1147 1951 1253 1987 βαρέως
1266 1959 1295 1977 τι
1307 1951 1341 1986 τῇ
1355 1950 1422 1986 κόρῃ
1439 1950 1548 1986 ἐχρῆτο,
1565 1951 1611 1978 καὶ
1629 1951 1782 1986 βαρυτέρας
1796 1951 1863 1986 αὐτῇ
1881 1952 1930 1984 τᾶς

1144 1996 1277 2031 ἐργασίας
1301 1996 1459 2027 ἐπέταττεν,
1488 1995 1582 2030 ὥσπερ
1607 1997 1671 2028 τοὺς
1695 1997 1803 2032 ἐκείνης
1831 1997 1929 2028 πόνους

1144 2040 1190 2066 τοῦ
1205 2040 1308 2076 ταύτην
1324 2041 1495 2072 διακαίοντος
1510 2041 1609 2076 φθόνου
1625 2042 1690 2068 ι’διον
1709 2043 1777 2078 αὐτῇ
1798 2043 1928 2078 παραμύ-

1145 2086 1202 2114 θιον
1219 2087 1329 2122 ἔχουσα.
1350 2087 1387 2114 Τὸ
1406 2087 1434 2114 δέ
1451 2096 1482 2122 γε
1499 2088 1594 2122 μεῖζον
1606 2088 1693 2116 δεινὸν
1706 2089 1747 2115 ὃτι
1761 2089 1830 2124 μηδὲ
1849 2089 1928 2122 λόγου

1145 2136 1214 2171 αὐτῇ
1233 2136 1373 2163 κοινωνεῖν
1395 2136 1483 2171 ἠξίου.
1507 2136 1584 2163 Ἐπεὶ
1602 2137 1630 2164 δὲ
1655 2137 1701 2164 καὶ
1715 2138 1876 2172 ὶγκυμονεῐν
1891 2136 1930 2171 τῷ

1146 2182 1234 2217 χρόνῳ
1258 2182 1307 2217 τὴν
1334 2183 1419 2218 κόρην
1442 2182 1587 2217 ἐμάνθανε,
1612 2183 1662 2218 τὴν
1687 2183 1736 2218 τῆς
1763 2183 1930 2218 ζηλοτυπίας

1147 2228 1234 2264 φλόγα
1258 2228 1387 2254 ἐπιπλέον
1416 2228 1575 2255 ὲκκαύσασα
1604 2228 1758 2264 βαρυτάτην
1785 2228 1816 2260 ιξ
1842 2227 1929 2262 αὐτῆς

1145 2277 1244 2312 ἀπῄτει
1259 2276 1308 2311 τὴν
1322 2275 1464 2310 ἐργασίαν.
1481 2275 1514 2302 Τί
1530 2275 1623 2308 τοῦτος
1644 2276 1830 2308 σπουδάζουσα
1848 2276 1929 2303 θάνα-

1147 2329 1192 2348 τον
1215 2321 1263 2356 τῆς
1290 2321 1375 2356 κόρης
1394 2320 1458 2347 ίδείν
1476 2319 1662 2356 ὲκτρωοέντος
1689 2320 1758 2354 αὒτῇ
1790 2320 1828 2355 μὴ
1858 2320 1929 2347 κατὰ

1148 2367 1243 2402 καιρὸν
1259 2367 1305 2394 τοῦ
1321 2367 1452 2402 ὲμόρὺου,
1473 2367 1543 2393 Ἀλλ’
1557 2367 1573 2402 ἡ
1587 2365 1634 2393 τοῦ
1657 2366 1787 2402 Χριστοῦ,
1803 2367 1850 2392 καὶ
1876 2367 1928 2393 τῶν

1146 2411 1190 2439 διὰ
1215 2411 1334 2447 Χριστὸν
1361 2411 1501 2438 παθόντων
1526 2411 1603 2446 ἰσχὺς
1635 2411 1741 2446 ἄμαχος
1765 2408 1810 2446 ἦν,
1837 2411 1872 2438 δι’
1894 2409 1928 2447 ἧς

1147 2459 1276 2493 κρείττων
1291 2467 1318 2485 τε
1331 2459 1348 2493 η
1366 2458 1433 2493 κόρη
1447 2458 1500 2484 τῶν
1522 2458 1666 2491 ἀλγεινῶν,
1688 2459 1736 2485 καὶ
1753 2458 1861 2494 ἀπαθὴς
1877 2467 1926 2485 κα-

1147 2505 1201 2531 κῶν
1224 2504 1330 2539 ἔμενεν.
1351 2503 1428 2530 Ἐπεὶ
1449 2503 1478 2530 δὲ
1499 2503 1514 2529 ὁ
1541 2503 1594 2530 τῶν
1609 2503 1711 2530 ὠδίνων
1736 2504 1805 2539 αὐτῇ
1825 2504 1926 2539 ἐπέστη

1146 2549 1250 2585 καιρὸς,
1261 2548 1347 2575 τίκτει
1364 2548 1469 2574 παιδίον
1483 2548 1578 2584 ἄρρεν,
1596 2549 1642 2574 τὸν
1658 2549 1822 2584 χαρακτῆρα
1836 2558 1864 2575 τε
1879 2550 1926 2575 τοὺ

1146 2595 1249 2630 πατρὸς
1264 2594 1307 2629 ἐφ’
1322 2592 1419 2620 ἑαυτοῦ
1433 2592 1564 2625 διασῶζον
1576 2593 1673 2628 καὶτῷ
1687 2593 1781 2629 Γότθῳ
1791 2593 1826 2620 τὰ
1840 2593 1927 2620 πάντα

1145 2640 1314 2676 προσεοικός.
1341 2639 1426 2665 Τοῦτο
1451 2639 1467 2673 ἡ
1490 2639 1536 2665 τοῦ
1561 2639 1580 2665 Γ
1582 2639 1659 2667 ότοου
1685 2639 1803 2674 σύζυγος
1828 2639 1927 2666 θεασα-

1146 2687 1233 2721 μένη,
1259 2686 1306 2712 καὶ
1323 2683 1407 2719 αὐτὴν
1437 2684 1587 2718 ὲννοήσασα
1615 2685 1666 2719 τῆς
1695 2686 1855 2720 ὁμοιότητος
1877 2686 1927 2721 τὴν

1146 2731 1302 2766 ἀκρίϐειαν,
1315 2729 1392 2756 οὐδὲν
1406 2726 1439 2761 ἦν
1456 2729 1548 2763 ἕτερον
1564 2729 1719 2764 στρέφουσα
1734 2731 1804 2758 κατὰ
1818 2731 1879 2758 νοῦν
1906 2731 1925 2768 ἢ

1145 2776 1218 2811 ὅπως
1233 2776 1264 2803 τὸ
1278 2775 1385 2802 παιδίον
1398 2775 1490 2810 ἀνέλῃ.
1507 2775 1578 2810 Πρὸς
1599 2776 1627 2802 δὲ
1641 2776 1685 2802 τὺν
1698 2777 1794 2812 ἄνδρα,
1818 2777 1876 2804 Οὐκ
1892 2777 1926 2805 ἂν

1146 2823 1200 2858 ἐγώ
1223 2831 1265 2849 σοι
1288 2822 1476 2857 πιστεύσαιμι,
1495 2822 1558 2856 ἔφη,
1574 2824 1607 2857 τῇ
1625 2823 1693 2858 κόρῃ
1709 2832 1746 2859 μη
1775 2825 1925 2852 συνελθεῖν

1145 2869 1176 2897 τὺ
1199 2869 1252 2905 γὰρ
1276 2867 1305 2901 ἐξ
1329 2868 1412 2903 αὐτῆς
1424 2867 1520 2902 τεχθὲν
1535 2868 1628 2902 σαφῶς
1639 2868 1793 2904 διομολογεῐ
1807 2870 1854 2898 τὸν
1872 2880 1927 2897 πα-

1145 2916 1222 2952 τέρα,
1239 2915 1364 2951 καθάπερ
1382 2914 1500 2950 γλώττῃ,
1516 2916 1550 2949 τῇ
1568 2916 1658 2951 μορφῇ
1676 2915 1826 2952 χρώμενῦν.
1849 2916 1878 2943 '0
1897 2916 1928 2943 δὲ

2073 1629 2076 1762 l

2072 2168 2073 2236 ί
