  <div class='ocr_page' id='page_1' title='image "/cluster/home/n/w/nwhite01/storage/ocr_20150623/116/njp.32101077772984/140.png"; bbox 0 0 2077 3148; ppageno 0'>
   <div class='ocr_carea' id='block_1_1' title="bbox 190 183 240 219">
    <p class='ocr_par' dir='ltr' id='par_1_1' title="bbox 190 183 240 219">
     <span class='ocr_line' id='line_1_1' title="bbox 190 183 240 219; baseline 0.04 -2"><span class='ocrx_word' id='word_1_1' title='bbox 190 183 240 219; x_wconf 81' lang='grc'><strong>153</strong></span> 
     </span>
    </p>
   </div>
   <div class='ocr_carea' id='block_1_2' title="bbox 627 183 1354 216">
    <p class='ocr_par' dir='ltr' id='par_1_2' title="bbox 627 183 1354 216">
     <span class='ocr_line' id='line_1_2' title="bbox 627 183 1354 216; baseline -0.003 0"><span class='ocrx_word' id='word_1_2' title='bbox 627 183 861 216; x_wconf 79' lang='lat' dir='ltr'><strong>MARTYRIUM</strong></span> <span class='ocrx_word' id='word_1_3' title='bbox 879 185 908 214; x_wconf 92' lang='lat' dir='ltr'><strong>S.</strong></span> <span class='ocrx_word' id='word_1_4' title='bbox 930 183 1064 215; x_wconf 70' lang='grc' dir='ltr'><strong>ΘΗΒῐῶ</strong></span> <span class='ocrx_word' id='word_1_5' title='bbox 1082 184 1130 214; x_wconf 89' lang='grc' dir='ltr'>ΕΤ</span> <span class='ocrx_word' id='word_1_6' title='bbox 1148 183 1354 214; x_wconf 84' lang='lat' dir='ltr'><strong>SOCIORUM.</strong></span> 
     </span>
    </p>
   </div>
   <div class='ocr_carea' id='block_1_3' title="bbox 1756 181 1807 214">
    <p class='ocr_par' dir='ltr' id='par_1_3' title="bbox 1756 181 1807 214">
     <span class='ocr_line' id='line_1_3' title="bbox 1756 181 1807 214; baseline 0 0"><span class='ocrx_word' id='word_1_7' title='bbox 1756 181 1807 214; x_wconf 69' lang='grc'><strong>154</strong></span> 
     </span>
    </p>
   </div>
   <div class='ocr_carea' id='block_1_4' title="bbox 190 235 979 276">
    <p class='ocr_par' dir='ltr' id='par_1_4' title="bbox 190 238 966 275">
     <span class='ocr_line' id='line_1_4' title="bbox 190 238 966 275; baseline -0.001 -9"><span class='ocrx_word' id='word_1_8' title='bbox 190 241 228 275; x_wconf 79' lang='grc' dir='ltr'>μὴ</span> <span class='ocrx_word' id='word_1_9' title='bbox 240 238 326 275; x_wconf 82' lang='grc' dir='ltr'>ἀληθῆ</span> <span class='ocrx_word' id='word_1_10' title='bbox 339 238 428 272; x_wconf 78' lang='grc' dir='ltr'>λέγειν</span> <span class='ocrx_word' id='word_1_11' title='bbox 440 238 528 275; x_wconf 78' lang='grc' dir='ltr'>αὐτὴν</span> <span class='ocrx_word' id='word_1_12' title='bbox 547 239 714 275; x_wconf 75' lang='grc' dir='ltr'>ἰσχυρίζετο·</span> <span class='ocrx_word' id='word_1_13' title='bbox 735 238 921 274; x_wconf 77' lang='grc' dir='ltr'><strong>προετρέπετο</strong></span> <span class='ocrx_word' id='word_1_14' title='bbox 937 238 966 265; x_wconf 82' lang='grc' dir='ltr'>δὲ</span> 
     </span>
    </p>
   </div>
   <div class='ocr_carea' id='block_1_5' title="bbox 1029 235 1806 276">
    <p class='ocr_par' dir='ltr' id='par_1_5' title="bbox 1029 235 1806 276">
     <span class='ocr_line' id='line_1_5' title="bbox 1029 235 1806 276; baseline 0.004 -10"><span class='ocrx_word' id='word_1_15' title='bbox 1029 235 1127 272; x_wconf 86' lang='lat' dir='ltr'><strong>meilla,</strong></span> <span class='ocrx_word' id='word_1_16' title='bbox 1150 239 1248 267; x_wconf 80' lang='lat' dir='ltr'><strong>dicens</strong></span> <span class='ocrx_word' id='word_1_17' title='bbox 1271 247 1278 266; x_wconf 90' lang='lat'><strong>:</strong></span> <span class='ocrx_word' id='word_1_18' title='bbox 1301 238 1359 266; x_wconf 82' lang='lat' dir='ltr'><strong>Hoc</strong></span> <span class='ocrx_word' id='word_1_19' title='bbox 1384 238 1466 266; x_wconf 79' lang='lat' dir='ltr'><strong>fidem</strong></span> <span class='ocrx_word' id='word_1_20' title='bbox 1489 238 1580 272; x_wconf 83' lang='lat' dir='ltr'><strong>faciat,</strong></span> <span class='ocrx_word' id='word_1_21' title='bbox 1598 246 1642 268; x_wconf 86' lang='lat' dir='ltr'><strong>me</strong></span> <span class='ocrx_word' id='word_1_22' title='bbox 1664 247 1806 276; x_wconf 80' lang='lat' dir='ltr'><strong>nunquam</strong></span> 
     </span>
    </p>
   </div>
   <div class='ocr_carea' id='block_1_6' title="bbox 187 285 970 320">
    <p class='ocr_par' dir='ltr' id='par_1_6' title="bbox 187 285 970 320">
     <span class='ocr_line' id='line_1_6' title="bbox 187 285 970 320; baseline -0.001 -8"><span class='ocrx_word' id='word_1_23' title='bbox 187 286 225 318; x_wconf 82' lang='grc' dir='ltr'>ὡς</span> <span class='ocrx_word' id='word_1_24' title='bbox 250 285 330 320; x_wconf 82' lang='grc' dir='ltr'><strong>δούλῃ</strong></span> <span class='ocrx_word' id='word_1_25' title='bbox 346 285 510 320; x_wconf 74' lang='grc' dir='ltr'>κεχρῆσθαι,</span> <span class='ocrx_word' id='word_1_26' title='bbox 525 285 611 312; x_wconf 84' lang='grc' dir='ltr'>Τοῦτό</span> <span class='ocrx_word' id='word_1_27' title='bbox 626 293 656 312; x_wconf 82' lang='grc' dir='ltr'><strong>σε</strong></span> <span class='ocrx_word' id='word_1_28' title='bbox 674 285 853 316; x_wconf 82' lang='grc' dir='ltr'>πιστώσεται,</span> <span class='ocrx_word' id='word_1_29' title='bbox 872 285 970 319; x_wconf 83' lang='grc' dir='ltr'>λέγων,</span> 
     </span>
    </p>
   </div>
   <div class='ocr_carea' id='block_1_7' title="bbox 190 330 972 367">
    <p class='ocr_par' dir='ltr' id='par_1_7' title="bbox 190 330 972 367">
     <span class='ocr_line' id='line_1_7' title="bbox 190 330 972 367; baseline 0 -9"><span class='ocrx_word' id='word_1_30' title='bbox 190 332 326 367; x_wconf 78' lang='grc' dir='ltr'>μηδέποτε</span> <span class='ocrx_word' id='word_1_31' title='bbox 350 331 436 367; x_wconf 82' lang='grc' dir='ltr'>ταύτῃ</span> <span class='ocrx_word' id='word_1_32' title='bbox 465 331 605 358; x_wconf 78' lang='grc' dir='ltr'><strong>συνελθεῖν</strong></span> <span class='ocrx_word' id='word_1_33' title='bbox 625 331 686 366; x_wconf 80' lang='grc' dir='ltr'><strong>ὲμέ.</strong></span> <span class='ocrx_word' id='word_1_34' title='bbox 713 331 781 358; x_wconf 74' lang='grc' dir='ltr'>Οὐδὲ</span> <span class='ocrx_word' id='word_1_35' title='bbox 802 331 857 365; x_wconf 86' lang='grc' dir='ltr'>γὰρ</span> <span class='ocrx_word' id='word_1_36' title='bbox 880 330 913 358; x_wconf 73' lang='grc' dir='ltr'>ἄν</span> <span class='ocrx_word' id='word_1_37' title='bbox 930 339 972 358; x_wconf 87' lang='grc' dir='ltr'><strong>σοι</strong></span> 
     </span>
    </p>
   </div>
   <div class='ocr_carea' id='block_1_8' title="bbox 189 376 972 413">
    <p class='ocr_par' dir='ltr' id='par_1_8' title="bbox 189 376 972 413">
     <span class='ocr_line' id='line_1_8' title="bbox 189 376 972 413; baseline -0.003 -7"><span class='ocrx_word' id='word_1_38' title='bbox 189 378 298 409; x_wconf 76' lang='grc' dir='ltr'>πάντως</span> <span class='ocrx_word' id='word_1_39' title='bbox 322 377 362 409; x_wconf 79' lang='grc' dir='ltr'>είς</span> <span class='ocrx_word' id='word_1_40' title='bbox 388 377 514 411; x_wconf 75' lang='grc' dir='ltr'>ἐξουσίαν</span> <span class='ocrx_word' id='word_1_41' title='bbox 533 376 621 409; x_wconf 78' lang='grc' dir='ltr'>οὕτως</span> <span class='ocrx_word' id='word_1_42' title='bbox 649 378 771 405; x_wconf 75' lang='grc' dir='ltr'>ἐδέδοτο·</span> <span class='ocrx_word' id='word_1_43' title='bbox 789 377 904 413; x_wconf 82' lang='grc' dir='ltr'>κιρνῶσι</span> <span class='ocrx_word' id='word_1_44' title='bbox 918 378 972 412; x_wconf 75' lang='grc' dir='ltr'>γὰρ</span> 
     </span>
    </p>
   </div>
   <div class='ocr_carea' id='block_1_9' title="bbox 188 423 656 458">
    <p class='ocr_par' dir='ltr' id='par_1_9' title="bbox 188 423 656 458">
     <span class='ocr_line' id='line_1_9' title="bbox 188 423 656 458; baseline 0.002 -8"><span class='ocrx_word' id='word_1_45' title='bbox 188 423 290 458; x_wconf 78' lang='grc' dir='ltr'>φιλίας,</span> <span class='ocrx_word' id='word_1_46' title='bbox 306 423 336 450; x_wconf 83' lang='grc' dir='ltr'>οὐ</span> <span class='ocrx_word' id='word_1_47' title='bbox 351 423 489 450; x_wconf 63' lang='grc' dir='ltr'>διιστῶσιν</span> <span class='ocrx_word' id='word_1_48' title='bbox 504 423 528 450; x_wconf 91' lang='grc' dir='ltr'><strong>οί</strong></span> <span class='ocrx_word' id='word_1_49' title='bbox 544 423 656 458; x_wconf 74' lang='grc' dir='ltr'>ἔρωτες.</span> 
     </span>
    </p>
   </div>
   <div class='ocr_carea' id='block_1_10' title="bbox 223 469 973 505">
    <p class='ocr_par' dir='ltr' id='par_1_10' title="bbox 223 469 973 505">
     <span class='ocr_line' id='line_1_10' title="bbox 223 469 973 505; baseline 0 -9"><span class='ocrx_word' id='word_1_50' title='bbox 223 469 289 496; x_wconf 81' lang='lat' dir='ltr'><strong>KA&#39;.</strong></span> <span class='ocrx_word' id='word_1_51' title='bbox 310 470 377 496; x_wconf 85' lang='grc' dir='ltr'>Τότε</span> <span class='ocrx_word' id='word_1_52' title='bbox 393 469 484 496; x_wconf 79' lang='grc' dir='ltr'><strong>τοίνυν</strong></span> <span class='ocrx_word' id='word_1_53' title='bbox 497 471 510 496; x_wconf 86' lang='grc' dir='ltr'><strong>ό</strong></span> <span class='ocrx_word' id='word_1_54' title='bbox 528 470 560 496; x_wconf 77' lang='grc' dir='ltr'>ἐκ</span> <span class='ocrx_word' id='word_1_55' title='bbox 579 469 678 497; x_wconf 82' lang='grc' dir='ltr'>πολλοῦ</span> <span class='ocrx_word' id='word_1_56' title='bbox 694 469 733 504; x_wconf 86' lang='grc' dir='ltr'>τῷ</span> <span class='ocrx_word' id='word_1_57' title='bbox 745 469 910 505; x_wconf 72' lang='grc' dir='ltr'><strong>ἀνθρωπείῳ</strong></span> <span class='ocrx_word' id='word_1_58' title='bbox 926 470 973 504; x_wconf 74' lang='grc' dir='ltr'><strong>γι-</strong></span> 
     </span>
    </p>
   </div>
   <div class='ocr_carea' id='block_1_11' title="bbox 187 515 973 552">
    <p class='ocr_par' dir='ltr' id='par_1_11' title="bbox 187 515 973 552">
     <span class='ocr_line' id='line_1_11' title="bbox 187 515 973 552; baseline 0 -9"><span class='ocrx_word' id='word_1_59' title='bbox 187 525 228 543; x_wconf 88' lang='grc' dir='ltr'><strong>νει</strong></span> <span class='ocrx_word' id='word_1_60' title='bbox 245 516 384 551; x_wconf 79' lang='grc' dir='ltr'>πολέμιος,</span> <span class='ocrx_word' id='word_1_61' title='bbox 399 518 450 552; x_wconf 78' lang='grc' dir='ltr'><strong>τήν</strong></span> <span class='ocrx_word' id='word_1_62' title='bbox 465 516 512 543; x_wconf 82' lang='grc' dir='ltr'><strong>τοῦ</strong></span> <span class='ocrx_word' id='word_1_63' title='bbox 527 517 623 544; x_wconf 86' lang='grc' dir='ltr'>Γότθου</span> <span class='ocrx_word' id='word_1_64' title='bbox 640 516 756 550; x_wconf 78' lang='grc' dir='ltr'><strong>σύζυγον</strong></span> <span class='ocrx_word' id='word_1_65' title='bbox 777 515 911 547; x_wconf 80' lang='grc' dir='ltr'>ὑπελθὼν.</span> <span class='ocrx_word' id='word_1_66' title='bbox 931 516 973 549; x_wconf 75' lang='grc' dir='ltr'><strong>ἑξ-</strong></span> 
     </span>
    </p>
   </div>
   <div class='ocr_carea' id='block_1_12' title="bbox 189 561 973 596">
    <p class='ocr_par' dir='ltr' id='par_1_12' title="bbox 189 561 973 596">
     <span class='ocr_line' id='line_1_12' title="bbox 189 561 973 596; baseline 0.001 -9"><span class='ocrx_word' id='word_1_67' title='bbox 189 561 273 596; x_wconf 81' lang='grc' dir='ltr'>έμηνε</span> <span class='ocrx_word' id='word_1_68' title='bbox 287 562 358 588; x_wconf 86' lang='grc' dir='ltr'><strong>κατά</strong></span> <span class='ocrx_word' id='word_1_69' title='bbox 374 562 420 588; x_wconf 85' lang='grc' dir='ltr'><strong>τοῦ</strong></span> <span class='ocrx_word' id='word_1_70' title='bbox 435 562 540 594; x_wconf 69' lang='grc' dir='ltr'>παιδὸς,</span> <span class='ocrx_word' id='word_1_71' title='bbox 557 562 603 588; x_wconf 72' lang='grc' dir='ltr'>καὶ</span> <span class='ocrx_word' id='word_1_72' title='bbox 615 562 659 588; x_wconf 78' lang='grc' dir='ltr'><strong>διὰ</strong></span> <span class='ocrx_word' id='word_1_73' title='bbox 678 561 757 589; x_wconf 79' lang='grc' dir='ltr'>τοῦτο</span> <span class='ocrx_word' id='word_1_74' title='bbox 772 562 855 589; x_wconf 81' lang='grc' dir='ltr'>πόνον</span> <span class='ocrx_word' id='word_1_75' title='bbox 866 570 895 588; x_wconf 87' lang='grc' dir='ltr'><strong>τε</strong></span> <span class='ocrx_word' id='word_1_76' title='bbox 909 570 973 589; x_wconf 86' lang='grc' dir='ltr'>συν-</span> 
     </span>
    </p>
   </div>
   <div class='ocr_carea' id='block_1_13' title="bbox 188 607 972 644">
    <p class='ocr_par' dir='ltr' id='par_1_13' title="bbox 188 607 972 644">
     <span class='ocr_line' id='line_1_13' title="bbox 188 607 972 644; baseline 0.003 -11"><span class='ocrx_word' id='word_1_77' title='bbox 188 607 338 642; x_wconf 72' lang='grc' dir='ltr'>ελάμϐανε,</span> <span class='ocrx_word' id='word_1_78' title='bbox 350 608 398 634; x_wconf 76' lang='grc' dir='ltr'>καὶ</span> <span class='ocrx_word' id='word_1_79' title='bbox 417 608 533 642; x_wconf 80' lang='grc' dir='ltr'>ἀνομίαν</span> <span class='ocrx_word' id='word_1_80' title='bbox 547 608 690 641; x_wconf 81' lang='grc' dir='ltr'>άπέτικτε,</span> <span class='ocrx_word' id='word_1_81' title='bbox 705 608 752 635; x_wconf 76' lang='grc' dir='ltr'><strong>καί</strong></span> <span class='ocrx_word' id='word_1_82' title='bbox 768 617 794 635; x_wconf 89' lang='grc' dir='ltr'><strong>τι</strong></span> <span class='ocrx_word' id='word_1_83' title='bbox 808 608 972 644; x_wconf 76' lang='grc' dir='ltr'><strong>δηλητήριον</strong></span> 
     </span>
    </p>
   </div>
   <div class='ocr_carea' id='block_1_14' title="bbox 188 652 974 689">
    <p class='ocr_par' dir='ltr' id='par_1_14' title="bbox 188 652 974 689">
     <span class='ocr_line' id='line_1_14' title="bbox 188 652 974 689; baseline 0.003 -11"><span class='ocrx_word' id='word_1_84' title='bbox 188 653 241 678; x_wconf 79' lang='grc' dir='ltr'><strong>ὑπὸ</strong></span> <span class='ocrx_word' id='word_1_85' title='bbox 252 652 352 679; x_wconf 81' lang='grc' dir='ltr'>κόλπον</span> <span class='ocrx_word' id='word_1_86' title='bbox 364 653 450 687; x_wconf 75' lang='grc' dir='ltr'>αὐτῆς</span> <span class='ocrx_word' id='word_1_87' title='bbox 466 654 599 689; x_wconf 63' lang='grc' dir='ltr'>ἐνθεμένη</span> <span class='ocrx_word' id='word_1_88' title='bbox 616 654 664 689; x_wconf 81' lang='grc' dir='ltr'>τὴν</span> <span class='ocrx_word' id='word_1_89' title='bbox 681 654 730 688; x_wconf 82' lang='grc' dir='ltr'>μὲν</span> <span class='ocrx_word' id='word_1_90' title='bbox 744 653 790 681; x_wconf 86' lang='grc' dir='ltr'><strong>τοῦ</strong></span> <span class='ocrx_word' id='word_1_91' title='bbox 807 653 902 685; x_wconf 72' lang='grc' dir='ltr'>παιδὸς</span> <span class='ocrx_word' id='word_1_92' title='bbox 921 662 974 689; x_wconf 80' lang='grc' dir='ltr'>μη·</span> 
     </span>
    </p>
   </div>
   <div class='ocr_carea' id='block_1_15' title="bbox 187 698 972 734">
    <p class='ocr_par' dir='ltr' id='par_1_15' title="bbox 187 698 972 734">
     <span class='ocr_line' id='line_1_15' title="bbox 187 698 972 734; baseline 0.004 -11"><span class='ocrx_word' id='word_1_93' title='bbox 187 698 254 733; x_wconf 79' lang='grc' dir='ltr'>τέρα</span> <span class='ocrx_word' id='word_1_94' title='bbox 275 698 346 724; x_wconf 84' lang='grc' dir='ltr'><strong>κατά</strong></span> <span class='ocrx_word' id='word_1_95' title='bbox 362 706 423 724; x_wconf 86' lang='grc' dir='ltr'>τινα</span> <span class='ocrx_word' id='word_1_96' title='bbox 441 698 522 733; x_wconf 81' lang='grc' dir='ltr'>δῆθεν</span> <span class='ocrx_word' id='word_1_97' title='bbox 537 699 634 733; x_wconf 85' lang='grc' dir='ltr'>χρείαν</span> <span class='ocrx_word' id='word_1_98' title='bbox 649 699 698 731; x_wconf 79' lang='grc' dir='ltr'>τῆς</span> <span class='ocrx_word' id='word_1_99' title='bbox 712 699 803 730; x_wconf 85' lang='grc' dir='ltr'>οῑκίας</span> <span class='ocrx_word' id='word_1_100' title='bbox 817 700 972 734; x_wconf 76' lang='grc' dir='ltr'>ἐμπέμπει.</span> 
     </span>
    </p>
   </div>
   <div class='ocr_carea' id='block_1_16' title="bbox 188 744 974 782">
    <p class='ocr_par' dir='ltr' id='par_1_16' title="bbox 188 744 974 782">
     <span class='ocr_line' id='line_1_16' title="bbox 188 744 974 782; baseline 0.003 -12"><span class='ocrx_word' id='word_1_101' title='bbox 188 744 243 770; x_wconf 78' lang='grc' dir='ltr'><strong>Καὶ</strong></span> <span class='ocrx_word' id='word_1_102' title='bbox 260 744 274 778; x_wconf 81' lang='grc' dir='ltr'>ἡ</span> <span class='ocrx_word' id='word_1_103' title='bbox 292 744 343 778; x_wconf 74' lang='grc' dir='ltr'>μὲν</span> <span class='ocrx_word' id='word_1_104' title='bbox 356 744 458 777; x_wconf 75' lang='grc' dir='ltr'>ἔξεισιν</span> <span class='ocrx_word' id='word_1_105' title='bbox 477 745 576 772; x_wconf 84' lang='grc' dir='ltr'>ἀνῦσαι</span> <span class='ocrx_word' id='word_1_106' title='bbox 591 745 621 773; x_wconf 80' lang='grc' dir='ltr'><strong>τὺ</strong></span> <span class='ocrx_word' id='word_1_107' title='bbox 639 746 811 781; x_wconf 77' lang='grc' dir='ltr'>προσταχθέν</span> <span class='ocrx_word' id='word_1_108' title='bbox 823 755 830 762; x_wconf 91' lang='grc'><strong>·</strong></span> <span class='ocrx_word' id='word_1_109' title='bbox 851 748 867 781; x_wconf 83' lang='grc' dir='ltr'>ἡ</span> <span class='ocrx_word' id='word_1_110' title='bbox 892 747 920 774; x_wconf 73' lang='grc' dir='ltr'>δὲ</span> <span class='ocrx_word' id='word_1_111' title='bbox 935 746 974 782; x_wconf 84' lang='grc' dir='ltr'>τῷ</span> 
     </span>
    </p>
   </div>
   <div class='ocr_carea' id='block_1_17' title="bbox 187 789 974 827">
    <p class='ocr_par' dir='ltr' id='par_1_17' title="bbox 187 789 974 827">
     <span class='ocr_line' id='line_1_17' title="bbox 187 789 974 827; baseline 0.005 -12"><span class='ocrx_word' id='word_1_112' title='bbox 187 789 233 816; x_wconf 79' lang='grc' dir='ltr'><strong>τοῦ</strong></span> <span class='ocrx_word' id='word_1_113' title='bbox 257 789 354 822; x_wconf 73' lang='grc' dir='ltr'>παιδὸς</span> <span class='ocrx_word' id='word_1_114' title='bbox 382 790 497 825; x_wconf 87' lang='grc' dir='ltr'>στόματι</span> <span class='ocrx_word' id='word_1_115' title='bbox 524 791 655 826; x_wconf 64' lang='grc' dir='ltr'>ἐμϐάλλει</span> <span class='ocrx_word' id='word_1_116' title='bbox 680 791 712 818; x_wconf 87' lang='grc' dir='ltr'><strong>τὺ</strong></span> <span class='ocrx_word' id='word_1_117' title='bbox 731 791 905 827; x_wconf 70' lang='grc' dir='ltr'><strong>δηλητήριον,</strong></span> <span class='ocrx_word' id='word_1_118' title='bbox 926 793 974 820; x_wconf 70' lang='grc' dir='ltr'>καὶ</span> 
     </span>
    </p>
   </div>
   <div class='ocr_carea' id='block_1_18' title="bbox 185 835 972 873">
    <p class='ocr_par' dir='ltr' id='par_1_18' title="bbox 185 835 972 873">
     <span class='ocr_line' id='line_1_18' title="bbox 185 835 972 873; baseline 0.005 -11"><span class='ocrx_word' id='word_1_119' title='bbox 185 835 225 870; x_wconf 82' lang='grc' dir='ltr'>τῷ</span> <span class='ocrx_word' id='word_1_120' title='bbox 240 835 395 872; x_wconf 59' lang='grc' dir='ltr'>δηλητηρᾱμ</span> <span class='ocrx_word' id='word_1_121' title='bbox 418 835 533 868; x_wconf 75' lang='grc' dir='ltr'>Θάνατος</span> <span class='ocrx_word' id='word_1_122' title='bbox 555 837 636 870; x_wconf 77' lang='grc' dir='ltr'>εὐθὺς</span> <span class='ocrx_word' id='word_1_123' title='bbox 659 837 814 873; x_wconf 77' lang='grc' dir='ltr'>ἠκολούθει.</span> <span class='ocrx_word' id='word_1_124' title='bbox 841 838 972 868; x_wconf 82' lang='grc' dir='ltr'>Ἐπανελ-</span> 
     </span>
    </p>
   </div>
   <div class='ocr_carea' id='block_1_19' title="bbox 187 881 1011 935">
    <p class='ocr_par' dir='ltr' id='par_1_19' title="bbox 187 881 1011 935">
     <span class='ocr_line' id='line_1_19' title="bbox 187 881 1011 935; baseline 0.007 -28"><span class='ocrx_word' id='word_1_125' title='bbox 187 881 272 935; x_wconf 77' lang='grc' dir='ltr'>υρῦσα</span> <span class='ocrx_word' id='word_1_126' title='bbox 285 882 450 935; x_wconf 45' lang='grc' dir='ltr'>τοίνυνΙμεΐ</span> <span class='ocrx_word' id='word_1_127' title='bbox 469 883 560 917; x_wconf 80' lang='grc' dir='ltr'>ὀλίγον</span> <span class='ocrx_word' id='word_1_128' title='bbox 582 885 599 920; x_wconf 86' lang='grc' dir='ltr'><strong>ή</strong></span> <span class='ocrx_word' id='word_1_129' title='bbox 615 885 719 920; x_wconf 80' lang='grc' dir='ltr'>μήτηρ,</span> <span class='ocrx_word' id='word_1_130' title='bbox 733 885 781 913; x_wconf 83' lang='grc' dir='ltr'>καὶ</span> <span class='ocrx_word' id='word_1_131' title='bbox 805 887 903 921; x_wconf 81' lang='grc' dir='ltr'>νεκρὸν</span> <span class='ocrx_word' id='word_1_132' title='bbox 924 886 974 921; x_wconf 75' lang='grc' dir='ltr'>μὶν</span> <span class='ocrx_word' id='word_1_133' title='bbox 988 905 1011 935; x_wconf 74' lang='grc' dir='ltr'><strong>Β</strong></span> 
     </span>
    </p>
   </div>
   <div class='ocr_carea' id='block_1_20' title="bbox 185 927 972 965">
    <p class='ocr_par' dir='ltr' id='par_1_20' title="bbox 185 927 972 965">
     <span class='ocr_line' id='line_1_20' title="bbox 185 927 972 965; baseline 0.008 -12"><span class='ocrx_word' id='word_1_134' title='bbox 185 928 216 954; x_wconf 85' lang='grc' dir='ltr'><strong>τδ</strong></span> <span class='ocrx_word' id='word_1_135' title='bbox 235 927 343 955; x_wconf 79' lang='grc' dir='ltr'>παιδίον</span> <span class='ocrx_word' id='word_1_136' title='bbox 358 928 491 964; x_wconf 76' lang='grc' dir='ltr'>εὑροῦσα,</span> <span class='ocrx_word' id='word_1_137' title='bbox 506 931 722 965; x_wconf 81' lang='grc' dir='ltr'><strong>περικεχυμένον</strong></span> <span class='ocrx_word' id='word_1_138' title='bbox 738 931 767 958; x_wconf 69' lang='grc' dir='ltr'>δὲ</span> <span class='ocrx_word' id='word_1_139' title='bbox 783 932 840 963; x_wconf 83' lang='grc' dir='ltr'>τοτς</span> <span class='ocrx_word' id='word_1_140' title='bbox 852 932 972 965; x_wconf 72' lang='grc' dir='ltr'>χείλεσιν</span> 
     </span>
    </p>
   </div>
   <div class='ocr_carea' id='block_1_21' title="bbox 185 973 972 1012">
    <p class='ocr_par' dir='ltr' id='par_1_21' title="bbox 185 973 972 1012">
     <span class='ocr_line' id='line_1_21' title="bbox 185 973 972 1012; baseline 0.003 -12"><span class='ocrx_word' id='word_1_141' title='bbox 185 973 291 1000; x_wconf 68' lang='grc' dir='ltr'>ἐκείνου</span> <span class='ocrx_word' id='word_1_142' title='bbox 307 973 337 1000; x_wconf 78' lang='grc' dir='ltr'><strong>ἐδ</strong></span> <span class='ocrx_word' id='word_1_143' title='bbox 351 973 528 1009; x_wconf 78' lang='grc' dir='ltr'>δηλητήριον,</span> <span class='ocrx_word' id='word_1_144' title='bbox 547 975 696 1010; x_wconf 80' lang='grc' dir='ltr'>πλήττεται</span> <span class='ocrx_word' id='word_1_145' title='bbox 716 976 766 1010; x_wconf 77' lang='grc' dir='ltr'>μὲν</span> <span class='ocrx_word' id='word_1_146' title='bbox 780 976 830 1010; x_wconf 81' lang='grc' dir='ltr'><strong>τὴν</strong></span> <span class='ocrx_word' id='word_1_147' title='bbox 846 977 972 1012; x_wconf 80' lang='grc' dir='ltr'>καρδίαν,</span> 
     </span>
    </p>
   </div>
   <div class='ocr_carea' id='block_1_22' title="bbox 186 1020 974 1058">
    <p class='ocr_par' dir='ltr' id='par_1_22' title="bbox 186 1020 974 1058">
     <span class='ocr_line' id='line_1_22' title="bbox 186 1020 974 1058; baseline 0.005 -12"><span class='ocrx_word' id='word_1_148' title='bbox 186 1021 233 1046; x_wconf 83' lang='grc' dir='ltr'>καὶ</span> <span class='ocrx_word' id='word_1_149' title='bbox 258 1020 360 1055; x_wconf 82' lang='grc' dir='ltr'><strong>πάσχει</strong></span> <span class='ocrx_word' id='word_1_150' title='bbox 383 1021 434 1056; x_wconf 85' lang='grc' dir='ltr'>τὴν</span> <span class='ocrx_word' id='word_1_151' title='bbox 455 1020 545 1056; x_wconf 80' lang='grc' dir='ltr'>ψυχὴν</span> <span class='ocrx_word' id='word_1_152' title='bbox 571 1021 704 1056; x_wconf 65' lang='grc' dir='ltr'>ἰσχυρῶς·</span> <span class='ocrx_word' id='word_1_153' title='bbox 721 1022 840 1056; x_wconf 78' lang='grc' dir='ltr'>κρύπτει</span> <span class='ocrx_word' id='word_1_154' title='bbox 855 1023 883 1049; x_wconf 82' lang='grc' dir='ltr'>δὲ</span> <span class='ocrx_word' id='word_1_155' title='bbox 898 1024 974 1058; x_wconf 79' lang='grc' dir='ltr'><strong>ὅμως</strong></span> 
     </span>
    </p>
   </div>
   <div class='ocr_carea' id='block_1_23' title="bbox 185 1065 972 1102">
    <p class='ocr_par' dir='ltr' id='par_1_23' title="bbox 185 1065 972 1102">
     <span class='ocr_line' id='line_1_23' title="bbox 185 1065 972 1102; baseline 0.004 -11"><span class='ocrx_word' id='word_1_156' title='bbox 185 1066 216 1091; x_wconf 77' lang='grc' dir='ltr'>τὸ</span> <span class='ocrx_word' id='word_1_157' title='bbox 231 1065 316 1097; x_wconf 81' lang='grc' dir='ltr'>πάθος</span> <span class='ocrx_word' id='word_1_158' title='bbox 335 1066 365 1091; x_wconf 79' lang='grc' dir='ltr'>ὲν</span> <span class='ocrx_word' id='word_1_159' title='bbox 380 1067 542 1101; x_wconf 68' lang='grc' dir='ltr'>ἀπορρήτῳ,</span> <span class='ocrx_word' id='word_1_160' title='bbox 556 1066 588 1093; x_wconf 82' lang='grc' dir='ltr'><strong>τδ</strong></span> <span class='ocrx_word' id='word_1_161' title='bbox 608 1067 657 1101; x_wconf 78' lang='grc' dir='ltr'>μὲν</span> <span class='ocrx_word' id='word_1_162' title='bbox 673 1066 711 1098; x_wconf 83' lang='grc' dir='ltr'><strong>ὡς</strong></span> <span class='ocrx_word' id='word_1_163' title='bbox 729 1068 823 1102; x_wconf 84' lang='grc' dir='ltr'>μήτηρ</span> <span class='ocrx_word' id='word_1_164' title='bbox 836 1068 972 1101; x_wconf 79' lang='grc' dir='ltr'>παθοῦσα,</span> 
     </span>
    </p>
   </div>
   <div class='ocr_carea' id='block_1_24' title="bbox 189 1111 975 1149">
    <p class='ocr_par' dir='ltr' id='par_1_24' title="bbox 189 1111 975 1149">
     <span class='ocr_line' id='line_1_24' title="bbox 189 1111 975 1149; baseline 0.008 -14"><span class='ocrx_word' id='word_1_165' title='bbox 189 1111 217 1136; x_wconf 83' lang='grc' dir='ltr'><strong>ιδ</strong></span> <span class='ocrx_word' id='word_1_166' title='bbox 236 1111 264 1137; x_wconf 74' lang='grc' dir='ltr'>δὲ</span> <span class='ocrx_word' id='word_1_167' title='bbox 289 1112 327 1142; x_wconf 81' lang='grc' dir='ltr'><strong>ὡς</strong></span> <span class='ocrx_word' id='word_1_168' title='bbox 343 1112 474 1147; x_wconf 76' lang='grc' dir='ltr'>νουνεχὴς</span> <span class='ocrx_word' id='word_1_169' title='bbox 500 1112 652 1146; x_wconf 78' lang='grc' dir='ltr'>φυλάξασα,</span> <span class='ocrx_word' id='word_1_170' title='bbox 681 1111 748 1140; x_wconf 81' lang='grc' dir='ltr'>Εἶτα</span> <span class='ocrx_word' id='word_1_171' title='bbox 770 1113 866 1141; x_wconf 81' lang='grc' dir='ltr'>κώδιον</span> <span class='ocrx_word' id='word_1_172' title='bbox 893 1114 975 1149; x_wconf 66' lang='grc' dir='ltr'>ἀρέας</span> 
     </span>
    </p>
   </div>
   <div class='ocr_carea' id='block_1_25' title="bbox 189 1155 975 1195">
    <p class='ocr_par' dir='ltr' id='par_1_25' title="bbox 189 1155 975 1195">
     <span class='ocr_line' id='line_1_25' title="bbox 189 1155 975 1195; baseline 0.006 -13"><span class='ocrx_word' id='word_1_173' title='bbox 189 1155 322 1190; x_wconf 75' lang='grc' dir='ltr'>λαόοῦσα,</span> <span class='ocrx_word' id='word_1_174' title='bbox 337 1157 384 1183; x_wconf 78' lang='grc' dir='ltr'>καὶ</span> <span class='ocrx_word' id='word_1_175' title='bbox 397 1157 428 1184; x_wconf 84' lang='grc' dir='ltr'><strong>τδ</strong></span> <span class='ocrx_word' id='word_1_176' title='bbox 443 1157 532 1193; x_wconf 80' lang='grc' dir='ltr'>στόμα</span> <span class='ocrx_word' id='word_1_177' title='bbox 547 1157 594 1185; x_wconf 84' lang='grc' dir='ltr'><strong>τοῦ</strong></span> <span class='ocrx_word' id='word_1_178' title='bbox 611 1158 730 1193; x_wconf 84' lang='grc' dir='ltr'>βρέφους</span> <span class='ocrx_word' id='word_1_179' title='bbox 744 1160 888 1194; x_wconf 76' lang='grc' dir='ltr'>ικμάξασα</span> <span class='ocrx_word' id='word_1_180' title='bbox 904 1161 975 1195; x_wconf 83' lang='grc' dir='ltr'>παρ’</span> 
     </span>
    </p>
   </div>
   <div class='ocr_carea' id='block_1_26' title="bbox 188 1203 976 1240">
    <p class='ocr_par' dir='ltr' id='par_1_26' title="bbox 188 1203 976 1240">
     <span class='ocr_line' id='line_1_26' title="bbox 188 1203 976 1240; baseline 0.006 -12"><span class='ocrx_word' id='word_1_181' title='bbox 188 1203 272 1237; x_wconf 81' lang='grc' dir='ltr'>ἑαυτῇ</span> <span class='ocrx_word' id='word_1_182' title='bbox 289 1204 399 1237; x_wconf 82' lang='grc' dir='ltr'>κατεῖχε</span> <span class='ocrx_word' id='word_1_183' title='bbox 421 1203 451 1229; x_wconf 82' lang='grc' dir='ltr'><strong>τδ</strong></span> <span class='ocrx_word' id='word_1_184' title='bbox 466 1203 552 1238; x_wconf 66' lang='grc' dir='ltr'>ἔριον,</span> <span class='ocrx_word' id='word_1_185' title='bbox 570 1203 674 1238; x_wconf 86' lang='grc' dir='ltr'>γνῶναι</span> <span class='ocrx_word' id='word_1_186' title='bbox 687 1204 732 1231; x_wconf 81' lang='grc' dir='ltr'>διὰ</span> <span class='ocrx_word' id='word_1_187' title='bbox 748 1205 798 1240; x_wconf 81' lang='grc' dir='ltr'><strong>τῆς</strong></span> <span class='ocrx_word' id='word_1_188' title='bbox 812 1206 913 1240; x_wconf 81' lang='grc' dir='ltr'>πείρας</span> <span class='ocrx_word' id='word_1_189' title='bbox 928 1207 976 1233; x_wconf 86' lang='grc' dir='ltr'>τά-</span> 
     </span>
    </p>
   </div>
   <div class='ocr_carea' id='block_1_27' title="bbox 189 1245 976 1285">
    <p class='ocr_par' dir='ltr' id='par_1_27' title="bbox 189 1245 976 1285">
     <span class='ocr_line' id='line_1_27' title="bbox 189 1245 976 1285; baseline 0.009 -14"><span class='ocrx_word' id='word_1_190' title='bbox 189 1245 269 1280; x_wconf 83' lang='grc' dir='ltr'>ληθὲς</span> <span class='ocrx_word' id='word_1_191' title='bbox 294 1245 456 1282; x_wconf 71' lang='grc' dir='ltr'>βουλομένη.</span> <span class='ocrx_word' id='word_1_192' title='bbox 480 1247 558 1274; x_wconf 77' lang='grc' dir='ltr'>Μετὰ</span> <span class='ocrx_word' id='word_1_193' title='bbox 577 1247 644 1282; x_wconf 84' lang='grc' dir='ltr'>γοῦν</span> <span class='ocrx_word' id='word_1_194' title='bbox 668 1249 776 1285; x_wconf 72' lang='grc' dir='ltr'>ἡμέρας</span> <span class='ocrx_word' id='word_1_195' title='bbox 801 1250 897 1284; x_wconf 80' lang='grc' dir='ltr'>ὀλίγας</span> <span class='ocrx_word' id='word_1_196' title='bbox 920 1251 976 1278; x_wconf 87' lang='grc' dir='ltr'>τῶν</span> 
     </span>
    </p>
   </div>
   <div class='ocr_carea' id='block_1_28' title="bbox 188 1290 975 1327">
    <p class='ocr_par' dir='ltr' id='par_1_28' title="bbox 188 1290 975 1327">
     <span class='ocr_line' id='line_1_28' title="bbox 188 1290 975 1327; baseline 0.01 -11"><span class='ocrx_word' id='word_1_197' title='bbox 188 1290 274 1324; x_wconf 70' lang='grc' dir='ltr'>φίλων</span> <span class='ocrx_word' id='word_1_198' title='bbox 290 1293 338 1319; x_wconf 86' lang='grc' dir='ltr'>καὶ</span> <span class='ocrx_word' id='word_1_199' title='bbox 354 1292 496 1327; x_wconf 75' lang='grc' dir='ltr'>συγγενῶν</span> <span class='ocrx_word' id='word_1_200' title='bbox 510 1301 586 1324; x_wconf 85' lang='grc' dir='ltr'>τινας</span> <span class='ocrx_word' id='word_1_201' title='bbox 609 1293 657 1320; x_wconf 70' lang='grc' dir='ltr'>ἀπὶ</span> <span class='ocrx_word' id='word_1_202' title='bbox 682 1294 792 1322; x_wconf 75' lang='grc' dir='ltr'>δεῖπνον</span> <span class='ocrx_word' id='word_1_203' title='bbox 810 1296 858 1323; x_wconf 78' lang='grc' dir='ltr'><strong>τοῦ</strong></span> <span class='ocrx_word' id='word_1_204' title='bbox 875 1296 895 1322; x_wconf 90' lang='grc' dir='ltr'><strong>Γ</strong></span> <span class='ocrx_word' id='word_1_205' title='bbox 896 1295 975 1323; x_wconf 78' lang='grc' dir='ltr'>ότθου</span> 
     </span>
    </p>
   </div>
   <div class='ocr_carea' id='block_1_29' title="bbox 188 1337 975 1378">
    <p class='ocr_par' dir='ltr' id='par_1_29' title="bbox 188 1337 975 1378">
     <span class='ocr_line' id='line_1_29' title="bbox 188 1337 975 1378; baseline 0.009 -15"><span class='ocrx_word' id='word_1_206' title='bbox 188 1337 406 1371; x_wconf 71' lang='grc' dir='ltr'>παραλαϐόντος,</span> <span class='ocrx_word' id='word_1_207' title='bbox 425 1338 546 1373; x_wconf 76' lang='grc' dir='ltr'>ἁρπάζει</span> <span class='ocrx_word' id='word_1_208' title='bbox 567 1339 613 1366; x_wconf 83' lang='grc' dir='ltr'><strong>τὸν</strong></span> <span class='ocrx_word' id='word_1_209' title='bbox 640 1341 736 1376; x_wconf 78' lang='grc' dir='ltr'>καιρὸν</span> <span class='ocrx_word' id='word_1_210' title='bbox 750 1342 767 1376; x_wconf 82' lang='grc' dir='ltr'><strong>ή</strong></span> <span class='ocrx_word' id='word_1_211' title='bbox 783 1342 852 1377; x_wconf 76' lang='grc' dir='ltr'>κόρη</span> <span class='ocrx_word' id='word_1_212' title='bbox 870 1342 916 1370; x_wconf 84' lang='grc' dir='ltr'>καὶ</span> <span class='ocrx_word' id='word_1_213' title='bbox 941 1344 975 1378; x_wconf 78' lang='grc' dir='ltr'><strong>τῇ</strong></span> 
     </span>
    </p>
   </div>
   <div class='ocr_carea' id='block_1_30' title="bbox 189 1382 975 1426">
    <p class='ocr_par' dir='ltr' id='par_1_30' title="bbox 189 1382 975 1426">
     <span class='ocr_line' id='line_1_30' title="bbox 189 1382 975 1426; baseline 0.009 -16"><span class='ocrx_word' id='word_1_214' title='bbox 189 1382 281 1410; x_wconf 87' lang='grc' dir='ltr'>κύλικι</span> <span class='ocrx_word' id='word_1_215' title='bbox 297 1385 478 1413; x_wconf 68' lang='grc' dir='ltr'>ἑναποπλὺνει</span> <span class='ocrx_word' id='word_1_216' title='bbox 493 1386 523 1412; x_wconf 83' lang='grc' dir='ltr'>τὸ</span> <span class='ocrx_word' id='word_1_217' title='bbox 537 1386 624 1422; x_wconf 80' lang='grc' dir='ltr'>ἔριον,</span> <span class='ocrx_word' id='word_1_218' title='bbox 643 1388 689 1414; x_wconf 81' lang='grc' dir='ltr'><strong>τοῦ</strong></span> <span class='ocrx_word' id='word_1_219' title='bbox 707 1388 808 1415; x_wconf 75' lang='grc' dir='ltr'>Γότθου</span> <span class='ocrx_word' id='word_1_220' title='bbox 828 1389 859 1416; x_wconf 88' lang='grc' dir='ltr'><strong>τδ</strong></span> <span class='ocrx_word' id='word_1_221' title='bbox 879 1391 912 1426; x_wconf 82' lang='grc' dir='ltr'><strong>τῇ</strong></span> <span class='ocrx_word' id='word_1_222' title='bbox 927 1399 975 1425; x_wconf 86' lang='grc' dir='ltr'><strong>γυ-</strong></span> 
     </span>
    </p>
   </div>
   <div class='ocr_carea' id='block_1_31' title="bbox 189 1429 976 1470">
    <p class='ocr_par' dir='ltr' id='par_1_31' title="bbox 189 1429 976 1470">
     <span class='ocr_line' id='line_1_31' title="bbox 189 1429 976 1470; baseline 0.01 -15"><span class='ocrx_word' id='word_1_223' title='bbox 189 1430 264 1456; x_wconf 76' lang='grc' dir='ltr'>ναικὶ</span> <span class='ocrx_word' id='word_1_224' title='bbox 291 1429 447 1464; x_wconf 80' lang='grc' dir='ltr'>ἀναδίδωσι,</span> <span class='ocrx_word' id='word_1_225' title='bbox 477 1431 616 1467; x_wconf 64' lang='grc' dir='ltr'>τάληθὲς.</span> <span class='ocrx_word' id='word_1_226' title='bbox 643 1432 739 1469; x_wconf 80' lang='grc' dir='ltr'>ὥσπερ</span> <span class='ocrx_word' id='word_1_227' title='bbox 768 1434 847 1470; x_wconf 71' lang='grc' dir='ltr'>ἔφην,</span> <span class='ocrx_word' id='word_1_228' title='bbox 879 1436 976 1470; x_wconf 73' lang='grc' dir='ltr'>μαθεῖν</span> 
     </span>
    </p>
   </div>
   <div class='ocr_carea' id='block_1_32' title="bbox 189 1475 976 1517">
    <p class='ocr_par' dir='ltr' id='par_1_32' title="bbox 189 1475 976 1517">
     <span class='ocr_line' id='line_1_32' title="bbox 189 1475 976 1517; baseline 0.009 -16"><span class='ocrx_word' id='word_1_229' title='bbox 189 1475 340 1517; x_wconf 78' lang='grc' dir='ltr'>βουλομένη</span> <span class='ocrx_word' id='word_1_230' title='bbox 355 1477 410 1503; x_wconf 84' lang='grc' dir='ltr'>είτε</span> <span class='ocrx_word' id='word_1_231' title='bbox 425 1478 565 1513; x_wconf 81' lang='grc' dir='ltr'>φαρμάκῳ</span> <span class='ocrx_word' id='word_1_232' title='bbox 581 1479 627 1506; x_wconf 83' lang='grc' dir='ltr'>τὸν</span> <span class='ocrx_word' id='word_1_233' title='bbox 644 1480 727 1507; x_wconf 85' lang='grc' dir='ltr'>παῖδα</span> <span class='ocrx_word' id='word_1_234' title='bbox 744 1480 897 1516; x_wconf 77' lang='grc' dir='ltr'>ἐζημιώθη,</span> <span class='ocrx_word' id='word_1_235' title='bbox 919 1482 976 1509; x_wconf 67' lang='grc' dir='ltr'>εἴτε</span> 
     </span>
    </p>
   </div>
   <div class='ocr_carea' id='block_1_33' title="bbox 189 1522 976 1564">
    <p class='ocr_par' dir='ltr' id='par_1_33' title="bbox 189 1522 976 1564">
     <span class='ocr_line' id='line_1_33' title="bbox 189 1522 976 1564; baseline 0.009 -16"><span class='ocrx_word' id='word_1_236' title='bbox 189 1522 238 1549; x_wconf 71' lang='lat' dir='ltr'><strong>aut</strong></span> <span class='ocrx_word' id='word_1_237' title='bbox 249 1523 349 1558; x_wconf 77' lang='grc' dir='ltr'>καιρίῳ</span> <span class='ocrx_word' id='word_1_238' title='bbox 363 1523 471 1559; x_wconf 79' lang='grc' dir='ltr'>θανάτῳ</span> <span class='ocrx_word' id='word_1_239' title='bbox 489 1523 584 1552; x_wconf 84' lang='grc' dir='ltr'>τοῦτον</span> <span class='ocrx_word' id='word_1_240' title='bbox 599 1525 749 1554; x_wconf 72' lang='grc' dir='ltr'>ἀπέϐαλεν.</span> <span class='ocrx_word' id='word_1_241' title='bbox 767 1527 848 1561; x_wconf 82' lang='grc' dir='ltr'>ᾭετο</span> <span class='ocrx_word' id='word_1_242' title='bbox 862 1527 911 1562; x_wconf 75' lang='grc' dir='ltr'>μὶν</span> <span class='ocrx_word' id='word_1_243' title='bbox 922 1528 976 1564; x_wconf 77' lang='grc' dir='ltr'>γὰρ</span> 
     </span>
    </p>
   </div>
   <div class='ocr_carea' id='block_1_34' title="bbox 1022 285 1805 320">
    <p class='ocr_par' dir='ltr' id='par_1_34' title="bbox 1022 285 1805 320">
     <span class='ocr_line' id='line_1_34' title="bbox 1022 285 1805 320; baseline 0.004 -7"><span class='ocrx_word' id='word_1_244' title='bbox 1022 293 1085 313; x_wconf 89' lang='lat' dir='ltr'><strong>cum</strong></span> <span class='ocrx_word' id='word_1_245' title='bbox 1104 293 1136 314; x_wconf 85' lang='lat' dir='ltr'><strong>ea</strong></span> <span class='ocrx_word' id='word_1_246' title='bbox 1157 293 1218 314; x_wconf 78' lang='lat' dir='ltr'><strong>esse</strong></span> <span class='ocrx_word' id='word_1_247' title='bbox 1239 293 1424 320; x_wconf 76' lang='lat' dir='ltr'><strong>congressum.</strong></span> <span class='ocrx_word' id='word_1_248' title='bbox 1446 285 1540 320; x_wconf 74' lang='lat' dir='ltr'><strong>Neque</strong></span> <span class='ocrx_word' id='word_1_249' title='bbox 1557 287 1630 314; x_wconf 85' lang='lat' dir='ltr'><strong>enim</strong></span> <span class='ocrx_word' id='word_1_250' title='bbox 1651 295 1665 315; x_wconf 88' lang='lat' dir='ltr'><strong>a</strong></span> <span class='ocrx_word' id='word_1_251' title='bbox 1688 296 1731 316; x_wconf 89' lang='lat' dir='ltr'><strong>me</strong></span> <span class='ocrx_word' id='word_1_252' title='bbox 1752 296 1805 316; x_wconf 83' lang='lat' dir='ltr'><strong>un-</strong></span> 
     </span>
    </p>
   </div>
   <div class='ocr_carea' id='block_1_35' title="bbox 1022 329 1803 367">
    <p class='ocr_par' dir='ltr' id='par_1_35' title="bbox 1022 329 1803 367">
     <span class='ocr_line' id='line_1_35' title="bbox 1022 329 1803 367; baseline 0.004 -9"><span class='ocrx_word' id='word_1_253' title='bbox 1022 339 1104 367; x_wconf 86' lang='lat' dir='ltr'><strong>quam</strong></span> <span class='ocrx_word' id='word_1_254' title='bbox 1118 331 1231 358; x_wconf 87' lang='lat' dir='ltr'><strong>omnino</strong></span> <span class='ocrx_word' id='word_1_255' title='bbox 1247 331 1274 358; x_wconf 91' lang='lat' dir='ltr'><strong>in</strong></span> <span class='ocrx_word' id='word_1_256' title='bbox 1290 335 1364 358; x_wconf 87' lang='lat' dir='ltr'><strong>tuam</strong></span> <span class='ocrx_word' id='word_1_257' title='bbox 1388 329 1486 357; x_wconf 83' lang='lat' dir='ltr'><strong>tradita</strong></span> <span class='ocrx_word' id='word_1_258' title='bbox 1510 330 1606 359; x_wconf 85' lang='lat' dir='ltr'><strong>fuisset</strong></span> <span class='ocrx_word' id='word_1_259' title='bbox 1628 337 1803 366; x_wconf 84' lang='lat' dir='ltr'><strong>potestatem.</strong></span> 
     </span>
    </p>
   </div>
   <div class='ocr_carea' id='block_1_36' title="bbox 1021 376 1805 414">
    <p class='ocr_par' dir='ltr' id='par_1_36' title="bbox 1021 376 1805 414">
     <span class='ocr_line' id='line_1_36' title="bbox 1021 376 1805 414; baseline 0.003 -10"><span class='ocrx_word' id='word_1_260' title='bbox 1021 377 1164 405; x_wconf 74' lang='lat' dir='ltr'><strong>Amicitias</strong></span> <span class='ocrx_word' id='word_1_261' title='bbox 1184 377 1258 404; x_wconf 89' lang='lat' dir='ltr'><strong>enim</strong></span> <span class='ocrx_word' id='word_1_262' title='bbox 1280 376 1450 412; x_wconf 68' lang='lat' dir='ltr'><strong>coniungunt</strong></span> <span class='ocrx_word' id='word_1_263' title='bbox 1473 383 1592 409; x_wconf 85' lang='lat' dir='ltr'><strong>amores,</strong></span> <span class='ocrx_word' id='word_1_264' title='bbox 1618 385 1673 404; x_wconf 91' lang='lat' dir='ltr'><strong>non</strong></span> <span class='ocrx_word' id='word_1_265' title='bbox 1697 378 1805 414; x_wconf 78' lang='lat' dir='ltr'><strong>disjun-</strong></span> 
     </span>
    </p>
   </div>
   <div class='ocr_carea' id='block_1_37' title="bbox 1022 429 1098 459">
    <p class='ocr_par' dir='ltr' id='par_1_37' title="bbox 1022 429 1098 459">
     <span class='ocr_line' id='line_1_37' title="bbox 1022 429 1098 459; baseline -0.013 -8"><span class='ocrx_word' id='word_1_266' title='bbox 1022 429 1098 459; x_wconf 75' lang='lat' dir='ltr'><strong>gunL</strong></span> 
     </span>
    </p>
   </div>
   <div class='ocr_carea' id='block_1_38' title="bbox 1058 468 1806 504">
    <p class='ocr_par' dir='ltr' id='par_1_38' title="bbox 1058 468 1806 504">
     <span class='ocr_line' id='line_1_38' title="bbox 1058 468 1806 504; baseline 0 -7"><span class='ocrx_word' id='word_1_267' title='bbox 1058 469 1129 497; x_wconf 77' lang='lat' dir='ltr'><strong>XXI.</strong></span> <span class='ocrx_word' id='word_1_268' title='bbox 1157 469 1234 496; x_wconf 86' lang='lat' dir='ltr'><strong>Tunc</strong></span> <span class='ocrx_word' id='word_1_269' title='bbox 1258 473 1349 496; x_wconf 87' lang='lat' dir='ltr'><strong>autem</strong></span> <span class='ocrx_word' id='word_1_270' title='bbox 1373 469 1420 504; x_wconf 87' lang='lat' dir='ltr'><strong>qui</strong></span> <span class='ocrx_word' id='word_1_271' title='bbox 1447 469 1529 503; x_wconf 82' lang='lat' dir='ltr'><strong>longo</strong></span> <span class='ocrx_word' id='word_1_272' title='bbox 1557 468 1657 495; x_wconf 82' lang='lat' dir='ltr'><strong>abhinc</strong></span> <span class='ocrx_word' id='word_1_273' title='bbox 1684 473 1806 504; x_wconf 85' lang='lat' dir='ltr'><strong>tempore</strong></span> 
     </span>
    </p>
   </div>
   <div class='ocr_carea' id='block_1_39' title="bbox 1024 513 1808 550">
    <p class='ocr_par' dir='ltr' id='par_1_39' title="bbox 1024 513 1808 550">
     <span class='ocr_line' id='line_1_39' title="bbox 1024 513 1808 550; baseline 0 -8"><span class='ocrx_word' id='word_1_274' title='bbox 1024 515 1146 543; x_wconf 82' lang='lat' dir='ltr'><strong>humano</strong></span> <span class='ocrx_word' id='word_1_275' title='bbox 1168 515 1262 550; x_wconf 82' lang='lat' dir='ltr'><strong>generi</strong></span> <span class='ocrx_word' id='word_1_276' title='bbox 1283 520 1326 542; x_wconf 89' lang='lat' dir='ltr'><strong>est</strong></span> <span class='ocrx_word' id='word_1_277' title='bbox 1348 515 1487 545; x_wconf 84' lang='lat' dir='ltr'><strong>inimicus.</strong></span> <span class='ocrx_word' id='word_1_278' title='bbox 1503 513 1597 542; x_wconf 88' lang='lat' dir='ltr'><strong>Golthi</strong></span> <span class='ocrx_word' id='word_1_279' title='bbox 1618 521 1729 541; x_wconf 77' lang='lat' dir='ltr'><strong>uxorem</strong></span> <span class='ocrx_word' id='word_1_280' title='bbox 1745 515 1808 542; x_wconf 84' lang='lat' dir='ltr'><strong>sub-</strong></span> 
     </span>
    </p>
   </div>
   <div class='ocr_carea' id='block_1_40' title="bbox 1024 560 1809 595">
    <p class='ocr_par' dir='ltr' id='par_1_40' title="bbox 1024 560 1809 595">
     <span class='ocr_line' id='line_1_40' title="bbox 1024 560 1809 595; baseline -0.001 -7"><span class='ocrx_word' id='word_1_281' title='bbox 1024 562 1093 594; x_wconf 90' lang='lat' dir='ltr'><strong>iens,</strong></span> <span class='ocrx_word' id='word_1_282' title='bbox 1110 568 1170 588; x_wconf 86' lang='lat' dir='ltr'><strong>eam</strong></span> <span class='ocrx_word' id='word_1_283' title='bbox 1193 560 1323 588; x_wconf 83' lang='lat' dir='ltr'><strong>adversus</strong></span> <span class='ocrx_word' id='word_1_284' title='bbox 1339 560 1475 595; x_wconf 74' lang='lat' dir='ltr'><strong>infantem}</strong></span> <span class='ocrx_word' id='word_1_285' title='bbox 1490 560 1581 588; x_wconf 83' lang='lat' dir='ltr'><strong>furore</strong></span> <span class='ocrx_word' id='word_1_286' title='bbox 1603 561 1761 594; x_wconf 87' lang='lat' dir='ltr'><strong>concitavit,</strong></span> <span class='ocrx_word' id='word_1_287' title='bbox 1780 564 1809 587; x_wconf 90' lang='lat' dir='ltr'><strong>et</strong></span> 
     </span>
    </p>
   </div>
   <div class='ocr_carea' id='block_1_41' title="bbox 1024 607 1808 643">
    <p class='ocr_par' dir='ltr' id='par_1_41' title="bbox 1024 607 1808 643">
     <span class='ocr_line' id='line_1_41' title="bbox 1024 607 1808 643; baseline -0.003 -8"><span class='ocrx_word' id='word_1_288' title='bbox 1024 612 1168 643; x_wconf 88' lang='lat' dir='ltr'><strong>propterea</strong></span> <span class='ocrx_word' id='word_1_289' title='bbox 1179 608 1306 642; x_wconf 89' lang='lat' dir='ltr'><strong>concepit</strong></span> <span class='ocrx_word' id='word_1_290' title='bbox 1316 607 1448 639; x_wconf 83' lang='lat' dir='ltr'><strong>laborem,</strong></span> <span class='ocrx_word' id='word_1_291' title='bbox 1461 611 1488 634; x_wconf 88' lang='lat' dir='ltr'><strong>et</strong></span> <span class='ocrx_word' id='word_1_292' title='bbox 1502 607 1610 642; x_wconf 87' lang='lat' dir='ltr'><strong>peperit</strong></span> <span class='ocrx_word' id='word_1_293' title='bbox 1623 607 1808 642; x_wconf 82' lang='lat' dir='ltr'><strong>iniquitatem,</strong></span> 
     </span>
    </p>
   </div>
   <div class='ocr_carea' id='block_1_42' title="bbox 1022 652 1808 689">
    <p class='ocr_par' dir='ltr' id='par_1_42' title="bbox 1022 652 1808 689">
     <span class='ocr_line' id='line_1_42' title="bbox 1022 652 1808 689; baseline -0.004 -7"><span class='ocrx_word' id='word_1_294' title='bbox 1022 660 1123 682; x_wconf 86' lang='lat' dir='ltr'><strong>etcum</strong></span> <span class='ocrx_word' id='word_1_295' title='bbox 1147 653 1286 689; x_wconf 85' lang='lat' dir='ltr'><strong>quoddam</strong></span> <span class='ocrx_word' id='word_1_296' title='bbox 1310 660 1448 680; x_wconf 88' lang='lat' dir='ltr'><strong>venenum</strong></span> <span class='ocrx_word' id='word_1_297' title='bbox 1463 652 1500 682; x_wconf 87' lang='lat' dir='ltr'><strong>.in</strong></span> <span class='ocrx_word' id='word_1_298' title='bbox 1523 653 1613 680; x_wconf 86' lang='lat' dir='ltr'><strong>sinum</strong></span> <span class='ocrx_word' id='word_1_299' title='bbox 1638 653 1808 686; x_wconf 86' lang='lat' dir='ltr'><strong>immisisset,</strong></span> 
     </span>
    </p>
   </div>
   <div class='ocr_carea' id='block_1_43' title="bbox 1024 699 1808 736">
    <p class='ocr_par' dir='ltr' id='par_1_43' title="bbox 1024 699 1808 736">
     <span class='ocr_line' id='line_1_43' title="bbox 1024 699 1808 736; baseline -0.001 -9"><span class='ocrx_word' id='word_1_300' title='bbox 1024 701 1102 736; x_wconf 88' lang='lat' dir='ltr'><strong>pueri</strong></span> <span class='ocrx_word' id='word_1_301' title='bbox 1125 700 1236 735; x_wconf 90' lang='lat' dir='ltr'><strong>quidem</strong></span> <span class='ocrx_word' id='word_1_302' title='bbox 1255 704 1371 727; x_wconf 91' lang='lat' dir='ltr'><strong>matrem</strong></span> <span class='ocrx_word' id='word_1_303' title='bbox 1395 699 1500 727; x_wconf 92' lang='lat' dir='ltr'><strong>emittit</strong></span> <span class='ocrx_word' id='word_1_304' title='bbox 1523 699 1557 726; x_wconf 82' lang='lat' dir='ltr'><strong>ad</strong></span> <span class='ocrx_word' id='word_1_305' title='bbox 1584 699 1740 726; x_wconf 85' lang='lat' dir='ltr'><strong>faciendum</strong></span> <span class='ocrx_word' id='word_1_306' title='bbox 1758 699 1808 726; x_wconf 80' lang='lat' dir='ltr'><strong>ali-</strong></span> 
     </span>
    </p>
   </div>
   <div class='ocr_carea' id='block_1_44' title="bbox 1023 745 1809 782">
    <p class='ocr_par' dir='ltr' id='par_1_44' title="bbox 1023 745 1809 782">
     <span class='ocr_line' id='line_1_44' title="bbox 1023 745 1809 782; baseline -0.003 -8"><span class='ocrx_word' id='word_1_307' title='bbox 1023 747 1106 782; x_wconf 89' lang='lat' dir='ltr'><strong>quid,</strong></span> <span class='ocrx_word' id='word_1_308' title='bbox 1131 746 1205 782; x_wconf 89' lang='lat' dir='ltr'><strong>quod</strong></span> <span class='ocrx_word' id='word_1_309' title='bbox 1229 750 1290 773; x_wconf 88' lang='lat' dir='ltr'><strong>erat</strong></span> <span class='ocrx_word' id='word_1_310' title='bbox 1313 753 1391 780; x_wconf 88' lang='lat' dir='ltr'><strong>opus.</strong></span> <span class='ocrx_word' id='word_1_311' title='bbox 1417 746 1451 774; x_wconf 87' lang='lat' dir='ltr'><strong>Et</strong></span> <span class='ocrx_word' id='word_1_312' title='bbox 1477 753 1510 773; x_wconf 86' lang='lat' dir='ltr'><strong>ea</strong></span> <span class='ocrx_word' id='word_1_313' title='bbox 1533 745 1644 781; x_wconf 83' lang='lat' dir='ltr'><strong>quidem</strong></span> <span class='ocrx_word' id='word_1_314' title='bbox 1668 745 1809 780; x_wconf 75' lang='lat' dir='ltr'><strong>egreditur</strong></span> 
     </span>
    </p>
   </div>
   <div class='ocr_carea' id='block_1_45' title="bbox 1023 791 1809 827">
    <p class='ocr_par' dir='ltr' id='par_1_45' title="bbox 1023 791 1809 827">
     <span class='ocr_line' id='line_1_45' title="bbox 1023 791 1809 827; baseline -0.003 -7"><span class='ocrx_word' id='word_1_315' title='bbox 1023 792 1057 821; x_wconf 85' lang='lat' dir='ltr'><strong>ad</strong></span> <span class='ocrx_word' id='word_1_316' title='bbox 1072 792 1279 827; x_wconf 76' lang='lat' dir='ltr'><strong>exsequendum</strong></span> <span class='ocrx_word' id='word_1_317' title='bbox 1308 791 1335 819; x_wconf 88' lang='lat' dir='ltr'><strong>id</strong></span> <span class='ocrx_word' id='word_1_318' title='bbox 1352 791 1425 827; x_wconf 89' lang='lat' dir='ltr'><strong>quod</strong></span> <span class='ocrx_word' id='word_1_319' title='bbox 1450 792 1538 820; x_wconf 88' lang='lat' dir='ltr'><strong>fuerat</strong></span> <span class='ocrx_word' id='word_1_320' title='bbox 1565 792 1746 826; x_wconf 85' lang='lat' dir='ltr'><strong>imperatum;</strong></span> <span class='ocrx_word' id='word_1_321' title='bbox 1762 792 1809 818; x_wconf 82' lang='lat' dir='ltr'><strong>illa</strong></span> 
     </span>
    </p>
   </div>
   <div class='ocr_carea' id='block_1_46' title="bbox 1024 837 1808 872">
    <p class='ocr_par' dir='ltr' id='par_1_46' title="bbox 1024 837 1808 872">
     <span class='ocr_line' id='line_1_46' title="bbox 1024 837 1808 872; baseline -0.004 -5"><span class='ocrx_word' id='word_1_322' title='bbox 1024 843 1115 867; x_wconf 79' lang='lat' dir='ltr'><strong>autem</strong></span> <span class='ocrx_word' id='word_1_323' title='bbox 1131 847 1269 866; x_wconf 89' lang='lat' dir='ltr'><strong>venenum</strong></span> <span class='ocrx_word' id='word_1_324' title='bbox 1287 838 1410 866; x_wconf 91' lang='lat' dir='ltr'><strong>immittit</strong></span> <span class='ocrx_word' id='word_1_325' title='bbox 1431 838 1459 866; x_wconf 91' lang='lat' dir='ltr'><strong>in</strong></span> <span class='ocrx_word' id='word_1_326' title='bbox 1475 845 1507 865; x_wconf 84' lang='lat' dir='ltr'><strong>os</strong></span> <span class='ocrx_word' id='word_1_327' title='bbox 1524 837 1614 872; x_wconf 87' lang='lat' dir='ltr'><strong>pueri,</strong></span> <span class='ocrx_word' id='word_1_328' title='bbox 1630 842 1658 865; x_wconf 90' lang='lat' dir='ltr'><strong>et</strong></span> <span class='ocrx_word' id='word_1_329' title='bbox 1672 845 1808 864; x_wconf 78' lang='lat' dir='ltr'><strong>venenum</strong></span> 
     </span>
    </p>
   </div>
   <div class='ocr_carea' id='block_1_47' title="bbox 1024 884 1810 919">
    <p class='ocr_par' dir='ltr' id='par_1_47' title="bbox 1024 884 1810 919">
     <span class='ocr_line' id='line_1_47' title="bbox 1024 884 1810 919; baseline -0.005 -6"><span class='ocrx_word' id='word_1_330' title='bbox 1024 893 1100 913; x_wconf 85' lang='lat' dir='ltr'><strong>mors</strong></span> <span class='ocrx_word' id='word_1_331' title='bbox 1113 885 1206 913; x_wconf 88' lang='lat' dir='ltr'><strong>statim</strong></span> <span class='ocrx_word' id='word_1_332' title='bbox 1218 889 1260 912; x_wconf 88' lang='lat' dir='ltr'><strong>est</strong></span> <span class='ocrx_word' id='word_1_333' title='bbox 1276 892 1435 912; x_wconf 78' lang='lat' dir='ltr'><strong>consecuta.</strong></span> <span class='ocrx_word' id='word_1_334' title='bbox 1447 884 1531 912; x_wconf 80' lang='lat' dir='ltr'><strong>Paulo</strong></span> <span class='ocrx_word' id='word_1_335' title='bbox 1544 888 1607 919; x_wconf 85' lang='lat' dir='ltr'><strong>post</strong></span> <span class='ocrx_word' id='word_1_336' title='bbox 1619 890 1686 918; x_wconf 85' lang='lat' dir='ltr'><strong>ergo</strong></span> <span class='ocrx_word' id='word_1_337' title='bbox 1702 890 1810 910; x_wconf 77' lang='lat' dir='ltr'><strong>reversa</strong></span> 
     </span>
    </p>
   </div>
   <div class='ocr_carea' id='block_1_48' title="bbox 1025 930 1808 965">
    <p class='ocr_par' dir='ltr' id='par_1_48' title="bbox 1025 930 1808 965">
     <span class='ocr_line' id='line_1_48' title="bbox 1025 930 1808 965; baseline -0.005 -7"><span class='ocrx_word' id='word_1_338' title='bbox 1025 935 1124 964; x_wconf 86' lang='lat' dir='ltr'><strong>mater,</strong></span> <span class='ocrx_word' id='word_1_339' title='bbox 1137 938 1201 958; x_wconf 87' lang='lat' dir='ltr'><strong>eum</strong></span> <span class='ocrx_word' id='word_1_340' title='bbox 1218 931 1348 958; x_wconf 84' lang='lat' dir='ltr'><strong>infantem</strong></span> <span class='ocrx_word' id='word_1_341' title='bbox 1366 930 1478 965; x_wconf 87' lang='lat' dir='ltr'><strong>quidem</strong></span> <span class='ocrx_word' id='word_1_342' title='bbox 1494 930 1642 957; x_wconf 75' lang='lat' dir='ltr'><strong>invenisset</strong></span> <span class='ocrx_word' id='word_1_343' title='bbox 1659 933 1808 961; x_wconf 79' lang='lat' dir='ltr'><strong>mortuum,</strong></span> 
     </span>
    </p>
   </div>
   <div class='ocr_carea' id='block_1_49' title="bbox 1024 975 1811 1009">
    <p class='ocr_par' dir='ltr' id='par_1_49' title="bbox 1024 975 1811 1009">
     <span class='ocr_line' id='line_1_49' title="bbox 1024 975 1811 1009; baseline -0.006 -4"><span class='ocrx_word' id='word_1_344' title='bbox 1024 977 1099 1005; x_wconf 84' lang='lat' dir='ltr'><strong>illius</strong></span> <span class='ocrx_word' id='word_1_345' title='bbox 1117 985 1181 1004; x_wconf 90' lang='lat' dir='ltr'><strong>vero</strong></span> <span class='ocrx_word' id='word_1_346' title='bbox 1196 976 1282 1004; x_wconf 83' lang='lat' dir='ltr'><strong>labris</strong></span> <span class='ocrx_word' id='word_1_347' title='bbox 1299 977 1420 1004; x_wconf 88' lang='lat' dir='ltr'><strong>infusum</strong></span> <span class='ocrx_word' id='word_1_348' title='bbox 1444 983 1591 1008; x_wconf 89' lang='lat' dir='ltr'><strong>venenum,</strong></span> <span class='ocrx_word' id='word_1_349' title='bbox 1606 975 1633 1002; x_wconf 91' lang='lat' dir='ltr'><strong>in</strong></span> <span class='ocrx_word' id='word_1_350' title='bbox 1649 975 1732 1002; x_wconf 85' lang='lat' dir='ltr'><strong>corde</strong></span> <span class='ocrx_word' id='word_1_351' title='bbox 1750 975 1811 1009; x_wconf 85' lang='lat' dir='ltr'><strong>qui-</strong></span> 
     </span>
    </p>
   </div>
   <div class='ocr_carea' id='block_1_50' title="bbox 1024 1021 1810 1058">
    <p class='ocr_par' dir='ltr' id='par_1_50' title="bbox 1024 1021 1810 1058">
     <span class='ocr_line' id='line_1_50' title="bbox 1024 1021 1810 1058; baseline -0.004 -8"><span class='ocrx_word' id='word_1_352' title='bbox 1024 1024 1086 1050; x_wconf 86' lang='lat' dir='ltr'><strong>dem</strong></span> <span class='ocrx_word' id='word_1_353' title='bbox 1099 1023 1248 1055; x_wconf 84' lang='lat' dir='ltr'><strong>sauciatur,</strong></span> <span class='ocrx_word' id='word_1_354' title='bbox 1264 1027 1293 1050; x_wconf 92' lang='lat' dir='ltr'><strong>et</strong></span> <span class='ocrx_word' id='word_1_355' title='bbox 1309 1023 1385 1058; x_wconf 90' lang='lat' dir='ltr'><strong>gravi</strong></span> <span class='ocrx_word' id='word_1_356' title='bbox 1399 1022 1484 1050; x_wconf 89' lang='lat' dir='ltr'><strong>animi</strong></span> <span class='ocrx_word' id='word_1_357' title='bbox 1497 1022 1592 1050; x_wconf 92' lang='lat' dir='ltr'><strong>dolore</strong></span> <span class='ocrx_word' id='word_1_358' title='bbox 1605 1021 1731 1052; x_wconf 72' lang='lat' dir='ltr'><strong>afﬁcitur,</strong></span> <span class='ocrx_word' id='word_1_359' title='bbox 1746 1029 1810 1048; x_wconf 91' lang='lat' dir='ltr'><strong>cum</strong></span> 
     </span>
    </p>
   </div>
   <div class='ocr_carea' id='block_1_51' title="bbox 1026 1066 1810 1102">
    <p class='ocr_par' dir='ltr' id='par_1_51' title="bbox 1026 1066 1810 1102">
     <span class='ocr_line' id='line_1_51' title="bbox 1026 1066 1810 1102; baseline -0.005 -6"><span class='ocrx_word' id='word_1_360' title='bbox 1026 1073 1118 1096; x_wconf 83' lang='lat' dir='ltr'><strong>tamen</strong></span> <span class='ocrx_word' id='word_1_361' title='bbox 1142 1069 1224 1099; x_wconf 87' lang='lat' dir='ltr'><strong>celat,</strong></span> <span class='ocrx_word' id='word_1_362' title='bbox 1246 1074 1275 1095; x_wconf 90' lang='lat' dir='ltr'><strong>et</strong></span> <span class='ocrx_word' id='word_1_363' title='bbox 1297 1072 1372 1096; x_wconf 88' lang='lat' dir='ltr'><strong>tenet</strong></span> <span class='ocrx_word' id='word_1_364' title='bbox 1395 1067 1423 1094; x_wconf 91' lang='lat' dir='ltr'><strong>in</strong></span> <span class='ocrx_word' id='word_1_365' title='bbox 1445 1067 1538 1095; x_wconf 82' lang='lat' dir='ltr'><strong>abdito</strong></span> <span class='ocrx_word' id='word_1_366' title='bbox 1556 1076 1564 1094; x_wconf 88' lang='lat'><strong>:</strong></span> <span class='ocrx_word' id='word_1_367' title='bbox 1579 1067 1676 1094; x_wconf 89' lang='lat' dir='ltr'><strong>dolore</strong></span> <span class='ocrx_word' id='word_1_368' title='bbox 1699 1066 1810 1102; x_wconf 78' lang='lat' dir='ltr'><strong>quidem</strong></span> 
     </span>
    </p>
   </div>
   <div class='ocr_carea' id='block_1_52' title="bbox 1025 1114 1814 1146">
    <p class='ocr_par' dir='ltr' id='par_1_52' title="bbox 1025 1114 1814 1146">
     <span class='ocr_line' id='line_1_52' title="bbox 1025 1114 1814 1146; baseline -0.008 -4"><span class='ocrx_word' id='word_1_369' title='bbox 1025 1114 1133 1146; x_wconf 79' lang='lat' dir='ltr'><strong>uﬂ&#39;ecta,</strong></span> <span class='ocrx_word' id='word_1_370' title='bbox 1148 1119 1178 1141; x_wconf 77' lang='grc' dir='ltr'><strong>ιιι</strong></span> <span class='ocrx_word' id='word_1_371' title='bbox 1194 1118 1292 1145; x_wconf 82' lang='lat' dir='ltr'><strong>mater,</strong></span> <span class='ocrx_word' id='word_1_372' title='bbox 1312 1118 1449 1141; x_wconf 77' lang='lat' dir='ltr'><strong>secretum</strong></span> <span class='ocrx_word' id='word_1_373' title='bbox 1465 1118 1557 1140; x_wconf 83' lang='lat' dir='ltr'><strong>autem</strong></span> <span class='ocrx_word' id='word_1_374' title='bbox 1577 1117 1684 1143; x_wconf 86' lang='lat' dir='ltr'><strong>tenens,</strong></span> <span class='ocrx_word' id='word_1_375' title='bbox 1698 1116 1729 1138; x_wconf 91' lang='lat' dir='ltr'><strong>ut</strong></span> <span class='ocrx_word' id='word_1_376' title='bbox 1748 1118 1814 1145; x_wconf 72' lang='grc' dir='ltr'><strong>[11⁸Ιὶ-</strong></span> 
     </span>
    </p>
   </div>
   <div class='ocr_carea' id='block_1_53' title="bbox 1026 1156 1812 1190">
    <p class='ocr_par' dir='ltr' id='par_1_53' title="bbox 1026 1156 1812 1190">
     <span class='ocr_line' id='line_1_53' title="bbox 1026 1156 1812 1190; baseline -0.009 -2"><span class='ocrx_word' id='word_1_377' title='bbox 1026 1160 1094 1188; x_wconf 88' lang='lat' dir='ltr'><strong>dens</strong></span> <span class='ocrx_word' id='word_1_378' title='bbox 1106 1164 1134 1187; x_wconf 91' lang='lat' dir='ltr'><strong>et</strong></span> <span class='ocrx_word' id='word_1_379' title='bbox 1152 1159 1274 1186; x_wconf 85' lang='lat' dir='ltr'><strong>cordata.</strong></span> <span class='ocrx_word' id='word_1_380' title='bbox 1287 1158 1392 1186; x_wconf 90' lang='lat' dir='ltr'><strong>Deinde</strong></span> <span class='ocrx_word' id='word_1_381' title='bbox 1411 1165 1474 1184; x_wconf 89' lang='lat' dir='ltr'><strong>cum</strong></span> <span class='ocrx_word' id='word_1_382' title='bbox 1488 1157 1574 1185; x_wconf 88' lang='lat' dir='ltr'><strong>vellus</strong></span> <span class='ocrx_word' id='word_1_383' title='bbox 1595 1156 1768 1190; x_wconf 80' lang='lat' dir='ltr'><strong>sumpsisset,</strong></span> <span class='ocrx_word' id='word_1_384' title='bbox 1784 1159 1812 1181; x_wconf 89' lang='lat' dir='ltr'><strong>et</strong></span> 
     </span>
    </p>
   </div>
   <div class='ocr_carea' id='block_1_54' title="bbox 1026 1201 1810 1237">
    <p class='ocr_par' dir='ltr' id='par_1_54' title="bbox 1026 1201 1810 1237">
     <span class='ocr_line' id='line_1_54' title="bbox 1026 1201 1810 1237; baseline -0.009 -3"><span class='ocrx_word' id='word_1_385' title='bbox 1026 1215 1056 1234; x_wconf 89' lang='lat' dir='ltr'><strong>os</strong></span> <span class='ocrx_word' id='word_1_386' title='bbox 1079 1205 1191 1234; x_wconf 79' lang='lat' dir='ltr'><strong>infantis</strong></span> <span class='ocrx_word' id='word_1_387' title='bbox 1206 1205 1391 1234; x_wconf 85' lang='lat' dir='ltr'><strong>abstersisset,</strong></span> <span class='ocrx_word' id='word_1_388' title='bbox 1413 1204 1505 1231; x_wconf 89' lang='lat' dir='ltr'><strong>lanam</strong></span> <span class='ocrx_word' id='word_1_389' title='bbox 1530 1202 1602 1237; x_wconf 84' lang='lat' dir='ltr'><strong>apud</strong></span> <span class='ocrx_word' id='word_1_390' title='bbox 1624 1210 1654 1230; x_wconf 91' lang='lat' dir='ltr'><strong>se</strong></span> <span class='ocrx_word' id='word_1_391' title='bbox 1680 1201 1810 1234; x_wconf 83' lang='lat' dir='ltr'><strong>detinuit,</strong></span> 
     </span>
    </p>
   </div>
   <div class='ocr_carea' id='block_1_55' title="bbox 1025 1248 1812 1286">
    <p class='ocr_par' dir='ltr' id='par_1_55' title="bbox 1025 1248 1812 1286">
     <span class='ocr_line' id='line_1_55' title="bbox 1025 1248 1812 1286; baseline -0.009 -5"><span class='ocrx_word' id='word_1_392' title='bbox 1025 1251 1195 1286; x_wconf 80' lang='lat' dir='ltr'><strong>experientia</strong></span> <span class='ocrx_word' id='word_1_393' title='bbox 1222 1251 1317 1279; x_wconf 84' lang='lat' dir='ltr'><strong>volens</strong></span> <span class='ocrx_word' id='word_1_394' title='bbox 1341 1251 1412 1278; x_wconf 82' lang='lat' dir='ltr'><strong>scire</strong></span> <span class='ocrx_word' id='word_1_395' title='bbox 1435 1250 1593 1277; x_wconf 78' lang='lat' dir='ltr'><strong>veritatem.</strong></span> <span class='ocrx_word' id='word_1_396' title='bbox 1617 1248 1715 1276; x_wconf 84' lang='lat' dir='ltr'><strong>Paucis</strong></span> <span class='ocrx_word' id='word_1_397' title='bbox 1736 1252 1812 1275; x_wconf 85' lang='lat' dir='ltr'><strong>certe</strong></span> 
     </span>
    </p>
   </div>
   <div class='ocr_carea' id='block_1_56' title="bbox 1026 1293 1813 1334">
    <p class='ocr_par' dir='ltr' id='par_1_56' title="bbox 1026 1293 1813 1334">
     <span class='ocr_line' id='line_1_56' title="bbox 1026 1293 1813 1334; baseline -0.009 -8"><span class='ocrx_word' id='word_1_398' title='bbox 1026 1303 1088 1334; x_wconf 80' lang='lat' dir='ltr'><strong>post</strong></span> <span class='ocrx_word' id='word_1_399' title='bbox 1105 1298 1222 1330; x_wconf 86' lang='lat' dir='ltr'><strong>diebus,</strong></span> <span class='ocrx_word' id='word_1_400' title='bbox 1244 1304 1309 1324; x_wconf 89' lang='lat' dir='ltr'><strong>cum</strong></span> <span class='ocrx_word' id='word_1_401' title='bbox 1332 1304 1365 1323; x_wconf 78' lang='lat' dir='ltr'><strong>ex</strong></span> <span class='ocrx_word' id='word_1_402' title='bbox 1387 1295 1483 1323; x_wconf 80' lang='lat' dir='ltr'><strong>amicis</strong></span> <span class='ocrx_word' id='word_1_403' title='bbox 1506 1299 1535 1323; x_wconf 90' lang='lat' dir='ltr'><strong>et</strong></span> <span class='ocrx_word' id='word_1_404' title='bbox 1554 1295 1678 1330; x_wconf 74' lang='lat' dir='ltr'><strong>cognatis</strong></span> <span class='ocrx_word' id='word_1_405' title='bbox 1693 1293 1813 1321; x_wconf 81' lang='lat' dir='ltr'><strong>Gottltus</strong></span> 
     </span>
    </p>
   </div>
   <div class='ocr_carea' id='block_1_57' title="bbox 1026 1341 1813 1378">
    <p class='ocr_par' dir='ltr' id='par_1_57' title="bbox 1026 1341 1813 1378">
     <span class='ocr_line' id='line_1_57' title="bbox 1026 1341 1813 1378; baseline -0.008 -6"><span class='ocrx_word' id='word_1_406' title='bbox 1026 1345 1170 1372; x_wconf 81' lang='lat' dir='ltr'><strong>invitasset</strong></span> <span class='ocrx_word' id='word_1_407' title='bbox 1190 1342 1308 1378; x_wconf 82' lang='lat' dir='ltr'><strong>aliquos,</strong></span> <span class='ocrx_word' id='word_1_408' title='bbox 1335 1342 1425 1377; x_wconf 83' lang='lat' dir='ltr'><strong>puella</strong></span> <span class='ocrx_word' id='word_1_409' title='bbox 1449 1341 1547 1376; x_wconf 88' lang='lat' dir='ltr'><strong>arripit</strong></span> <span class='ocrx_word' id='word_1_410' title='bbox 1570 1341 1761 1371; x_wconf 79' lang='lat' dir='ltr'><strong>occasionem.</strong></span> <span class='ocrx_word' id='word_1_411' title='bbox 1784 1343 1813 1367; x_wconf 90' lang='lat' dir='ltr'><strong>et</strong></span> 
     </span>
    </p>
   </div>
   <div class='ocr_carea' id='block_1_58' title="bbox 1026 1385 1812 1424">
    <p class='ocr_par' dir='ltr' id='par_1_58' title="bbox 1026 1385 1812 1424">
     <span class='ocr_line' id='line_1_58' title="bbox 1026 1385 1812 1424; baseline -0.009 -6"><span class='ocrx_word' id='word_1_412' title='bbox 1026 1391 1116 1418; x_wconf 77' lang='lat' dir='ltr'><strong>lanam</strong></span> <span class='ocrx_word' id='word_1_413' title='bbox 1141 1389 1253 1424; x_wconf 83' lang='lat' dir='ltr'><strong>intingit</strong></span> <span class='ocrx_word' id='word_1_414' title='bbox 1276 1388 1305 1416; x_wconf 90' lang='lat' dir='ltr'><strong>in</strong></span> <span class='ocrx_word' id='word_1_415' title='bbox 1327 1388 1422 1419; x_wconf 86' lang='lat' dir='ltr'><strong>calice,</strong></span> <span class='ocrx_word' id='word_1_416' title='bbox 1446 1392 1475 1415; x_wconf 90' lang='lat' dir='ltr'><strong>et</strong></span> <span class='ocrx_word' id='word_1_417' title='bbox 1495 1387 1589 1415; x_wconf 85' lang='lat' dir='ltr'><strong>Gotthi</strong></span> <span class='ocrx_word' id='word_1_418' title='bbox 1615 1386 1697 1413; x_wconf 87' lang='lat' dir='ltr'><strong>tradit</strong></span> <span class='ocrx_word' id='word_1_419' title='bbox 1720 1385 1812 1415; x_wconf 64' lang='lat' dir='ltr'><strong>uteri,</strong></span> 
     </span>
    </p>
   </div>
   <div class='ocr_carea' id='block_1_59' title="bbox 1025 1431 1813 1468">
    <p class='ocr_par' dir='ltr' id='par_1_59' title="bbox 1025 1431 1813 1468">
     <span class='ocr_line' id='line_1_59' title="bbox 1025 1431 1813 1468; baseline -0.009 -4"><span class='ocrx_word' id='word_1_420' title='bbox 1025 1435 1131 1468; x_wconf 79' lang='lat' dir='ltr'><strong>volens,</strong></span> <span class='ocrx_word' id='word_1_421' title='bbox 1145 1439 1176 1462; x_wconf 94' lang='lat' dir='ltr'><strong>ut</strong></span> <span class='ocrx_word' id='word_1_422' title='bbox 1191 1435 1258 1467; x_wconf 83' lang='lat' dir='ltr'><strong>dixi,</strong></span> <span class='ocrx_word' id='word_1_423' title='bbox 1275 1442 1371 1462; x_wconf 88' lang='lat' dir='ltr'><strong>verum</strong></span> <span class='ocrx_word' id='word_1_424' title='bbox 1390 1433 1471 1465; x_wconf 87' lang='lat' dir='ltr'><strong>scire,</strong></span> <span class='ocrx_word' id='word_1_425' title='bbox 1485 1440 1628 1460; x_wconf 84' lang='lat' dir='ltr'><strong>venenone</strong></span> <span class='ocrx_word' id='word_1_426' title='bbox 1653 1432 1761 1466; x_wconf 85' lang='lat' dir='ltr'><strong>privata</strong></span> <span class='ocrx_word' id='word_1_427' title='bbox 1777 1431 1813 1458; x_wconf 89' lang='lat' dir='ltr'><strong>sit</strong></span> 
     </span>
    </p>
   </div>
   <div class='ocr_carea' id='block_1_60' title="bbox 1027 1477 1813 1514">
    <p class='ocr_par' dir='ltr' id='par_1_60' title="bbox 1027 1477 1813 1514">
     <span class='ocr_line' id='line_1_60' title="bbox 1027 1477 1813 1514; baseline -0.008 -5"><span class='ocrx_word' id='word_1_428' title='bbox 1027 1481 1141 1514; x_wconf 77' lang='lat' dir='ltr'><strong>infante,</strong></span> <span class='ocrx_word' id='word_1_429' title='bbox 1165 1489 1200 1508; x_wconf 84' lang='lat' dir='ltr'><strong>an</strong></span> <span class='ocrx_word' id='word_1_430' title='bbox 1222 1480 1363 1508; x_wconf 89' lang='lat' dir='ltr'><strong>communi</strong></span> <span class='ocrx_word' id='word_1_431' title='bbox 1388 1483 1476 1506; x_wconf 92' lang='lat' dir='ltr'><strong>morte</strong></span> <span class='ocrx_word' id='word_1_432' title='bbox 1499 1487 1562 1506; x_wconf 88' lang='lat' dir='ltr'><strong>eum</strong></span> <span class='ocrx_word' id='word_1_433' title='bbox 1586 1477 1721 1507; x_wconf 79' lang='lat' dir='ltr'><strong>amiserit.</strong></span> <span class='ocrx_word' id='word_1_434' title='bbox 1745 1477 1813 1504; x_wconf 76' lang='lat' dir='ltr'><strong>Nam</strong></span> 
     </span>
    </p>
   </div>
   <div class='ocr_carea' id='block_1_61' title="bbox 1026 1524 1814 1562">
    <p class='ocr_par' dir='ltr' id='par_1_61' title="bbox 1026 1524 1814 1562">
     <span class='ocr_line' id='line_1_61' title="bbox 1026 1524 1814 1562; baseline -0.008 -6"><span class='ocrx_word' id='word_1_435' title='bbox 1026 1527 1200 1556; x_wconf 80' lang='lat' dir='ltr'><strong>existimabat</strong></span> <span class='ocrx_word' id='word_1_436' title='bbox 1215 1527 1344 1562; x_wconf 77' lang='lat' dir='ltr'><strong>quidem,</strong></span> <span class='ocrx_word' id='word_1_437' title='bbox 1367 1526 1440 1560; x_wconf 91' lang='lat' dir='ltr'><strong>quod</strong></span> <span class='ocrx_word' id='word_1_438' title='bbox 1464 1526 1487 1552; x_wconf 79' lang='lat' dir='ltr'><strong>si</strong></span> <span class='ocrx_word' id='word_1_439' title='bbox 1509 1530 1592 1560; x_wconf 77' lang='lat' dir='ltr'><strong>epato</strong></span> <span class='ocrx_word' id='word_1_440' title='bbox 1613 1524 1814 1552; x_wconf 84' lang='lat' dir='ltr'><strong>medicamento</strong></span> 
     </span>
    </p>
   </div>
   <div class='ocr_carea' id='block_1_62' title="bbox 189 1568 979 1608">
    <p class='ocr_par' dir='ltr' id='par_1_62' title="bbox 189 1568 977 1607">
     <span class='ocr_line' id='line_1_62' title="bbox 189 1568 977 1607; baseline 0.008 -13"><span class='ocrx_word' id='word_1_441' title='bbox 189 1568 238 1601; x_wconf 81' lang='grc' dir='ltr'><strong>ὡς,</strong></span> <span class='ocrx_word' id='word_1_442' title='bbox 265 1569 290 1595; x_wconf 84' lang='grc' dir='ltr'><strong>εί</strong></span> <span class='ocrx_word' id='word_1_443' title='bbox 316 1568 418 1596; x_wconf 82' lang='grc' dir='ltr'>πιοῦσα</span> <span class='ocrx_word' id='word_1_444' title='bbox 441 1570 488 1596; x_wconf 88' lang='grc' dir='ltr'><strong>τοῦ</strong></span> <span class='ocrx_word' id='word_1_445' title='bbox 507 1571 655 1606; x_wconf 83' lang='grc' dir='ltr'>φαρμάκου</span> <span class='ocrx_word' id='word_1_446' title='bbox 680 1572 770 1607; x_wconf 79' lang='grc' dir='ltr'>ζήσοι,</span> <span class='ocrx_word' id='word_1_447' title='bbox 797 1572 910 1607; x_wconf 71' lang='grc' dir='ltr'>εὔδηλον</span> <span class='ocrx_word' id='word_1_448' title='bbox 935 1574 977 1600; x_wconf 88' lang='grc' dir='ltr'>ὄτι</span> 
     </span>
    </p>
   </div>
   <div class='ocr_carea' id='block_1_63' title="bbox 1029 1568 1814 1608">
    <p class='ocr_par' dir='ltr' id='par_1_63' title="bbox 1029 1570 1814 1608">
     <span class='ocr_line' id='line_1_63' title="bbox 1029 1570 1814 1608; baseline -0.01 -4"><span class='ocrx_word' id='word_1_449' title='bbox 1029 1576 1154 1608; x_wconf 82' lang='lat' dir='ltr'><strong>vixisset,</strong></span> <span class='ocrx_word' id='word_1_450' title='bbox 1169 1575 1283 1602; x_wconf 84' lang='lat' dir='ltr'><strong>evidens</strong></span> <span class='ocrx_word' id='word_1_451' title='bbox 1299 1578 1382 1606; x_wconf 84' lang='lat' dir='ltr'><strong>esset,</strong></span> <span class='ocrx_word' id='word_1_452' title='bbox 1396 1573 1469 1608; x_wconf 87' lang='lat' dir='ltr'><strong>quod</strong></span> <span class='ocrx_word' id='word_1_453' title='bbox 1484 1579 1534 1599; x_wconf 90' lang='lat' dir='ltr'><strong>nec</strong></span> <span class='ocrx_word' id='word_1_454' title='bbox 1549 1572 1622 1599; x_wconf 82' lang='lat' dir='ltr'><strong>ﬁlius</strong></span> <span class='ocrx_word' id='word_1_455' title='bbox 1639 1571 1698 1606; x_wconf 84' lang='lat' dir='ltr'><strong>ejus</strong></span> <span class='ocrx_word' id='word_1_456' title='bbox 1718 1570 1814 1597; x_wconf 73' lang='lat' dir='ltr'><strong>fuisset</strong></span> 
     </span>
    </p>
   </div>
   <div class='ocr_carea' id='block_1_64' title="bbox 192 1613 977 1651">
    <p class='ocr_par' dir='ltr' id='par_1_64' title="bbox 192 1613 977 1651">
     <span class='ocr_line' id='line_1_64' title="bbox 192 1613 977 1651; baseline 0.008 -12"><span class='ocrx_word' id='word_1_457' title='bbox 192 1613 260 1648; x_wconf 73' lang='grc' dir='ltr'>μηδὲ</span> <span class='ocrx_word' id='word_1_458' title='bbox 273 1614 286 1640; x_wconf 82' lang='grc' dir='ltr'>ὁ</span> <span class='ocrx_word' id='word_1_459' title='bbox 302 1615 366 1646; x_wconf 81' lang='grc' dir='ltr'>παῖς</span> <span class='ocrx_word' id='word_1_460' title='bbox 383 1615 522 1650; x_wconf 77' lang='grc' dir='ltr'>φαρμάκῳ</span> <span class='ocrx_word' id='word_1_461' title='bbox 534 1615 666 1651; x_wconf 77' lang='grc' dir='ltr'>ἀνῄρητο·</span> <span class='ocrx_word' id='word_1_462' title='bbox 684 1617 709 1642; x_wconf 85' lang='grc' dir='ltr'>εἰ</span> <span class='ocrx_word' id='word_1_463' title='bbox 728 1617 757 1644; x_wconf 77' lang='grc' dir='ltr'>δὲ</span> <span class='ocrx_word' id='word_1_464' title='bbox 772 1617 820 1645; x_wconf 82' lang='grc' dir='ltr'>καὶ</span> <span class='ocrx_word' id='word_1_465' title='bbox 832 1618 912 1645; x_wconf 86' lang='grc' dir='ltr'>τοῦτο</span> <span class='ocrx_word' id='word_1_466' title='bbox 927 1619 977 1645; x_wconf 70' lang='lat' dir='ltr'><strong>aii-</strong></span> 
     </span>
    </p>
   </div>
   <div class='ocr_carea' id='block_1_65' title="bbox 190 1659 978 1700">
    <p class='ocr_par' dir='ltr' id='par_1_65' title="bbox 190 1659 978 1700">
     <span class='ocr_line' id='line_1_65' title="bbox 190 1659 978 1700; baseline 0.008 -15"><span class='ocrx_word' id='word_1_467' title='bbox 190 1659 241 1694; x_wconf 79' lang='grc' dir='ltr'>τὴν</span> <span class='ocrx_word' id='word_1_468' title='bbox 257 1659 357 1691; x_wconf 80' lang='grc' dir='ltr'>ἀνέλοι,</span> <span class='ocrx_word' id='word_1_469' title='bbox 374 1660 463 1687; x_wconf 77' lang='grc' dir='ltr'>ἐκεῖνο</span> <span class='ocrx_word' id='word_1_470' title='bbox 480 1661 606 1688; x_wconf 76' lang='grc' dir='ltr'>πείσεται</span> <span class='ocrx_word' id='word_1_471' title='bbox 621 1662 742 1696; x_wconf 81' lang='grc' dir='ltr'>πάντως,</span> <span class='ocrx_word' id='word_1_472' title='bbox 761 1663 831 1698; x_wconf 77' lang='grc' dir='ltr'>ὅπερ</span> <span class='ocrx_word' id='word_1_473' title='bbox 847 1663 917 1700; x_wconf 65' lang='grc' dir='ltr'>αῦτὴ</span> <span class='ocrx_word' id='word_1_474' title='bbox 932 1664 978 1691; x_wconf 59' lang='lat'><strong>5&amp;-</strong></span> 
     </span>
    </p>
   </div>
   <div class='ocr_carea' id='block_1_66' title="bbox 191 1698 977 1745">
    <p class='ocr_par' dir='ltr' id='par_1_66' title="bbox 191 1698 977 1745">
     <span class='ocr_line' id='line_1_66' title="bbox 191 1698 977 1745; baseline 0.008 -14"><span class='ocrx_word' id='word_1_475' title='bbox 191 1705 305 1739; x_wconf 86' lang='grc' dir='ltr'>δρακεν.</span> <span class='ocrx_word' id='word_1_476' title='bbox 327 1705 406 1732; x_wconf 77' lang='grc' dir='ltr'>Ἐπεὶ</span> <span class='ocrx_word' id='word_1_477' title='bbox 425 1703 473 1733; x_wconf 86' lang='grc' dir='ltr'>οὖν</span> <span class='ocrx_word' id='word_1_478' title='bbox 491 1707 507 1742; x_wconf 89' lang='grc' dir='ltr'><strong>ή</strong></span> <span class='ocrx_word' id='word_1_479' title='bbox 523 1706 570 1734; x_wconf 88' lang='grc' dir='ltr'><strong>τοῦ</strong></span> <span class='ocrx_word' id='word_1_480' title='bbox 590 1707 689 1735; x_wconf 69' lang='lat' dir='ltr'><strong>mm</strong></span> <span class='ocrx_word' id='word_1_481' title='bbox 707 1709 777 1744; x_wconf 83' lang='grc' dir='ltr'>γυνὴ</span> <span class='ocrx_word' id='word_1_482' title='bbox 795 1698 977 1745; x_wconf 52' lang='grc' dir='ltr'>μηδὶνπονη·</span> 
     </span>
    </p>
   </div>
   <div class='ocr_carea' id='block_1_67' title="bbox 193 1752 978 1793">
    <p class='ocr_par' dir='ltr' id='par_1_67' title="bbox 193 1752 978 1793">
     <span class='ocr_line' id='line_1_67' title="bbox 193 1752 978 1793; baseline 0.008 -15"><span class='ocrx_word' id='word_1_483' title='bbox 193 1752 240 1787; x_wconf 76' lang='grc' dir='ltr'><strong>ρδν</strong></span> <span class='ocrx_word' id='word_1_484' title='bbox 269 1752 379 1788; x_wconf 84' lang='grc' dir='ltr'>ὕφεώρα</span> <span class='ocrx_word' id='word_1_485' title='bbox 397 1753 466 1788; x_wconf 68' lang='grc' dir='ltr'>μηδι</span> <span class='ocrx_word' id='word_1_486' title='bbox 482 1752 629 1780; x_wconf 74' lang='grc' dir='ltr'>ὑπώπτευε</span> <span class='ocrx_word' id='word_1_487' title='bbox 648 1755 798 1791; x_wconf 76' lang='grc' dir='ltr'>δεξαμένη,</span> <span class='ocrx_word' id='word_1_488' title='bbox 827 1755 900 1784; x_wconf 81' lang='grc' dir='ltr'>πίνει</span> <span class='ocrx_word' id='word_1_489' title='bbox 929 1757 978 1793; x_wconf 76' lang='grc' dir='ltr'><strong>τήν</strong></span> 
     </span>
    </p>
   </div>
   <div class='ocr_carea' id='block_1_68' title="bbox 193 1799 977 1839">
    <p class='ocr_par' dir='ltr' id='par_1_68' title="bbox 193 1799 977 1839">
     <span class='ocr_line' id='line_1_68' title="bbox 193 1799 977 1839; baseline 0.006 -13"><span class='ocrx_word' id='word_1_490' title='bbox 193 1799 304 1832; x_wconf 77' lang='grc' dir='ltr'>κύλικα,</span> <span class='ocrx_word' id='word_1_491' title='bbox 320 1799 368 1826; x_wconf 79' lang='grc' dir='ltr'><strong>καὶ</strong></span> <span class='ocrx_word' id='word_1_492' title='bbox 381 1800 463 1832; x_wconf 80' lang='grc' dir='ltr'>εὐθὺς</span> <span class='ocrx_word' id='word_1_493' title='bbox 480 1800 649 1836; x_wconf 71' lang='grc' dir='ltr'>ἐπέστρεφεν</span> <span class='ocrx_word' id='word_1_494' title='bbox 663 1801 677 1828; x_wconf 87' lang='grc' dir='ltr'><strong>δ</strong></span> <span class='ocrx_word' id='word_1_495' title='bbox 694 1801 774 1839; x_wconf 81' lang='grc' dir='ltr'>πόνος</span> <span class='ocrx_word' id='word_1_496' title='bbox 788 1803 828 1834; x_wconf 84' lang='grc' dir='ltr'><strong>είς</strong></span> <span class='ocrx_word' id='word_1_497' title='bbox 843 1803 977 1839; x_wconf 81' lang='grc' dir='ltr'>κεφαλὴν,</span> 
     </span>
    </p>
   </div>
   <div class='ocr_carea' id='block_1_69' title="bbox 193 1845 979 1883">
    <p class='ocr_par' dir='ltr' id='par_1_69' title="bbox 193 1845 979 1883">
     <span class='ocr_line' id='line_1_69' title="bbox 193 1845 979 1883; baseline 0.008 -12"><span class='ocrx_word' id='word_1_498' title='bbox 193 1845 242 1872; x_wconf 78' lang='grc' dir='ltr'>καὶ</span> <span class='ocrx_word' id='word_1_499' title='bbox 268 1846 315 1872; x_wconf 70' lang='grc' dir='ltr'><strong>ἐπὶ.</strong></span> <span class='ocrx_word' id='word_1_500' title='bbox 341 1846 464 1882; x_wconf 83' lang='grc' dir='ltr'>κορυφὴν</span> <span class='ocrx_word' id='word_1_501' title='bbox 488 1848 504 1881; x_wconf 82' lang='grc' dir='ltr'><strong>ἠ</strong></span> <span class='ocrx_word' id='word_1_502' title='bbox 532 1847 625 1875; x_wconf 79' lang='grc' dir='ltr'>ἀδικία</span> <span class='ocrx_word' id='word_1_503' title='bbox 650 1848 732 1883; x_wconf 82' lang='grc' dir='ltr'>αὐτῆς</span> <span class='ocrx_word' id='word_1_504' title='bbox 748 1848 921 1883; x_wconf 75' lang='grc' dir='ltr'>κατέσαινεν,</span> <span class='ocrx_word' id='word_1_505' title='bbox 939 1851 979 1882; x_wconf 83' lang='grc' dir='ltr'>είς</span> 
     </span>
    </p>
   </div>
   <div class='ocr_carea' id='block_1_70' title="bbox 194 1891 979 1930">
    <p class='ocr_par' dir='ltr' id='par_1_70' title="bbox 194 1891 979 1930">
     <span class='ocr_line' id='line_1_70' title="bbox 194 1891 979 1930; baseline 0.006 -12"><span class='ocrx_word' id='word_1_506' title='bbox 194 1891 290 1927; x_wconf 79' lang='grc' dir='ltr'>βόθρον</span> <span class='ocrx_word' id='word_1_507' title='bbox 314 1901 344 1919; x_wconf 81' lang='grc' dir='ltr'><strong>τε</strong></span> <span class='ocrx_word' id='word_1_508' title='bbox 371 1893 516 1920; x_wconf 79' lang='grc' dir='ltr'>ἐνέπιπτεν</span> <span class='ocrx_word' id='word_1_509' title='bbox 532 1893 563 1920; x_wconf 81' lang='grc' dir='ltr'>ὃν</span> <span class='ocrx_word' id='word_1_510' title='bbox 580 1894 740 1929; x_wconf 80' lang='grc' dir='ltr'>εξργάσατο,</span> <span class='ocrx_word' id='word_1_511' title='bbox 766 1896 813 1922; x_wconf 73' lang='grc' dir='ltr'>καὶ</span> <span class='ocrx_word' id='word_1_512' title='bbox 837 1896 867 1922; x_wconf 71' lang='grc' dir='ltr'>ἐν</span> <span class='ocrx_word' id='word_1_513' title='bbox 885 1896 979 1930; x_wconf 79' lang='grc' dir='ltr'>παγίδι</span> 
     </span>
    </p>
   </div>
   <div class='ocr_carea' id='block_1_71' title="bbox 194 1935 980 1975">
    <p class='ocr_par' dir='ltr' id='par_1_71' title="bbox 194 1935 980 1975">
     <span class='ocr_line' id='line_1_71' title="bbox 194 1935 980 1975; baseline 0.005 -12"><span class='ocrx_word' id='word_1_514' title='bbox 194 1935 211 1974; x_wconf 72' lang='grc' dir='ltr'>ᾗ</span> <span class='ocrx_word' id='word_1_515' title='bbox 227 1937 330 1973; x_wconf 71' lang='grc' dir='ltr'>ἔκρυψε</span> <span class='ocrx_word' id='word_1_516' title='bbox 350 1937 465 1970; x_wconf 84' lang='grc' dir='ltr'>δικαίως</span> <span class='ocrx_word' id='word_1_517' title='bbox 483 1939 714 1974; x_wconf 76' lang='grc' dir='ltr'>συνελαμϐάνετο.</span> <span class='ocrx_word' id='word_1_518' title='bbox 730 1939 840 1967; x_wconf 86' lang='grc' dir='ltr'>Ἔκειτο</span> <span class='ocrx_word' id='word_1_519' title='bbox 861 1941 910 1975; x_wconf 84' lang='grc' dir='ltr'>μὲν</span> <span class='ocrx_word' id='word_1_520' title='bbox 933 1941 980 1968; x_wconf 78' lang='grc' dir='ltr'><strong>οῦν</strong></span> 
     </span>
    </p>
   </div>
   <div class='ocr_carea' id='block_1_72' title="bbox 194 1985 981 2020">
    <p class='ocr_par' dir='ltr' id='par_1_72' title="bbox 194 1985 981 2020">
     <span class='ocr_line' id='line_1_72' title="bbox 194 1985 981 2020; baseline 0.004 -9"><span class='ocrx_word' id='word_1_521' title='bbox 194 1985 311 2019; x_wconf 64' lang='grc' dir='ltr'>ἐκτάδην</span> <span class='ocrx_word' id='word_1_522' title='bbox 337 1985 440 2020; x_wconf 74' lang='grc' dir='ltr'>νεκρὰ.</span> <span class='ocrx_word' id='word_1_523' title='bbox 463 1985 526 2016; x_wconf 80' lang='grc' dir='ltr'>τοὺς</span> <span class='ocrx_word' id='word_1_524' title='bbox 549 1986 671 2020; x_wconf 82' lang='grc' dir='ltr'>καρποὺς</span> <span class='ocrx_word' id='word_1_525' title='bbox 694 1986 786 2018; x_wconf 78' lang='grc' dir='ltr'>ἀξίους</span> <span class='ocrx_word' id='word_1_526' title='bbox 809 1987 863 2012; x_wconf 84' lang='grc' dir='ltr'>τῶν</span> <span class='ocrx_word' id='word_1_527' title='bbox 892 1987 981 2014; x_wconf 83' lang='grc' dir='ltr'>πόνων</span> 
     </span>
    </p>
   </div>
   <div class='ocr_carea' id='block_1_73' title="bbox 195 2031 981 2066">
    <p class='ocr_par' dir='ltr' id='par_1_73' title="bbox 195 2031 981 2066">
     <span class='ocr_line' id='line_1_73' title="bbox 195 2031 981 2066; baseline 0 -8"><span class='ocrx_word' id='word_1_528' title='bbox 195 2032 379 2066; x_wconf 75' lang='grc' dir='ltr'>κομισαμένη·</span> <span class='ocrx_word' id='word_1_529' title='bbox 399 2031 504 2066; x_wconf 78' lang='grc' dir='ltr'>ἀθυμία</span> <span class='ocrx_word' id='word_1_530' title='bbox 519 2031 547 2058; x_wconf 77' lang='grc' dir='ltr'>δὲ</span> <span class='ocrx_word' id='word_1_531' title='bbox 562 2031 609 2058; x_wconf 84' lang='grc' dir='ltr'><strong>τδν</strong></span> <span class='ocrx_word' id='word_1_532' title='bbox 625 2031 734 2065; x_wconf 79' lang='grc' dir='ltr'>Γότθον,</span> <span class='ocrx_word' id='word_1_533' title='bbox 748 2033 811 2064; x_wconf 76' lang='grc' dir='ltr'>τοὺς</span> <span class='ocrx_word' id='word_1_534' title='bbox 827 2033 981 2066; x_wconf 81' lang='grc' dir='ltr'>προσήκον-</span> 
     </span>
    </p>
   </div>
   <div class='ocr_carea' id='block_1_74' title="bbox 195 2076 982 2112">
    <p class='ocr_par' dir='ltr' id='par_1_74' title="bbox 195 2076 982 2112">
     <span class='ocr_line' id='line_1_74' title="bbox 195 2076 982 2112; baseline 0.001 -10"><span class='ocrx_word' id='word_1_535' title='bbox 195 2085 254 2107; x_wconf 56' lang='grc' dir='ltr'>τα»,</span> <span class='ocrx_word' id='word_1_536' title='bbox 277 2077 340 2107; x_wconf 76' lang='grc' dir='ltr'>τοὺς</span> <span class='ocrx_word' id='word_1_537' title='bbox 365 2076 535 2111; x_wconf 73' lang='grc' dir='ltr'>ἐπιτηδείους</span> <span class='ocrx_word' id='word_1_538' title='bbox 560 2077 686 2112; x_wconf 76' lang='grc' dir='ltr'>κατεῖχεν</span> <span class='ocrx_word' id='word_1_539' title='bbox 699 2085 705 2091; x_wconf 70' lang='grc'><strong>⁸</strong></span> <span class='ocrx_word' id='word_1_540' title='bbox 722 2077 782 2103; x_wconf 78' lang='grc' dir='ltr'>ὅλον</span> <span class='ocrx_word' id='word_1_541' title='bbox 798 2076 920 2112; x_wconf 74' lang='grc' dir='ltr'>ἐπλήρου</span> <span class='ocrx_word' id='word_1_542' title='bbox 935 2078 982 2104; x_wconf 74' lang='grc' dir='ltr'><strong>τὸν</strong></span> 
     </span>
    </p>
   </div>
   <div class='ocr_carea' id='block_1_75' title="bbox 196 2120 982 2160">
    <p class='ocr_par' dir='ltr' id='par_1_75' title="bbox 196 2120 982 2160">
     <span class='ocr_line' id='line_1_75' title="bbox 196 2120 982 2160; baseline 0.001 -10"><span class='ocrx_word' id='word_1_543' title='bbox 196 2120 270 2150; x_wconf 75' lang='grc' dir='ltr'>οἷκον</span> <span class='ocrx_word' id='word_1_544' title='bbox 296 2122 388 2156; x_wconf 77' lang='grc' dir='ltr'>ἀηδὶα,</span> <span class='ocrx_word' id='word_1_545' title='bbox 410 2122 558 2157; x_wconf 81' lang='grc' dir='ltr'>στυγνότης</span> <span class='ocrx_word' id='word_1_546' title='bbox 575 2142 583 2155; x_wconf 95' lang='grc'><strong>,</strong></span> <span class='ocrx_word' id='word_1_547' title='bbox 612 2123 748 2157; x_wconf 85' lang='grc' dir='ltr'>κατήφεια</span> <span class='ocrx_word' id='word_1_548' title='bbox 771 2123 817 2150; x_wconf 65' lang='grc' dir='ltr'><strong>ἐπὶ</strong></span> <span class='ocrx_word' id='word_1_549' title='bbox 839 2125 872 2158; x_wconf 84' lang='grc' dir='ltr'>τῇ</span> <span class='ocrx_word' id='word_1_550' title='bbox 898 2123 982 2160; x_wconf 79' lang='grc' dir='ltr'>ἀώρῳ</span> 
     </span>
    </p>
   </div>
   <div class='ocr_carea' id='block_1_76' title="bbox 196 2168 984 2206">
    <p class='ocr_par' dir='ltr' id='par_1_76' title="bbox 196 2168 984 2206">
     <span class='ocr_line' id='line_1_76' title="bbox 196 2168 984 2206; baseline 0.003 -11"><span class='ocrx_word' id='word_1_551' title='bbox 196 2171 283 2204; x_wconf 83' lang='grc' dir='ltr'>ταύτῃ</span> <span class='ocrx_word' id='word_1_552' title='bbox 304 2168 356 2203; x_wconf 80' lang='grc' dir='ltr'><strong>τῆς</strong></span> <span class='ocrx_word' id='word_1_553' title='bbox 382 2169 512 2203; x_wconf 80' lang='grc' dir='ltr'>γυναικδς</span> <span class='ocrx_word' id='word_1_554' title='bbox 527 2169 651 2204; x_wconf 80' lang='grc' dir='ltr'>τελευτῇ.</span> <span class='ocrx_word' id='word_1_555' title='bbox 675 2169 744 2195; x_wconf 86' lang='grc' dir='ltr'>’Δλλ’</span> <span class='ocrx_word' id='word_1_556' title='bbox 754 2170 829 2204; x_wconf 80' lang='grc' dir='ltr'><strong>ὅμως</strong></span> <span class='ocrx_word' id='word_1_557' title='bbox 849 2171 896 2197; x_wconf 82' lang='grc' dir='ltr'>καὶ</span> <span class='ocrx_word' id='word_1_558' title='bbox 917 2170 984 2206; x_wconf 87' lang='grc' dir='ltr'>θρη-</span> 
     </span>
    </p>
   </div>
   <div class='ocr_carea' id='block_1_77' title="bbox 196 2215 982 2252">
    <p class='ocr_par' dir='ltr' id='par_1_77' title="bbox 196 2215 982 2252">
     <span class='ocr_line' id='line_1_77' title="bbox 196 2215 982 2252; baseline 0.001 -9"><span class='ocrx_word' id='word_1_559' title='bbox 196 2217 283 2244; x_wconf 80' lang='grc' dir='ltr'>νεϊται</span> <span class='ocrx_word' id='word_1_560' title='bbox 309 2216 374 2251; x_wconf 85' lang='grc' dir='ltr'>παρ’</span> <span class='ocrx_word' id='word_1_561' title='bbox 385 2216 476 2243; x_wconf 77' lang='grc' dir='ltr'>αὐτῶν</span> <span class='ocrx_word' id='word_1_562' title='bbox 498 2215 532 2242; x_wconf 72' lang='grc' dir='ltr'><strong>τὰ</strong></span> <span class='ocrx_word' id='word_1_563' title='bbox 555 2216 660 2248; x_wconf 80' lang='grc' dir='ltr'>εἰκότα,</span> <span class='ocrx_word' id='word_1_564' title='bbox 677 2217 769 2251; x_wconf 80' lang='grc' dir='ltr'>ταφῆς</span> <span class='ocrx_word' id='word_1_565' title='bbox 793 2225 823 2243; x_wconf 85' lang='grc' dir='ltr'><strong>τε</strong></span> <span class='ocrx_word' id='word_1_566' title='bbox 853 2217 982 2252; x_wconf 82' lang='grc' dir='ltr'>λαμπρᾶς</span> 
     </span>
    </p>
   </div>
   <div class='ocr_carea' id='block_1_78' title="bbox 196 2261 768 2295">
    <p class='ocr_par' dir='ltr' id='par_1_78' title="bbox 196 2261 768 2295">
     <span class='ocr_line' id='line_1_78' title="bbox 196 2261 768 2295; baseline -0.002 -6"><span class='ocrx_word' id='word_1_567' title='bbox 196 2261 330 2295; x_wconf 78' lang='grc' dir='ltr'>ἀξιοῦται,</span> <span class='ocrx_word' id='word_1_568' title='bbox 346 2262 393 2289; x_wconf 82' lang='grc' dir='ltr'>καὶ</span> <span class='ocrx_word' id='word_1_569' title='bbox 410 2261 566 2293; x_wconf 73' lang='grc' dir='ltr'>πολυτελῶς</span> <span class='ocrx_word' id='word_1_570' title='bbox 578 2261 768 2291; x_wconf 82' lang='grc' dir='ltr'>κατατίθεται.</span> 
     </span>
    </p>
   </div>
   <div class='ocr_carea' id='block_1_79' title="bbox 231 2306 982 2344">
    <p class='ocr_par' dir='ltr' id='par_1_79' title="bbox 231 2306 982 2344">
     <span class='ocr_line' id='line_1_79' title="bbox 231 2306 982 2344; baseline 0 -9"><span class='ocrx_word' id='word_1_571' title='bbox 231 2307 295 2335; x_wconf 86' lang='grc' dir='ltr'><strong>ΚΒ’.</strong></span> <span class='ocrx_word' id='word_1_572' title='bbox 318 2307 395 2333; x_wconf 82' lang='grc' dir='ltr'>Ἐπεὶ</span> <span class='ocrx_word' id='word_1_573' title='bbox 415 2307 443 2334; x_wconf 81' lang='grc' dir='ltr'>δὲ</span> <span class='ocrx_word' id='word_1_574' title='bbox 469 2306 539 2341; x_wconf 81' lang='grc' dir='ltr'>μετὰ.</span> <span class='ocrx_word' id='word_1_575' title='bbox 555 2307 604 2342; x_wconf 82' lang='grc' dir='ltr'>τὴν</span> <span class='ocrx_word' id='word_1_576' title='bbox 633 2307 723 2342; x_wconf 83' lang='grc' dir='ltr'>ταφὴν</span> <span class='ocrx_word' id='word_1_577' title='bbox 748 2306 819 2334; x_wconf 79' lang='grc' dir='ltr'>ἑπτά</span> <span class='ocrx_word' id='word_1_578' title='bbox 844 2307 982 2344; x_wconf 81' lang='grc' dir='ltr'>παρῆλθον</span> 
     </span>
    </p>
   </div>
   <div class='ocr_carea' id='block_1_80' title="bbox 197 2353 984 2391">
    <p class='ocr_par' dir='ltr' id='par_1_80' title="bbox 197 2353 984 2391">
     <span class='ocr_line' id='line_1_80' title="bbox 197 2353 984 2391; baseline -0.003 -9"><span class='ocrx_word' id='word_1_579' title='bbox 197 2356 310 2391; x_wconf 82' lang='grc' dir='ltr'>ἡμέραι,</span> <span class='ocrx_word' id='word_1_580' title='bbox 327 2355 374 2382; x_wconf 70' lang='grc' dir='ltr'>καὶ</span> <span class='ocrx_word' id='word_1_581' title='bbox 393 2353 492 2385; x_wconf 77' lang='grc' dir='ltr'>ίκανῶς</span> <span class='ocrx_word' id='word_1_582' title='bbox 507 2353 571 2388; x_wconf 67' lang='grc' dir='ltr'><strong>περὶ¹</strong></span> <span class='ocrx_word' id='word_1_583' title='bbox 587 2354 619 2380; x_wconf 83' lang='grc' dir='ltr'>τὸ</span> <span class='ocrx_word' id='word_1_584' title='bbox 655 2353 742 2385; x_wconf 79' lang='grc' dir='ltr'>πάθος</span> <span class='ocrx_word' id='word_1_585' title='bbox 766 2354 926 2390; x_wconf 72' lang='grc' dir='ltr'>ἠσχόληντο,</span> <span class='ocrx_word' id='word_1_586' title='bbox 941 2353 984 2380; x_wconf 76' lang='grc' dir='ltr'><strong>ἔν-</strong></span> 
     </span>
    </p>
   </div>
   <div class='ocr_carea' id='block_1_81' title="bbox 196 2398 984 2434">
    <p class='ocr_par' dir='ltr' id='par_1_81' title="bbox 196 2398 984 2434">
     <span class='ocr_line' id='line_1_81' title="bbox 196 2398 984 2434; baseline -0.004 -6"><span class='ocrx_word' id='word_1_587' title='bbox 196 2401 257 2428; x_wconf 82' lang='grc' dir='ltr'>νοιά</span> <span class='ocrx_word' id='word_1_588' title='bbox 281 2409 324 2432; x_wconf 85' lang='grc' dir='ltr'><strong>τις</strong></span> <span class='ocrx_word' id='word_1_589' title='bbox 347 2401 439 2431; x_wconf 77' lang='grc' dir='ltr'>αὐτοῖς</span> <span class='ocrx_word' id='word_1_590' title='bbox 456 2400 561 2433; x_wconf 87' lang='grc' dir='ltr'>γίνεται</span> <span class='ocrx_word' id='word_1_591' title='bbox 575 2400 608 2434; x_wconf 85' lang='grc' dir='ltr'>τῇ</span> <span class='ocrx_word' id='word_1_592' title='bbox 624 2398 673 2433; x_wconf 84' lang='grc' dir='ltr'><strong>τῆς</strong></span> <span class='ocrx_word' id='word_1_593' title='bbox 693 2398 892 2433; x_wconf 70' lang='grc' dir='ltr'>αἰχμαλώτιδος</span> <span class='ocrx_word' id='word_1_594' title='bbox 923 2399 984 2425; x_wconf 77' lang='grc' dir='ltr'>ὲπι-</span> 
     </span>
    </p>
   </div>
   <div class='ocr_carea' id='block_1_82' title="bbox 199 2445 984 2482">
    <p class='ocr_par' dir='ltr' id='par_1_82' title="bbox 199 2445 984 2482">
     <span class='ocr_line' id='line_1_82' title="bbox 199 2445 984 2482; baseline -0.003 -9"><span class='ocrx_word' id='word_1_595' title='bbox 199 2448 281 2482; x_wconf 84' lang='grc' dir='ltr'>6ουλῇ</span> <span class='ocrx_word' id='word_1_596' title='bbox 310 2446 437 2474; x_wconf 78' lang='grc' dir='ltr'>τεθνάναι</span> <span class='ocrx_word' id='word_1_597' title='bbox 467 2445 574 2477; x_wconf 80' lang='grc' dir='ltr'>τούτοις</span> <span class='ocrx_word' id='word_1_598' title='bbox 604 2445 654 2480; x_wconf 83' lang='grc' dir='ltr'>τὴν</span> <span class='ocrx_word' id='word_1_599' title='bbox 683 2445 816 2479; x_wconf 83' lang='grc' dir='ltr'>συγγενῆ.</span> <span class='ocrx_word' id='word_1_600' title='bbox 842 2445 984 2472; x_wconf 83' lang='grc' dir='ltr'>Ἐντεῦθεν</span> 
     </span>
    </p>
   </div>
   <div class='ocr_carea' id='block_1_83' title="bbox 199 2490 985 2527">
    <p class='ocr_par' dir='ltr' id='par_1_83' title="bbox 199 2490 985 2527">
     <span class='ocr_line' id='line_1_83' title="bbox 199 2490 985 2527; baseline -0.004 -7"><span class='ocrx_word' id='word_1_601' title='bbox 199 2493 341 2520; x_wconf 74' lang='grc' dir='ltr'>ἐϐούλοντο</span> <span class='ocrx_word' id='word_1_602' title='bbox 355 2493 404 2527; x_wconf 73' lang='grc' dir='ltr'>μὲν</span> <span class='ocrx_word' id='word_1_603' title='bbox 430 2491 513 2527; x_wconf 84' lang='grc' dir='ltr'>αὐτὴν</span> <span class='ocrx_word' id='word_1_604' title='bbox 528 2491 696 2527; x_wconf 84' lang='grc' dir='ltr'>παραδοῦναι</span> <span class='ocrx_word' id='word_1_605' title='bbox 710 2490 750 2526; x_wconf 83' lang='grc' dir='ltr'><strong>τῷ</strong></span> <span class='ocrx_word' id='word_1_606' title='bbox 769 2492 894 2526; x_wconf 79' lang='grc' dir='ltr'>ἡγεμόνι,</span> <span class='ocrx_word' id='word_1_607' title='bbox 911 2491 985 2522; x_wconf 79' lang='grc' dir='ltr'>ὅπως</span> 
     </span>
    </p>
   </div>
   <div class='ocr_carea' id='block_1_84' title="bbox 200 2536 985 2573">
    <p class='ocr_par' dir='ltr' id='par_1_84' title="bbox 200 2536 985 2573">
     <span class='ocr_line' id='line_1_84' title="bbox 200 2536 985 2573; baseline -0.004 -7"><span class='ocrx_word' id='word_1_608' title='bbox 200 2539 246 2566; x_wconf 79' lang='grc' dir='ltr'><strong>ὑπ’</strong></span> <span class='ocrx_word' id='word_1_609' title='bbox 261 2538 368 2565; x_wconf 67' lang='grc' dir='ltr'>ἐκείνου</span> <span class='ocrx_word' id='word_1_610' title='bbox 381 2538 550 2573; x_wconf 82' lang='grc' dir='ltr'>ἀναιρεθείη·</span> <span class='ocrx_word' id='word_1_611' title='bbox 569 2538 599 2565; x_wconf 86' lang='grc' dir='ltr'>οὐ</span> <span class='ocrx_word' id='word_1_612' title='bbox 615 2538 669 2572; x_wconf 75' lang='grc' dir='ltr'><strong>γὰρ</strong></span> <span class='ocrx_word' id='word_1_613' title='bbox 687 2537 750 2572; x_wconf 72' lang='grc' dir='ltr'><strong>ἐξῆν</strong></span> <span class='ocrx_word' id='word_1_614' title='bbox 770 2537 863 2568; x_wconf 82' lang='grc' dir='ltr'>αὐτοῖς</span> <span class='ocrx_word' id='word_1_615' title='bbox 879 2536 985 2571; x_wconf 80' lang='grc' dir='ltr'>ἀνθρώ·</span> 
     </span>
    </p>
   </div>
   <div class='ocr_carea' id='block_1_85' title="bbox 200 2581 985 2621">
    <p class='ocr_par' dir='ltr' id='par_1_85' title="bbox 200 2581 985 2621">
     <span class='ocr_line' id='line_1_85' title="bbox 200 2581 985 2621; baseline -0.004 -9"><span class='ocrx_word' id='word_1_616' title='bbox 200 2594 245 2621; x_wconf 87' lang='grc' dir='ltr'><strong>πῳ</strong></span> <span class='ocrx_word' id='word_1_617' title='bbox 269 2585 380 2620; x_wconf 76' lang='grc' dir='ltr'>σίδηρον</span> <span class='ocrx_word' id='word_1_618' title='bbox 403 2585 577 2618; x_wconf 65' lang='grc' dir='ltr'>ἐπιτρέπειν·</span> <span class='ocrx_word' id='word_1_619' title='bbox 594 2584 655 2610; x_wconf 72' lang='grc' dir='ltr'>ἐπεὶ</span> <span class='ocrx_word' id='word_1_620' title='bbox 676 2584 706 2611; x_wconf 64' lang='grc' dir='ltr'>δὲ</span> <span class='ocrx_word' id='word_1_621' title='bbox 731 2583 881 2618; x_wconf 78' lang='grc' dir='ltr'>ἀποδημῶν</span> <span class='ocrx_word' id='word_1_622' title='bbox 909 2581 985 2614; x_wconf 78' lang='grc' dir='ltr'>οὗτος</span> 
     </span>
    </p>
   </div>
   <div class='ocr_carea' id='block_1_86' title="bbox 200 2629 986 2667">
    <p class='ocr_par' dir='ltr' id='par_1_86' title="bbox 200 2629 986 2667">
     <span class='ocr_line' id='line_1_86' title="bbox 200 2629 986 2667; baseline -0.004 -9"><span class='ocrx_word' id='word_1_623' title='bbox 200 2632 305 2667; x_wconf 72' lang='grc' dir='ltr'>ἔτυχεν,</span> <span class='ocrx_word' id='word_1_624' title='bbox 328 2630 406 2658; x_wconf 80' lang='grc' dir='ltr'>αὐτοὶ</span> <span class='ocrx_word' id='word_1_625' title='bbox 432 2629 493 2657; x_wconf 85' lang='grc' dir='ltr'>καθ’</span> <span class='ocrx_word' id='word_1_626' title='bbox 517 2629 628 2661; x_wconf 69' lang='grc' dir='ltr'>ἑαυτοὺς</span> <span class='ocrx_word' id='word_1_627' title='bbox 657 2629 932 2664; x_wconf 77' lang='grc' dir='ltr'>συνδιασκεψάμενοι,</span> <span class='ocrx_word' id='word_1_628' title='bbox 957 2629 986 2655; x_wconf 79' lang='grc' dir='ltr'>ὲν</span> 
     </span>
    </p>
   </div>
   <div class='ocr_carea' id='block_1_87' title="bbox 201 2674 987 2714">
    <p class='ocr_par' dir='ltr' id='par_1_87' title="bbox 201 2674 987 2714">
     <span class='ocr_line' id='line_1_87' title="bbox 201 2674 987 2714; baseline -0.004 -10"><span class='ocrx_word' id='word_1_629' title='bbox 201 2674 277 2714; x_wconf 82' lang='grc' dir='ltr'>ᾧπερ</span> <span class='ocrx_word' id='word_1_630' title='bbox 291 2678 307 2712; x_wconf 83' lang='grc' dir='ltr'>ἡ</span> <span class='ocrx_word' id='word_1_631' title='bbox 319 2676 366 2704; x_wconf 82' lang='grc' dir='ltr'><strong>τοῦ</strong></span> <span class='ocrx_word' id='word_1_632' title='bbox 382 2676 481 2703; x_wconf 82' lang='grc' dir='ltr'>Γότθου</span> <span class='ocrx_word' id='word_1_633' title='bbox 499 2674 613 2709; x_wconf 75' lang='grc' dir='ltr'>οὗζυγος</span> <span class='ocrx_word' id='word_1_634' title='bbox 631 2675 780 2702; x_wconf 81' lang='grc' dir='ltr'>ὲντέθαπτο</span> <span class='ocrx_word' id='word_1_635' title='bbox 807 2675 930 2710; x_wconf 86' lang='grc' dir='ltr'>μνήματι</span> <span class='ocrx_word' id='word_1_636' title='bbox 956 2675 987 2701; x_wconf 81' lang='grc' dir='ltr'><strong>τό</strong></span> 
     </span>
    </p>
   </div>
   <div class='ocr_carea' id='block_1_88' title="bbox 201 2721 988 2759">
    <p class='ocr_par' dir='ltr' id='par_1_88' title="bbox 201 2721 988 2759">
     <span class='ocr_line' id='line_1_88' title="bbox 201 2721 988 2759; baseline -0.005 -8"><span class='ocrx_word' id='word_1_637' title='bbox 201 2733 233 2759; x_wconf 85' lang='grc' dir='ltr'>γε</span> <span class='ocrx_word' id='word_1_638' title='bbox 258 2723 306 2751; x_wconf 85' lang='grc' dir='ltr'><strong>νῦν</strong></span> <span class='ocrx_word' id='word_1_639' title='bbox 325 2723 386 2758; x_wconf 77' lang='grc' dir='ltr'>ἔχον</span> <span class='ocrx_word' id='word_1_640' title='bbox 413 2721 499 2758; x_wconf 84' lang='grc' dir='ltr'>αὐτὴν</span> <span class='ocrx_word' id='word_1_641' title='bbox 523 2721 725 2754; x_wconf 79' lang='grc' dir='ltr'>κατακλείουσι,</span> <span class='ocrx_word' id='word_1_642' title='bbox 754 2721 821 2755; x_wconf 86' lang='grc' dir='ltr'>λίθῳ</span> <span class='ocrx_word' id='word_1_643' title='bbox 846 2729 876 2747; x_wconf 89' lang='grc' dir='ltr'><strong>τε</strong></span> <span class='ocrx_word' id='word_1_644' title='bbox 892 2721 988 2756; x_wconf 80' lang='grc' dir='ltr'>τραχεῖ</span> 
     </span>
    </p>
   </div>
   <div class='ocr_carea' id='block_1_89' title="bbox 202 2767 987 2806">
    <p class='ocr_par' dir='ltr' id='par_1_89' title="bbox 202 2767 987 2806">
     <span class='ocr_line' id='line_1_89' title="bbox 202 2767 987 2806; baseline -0.005 -8"><span class='ocrx_word' id='word_1_645' title='bbox 202 2772 248 2798; x_wconf 87' lang='grc' dir='ltr'><strong>τδν</strong></span> <span class='ocrx_word' id='word_1_646' title='bbox 264 2771 350 2806; x_wconf 81' lang='grc' dir='ltr'>τάφον</span> <span class='ocrx_word' id='word_1_647' title='bbox 367 2769 602 2804; x_wconf 74' lang='grc' dir='ltr'>διασφαλίζονται,</span> <span class='ocrx_word' id='word_1_648' title='bbox 625 2768 672 2794; x_wconf 81' lang='grc' dir='ltr'>καὶ</span> <span class='ocrx_word' id='word_1_649' title='bbox 697 2767 821 2802; x_wconf 81' lang='grc' dir='ltr'>φύλακας</span> <span class='ocrx_word' id='word_1_650' title='bbox 833 2767 908 2802; x_wconf 81' lang='grc' dir='ltr'><strong>αὐτῷ</strong></span> <span class='ocrx_word' id='word_1_651' title='bbox 927 2769 987 2802; x_wconf 72' lang='grc' dir='ltr'>ἐφι-</span> 
     </span>
    </p>
   </div>
   <div class='ocr_carea' id='block_1_90' title="bbox 206 2813 987 2852">
    <p class='ocr_par' dir='ltr' id='par_1_90' title="bbox 206 2813 987 2852">
     <span class='ocr_line' id='line_1_90' title="bbox 206 2813 987 2852; baseline -0.008 -7"><span class='ocrx_word' id='word_1_652' title='bbox 206 2818 295 2845; x_wconf 75' lang='grc' dir='ltr'>στᾶσι.</span> <span class='ocrx_word' id='word_1_653' title='bbox 313 2815 523 2852; x_wconf 71' lang='grc' dir='ltr'>Προσὸαλούσης</span> <span class='ocrx_word' id='word_1_654' title='bbox 538 2814 567 2841; x_wconf 84' lang='grc' dir='ltr'>δὲ</span> <span class='ocrx_word' id='word_1_655' title='bbox 579 2815 647 2850; x_wconf 83' lang='grc' dir='ltr'>αὐτῇ</span> <span class='ocrx_word' id='word_1_656' title='bbox 663 2814 711 2849; x_wconf 79' lang='grc' dir='ltr'><strong>τῆς</strong></span> <span class='ocrx_word' id='word_1_657' title='bbox 725 2813 773 2840; x_wconf 85' lang='grc' dir='ltr'><strong>τοῦ</strong></span> <span class='ocrx_word' id='word_1_658' title='bbox 787 2813 886 2849; x_wconf 79' lang='grc' dir='ltr'>νεκροῦ</span> <span class='ocrx_word' id='word_1_659' title='bbox 901 2814 987 2840; x_wconf 84' lang='grc' dir='ltr'>δυσω-</span> 
     </span>
    </p>
   </div>
   <div class='ocr_carea' id='block_1_91' title="bbox 205 2859 988 2897">
    <p class='ocr_par' dir='ltr' id='par_1_91' title="bbox 205 2859 988 2897">
     <span class='ocr_line' id='line_1_91' title="bbox 205 2859 988 2897; baseline -0.006 -6"><span class='ocrx_word' id='word_1_660' title='bbox 205 2864 274 2896; x_wconf 78' lang='grc' dir='ltr'>δίας,</span> <span class='ocrx_word' id='word_1_661' title='bbox 302 2862 402 2897; x_wconf 82' lang='grc' dir='ltr'>πολλῆς</span> <span class='ocrx_word' id='word_1_662' title='bbox 423 2861 628 2896; x_wconf 82' lang='grc' dir='ltr'>άναπλησϐεἰσα</span> <span class='ocrx_word' id='word_1_663' title='bbox 656 2861 705 2895; x_wconf 80' lang='grc' dir='ltr'>τῆς</span> <span class='ocrx_word' id='word_1_664' title='bbox 729 2860 824 2895; x_wconf 76' lang='grc' dir='ltr'>ἀηδίας</span> <span class='ocrx_word' id='word_1_665' title='bbox 839 2859 949 2894; x_wconf 77' lang='grc' dir='ltr'>’Κύριε</span> <span class='ocrx_word' id='word_1_666' title='bbox 973 2861 988 2886; x_wconf 85' lang='grc' dir='ltr'><strong>δ</strong></span> 
     </span>
    </p>
   </div>
   <div class='ocr_carea' id='block_1_92' title="bbox 206 2905 987 2944">
    <p class='ocr_par' dir='ltr' id='par_1_92' title="bbox 206 2905 987 2944">
     <span class='ocr_line' id='line_1_92' title="bbox 206 2905 987 2944; baseline -0.005 -7"><span class='ocrx_word' id='word_1_667' title='bbox 206 2910 272 2942; x_wconf 70' lang='grc' dir='ltr'><strong>Θεός</strong></span> <span class='ocrx_word' id='word_1_668' title='bbox 290 2908 343 2936; x_wconf 83' lang='grc' dir='ltr'><strong>τῶν</strong></span> <span class='ocrx_word' id='word_1_669' title='bbox 365 2908 516 2944; x_wconf 76' lang='grc' dir='ltr'>δυνάμεων,</span> <span class='ocrx_word' id='word_1_670' title='bbox 534 2907 551 2943; x_wconf 78' lang='grc' dir='ltr'>ἡ</span> <span class='ocrx_word' id='word_1_671' title='bbox 577 2907 642 2939; x_wconf 83' lang='grc' dir='ltr'>παῖς</span> <span class='ocrx_word' id='word_1_672' title='bbox 655 2905 760 2941; x_wconf 74' lang='grc' dir='ltr'>ἔλεγεν,</span> <span class='ocrx_word' id='word_1_673' title='bbox 780 2905 794 2931; x_wconf 84' lang='grc' dir='ltr'><strong>ό</strong></span> <span class='ocrx_word' id='word_1_674' title='bbox 814 2905 848 2932; x_wconf 66' lang='grc' dir='ltr'>τὰ</span> <span class='ocrx_word' id='word_1_675' title='bbox 864 2905 918 2932; x_wconf 83' lang='grc' dir='ltr'>τῶν</span> <span class='ocrx_word' id='word_1_676' title='bbox 934 2905 987 2933; x_wconf 78' lang='grc' dir='ltr'><strong>σῶν</strong></span> 
     </span>
    </p>
   </div>
   <div class='ocr_carea' id='block_1_93' title="bbox 1027 1613 1814 1652">
    <p class='ocr_par' dir='ltr' id='par_1_93' title="bbox 1027 1613 1814 1652">
     <span class='ocr_line' id='line_1_93' title="bbox 1027 1613 1814 1652; baseline -0.01 -3"><span class='ocrx_word' id='word_1_677' title='bbox 1027 1625 1141 1649; x_wconf 78' lang='lat' dir='ltr'><strong>necatus</strong></span> <span class='ocrx_word' id='word_1_678' title='bbox 1160 1627 1274 1648; x_wconf 84' lang='lat' dir='ltr'><strong>veneno.</strong></span> <span class='ocrx_word' id='word_1_679' title='bbox 1289 1619 1366 1652; x_wconf 86' lang='lat' dir='ltr'><strong>Quod</strong></span> <span class='ocrx_word' id='word_1_680' title='bbox 1383 1619 1405 1646; x_wconf 83' lang='lat' dir='ltr'><strong>si</strong></span> <span class='ocrx_word' id='word_1_681' title='bbox 1420 1618 1446 1645; x_wconf 90' lang='lat' dir='ltr'><strong>id</strong></span> <span class='ocrx_word' id='word_1_682' title='bbox 1461 1625 1523 1645; x_wconf 75' lang='lat' dir='ltr'><strong>eam</strong></span> <span class='ocrx_word' id='word_1_683' title='bbox 1537 1616 1730 1647; x_wconf 73' lang='lat' dir='ltr'><strong>interfecisset,</strong></span> <span class='ocrx_word' id='word_1_684' title='bbox 1746 1613 1814 1642; x_wconf 87' lang='lat' dir='ltr'><strong>illud</strong></span> 
     </span>
    </p>
   </div>
   <div class='ocr_carea' id='block_1_94' title="bbox 1027 1661 1814 1701">
    <p class='ocr_par' dir='ltr' id='par_1_94' title="bbox 1027 1661 1814 1701">
     <span class='ocr_line' id='line_1_94' title="bbox 1027 1661 1814 1701; baseline -0.011 -6"><span class='ocrx_word' id='word_1_685' title='bbox 1027 1667 1141 1695; x_wconf 88' lang='lat' dir='ltr'><strong>omnino</strong></span> <span class='ocrx_word' id='word_1_686' title='bbox 1162 1673 1275 1701; x_wconf 83' lang='lat' dir='ltr'><strong>passura</strong></span> <span class='ocrx_word' id='word_1_687' title='bbox 1294 1669 1377 1696; x_wconf 83' lang='lat' dir='ltr'><strong>esset,</strong></span> <span class='ocrx_word' id='word_1_688' title='bbox 1393 1663 1466 1699; x_wconf 85' lang='lat' dir='ltr'><strong>quod</strong></span> <span class='ocrx_word' id='word_1_689' title='bbox 1488 1663 1546 1698; x_wconf 88' lang='lat' dir='ltr'><strong>ipsa</strong></span> <span class='ocrx_word' id='word_1_690' title='bbox 1561 1662 1637 1690; x_wconf 88' lang='lat' dir='ltr'><strong>fecit.</strong></span> <span class='ocrx_word' id='word_1_691' title='bbox 1658 1661 1725 1689; x_wconf 89' lang='lat' dir='ltr'><strong>Cum</strong></span> <span class='ocrx_word' id='word_1_692' title='bbox 1749 1665 1814 1695; x_wconf 82' lang='lat' dir='ltr'><strong>ergo</strong></span> 
     </span>
    </p>
   </div>
   <div class='ocr_carea' id='block_1_95' title="bbox 1028 1706 1816 1744">
    <p class='ocr_par' dir='ltr' id='par_1_95' title="bbox 1028 1706 1816 1744">
     <span class='ocr_line' id='line_1_95' title="bbox 1028 1706 1816 1744; baseline -0.01 -4"><span class='ocrx_word' id='word_1_693' title='bbox 1028 1712 1122 1741; x_wconf 85' lang='lat' dir='ltr'><strong>Gotthi</strong></span> <span class='ocrx_word' id='word_1_694' title='bbox 1151 1719 1219 1739; x_wconf 77' lang='lat' dir='ltr'><strong>uxor</strong></span> <span class='ocrx_word' id='word_1_695' title='bbox 1246 1710 1316 1738; x_wconf 87' lang='lat' dir='ltr'><strong>nihil</strong></span> <span class='ocrx_word' id='word_1_696' title='bbox 1343 1710 1408 1737; x_wconf 82' lang='lat' dir='ltr'><strong>mali</strong></span> <span class='ocrx_word' id='word_1_697' title='bbox 1440 1709 1647 1744; x_wconf 79' lang='lat' dir='ltr'><strong>suspicaretur,</strong></span> <span class='ocrx_word' id='word_1_698' title='bbox 1675 1706 1816 1741; x_wconf 74' lang='lat' dir='ltr'><strong>accipiens</strong></span> 
     </span>
    </p>
   </div>
   <div class='ocr_carea' id='block_1_96' title="bbox 1029 1751 1814 1790">
    <p class='ocr_par' dir='ltr' id='par_1_96' title="bbox 1029 1751 1814 1790">
     <span class='ocr_line' id='line_1_96' title="bbox 1029 1751 1814 1790; baseline -0.01 -4"><span class='ocrx_word' id='word_1_699' title='bbox 1029 1757 1117 1786; x_wconf 86' lang='lat' dir='ltr'><strong>ebibit</strong></span> <span class='ocrx_word' id='word_1_700' title='bbox 1135 1757 1262 1788; x_wconf 76' lang='lat' dir='ltr'><strong>calicem,</strong></span> <span class='ocrx_word' id='word_1_701' title='bbox 1285 1756 1434 1790; x_wconf 80' lang='lat' dir='ltr'><strong>statimque</strong></span> <span class='ocrx_word' id='word_1_702' title='bbox 1456 1755 1534 1782; x_wconf 84' lang='lat' dir='ltr'><strong>labor</strong></span> <span class='ocrx_word' id='word_1_703' title='bbox 1558 1760 1708 1781; x_wconf 81' lang='lat' dir='ltr'><strong>conversus</strong></span> <span class='ocrx_word' id='word_1_704' title='bbox 1723 1757 1766 1779; x_wconf 86' lang='lat' dir='ltr'><strong>est</strong></span> <span class='ocrx_word' id='word_1_705' title='bbox 1786 1751 1814 1779; x_wconf 92' lang='lat' dir='ltr'><strong>in</strong></span> 
     </span>
    </p>
   </div>
   <div class='ocr_carea' id='block_1_97' title="bbox 1029 1799 1816 1840">
    <p class='ocr_par' dir='ltr' id='par_1_97' title="bbox 1029 1799 1816 1840">
     <span class='ocr_line' id='line_1_97' title="bbox 1029 1799 1816 1840; baseline -0.01 -7"><span class='ocrx_word' id='word_1_706' title='bbox 1029 1808 1122 1840; x_wconf 81' lang='lat' dir='ltr'><strong>caput,</strong></span> <span class='ocrx_word' id='word_1_707' title='bbox 1144 1808 1173 1831; x_wconf 87' lang='lat' dir='ltr'><strong>et</strong></span> <span class='ocrx_word' id='word_1_708' title='bbox 1192 1803 1222 1830; x_wconf 89' lang='lat' dir='ltr'><strong>in</strong></span> <span class='ocrx_word' id='word_1_709' title='bbox 1243 1803 1305 1838; x_wconf 80' lang='lat' dir='ltr'><strong>ejus</strong></span> <span class='ocrx_word' id='word_1_710' title='bbox 1320 1803 1453 1830; x_wconf 76' lang='lat' dir='ltr'><strong>Verticem</strong></span> <span class='ocrx_word' id='word_1_711' title='bbox 1470 1799 1614 1828; x_wconf 86' lang='lat' dir='ltr'><strong>descendit</strong></span> <span class='ocrx_word' id='word_1_712' title='bbox 1630 1799 1772 1834; x_wconf 85' lang='lat' dir='ltr'><strong>iniquitas,</strong></span> <span class='ocrx_word' id='word_1_713' title='bbox 1786 1801 1816 1825; x_wconf 84' lang='lat' dir='ltr'><strong>et</strong></span> 
     </span>
    </p>
   </div>
   <div class='ocr_carea' id='block_1_98' title="bbox 1030 1847 1816 1884">
    <p class='ocr_par' dir='ltr' id='par_1_98' title="bbox 1030 1847 1816 1884">
     <span class='ocr_line' id='line_1_98' title="bbox 1030 1847 1816 1884; baseline -0.008 -6"><span class='ocrx_word' id='word_1_714' title='bbox 1030 1850 1129 1879; x_wconf 89' lang='lat' dir='ltr'><strong>cecidit</strong></span> <span class='ocrx_word' id='word_1_715' title='bbox 1152 1850 1179 1877; x_wconf 94' lang='lat' dir='ltr'><strong>in</strong></span> <span class='ocrx_word' id='word_1_716' title='bbox 1202 1849 1307 1877; x_wconf 86' lang='lat' dir='ltr'><strong>foveam</strong></span> <span class='ocrx_word' id='word_1_717' title='bbox 1324 1856 1406 1884; x_wconf 91' lang='lat' dir='ltr'><strong>quam</strong></span> <span class='ocrx_word' id='word_1_718' title='bbox 1433 1847 1499 1875; x_wconf 90' lang='lat' dir='ltr'><strong>fecit</strong></span> <span class='ocrx_word' id='word_1_719' title='bbox 1522 1856 1530 1874; x_wconf 88' lang='lat'><strong>:</strong></span> <span class='ocrx_word' id='word_1_720' title='bbox 1552 1847 1666 1881; x_wconf 83' lang='lat' dir='ltr'><strong>ctjuste</strong></span> <span class='ocrx_word' id='word_1_721' title='bbox 1688 1851 1816 1879; x_wconf 83' lang='lat' dir='ltr'><strong>compre-</strong></span> 
     </span>
    </p>
   </div>
   <div class='ocr_carea' id='block_1_99' title="bbox 1030 1890 1816 1929">
    <p class='ocr_par' dir='ltr' id='par_1_99' title="bbox 1030 1890 1816 1929">
     <span class='ocr_line' id='line_1_99' title="bbox 1030 1890 1816 1929; baseline -0.011 -5"><span class='ocrx_word' id='word_1_722' title='bbox 1030 1897 1116 1925; x_wconf 84' lang='lat' dir='ltr'><strong>ltensa</strong></span> <span class='ocrx_word' id='word_1_723' title='bbox 1137 1895 1190 1923; x_wconf 91' lang='lat' dir='ltr'><strong>fuit</strong></span> <span class='ocrx_word' id='word_1_724' title='bbox 1212 1895 1240 1922; x_wconf 88' lang='lat' dir='ltr'><strong>in</strong></span> <span class='ocrx_word' id='word_1_725' title='bbox 1264 1896 1379 1929; x_wconf 85' lang='lat' dir='ltr'><strong>laqueo,</strong></span> <span class='ocrx_word' id='word_1_726' title='bbox 1405 1900 1488 1928; x_wconf 89' lang='lat' dir='ltr'><strong>quem</strong></span> <span class='ocrx_word' id='word_1_727' title='bbox 1512 1892 1703 1920; x_wconf 83' lang='lat' dir='ltr'><strong>absconderat.</strong></span> <span class='ocrx_word' id='word_1_728' title='bbox 1726 1890 1816 1924; x_wconf 82' lang='lat' dir='ltr'><strong>Alque</strong></span> 
     </span>
    </p>
   </div>
   <div class='ocr_carea' id='block_1_100' title="bbox 1031 1936 1816 1976">
    <p class='ocr_par' dir='ltr' id='par_1_100' title="bbox 1031 1936 1816 1976">
     <span class='ocr_line' id='line_1_100' title="bbox 1031 1936 1816 1976; baseline -0.01 -7"><span class='ocrx_word' id='word_1_729' title='bbox 1031 1942 1077 1969; x_wconf 85' lang='lat' dir='ltr'><strong>illa</strong></span> <span class='ocrx_word' id='word_1_730' title='bbox 1092 1942 1200 1976; x_wconf 79' lang='lat' dir='ltr'><strong>quidem</strong></span> <span class='ocrx_word' id='word_1_731' title='bbox 1219 1941 1327 1976; x_wconf 85' lang='lat' dir='ltr'><strong>jacebat</strong></span> <span class='ocrx_word' id='word_1_732' title='bbox 1349 1944 1468 1972; x_wconf 83' lang='lat' dir='ltr'><strong>mortua,</strong></span> <span class='ocrx_word' id='word_1_733' title='bbox 1487 1943 1600 1967; x_wconf 87' lang='lat' dir='ltr'><strong>extenso</strong></span> <span class='ocrx_word' id='word_1_734' title='bbox 1615 1944 1741 1971; x_wconf 82' lang='lat' dir='ltr'><strong>corpore,</strong></span> <span class='ocrx_word' id='word_1_735' title='bbox 1759 1936 1816 1962; x_wconf 92' lang='lat' dir='ltr'><strong>fru-</strong></span> 
     </span>
    </p>
   </div>
   <div class='ocr_carea' id='block_1_101' title="bbox 1031 1983 1815 2021">
    <p class='ocr_par' dir='ltr' id='par_1_101' title="bbox 1031 1983 1815 2021">
     <span class='ocr_line' id='line_1_101' title="bbox 1031 1983 1815 2021; baseline -0.008 -8"><span class='ocrx_word' id='word_1_736' title='bbox 1031 1990 1093 2014; x_wconf 90' lang='lat' dir='ltr'><strong>ctus</strong></span> <span class='ocrx_word' id='word_1_737' title='bbox 1107 1986 1198 2013; x_wconf 83' lang='lat' dir='ltr'><strong>ferens</strong></span> <span class='ocrx_word' id='word_1_738' title='bbox 1219 1987 1315 2021; x_wconf 81' lang='lat' dir='ltr'><strong>dignos</strong></span> <span class='ocrx_word' id='word_1_739' title='bbox 1337 1986 1490 2014; x_wconf 88' lang='lat' dir='ltr'><strong>laboribus.</strong></span> <span class='ocrx_word' id='word_1_740' title='bbox 1510 1984 1600 2011; x_wconf 79' lang='lat' dir='ltr'><strong>Animi</strong></span> <span class='ocrx_word' id='word_1_741' title='bbox 1623 1987 1714 2010; x_wconf 93' lang='lat' dir='ltr'><strong>autem</strong></span> <span class='ocrx_word' id='word_1_742' title='bbox 1736 1983 1815 2015; x_wconf 49' lang='lat' dir='ltr'><strong>aegri-</strong></span> 
     </span>
    </p>
   </div>
   <div class='ocr_carea' id='block_1_102' title="bbox 1033 2029 1818 2066">
    <p class='ocr_par' dir='ltr' id='par_1_102' title="bbox 1033 2029 1818 2066">
     <span class='ocr_line' id='line_1_102' title="bbox 1033 2029 1818 2066; baseline -0.008 -7"><span class='ocrx_word' id='word_1_743' title='bbox 1033 2032 1099 2059; x_wconf 88' lang='lat' dir='ltr'><strong>tudo</strong></span> <span class='ocrx_word' id='word_1_744' title='bbox 1121 2031 1258 2060; x_wconf 81' lang='lat' dir='ltr'><strong>invaserat</strong></span> <span class='ocrx_word' id='word_1_745' title='bbox 1280 2032 1422 2064; x_wconf 78' lang='lat' dir='ltr'><strong>Gotthum,</strong></span> <span class='ocrx_word' id='word_1_746' title='bbox 1448 2032 1563 2066; x_wconf 82' lang='lat' dir='ltr'><strong>ejusque</strong></span> <span class='ocrx_word' id='word_1_747' title='bbox 1580 2029 1769 2059; x_wconf 86' lang='lat' dir='ltr'><strong>necessarios,</strong></span> <span class='ocrx_word' id='word_1_748' title='bbox 1789 2030 1818 2053; x_wconf 92' lang='lat' dir='ltr'><strong>et</strong></span> 
     </span>
    </p>
   </div>
   <div class='ocr_carea' id='block_1_103' title="bbox 1032 2073 1818 2114">
    <p class='ocr_par' dir='ltr' id='par_1_103' title="bbox 1032 2073 1818 2114">
     <span class='ocr_line' id='line_1_103' title="bbox 1032 2073 1818 2114; baseline -0.011 -8"><span class='ocrx_word' id='word_1_749' title='bbox 1032 2079 1079 2112; x_wconf 85' lang='lat' dir='ltr'><strong>qui</strong></span> <span class='ocrx_word' id='word_1_750' title='bbox 1101 2085 1200 2114; x_wconf 87' lang='lat' dir='ltr'><strong>genere</strong></span> <span class='ocrx_word' id='word_1_751' title='bbox 1222 2078 1256 2105; x_wconf 89' lang='lat' dir='ltr'><strong>ad</strong></span> <span class='ocrx_word' id='word_1_752' title='bbox 1278 2085 1342 2105; x_wconf 89' lang='lat' dir='ltr'><strong>eum</strong></span> <span class='ocrx_word' id='word_1_753' title='bbox 1367 2077 1521 2104; x_wconf 83' lang='lat' dir='ltr'><strong>attinebant</strong></span> <span class='ocrx_word' id='word_1_754' title='bbox 1545 2085 1552 2102; x_wconf 87' lang='lat'><strong>:</strong></span> <span class='ocrx_word' id='word_1_755' title='bbox 1578 2079 1662 2102; x_wconf 82' lang='lat' dir='ltr'><strong>totam</strong></span> <span class='ocrx_word' id='word_1_756' title='bbox 1688 2073 1818 2107; x_wconf 84' lang='lat' dir='ltr'><strong>implebat</strong></span> 
     </span>
    </p>
   </div>
   <div class='ocr_carea' id='block_1_104' title="bbox 1033 2116 1819 2152">
    <p class='ocr_par' dir='ltr' id='par_1_104' title="bbox 1033 2116 1819 2152">
     <span class='ocr_line' id='line_1_104' title="bbox 1033 2116 1819 2152; baseline -0.013 0"><span class='ocrx_word' id='word_1_757' title='bbox 1033 2124 1144 2152; x_wconf 86' lang='lat' dir='ltr'><strong>domum</strong></span> <span class='ocrx_word' id='word_1_758' title='bbox 1172 2131 1276 2151; x_wconf 66' lang='lat' dir='ltr'><strong>maeror</strong></span> <span class='ocrx_word' id='word_1_759' title='bbox 1303 2127 1331 2150; x_wconf 88' lang='lat' dir='ltr'><strong>et</strong></span> <span class='ocrx_word' id='word_1_760' title='bbox 1360 2122 1469 2149; x_wconf 85' lang='lat' dir='ltr'><strong>tristitia</strong></span> <span class='ocrx_word' id='word_1_761' title='bbox 1494 2121 1529 2148; x_wconf 91' lang='lat' dir='ltr'><strong>ob</strong></span> <span class='ocrx_word' id='word_1_762' title='bbox 1556 2120 1731 2146; x_wconf 88' lang='lat' dir='ltr'><strong>immaturam</strong></span> <span class='ocrx_word' id='word_1_763' title='bbox 1759 2116 1819 2151; x_wconf 83' lang='lat' dir='ltr'><strong>ejus</strong></span> 
     </span>
    </p>
   </div>
   <div class='ocr_carea' id='block_1_105' title="bbox 1033 2166 1818 2202">
    <p class='ocr_par' dir='ltr' id='par_1_105' title="bbox 1033 2166 1818 2202">
     <span class='ocr_line' id='line_1_105' title="bbox 1033 2166 1818 2202; baseline -0.013 -4"><span class='ocrx_word' id='word_1_764' title='bbox 1033 2171 1128 2198; x_wconf 78' lang='lat' dir='ltr'><strong>uxoris</strong></span> <span class='ocrx_word' id='word_1_765' title='bbox 1144 2175 1272 2198; x_wconf 88' lang='lat' dir='ltr'><strong>mortem.</strong></span> <span class='ocrx_word' id='word_1_766' title='bbox 1283 2170 1324 2197; x_wconf 82' lang='lat' dir='ltr'><strong>Ab</strong></span> <span class='ocrx_word' id='word_1_767' title='bbox 1341 2169 1380 2196; x_wconf 89' lang='lat' dir='ltr'><strong>eis</strong></span> <span class='ocrx_word' id='word_1_768' title='bbox 1392 2173 1482 2196; x_wconf 88' lang='lat' dir='ltr'><strong>tamen</strong></span> <span class='ocrx_word' id='word_1_769' title='bbox 1494 2167 1613 2202; x_wconf 88' lang='lat' dir='ltr'><strong>lugetur,</strong></span> <span class='ocrx_word' id='word_1_770' title='bbox 1632 2169 1662 2191; x_wconf 91' lang='lat' dir='ltr'><strong>ut</strong></span> <span class='ocrx_word' id='word_1_771' title='bbox 1680 2166 1741 2191; x_wconf 84' lang='lat' dir='ltr'><strong>erat</strong></span> <span class='ocrx_word' id='word_1_772' title='bbox 1750 2169 1818 2189; x_wconf 88' lang='lat' dir='ltr'><strong>con-</strong></span> 
     </span>
    </p>
   </div>
   <div class='ocr_carea' id='block_1_106' title="bbox 1034 2208 1817 2250">
    <p class='ocr_par' dir='ltr' id='par_1_106' title="bbox 1034 2208 1817 2250">
     <span class='ocr_line' id='line_1_106' title="bbox 1034 2208 1817 2250; baseline -0.014 -6"><span class='ocrx_word' id='word_1_773' title='bbox 1034 2221 1205 2248; x_wconf 82' lang='lat' dir='ltr'><strong>sentaneum,</strong></span> <span class='ocrx_word' id='word_1_774' title='bbox 1222 2220 1250 2243; x_wconf 88' lang='lat' dir='ltr'><strong>et</strong></span> <span class='ocrx_word' id='word_1_775' title='bbox 1271 2215 1429 2250; x_wconf 66' lang='lat' dir='ltr'><strong>praeclaram</strong></span> <span class='ocrx_word' id='word_1_776' title='bbox 1442 2211 1622 2246; x_wconf 87' lang='lat' dir='ltr'><strong>consequitur</strong></span> <span class='ocrx_word' id='word_1_777' title='bbox 1635 2208 1817 2244; x_wconf 80' lang='lat' dir='ltr'><strong>sepulturam,</strong></span> 
     </span>
    </p>
   </div>
   <div class='ocr_carea' id='block_1_107' title="bbox 1034 2261 1398 2296">
    <p class='ocr_par' dir='ltr' id='par_1_107' title="bbox 1034 2261 1398 2296">
     <span class='ocr_line' id='line_1_107' title="bbox 1034 2261 1398 2296; baseline -0.008 -7"><span class='ocrx_word' id='word_1_778' title='bbox 1034 2266 1061 2290; x_wconf 90' lang='lat' dir='ltr'><strong>et</strong></span> <span class='ocrx_word' id='word_1_779' title='bbox 1076 2261 1219 2296; x_wconf 80' lang='lat' dir='ltr'><strong>magniﬁce</strong></span> <span class='ocrx_word' id='word_1_780' title='bbox 1239 2261 1398 2295; x_wconf 86' lang='lat' dir='ltr'><strong>deponitur.</strong></span> 
     </span>
    </p>
   </div>
   <div class='ocr_carea' id='block_1_108' title="bbox 1069 2303 1820 2341">
    <p class='ocr_par' dir='ltr' id='par_1_108' title="bbox 1069 2303 1820 2341">
     <span class='ocr_line' id='line_1_108' title="bbox 1069 2303 1820 2341; baseline -0.012 -5"><span class='ocrx_word' id='word_1_781' title='bbox 1069 2307 1152 2335; x_wconf 78' lang='lat' dir='ltr'><strong>XXII.</strong></span> <span class='ocrx_word' id='word_1_782' title='bbox 1168 2307 1236 2336; x_wconf 86' lang='lat' dir='ltr'><strong>Cum</strong></span> <span class='ocrx_word' id='word_1_783' title='bbox 1250 2313 1341 2334; x_wconf 84' lang='lat' dir='ltr'><strong>autem</strong></span> <span class='ocrx_word' id='word_1_784' title='bbox 1353 2311 1458 2341; x_wconf 85' lang='lat' dir='ltr'><strong>septem</strong></span> <span class='ocrx_word' id='word_1_785' title='bbox 1472 2305 1532 2332; x_wconf 87' lang='lat' dir='ltr'><strong>dies</strong></span> <span class='ocrx_word' id='word_1_786' title='bbox 1549 2303 1743 2339; x_wconf 64' lang='lat' dir='ltr'><strong>praeteriisunt</strong></span> <span class='ocrx_word' id='word_1_787' title='bbox 1759 2303 1820 2335; x_wconf 84' lang='lat' dir='ltr'><strong>post</strong></span> 
     </span>
    </p>
   </div>
   <div class='ocr_carea' id='block_1_109' title="bbox 1034 2346 1819 2390">
    <p class='ocr_par' dir='ltr' id='par_1_109' title="bbox 1034 2346 1819 2390">
     <span class='ocr_line' id='line_1_109' title="bbox 1034 2346 1819 2390; baseline -0.011 -8"><span class='ocrx_word' id='word_1_788' title='bbox 1034 2354 1218 2390; x_wconf 82' lang='lat' dir='ltr'><strong>sepulturam,</strong></span> <span class='ocrx_word' id='word_1_789' title='bbox 1238 2358 1267 2382; x_wconf 91' lang='lat' dir='ltr'><strong>et</strong></span> <span class='ocrx_word' id='word_1_790' title='bbox 1287 2353 1352 2380; x_wconf 81' lang='lat' dir='ltr'><strong>satis</strong></span> <span class='ocrx_word' id='word_1_791' title='bbox 1382 2351 1515 2387; x_wconf 72' lang='lat' dir='ltr'><strong>temperie</strong></span> <span class='ocrx_word' id='word_1_792' title='bbox 1536 2349 1771 2384; x_wconf 84' lang='lat' dir='ltr'><strong>consumpsissem</strong></span> <span class='ocrx_word' id='word_1_793' title='bbox 1792 2346 1819 2373; x_wconf 91' lang='lat' dir='ltr'><strong>in</strong></span> 
     </span>
    </p>
   </div>
   <div class='ocr_carea' id='block_1_110' title="bbox 1034 2395 1821 2435">
    <p class='ocr_par' dir='ltr' id='par_1_110' title="bbox 1034 2395 1821 2435">
     <span class='ocr_line' id='line_1_110' title="bbox 1034 2395 1821 2435; baseline -0.01 -7"><span class='ocrx_word' id='word_1_794' title='bbox 1034 2408 1164 2435; x_wconf 71' lang='lat' dir='ltr'><strong>maerore,</strong></span> <span class='ocrx_word' id='word_1_795' title='bbox 1175 2400 1251 2428; x_wconf 89' lang='lat' dir='ltr'><strong>venit</strong></span> <span class='ocrx_word' id='word_1_796' title='bbox 1263 2400 1303 2427; x_wconf 89' lang='lat' dir='ltr'><strong>eis</strong></span> <span class='ocrx_word' id='word_1_797' title='bbox 1317 2400 1344 2426; x_wconf 94' lang='lat' dir='ltr'><strong>in</strong></span> <span class='ocrx_word' id='word_1_798' title='bbox 1357 2403 1487 2431; x_wconf 90' lang='lat' dir='ltr'><strong>mentem,</strong></span> <span class='ocrx_word' id='word_1_799' title='bbox 1500 2396 1613 2431; x_wconf 68' lang='lat' dir='ltr'><strong>captivae</strong></span> <span class='ocrx_word' id='word_1_800' title='bbox 1628 2395 1734 2423; x_wconf 87' lang='lat' dir='ltr'><strong>insidiis</strong></span> <span class='ocrx_word' id='word_1_801' title='bbox 1749 2400 1821 2421; x_wconf 86' lang='lat' dir='ltr'><strong>mor-</strong></span> 
     </span>
    </p>
   </div>
   <div class='ocr_carea' id='block_1_111' title="bbox 1034 2442 1822 2479">
    <p class='ocr_par' dir='ltr' id='par_1_111' title="bbox 1034 2442 1822 2479">
     <span class='ocr_line' id='line_1_111' title="bbox 1034 2442 1822 2479; baseline -0.011 -5"><span class='ocrx_word' id='word_1_802' title='bbox 1034 2451 1109 2474; x_wconf 88' lang='lat' dir='ltr'><strong>tuam</strong></span> <span class='ocrx_word' id='word_1_803' title='bbox 1130 2454 1190 2474; x_wconf 85' lang='lat' dir='ltr'><strong>esse</strong></span> <span class='ocrx_word' id='word_1_804' title='bbox 1212 2453 1308 2473; x_wconf 88' lang='lat' dir='ltr'><strong>eorum</strong></span> <span class='ocrx_word' id='word_1_805' title='bbox 1329 2448 1481 2479; x_wconf 81' lang='lat' dir='ltr'><strong>cognatam.</strong></span> <span class='ocrx_word' id='word_1_806' title='bbox 1501 2443 1570 2470; x_wconf 87' lang='lat' dir='ltr'><strong>Hine</strong></span> <span class='ocrx_word' id='word_1_807' title='bbox 1589 2442 1690 2469; x_wconf 83' lang='lat' dir='ltr'><strong>factum</strong></span> <span class='ocrx_word' id='word_1_808' title='bbox 1713 2444 1769 2471; x_wconf 88' lang='lat' dir='ltr'><strong>est,</strong></span> <span class='ocrx_word' id='word_1_809' title='bbox 1791 2442 1822 2465; x_wconf 90' lang='lat' dir='ltr'><strong>ut</strong></span> 
     </span>
    </p>
   </div>
   <div class='ocr_carea' id='block_1_112' title="bbox 1035 2484 1821 2527">
    <p class='ocr_par' dir='ltr' id='par_1_112' title="bbox 1035 2484 1821 2527">
     <span class='ocr_line' id='line_1_112' title="bbox 1035 2484 1821 2527; baseline -0.013 -7"><span class='ocrx_word' id='word_1_810' title='bbox 1035 2500 1095 2520; x_wconf 83' lang='lat' dir='ltr'><strong>eam</strong></span> <span class='ocrx_word' id='word_1_811' title='bbox 1113 2492 1224 2527; x_wconf 90' lang='lat' dir='ltr'><strong>quidem</strong></span> <span class='ocrx_word' id='word_1_812' title='bbox 1252 2491 1353 2518; x_wconf 90' lang='lat' dir='ltr'><strong>vellent</strong></span> <span class='ocrx_word' id='word_1_813' title='bbox 1383 2489 1492 2520; x_wconf 80' lang='lat' dir='ltr'><strong>tradere</strong></span> <span class='ocrx_word' id='word_1_814' title='bbox 1514 2487 1640 2523; x_wconf 65' lang='lat' dir='ltr'><strong>praesidi,</strong></span> <span class='ocrx_word' id='word_1_815' title='bbox 1665 2492 1694 2513; x_wconf 91' lang='lat' dir='ltr'><strong>ut</strong></span> <span class='ocrx_word' id='word_1_816' title='bbox 1717 2485 1751 2512; x_wconf 80' lang='lat' dir='ltr'><strong>ab</strong></span> <span class='ocrx_word' id='word_1_817' title='bbox 1774 2484 1821 2511; x_wconf 92' lang='lat' dir='ltr'><strong>illo</strong></span> 
     </span>
    </p>
   </div>
   <div class='ocr_carea' id='block_1_113' title="bbox 1037 2530 1821 2570">
    <p class='ocr_par' dir='ltr' id='par_1_113' title="bbox 1037 2530 1821 2570">
     <span class='ocr_line' id='line_1_113' title="bbox 1037 2530 1821 2570; baseline -0.014 -4"><span class='ocrx_word' id='word_1_818' title='bbox 1037 2539 1176 2566; x_wconf 87' lang='lat' dir='ltr'><strong>tolleretur</strong></span> <span class='ocrx_word' id='word_1_819' title='bbox 1199 2538 1233 2565; x_wconf 91' lang='lat' dir='ltr'><strong>de</strong></span> <span class='ocrx_word' id='word_1_820' title='bbox 1257 2537 1365 2570; x_wconf 86' lang='lat' dir='ltr'><strong>medio;</strong></span> <span class='ocrx_word' id='word_1_821' title='bbox 1390 2543 1446 2563; x_wconf 91' lang='lat' dir='ltr'><strong>non</strong></span> <span class='ocrx_word' id='word_1_822' title='bbox 1469 2535 1543 2562; x_wconf 89' lang='lat' dir='ltr'><strong>enim</strong></span> <span class='ocrx_word' id='word_1_823' title='bbox 1566 2533 1665 2560; x_wconf 85' lang='lat' dir='ltr'><strong>licebat</strong></span> <span class='ocrx_word' id='word_1_824' title='bbox 1687 2530 1728 2558; x_wconf 86' lang='lat' dir='ltr'><strong>eis</strong></span> <span class='ocrx_word' id='word_1_825' title='bbox 1749 2530 1821 2557; x_wconf 88' lang='lat' dir='ltr'><strong>ferro</strong></span> 
     </span>
    </p>
   </div>
   <div class='ocr_carea' id='block_1_114' title="bbox 1037 2577 1822 2612">
    <p class='ocr_par' dir='ltr' id='par_1_114' title="bbox 1037 2577 1822 2612">
     <span class='ocr_line' id='line_1_114' title="bbox 1037 2577 1822 2612; baseline -0.014 0"><span class='ocrx_word' id='word_1_826' title='bbox 1037 2585 1110 2612; x_wconf 89' lang='lat' dir='ltr'><strong>illam</strong></span> <span class='ocrx_word' id='word_1_827' title='bbox 1133 2583 1272 2611; x_wconf 84' lang='lat' dir='ltr'><strong>invadere.</strong></span> <span class='ocrx_word' id='word_1_828' title='bbox 1293 2583 1361 2610; x_wconf 88' lang='lat' dir='ltr'><strong>Cum</strong></span> <span class='ocrx_word' id='word_1_829' title='bbox 1385 2586 1476 2609; x_wconf 87' lang='lat' dir='ltr'><strong>autem</strong></span> <span class='ocrx_word' id='word_1_830' title='bbox 1503 2580 1525 2607; x_wconf 88' lang='lat' dir='ltr'><strong>is</strong></span> <span class='ocrx_word' id='word_1_831' title='bbox 1548 2579 1665 2610; x_wconf 85' lang='lat' dir='ltr'><strong>abesset,</strong></span> <span class='ocrx_word' id='word_1_832' title='bbox 1683 2577 1734 2611; x_wconf 84' lang='lat' dir='ltr'><strong>ipsi</strong></span> <span class='ocrx_word' id='word_1_833' title='bbox 1759 2582 1822 2602; x_wconf 76' lang='lat' dir='ltr'><strong>cum</strong></span> 
     </span>
    </p>
   </div>
   <div class='ocr_carea' id='block_1_115' title="bbox 1037 2621 1822 2660">
    <p class='ocr_par' dir='ltr' id='par_1_115' title="bbox 1037 2621 1822 2660">
     <span class='ocr_line' id='line_1_115' title="bbox 1037 2621 1822 2660; baseline -0.014 -2"><span class='ocrx_word' id='word_1_834' title='bbox 1037 2631 1108 2658; x_wconf 87' lang='lat' dir='ltr'><strong>inter</strong></span> <span class='ocrx_word' id='word_1_835' title='bbox 1119 2638 1148 2658; x_wconf 86' lang='lat' dir='ltr'><strong>se</strong></span> <span class='ocrx_word' id='word_1_836' title='bbox 1161 2630 1380 2660; x_wconf 79' lang='lat' dir='ltr'><strong>consultassent,</strong></span> <span class='ocrx_word' id='word_1_837' title='bbox 1387 2628 1415 2655; x_wconf 91' lang='lat' dir='ltr'><strong>in</strong></span> <span class='ocrx_word' id='word_1_838' title='bbox 1425 2629 1614 2657; x_wconf 84' lang='lat' dir='ltr'><strong>monumento,</strong></span> <span class='ocrx_word' id='word_1_839' title='bbox 1626 2624 1653 2650; x_wconf 93' lang='lat' dir='ltr'><strong>in</strong></span> <span class='ocrx_word' id='word_1_840' title='bbox 1665 2630 1720 2657; x_wconf 89' lang='lat' dir='ltr'><strong>quo</strong></span> <span class='ocrx_word' id='word_1_841' title='bbox 1734 2621 1822 2649; x_wconf 87' lang='lat' dir='ltr'><strong>fuerat</strong></span> 
     </span>
    </p>
   </div>
   <div class='ocr_carea' id='block_1_116' title="bbox 1037 2667 1820 2712">
    <p class='ocr_par' dir='ltr' id='par_1_116' title="bbox 1037 2667 1820 2712">
     <span class='ocr_line' id='line_1_116' title="bbox 1037 2667 1820 2712; baseline -0.015 -7"><span class='ocrx_word' id='word_1_842' title='bbox 1037 2677 1142 2712; x_wconf 74' lang='lat' dir='ltr'><strong>sepulta</strong></span> <span class='ocrx_word' id='word_1_843' title='bbox 1159 2683 1227 2703; x_wconf 77' lang='lat' dir='ltr'><strong>uxor</strong></span> <span class='ocrx_word' id='word_1_844' title='bbox 1243 2675 1349 2706; x_wconf 87' lang='lat' dir='ltr'><strong>Gotthi,</strong></span> <span class='ocrx_word' id='word_1_845' title='bbox 1368 2681 1428 2701; x_wconf 86' lang='lat' dir='ltr'><strong>eam</strong></span> <span class='ocrx_word' id='word_1_846' title='bbox 1453 2671 1597 2699; x_wconf 86' lang='lat' dir='ltr'><strong>includunt</strong></span> <span class='ocrx_word' id='word_1_847' title='bbox 1618 2670 1645 2697; x_wconf 92' lang='lat' dir='ltr'><strong>in</strong></span> <span class='ocrx_word' id='word_1_848' title='bbox 1665 2667 1820 2704; x_wconf 76' lang='lat' dir='ltr'><strong>pnesentia,</strong></span> 
     </span>
    </p>
   </div>
   <div class='ocr_carea' id='block_1_117' title="bbox 1037 2714 1823 2757">
    <p class='ocr_par' dir='ltr' id='par_1_117' title="bbox 1037 2714 1823 2757">
     <span class='ocr_line' id='line_1_117' title="bbox 1037 2714 1823 2757; baseline -0.014 -7"><span class='ocrx_word' id='word_1_849' title='bbox 1037 2728 1065 2750; x_wconf 91' lang='lat' dir='ltr'><strong>et</strong></span> <span class='ocrx_word' id='word_1_850' title='bbox 1077 2721 1233 2757; x_wconf 90' lang='lat' dir='ltr'><strong>sepulcrum</strong></span> <span class='ocrx_word' id='word_1_851' title='bbox 1248 2719 1377 2747; x_wconf 89' lang='lat' dir='ltr'><strong>muniunt</strong></span> <span class='ocrx_word' id='word_1_852' title='bbox 1389 2725 1487 2753; x_wconf 87' lang='lat' dir='ltr'><strong>aspero</strong></span> <span class='ocrx_word' id='word_1_853' title='bbox 1499 2716 1599 2751; x_wconf 85' lang='lat' dir='ltr'><strong>lapide,</strong></span> <span class='ocrx_word' id='word_1_854' title='bbox 1613 2720 1640 2743; x_wconf 94' lang='lat' dir='ltr'><strong>et</strong></span> <span class='ocrx_word' id='word_1_855' title='bbox 1653 2715 1677 2742; x_wconf 89' lang='lat' dir='ltr'><strong>ei</strong></span> <span class='ocrx_word' id='word_1_856' title='bbox 1691 2714 1823 2742; x_wconf 86' lang='lat' dir='ltr'><strong>adhibent</strong></span> 
     </span>
    </p>
   </div>
   <div class='ocr_carea' id='block_1_118' title="bbox 1039 2759 1823 2796">
    <p class='ocr_par' dir='ltr' id='par_1_118' title="bbox 1039 2759 1823 2796">
     <span class='ocr_line' id='line_1_118' title="bbox 1039 2759 1823 2796; baseline -0.011 -1"><span class='ocrx_word' id='word_1_857' title='bbox 1039 2768 1178 2796; x_wconf 87' lang='lat' dir='ltr'><strong>custodes.</strong></span> <span class='ocrx_word' id='word_1_858' title='bbox 1194 2767 1262 2794; x_wconf 89' lang='lat' dir='ltr'><strong>Cum</strong></span> <span class='ocrx_word' id='word_1_859' title='bbox 1286 2772 1351 2793; x_wconf 87' lang='lat' dir='ltr'><strong>vero</strong></span> <span class='ocrx_word' id='word_1_860' title='bbox 1368 2765 1400 2791; x_wconf 90' lang='lat' dir='ltr'><strong>ad</strong></span> <span class='ocrx_word' id='word_1_861' title='bbox 1416 2771 1477 2791; x_wconf 89' lang='lat' dir='ltr'><strong>eam</strong></span> <span class='ocrx_word' id='word_1_862' title='bbox 1494 2763 1602 2790; x_wconf 87' lang='lat' dir='ltr'><strong>veniret</strong></span> <span class='ocrx_word' id='word_1_863' title='bbox 1616 2761 1686 2789; x_wconf 92' lang='lat' dir='ltr'><strong>odor</strong></span> <span class='ocrx_word' id='word_1_864' title='bbox 1708 2759 1823 2788; x_wconf 82' lang='lat' dir='ltr'><strong>cadave-</strong></span> 
     </span>
    </p>
   </div>
   <div class='ocr_carea' id='block_1_119' title="bbox 1039 2806 1822 2848">
    <p class='ocr_par' dir='ltr' id='par_1_119' title="bbox 1039 2806 1822 2848">
     <span class='ocr_line' id='line_1_119' title="bbox 1039 2806 1822 2848; baseline -0.01 -8"><span class='ocrx_word' id='word_1_865' title='bbox 1039 2813 1088 2845; x_wconf 89' lang='lat' dir='ltr'><strong>ris,</strong></span> <span class='ocrx_word' id='word_1_866' title='bbox 1104 2819 1200 2848; x_wconf 88' lang='lat' dir='ltr'><strong>magna</strong></span> <span class='ocrx_word' id='word_1_867' title='bbox 1220 2811 1324 2846; x_wconf 83' lang='lat' dir='ltr'><strong>repleta</strong></span> <span class='ocrx_word' id='word_1_868' title='bbox 1345 2809 1489 2837; x_wconf 90' lang='lat' dir='ltr'><strong>molestia:</strong></span> <span class='ocrx_word' id='word_1_869' title='bbox 1505 2808 1619 2836; x_wconf 90' lang='lat' dir='ltr'><strong>Domine</strong></span> <span class='ocrx_word' id='word_1_870' title='bbox 1640 2807 1713 2834; x_wconf 88' lang='lat' dir='ltr'><strong>Deus</strong></span> <span class='ocrx_word' id='word_1_871' title='bbox 1733 2806 1822 2832; x_wconf 87' lang='lat' dir='ltr'><strong>virtu-</strong></span> 
     </span>
    </p>
   </div>
   <div class='ocr_carea' id='block_1_120' title="bbox 1041 2855 1824 2892">
    <p class='ocr_par' dir='ltr' id='par_1_120' title="bbox 1041 2855 1824 2892">
     <span class='ocr_line' id='line_1_120' title="bbox 1041 2855 1824 2892; baseline -0.01 -7"><span class='ocrx_word' id='word_1_872' title='bbox 1041 2863 1115 2890; x_wconf 91' lang='lat' dir='ltr'><strong>tum,</strong></span> <span class='ocrx_word' id='word_1_873' title='bbox 1142 2857 1250 2885; x_wconf 88' lang='lat' dir='ltr'><strong>diccbat</strong></span> <span class='ocrx_word' id='word_1_874' title='bbox 1279 2857 1386 2892; x_wconf 90' lang='lat' dir='ltr'><strong>puella,</strong></span> <span class='ocrx_word' id='word_1_875' title='bbox 1411 2855 1457 2891; x_wconf 92' lang='lat' dir='ltr'><strong>qui</strong></span> <span class='ocrx_word' id='word_1_876' title='bbox 1484 2859 1593 2882; x_wconf 92' lang='lat' dir='ltr'><strong>tuorum</strong></span> <span class='ocrx_word' id='word_1_877' title='bbox 1619 2857 1769 2888; x_wconf 84' lang='lat' dir='ltr'><strong>martyrum</strong></span> <span class='ocrx_word' id='word_1_878' title='bbox 1795 2855 1824 2878; x_wconf 90' lang='lat' dir='ltr'><strong>ct</strong></span> 
     </span>
    </p>
   </div>
   <div class='ocr_carea' id='block_1_121' title="bbox 1040 2901 1824 2940">
    <p class='ocr_par' dir='ltr' id='par_1_121' title="bbox 1040 2901 1824 2940">
     <span class='ocr_line' id='line_1_121' title="bbox 1040 2901 1824 2940; baseline -0.013 -7"><span class='ocrx_word' id='word_1_879' title='bbox 1040 2905 1228 2934; x_wconf 85' lang='lat' dir='ltr'><strong>confessorutu</strong></span> <span class='ocrx_word' id='word_1_880' title='bbox 1251 2911 1301 2940; x_wconf 89' lang='lat' dir='ltr'><strong>pro</strong></span> <span class='ocrx_word' id='word_1_881' title='bbox 1327 2907 1354 2931; x_wconf 86' lang='lat' dir='ltr'><strong>te</strong></span> <span class='ocrx_word' id='word_1_882' title='bbox 1375 2902 1466 2932; x_wconf 81' lang='lat' dir='ltr'><strong>fusum</strong></span> <span class='ocrx_word' id='word_1_883' title='bbox 1487 2901 1666 2938; x_wconf 78' lang='lat' dir='ltr'><strong>sanguinem,</strong></span> <span class='ocrx_word' id='word_1_884' title='bbox 1696 2903 1824 2933; x_wconf 87' lang='lat' dir='ltr'><strong>tanquam</strong></span> 
     </span>
    </p>
   </div>
  </div>
