2077 3148
180 186 232 220 15¹1

620 184 853 216 MARTYRlUM
871 183 903 216 S.
921 183 1055 214 GURI/E
1075 183 1123 213 ET
1139 183 1345 216 SOCIORUM.

1752 185 1804 218 158

178 238 224 276 ἦν.
247 239 314 268 Ek:
336 241 420 276 ἧροτο
439 240 598 275 προσελθὼν
611 241 662 276 τὴν
674 241 775 274 αἰτίαν,
800 241 835 267 δι’
846 240 880 276 ήν
896 239 968 266 οὕτω

1025 239 1172 268 habitabat.
1190 239 1292 268 Deinde
1312 239 1455 273 accedens,
1481 240 1592 276 rogabat
1614 247 1736 271 causam.
1754 248 1804 268 cur

179 295 210 314 τι
235 287 441 322 προσευχομένη
459 285 590 321 ὠδύρετο,
606 287 655 314 καὶ
668 287 789 315 τοσαῦτα
817 286 909 322 ικχέοι
931 286 966 313 τὰ

179 334 294 368 δάκρυα,
310 333 357 359 καὶ
372 332 442 367 ὑπὲρ
456 333 515 359 ὅτου
531 333 581 365 τὰς
606 334 782 368 εὐχαριστίας
802 333 967 368 προσφέροι.

185 379 218 406 Ἤ
232 379 260 405 δὲ
277 378 350 412 αὐτῷ
369 378 458 406 πάντα
482 378 582 414 διεξῄει
597 379 632 406 τὰ
646 380 705 406 κατ’
721 379 817 413 αὐτὴν,
841 379 916 408 ὅπως
935 385 966 404 τε

179 424 217 459 τῷ
237 424 329 457 Γότθῳ
359 423 435 458 παρὰ
461 425 510 458 τῆς
529 424 633 459 μητρὸς
663 425 827 459 συναφθείη,
858 425 904 450 καὶ
929 423 967 454 ὡς

179 470 265 504 τούτῳ
280 471 508 505 συναποδημῆσαι
523 472 579 502 τοῖς
594 471 688 506 ὅρκοις
701 471 882 502 πιστεύσασα,
892 471 967 501 ὅπως

179 525 209 543 τε
225 516 255 542 τὸ
273 515 369 550 τεχθὲν
385 516 454 551 αὐτῇ
471 516 523 542 ὑπὸ
543 516 582 551 τῷ
598 516 688 551 meo
705 516 845 551 φαρμάκῳ
861 515 967 550 ζημιω-

181 561 253 596 θείη,
274 561 322 587 καὶ
350 561 422 590 ὅπως
450 561 489 597 τῷ
508 561 587 596 τάφῳ
602 562 822 596 κατακλεισθείη,
843 562 891 588 καὶ
905 562 968 593 οἵας

181 608 230 643 τῆς
255 606 339 641 τύχης
367 608 537 641 πειράσαιτο,
567 607 615 634 καὶ
646 609 706 639 οῐας
733 608 782 643 τῆς
806 608 968 642 ἀπαλλαγῆς

183 651 261 687 παρὰ
276 653 332 679 τῶν
351 652 437 686 ἁγίων
454 652 540 687 τύχοι.
559 652 668 679 Τούτων
685 653 699 679 ὁ
727 652 819 687 lapsi);
833 652 968 682 ἀκούσας.

183 698 308 730 ὲξίστατο
326 697 436 729 ἑαυτοῦ,
461 698 620 733 διηπορεῖτο
636 697 674 732 τῷ
693 697 801 732 μεγέθει
830 697 876 724 τοῦ
904 697 970 723 θαύ-

185 753 280 779 ματος,
298 745 365 779 πρὸς
381 745 511 771 ἀπιστίαν
527 744 574 770 καὶ
589 743 682 770 πίστιν
705 743 755 778 τὴν
770 743 858 778 ψυχὴν
875 743 970 778 ἐμερί-

185 789 257 821 ζετο.
273 790 355 816 Ὅθεν
373 790 420 817 καὶ
437 790 605 824 τελεότερον
629 789 665 816 τὰ
685 790 744 816 κατ’
759 789 844 824 αὐτὴν
869 797 971 815 πιστω-

186 834 266 868 θῆναι
287 834 451 870 βουλόμενος
468 835 509 866 τίς
527 843 557 861 τε
572 837 588 870 ἡ
609 836 701 870 μήτηρ
717 836 764 870 τῆς
779 837 864 870 κόρης
888 836 971 862 ιπυν-

1018 287 1059 315 sic
1081 294 1163 314 orans
1176 286 1384 316 lamentaretur.
1407 290 1435 313 et
1452 289 1507 313 tam
1526 287 1627 314 multas
1647 286 1805 315 effunderet

1019 333 1163 368 lacrymas,
1176 336 1205 359 et
1218 339 1268 367 pro
1283 339 1338 366 quo
1357 331 1471 358 olerret
1485 332 1632 366 gratiarum
1653 333 1803 360 actionem.

1019 378 1066 406 Illa
1081 382 1172 405 autem
1186 377 1211 405 ei
1229 377 1349 404 narravit
1365 383 1422 403 rem
1440 383 1560 407 omnem,
1573 377 1803 410 quemadmodum

1018 429 1047 451 et
1066 424 1168 451 Gottbo
1190 431 1206 450 ι
1228 427 1315 450 matre
1337 423 1432 457 juncta
1455 421 1553 448 fuisset
1573 422 1758 452 matrimonio,
1776 425 1805 448 et

1019 469 1252 506 quemadmodum
1268 477 1329 496 cum
1343 477 1376 496 eo
1391 469 1515 500 abiisset,
1530 467 1609 494 ﬁdem
1623 467 1728 493 habens
1742 467 1805 494 dato

1019 517 1055 545 ab
1074 525 1107 544 eo
1122 515 1300 552 jurejurando
1320 524 1327 542 :
1345 518 1372 542 et
1393 514 1623 550 quemadmodum
1651 513 1730 544 fetus,
1756 513 1802 547 qui

1020 564 1123 592 Gottho
1134 571 1166 591 ex
1176 571 1207 591 ea
1218 566 1277 590 erat
1291 566 1380 594 natus,
1398 568 1502 588 veneno
1519 560 1661 595 periissetv:
1672 563 1699 586 et
1710 565 1807 593 quem-

1021 606 1169 634 admodum
1191 606 1288 634 fuisset
1312 606 1417 633 inclusa
1439 605 1466 631 in
1490 604 1627 639 sepulcro,
1652 608 1679 630 et
1699 603 1807 638 qualem

1020 657 1133 688 experta
1150 657 1223 680 esset
1244 652 1394 683 fortunam,
1409 655 1437 678 et
1453 651 1561 685 qualem
1585 656 1599 676 a
1615 649 1716 676 sanctis
1733 656 1808 676 asse-

1020 703 1082 726 cuta
1099 703 1171 726 esset
1186 697 1389 725 liberationem.
1412 696 1473 724 Htcc
1488 703 1550 722 cum
1567 695 1698 722 audiisset
1712 701 1806 721 sacer-

1021 744 1082 775 dos,
1096 752 1111 771 a
1126 752 1155 771 se
1174 745 1253 778 plane
1268 743 1436 773 discedebat,
1455 742 1596 768 dubitabat
1614 745 1726 775 propter
1748 747 1807 767 ma-

1021 790 1191 826 gnitudinem
1217 790 1287 824 ejus.
1304 788 1378 824 quod
1398 788 1562 814 narrabatur
1588 797 1594 813 :
1614 786 1808 814 incredulitate

1021 842 1049 865 et
1064 837 1116 864 ﬁde
1129 837 1190 871 ejus
1202 835 1378 863 dividebatur
1393 834 1511 861 animus.
1523 833 1600 861 Unde
1614 833 1697 859 etiam
1712 832 1809 858 volens

185 879 293 929 θανετο,
316 881 362 907 καὶ
388 877 495 915 ἧστινος
523 880 636 916 ὥρμητο
662 881 711 916 τῆς
735 882 833 913 οἰκίας.
856 881 912 916 Τῆς
940 881 968 908 δὲ

1025 883 1058 910 de
1073 890 1104 910 ea
1133 882 1235 910 certior
1254 881 1324 913 ﬁeri,
1346 880 1458 915 rogabat
1479 886 1603 914 quaenam
1627 882 1700 905 esset
1723 882 1810 904 mater

185 926 271 953 ταῦτα
285 927 323 961 τῷ
337 927 405 961 ιερεῖ
416 927 641 962 ἀποκριναμένης
656 927 705 962 τὴν
717 928 767 962 μὲν
781 928 866 963 κόρην
883 926 969 958 οὕτως

185 973 215 999 ιν
229 972 266 1007 τῷ
282 972 338 1007 ναῷ
355 973 476 1007 κατέχει,
507 973 715 1007 μεταστέλλεται
731 974 759 1000 δὲ
783 974 832 1009 τὴν
861 973 971 1009 μητέρα

186 1020 256 1053 πρὸς
279 1021 386 1047 ἑαυτόν,
407 1020 438 1046 Ἦ
458 1020 487 1047 δὲ
512 1020 558 1046 τον
582 1021 728 1056 εὐκτήριον
753 1020 828 1047 οἶκον
854 1021 973 1047 καταλα-

186 1063 283 1096 ϐοῦσα,
311 1065 359 1091 καὶ
375 1064 426 1099 τὴν
454 1064 603 1099 θυγατέρα,
632 1065 671 1099 τῷ
698 1066 766 1099 ἱερεῖ
790 1064 972 1099 παρεστῶσαν

186 1108 316 1142 hiatum;
331 1108 498 1143 θεασαμένη,
512 1110 608 1142 πρῶτα
627 1109 677 1144 μὶν
696 1109 855 1144 περιϐάλλει
869 1109 972 1143 ταύτην

187 1153 234 1179 καὶ
257 1153 367 1188 θερμῶς
395 1153 630 1187 προσπτύσσεται,
654 1153 701 1180 τοῦ
724 1154 836 1189 φίλτρου
865 1155 974 1186 πάντως

189 1199 282 1229 ἁπλῶς
298 1199 439 1230 ποιοῦντος
453 1199 483 1226 τὸ
500 1199 565 1225 ἴδιον
577 1208 584 1215 ·
607 1196 666 1226 εἶτα
684 1200 731 1226 ἐπὶ
748 1200 814 1227 πολὺ
827 1200 873 1226 καὶ
889 1200 972 1236 ἀλλή-

187 1244 246 1275 λαις
261 1244 492 1278 ἐφησυχάξουσαι,
511 1245 561 1279 τῆς
580 1245 707 1279 οἰμωγῆς
731 1246 826 1277 αὑταῖς
845 1246 895 1281 τὴν
917 1255 973 1279 φω-

188 1291 236 1325 νὴν
251 1290 414 1326 ἐπεχούσης,
434 1291 481 1317 καὶ
493 1290 548 1317 τῶν
567 1290 692 1325 δακρύων
705 1290 756 1326 τὴν
780 1291 889 1326 ὁμιλίαν
914 1292 974 1318 δια-

189 1336 343 1364 κοπτόντων
357 1345 364 1352 ·
388 1336 438 1371 τῆς
454 1336 505 1372 μὲν
524 1337 579 1371 γὰρ
602 1337 754 1373 ὑπέθραττε
777 1337 827 1373 τὴν
840 1339 929 1373 ψυχὴν
956 1339 972 1374 ή

189 1383 254 1413 παῖς
278 1382 405 1417 ὁρωμένη
426 1383 455 1409 ὲν
479 1382 611 1414 δουλικοῖς
633 1383 766 1417 ἐνδύμασι
781 1384 829 1410 καὶ
852 1385 973 1419 προσχή-

191 1436 270 1463 μασι,
290 1429 306 1463 ἡ
327 1429 448 1464 θυγάτηρ
473 1429 502 1456 δὲ
528 1430 611 1456 πάλιν
636 1428 784 1464 ὲπλήττετο
797 1429 846 1465 τὴν
860 1431 974 1465 καρδίαν

191 1474 232 1500 ὃτι
259 1475 306 1501 ἐπὶ
334 1477 465 1510 χρησταῖς
490 1475 580 1502 ἐλπίσι
596 1475 647 1510 τῆς
677 1477 780 1511 μητρὸς
803 1476 973 1510 διαξυγεῖσα,

190 1519 276 1552 οὓτως
301 1522 435 1555 ἐπανῆκεν
452 1522 571 1556 ἀτίμως,
601 1522 638 1553 ὡς
655 1522 832 1549 ἑκκαλεῖσθαι
856 1523 901 1549 καὶ
921 1523 975 1549 ἀπὸ

1024 929 1130 964 puellae,
1145 932 1174 954 et
1190 935 1205 954 e
1224 935 1277 962 qua
1295 927 1375 954 domo
1398 931 1471 953 esset
1492 930 1561 952 orta.
1581 924 1648 951 Cum
1670 931 1702 950 ea
1718 927 1809 949 autem

1024 974 1210 1009 respondisset
1225 972 1374 1005 sacerdoti,
1390 973 1413 999 is
1431 971 1541 1006 quidem
1562 970 1680 1005 puellam
1697 969 1724 996 in
1742 973 1811 995 tem-

1023 1021 1068 1056 plo
1091 1020 1217 1051 detinet,
1252 1024 1366 1046 matrem
1385 1024 1475 1045 autem
1500 1018 1533 1045 ad
1556 1026 1585 1044 se
1607 1017 1736 1044 accersit.
1763 1015 1811 1043 illa

1027 1074 1094 1094 vero
1108 1074 1171 1092 cum
1194 1065 1226 1092 ad
1244 1065 1329 1092 :edem
1350 1064 1470 1091 venisset
1491 1063 1650 1094 oratoriam,
1674 1066 1702 1090 et
1728 1063 1811 1088 ﬁliam

1025 1111 1158 1140 sacerdoti
1179 1111 1353 1138 assistentem
1373 1114 1486 1143 repente
1507 1110 1670 1143 aspexisset.
1693 1109 1811 1143 primum

1024 1150 1141 1193 quidem.
1158 1164 1218 1184 eam
1234 1155 1364 1182 ardenter
1383 1154 1568 1188 amplectitur.
1586 1161 1678 1180 amore
1699 1154 1813 1180 omnino

1027 1211 1078 1231 suo
1104 1203 1233 1237 fungente
1253 1200 1353 1229 officio.
1373 1199 1476 1227 Deinde
1501 1200 1547 1226 diu
1574 1200 1644 1226 inter
1667 1206 1695 1226 se
1720 1199 1812 1231 silent,

1024 1250 1100 1277 luctu
1127 1255 1222 1275 vocem
1247 1247 1424 1281 reprimente,
1450 1250 1478 1272 et
1506 1245 1632 1280 lacrymis
1656 1251 1810 1271 sermonem

1024 1293 1298 1327 interrumpcutilms.
1324 1291 1390 1318 Nam
1416 1291 1510 1318 matris
1534 1291 1645 1326 quidem
1672 1290 1813 1324 frangebat

1024 1340 1145 1367 animum
1164 1338 1229 1370 tilia,
1245 1345 1306 1371 qua:
1319 1336 1484 1364 cernebatur
1502 1336 1530 1362 in
1554 1335 1648 1362 servili
1670 1336 1770 1362 vestitu
1787 1340 1814 1361 et

1027 1385 1136 1414 habitu.
1165 1384 1232 1412 Filia
1258 1388 1348 1410 autem
1382 1389 1478 1409 rursus
1506 1382 1597 1408 animo
1628 1381 1812 1413 sauciabatur,

1025 1429 1099 1466 quod
1124 1429 1195 1456 bona
1214 1435 1271 1463 spe.
1295 1436 1310 1454 a
1333 1432 1419 1454 matre
1442 1426 1590 1461 disjuncta,
1617 1430 1672 1452 tam
1698 1426 1816 1460 turpiter

1026 1478 1164 1511 rediisset,
1184 1482 1213 1504 ut
1234 1477 1275 1504 vel
1291 1475 1350 1502 snlo
1365 1479 1476 1508 aspectu
1501 1476 1662 1507 provocarv‘t
1678 1471 1710 1497 ad
1733 1471 1815 1498 mise-

1026 1523 1183 1551 ricordiam.
1202 1521 1270 1548 Cum
1290 1527 1354 1554 ergo
1372 1520 1415 1546 vix
1440 1519 1549 1546 tandem
1569 1522 1657 1544 mater
1678 1524 1708 1543 so
1730 1515 1814 1542 colle-

192 1566 276 1600 μόνης
290 1567 339 1602 τῆς
359 1567 424 1598 θέας
444 1567 490 1594 τὸν
507 1567 592 1594 ἔλεον.
606 1567 693 1598 Μόλις
705 1567 771 1601 γοῦν
785 1568 800 1602 ἠ
819 1568 912 1603 μήτηρ
926 1568 973 1602 τῆς

1027 1570 1110 1606 gissct
1135 1569 1169 1596 ab
1193 1567 1291 1594 acerba
1316 1566 1362 1593 illa
1388 1565 1561 1595 confusione,
1588 1563 1694 1597 rogavit
1719 1561 1813 1594 filiam,

190 1612 294 1646 πικρᾶς
318 1613 430 1647 ἐκείνης
457 1613 641 1647 ἀνενεγκοῠσα
654 1613 810 1647 συγχύσεως
825 1614 974 1640 ἀνεπυνθά-

192 1666 254 1685 νετο
268 1659 316 1693 τῆς
333 1659 429 1690 παιδὸς
451 1659 513 1686 τίνα
528 1667 556 1686 τε
572 1659 640 1694 αὐτῇ
657 1659 690 1690 τὰ
708 1659 911 1694 συμϐεϐηκότα,
927 1660 974 1687 καὶ

191 1704 266 1734 ὅπως
280 1704 413 1738 ἐπανῆκε,
429 1705 476 1732 καὶ
484 1705 509 1731 τί
525 1704 556 1731 τὸ
569 1705 698 1736 δουλικῶς
712 1705 797 1740 αὐτὴν
810 1704 881 1732 οὓτω
896 1714 975 1741 περι-

192 1749 342 1784 ϐεϐλῆσθαι
359 1750 486 1783 ποιῆσαν.
505 1751 538 1778 Ἦ
551 1751 579 1778 δὲ
594 1750 686 1779 πάντα
699 1751 733 1779 τὰ
748 1750 809 1777 κατ’
823 1751 909 1787 αὐτὴν
936 1753 974 1785 ὡς

192 1793 249 1831 εἶχε
274 1797 307 1832 τῇ
337 1797 419 1832 μητρὶ
445 1797 556 1832 διεξῄει,
573 1798 638 1833 ἡδέα
666 1799 736 1833 μετὰ
751 1797 801 1833 τὴν
817 1799 975 1834 ἀπαλλαγὴν

191 1841 256 1868 ὄντα
271 1843 319 1868 καὶ
334 1842 473 1876 λέγεσθαι.
491 1843 537 1870 καὶ
554 1844 712 1873 ἀκούεσθαι.
738 1846 815 1873 Ἐπεὶ
832 1844 879 1873 οὖν
896 1847 942 1873 καὶ
959 1847 975 1881 ἡ

193 1888 295 1923 μήτηρ,
317 1888 352 1915 τὰ
367 1888 414 1915 τοῦ
428 1889 496 1915 Θεοῦ
510 1898 540 1916 τε
558 1891 605 1917 καὶ
619 1891 674 1918 τῶν
690 1891 868 1927 ὁμολογητῶν
893 1893 975 1920 αὐτοῦ

192 1933 240 1959 καὶ
255 1934 403 1969 μαρτύρων
416 1936 456 1966 εὶς
470 1935 520 1971 τὴν
535 1936 672 1973 θυγατέρα
699 1939 830 1972 γεγονότα
846 1938 977 1973 τεράστια

191 1979 307 2006 ἐπύθετο
331 1981 395 2016 παρ’
412 1982 508 2016 αὐτῆς.
526 1984 615 2009 πᾶσαν
641 1984 749 2019 ὲκεινην
764 1985 814 2018 τὴν
837 1985 945 2019 ἡμέραν
963 1986 977 2010 ὁ

191 2026 336 2061 εὐκτήριος
350 2028 403 2054 τῶν
421 2028 568 2063 μαρτύρων
582 2029 657 2060 οἶκος
673 2031 832 2065 ἀμφοτέρας
847 2029 905 2064 εἶχε
931 2038 978 2064 με-

191 2071 361 2105 γαλυνούσας
384 2074 431 2100 τὸν
452 2073 555 2108 Κύριον
571 2082 578 2089 ο
595 2075 716 2108 ἑσπέρας
731 2075 759 2100 δὲ
778 2076 841 2110 ἄρτι
855 2075 976 2102 καταλα-

193 2117 294 2150 ϐούσης
311 2118 398 2149 ἐξίασι
424 2119 470 2145 τοῦ
495 2118 558 2151 νεὼ,
582 2121 630 2146 καὶ
647 2120 686 2154 τῷ
699 2120 770 2156 οἴκῳ
795 2121 844 2156 μὲν
872 2121 978 2148 ἑαυτῶν

193 2163 363 2190 ἀποδίδονται
377 2172 384 2179 '
400 2166 432 2199 τῇ
449 2165 562 2201 ιπιούσῃ
576 2166 603 2192 δὲ
619 2160 746 2202 πανταχῆ
773 2174 803 2193 τε
819 2167 849 2193 τὸ
865 2168 976 2201 γεγονὸς

191 2208 328 2241 διεδίδοτο,
345 2211 391 2236 καὶ
405 2211 436 2236 τὸ
453 2211 552 2249 πλῆθος
565 2212 611 2239 ἐπὶ
624 2212 674 2247 τὴν
690 2213 776 2248 κόρην
793 2214 840 2239 καὶ
857 2213 912 2240 τῶν
928 2214 976 2241 ἆλ-

1028 1625 1152 1653 quzenam
1163 1616 1188 1643 ei
1202 1615 1375 1645 accidissent,
1389 1618 1417 1640 ct
1429 1611 1659 1647 quemadmodum
1675 1609 1812 1640 rediisset,

1026 1669 1054 1691 et
1070 1663 1200 1698 quidnam
1224 1660 1321 1688 fecerit
1339 1667 1399 1686 eam
1424 1658 1500 1685 indui
1524 1662 1576 1684 tam
1600 1655 1748 1683 serviliter.
1764 1654 1814 1681 llla

1028 1714 1118 1736 autem
1136 1707 1258 1734 narravit
1278 1705 1369 1733 omnia
1387 1704 1477 1734 matri,
1498 1707 1526 1729 ut
1541 1709 1571 1729 se
1589 1700 1737 1731 habebant,
1754 1705 1815 1733 qua:

1029 1760 1089 1790 post
1101 1753 1291 1782 liberationem
1307 1755 1387 1778 erant
1398 1749 1520 1785 jucunda
1533 1752 1561 1775 et
1572 1748 1646 1774 dictu
1663 1751 1691 1773 et
1705 1745 1813 1772 auditu.

1027 1803 1094 1830 Cum
1112 1808 1178 1836 ergo
1194 1803 1292 1830 mater,
1309 1805 1370 1833 qua:
1390 1805 1403 1823 τι
1421 1796 1475 1823 Deo
1493 1799 1521 1822 et
1534 1795 1594 1829 ejus
1611 1790 1816 1820 ionfessoribus

1027 1853 1056 1876 et
1071 1835 1238 1882 martjribus
1258 1845 1328 1871 facta
1352 1843 1462 1870 fuerant
1477 1841 1504 1868 in
1523 1840 1605 1866 filiam
1623 1837 1765 1869 miracula,
1782 1835 1816 1862 ab

1027 1903 1059 1922 ea
1084 1893 1254 1923 audivissat,
1279 1894 1366 1917 totum
1400 1889 1477 1916 illum
1505 1888 1577 1914 diem
1601 1885 1720 1912 oratoria
1745 1883 1817 1910 aedes

1028 1945 1179 1975 martyrum
1195 1938 1289 1966 ambas
1304 1936 1401 1964 habuit
1416 1935 1563 1962 Dominum
1580 1931 1734 1959 laudantes.
1746 1929 1816 1956 Cum

1028 1987 1148 2014 venisset
1173 1990 1264 2011 autem
1289 1990 1414 2017 vespera.
1439 1981 1619 2016 egrediuntur
1636 1986 1651 2005 e
1672 1976 1773 2010 templo
1789 1979 1817 2002 et

1029 2032 1140 2059 domum
1166 2034 1352 2056 revertuntur.
1378 2028 1426 2055 Die
1447 2034 1513 2054 vero
1531 2024 1668 2059 sequenti,
1691 2027 1718 2049 et
1743 2020 1817 2055 quod

1028 2077 1129 2104 factum
1141 2074 1240 2107 fuerat,
1253 2074 1279 2100 iu
1290 2081 1398 2101 omnem
1411 2078 1514 2108 partem
1528 2072 1579 2098 fuit
1589 2069 1814 2098 disseminatum:

1028 2127 1055 2151 et
1073 2121 1222 2149 multitudo
1234 2119 1389 2147 conﬂuebat
1401 2119 1434 2145 ad
1448 2118 1567 2153 puellam
1581 2122 1675 2143 eorum
1689 2114 1734 2147 qui
1749 2112 1817 2139 alio-

1029 2169 1077 2204 qui
1094 2167 1127 2195 ad
1143 2175 1202 2195 eam
1217 2165 1380 2195 attinebant,
1397 2164 1537 2197 Deumque
1558 2159 1639 2188 simul
1655 2166 1716 2186 cum
1732 2165 1775 2188 ea,
1789 2161 1818 2184 et

1029 2223 1089 2248 eos,
1100 2215 1147 2250 qui
1163 2218 1274 2249 propter
1290 2213 1378 2247 ipsqu
1396 2210 1468 2245 passi
1483 2209 1602 2239 fuerant,
1618 2206 1817 2242 gloriﬁcantes.

192 2254 245 2285 λως
273 2255 469 2291 προσηκόντων
497 2257 657 2293 συνέρρεον,
688 2258 735 2284 τὸν
764 2258 832 2285 Θεόν
879 2267 909 2285 τε
937 2259 995 2294 ἅμα
1015 2260 1084 2296 αὐτῇ
1111 2260 1158 2286 καὶ.
1184 2258 1248 2288 τοὺς
1272 2257 1306 2284 δι’
1337 2256 1418 2283 αὑτὸν
1464 2253 1600 2284 παθόντας
1633 2251 1726 2284 ἁγίους
1759 2250 1817 2276 ἐδό-

194 2302 286 2336 ξαζον.

227 2349 292 2377 κε’.
319 2349 413 2385 Χρόνῳ
437 2350 466 2376 δὲ
495 2348 628 2385 ὕστερον,
645 2349 711 2382 Θσδς
746 2350 759 2376 ό
785 2350 840 2377 τῶν
868 2352 973 2387 ἐκδική-

1066 2349 1149 2379 XXV.
1167 2347 1322 2384 Aliquando
1343 2351 1434 2374 autem
1453 2348 1515 2379 post
1536 2348 1657 2377 tempore
1674 2341 1747 2368 Deus
1766 2340 1820 2367 Do-

194 2403 264 2421 σεων
302 2394 423 2428 Κύριος,
447 2394 690 2429 ἐπαρρησιάσατο,
718 2394 812 2430 ὑψώθη
841 2395 856 2421 ὁ
879 2396 980 2431 κρίνων

193 2441 242 2474 τὴν
275 2439 336 2474 γῆξ,
366 2439 507 2466 ἀπέδωκεν
536 2440 723 2467 ἀνταπόδωσιν
754 2442 810 2472 τοῖς
837 2441 979 2476 ὑπερηφά-

195 2492 260 2515 νοις.
277 2484 396 2519 Πέρσαις
418 2484 478 2521 ¹γὰρ
500 2484 609 2512 Οῦννων
629 2486 841 2521 προσθεμένων,
858 2487 981 2519 καὶτοὺς

195 2530 259 2565 περὶ
281 2529 331 2565 τὴν
356 2530 488 2558 Ἔδεσσαν
520 2531 620 2563 τόπους
659 2532 699 2558 ἔτι
737 2532 980 2568 κατατρεχόντων,

196 2577 334 2604 στέλλεται
364 2576 413 2612 μὲν
452 2576 500 2604 καὶ
537 2576 615 2610 αὖθις
647 2578 809 2610 Ἐδεσσινοῖς
843 2580 883 2610 εις
910 2587 981 2613 συμ-

196 2622 297 2658 μαχίαν
328 2622 404 2657 παρὰ
439 2621 581 2656 Ῥωμαίων
614 2624 749 2657 στρατὸς,
773 2623 816 2658 ἐφ’
830 2620 853 2657 ᾧ
878 2624 932 2651 τῶν
952 2624 980 2651 δὲ

195 2666 235 2700 εἷς
259 2667 293 2704 ἦν
307 2667 353 2694 καὶ
381 2668 395 2694 ό
417 2668 501 2698 πολὺς
518 2667 567 2703 τὴν
586 2669 737 2704 μοχθηρίαν
752 2670 861 2704 Γότθος,
883 2671 927 2697 καὶ
946 2672 979 2706 τῇ

192 2715 242 2749 τῆς
275 2714 402 2748 γυναικὸς
435 2714 511 2750 οὶκίᾳ
535 2715 617 2742 πάλιν
641 2717 787 2751 ἐπιδημεῖ·
809 2717 938 2752 ἐπιδημεῖ
951 2717 979 2744 δὲ

193 2759 365 2792 πεποιθότως
403 2759 451 2786 ἅτε
483 2760 610 2796 γαμϐρὸς
647 2762 724 2797 ἑστίᾳ
753 2763 901 2797 πενθερικῇ
932 2765 979 2789 καὶ

195 2807 278 2842 μηδὲν
303 2803 341 2834 ὧν
355 2808 384 2834 ἑν
400 2806 439 2842 τῷ
456 2807 555 2841 ἀφανεῖ
569 2807 751 2835 ἐπεϐούλευσε
768 2809 886 2844 φανερὸν
900 2808 978 2844 γενέ-

195 2852 259 2879 σθαι
277 2853 409 2880 ὑπονοῶν.
427 2853 533 2880 Γνοῦσα
551 2853 641 2880 τοίνυν
656 2854 673 2890 ή
695 2855 745 2889 τῆς
773 2854 868 2885 παιδὸς
885 2855 976 2890 μήτηρ

196 2897 247 2933 τὴν
271 2897 318 2926 τοῦ
345 2899 441 2936 ἀνδρὸς
458 2899 624 2936 παρουσίαν,
638 2900 688 2936 τὴν
710 2901 760 2936 μὲν
775 2900 914 2937 Θυγατέρα
939 2902 972 2938 τῇ

1032 2399 1122 2426 minus
1146 2396 1281 2423 ultionum
1302 2393 1387 2421 libere
1412 2392 1477 2427 egit,
1502 2391 1530 2417 in
1556 2390 1642 2416 altum
1666 2389 1754 2415 elatus
1776 2391 1819 2413 est

1030 2442 1076 2477 qui
1091 2441 1195 2476 judicat
1212 2443 1323 2470 terram,
1339 2437 1458 2465 reddidit
1473 2434 1600 2470 superbis
1621 2431 1821 2460 remuneratio—

1031 2476 1104 2515 nem.
1118 2487 1185 2514 Nam
1198 2493 1261 2513 cum
1276 2484 1365 2511 Hunni
1381 2482 1472 2510 Persis
1487 2489 1516 2508 se
1531 2480 1730 2515 adjunxissent,
1747 2480 1775 2504 et
1790 2476 1818 2503 in

1029 2534 1102 2566 loca,
1115 2540 1175 2568 quat
1189 2535 1268 2559 erant
1282 2530 1353 2558 circa
1372 2528 1512 2559 Edessam,
1527 2527 1618 2554 adhuc
1635 2525 1756 2552 facerent
1773 2523 1816 2549 in-

1031 2579 1181 2610 cursiones,
1196 2583 1291 2605 rursus
1305 2576 1415 2612 quidem
1428 2575 1460 2602 ad
1474 2573 1627 2601 Edesseuos
1639 2572 1664 2598 in
1681 2569 1813 2597 auxilium

1030 2632 1045 2651 a
1060 2624 1189 2652 Romanis
1214 2623 1333 2650 mittitur
1355 2621 1504 2649 exercitus.
1528 2619 1605 2646 l‘nus
1627 2621 1717 2644 autem
1733 2623 1766 2642 ex
1782 2615 1818 2641 iis

1033 2674 1093 2697 erat
1107 2672 1188 2696 etiam
1203 2668 1431 2696 sceleratissimus
1441 2665 1574 2697 Gotthus;
1590 2667 1618 2690 et
1633 2662 1708 2689 venit
1723 2667 1818 2688 rursus

1031 2715 1059 2743 in
1074 2716 1187 2743 domum
1205 2714 1339 2741 mulieris.
1351 2713 1433 2740 Venit
1450 2715 1541 2738 autem
1556 2709 1739 2739 confidenter,
1757 2711 1816 2733 tan-

1030 2770 1112 2797 quam
1129 2769 1214 2797 gener
1229 2761 1257 2788 in
1273 2760 1385 2787 domum
1409 2765 1516 2789 socrus,
1538 2755 1606 2783 nihil
1623 2761 1729 2785 eorum,
1754 2760 1817 2787 qua:

1034 2808 1140 2836 occulte
1152 2811 1332 2843 perpetrarat,
1346 2804 1520 2832 manifestum
1533 2802 1652 2829 evasisse
1663 2800 1816 2835 suspicans.

1033 2855 1099 2883 Cum
1115 2862 1180 2890 ergo
1195 2853 1368 2889 cognovisset
1381 2855 1469 2878 mater
1482 2850 1542 2885 ejus
1556 2848 1716 2877 adventum,
1733 2845 1816 2872 ﬁliam

1032 2901 1143 2937 quidem
1162 2900 1278 2928 includit
1300 2899 1328 2927 in
1350 2897 1432 2926 domo
1456 2897 1599 2927 interiore,
1619 2893 1742 2930 cogitans
1758 2897 1817 2919 rem
