2077 3148
340 143 391 176 159

951 142 1032 172 ΜΕΝ
1035 141 1093 172 SIS
1110 141 1331 174 ΝονΕιιΒΕιι.

1904 139 1958 173 160

337 203 428 230 facere
450 199 664 235 sapientiorem,
694 206 777 234 quam
803 206 864 234 quae
889 198 1016 226 videatur
1041 205 1120 234 posse

1183 197 1305 234 ὲνδοτέρᾳ
1318 198 1392 234 οἰκίᾳ
1406 198 1608 233 ἔγκατακλείει,
1623 197 1777 233 σοφώτερον
1789 197 1805 234 ἢ
1820 198 1890 225 κατα
1905 205 1958 231 γυ-

335 247 432 275 cadere
447 246 475 273 in
492 245 648 273 mulierem.
670 245 718 273 Illa
737 249 830 273 autem
854 252 917 273 eum
939 245 1042 281 excipit
1056 253 1120 273 cum

335 292 444 328 gaudio,
456 291 596 327 quomodo
611 292 669 326 ipse
682 299 710 319 se
724 291 835 324 habeat,
850 292 1038 325 Interrogans;
1052 299 1122 327 quo-

334 338 416 365 modo
431 345 499 365 vero
522 337 577 364 ﬁlia
595 338 648 364 iter
662 337 691 364 in
705 338 763 372 ejus
778 337 890 364 domum
911 337 1079 371 confecerit;
1093 341 1122 365 et

333 381 474 415 quomodo
494 381 530 408 sit
554 385 732 414 c0nservata;
753 386 781 408 et
798 381 1040 415 quemadmodum,
1057 389 1121 410 cum

335 429 409 453 esset
427 426 549 460 gravida,
567 426 702 460 pepererit
715 435 722 455 :
736 431 763 454 et
777 427 849 460 quod
863 432 1017 461 pepererat.
1035 433 1122 456 esset-

336 478 372 498 ne
396 470 544 502 masculus,
571 477 607 497 an
632 471 743 498 icmina.
770 471 827 506 Ego
852 471 936 504 enim,
962 473 1062 508 inquit,
1088 473 1122 501 de

337 517 417 544 vobis
443 525 516 544 eram
538 518 613 545 valde
640 518 776 551 sollicita,
801 526 837 546 ne
860 518 938 547 vobis
960 519 988 546 in
1010 519 1072 552 via,
1095 523 1124 547 et

338 564 457 591 maxime
474 563 536 590 ﬁlia:
552 571 619 591 mea:
633 572 715 599 grave
731 564 834 599 aliquid
850 564 999 597 accideret,
1017 569 1046 592 ut
1063 573 1123 600 quae

338 612 411 636 esset
434 616 587 643 praegnans,
602 612 630 636 et
647 609 772 644 pariendi
797 614 904 645 tempus
917 610 973 645 jam
990 610 1016 637 ei
1039 618 1124 645 appe-

339 659 419 681 teret.
438 654 556 681 Gotthus
575 658 679 687 autem,
696 658 726 681 ut
747 655 794 689 qui
816 662 872 682 non
887 662 920 682 ex
935 655 969 683 iis
990 663 1050 690 qua:
1066 656 1124 691 ipse

338 699 457 732 fecerat,
480 699 529 727 sed
549 707 583 727 ex
607 700 640 727 iis
664 708 724 735 quae
750 700 897 728 ineﬁ‘abilis
918 701 1125 737 dispensaverat

339 746 459 777 bonitas.
484 746 810 781 responderet:0mnia,
835 747 956 780 dicebat,
981 753 1055 776 recte
1072 749 1126 776 tuis

338 799 497 820 successere
513 793 651 828 precibus.
664 793 730 821 Sine
742 794 798 822 ulla
813 798 906 822 autem
919 795 1042 823 molestia
1053 795 1125 823 viam

340 846 405 865 cum
419 843 466 866 tua
479 838 535 866 ﬁlia
549 839 717 874 peregimus,
730 844 758 867 et
772 839 806 868 ad
819 840 892 868 aedes
907 848 982 869 meas
997 841 1126 869 alacriter

340 884 533 919 pervenimus;
554 885 661 919 peperit
685 891 777 913 autem
804 886 889 914 ﬁlium
912 887 1075 920 masculum,
1100 895 1129 917 et

341 936 414 956 nunc
429 937 494 956 sana
516 934 545 956 et
559 929 619 957 laeta
637 930 685 957 tibi
704 930 849 965 plurimam
870 940 920 967 per
938 940 982 960 tne
997 933 1063 961 dicit
1083 943 1128 962 sa-

342 974 438 1002 lutem.
455 974 533 1008 Quod
549 975 603 1004 nisi
624 981 736 1012 repente
756 977 832 1005 missi
847 986 971 1007 essemus
983 980 1017 1007 ad
1033 980 1126 1008 feren-

343 1020 408 1048 dum
423 1021 564 1054 auxilium,
578 1022 636 1058 ipsa
649 1031 759 1059 quoque
771 1024 804 1052 ad
824 1029 850 1053 te
866 1033 974 1054 mecum
988 1026 1125 1055 rediisset.

378 1108 473 1138 XXVI.
489 1110 552 1138 llaec
572 1118 633 1138 cum
651 1117 738 1140 mater
752 1113 872 1147 audiret,
894 1115 932 1142 ira
949 1115 1128 1150 replebantur

342 1160 369 1181 ct
385 1156 566 1184 versabantur
586 1158 647 1192 ejus
661 1158 778 1190 viscera,
793 1164 826 1190 ut
838 1167 899 1194 qua
921 1161 1129 1188 abominaretur

342 1200 414 1228 bona
431 1202 530 1235 verba,
551 1202 631 1230 iactis
647 1203 757 1239 injustis
774 1204 853 1232 illita.
876 1205 982 1234 Deinde
995 1214 1057 1234 cum
1073 1214 1129 1234 non

343 1251 436 1281 posset
460 1248 579 1282 amplius
597 1247 671 1276 ferre
689 1249 793 1284 justam
817 1250 898 1282 iram,
921 1258 982 1284 qua:
999 1252 1025 1278 in
1043 1253 1132 1279 mani-

343 1291 442 1320 festam
461 1292 610 1321 insultabat
636 1293 824 1329 iniquitatem,
849 1296 991 1324 infremuit
1016 1302 1082 1326 tunc
1105 1299 1132 1326 in

344 1337 446 1370 virum,
468 1338 544 1365 omni
574 1346 609 1365 ex
639 1344 715 1374 parte
741 1339 821 1375 longe
845 1340 1073 1376 injustissimum;
1094 1348 1133 1376 et,

345 1381 367 1408 0
378 1382 565 1415 fraudulento),
581 1383 680 1418 inquit,
691 1389 719 1412 et
732 1385 879 1420 parricida,
891 1386 956 1421 quid
970 1387 1058 1414 fecisti
1071 1396 1132 1415 cum

347 1434 407 1454 mea
421 1427 496 1454 ﬁlia?
512 1428 611 1456 Haecne
635 1429 702 1456 mihi
716 1430 894 1465 jurejurando
911 1431 973 1458 dato
987 1439 1018 1460 es
1031 1433 1135 1468 pollici-

348 1473 410 1500 tus?
423 1473 538 1508 Propter
561 1474 656 1502 haecne
674 1475 849 1510 Iidejussores
862 1481 890 1504 et
905 1481 1039 1513 martyres
1066 1479 1133 1506 mihi

1169 246 1251 272 ναῖκα
1269 246 1385 280 πρᾶγμα
1402 245 1500 281 δρᾶσαι
1518 245 1706 280 διανοουμένη.
1731 245 1763 271 Ἦ
1781 245 1810 271 δὲ
1829 244 1899 279 μετὰ
1912 253 1960 271 πί-

1172 292 1312 328 ριχαρείας
1334 292 1416 319 αὐτὸν
1437 291 1609 327 ὑποδέχεται,
1634 291 1710 322 ὅπως
1732 290 1782 324 μὲν
1794 289 1882 324 of)th
1899 290 1958 325 ἔχοι

1170 336 1338 371 διερωτῶσα,
1354 336 1428 367 ὅπως
1445 336 1474 362 δὲ
1489 335 1539 370 τὴν
1559 336 1606 362 ἐπὶ
1621 334 1656 361 τά
1679 335 1768 361 οἰκεία
1785 335 1881 360 τούτου
1897 334 1959 360 ὁδὸν

1171 382 1188 416 ἡ
1209 381 1333 417 θυγάτηρ
1359 381 1494 416 διήνυσεν,
1510 382 1586 412 ὅπως
1604 389 1633 407 τε
1657 380 1786 415 διεσώθη.
1808 380 1855 406 καὶ
1878 379 1962 413 £716-

1173 435 1231 460 μων
1250 423 1317 452 οὖσα
1331 425 1436 458 τέτοκε,
1453 425 1501 452 καὶ
1516 426 1530 452 ὅ
1544 434 1570 452 τι
1582 425 1613 452 τδ
1628 425 1734 460 τεχθὶν,
1754 426 1840 460 spe”
1855 425 1871 460 ἢ
1889 425 1958 459 θῆλύ

1173 471 1256 498 ἑστιν.
1286 471 1359 505 Ἐγὼ
1384 471 1450 505 γὰρ,
1478 471 1554 506 φησὶ.
1581 471 1682 507 πολλὴν
1709 471 1758 506 τὴν
1786 471 1852 506 περὶ
1881 471 1961 506 ὑμῶν

1173 516 1324 551 ἐποιούμην
1339 517 1479 552 φροντίδα,
1493 517 1530 552 μή
1545 517 1597 543 κού
1611 525 1637 543 τι
1655 516 1725 543 κατά
1738 516 1787 551 τὴν
1799 516 1961 551 ὁδοιπορίαν

1173 562 1238 597 ὑμῖν
1255 563 1303 589 καὶ
1321 562 1439 597 μάλιστα
1453 564 1486 598 τῇ
1504 563 1557 598 ἐμῇ
1577 562 1694 598 θυγατρὶ
1707 562 1854 597 συνενεχθῇ
1868 562 1963 598 δυσχε-

1175 609 1233 644 ρὲς,
1246 608 1378 643 ἑγκύμονί
1394 617 1423 634 τε
1449 609 1496 634 καὶ
1515 609 1565 643 ήδη
1584 609 1651 643 πρὸς
1665 608 1695 635 τὸ
1712 608 1815 635 τίκτειν
1834 608 1964 635 καθιστα-

1176 654 1254 690 μένῃ.
1276 654 1332 681 Καὶ
1351 655 1365 680 ό
1379 654 1479 685 Γότθος
1495 654 1591 689 ὥσπερ
1605 655 1655 680 οὐκ
1668 654 1714 688 ἀφ’
1729 652 1767 681 ὧν
1786 654 1868 684 αὐτὸς
1883 654 1965 689 ἐδρα-

1176 708 1232 734 σεν,
1248 699 1307 727 ἀλλ’
1322 701 1369 734 ἀφ’
1384 697 1422 727 ὧν
1451 701 1467 735 ἡ
1487 701 1609 736 ἀρῤητος
1628 701 1804 736 ᾠκονόμησεν
1823 701 1964 736 ἀγαθότης

1175 747 1225 779 τὰς
1255 748 1425 782 ἀποκρίσεις
1458 747 1639 780 ποιούμενος·
1661 747 1705 773 Ἐν
1735 748 1843 780 καλοῖς,
1872 748 1963 782 ελεγι,

1175 793 1267 821 πάντα
1282 794 1343 824 ταῖς
1359 794 1420 825 σαῖς
1435 793 1592 828 προσῆλθον
1610 793 1713 827 εὐχαῖς.
1734 794 1857 825 ’Δλύπως
1872 794 1899 820 δὲ
1915 794 1965 820 καὶ

1176 839 1226 874 τὴν
1245 839 1304 866 ὁδὸν
1321 838 1380 874 ἅμα
1396 840 1430 874 τῇ
1449 839 1482 874 σῇ
1507 838 1623 874 θυγατρὶ
1648 837 1826 874 διηνύσαμεν,
1842 839 1890 866 καὶ
1905 841 1966 870 τοῖς

1179 885 1256 920 δμοῑς
1278 883 1406 918 εὐθύμως
1417 883 1558 919 ἀπεσώθη,
1572 884 1619 911 καὶ
1634 884 1675 911 ότι
1690 884 1766 910 τέκοι
1782 884 1889 911 παιδίον
1914 884 1968 920 ἆῤ-

1181 932 1238 966 ῥεν,
1253 931 1300 957 καὶ
1315 929 1362 957 νῦν
1378 930 1409 956 ἐν
1424 930 1505 965 ὗγτίᾳ
1524 929 1590 956 οὖσα
1605 930 1652 956 καὶ
1667 929 1796 965 εὐθυμία,
1823 930 1908 957 πολλά
1933 938 1966 956 σι

1179 976 1213 1003 δι’
1233 975 1300 1011 ἐμοῦ
1317 975 1519 1012 προσαγορεύει
1533 985 1562 1002 τε
1577 976 1623 1002 καὶ
1643 975 1808 1006 ἀσπάζεται.
1827 975 1859 1001 ΕΞ
1875 975 1903 1001 δὲ
1925 975 1967 1010 μὴ

1178 1022 1210 1047 ἑκ
1224 1020 1271 1047 τοῦ
1286 1020 1408 1056 ἀφνιδίου
1424 1021 1492 1056 πρὸς
1510 1020 1669 1056 συμμαχίαν
1687 1020 1852 1055 ὲστάλημεν,
1877 1020 1966 1046 ὲπαν-

1178 1067 1246 1102 ἧκεν
1263 1067 1296 1093 ἀν
1313 1075 1355 1093 σοι
1373 1066 1421 1093 καὶ
1435 1066 1504 1101 αὐτή
1522 1066 1571 1092 σὺν
1588 1066 1661 1100 ἐμοί.

1217 1111 1290 1145 [ις’.
1304 1111 1413 1138 Τούτων
1430 1111 1446 1145 ἡ
1463 1112 1556 1146 μήτηρ
1572 1110 1725 1142 ἀκούσασα,
1742 1110 1828 1146 ὁργῆς
1839 1118 1869 1136 τι
1885 1108 1970 1143 ἐπλη-

1182 1158 1262 1193 ροῦτο
1279 1157 1327 1184 καὶ
1345 1157 1380 1183 τὰ
1403 1157 1546 1190 σπλάγχνα
1583 1156 1740 1190 ἐστρέφετο,
1762 1156 1850 1190 ἔργων
1868 1155 1969 1182 ἀδίκων

1180 1202 1350 1229 ἐπίπλαστον
1363 1201 1554 1237 μυσαττομένη
1564 1201 1776 1236 χρηστολογίαν.
1788 1199 1855 1227 Εἶτα
1870 1201 1968 1236 μηκέτι

1181 1247 1318 1282 δυναμένη
1343 1247 1492 1280 διενεγκεῖν
1521 1246 1607 1280 θυμὸν
1637 1245 1742 1273 δίκαιον
1771 1247 1812 1277 εις
1847 1247 1969 1283 φανερὰν

1183 1293 1298 1329 ᾄττοντα
1315 1292 1498 1327 παρανομίαν,
1514 1291 1716 1327 ινισριμήσατό
1730 1301 1759 1318 τι
1775 1292 1812 1327 τῷ
1822 1293 1856 1319 τὰ
1879 1294 1970 1320 πάντα

1184 1340 1271 1375 ἀδίκῳ
1287 1339 1366 1374 ἀνδρὶ
1379 1340 1437 1372 καὶ,
1452 1339 1540 1372 Δόλιε,
1556 1339 1636 1374 φησὶ,
1651 1339 1698 1366 καὶ
1711 1339 1802 1373 φονεῦ,
1825 1340 1853 1366 τί
1877 1347 1910 1374 με
1934 1339 1970 1366 τὰ

1184 1387 1234 1421 τῆς
1250 1386 1319 1421 ἐμῆς
1345 1386 1499 1420 πεποίηκας
1523 1386 1674 1421 θυγατρός;
1698 1385 1817 1413 Τοιαῦτα
1837 1394 1880 1421 μοι
1907 1386 1970 1420 μεθ’

1184 1432 1273 1468 ὅρκων
1289 1432 1456 1466 ὲπηγγείλω,
1475 1431 1520 1457 ἐπὶ
1544 1431 1649 1462 τούτοις
1673 1431 1809 1466 ἐγγυητὰς
1835 1431 1898 1466 ἐμοὶ
1921 1431 1971 1457 καὶ

1187 1478 1330 1513 μάρτυρας
1360 1478 1424 1510 τοὺς
1449 1478 1493 1504 διὰ
1515 1477 1632 1512 Χριστὸν
1655 1478 1790 1508 παθόντας
1809 1477 1969 1512 παρέσχες;

347 1517 449 1546 dedisti
469 1526 533 1553 eos,
553 1521 600 1556 qui
619 1521 690 1556 passi
705 1525 769 1549 sunt
784 1527 894 1557 propter
908 1523 1066 1552 Christum?
1080 1525 1132 1553 Sed

1191 1522 1263 1550 Ἀλλ’
1280 1523 1357 1550 αὐτοί
1367 1531 1396 1549 σε
1407 1523 1525 1556 πάντως,
1536 1522 1583 1554 οὓς
1596 1523 1732 1558 ιγγυητὰς
1746 1522 1876 1556 δέδωκας,
1895 1522 1973 1549 αὐτοὶ

348 1563 400 1598 ipsi
429 1565 556 1599 omnino,
583 1574 652 1602 quos
680 1567 780 1595 dedisti
807 1568 1001 1604 Iidejussores,
1027 1570 1078 1605 ipsi
1107 1575 1133 1598 te

347 1610 462 1645 puniant
488 1616 602 1647 propter
619 1612 718 1640 malam
746 1617 820 1641 tuam
846 1619 976 1648 mentem,
992 1619 1022 1643 et
1041 1624 1135 1652 poenas

347 1659 459 1683 sument
475 1656 510 1684 de
527 1657 569 1684 his
587 1657 696 1692 injustis
719 1657 843 1689 insidiis:
859 1667 907 1687 eos
922 1668 987 1695 ergo
1004 1661 1136 1690 invocabo

347 1701 382 1728 ad
408 1701 576 1736 vindictam,
602 1711 671 1738 quos
700 1709 766 1732 tunc
790 1706 921 1740 accepisti
948 1706 1135 1742 ﬁdejussores.

349 1749 413 1776 Haec
424 1756 486 1776 cum
499 1749 624 1782 dixisset,
636 1750 754 1779 educite
766 1751 847 1779 domo
862 1752 954 1785 ﬁliam;
966 1758 993 1780 et
1004 1763 1011 1781 :
1024 1754 1137 1782 Nostine

351 1802 474 1829 quaenam
491 1795 548 1822 haec
563 1796 609 1826 sit.
623 1804 639 1823 ο
654 1796 747 1832 impie,
763 1797 852 1824 nosti?
867 1798 946 1831 dixit,
961 1806 1020 1825 eam
1036 1799 1137 1827 Gottlio

352 1840 518 1873 ostendens,
534 1844 562 1868 et
579 1840 624 1868 ubi
641 1849 701 1868 eam
720 1843 877 1876 incluseris,
901 1848 928 1871 et
950 1844 1023 1879 quali
1049 1850 1136 1873 tnorte

353 1893 412 1912 cam
427 1886 533 1914 tradere
548 1887 678 1918 volucris,
692 1895 745 1914 non
767 1888 851 1923 leges,
868 1889 968 1924 inquit,
983 1898 1038 1916 non
1054 1891 1138 1917 maxi-

353 1939 427 1957 mum
446 1931 513 1959 illud
529 1940 543 1959 a
559 1937 584 1960 te
600 1932 695 1960 datum
710 1934 902 1968 jusjurandum
915 1935 1070 1962 reveritus?
1084 1936 1137 1963 Sed

351 1977 454 2004 Christi
470 1978 640 2006 confessores
662 1984 689 2007 et
712 1985 858 2015 martyres,
880 1980 1021 2014 Samonas,
1038 1981 1137 2010 Gurias

351 2028 379 2051 ct
390 2023 505 2058 Abibus,
527 2025 627 2059 quibus
642 2033 691 2060 ego
713 2026 853 2054 conﬁdens
867 2035 926 2054 eam
942 2027 1068 2055 barbara:
1085 2033 1138 2056 tua:

351 2071 476 2098 commisi
497 2071 626 2105 dextera;
654 2073 693 2099 illi
714 2073 779 2100 mihi
806 2079 904 2108 praeter
926 2082 1001 2108 spem
1027 2082 1136 2102 omnem

350 2125 410 2146 eam
426 2123 624 2146 conservarunt
637 2124 665 2147 et
679 2119 706 2146 lﬂ
726 2127 818 2147 meum
840 2120 930 2148 sinum
946 2121 1138 2148 restituerunt.

388 2206 493 2235 XXVII.
510 2208 572 2236 Haec
588 2213 732 2244 postquam
754 2210 841 2236 audiit
857 2209 976 2237 Gotllius
992 2214 1020 2237 et
1044 2215 1137 2238 astan-

356 2256 410 2279 tem
427 2253 496 2279 vidit
514 2253 644 2287 puellam,
668 2262 724 2289 pra:
749 2255 854 2289 pudore
876 2260 904 2281 ct
930 2260 1004 2282 metu
1039 2255 1064 2282 ei
1088 2263 1141 2282 vox

353 2298 487 2325 exstincta
501 2302 543 2325 est
557 2308 564 2326 :
583 2304 696 2333 eratque
720 2305 819 2332 mutus,
835 2308 868 2327 ne
879 2308 909 2327 os
925 2299 1035 2335 quidem
1048 2300 1142 2328 valens

354 2343 473 2377 aperire.
489 2343 592 2370 Deinde
607 2351 668 2370 cum
688 2352 731 2371 res
742 2349 814 2372 esset
831 2350 926 2379 aperta
953 2349 981 2371 et
999 2345 1143 2372 convictus

354 2393 427 2416 esset
446 2388 503 2416 haec
520 2389 617 2416 iecisse
631 2389 738 2424 puellze,
767 2398 801 2418 ne
825 2390 850 2417 ei
871 2390 983 2425 quidem
1012 2391 1142 2425 loquendi

353 2440 518 2471 potestatem
538 2435 683 2469 facientes,
707 2437 755 2470 qui
768 2436 892 2469 aderant,
909 2445 971 2464 eum
985 2441 1043 2465 tuto
1056 2437 1144 2464 inclu-

355 2483 435 2510 dunt.
454 2483 540 2510 Illater
557 2486 647 2509 autent
672 2490 735 2510 cum
762 2483 827 2516 (illa,
858 2483 976 2512 adducto
997 2485 1142 2519 scriptore,

355 2536 419 2556 cum
439 2536 500 2563 qua:
511 2532 662 2556 evenerant
679 2528 772 2555 omnia
799 2529 1011 2561 recensuissent,
1028 2529 1144 2556 sanctis-

314 2583 315 2586 η
355 2575 427 2602 nimo
439 2575 550 2603 Edessae
577 2573 704 2610 episcopo
719 2575 754 2609 (is
768 2578 859 2602 autem
882 2579 941 2602 erat
957 2575 1097 2610 Eulogius)
1112 2583 1145 2602 ca

358 2621 482 2648 tradunt.
498 2622 544 2649 Ille
557 2629 624 2649 vero
641 2628 703 2648 cum
720 2628 754 2649 ea
777 2621 949 2656 perlegissct,
974 2622 1054 2648 simul
1082 2629 1144 2649 cum

359 2667 489 2695 universo
511 2668 596 2700 clero,
612 2667 687 2695 vadit
699 2667 732 2694 ad
745 2669 898 2703 [przetorem
924 2667 1052 2699 civitatis,
1074 2673 1099 2695 et
1119 2668 1145 2695 ci

361 2713 455 2745 tradit,
473 2714 642 2749 quaescripta
662 2713 784 2742 fuerant.
815 2713 868 2747 Qui
889 2720 951 2741 cum
968 2721 1001 2740 ea
1024 2713 1146 2748 legisset,

362 2759 481 2795 primum
494 2759 607 2795 quidem
618 2760 734 2788 allectus
751 2759 803 2787 fuit
817 2759 1012 2792 admiratione,
1038 2763 1066 2786 ct
1087 2767 1147 2786 cam

363 2813 420 2832 rem
438 2805 533 2834 habuit
549 2813 598 2841 pro
611 2806 764 2833 miraculo:
785 2810 814 2833 et
836 2805 957 2833 laudavit
975 2806 1060 2834 Deum
1085 2806 1149 2833 uui-

363 2860 519 2886 wrsorum.
534 2854 580 2883 aui
597 2863 647 2890 per
662 2862 727 2883 suos
749 2858 883 2891 martyres
905 2854 958 2883 hoc
988 2861 1099 2888 novum,
1123 2858 1150 2881 ct

1185 1575 1215 1594 as
1244 1568 1294 1603 τῆς
1323 1569 1445 1604 πονηρᾶς
1469 1568 1675 1604 τιμωρήσονται
1699 1567 1823 1603 γνώμης.
1849 1575 1897 1594 και
1919 1567 1972 1602 τῆς

1185 1616 1279 1644 ἀδίκου
1315 1615 1417 1650 ταύτης
1454 1614 1602 1649 ἐπιϐουλῆς
1633 1614 1826 1650 εἰσπράξονται
1866 1614 1944 1646 δίκας
1959 1622 1970 1630 ·

1186 1661 1284 1692 αὐτοὺς
1299 1660 1338 1692 εἰς
1355 1660 1463 1695 ἀμυναν
1477 1659 1533 1694 ἑγὼ
1549 1659 1668 1692 καλέσω,
1692 1659 1739 1692 οὓς
1759 1660 1799 1691 εις
1819 1659 1922 1694 ιγγύην
1938 1659 1972 1685 σὺ

1186 1708 1247 1734 τότε
1264 1707 1453 1741 παρείληφας.
1477 1705 1572 1733 Ταῦτα
1598 1706 1614 1741 ή
1639 1706 1731 1740 μήτηρ
1746 1706 1863 1732 ultronea
1880 1704 1973 1738 ὶξὰγει

1187 1754 1235 1789 τῆς
1246 1753 1334 1784 οξικίας
1347 1752 1396 1788 τὴν
1412 1751 1558 1787 θυγατᾶρα,
1571 1752 1628 1783 καὶ,
1639 1750 1720 1784 οἶδας
1732 1752 1774 1783 τίς
1788 1751 1869 1786 αὕτη,
1879 1751 1972 1786 φησὶν,

1187 1801 1298 1834 ἀνόσιε;
1315 1799 1354 1834 τῷ
1372 1799 1463 1834 Γότθῳ
1475 1798 1602 1832 δείξασα·
1624 1795 1698 1829 οἶδας
1713 1797 1816 1832 ταύτην
1836 1797 1884 1825 καὶ
1905 1798 1973 1824 ὅπου

1187 1845 1291 1878 ταύτην
1313 1843 1503 1875 κατέκλεισας,
1529 1843 1577 1869 καὶ
1591 1843 1640 1878 οἴῳ
1666 1843 1818 1877 ήὸουλήθης
1838 1842 1975 1878 παραδοῦ-

1189 1900 1233 1919 ναι
1252 1890 1372 1925 θανάτῳ,
1394 1890 1430 1924 μὴ
1451 1889 1544 1923 φύσιν,
1563 1890 1600 1924 μὴ
1614 1890 1724 1924 νόμους,
1742 1889 1778 1924 μὴ
1795 1890 1894 1923 ὅρκους
1912 1890 1976 1920 τοὺς

1190 1937 1300 1972 μακρὰν
1315 1936 1436 1966 ἐκείνους
1452 1934 1615 1970 εὺλαὸηθείς
1632 1943 1639 1967 ;
1661 1935 1732 1962 Ἀλλ’
1751 1936 1776 1961 oi
1790 1935 1835 1961 τοῦ
1855 1935 1973 1970 Χριστοῦ

1189 1983 1353 2017 όμολογηταὶ
1380 1982 1427 2008 καὶ
1458 1981 1596 2016 μάρτυρες
1622 1982 1775 2016 Σαμιυνᾶς,
1808 1981 1905 2015 Γορίας
1928 1981 1974 2007 καὶ

1191 2028 1312 2059 ’2λῦιὸοῇ
1339 2027 1383 2062 ἐφ’
1408 2024 1449 2058 οἷς
1466 2026 1522 2060 ἐγὼ
1543 2027 1706 2062 θαρῤήσασα
1723 2028 1756 2061 τῇ
1776 2026 1906 2061 βαρϐάρῳ
1928 2034 1975 2052 σου

1190 2075 1292 2108 ταύτην
1321 2074 1464 2099 ἐπίστευον
1489 2072 1575 2107 δεξιᾷ,
1604 2071 1704 2098 ἐκεῖνοί
1725 2080 1770 2106 μοι
1798 2071 1864 2106 παρ’
1883 2071 1976 2097 ἑλπίδι

1193 2122 1281 2147 πᾶσαν
1305 2120 1390 2154 αὐτὴν
1417 2118 1584 2146 διεσώσαντο
1603 2118 1651 2144 καὶ
1669 2118 1724 2149 τοῖς
1737 2118 1811 2152 ἐμοῖς
1836 2117 1975 2143 ἐπέδωκαν

1193 2167 1313 2196 κόλποις.

1155 2219 1176 2246 ι)
1227 2211 1288 2239 KZ'.
1305 2211 1413 2238 Τούτων
1428 2211 1522 2245 ἐπειδὴ
1538 2211 1552 2236 ό
1567 2209 1664 2241 Γότθος
1680 2210 1791 2244 ἤκουσε,
1816 2209 1862 2235 καὶ
1888 2216 1973 2244 παρσ-

1193 2258 1299 2284 στῶσαν
1314 2255 1367 2283 εἶδε
1384 2257 1432 2291 τὴν
1453 2256 1550 2291 κόρην,
1582 2255 1663 2282 ὁπότε
1692 2255 1740 2289 τῆς
1756 2254 1888 2289 αἰσχύνης
1903 2253 1975 2288 αὐτῴ

1192 2304 1239 2331 καὶ
1252 2303 1299 2330 τοῦ
1322 2303 1404 2338 φόὸου
1426 2302 1456 2328 τὸ
1477 2302 1589 2336 φθέγμα
1611 2300 1740 2335 ἐσϐέσθη,
1761 2301 1808 2326 καὶ
1825 2299 1930 2333 ἄφωνος
1943 2297 1975 2332 ἦν

1195 2350 1232 2384 μὴ
1262 2347 1416 2380 ἀναπτύξαι
1444 2346 1474 2373 τὸ
1505 2346 1593 2381 στόμα
1609 2345 1768 2380 δυνάμενος,
1801 2342 1859 2371 εἶτα
1884 2343 1976 2377 ἐπειδὴ

1194 2394 1302 2429 ἐλεγχος
1319 2392 1352 2428 ἦν
1374 2393 1505 2428 ἀκριῦὴς,
1530 2393 1578 2419 καὶ
1605 2391 1722 2426 φανερὸς
1744 2391 1851 2425 ὑπῆρχε
1868 2389 1976 2416 τοιαῦτα

1194 2440 1264 2466 κατὰ
1281 2440 1330 2474 τῆς
1348 2438 1434 2473 κόρης
1453 2436 1688 2472 διαπραξάμενος,
1716 2436 1784 2471 μηδὲ
1799 2436 1881 2469 λόγου
1898 2443 1978 2470 μετα-

1194 2485 1283 2516 δόντες
1302 2484 1378 2519 αὺτῷ
1402 2484 1427 2510 οἱ
1449 2483 1593 2518 παρόντες,
1607 2482 1738 2516 ἀσφαλῶς
1760 2481 1976 2508 κατακλείουσιν.

1201 2532 1233 2558 Ἦ
1250 2531 1279 2557 δὲ
1296 2531 1388 2566 μήτηρ
1404 2529 1452 2556 σὺν
1468 2530 1500 2564 τῇ
1517 2528 1632 2562 θυγατρὶ
1647 2528 1692 2554 τὸν
1709 2527 1872 2562 ὕπογραςρέα
1891 2534 1977 2561 παρα-

1197 2576 1378 2612 στησάμεναι,
1400 2575 1447 2601 καὶ
1471 2574 1506 2600 τὰ
1529 2573 1720 2608 ωμὸεῦηκὸτα
1744 2573 1832 2599 πάντα
1849 2571 1978 2606 διαχαρά-

1198 2623 1290 2655 ξασαι,
1305 2622 1344 2656 τῷ
1358 2622 1392 2647 τὰ
1409 2620 1496 2646 πάντα
1513 2619 1579 2653 ὁσίῳ
1597 2619 1648 2653 τῆς
1671 2619 1801 2653 Ἐδέσσης
1823 2618 1975 2652 ὲτιισκόῖηρ,

1198 2669 1325 2702 Εὺλόγιος
1341 2667 1369 2693 δὲ
1382 2663 1459 2697 οὗτος
1475 2664 1524 2700 ἦν,
1551 2665 1742 2700 ἐγχειρίζουσι,
1770 2664 1825 2691 Kal.
1840 2664 1879 2696 ὃς,
1894 2664 1977 2691 ταῦτα

1199 2712 1351 2746 διεξελθὼν,
1371 2712 1478 2746 σύναμα
1492 2711 1531 2746 τῷ
1546 2711 1638 2746 κλήρῳ
1652 2711 1734 2737 πλντὶ
1764 2711 1839 2745 παρὰ
1862 2710 1909 2736 τὸν
1931 2709 1977 2742 τῆς

1201 2760 1304 2791 πόλεως
1321 2759 1414 2786 ἄπεισι
1435 2757 1636 2794 στρατηλάτην,
1667 2756 1714 2783 καὶ
1743 2755 1772 2784 τὸ
1792 2756 1980 2791 γραμματεῖον

1202 2805 1276 2838 αὖτῴ
1290 2805 1460 2832 ἀναδίδωσιν.
1485 2804 1518 2831 '0
1538 2803 1567 2830 δὲ
1589 2803 1637 2830 καὶ
1658 2803 1738 2834 αὐτὸς
1752 2803 1785 2829 τὰ
1801 2802 1981 2837 γεγραμμένα

1202 2851 1409 2887 ἐπιλεξάμενος,
1425 2850 1520 2887 πρῶτα
1538 2850 1586 2886 μὲν
1600 2850 1629 2877 ἐν
1644 2849 1783 2885 θαύματος
1797 2848 1869 2883 λόγῳ
1886 2847 1920 2874 τὰ
1934 2846 1979 2876 τοῦ
