2077 3148
63 43 117 67 ιεῃνι

59 174 94 216 ‘1‘-

57 225 102 249 ιε

57 253 102 289 in;

107 152 115 211 ἑ

96 218 115 256 .s

96 259 116 309 3.

57 338 91 349 η.

56 338 111 399 Α

59 403 111 430 εἷ

88 659 106 721 ςξ

78 857 113 992 ,ἐ

97 993 111 1118 ἓΙ

65 1058 113 1306 i

92 765 112 811 ’ἓ

91 1058 110 1212 ῃ

107 1429 115 1527 ἰ

393 127 445 160 ωε
1016 124 1157 155 MENSIS
1179 124 1398 156 novsnnsn.
1555 129 1558 132 ·
1878 114 1881 118 ’
1956 129 2001 164 tu

1399 205 1998 224 ...ἠ-...ἣ

856 286 1006 342 νιΤΑ
1044 289 1127 339 ET
1158 289 1556 342 MABTYRIUM

996 385 1142 415 SANCTA‘I
1159 386 1204 414 ET
1225 386 1406 415 GLORIOSE

640 467 932 526 CHRISTI
973 466 1348 523 MARTYRIS
1393 467 1752 539 CEClLi/E,

1021 574 1056 594 ΕΤ
1081 574 1125 598 QUI
1146 573 1197 594 ουκ
1215 573 1271 593 IPSA
1289 574 1383 600 ΕΒΔΝΤ,

724 635 970 669 SANCTORUM
994 635 1224 671 VALERIANI,
1248 635 1423 666 TIBURTII
1447 637 1498 667 ET
1519 637 1684 668 MAXIMI.

653 713 752 744 (Latine
763 711 828 743 apud
841 709 940 735 Surium
952 709 982 734 ad
991 709 1058 734 diem
1070 709 1100 733 22
1109 708 1270 739 Novembris;
1283 709 1367 735 Graece
1379 716 1427 734 non
1439 712 1521 735 exstat
1532 712 1555 735 in
1567 702 1728 744 mssfi‘aris.)

427 878 448 905 l.
465 874 620 905 Scrvatoris
637 872 724 901 nostri
746 875 774 900 et
799 871 847 899 Dei
871 877 888 898 e
916 870 994 898 oculis
1027 870 1298 901 descensusAnans
1309 874 1401 897 autem
1417 876 1445 897 et
1469 878 1564 904 orans,
1588 872 1705 906 seipsam
1729 875 1940 903 οοπιιηεηάιιηι
1963 876 2007 904 Do.

390 924 548 953 conciliavit
578 927 674 955 magna
703 919 775 946 bona
801 917 895 953 generi
923 916 1077 944 hominum.
1107 916 1176 944 Nam

391 976 454 996 cum
470 972 543 995 esset
560 966 632 993 Deus
644 972 677 991 ex
694 963 761 994 Deo,
782 967 810 990 et
821 966 895 989 esset
909 961 937 988 in
953 961 1039 989 forma
1059 961 1117 994 Dei,
1130 961 1178 997 qui

392 1015 482 1049 ipsum
503 1011 598 1046 genuit
626 1008 826 1044 impatibiliter,
843 1016 853 1034 ε
873 1015 927 1034 non
952 1007 1075 1042 rapinam
1103 1008 1179 1034 arbi-

393 1065 482 1088 tratus
494 1063 537 1085 est
550 1064 580 1084 se
592 1063 653 1084 esse
668 1056 724 1082 Deo
735 1054 867 1090 aqualem
880 1062 888 1080 :
905 1053 953 1082 scd
983 1053 1101 1087 seipsum
1121 1053 1178 1080 exi-

395 1106 512 1138 nanivit,
528 1105 598 1133 servi
627 1102 742 1130 formam
768 1100 918 1136 accipiens,
942 1099 969 1127 in
996 1099 1177 1128 similitudine

393 1152 536 1179 hominum
555 1150 655 1181 factus,
684 1153 712 1176 et
736 1148 831 1175 habitu
863 1147 992 1174 inventus
1018 1151 1049 1173 ut
1075 1146 1177 1179 homo;

392 1197 551 1226 humiliavit
566 1196 699 1231 scipsuvn,
711 1194 800 1222 factus
809 1192 940 1220 obediena
956 1199 1043 1225 usque
1059 1191 1091 1218 ad
1107 1199 1177 1218 mor-

392 1247 459 1274 tem,
481 1247 596 1269 mortem
613 1244 706 1267 autem
719 1239 808 1266 crucis
822 1238 842 1268 ‘.
857 1241 889 1264 ut
905 1244 969 1264 eum
991 1236 1105 1266 deleret,
1130 1236 1179 1271 qui

394 1289 493 1316 mortis
508 1286 629 1314 habebat
658 1285 815 1318 imperium,
830 1283 884 1309 hoc
901 1286 954 1313 est,
970 1281 1110 1307 diabolum
1121 1281 1144 1311 ';
1168 1289 1177 1306 ι

392 1340 421 1362 et
435 1341 546 1362 omnem
568 1330 759 1359 manuducens
774 1328 982 1360 humanitatem,
997 1326 1127 1354 creberet
1147 1325 1184 1353 ad

395 1382 482 1409 caios
498 1386 547 1415 per
565 1377 715 1413 pretiosam
731 1379 758 1402 et
777 1374 896 1402 divinam
920 1381 997 1400 suam
1015 1373 1179 1400 doctrinam.

397 1426 482 1454 Primi
511 1426 604 1459 itaque
632 1422 755 1450 omnium
794 1428 858 1448 eum
886 1419 973 1447 secuti
1005 1423 1069 1446 sunt
1093 1418 1180 1446 sancti

396 1469 531 1504 apostoli;
555 1472 616 1503 post
638 1468 785 1502 apostolos,
798 1469 948 1500 martyres;
961 1468 1021 1499 post
1036 1469 1180 1499 martyres,

397 1516 585 1547 cont'cssores;
603 1518 664 1549 post
686 1513 866 1543 coniessores.
879 1510 1050 1541 sacerdotes;
1065 1513 1124 1545 post
1137 1516 1180 1536 sa-

397 1563 532 1593 cerdotes.
547 1561 685 1597 virgines;
703 1565 763 1595 post
777 1558 908 1594 virgines,
928 1557 1028 1587 viduze;
1054 1561 1116 1591 post
1142 1557 1183 1583 vi-

397 1608 475 1640 duas,
491 1605 694 1634 misericordes.
718 1605 750 1632 Et
764 1608 794 1631 ut
822 1602 905 1631 semel
932 1602 1032 1634 dicam,
1055 1601 1182 1629 omnibus

397 1654 592 1682 accedentibus
622 1655 714 1687 aperta
730 1651 781 1677 fuit
793 1649 895 1677 Christi
911 1648 1056 1676 medicinae
1065 1647 1182 1674 oﬂicina.

396 1701 545 1735 Propterea
562 1698 684 1733 quotidie
697 1699 797 1724 ctamat
819 1703 867 1731 per
880 1699 990 1722 sanctos
1008 1701 1073 1721 suos
1098 1700 1184 1721 evan-

397 1747 528 1782 gelistas:
546 1754 555 1770 ι
572 1745 669 1772 Venite
684 1744 716 1770 ad
742 1750 796 1775 me,
809 1749 904 1769 omnes
927 1741 974 1776 qui
1003 1739 1135 1768 laboratis
1157 1743 1184 1768 et

398 1792 504 1819 onerati
527 1790 604 1822 estis,
629 1794 658 1817 et
684 1795 735 1824 ego
752 1787 871 1814 reﬁciam
888 1794 938 1814 vos
952 1786 992 1812 '.n

439 1839 470 1866 ll.
488 1837 574 1872 iiujus
597 1834 781 1863 venerandam
814 1837 842 1861 et
866 1832 1056 1861 suavissimam
1088 1839 1184 1860 vocem

400 1892 463 1910 cum
477 1883 609 1909 audiisset
637 1881 719 1908 etiam
749 1879 858 1908 Caecilia
885 1878 1036 1906 clarissima
1060 1878 1139 1913 virgo
1157 1882 1184 1905 et

400 1930 529 1964 gloriosa,
548 1933 575 1954 et
593 1927 620 1954 in
633 1934 696 1954 eum
715 1925 888 1956 credidisset,
906 1924 1069 1951 absconsum
1081 1923 1183 1951 Christi

399 1974 575 2009 Evangeiium
608 1980 716 2007 semper
738 1970 950 1999 circumferebat
974 1971 1002 1997 in
1021 1974 1141 2005 pectore,
1156 1973 1185 1996 et

398 2028 450 2048 nec
463 2023 559 2049 noctu.
577 2026 627 2046 nco
639 2017 761 2046 interdiu
778 2016 977 2044 intermittebat
990 2015 1081 2042 divina
1094 2015 1184 2050 legere

395 2065 516 2100 eloquia,
535 2069 563 2092 et
585 2064 670 2091 Deum
689 2071 780 2091 orare.
806 2063 868 2090 ﬂare
884 2069 950 2097 ergo
970 2062 1049 2089 beata
1075 2061 1184 2089 Caecilia

396 2112 572 2140 Valerianum
584 2109 729 2145 quemdam
744 2109 862 2136 habebat
886 2109 1015 2144 juvenem
1033 2115 1182 2143 sponsum:

396 2159 443 2193 qui
453 2158 562 2193 quidem
577 2157 686 2192 juvenis
707 2162 842 2183 accensus
858 2162 953 2182 amore
969 2155 1095 2190 virginis,
1111 2154 1183 2182 diem

396 2209 530 2232 statuerat
544 2203 711 2238 nuptiarum.
735 2201 844 2228 Caecilia
861 2206 952 2228 autem
980 2201 1010 2227 in
1037 2208 1119 2228 carne
1141 2200 1185 2227 in-

399 2251 464 2277 duta
475 2250 577 2280 cilicio,
595 2249 769 2275 extrinsecus
790 2246 884 2274 aureis
907 2246 1002 2274 induta
1023 2251 1084 2273 erat
1100 2246 1183 2273 vcsti-
1197 2231 1222 2262 θ

399 2295 461 2322 bus.
479 2294 546 2321 Nam
560 2301 621 2320 cum
637 2297 766 2327 parentes
790 2296 818 2319 et
836 2298 956 2326 spm-sus
969 2291 1030 2326 ejus
1055 2291 1112 2318 itare
1125 2291 1183 2318 vei-

399 2341 467 2371 lcnt,
481 2340 540 2374 ipsa
556 2346 670 2372 corpore
682 2338 750 2365 adeo
764 2342 822 2365 erat
835 2338 968 2372 «liquata,
997 2341 1027 2364 ut
1049 2345 1104 2364 non
1119 2345 1182 2372 pos-

398 2391 442 2414 set
455 2386 544 2413 celare
565 2385 655 2411 cordis
676 2385 718 2411 sui
743 2383 922 2416 desiderium,
951 2389 980 2411 et
999 2384 1072 2418 quod
1097 2384 1182 2419 solius

395 2430 500 2459 Christi
524 2429 677 2456 Set-satoris
701 2433 778 2464 capta
804 2433 864 2456 erat
891 2436 994 2460 amore.
1014 2428 1184 2463 signiﬁcabat

399 2475 511 2511 proprie
524 2474 728 2509 anigmatibus.
744 2474 805 2500 Non
817 2473 903 2500 multo
918 2477 979 2508 post
993 2477 1083 2500 autem
1107 2474 1182 2502 venit

398 2523 468 2554 dies,
485 2522 512 2549 in
525 2529 582 2556 quo
595 2525 706 2556 paratus
724 2524 784 2547 erat
801 2518 936 2546 thalamus
951 2528 958 2545 -.
984 2522 1012 2546 et
1032 2526 1094 2546 cum
1109 2524 1182 2547 esset

397 2567 562 2602 symphonia
577 2567 838 2595 instrumentorum,
854 2563 900 2590 illa
919 2563 948 2590 in
969 2563 1051 2590 corde
1065 2571 1115 2590 suo
1131 2564 1182 2592 soli

397 2613 454 2641 Deo
471 2613 616 2648 psallebat.
635 2612 752 2639 dicens:
769 2619 778 2635 ι
800 2609 869 2642 Fiat,
884 2609 1009 2641 Domine,
1024 2617 1072 2636 cor
1088 2618 1180 2637 meum

399 2663 428 2685 ct
440 2665 540 2692 corpus
557 2665 648 2684 meum
675 2656 881 2683 immaculatum
899 2655 925 2682 in
941 2654 995 2681 tuis
1009 2655 1182 2689 iustiﬁcatio-

400 2703 493 2735 nibus,
509 2707 611 2730 utnon
632 2703 738 2737 pudore
761 2701 862 2728 aiiiciar
880 2699 900 2727 ⁸.
920 2710 930 2726 ι
957 2700 1068 2728 Mancns
1089 2706 1180 2728 autem

396 2749 502 2792 jejuna,
517 2749 587 2776 duos
604 2753 651 2776 aut
665 2753 720 2775 tres
734 2748 793 2776 dies
810 2755 826 2774 a
839 2747 900 2774 cibo
926 2746 1060 2774 abstinuit
1076 2755 1083 2773 :
1112 2748 1182 2782 jeju-

1230 915 1307 943 mino
1339 915 1488 950 precibus:
1504 917 1616 951 angelos
1628 917 1734 945 Domini
1756 919 1914 952 invocabat,
1929 921 2008 957 iacry-

1231 962 1284 989 mis
1299 962 1463 996 precabatur
1471 963 1618 996 apostolos,
1635 969 1663 990 et
1677 964 1773 992 orabat
1788 973 1885 993 omnes
1905 972 2007 994 sanctas

1229 1007 1332 1036 Christi
1350 1008 1474 1039 ancillas.
1493 1012 1523 1034 ut
1537 1015 1597 1035 eam
1611 1010 1805 1038 conﬁrmarent
1828 1013 1888 1039 suis
1911 1012 2008 1046 suppli-

1230 1053 1396 1085 cationibus,
1432 1053 1588 1080 castitatem
1627 1061 1705 1081 suam
1742 1057 1940 1084 commendans
1963 1057 2008 1084 Do-

1231 1101 1318 1127 mino.

1266 1145 1311 1172 lli.
1327 1145 1476 1180 Postquam
1490 1151 1582 1174 autem
1601 1147 1659 1174 haec
1674 1147 1744 1175 facta
1758 1154 1832 1181 sunt.
1843 1156 1898 1177 nox
1915 1150 1985 1177 venit
2000 1159 2004 1176 :

1231 1189 1323 1225 inqua
1340 1198 1402 1217 cum
1417 1198 1469 1217 suo
1482 1198 1585 1225 sponso
1596 1192 1623 1218 in
1636 1197 1764 1226 separato
1784 1194 1912 1222 cubiculo
1937 1195 2007 1230 quie-

1231 1242 1286 1264 tem
1299 1242 1378 1266 naeta
1387 1243 1417 1265 et
1431 1238 1582 1271 silentium,
1599 1239 1640 1266 sic
1650 1247 1712 1266 eum
1730 1244 1771 1267 est
1795 1241 1913 1269 allocuta
1930 1251 1938 1269 :
1953 1242 2007 1270 Dul-

1232 1283 1342 1310 cissime
1353 1283 1523 1315 adolescens,
1541 1288 1582 1313 est
1605 1285 1672 1311 mihi
1697 1292 1838 1318 arcanum,
1863 1289 1938 1322 quod
1966 1288 2006 1315 tibi

1232 1328 1401 1362 aperiam,si
1427 1333 1456 1355 tu
1477 1329 1658 1364 jurejurando
1683 1331 1748 1357 mihi
1777 1331 1964 1364 aﬂ‘irmaveris,
1987 1338 2008 1359 te

1231 1375 1324 1400 omnia
1338 1374 1503 1401 celaturum.
1530 1375 1558 1402 Ei
1582 1381 1673 1403 autem
1688 1377 1793 1411 juravit
1815 1379 1875 1413 ejus
1899 1386 2009 1414 sponsus

1233 1419 1405 1452 Valerianus,
1421 1420 1498 1452 seid,
1514 1421 1587 1455 quod
1617 1422 1768 1455 dicebatur,
1794 1425 1879 1452 nullis
1905 1425 2010 1452 omnino

1232 1465 1342 1493 insidiis
1365 1466 1551 1501 proditurum,
1587 1475 1676 1502 neque
1702 1469 1728 1495 id
1752 1477 1812 1497 esse
1845 1477 2009 1506 aperturum.

1233 1518 1400 1546 quacunque
1414 1517 1559 1547 cogeretur
1570 1514 1744 1542 necessitate.
1759 1515 1835 1543 Tunc
1845 1516 1891 1544 illa
1909 1523 2011 1551 respon-

1234 1557 1286 1590 dit,
1299 1557 1410 1585 dieens:
1428 1558 1532 1586 Voiote
1550 1559 1632 1593 scire,
1653 1568 1697 1587 me
1714 1561 1840 1596 angelum
1854 1562 1902 1590 Dei
1918 1562 2011 1589 habere

1233 1602 1364 1633 amicum.
1379 1602 1426 1636 qui
1440 1611 1549 1630 summo
1562 1605 1621 1632 zelo
1644 1612 1746 1640 corpus
1768 1614 1858 1634 meum
1886 1607 2010 1636 custodit.

1234 1647 1263 1674 Is
1273 1647 1295 1674 si
1307 1649 1347 1675 vel
1362 1648 1505 1676 minimum
1531 1649 1615 1677 fuerit
1639 1651 1805 1687 suspicatus,
1826 1654 1902 1688 quod
1929 1659 1956 1680 tu
1973 1653 2010 1679 in-

1234 1697 1309 1720 cesto
1321 1701 1364 1721 me
1377 1701 1470 1721 amore
1488 1695 1604 1729 poiiuas,
1623 1696 1690 1723 iram
1713 1705 1790 1725 suam
1806 1700 1937 1734 protinus
1952 1698 1976 1725 in
1989 1702 2011 1724 te

1234 1739 1378 1771 accendet,
1391 1745 1419 1767 et
1433 1741 1567 1776 elegantis
1592 1747 1646 1770 ture
1668 1743 1822 1778 iuventutis
1847 1745 1942 1773 ﬂorem
1959 1751 2012 1779 per-

1233 1785 1291 1813 det.
1307 1785 1354 1812 Sin
1366 1791 1457 1813 autcm
1484 1788 1653 1822 cognoverit,
1669 1790 1742 1823 quod
1756 1794 1783 1817 tu
1799 1791 1918 1826 simplici
1932 1795 1957 1818 et
1968 1790 2012 1817 im-

1234 1831 1371 1858 maculato
1385 1832 1438 1859 mei
1449 1839 1543 1860 arnore
1555 1835 1682 1865 tenearis.
1697 1839 1725 1861 et
1737 1836 1922 1871 virginitatem
1933 1842 2011 1864 meam

1235 1877 1372 1911 integram
1403 1882 1432 1905 et
1465 1879 1637 1913 impollutam
1664 1881 1815 1914 custodias,
1835 1887 1860 1909 te
1876 1884 1949 1911 sicut
1974 1888 2011 1909 mc

1235 1923 1339 1958 diliget,
1360 1927 1387 1951 et
1404 1925 1532 1952 ostendet
1549 1925 1598 1952 tibi
1615 1933 1692 1954 suam
1710 1929 1834 1961 gratiam.
1851 1929 1931 1957 Tunc
1941 1928 2011 1954 Vnie-

1233 1971 1340 2002 rianus,
1357 1971 1405 1998 Dei
1424 1977 1504 2004 nutu,
1526 1973 1624 2001 timore
1641 1974 1766 2006 ailectus,
1782 1976 1869 2004 dicit:
1886 1978 1915 2005 Si
1935 1977 1982 2007 vis,
1997 1981 2010 2001 ο

1233 2017 1409 2050 charissima,
1427 2022 1457 2045 ut
1472 2018 1584 2046 credam
1603 2019 1638 2046 iis
1651 2028 1712 2054 qua
1729 2021 1808 2053 dicis,
1824 2023 1938 2051 ostende
1952 2020 2009 2049 mihi

1234 2062 1323 2097 ipsum
1338 2063 1484 2098 angelum;
1515 2068 1544 2091 et
1569 2064 1592 2092 si
1623 2065 1784 2093 intellexero
1801 2075 1863 2095 cum
1880 2077 1940 2096 esse
1954 2073 2009 2094 η’ΐο

1234 2109 1373 2142 angelum,
1389 2109 1486 2136 iaciam
1503 2118 1563 2144 quin
1581 2111 1722 2146 hortaris;
1751 2113 1792 2140 sin
1820 2120 1912 2142 autem
1936 2114 2008 2142 alium

1237 2154 1327 2181 virum
1341 2162 1426 2187 amas,
1444 2160 1472 2183 et
1497 2160 1523 2182 te
1555 2160 1583 2183 ct
1606 2157 1681 2184 illum
1700 2166 1767 2186 ense
1783 2161 1918 2189 occidam.
1943 2160 2008 2188 Tunc

1235 2199 1301 2227 dicit
1316 2201 1340 2228 ei
1358 2201 1436 2228 beata
1451 2201 1559 2230 Caciiia
1575 2212 1582 2230 :
1601 2202 1629 2230 Si
1649 2204 1691 2231 vis
1707 2206 1774 2233 meis
1803 2213 1900 2242 parcre
1928 2204 2009 2234 consi-

1235 2247 1290 2279 liis,
1307 2255 1323 2274 o
1335 2247 1499 2275 charissime
1513 2248 1686 2283 adolescens,
1704 2255 1731 2278 et
1754 2252 1892 2286 polliceris
1909 2258 1933 2281 tc
1957 2255 2009 2278 055°

1235 2291 1409 2325 expiaturum
1424 2296 1526 2320 aeterno
1542 2293 1653 2321 lavacro
1675 2298 1902 2330 regenerationis,
1917 2303 1943 2325 et
1957 2302 2009 2323 creo

1235 2336 1279 2363 dis
1294 2337 1321 2363 in
1335 2344 1420 2364 unum
1433 2345 1526 2365 verum
1541 2339 1637 2372 Deum,
1651 2341 1697 2376 qui
1712 2342 1779 2369 vivit
1801 2342 1827 2369 in
1841 2343 1928 2374 caelis,
1942 2344 2010 2376 pote!

1235 2389 1298 2409 cum
1329 2383 1521 2418 contemplari.
1550 2384 1621 2412 Dicit
1646 2387 1672 2413 ei
1701 2387 1882 2416 Valerianus:
1906 2389 1938 2416 Et
1956 2384 2008 2420 quis

1236 2433 1291 2460 est,
1309 2429 1355 2463 qui
1379 2437 1422 2456 me
1436 2430 1569 2464 expiabit,
1599 2436 1631 2458 ut
1661 2440 1710 2467 rgo
1737 2433 1844 2461 videam
1873 2428 2009 2470 angelum?

1236 2474 1390 2510 Respondit
1407 2475 1529 2508 Caecilia,
1544 2480 1572 2504 et
1587 2477 1655 2505 dixit
1668 2487 1674 2505 :
1697 2479 1745 2506 Est
1762 2488 1845 2508 senex
1858 2481 1885 2508 in
1900 2477 2008 2516 quodam

1234 2519 1305 2552 loco,
1322 2520 1370 2555 qui
1386 2520 1501 2554 pulchre
1517 2521 1568 2548 scit
1593 2530 1710 2557 purgare
1735 2523 1871 2558 homines,
1903 2530 1932 2553 ut
1957 2520 2009 2549 ὅθ’

1235 2566 1344 2593 cientur
1369 2566 1456 2601 digni,
1483 2568 1531 2602 qui
1558 2568 1718 2596 intueantur
1743 2571 1865 2606 angelos.
1891 2570 1962 2599 Dixit
1987 2564 2008 2593 ci

1235 2612 1421 2639 Valerianus:
1449 2612 1483 2640 Et
1511 2614 1557 2641 ubi
1586 2622 1705 2649 quaeram
1737 2624 1788 2651 ego
1813 2625 1876 2644 eum
1907 2611 2008 2645 senem?

1236 2657 1531 2691 ResponditCmciiia:
1556 2660 1627 2688 Vade
1658 2661 1692 2688 ad
1723 2663 1834 2689 tertium
1857 2663 1972 2698 lapidem
1995 2664 2007 2683 I

1236 2703 1348 2731 civitate
1362 2706 1418 2736 via,
1432 2713 1492 2739 quae
1507 2705 1608 2734 dicitur
1622 2708 1707 2742 Appia
1723 2708 1780 2737 tibi
1807 2709 1929 2737 invenies
1947 2711 2008 2742 ρειυ·

1238 2756 1327 2783 νοτες,
1342 2749 1389 2784 qui
1406 2750 1507 2778 victum
1522 2757 1618 2787 petunt
1645 2761 1660 2780 a
1686 2754 1900 2788 transeuntibus,
1925 2752 1957 2780 ab
1980 2747 2009 2778 iis

439 2840 702 2876 ’Philipp.ll,6,7.
741 2837 833 2867 ’κοιλ
855 2837 942 2871 n,u.
981 2828 1198 2872 inminues.
1239 2839 1431 2874 ‘Psal.cxvtn,
1453 2841 1496 2869 so.
