2077 3148
181 140 232 172 165

755 143 845 175 VITA
867 142 896 174 S.
919 142 1091 174 CECILLE
1110 143 1158 174 ΕΤ
1177 143 1255 177 SOC.

1753 140 1807 177 inti

178 201 253 229 enim
268 207 329 229 sum
345 205 451 233 carata,
468 199 516 235 qui
526 199 639 236 quidem
653 204 718 228 sunt
744 200 827 236 hujus
842 200 896 228 mei
923 208 967 228 ar-
980 203 1125 236 Agentes,
1156 200 1282 234 rosisque
1313 203 1341 227 et
1375 198 1442 227 Iiliis
1468 197 1655 233 splendentes.
1684 196 1806 231 Quarum

178 254 239 275 eam
259 247 416 283 participes.
436 246 491 274 Eos
507 251 535 274 tn
556 247 667 281 quando
694 246 806 279 videris,
834 246 913 274 dabis
928 247 970 275 eis

179 300 268 321 meam
282 293 514 324 benedictionem,
529 292 643 320 dicens:
661 291 769 320 Caeilia
787 300 831 320 me
844 292 922 320 misit
935 292 969 320 ad

178 345 239 369 vos,
253 342 283 365 ut
294 338 448 366 ostendatis
469 338 534 365 mibi
556 342 683 366 sanctum
703 346 798 366 senem
818 338 970 372 Urbanum,

180 385 310 419 quoniam
328 384 361 412 ad
375 385 464 419 ipsum
479 384 567 412 habeo
588 388 694 412 secreta
708 384 745 412 ab
770 392 802 412 es
827 391 969 420 responsa,

181 437 241 465 qua
256 430 280 457 ei
294 430 420 457 reddam.
440 430 510 458 Eum
525 431 634 465 quando
646 430 760 461 videris,
786 437 867 457 narra
894 438 970 465 qutu-

181 482 291 511 cunque
311 476 360 504 tibi
371 476 439 507 dixi,
456 481 483 503 et
499 476 611 510 quando
625 481 653 503 te
677 476 845 508 lustraverit,
874 476 971 504 induet

179 526 206 548 te
225 521 394 549 indumentis
418 522 497 549 novis
529 527 557 549 et
589 521 749 556 splendidis,
777 529 838 550 cum
869 523 971 557 quibus

181 568 257 596 illico
269 569 382 596 veniens
405 568 432 595 in
451 569 503 596 hoc
523 568 692 602 cubiculum,
715 568 822 597 videbis
844 573 970 597 sanctum

180 613 319 649 angelum.
339 614 385 648 qui
402 619 465 641 tuus
481 615 579 642 evadet
601 613 716 647 amicus,
744 619 773 642 et
800 623 971 651 quacunque

178 663 255 692 petes
269 659 304 686 ab
322 659 392 694 ipso,
409 660 544 687 invenies.

216 705 293 732 Tunc
306 706 447 741 profectus
464 710 506 734 est
531 706 702 740 Valerianus,
723 712 750 734 et
774 708 972 735 convenienter

178 751 276 787 signis.
294 760 354 786 qure-
365 754 472 787 accepit
491 753 526 780 ab
543 753 601 788 ipsa
612 758 706 780 sancta
727 753 847 786 Caecilia,
865 753 972 781 invenit

178 801 304 823 sanctum
323 796 465 824 Urbanum
489 797 648 832 episcopum
673 798 732 832 qui,
760 805 822 825 cum
849 799 971 826 secundo

178 842 274 870 fuisset
301 844 456 875 confessor,
483 843 584 871 latebat
608 844 733 871 occultus
757 843 785 871 in
811 849 967 872 sanctorum

177 894 327 924 martyrum
341 889 536 916 tuotturncntis.
553 888 603 916 Cui
617 889 727 924 quidem
742 894 886 926 postquam
898 890 968 919 dixit

177 936 280 967 omnia,
306 943 366 970 qute
391 936 497 962 dixerat
525 935 644 966 Caecilia.
673 944 772 972 magno
802 937 901 972 gaudio
927 943 969 965 est

176 981 338 1014 affectus,et
357 982 474 1016 genibus
487 981 561 1008 humi
582 982 670 1014 ﬂexis,
688 988 716 1009 et
732 983 859 1010 manibus
873 984 900 1010 in
913 992 969 1011 ca:-

177 1027 232 1055 ium
268 1028 398 1058 extensis.
427 1027 499 1054 dixit
517 1035 578 1054 cum
599 1028 742 1062 laerymis:
771 1029 883 1056 Domine
902 1029 967 1056 Jesu

177 1073 297 1106 Christe,
307 1078 400 1108 pastor
415 1078 510 1100 sancte
525 1078 552 1100 et
578 1074 658 1105 boue,
675 1074 782 1102 Caecilia
799 1079 844 1102 tua
858 1076 967 1109 ancilla,

179 1122 307 1152 tanquam
333 1119 425 1146 multis
452 1119 593 1145 laboribus
614 1121 733 1147 exercita
749 1129 828 1154 agna,
855 1122 903 1149 tibi
927 1126 968 1149 eat

179 1163 316 1196 dedicata,
327 1164 551 1199 quandoquidem
566 1172 699 1199 sponsum
723 1173 815 1197 suum.
829 1167 876 1200 qui
902 1175 967 1202 pcr-

179 1209 243 1237 inde
258 1217 290 1237 ac
324 1210 368 1237 leo
379 1210 503 1237 cohiberi
520 1218 573 1237 non
596 1215 713 1244 poterat.
730 1212 844 1246 accepit.
865 1217 893 1240 et
903 1220 967 1246 erga

179 1259 205 1282 te
217 1259 346 1289 tanquam
373 1263 473 1290 agnum
497 1256 620 1283 reddidit
651 1258 916 1285 mansuetissimum.
941 1258 967 1285 is

177 1300 250 1326 cnim
267 1301 318 1328 nisi
333 1301 505 1332 credidisset,
523 1302 556 1328 ad
574 1309 625 1329 nos
640 1310 694 1329 non
714 1303 845 1330 venisset.
871 1303 965 1337 Aperi,

177 1346 309 1379 Domine,
326 1348 428 1374 ostium
446 1347 539 1374 cordis
559 1348 619 1382 ejus
634 1348 727 1376 verbis
740 1349 804 1379 tuis,
817 1355 846 1376 ut
859 1357 922 1377 eum
939 1355 965 1378 te

177 1393 338 1426 cognoverit
351 1400 412 1420 esse
425 1393 485 1427 ejus
511 1393 672 1421 effectorem
694 1399 723 1422 et
747 1395 905 1428 Dominum,
921 1404 966 1423 re-

177 1437 401 1464 nuntietdiabolo
408 1442 436 1464 et
443 1438 573 1472 operibus
585 1439 654 1473 ejus,
668 1445 696 1467 et
707 1439 778 1467 dolis
785 1441 855 1475 ejus.
868 1441 929 1468 Haec
936 1445 966 1469 et

177 1483 221 1511 bis
237 1484 338 1510 similia
349 1489 447 1511 orante
473 1490 568 1512 sancto
581 1485 693 1512 Urbano
712 1487 852 1521 epist-opu,
880 1495 964 1515 senex

177 1534 240 1557 ante
255 1537 318 1557 eum
331 1534 444 1564 repente
459 1531 597 1564 apparuit.
617 1531 729 1558 indutus
748 1531 874 1560 candidis
882 1534 965 1560 vcsti—

177 1576 278 1604 mentis
299 1578 371 1603 sicut
404 1576 462 1608 nix,
489 1581 588 1604 tenens
612 1576 640 1603 in
665 1577 794 1604 manibus
820 1579 958 1611 tabellam,

176 1623 270 1650 aureis
283 1621 442 1655 inscriptam
457 1622 570 1648 litteris.
585 1622 671 1654 Quem
695 1630 757 1650 cum
780 1624 894 1651 vidisset
908 1624 961 1651 Va-

177 1667 312 1697 lerianus.
327 1667 496 1701 stupefactus
508 1672 536 1694 et
559 1667 660 1694 cadens
684 1668 711 1695 in
739 1673 852 1700 terram,
874 1669 961 1697 factus

177 1718 220 1740 est
235 1719 364 1748 tanquam
381 1717 516 1740 mortuus.
530 1713 608 1740 Tunc
621 1719 704 1740 senex
722 1721 784 1741 eum
803 1715 902 1748 erexit,
919 1715 961 1742 di-

177 1766 263 1786 cens:
280 1759 363 1793 Lege,
381 1758 458 1791 ofili,
473 1763 629 1786 contextum
654 1759 735 1794 hujus
764 1761 836 1792 libri,
863 1765 892 1788 ut
919 1762 962 1789 di.

176 1812 247 1839 gnus
259 1805 397 1837 hahearis,
420 1805 467 1839 qui
498 1806 626 1840 purgeris
658 1810 685 1832 et
704 1806 799 1834 videas
820 1807 958 1842 angelum,

176 1850 255 1884 cujus
268 1856 446 1884 conspectum
465 1850 513 1876 tibi
526 1858 602 1885 virgo
611 1849 720 1878 Caecilia
744 1859 807 1878 cum
833 1859 960 1887 prompto

140 1910 143 1913 -
176 1897 261 1923 animi
272 1897 364 1923 studio
374 1902 416 1924 est
429 1897 562 1931 pollicita.
579 1896 657 1924 Tunc
675 1897 850 1930 Valerianus,
862 1899 961 1928 defixis

178 1943 276 1972 oculis.
293 1944 379 1977 capit
393 1943 419 1969 in
431 1951 465 1970 eo
476 1943 577 1978 legere.
605 1944 671 1971 Erat
689 1949 780 1972 autem
811 1945 869 1972 hoc
890 1946 962 1972 scri-

175 1993 266 2023 ptura,
283 1997 343 2023 quae
356 1994 415 2016 erat
431 1989 457 2015 in
479 1989 579 2016 tabella
602 1999 610 2016 :
639 1999 649 2015 ‹
689 1990 768 2017 Unus
796 1991 880 2022 Deus,
906 1998 961 2017 una

176 2034 254 2066 ﬁdes,
275 2043 360 2061 unum
377 2035 528 2069 baptisma;
547 2043 618 2062 unus
645 2036 717 2062 Deus
742 2040 772 2062 et
797 2036 878 2062 Pater
900 2043 960 2062 om-

175 2079 263 2111 nium,
273 2080 320 2113 qui
333 2084 375 2106 est
386 2087 469 2114 super
479 2080 582 2112 omnia,
590 2084 618 2106 et
629 2080 656 2106 in
673 2080 812 2107 omnibus.
821 2080 908 2106 Amen
920 2080 958 2108 ⁸.»

216 2123 250 2152 V.
278 2123 426 2157 Postquam
441 2132 506 2159 csgo
523 2125 581 2152 hac
608 2125 680 2159 apud
696 2132 726 2152 se
747 2125 823 2160 legit,
845 2125 913 2153 dixit
934 2126 961 2153 ei

175 2170 304 2198 sacerdos
319 2178 325 2196 :
340 2169 449 2202 Credis,
460 2169 509 2202 fili,
525 2170 583 2197 haec
599 2170 636 2197 ita
654 2178 726 2203 esse,
743 2179 776 2198 an
793 2171 883 2199 adhuc
908 2173 961 2200 du-

1022 255 1104 275 unam
1117 247 1227 282 quidem
1247 245 1323 273 dedit
1342 245 1468 278 Caecilia,
1484 246 1599 273 alteram
1632 252 1699 272 vero
1724 244 1806 272 Vale-

1023 293 1112 324 riano.
1129 291 1244 320 dicens:
1263 291 1317 318 llas
1336 297 1451 318 coronas
1477 291 1561 318 corde
1579 290 1755 318 immaculato
1779 295 1808 319 et

1021 346 1092 374 puro
1105 345 1225 373 corpore
1250 336 1406 369 custodite;
1422 343 1470 363 eas
1481 336 1555 363 enim
1569 344 1603 364 ex
1620 338 1746 371 paradiso
1760 336 1808 365 Dei

1021 385 1054 413 ad
1072 393 1120 412 vos
1138 384 1228 412 attuli.
1240 383 1297 410 Hoc
1313 387 1405 411 autem
1420 382 1475 410 erit
1493 382 1571 409 vobis
1585 384 1693 417 signum
1709 383 1807 411 :Nun-

1021 439 1103 467 quam
1120 434 1291 458 martzescent
1305 437 1320 456 a
1339 429 1428 460 vobis,
1444 435 1534 463 neque
1549 435 1670 463 unquam
1681 429 1808 456 amittent

1021 477 1184 506 suavitatem
1210 476 1316 505 odoris.
1345 483 1434 511 neque
1468 482 1588 510 unquam
1618 478 1749 510 poterunt
1772 475 1807 503 ab

1021 524 1083 551 aliis
1098 523 1195 558 aspici,
1221 523 1272 550 nisi
1283 522 1317 550 ab
1334 522 1389 550 illis
1409 521 1511 556 quibus
1531 521 1572 548 sic
1589 521 1709 556 placebit
1722 523 1807 548 casti-

1021 575 1072 602 tas,
1086 569 1225 604 quomodo
1243 569 1388 604 probatum
1404 572 1448 596 est
1461 575 1522 595 eam
1540 567 1619 594 vobis
1635 567 1754 601 placere.
1776 567 1809 594 Et

1021 616 1150 652 quoniam
1178 621 1218 647 tu,
1249 623 1266 642 ο
1293 615 1448 646 Valeriane,
1471 621 1600 641 assensus
1630 620 1661 640 es
1691 613 1809 641 consilio

1021 661 1165 693 castitatis,
1179 669 1222 688 me
1236 661 1269 688 ad
1286 665 1311 688 te
1328 661 1402 688 misit
1413 660 1544 688 Dominus
1570 659 1651 687 Iesus
1669 658 1807 692 Christus,

1020 711 1048 733 ut
1061 713 1122 734 eam
1137 706 1257 740 accipias
1270 713 1352 741 quam
1385 705 1463 732 voles
1499 704 1671 740 petitionem.
1694 704 1741 732 llle
1759 712 1810 731 au-

1021 756 1075 780 tem
1090 760 1152 779 cum
1164 751 1308 784 audiisset,
1326 751 1452 778 adoravit
1472 755 1501 779 et
1516 751 1607 778 dixit:
1638 751 1712 778 Nihil
1737 750 1806 778 mihi

1020 803 1062 826 est
1079 799 1106 825 in
1118 798 1168 825 hac
1179 798 1235 825 vita
1246 797 1365 829 dulcius,
1386 805 1467 832 quam
1491 796 1647 824 cbarissimi
1676 800 1705 824 et
1730 797 1806 824 unici

1021 845 1115 873 fratris
1136 846 1292 880 praesentia.
1315 845 1500 878 Quamobrem
1520 845 1619 873 merito
1642 853 1741 880 arguar
1755 845 1809 873 im-

1021 893 1139 927 pietatis,
1158 893 1181 921 si
1209 900 1252 920 me
1267 892 1384 919 liberato
1406 892 1440 919 ab
1464 899 1560 920 errore
1583 891 1806 924 simulacrorum“,

1020 939 1129 966 fratrem
1156 947 1245 967 meum
1257 940 1389 974 majorem
1410 939 1562 974 despexero
1576 938 1602 965 in
1621 937 1744 972 periculo
1766 938 1808 965 in-

1020 986 1129 1013 teritus.
1148 986 1227 1012 lianc
1237 994 1319 1012 unam
1345 993 1378 1012 ex
1395 985 1524 1013 omnibus
1544 992 1669 1020 propono
1693 984 1805 1019 petitio-

1018 1026 1093 1064 nem,
1107 1035 1135 1058 et
1146 1031 1260 1065 supplex
1281 1031 1430 1063 contendo,
1455 1035 1485 1058 ut
1509 1031 1620 1058 fratrem
1643 1039 1736 1058 meum
1758 1030 1806 1057 Ti-

1019 1076 1154 1109 burtium,
1168 1077 1239 1104 sicut
1251 1084 1304 1109 me,
1325 1077 1454 1111 dignetur
1471 1077 1601 1108 liberare,
1614 1083 1641 1104 et
1654 1077 1736 1104 faciat
1755 1084 1806 1104 nos

1019 1122 1115 1150 ambos
1126 1123 1263 1157 perfectos
1282 1123 1308 1150 in
1329 1124 1503 1150 confessione
1518 1124 1577 1158 ejus
1592 1124 1722 1150 nominis.
1735 1123 1804 1150 Cum

1018 1167 1077 1195 hac
1092 1173 1183 1195 autem
1202 1168 1335 1196 audiisset
1352 1169 1477 1203 angelus,
1494 1169 1556 1197 laeto
1569 1171 1646 1195 vultu
1665 1169 1691 1196 ei
1714 1169 1803 1197 dixit:

1017 1212 1247 1248 Quandoquidem
1261 1221 1276 1241 a
1290 1214 1400 1242 Christo
1421 1215 1537 1249 petiisti,
1553 1215 1626 1250 quod
1650 1219 1694 1242 est
1720 1215 1807 1242 hone-

1017 1260 1097 1292 stius,
1114 1259 1137 1286 is
1154 1260 1251 1293 Deum,
1274 1261 1346 1288 sicut
1362 1265 1403 1292 tu,
1425 1261 1506 1288 colet.
1523 1260 1665 1294 Quomodo
1678 1261 1750 1289 enim
1778 1267 1806 1289 to

1017 1311 1067 1339 per
1077 1304 1204 1331 ancillam
1213 1305 1350 1332 Czcciliam
1368 1306 1506 1333 lncrifceit
1528 1307 1671 1339 Dominus,
1697 1306 1734 1334 ita
1756 1315 1806 1342 per

1017 1355 1044 1378 te
1057 1351 1168 1378 fratrem
1186 1359 1294 1385 quoque
1308 1355 1386 1379 tuum
1416 1351 1579 1385 lucrifacict,
1603 1356 1631 1380 et
1656 1360 1718 1380 eum
1744 1353 1805 1388 ipso

1015 1398 1111 1425 venies
1122 1398 1155 1424 ad
1170 1403 1310 1425 certamen
1325 1398 1462 1434 martyrii.

1051 1443 1096 1471 Vl.
1114 1443 1161 1470 His
1175 1451 1241 1478 ergo
1261 1443 1346 1471 ﬁnitis
1371 1445 1558 1477 sermonibus,
1573 1445 1661 1473 forma
1689 1445 1805 1474 visionis

1015 1489 1145 1525 angeliczc
1159 1494 1297 1524 assumpta
1310 1495 1351 1517 est
1364 1490 1392 1517 in
1413 1490 1502 1523 ccelis,
1517 1491 1627 1526 illisque
1646 1491 1673 1518 in
1693 1491 1804 1520 Christo

978 1543 1000 1574 ε
1016 1536 1185 1566 ltrlantibus.
1201 1540 1228 1563 et
1251 1537 1278 1563 in
1293 1536 1476 1564 a‘dificatione
1499 1542 1593 1564 sancta
1614 1537 1804 1572 loquentibus,

1015 1582 1132 1609 accessit
1162 1581 1306 1608 Tiburtius
1338 1581 1424 1608 frater
1443 1581 1592 1614 Valeriani,
1606 1587 1634 1609 et
1652 1583 1803 1617 ingressus,

1015 1632 1145 1662 tanquam
1185 1636 1263 1655 suam
1300 1635 1428 1663 sponsam
1476 1629 1616 1655 osculatus
1649 1633 1691 1656 est
1720 1635 1802 1664 caput

1014 1680 1114 1702 sancite
1135 1674 1260 1707 Caeciliae,
1284 1679 1312 1702 et
1328 1675 1418 1702 dixit:
1436 1675 1519 1703 Valde
1532 1675 1627 1708 miror,
1652 1676 1706 1703 hoc
1733 1680 1804 1703 tem-

1015 1728 1082 1756 pore
1096 1721 1142 1747 hic
1159 1728 1237 1748 rosas
1251 1725 1279 1748 et
1291 1720 1348 1748 lilia
1373 1721 1515 1748 olfacicns.
1545 1720 1614 1748 Nam
1631 1721 1654 1748 si
1672 1721 1746 1756 ipsas
1758 1728 1802 1749 ro-

1013 1773 1057 1794 sas
1080 1771 1108 1793 ct
1125 1767 1181 1794 lilia
1199 1771 1321 1793 tenerem
1351 1767 1378 1794 in
1402 1767 1541 1799 manibus,
1563 1774 1598 1794 ne
1621 1768 1661 1794 sic
1688 1767 1800 1801 quidem

1014 1814 1079 1841 mihi
1094 1818 1205 1848 possent
1218 1813 1340 1848 pra'bere
1358 1818 1411 1841 tam
1425 1822 1534 1842 suavem
1551 1814 1675 1842 odorem.
1697 1814 1798 1842 Fateor

1012 1861 1101 1891 vobis,
1114 1869 1130 1887 ο
1141 1861 1307 1892 charissimi.
1325 1862 1361 1889 ita
1382 1869 1433 1896 ego
1458 1862 1490 1889 ad
1506 1870 1550 1889 me
1568 1862 1649 1893 redii,
1660 1867 1689 1889 ut
1705 1867 1800 1897 putem

1013 1914 1056 1934 me
1069 1912 1155 1933 totum
1171 1913 1285 1941 repente
1311 1915 1372 1934 esse
1395 1913 1569 1935 renovatum.
1588 1908 1659 1935 Dicit
1679 1910 1703 1935 ei
1721 1908 1801 1936 Vale-

1014 1952 1109 1978 rianus
1126 1961 1132 1978 :
1149 1952 1254 1979 Bonum
1267 1953 1380 1979 odorem
1400 1954 1545 1988 aetcpisﬁ,
1575 1961 1591 1980 ο
1615 1954 1708 1986 frater,
1736 1962 1799 1982 cum

1014 2002 1064 2027 ego
1081 1996 1198 2029 rogarim
1211 1997 1307 2029 Deum,
1335 1999 1528 2032 utaccipcres.
1556 1998 1594 2025 Te
1620 2003 1712 2026 autem
1741 2000 1798 2034 jam

1015 2039 1152 2071 credente,
1179 2041 1296 2074 accipies
1310 2043 1393 2068 etiam
1420 2043 1640 2071 amaranthinam
1669 2052 1799 2072 coronam

1016 2084 1237 2120 incorruptionis,
1255 2091 1282 2114 et
1294 2087 1377 2114 lzetari
1400 2089 1427 2115 in
1456 2090 1513 2123 ipsa
1540 2097 1629 2120 rosea,
1658 2094 1686 2116 et
1709 2094 1800 2116 mente

1015 2136 1077 2157 eum
1093 2130 1246 2164 percipere,
1271 2131 1393 2165 cujusin
1413 2133 1483 2160 rosis
1508 2132 1620 2167 sanguis
1631 2132 1760 2164 ﬂorescit,
1773 2138 1801 2160 et

1015 2176 1043 2203 in
1060 2176 1125 2204 liiiis
1136 2178 1214 2212 cujus
1223 2186 1324 2212 corpus
1337 2178 1458 2206 ’albescit
1475 2183 1503 2206 et
1532 2179 1632 2206 anima.
1663 2178 1801 2208 llabemus

174 2216 263 2244 bitas?
287 2217 365 2244 Tunc
403 2216 565 2245 Valerianus
595 2216 725 2244 clamavit
751 2225 846 2253 magn
873 2227 957 2247 voce:
976 2217 1084 2250 Denim
1100 2230 1224 2256 coronas,
1245 2232 1315 2259 quas
1332 2225 1370 2252 tui
1397 2225 1467 2252 oculi
1496 2233 1550 2252 non
1576 2229 1692 2260 possunt
1708 2226 1801 2260 perci-

174 2263 233 2290 Non
248 2267 291 2290 est
309 2270 403 2290 revera
424 2262 498 2290 aliud
522 2263 575 2290 sub
605 2264 686 2293 cmlo.
702 2263 747 2291 cui
764 2265 858 2292 verius
882 2265 958 2293 credi

174 2310 271 2344 possit.
286 2309 433 2344 Postquam
445 2316 512 2344 ergo
536 2309 594 2337 hec
622 2309 692 2336 dixit
719 2311 889 2343 Valerianus,
914 2312 959 2339 ille

174 2363 259 2384 senex
274 2362 308 2382 ex
323 2355 382 2391 ejus
392 2355 480 2382 oculis
505 2356 628 2384 evanuit.
647 2356 727 2384 Tunc
746 2361 857 2385 sanctus
873 2357 960 2385 Urba-

172 2409 237 2433 nus,
251 2409 313 2428 cum
329 2409 392 2429 eum
414 2401 613 2434 admonuisset,
636 2407 663 2429 et
681 2403 849 2431 oatecbismo
877 2403 960 2431 insti-

173 2447 282 2478 suisset,
302 2447 524 2482 baptizaviteum
543 2448 570 2475 in
585 2448 697 2476 nomine
728 2449 818 2477 Patris
841 2453 869 2477 et
897 2449 959 2477 Filii

173 2496 202 2519 et
220 2491 338 2526 Spiritus
352 2494 449 2525 sancti,
466 2500 494 2521 et
518 2501 580 2521 eum
595 2502 660 2522 eum
689 2494 829 2522 docuisset
848 2502 958 2522 omnem

174 2538 297 2573 regulam
311 2537 385 2571 fidei,
401 2539 504 2566 dimisit
517 2540 551 2567 ad
565 2540 715 2574 Caeciliam,
735 2541 759 2568 ei
783 2542 866 2577 jactis
890 2542 962 2576 opti-

173 2593 218 2612 me
232 2585 430 2613 fundamentis.
449 2586 516 2614 Cum
536 2591 627 2614 autem
656 2588 776 2615 venisset
802 2587 963 2616 Valerianus

173 2631 202 2658 in
223 2632 392 2659 indumentis
407 2633 540 2664 candidis,
555 2633 658 2661 invenit
678 2634 813 2662 Caeciliam
835 2641 960 2662 orantem

174 2678 202 2706 in
221 2678 362 2711 cubiculo,
393 2684 422 2707 et
445 2680 571 2715 angelum
599 2681 705 2708 Domini
731 2686 850 2709 stantem
875 2689 960 2717 prope

173 2731 244 2757 eam,
269 2725 419 2760 fulgentem
444 2727 544 2761 pennis
569 2725 713 2760 ﬂammeis,
742 2732 770 2755 et
797 2728 958 2756 scintillanti

173 2770 275 2805 specie,
289 2771 359 2799 duas
372 2779 487 2801 coronas
500 2772 647 2801 habentem
672 2772 700 2802 in
717 2774 843 2802 manibus
869 2773 955 2802 reful-

209 2863 220 2880 '
228 2863 328 2900 Ephcs.
341 2872 368 2898 v,
383 2865 412 2893 6.

1011 2274 1087 2302 pere,
1100 2267 1179 2302 igneo
1194 2275 1262 2295 rosae
1288 2269 1390 2296 rubore
1414 2275 1442 2296 et
1467 2269 1538 2297 nivis
1566 2270 1686 2298 candore
1715 2271 1800 2298 reful~

1011 2318 1118 2348 gentes.
1134 2313 1204 2341 Dicit
1219 2315 1242 2341 ei
1257 2314 1419 2343 Tiburtius:
1437 2315 1465 2342 In
1481 2316 1622 2343 somnisne
1633 2317 1690 2344 haec
1705 2317 1799 2350 audio,

1013 2367 1047 2386 an
1063 2359 1176 2387 veritate
1192 2360 1249 2388 hate
1267 2361 1348 2395 dicis,
1365 2368 1381 2388 ο
1394 2361 1480 2389 frater
1498 2361 1662 2389 Valeriane?
1675 2363 1799 2398 Respon-

1014 2404 1055 2432 dit
1071 2405 1235 2434 Valerianus
1253 2416 1261 2434 :
1280 2407 1309 2434 In
1342 2408 1446 2435 somnis
1470 2408 1613 2444 hucusque
1639 2409 1767 2442 viximus,
1782 2417 1800 2437 ο

1014 2451 1099 2479 frater
1115 2451 1282 2480 ebarissime.
1298 2453 1365 2480 Nam
1375 2454 1431 2489 jam
1448 2454 1495 2481 Dei
1526 2455 1612 2489 gratia
1645 2459 1673 2482 et
1700 2455 1799 2482 volun-

1014 2503 1080 2532 tate,
1095 2505 1190 2526 sumus
1207 2499 1234 2525 in
1246 2500 1318 2526 omni
1331 2500 1459 2533 veritate,
1487 2505 1515 2528 et
1535 2508 1589 2528 non
1619 2505 1662 2528 est
1677 2501 1704 2527 in
1719 2501 1800 2528 nobis

1012 2544 1196 2572 mendacium.
1218 2545 1261 2572 Dii
1278 2546 1364 2578 enim,
1379 2555 1448 2582 quos
1480 2547 1624 2581 hucusque
1650 2547 1798 2579 coluimus,

1010 2596 1106 2615 revera
1121 2593 1186 2616 sunt
1212 2588 1276 2616 mali
1294 2589 1433 2617 dxemones
1455 2594 1483 2617 et
1513 2588 1660 2616 immundi.
1685 2589 1757 2616 Dictt
1771 2590 1797 2616 ei

1010 2635 1155 2662 Tiburtius
1181 2645 1187 2662 :
1215 2635 1359 2667 Quomodo
1388 2635 1439 2662 hoc
1470 2635 1634 2670 cognovisti,
1657 2643 1674 2662 ο
1694 2635 1799 2662 frater?

1008 2681 1161 2715 Respondit
1184 2679 1370 2708 Valerianus:
1398 2680 1518 2714 Angelus
1543 2681 1591 2708 Dei
1619 2689 1662 2708 me
1693 2681 1797 2714 docuit,

1007 2734 1089 2762 quem
1102 2731 1129 2753 tu
1147 2733 1257 2761 quoque
1289 2725 1394 2760 poteris
1409 2725 1521 2758 intueri,
1536 2726 1559 2753 si
1576 2726 1660 2753 fueris
1677 2727 1799 2753 mundus

1007 2774 1041 2801 ab
1054 2772 1185 2801 omnibus
1197 2771 1327 2801 sordibus
1339 2771 1486 2800 idolorum.
1502 2772 1574 2800 Dicit
1585 2772 1612 2800 ei
1632 2771 1774 2800 Tiburtius
1787 2781 1796 2800 :
