2077 3148
6 168 21 189 il

6 215 23 235 Π

6 243 23 279 ἶὲ

19 190 65 246 Ξ

6 319 66 410 εἰ

50 450 62 488 .ἐ

53 507 61 539 ξ

339 117 388 149 167
957 106 1098 138 MENSIS
1114 103 1333 136 NOVEMBER.
1904 98 1957 131 168

337 172 366 201 Si
383 170 443 199 ﬁeri
458 171 556 205 potest,
566 170 596 195 ut
615 172 665 202 ego
677 172 788 202 quoque
803 163 929 199 angelum
940 162 988 190 Dei
1001 162 1119 193 intuear,
1137 161 1161 191 Δ
1173 165 1202 188 ει
1217 160 1282 187 dum
1294 157 1463 186 divinitatem
1481 157 1641 192 quatinus,
1656 163 1718 192 qua
1821 155 1852 183 in
1865 154 1957 205 emito,

337 223 460 253 quaenam
483 218 526 242 est
550 220 626 241 mora
643 210 863 248 puriﬁcationis?
881 207 1034 244 Respondit
1044 206 1124 235 Vala-

336 263 429 290 rianus
445 269 453 288 :
473 260 572 292 Nulla;
595 259 650 286 hoc
666 263 758 286 autem
771 257 860 283 solum
884 254 952 282 mihi
978 253 1121 288 pollicere,

335 307 408 342 quod
425 306 520 333 omnia
531 302 703 332 exsecranda
726 307 755 329 et
770 299 954 328 abominanda
977 297 1124 342 simulacra

335 340 487 386 abnegans,
501 349 604 381 credis,
617 355 702 375 unum
717 353 778 374 esse
792 345 878 373 Deum
905 343 933 370 in
949 341 1037 370 caelis.
1051 340 1124 368 Dicit

337 398 484 426 Tiburtius
500 405 507 423 :
523 396 586 423 Non
599 394 734 429 intelligo,
750 398 871 427 quonam
887 396 971 424 scopo
983 388 1043 415 hac
1054 386 1124 414 mihi

339 443 484 480 proponis.

380 489 437 517 Vll.
469 488 541 516 Dicit
566 490 659 514 sancta
686 483 815 512 Caecilia:
833 482 869 510 Ut
895 479 1031 515 intelligas
1062 485 1125 506 esse

342 537 446 564 formas
458 539 602 564 testaceaa,
616 537 645 560 et
658 538 782 567 gypseas,
794 533 823 557 et
849 528 966 563 ligneas,
984 531 1013 554 et
1023 531 1124 556 aeneas,

300 602 302 604 μ
343 587 371 609 et
387 579 508 616 cujusvis
525 578 624 606 metalli
637 586 644 610 ;
658 581 686 604 et
702 583 758 603 non
768 575 843 602 dicas
855 581 902 600 eos
928 579 988 600 esse
1004 571 1081 603 deos,
1097 571 1125 598 in

344 627 445 662 quibus
459 625 554 652 vivunt
572 631 689 654 araneae,
716 627 742 649 et
769 621 897 648 volucres
919 624 1040 646 stercora
1064 624 1128 652 ege-

345 677 431 701 runt:
450 672 477 698 in
497 678 613 705 quorum
627 668 764 704 capitibus
790 667 881 694 solent
896 663 1038 692 nidiﬁeare
1055 663 1128 690 cico-

344 718 408 750 nis,
423 724 492 752 quos
513 716 619 743 faciunt
647 713 833 744 condemnati,
865 710 975 746 quando
1007 708 1128 737 damnati

343 768 456 798 propter
479 761 615 789 maleﬁcia
640 759 788 787 mittuntur
823 757 851 784 in
888 756 1039 783 metallum.
1059 754 1128 782 Cum

343 817 408 844 ergo
422 807 533 835 initium
553 806 690 840 accipiant
702 813 735 832 ex
767 803 968 834 condemnatis,
990 800 1128 836 quomodo

343 855 496 883 existimari
513 856 630 888 possunt
652 857 699 878 aut
723 850 798 878 credi
820 850 878 876 dii?
903 849 978 876 Inter
1004 851 1130 874 mortuos

343 901 418 928 enim
434 904 463 927 et
480 898 626 926 simulacra
649 897 725 922 nulla
737 900 779 922 est
792 894 957 922 diﬂ'erentia.
975 891 1128 925 Quomodo,

344 945 418 972 enim
434 948 558 971 mortuus
577 942 659 969 habet
675 941 785 976 quidetn
801 939 893 967 omnia
911 938 1045 970 mctnbra,
1073 937 1130 972 spi-

347 991 431 1017 ritum
459 993 594 1016 autemet
619 994 715 1014 vocem
741 993 795 1012 non
820 989 910 1021 potest
934 984 1048 1016 habere,
1080 990 1131 1010 nec

347 1042 472 1068 sensum,
493 1034 530 1061 ita
552 1033 636 1061 etiam
666 1033 725 1060 lucc
745 1039 812 1059 vana
837 1030 993 1062 simulacra,
1017 1030 1130 1057 deorum

346 1082 458 1117 quidem
475 1078 711 1111 habentnomina,
730 1081 935 1112 cognoscuntur
962 1081 1054 1104 autem
1069 1081 1130 1102 esse

346 1126 474 1160 infelicia,
507 1125 633 1161 malaque
665 1129 694 1152 et
724 1123 874 1151 terrestria.
907 1121 974 1156 Quae
1018 1120 1130 1157 quidem

345 1172 531 1201 ostenduntur
545 1178 607 1198 esse
631 1168 758 1196 homines
782 1167 896 1199 mortui,
916 1165 1048 1201 quoniam
1069 1169 1133 1192 sunt

345 1221 387 1248 eis
403 1219 487 1248 etiam
504 1216 638 1248 membra,
651 1215 722 1243 sicut
735 1214 896 1251 hominum.
910 1211 1037 1245 Quandiu
1058 1211 1132 1238 enim

346 1267 488 1298 vixerunt,
522 1263 610 1291 oculis
632 1265 808 1297 aspexerunt,
831 1264 859 1288 et
884 1259 999 1287 auribus
1023 1257 1136 1285 audive-

348 1316 426 1343 runt,
442 1316 472 1338 et
482 1309 600 1345 pedibus
620 1307 808 1338 ambularunt,
823 1309 851 1333 et
864 1313 913 1333 ore
923 1303 1009 1332 locuti
1019 1306 1094 1335 sunt,
1107 1306 1136 1329 et

350 1356 478 1384 inanibus
489 1354 682 1389 palpaverunt,
698 1355 726 1379 et
739 1351 852 1379 naribus
878 1349 1031 1378 olfecerunt
1047 1357 1054 1375 :
1082 1355 1138 1375 cce-

349 1405 451 1438 perunt
469 1405 559 1427 tamen
591 1406 607 1426 a
646 1402 745 1430 morte,
764 1402 792 1425 et
816 1397 844 1424 in
868 1399 985 1424 mortem
1006 1400 1136 1422 aiternam

352 1449 525 1483 permanent,
555 1443 629 1480 quod
650 1443 831 1472 ostendantur
858 1448 998 1476 nunquam
1024 1439 1135 1471 vixisse,

1174 205 1330 233 incidemus
1345 205 1372 232 in
1389 205 1469 235 iram,
1482 211 1543 238 qua:
1561 202 1721 230 accenditur
1738 201 1766 229 in
1781 205 1863 229 terra.
1884 199 1958 228 Dicit

1172 252 1199 279 ei
1214 256 1308 279 saneta
1321 250 1429 278 Caecilia
1445 258 1453 277 :
1470 249 1498 276 Si
1514 249 1571 276 hac
1585 248 1641 275 vita
1668 253 1741 276 esset
1760 247 1829 279 sola,
1846 251 1876 274 et
1900 253 1956 273 non

1174 300 1247 323 esset
1266 295 1330 327 alia,
1345 296 1408 330 jure
1423 302 1483 329 qua
1495 294 1541 322 hic
1556 298 1632 326 sunt,
1650 293 1810 320 timeremus
1828 291 1958 327 perdere.

1173 339 1241 367 Cum
1260 344 1354 367 autem
1364 339 1402 366 sit
1413 339 1467 366 alia
1481 336 1548 372 vita,
1564 346 1625 374 quae
1638 343 1681 366 est
1693 338 1744 365 hac
1760 337 1846 365 multo
1860 337 1959 364 melior

1175 389 1202 412 et
1216 384 1374 417 sublimior,
1390 389 1418 412 et
1434 391 1574 419 nunquam
1591 387 1682 418 potest
1710 382 1794 414 ﬁniri,
1814 390 1865 409 cur
1879 382 1960 408 timot-

1174 439 1236 458 mus
1256 431 1327 458 hanc
1339 430 1466 465 perdere,
1484 429 1595 464 quando
1610 437 1660 464 per
1687 429 1768 464 hujus
1783 428 1960 455 amissionem

1174 476 1209 504 ad
1223 477 1297 504 illam
1310 476 1486 503 accedimus?
1507 475 1660 510 Respondit
1689 474 1832 502 Tiburtius
1850 484 1857 501 ι
1883 474 1962 502 Nun-

1175 530 1257 558 quam
1269 527 1348 550 antea
1360 522 1453 549 audivi
1479 529 1540 550 esse
1556 521 1636 549 aliam
1652 521 1746 553 vitam,
1762 526 1861 556 preter
1877 520 1960 548 hanc.

1177 568 1249 596 Dicit
1263 569 1289 596 ei
1308 568 1416 596 Caecilia
1434 577 1442 594 :
1457 567 1535 595 Nunc
1545 567 1598 594 hoc
1610 571 1686 594 certo
1698 566 1779 598 scias,
1797 574 1814 593 ο
1831 565 1962 593 charissi-

1177 623 1232 648 me,
1250 615 1322 651 quod
1340 615 1461 650 quandiu
1482 615 1509 642 in
1536 613 1587 641 hoc
1604 612 1706 640 mundo
1732 612 1858 643 vivimus,
1877 611 1962 638 vitam

1176 662 1339 690 laboriosam
1352 666 1381 689 et
1397 661 1491 689 dolore
1504 661 1611 696 plenam
1625 660 1742 695 agimus,
1752 659 1778 685 in
1788 658 1920 694 angustiis
1935 663 1964 684 ct

1178 710 1392 738 afﬂictionibus:
1416 708 1640 744 quandoquidem
1666 707 1835 734 inﬂammant
1865 705 1965 731 humo-

1179 765 1235 790 res,
1266 757 1393 784 minount
1427 755 1547 787 labores,
1578 754 1656 781 valde
1696 752 1834 780 exsiccant
1861 751 1964 782 febres,

1180 803 1293 829 rheuma
1306 801 1417 829 assidue
1438 800 1544 827 inducit
1571 807 1628 830 aer,
1657 798 1711 825 cibi
1726 797 1831 828 inﬂant,
1849 796 1965 823 molesta

1181 850 1244 874 sunt
1257 845 1436 881 jejunia,ludi
1447 844 1610 873 dissolvunt,
1620 850 1692 869 cura:
1711 841 1892 873 contrahunt,
1904 848 1965 875 per-

1181 892 1221 920 dit
1238 891 1414 927 negligentia,
1443 890 1546 917 divitiae
1562 889 1706 924 abjieiunt,
1721 887 1830 922 expellit
1845 895 1966 922 pauper-

1182 943 1232 970 tas,
1257 939 1344 965 elatos
1370 936 1461 964 reddit
1484 936 1628 970 juventus,
1664 935 1788 962 incurvat
1824 939 1965 964 senectus.

1180 983 1504 1019 deprimitimbeeillitas,
1532 981 1675 1017 perturbat
1698 981 1749 1013 ira,
1764 985 1791 1007 et
1806 979 1878 1006 inter
1906 978 1967 1006 bmc

1181 1030 1271 1058 omnia
1287 1038 1362 1059 mors
1381 1029 1516 1058 exscindit
1538 1038 1601 1057 cum
1625 1029 1718 1061 minis,
1739 1033 1767 1056 et
1791 1029 1831 1056 sic
1850 1027 1967 1062 imponit

1180 1076 1263 1104 ﬁnem
1278 1075 1407 1104 omnibus
1421 1076 1562 1111 corporeis
1590 1075 1702 1108 latitiis,
1734 1078 1764 1102 ut
1778 1074 1813 1102 ab
1829 1081 1874 1105 eo.
1891 1072 1968 1108 quod

1181 1127 1223 1151 est
1234 1130 1305 1154 ease,
1317 1123 1459 1155 recedens,
1476 1130 1511 1150 ne
1533 1122 1617 1150 fuisse
1643 1121 1754 1156 quidem
1772 1125 1892 1155 putetur.
1914 1119 1969 1146 Pro

1183 1170 1269 1196 nihilo
1285 1169 1359 1196 enim
1383 1168 1416 1196 de
1431 1173 1529 1195 caetero
1546 1168 1674 1198 habetur.
1694 1166 1827 1201 quidquid
1844 1173 1899 1193 non
1912 1169 1968 1193 est.

1184 1216 1233 1244 Illa
1248 1219 1343 1242 autem
1356 1215 1413 1241 vita
1427 1219 1541 1246 eterna,
1556 1213 1627 1240 hanc
1642 1213 1724 1239 vitam
1739 1212 1868 1238 caducam
1888 1211 1968 1238 mise-

1186 1267 1300 1294 ramque
1314 1263 1342 1286 et.
1357 1258 1469 1286 brevem
1479 1257 1630 1292 excipiens,
1647 1263 1710 1284 cum
1723 1255 1832 1285 aeternis
1846 1255 1970 1283 afﬂictio-

1187 1305 1269 1333 nibus
1284 1309 1311 1332 et
1323 1304 1469 1331 tormentis
1480 1303 1560 1330 datur
1578 1303 1658 1330 malis
1673 1307 1700 1330 et
1725 1302 1833 1336 iniustis
1850 1309 1859 1329 :
1875 1301 1970 1330 laetitia

1188 1358 1255 1378 vero
1269 1354 1371 1377 aeterna
1390 1354 1419 1377 et
1431 1349 1576 1377 exsolutio
1588 1348 1725 1384 praebetur
1734 1348 1826 1382 justis.

1223 1394 1270 1422 IX.
1285 1394 1327 1422 Ad
1347 1395 1405 1422 haec
1430 1394 1571 1429 respondit
1599 1394 1753 1424 Tiburtius.
1776 1399 1805 1421 et
1829 1393 1918 1420 dixit:
1936 1393 1972 1420 Et

1188 1443 1250 1478 quis
1263 1446 1315 1475 est,
1329 1443 1376 1477 qui
1391 1443 1448 1470 illic
1465 1442 1530 1475 fuit,
1544 1447 1572 1470 et
1585 1443 1661 1470 illine
1676 1443 1730 1470 huc
1753 1443 1878 1475 veniens,
1909 1442 1970 1470 haec

351 1494 394 1521 vel
428 1492 549 1528 potuisse
573 1491 676 1518 vivere.
707 1490 786 1516 Tunc
810 1489 880 1516 dixit
905 1489 1047 1518 Tiburtius
1073 1496 1135 1517 cum
1147 1502 1173 1533 ε
1190 1488 1280 1524 potuit
1306 1488 1387 1516 nobis
1402 1489 1577 1521 annuntiare,
1604 1492 1634 1516 ut
1663 1488 1722 1516 haec
1747 1489 1884 1523 possimus
1904 1496 1971 1515 vera

352 1537 427 1565 omni
443 1536 674 1572 eompunetione:
693 1535 743 1568 Qui
756 1534 796 1562 sic
808 1542 863 1562 non
884 1534 982 1566 credit,
1005 1539 1047 1562 est
1070 1534 1136 1562 bru-

352 1589 421 1617 tum,
435 1587 462 1611 et
475 1591 530 1610 non
557 1582 634 1610 venit
660 1581 688 1609 in
711 1580 857 1617 judicium.
883 1580 1066 1614 Quamobrem
1085 1587 1137 1616 ego

351 1637 462 1666 quoque
475 1630 536 1657 dico
553 1635 617 1656 eum
633 1627 708 1655 omni
731 1627 860 1660 veritate,
887 1633 943 1654 non
965 1633 1026 1654 esse
1051 1626 1137 1654 alium

351 1676 451 1707 Deum,
466 1675 518 1702 nisi
530 1675 617 1701 Deum
640 1673 873 1705 Christianorum,
894 1676 923 1699 et
945 1679 988 1699 me
1007 1671 1137 1706 deinceps

353 1729 417 1748 eum
436 1720 525 1748 solum
541 1719 632 1746 colere
647 1722 676 1746 et
705 1717 832 1746 adorare.
860 1719 925 1745 Haec
949 1724 1012 1745 cum
1034 1716 1139 1745 diceret

354 1766 509 1797 Tiburtius,
528 1770 623 1791 sancta
641 1763 750 1791 Cmcilia
765 1763 922 1790 deosculata
942 1767 989 1798 est,
1008 1763 1068 1798 ejus
1091 1770 1139 1797 pe-

355 1816 471 1843 etus,ct
500 1811 592 1838 dixit:
622 1811 727 1837 Revera
753 1809 836 1837 hodie
866 1809 998 1837 confiteor
1026 1815 1052 1836 te
1078 1815 1139 1837 esse

356 1858 436 1894 plane
451 1865 541 1884 meum
568 1855 692 1886 fratrem.
717 1855 860 1890 Quomodo
889 1857 962 1884 enim
992 1855 1040 1884 Dei
1062 1863 1140 1884 amor

357 1909 435 1932 tuum
465 1904 578 1931 fratrem
611 1903 675 1930 fecit
708 1909 768 1930 esse
793 1909 884 1930 meum
914 1902 1073 1937 coniugem:
1102 1902 1139 1929 ita

355 1952 438 1979 etiam
462 1950 673 1978 simulacrorum
703 1949 870 1984 contemptio
902 1949 966 1976 fecit
993 1953 1020 1977 te
1046 1957 1138 1976 meum

355 2004 416 2025 esse
439 1996 565 2024 fratrem.
595 1995 779 2029 Quamobrem
812 1994 940 2030 quoniam
968 2002 998 2022 ea
1025 1998 1139 2029 paratus

355 2043 471 2071 credere
494 2043 524 2070 in
539 2042 684 2070 Dominum
708 2046 833 2069 nostrum
858 2041 952 2068 Jesnm
988 2041 1138 2072 Christum,

355 2089 425 2116 vade
440 2089 497 2116 cito
512 2095 573 2116 eum
592 2092 638 2115 tuo
654 2087 749 2120 fratre,
768 2091 799 2122 ut
815 2087 903 2122 ipsam
931 2086 1051 2122 accipias
1064 2087 1139 2121 puri-

355 2135 510 2163 ﬁcationem
534 2141 583 2169 per
601 2137 726 2161 sanctum
754 2133 921 2167 baptismum
947 2141 955 2159 :
984 2139 1034 2167 per
1057 2139 1138 2166 quem

1187 1543 1249 1564 esse
1263 1535 1396 1563 credere?
1410 1535 1488 1563 Tunc
1504 1543 1619 1570 surgens
1628 1535 1708 1564 beata
1731 1535 1850 1568 Caecilia,
1867 1537 1972 1563 consti-

1188 1582 1232 1615 tit,
1251 1587 1354 1610 etcum
1367 1589 1463 1618 magna
1477 1581 1518 1609 sie
1528 1581 1597 1609 dixit
1619 1581 1733 1609 audacia
1749 1580 1836 1609 ποωιὶ
1848 1585 1877 1609 et
1890 1585 1972 1609 terra

1187 1632 1217 1655 et
1231 1627 1315 1655 maris
1323 1632 1352 1655 et
1367 1627 1488 1654 omnium
1502 1626 1657 1658 volucrum,
1671 1634 1732 1662 quin
1747 1626 1839 1653 volant
1853 1627 1880 1653 in
1893 1633 1970 1658 aere,

1187 1672 1451 1712 quadrupedumque
1492 1676 1522 1700 et
1553 1672 1692 1707 reptilium
1715 1671 1840 1704 Creator,
1864 1679 1897 1699 ex
1927 1680 1971 1704 se,

1187 1719 1347 1754 priusquam
1364 1718 1455 1745 omnia
1470 1717 1584 1749 faceret,
1605 1718 1700 1753 genuit
1713 1717 1823 1750 Filium,
1851 1722 1880 1745 et
1907 1725 1973 1752 pro-

1189 1765 1268 1792 duxit
1280 1772 1315 1792 ex
1332 1772 1380 1791 sua
1395 1764 1516 1798 potentia
1543 1763 1674 1798 Spiritum
1694 1769 1818 1791 sanetum
1833 1771 1840 1790 :
1859 1763 1971 1794 Filium.

1189 1815 1221 1838 ut
1234 1810 1337 1838 faceret
1346 1809 1607 1845 utmua;.Spiritum
1629 1814 1765 1843 sanctum,
1778 1809 1973 1839 uLJLiIiﬁwet

1190 1859 1329 1886 universa.
1344 1857 1440 1885 Omnia
1456 1863 1547 1885 autem
1560 1865 1621 1892 qua:
1637 1857 1706 1885 facta
1728 1862 1802 1890 sunt,
1818 1858 1974 1885 construxit

1190 1902 1277 1932 Filius
1289 1912 1322 1931 ex
1333 1904 1412 1931 Patre
1421 1904 1539 1939 genitus.
1551 1908 1579 1930 et
1593 1903 1683 1931 omnia
1695 1911 1755 1938 quae
1779 1904 1890 1931 fuerant
1906 1912 1974 1932 con—

1188 1955 1305 1982 structa,
1320 1958 1352 1978 ex
1364 1949 1443 1978 Patre
1459 1950 1611 1985 procedens
1627 1950 1745 1985 Spiritus
1770 1955 1883 1978 sanctus
1911 1951 1972 1978 ani-

1189 1997 1287 2024 mavit.
1302 1995 1411 2023 Dieitei
1423 1996 1565 2023 Tiburtius
1584 2004 1591 2022 :
1611 1995 1759 2031 ﬂuensque
1784 1997 1888 2024 dictum
1916 2001 1971 2028 est.

1189 2043 1266 2071 credi
1278 2048 1407 2078 oportere
1418 2050 1502 2070 unum
1517 2042 1602 2070 Deum
1618 2050 1677 2070 esse
1689 2042 1716 2070 in
1727 2043 1814 2070 cmlis.
1827 2043 1973 2076 Quomodo

1190 2093 1281 2116 autem
1310 2097 1386 2116 nunc
1413 2094 1469 2116 tres
1498 2088 1608 2116 testaris
1629 2096 1689 2117 esse
1714 2089 1800 2116 deos!
1821 2089 1974 2125 Respondit

1190 2138 1284 2161 sancta
1293 2133 1414 2165 Caecilia,
1425 2139 1453 2161 et
1465 2134 1534 2162 dixit
1551 2143 1557 2162 :
1573 2134 1649 2162 Unus
1660 2139 1702 2162 est
1721 2134 1793 2163 Deus
1812 2136 1838 2163 in
1851 2143 1900 2164 sua
1913 2136 1973 2163 vir-

353 2182 435 2209 etiam
451 2180 550 2215 dignus
568 2180 716 2207 habeberis
731 2179 869 2214 angelieas
883 2185 1015 2214 personas
1026 2177 1138 2211 intueri,
1155 2176 1177 2204 Β
1192 2183 1260 2212 tute,
1274 2187 1355 2215 quem
1372 2179 1412 2207 sic
1438 2180 1465 2206 in
1480 2185 1573 2207 sancta
1590 2180 1724 2208 Trinitate
1741 2181 1884 2216 partimur,
1903 2189 1974 2217 quo-

355 2231 384 2254 et
395 2226 518 2253 omnium
532 2225 697 2252 delictorum
714 2229 824 2252 tuorum
836 2225 944 2252 veniam
963 2224 1101 2252 invenire.

390 2271 459 2299 Vill.
472 2271 550 2298 Tunc
563 2271 628 2298 dicit
646 2271 724 2298 fratri
748 2279 799 2298 suo
812 2270 977 2298 Tiburtius:
995 2270 1071 2304 Rogo
1099 2274 1137 2302 te,

357 2316 454 2347 frater,
473 2321 504 2342 ut
519 2316 586 2342 mihi
605 2315 691 2348 dicas,
709 2316 742 2342 ad
758 2323 839 2351 quem
859 2323 903 2342 me
915 2322 947 2343 es
958 2315 1137 2343 deducturus.

360 2361 521 2393 Valerianns
536 2361 699 2395 respondit:
721 2361 761 2388 Ad
789 2361 880 2389 v‘irum
905 2362 1070 2396 perfectum,
1091 2368 1140 2389 no-

356 2408 431 2434 mine
449 2406 599 2440 Urbanum,
616 2406 644 2433 in
655 2414 709 2442 quo
721 2413 762 2434 est
779 2408 884 2442 species
897 2407 1030 2442 angelica,
1042 2411 1138 2434 ornata

356 2452 467 2485 canitie,
481 2459 564 2480 verus
576 2459 678 2484 sermo,
699 2457 727 2479 et
751 2452 864 2487 insignis
885 2452 1040 2487 prudentia.
1066 2452 1139 2480 Dicit

354 2499 380 2526 ei
399 2497 542 2525 Tiburtius
567 2505 574 2524 :
602 2497 644 2524 Tu
667 2496 745 2524 illurn
775 2497 844 2524 dicis
873 2496 1023 2530 Urbanum,
1054 2505 1136 2532 quem

354 2543 607 2571 Christianidicunt
625 2550 686 2570 esse
701 2549 781 2569 suum
795 2543 909 2576 papam?
921 2543 990 2570 Eum
1006 2543 1087 2570 audio
1095 2543 1137 2571 bis

353 2590 408 2625 iam
424 2589 509 2617 fuisse
522 2589 747 2619 condemnatum.
769 2593 798 2616 et
827 2596 921 2616 rursus
947 2593 1057 2624 propter
1075 2597 1136 2618 eam

355 2634 445 2669 ipsum
461 2634 608 2667 actionem,
638 2638 750 2670 propter
768 2641 849 2669 quam
866 2634 916 2661 fuit
929 2635 1134 2668 condemnatus,

354 2687 432 2708 suam
462 2680 620 2716 religionem
646 2688 710 2708 cum
733 2686 809 2708 metu
838 2681 956 2708 latenter
975 2682 1134 2717 prmdieare.

353 2725 424 2753 Eum
452 2726 474 2752 si
507 2726 652 2761 contigerit
676 2726 804 2760 inveniri,
840 2727 909 2755 citra
935 2727 1135 2755 dubitationem

354 2771 438 2798 ullam
456 2771 512 2807 igni
539 2772 723 2806 mandabitur,
751 2777 778 2801 ct
804 2782 855 2801 nos
881 2782 992 2808 quoque
1019 2781 1082 2801 cum
1103 2782 1136 2801 eo

354 2816 510 2852 puniemur,
522 2818 545 2846 si
564 2818 668 2847 inventi
683 2818 818 2848 fuerimus
829 2819 862 2847 ad
871 2827 936 2847 cum
947 2818 1134 2852 ambulantes;

1190 2226 1271 2253 modo
1291 2225 1319 2253 in
1333 2233 1388 2253 uno
1400 2225 1509 2254 homine
1523 2225 1614 2254 inesse
1628 2226 1744 2255 dicimus
1761 2232 1858 2260 artem,
1870 2235 1973 2255 memo-

1190 2271 1271 2304 riam,
1285 2276 1314 2299 ct
1326 2271 1535 2306 intelligentiam
1548 2280 1555 2303 ;
1579 2272 1710 2306 quoniam
1731 2278 1790 2300 arte
1805 2273 1972 2306 invenimus,

1190 2316 1218 2344 id
1237 2317 1311 2351 quod
1325 2324 1380 2344 non
1394 2316 1562 2349 didicimus;
1589 2318 1720 2345 memoria
1745 2323 1772 2346 et
1792 2319 1973 2355 intelligentia

1189 2363 1459 2398 comprehendimus,
1471 2363 1493 2390 si
1506 2363 1572 2397 quid
1587 2370 1639 2390 nos
1655 2371 1774 2398 unquam
1791 2366 1972 2401 contemplati

1189 2408 1335 2444 contigerit
1361 2413 1410 2436 aut
1437 2408 1546 2436 audire.
1569 2409 1704 2442 Quidnam
1724 2417 1789 2445 ergo
1820 2410 1974 2438 faciemus?

1189 2454 1259 2481 Num
1274 2455 1332 2482 inec
1345 2455 1397 2481 tria
1411 2455 1437 2481 in
1451 2454 1562 2481 homine
1573 2463 1624 2482 una
1636 2456 1757 2490 possidet
1770 2457 1951 2492 intelligentia
1961 2458 1974 2484 ?

1189 2500 1218 2528 Si
1231 2509 1296 2535 ergo
1310 2501 1393 2528 homo
1410 2501 1439 2527 in
1461 2508 1515 2527 una
1534 2501 1710 2537 intelligentia
1735 2503 1857 2537 possidet
1871 2511 1972 2531 nomen

1189 2547 1272 2574 trium
1287 2546 1515 2582 signiﬁcatorum,
1529 2547 1666 2581 quomodo
1683 2555 1741 2575 non
1753 2548 1825 2576 Deus
1846 2550 1975 2584 omnipo-

1188 2597 1260 2624 tens,
1295 2593 1322 2619 in
1347 2600 1400 2619 una
1427 2597 1455 2620 et
1479 2593 1573 2621 eadem
1603 2594 1748 2622 divinitate
1787 2595 1842 2622 vim
1863 2596 1975 2624 obtinet

1188 2638 1351 2665 Trinitatis?
1366 2638 1442 2665 Tunc
1455 2639 1608 2670 Tiburtius,
1631 2648 1694 2667 eum
1723 2641 1750 2668 in
1774 2645 1875 2668 terram
1902 2644 1974 2669 ceci—

1188 2682 1284 2714 disset,
1297 2682 1505 2717 cuepitclamare
1519 2689 1547 2710 et
1561 2683 1673 2711 dicere:
1697 2685 1812 2718 lict/era,
1836 2694 1854 2713 ο
1879 2686 1975 2714 chari-

1188 2728 1267 2759 siina,
1288 2735 1341 2755 non
1376 2728 1444 2756 mihi
1486 2729 1596 2757 videtur
1631 2731 1723 2766 lingua
1756 2732 1875 2760 humana
1903 2733 1974 2761 dare

1190 2781 1362 2810 responsum,
1374 2775 1420 2803 sed
1438 2775 1556 2811 coniicio
1580 2776 1626 2803 Dei
1641 2777 1767 2812 angelum
1787 2786 1837 2813 per
1849 2786 1881 2806 os
1895 2783 1975 2808 tuum

1188 2828 1248 2850 csse
1261 2821 1383 2850 locutum
1408 2830 1416 2850 :
1439 2827 1467 2851 et
1484 2829 1596 2858 magnas
1615 2823 1671 2858 egit
1690 2823 1803 2859 gratius,
1820 2825 1894 2860 quod
1913 2826 1974 2854 cito
