2077 3148
209 163 260 196 109

785 162 872 191 ΥΙΤᾹ
889 161 917 190 S.
935 161 1104 190 Cr'ECll.l.E
1124 162 1168 191 ΕΤ
1189 162 1266 192 StJC.

1773 165 1823 198 1ῗο

207 227 292 248 unum
305 225 365 247 esse
393 218 479 245 Deum
511 218 538 244 in
569 217 656 245 triftus
686 216 821 252 personis,
844 216 869 243 ei
897 221 990 251 aperte
1005 217 1027 245 Α
1042 216 1159 247 derunt,
1175 222 1305 244 vocantes
1325 225 1387 244 cum
1411 226 1518 254 magum
1539 222 1567 246 et
1582 219 1695 255 itnpium
1713 228 1720 247 :
1739 226 1766 248 et
1780 228 1825 248 sc-

207 264 376 301 probaverit.

240 311 273 338 X.
292 311 448 338 Conversus
467 311 560 344 itaque
587 311 621 337 ad
648 309 760 336 fratrem
786 317 867 336 suum
895 308 987 335 dixit:

206 357 242 384 De
259 364 313 383 uno
332 356 386 384 Deo
402 356 467 383 mihi
485 356 569 383 fuisse
595 355 760 383 satisfactum
784 354 925 387 confiteor,
941 354 988 381 sed

204 409 292 428 meam
308 403 499 437 quaestionem,
527 403 598 428 sicut
627 401 704 436 prius
731 400 896 436 inccperam,
932 401 990 427 vel-

204 448 257 474 lem
274 448 357 474 scire.
376 447 448 474 Dixit
475 453 567 474 sancta
582 447 690 474 Czecilia
721 456 727 474 :
753 447 788 474 De
817 454 847 473 ea
881 454 988 473 mecum

204 494 328 527 loquere,
341 492 470 527 quoniam
487 492 607 520 brevitas
620 493 753 527 temporis
766 496 808 519 est
838 492 915 519 fratri
941 497 988 519 tuo

204 538 413 572 impedimento,
440 538 587 573 quominus
612 537 706 565 reddat
748 545 919 572 responsum.
947 537 987 564 Mc

203 588 403 618 autetn.quam
423 583 525 611 Christi
556 583 691 619 sapientia
715 582 810 610 docuit
842 590 857 610 a
887 582 988 609 teneris

202 629 369 663 unguiculis,
383 629 416 657 de
436 637 600 664 quacunque
624 638 654 658 re
675 637 718 657 me
735 629 856 657 volueris
871 629 987 656 interro-

201 681 277 708 gare,
298 681 353 701 non
380 675 486 708 poteris
510 674 636 702 invenire
663 675 835 710 imparatam.
864 674 935 701 Dicit
961 675 986 702 ei

202 718 366 746 Tiburtius:
386 718 442 747 Hoc
464 728 552 754 nuper
573 719 698 755 quasivi,
724 725 751 748 et
775 728 848 747 nunc
876 727 986 754 quoque

200 772 295 799 qu.ero
309 773 316 792 :
329 765 462 798 Quisnam
477 773 511 793 ex
527 766 561 793 iis
576 766 622 800 qui
636 766 692 793 illic
708 770 783 797 sunt,
797 766 850 793 huc
861 765 984 795 veniens.

199 811 320 839 ostendit
333 805 412 839 nobis
427 812 507 839 aliam
528 812 622 844 vitam,
639 820 720 847 quam
741 820 789 839 vos
813 811 986 847 prmdicatis?

200 856 300 884 Sancta
316 858 384 885 dixit
405 857 536 886 Caecilia:
570 859 747 894 Unigenitum
778 867 856 886 suum
884 858 982 885 Filium

199 903 280 930 Pater
311 911 360 938 per
386 909 510 932 sanctam
544 903 684 939 Virginem
718 904 828 931 Mariam
859 904 931 931 misit
957 904 984 930 in

198 955 311 981 terram,
325 950 372 984 qui
385 954 462 978 stans
489 951 516 978 in
544 955 640 978 sancto
667 955 770 983 monte,
798 958 894 985 magna
920 957 985 977 voce

196 994 462 1027 clamavit,dicens:
487 995 584 1023 Venite
603 995 636 1022 ad
652 1003 705 1028 me,
724 1002 820 1022 omnes
838 995 942 1030 populi,
958 1000 986 1022 et

195 1047 246 1075 ego
264 1040 335 1068 dabo
354 1041 432 1068 vobis
443 1041 527 1068 vitam
542 1047 684 1068 aeternam.
713 1049 722 1066 ι
737 1039 985 1068 Concurritautem

197 1086 231 1112 ad
257 1093 320 1112 eum
349 1086 439 1113 omnis
465 1093 543 1117 caro,
568 1086 660 1112 omnis
689 1090 766 1117 mtas,
792 1092 874 1112 omne
900 1091 986 1119 genus

200 1131 447 1159 bominum.’l‘unc
461 1131 531 1158 dixit
557 1131 686 1159 omnibus
713 1139 720 1158 :
756 1140 766 1157 ‹
792 1130 984 1158 Paenitentiam

198 1178 270 1212 agite
314 1181 426 1212 propter
459 1181 578 1205 vestram
612 1177 794 1212 ignorantiam
820 1186 827 1204 :
856 1176 985 1211 quoniam

197 1223 430 1258 appropinquavit
459 1230 573 1258 regnum
590 1223 649 1256 Dei,
666 1223 740 1258 quod
767 1223 844 1250 tollet
871 1230 984 1258 regnum

198 1269 341 1296 hominum
357 1268 397 1295 ⁸.»
415 1268 501 1295 Suum
513 1272 605 1296 autem
635 1276 749 1303 regnum
766 1268 824 1295 vult
849 1268 921 1295 Deus
945 1267 986 1295 di—

197 1314 290 1341 videre
304 1314 338 1341 iis
349 1314 395 1349 qui
405 1313 533 1345 credunt,
548 1314 575 1341 in
587 1321 642 1348 quo
651 1314 695 1342 ille
708 1314 815 1342 exsistit
826 1313 981 1342 sublimior.

196 1359 254 1386 lllic
280 1367 347 1395 ergo
379 1364 539 1394 peccatores
569 1359 682 1395 quidem
717 1360 983 1394 consummabuptur

194 1405 305 1432 aeternis
320 1405 474 1437 doloribus,
490 1410 519 1433 et
536 1406 610 1441 igne,
623 1406 670 1440 qui
695 1413 836 1441 nunquam
851 1406 983 1433 termina-

195 1451 270 1479 bitur
284 1452 368 1486 :justi
390 1457 482 1479 autem
499 1452 638 1486 accipient
655 1452 743 1480 lucem
757 1458 866 1480 aeterna:
889 1452 984 1488 gloriae

194 1502 221 1525 et
234 1497 340 1532 gaudii,
356 1505 417 1532 qua:
429 1498 535 1525 nullum
549 1506 670 1534 unquam
695 1499 777 1526 finem
805 1499 916 1534 accipit.
943 1499 981 1526 De

193 1548 292 1571 cancro
307 1543 401 1576 nolite,
417 1552 433 1571 ο
449 1544 497 1571 filii
511 1544 665 1578 hominum,
687 1544 772 1581 hujus
794 1545 856 1573 vita:
873 1545 982 1580 fugien-

194 1595 249 1617 tem
277 1597 402 1625 quaerere
428 1590 562 1622 Iustitiam,
596 1595 627 1617 ut
658 1591 779 1618 laetitiam
818 1591 893 1619 illius
920 1592 982 1619 vitae

193 1641 325 1663 eternam
341 1636 514 1671 possideatis.
535 1644 595 1671 quae
617 1637 688 1664 hanc
714 1639 797 1664 vitam
817 1638 928 1672 excipit.
953 1638 980 1665 In

195 1682 245 1709 hac
260 1683 334 1709 enim
351 1682 405 1709 vita
419 1682 501 1710 breve
517 1686 623 1717 tempus
649 1683 760 1715 vivitis;
787 1683 814 1710 in
841 1683 885 1711 illa
904 1691 979 1716 vero,

193 1727 220 1754 in
230 1735 311 1754 onme
318 1735 418 1755 avum.

228 1773 274 1801 XI.
299 1774 368 1801 Cum
392 1774 450 1802 hac
473 1779 564 1801 autem
587 1774 740 1802 audiissent
764 1783 861 1803 omnes
884 1776 979 1811 populi

193 1817 328 1851 infideles,
347 1825 401 1845 una
418 1826 486 1846 voce
500 1819 639 1846 dixerunt:
657 1819 691 1847 Et
704 1820 767 1854 quis
783 1820 841 1847 illic
863 1820 931 1853 fuit,
951 1824 979 1848 et

192 1872 255 1892 cum
270 1865 346 1892 illinc
369 1864 424 1892 huc
438 1865 568 1897 venisset,
583 1866 672 1900 potuit
695 1865 796 1894 docere
819 1874 884 1894 vera
906 1874 977 1899 esse,

191 1918 252 1946 qua:
265 1911 354 1938 dicis?
367 1911 444 1939 Tunc
457 1911 505 1939 Dei
521 1911 609 1940 Filius
627 1912 697 1940 dixit
714 1913 755 1940 eis
770 1912 815 1940 :Si
832 1913 979 1941 ostendero

191 1957 270 1984 vobis
283 1957 435 1985 surrexisse
449 1963 583 1991 mortuos,
597 1966 653 1986 non
667 1959 781 1987 creditis
799 1960 931 1987 veritati?
944 1960 979 1988 Ut

192 2006 285 2029 autem
299 2001 482 2030 dubitationis
497 2007 526 2030 et
538 2002 707 2038 suspicionis
723 2003 828 2030 nullum
850 2010 977 2031 remane-

192 2053 235 2075 ret
247 2048 402 2083 vestigium,
426 2055 488 2076 cum
505 2048 614 2084 populis
640 2048 781 2083 profectus
806 2052 849 2076 est
873 2048 906 2075 ad
934 2055 978 2075 se.

193 2093 300 2127 pulcra.
316 2099 344 2120 et
365 2093 502 2121 triduanis
518 2098 546 2121 et
560 2093 752 2128 quatriduanis
765 2098 792 2120 et
810 2093 866 2129 jam
880 2093 976 2121 faeten-

193 2137 267 2165 tibus
293 2139 420 2170 mortuis,
444 2146 526 2172 quam
555 2139 705 2166 amiserant
726 2139 832 2172 vitam,
859 2143 889 2166 ut
906 2140 978 2168 Deus

191 2184 320 2212 reddidit.
336 2183 502 2212 Transmisit
512 2192 600 2216 utare,
618 2191 702 2219 super
714 2185 814 2212 fluctus
835 2185 977 2213 ambulans

1041 262 1171 289 ditionem
1186 264 1340 290 excitarunt
1361 263 1387 290 in
1402 265 1511 299 populo,
1529 270 1558 292 ut
1578 273 1640 293 eum
1670 267 1742 294 cruci
1767 267 1824 294 afﬁ-

1039 313 1143 342 gerent.
1173 308 1228 335 Hoc
1261 314 1350 335 autem
1382 310 1427 337 illc
1454 311 1620 344 praesciens.
1649 320 1700 347 pro
1728 313 1823 341 mundi

1040 353 1127 381 salute
1149 354 1272 388 permisit
1299 362 1327 382 se
1351 355 1521 390 apprehendi
1548 360 1576 383 et
1599 357 1688 390 illudi,
1716 359 1824 394 injuriis

1039 398 1118 431 allici,
1133 400 1223 435 ﬂagris
1238 400 1303 427 medi
1317 405 1345 428 et
1363 401 1460 428 occidi.
1479 401 1589 429 Sciebat
1605 404 1678 430 enim
1698 409 1726 431 ut
1740 405 1822 438 Deus,

1039 445 1111 480 quod
1127 453 1180 472 non
1197 446 1277 472 aliter
1290 446 1341 473 nisi
1358 453 1408 481 per
1421 447 1569 481 pretiosam
1584 452 1612 475 et
1634 448 1823 478 intcmt-ralam

1039 497 1116 516 suam
1132 490 1296 524 passionem,
1309 494 1382 517 esset
1397 491 1534 525 captivum
1550 491 1711 518 redditurus
1727 492 1823 519 diabo-

1039 535 1109 567 lum,
1130 536 1264 570 malisijue
1282 541 1310 564 et
1331 536 1481 564 immundis
1500 537 1646 572 spiritibus
1674 537 1758 564 malas
1781 538 1824 564 in.

1037 580 1119 608 ferret
1133 588 1237 616 ptenas.

1073 626 1130 653 XII.
1149 627 1297 662 Propterea
1313 634 1379 662 ergo
1393 627 1439 655 ille
1457 627 1508 655 fuit
1531 629 1762 664 comprehensus,
1777 630 1824 664 qui

1038 676 1179 706 peccatum
1199 681 1250 700 non
1274 673 1355 704 fecit,
1381 679 1411 701 ut
1435 674 1599 702 liberaretur
1619 683 1706 710 genus
1728 676 1824 703 Imma-

1038 725 1114 748 num,
1131 719 1205 751 quod
1219 718 1395 747 detinebatur
1406 721 1528 747 vinclum
1544 720 1570 747 in
1583 721 1694 748 vinculo
1706 723 1824 756 peccati.

1036 762 1087 794 Qui
1105 767 1146 790 est
1169 763 1343 796 benedictus,
1368 764 1420 791 fuit
1441 765 1493 792 sub
1510 765 1655 793 maledicto
1683 771 1712 793 ut
1737 775 1787 794 nos
1809 775 1824 794 a

1037 807 1182 834 maledicto
1205 808 1355 842 eximeret;
1385 809 1518 837 sustinuit
1543 810 1705 844 illusioncs,
1727 817 1756 839 ut
1774 820 1824 839 nos

1037 853 1167 880 liberaret
1188 854 1222 881 ab
1236 855 1364 882 illusione
1387 855 1553 888 daemonum,
1569 857 1615 890 qui
1628 859 1778 884 versantur
1795 858 1822 884 in

1003 889 1021 914 θ
1037 899 1089 926 hoc
1107 899 1217 927 mundo.
1239 900 1367 935 Spincam
1390 909 1521 929 coronam
1541 889 1648 937 accepit
1669 903 1697 930 in
1721 904 1822 938 capite,

1036 952 1065 973 ut
1085 947 1229 980 capitalem
1257 948 1365 974 tolleret
1390 948 1555 976 sententiam
1570 969 1577 981 ,
1591 956 1653 984 quae
1674 957 1708 976 ex
1735 949 1823 984 spinis

1037 997 1212 1026 peccatorum
1233 993 1259 1019 in
1285 1000 1335 1020 nos
1358 993 1413 1020 lata
1429 994 1530 1021 fuerat.
1550 995 1596 1022 Fel
1620 996 1647 1021 in
1667 995 1729 1022 cibo
1744 1001 1822 1023 acce-

1036 1037 1087 1072 pit,
1102 1041 1131 1063 ut
1145 1037 1252 1064 dulcem
1267 1039 1348 1073 primi
1371 1039 1491 1067 hominis
1506 1045 1615 1075 gustum
1627 1060 1633 1071 ,
1652 1041 1725 1068 unde
1750 1049 1824 1068 mors

1037 1083 1064 1109 in
1084 1083 1216 1109 mundum
1241 1084 1292 1110 fuit
1320 1084 1459 1119 ingressa,
1485 1091 1678 1113 cmnmutaret.
1709 1087 1823 1114 Potatus

1036 1133 1078 1156 est
1106 1135 1202 1160 aceto,
1229 1135 1257 1156 ut
1285 1130 1482 1162 acrimoniam,
1513 1139 1566 1165 qua
1589 1136 1684 1159 noster
1712 1134 1823 1168 sanguis

1036 1174 1154 1207 ebulliit,
1182 1175 1207 1202 in
1229 1183 1257 1202 se
1274 1176 1435 1210 suwiperet,
1461 1181 1489 1203 et
1515 1177 1587 1205 bunc
1614 1177 1685 1206 bibit
1711 1179 1822 1206 calicem

1036 1221 1189 1255 passionis,
1216 1221 1262 1256 qui
1288 1222 1388 1249 nostris
1411 1222 1564 1250 debebatur
1589 1224 1672 1251 vitiis.
1700 1225 1824 1253 Nudatos

1035 1272 1096 1298 est.
1126 1272 1154 1294 ut
1183 1272 1340 1296 nostrorum
1367 1273 1512 1303 parentum
1539 1270 1710 1303 nuditatem,
1739 1280 1820 1306 quam

1036 1313 1107 1348 passi
1127 1318 1192 1341 sunt
1207 1314 1322 1340 consilio
1335 1315 1488 1349 serpentis,
1510 1315 1598 1344 niveis
1615 1321 1720 1352 tegeret
1740 1318 1822 1345 indu-

1035 1359 1144 1386 mentis.
1163 1359 1193 1386 ln
1211 1359 1285 1395 ligno
1300 1359 1353 1387 fuit
1367 1367 1530 1396 suspensus,
1544 1366 1574 1389 ut
1586 1362 1651 1398 ligni
1668 1367 1822 1398 transgres-

1034 1403 1156 1436 sionem,
1171 1411 1220 1438 per
1233 1404 1389 1439 passionem
1411 1404 1476 1439 ligni
1493 1406 1585 1432 crucis
1609 1413 1665 1434 sua
1688 1406 1820 1434 aboleret.

1034 1447 1150 1475 Mortem
1167 1447 1199 1474 ad
1215 1456 1244 1475 se
1263 1448 1357 1476 venire
1371 1448 1492 1482 admisit,
1511 1455 1541 1477 ut
1560 1458 1653 1478 secum
1672 1451 1820 1480 luctantem

1034 1494 1183 1527 sauciaret,
1197 1499 1225 1522 et
1243 1502 1358 1530 regnum
1373 1495 1447 1531 quod
1461 1496 1567 1523 invenit
1582 1504 1631 1531 per
1643 1502 1798 1531 serpentem
1812 1518 1820 1529 ,

1034 1541 1193 1574 amitteret,
1221 1545 1250 1568 et
1274 1549 1336 1568 cum
1364 1541 1424 1576 ipso
1449 1547 1577 1577 serpente
1605 1542 1743 1575 sauciata,
1773 1551 1822 1579 per

1032 1587 1173 1614 Christum
1199 1587 1277 1614 ﬁeret
1303 1587 1421 1622 captiva.
1448 1587 1631 1621 Quamobrem
1649 1589 1740 1615 omnia
1762 1589 1820 1616 ele-

1032 1639 1126 1661 menta
1150 1642 1213 1662 cum
1238 1634 1372 1662 vidissent
1398 1642 1477 1662 suum
1500 1635 1660 1662 effectorem
1690 1636 1819 1669 sublime,

1031 1685 1124 1707 actum
1153 1682 1178 1706 in
1204 1687 1329 1711 crucem,
1351 1687 1449 1715 magno
1480 1686 1553 1708 metu
1580 1685 1816 1709 contremuerunt.

1031 1726 1098 1754 Nam
1123 1734 1156 1752 ex
1186 1734 1239 1753 una
1258 1730 1334 1760 parte
1362 1731 1434 1753 mota
1460 1731 1502 1753 est
1531 1731 1614 1757 terra,
1640 1731 1668 1754 et
1685 1735 1717 1754 ex
1733 1728 1817 1754 altera

1030 1770 1118 1798 fracta
1141 1775 1205 1798 sunt
1228 1771 1326 1805 templa
1353 1776 1380 1798 et
1403 1777 1503 1806 βου-ω.
1521 1771 1589 1805 ῑιιεὶι
1611 1771 1688 1805 dies;
1705 1773 1745 1799 sol
1766 1773 1818 1799 fuit

1030 1815 1207 1850 conterritus,
1228 1822 1255 1845 et
1281 1817 1445 1845 obscuratus
1469 1818 1534 1844 texit
1562 1819 1684 1846 tenebris
1707 1820 1818 1847 univer-

1029 1871 1089 1891 sum
1106 1863 1257 1895 mundum;
1284 1863 1349 1891 luna
1371 1871 1428 1891 suae
1448 1864 1517 1892 lucis
1542 1864 1716 1899 splendorem
1742 1866 1816 1894 nube

1029 1912 1145 1936 cruenta
1169 1908 1292 1944 operuit;
1315 1914 1388 1936 astra
1413 1909 1474 1936 cmli
1505 1909 1567 1937 luce
1593 1911 1816 1945 resplendentia,

1029 1955 1119 1983 omnia
1135 1955 1216 1982 simul
1242 1959 1306 1982 sunt
1327 1959 1440 1982 mutata.
1459 1955 1564 1983 Stridet
1578 1961 1659 1988 terra,
1686 1961 1714 1984 et
1730 1957 1814 1984 veluti

1028 2000 1140 2034 pariens
1153 2020 1159 2030 ,
1174 2000 1258 2033 coepit
1279 2001 1380 2028 multos
1396 2006 1506 2028 sanctos
1522 2001 1639 2029 reddere
1663 2009 1696 2029 ex
1723 2003 1816 2037 sepul-

1029 2045 1083 2072 cris
1099 2055 1105 2072 :
1124 2046 1171 2080 qui
1195 2045 1306 2080 quidem
1334 2048 1386 2075 boc
1410 2047 1510 2074 dabant
1527 2048 1725 2081 testimonium,
1740 2050 1814 2084 quod

1029 2090 1182 2118 Servatoris
1199 2091 1348 2119 descensus
1370 2092 1404 2119 ad
1429 2092 1531 2120 inferos
1552 2093 1676 2120 dissolvit
1700 2102 1814 2129 regnum

1022 2137 1139 2169 ,diaboli,
1155 2141 1182 2164 et
1198 2141 1323 2164 mortuus
1347 2142 1463 2165 mortem
1487 2138 1578 2166 affecit
1602 2138 1768 2174 ignominia,
1786 2147 1815 2169 et

1028 2191 1185 2218 percussam
1201 2183 1305 2216 vinxit,
1332 2187 1360 2211 et
1382 2183 1500 2218 subjecit
1527 2183 1643 2220 pedibus
1668 2192 1811 2213 servorum

190 2236 245 2256 non
264 2229 422 2257 madefactis
440 2229 567 2265 pedibus.
590 2230 744 2265 lmperabat
767 2223 867 2264 ventis,
880 2231 974 2269 reasti-
994 2225 1014 2252 Ῑ)
1027 2237 1151 2257 suorum.
1169 2229 1246 2257 illinc
1264 2229 1368 2257 clarum
1387 2234 1439 2262 est,
1461 2230 1532 2266 quod
1550 2238 1601 2265 pro
1619 2231 1730 2259 nomine
1753 2232 1813 2267 ejus

190 2275 270 2310 gabat
285 2274 400 2308 ﬂuctus,
415 2279 443 2302 et
464 2283 526 2311 quae
539 2275 732 2304 excitabantur
757 2281 933 2312 tempestates
948 2282 976 2305 et

192 2320 325 2348 tumultus
357 2320 482 2348 scdabat.
505 2320 591 2348 Cascis
607 2321 696 2349 visutn
714 2321 868 2355 reddebat,
885 2323 976 2350 aridas

191 2373 288 2393 manus
302 2366 435 2394 reddebat
454 2373 546 2399 sanas,
569 2367 675 2394 claudis
695 2367 869 2402 ingressum,
892 2369 974 2396 mutis

191 2420 285 2440 vocem
309 2413 461 2445 reddebat,
482 2417 510 2440 et
534 2413 625 2441 surdis
650 2413 786 2441 auditum.
808 2414 973 2449 Paralyticos

191 2458 273 2485 verbo
287 2458 412 2490 curabat,
426 2459 551 2493 leprosos
571 2459 646 2486 dicto
665 2459 832 2492 mundabat,
857 2460 973 2487 infirmis

191 2503 362 2537 medebatur,
379 2504 514 2532 Iunaticos
531 2505 708 2537 restituebat,
728 2510 757 2532 et
771 2505 909 2533 daemones
931 2506 974 2532 fu-

189 2550 280 2585 gabat.
299 2549 351 2577 Sed
369 2557 430 2577 cum
447 2555 537 2578 mente
556 2547 628 2586 capti
650 2557 678 2579 et
697 2551 773 2586 impii
791 2551 921 2579 Pharisaei
944 2557 972 2579 et

190 2596 335 2624 Pontifices
359 2597 385 2624 ei
412 2597 584 2630 invidissem,
603 2604 748 2633 propterea
764 2600 837 2634 quod
866 2600 970 2635 populi,

189 2643 230 2670 eis
250 2643 364 2675 relictis,
380 2643 440 2677 ejus
461 2643 646 2679 sequebantur
660 2645 774 2680 vestigia
787 2665 795 2677 ,
817 2650 974 2674 sternentes

190 2694 280 2717 vestes
295 2696 359 2716 suas
373 2692 436 2715 ante
448 2688 532 2723 pedes
547 2689 617 2724 ejus,
643 2695 671 2717 et
696 2690 845 2718 clamantes
859 2699 867 2718 :
884 2691 972 2720 Bene-

188 2736 278 2763 dictus
293 2735 340 2770 qui
361 2735 437 2762 venit
452 2735 479 2762 in
494 2737 603 2762 nomine
618 2735 726 2763 Domini
740 2737 750 2752 ⁸
764 2746 771 2764 z
787 2737 814 2765 in
840 2746 904 2766 eum
931 2739 972 2766 ira

189 2781 286 2816 perciti
300 2781 439 2813 Pharisaei,
458 2781 568 2808 cuidam
580 2780 667 2809 Pilato
681 2782 790 2817 prasidi
807 2791 869 2811 eum
886 2785 972 2812 tradi.

225 2873 235 2887 '
257 2870 351 2897 Matth.
371 2879 407 2901 Iv,
427 2870 469 2897 I7.
510 2871 520 2885 ⁵
540 2871 636 2900 Matth.
659 2880 713 2902 ut.
730 2871 756 2900 9.

350 2919 485 2946 l’nnOL.
510 2918 566 2948 (in.
591 2917 692 2949 CXVI.

1029 2277 1117 2311 puniti
1130 2276 1280 2312 gaudemus
1302 2281 1330 2304 et
1349 2277 1499 2313 gloriamur
1513 2277 1540 2304 in
1561 2277 1812 2312 persecutionibus,

1028 2322 1101 2357 quod
1117 2323 1187 2350 hanc
1200 2327 1322 2350 nostram
1336 2323 1431 2356 vitam,
1457 2331 1518 2358 quae
1533 2323 1567 2351 ad
1596 2329 1704 2359 tempus
1733 2329 1761 2352 et
1785 2326 1812 2352 in

1027 2375 1109 2402 quam
1136 2369 1210 2396 cadit
1239 2369 1379 2401 interitus.
1409 2372 1511 2396 aeterna
1537 2374 1564 2396 et
1586 2377 1646 2404 qua:
1671 2378 1811 2405 nunquam

1027 2413 1131 2441 desinit
1147 2414 1202 2441 vita
1225 2414 1327 2449 exeipit
1344 2422 1352 2441 τ
1368 2422 1449 2450 quam
1467 2415 1515 2442 Dei
1540 2415 1634 2447 Filius,
1663 2423 1724 2442 cum
1749 2424 1811 2442 sur-

1026 2460 1143 2487 rexisset
1158 2467 1172 2486 a
1190 2460 1320 2493 mortuis,
1337 2461 1394 2488 suis
1410 2461 1533 2489 ostendit
1547 2462 1678 2497 apostolis
1689 2481 1696 2495 ,
1711 2462 1812 2496 quibus

1026 2506 1234 2541 aspicientibus,
1251 2513 1407 2543 assumptus
1418 2507 1470 2535 fuit
1485 2508 1512 2535 in
1528 2508 1623 2536 caelos.

1061 2551 1130 2580 Xlll.
1153 2552 1210 2580 Hoc
1228 2562 1293 2588 ergo
1319 2553 1341 2581 si
1361 2555 1387 2581 in
1403 2555 1486 2581 trium
1512 2558 1648 2581 conventu
1677 2554 1811 2581 ostendis-

1026 2604 1085 2631 set,
1113 2599 1324 2635 intelligentium
1344 2600 1524 2636 cogitationes
1547 2608 1602 2627 non
1627 2603 1738 2635 possent
1761 2599 1812 2627 du-

1025 2645 1124 2672 bitare.
1152 2645 1260 2678 Quanto
1286 2650 1378 2674 autem
1407 2646 1510 2682 magis,
1539 2645 1613 2681 quod
1641 2653 1695 2672 non
1719 2645 1808 2673 solum

1025 2691 1169 2718 duodecim
1199 2692 1360 2726 discipulis,
1386 2693 1434 2720 sed
1462 2692 1524 2726 plus
1552 2699 1634 2727 quam
1659 2691 1811 2726 quingintis

1025 2737 1107 2764 simul
1122 2737 1241 2772 seipsum
1258 2738 1388 2772 dignatus
1408 2741 1450 2764 est
1476 2738 1641 2768 ostendere,
1661 2745 1695 2764 ne
1725 2738 1811 2764 vcsti-

1023 2785 1096 2818 ginm
1122 2783 1235 2819 quidem
1257 2784 1417 2819 relinquens
1441 2784 1523 2812 ullius
1539 2784 1744 2812 dubitationis?
1767 2783 1809 2811 Illi
