  <div class='ocr_page' id='page_1' title='image "/cluster/home/n/w/nwhite01/storage/ocr_20150623/116/njp.32101077772984/149.png"; bbox 0 0 2077 3148; ppageno 0'>
   <div class='ocr_carea' id='block_1_1' title="bbox 16 40 46 57">
    <p class='ocr_par' dir='ltr' id='par_1_1' title="bbox 16 40 46 57">
     <span class='ocr_line' id='line_1_1' title="bbox 16 40 46 57; baseline -0.033 0"><span class='ocrx_word' id='word_1_1' title='bbox 16 40 46 57; x_wconf 65' lang='lat' dir='ltr'><strong>ur</strong></span> 
     </span>
    </p>
   </div>
   <div class='ocr_carea' id='block_1_2' title="bbox 18 221 48 234">
    <p class='ocr_par' dir='ltr' id='par_1_2' title="bbox 18 221 48 234">
     <span class='ocr_line' id='line_1_2' title="bbox 18 221 48 234; baseline 0 -3"><span class='ocrx_word' id='word_1_2' title='bbox 18 221 48 234; x_wconf 69' lang='grc' dir='ltr'><strong>..ι</strong></span> 
     </span>
    </p>
   </div>
   <div class='ocr_carea' id='block_1_3' title="bbox 13 250 50 283">
    <p class='ocr_par' dir='ltr' id='par_1_3' title="bbox 13 250 50 283">
     <span class='ocr_line' id='line_1_3' title="bbox 13 250 50 283; baseline 0.054 -2"><span class='ocrx_word' id='word_1_3' title='bbox 13 250 50 283; x_wconf 58' lang='grc' dir='ltr'><strong>Ξῖ</strong></span> 
     </span>
    </p>
   </div>
   <div class='ocr_carea' id='block_1_4' title="bbox 41 397 71 983">
    <p class='ocr_par' dir='ltr' id='par_1_4' title="bbox 41 397 71 695">
     <span class='ocr_line' id='line_1_4' title="bbox 41 397 71 435; baseline 0 0"><span class='ocrx_word' id='word_1_4' title='bbox 41 397 71 435; x_wconf 58' lang='lat'><strong>3.</strong></span> 
     </span>
     <span class='ocr_line' id='line_1_5' title="bbox 61 446 68 520; baseline 0 0"><span class='ocrx_word' id='word_1_5' title='bbox 61 446 68 520; x_wconf 70' lang='grc' dir='ltr'>ξ</span> 
     </span>
     <span class='ocr_line' id='line_1_6' title="bbox 61 537 66 600; baseline 0 0"><span class='ocrx_word' id='word_1_6' title='bbox 61 537 66 600; x_wconf 70' lang='grc' dir='ltr'><strong><em>ἲ</em></strong></span> 
     </span>
     <span class='ocr_line' id='line_1_7' title="bbox 60 657 66 695; baseline 0 0"><span class='ocrx_word' id='word_1_7' title='bbox 60 657 66 695; x_wconf 66' lang='grc' dir='ltr'><strong><em>ι</em></strong></span> 
     </span>
    </p>

    <p class='ocr_par' dir='ltr' id='par_1_5' title="bbox 41 742 69 943">
     <span class='ocr_line' id='line_1_8' title="bbox 41 742 69 943; baseline 0 -160"><span class='ocrx_word' id='word_1_8' title='bbox 41 742 69 943; x_wconf 45' lang='grc' dir='ltr'>ἒ</span> 
     </span>
    </p>
   </div>
   <div class='ocr_carea' id='block_1_5' title="bbox 11 1564 37 1889">
    <p class='ocr_par' dir='ltr' id='par_1_6' title="bbox 11 1585 37 1681">
     <span class='ocr_line' id='line_1_9' title="bbox 16 1585 37 1609; baseline -0.048 0"><span class='ocrx_word' id='word_1_9' title='bbox 16 1585 37 1609; x_wconf 72' lang='grc' dir='ltr'><strong><em>ἶ,</em></strong></span> 
     </span>
     <span class='ocr_line' id='line_1_10' title="bbox 11 1613 27 1629; baseline -0.063 0"><span class='ocrx_word' id='word_1_10' title='bbox 11 1613 27 1629; x_wconf 68' lang='grc'><strong>,1</strong></span> 
     </span>
     <span class='ocr_line' id='line_1_11' title="bbox 13 1667 29 1681; baseline -0.063 0"><span class='ocrx_word' id='word_1_11' title='bbox 13 1667 29 1681; x_wconf 61' lang='grc' dir='ltr'><strong>,τ</strong></span> 
     </span>
    </p>
   </div>
   <div class='ocr_carea' id='block_1_6' title="bbox 36 1423 80 1999">
    <p class='ocr_par' dir='ltr' id='par_1_7' title="bbox 36 1497 80 1764">
     <span class='ocr_line' id='line_1_12' title="bbox 51 1497 69 1507; baseline -0.056 0"><span class='ocrx_word' id='word_1_12' title='bbox 51 1497 59 1507; x_wconf 67' lang='grc' dir='ltr'>ν</span> <span class='ocrx_word' id='word_1_13' title='bbox 67 1502 69 1506; x_wconf 65' lang='grc' dir='ltr'><em>γ</em></span> 
     </span>
     <span class='ocr_line' id='line_1_13' title="bbox 36 1556 80 1708; baseline 0 0"><span class='ocrx_word' id='word_1_14' title='bbox 36 1556 80 1708; x_wconf 61' lang='grc' dir='ltr'>ἰ</span> 
     </span>
     <span class='ocr_line' id='line_1_14' title="bbox 54 1714 78 1751; baseline 0 0"><span class='ocrx_word' id='word_1_15' title='bbox 54 1714 78 1751; x_wconf 63' lang='grc' dir='ltr'><strong>-ξ</strong></span> 
     </span>
     <span class='ocr_line' id='line_1_15' title="bbox 66 1753 78 1764; baseline 0.083 -1"><span class='ocrx_word' id='word_1_16' title='bbox 66 1753 78 1764; x_wconf 50' lang='grc' dir='ltr'><strong>κί’</strong></span> 
     </span>
    </p>

    <p class='ocr_par' dir='ltr' id='par_1_8' title="bbox 61 1774 78 1821">
     <span class='ocr_line' id='line_1_16' title="bbox 61 1774 78 1821; baseline 0 0"><span class='ocrx_word' id='word_1_17' title='bbox 61 1774 78 1821; x_wconf 72' lang='lat' dir='ltr'><strong>‘i</strong></span> 
     </span>
    </p>

    <p class='ocr_par' dir='ltr' id='par_1_9' title="bbox 71 1822 78 1852">
     <span class='ocr_line' id='line_1_17' title="bbox 71 1822 78 1852; baseline 0 0"><span class='ocrx_word' id='word_1_18' title='bbox 71 1822 78 1852; x_wconf 54' lang='grc' dir='ltr'><strong>ἦ</strong></span> 
     </span>
    </p>

    <p class='ocr_par' dir='ltr' id='par_1_10' title="bbox 63 1878 80 1891">
     <span class='ocr_line' id='line_1_18' title="bbox 63 1878 80 1891; baseline 0 0"><span class='ocrx_word' id='word_1_19' title='bbox 63 1878 80 1891; x_wconf 76' lang='grc' dir='ltr'>ιι</span> 
     </span>
    </p>

    <p class='ocr_par' dir='ltr' id='par_1_11' title="bbox 73 1907 79 1943">
     <span class='ocr_line' id='line_1_19' title="bbox 73 1907 79 1943; baseline 0 0"><span class='ocrx_word' id='word_1_20' title='bbox 73 1907 79 1943; x_wconf 79' lang='lat' dir='ltr'><strong>i</strong></span> 
     </span>
    </p>

    <p class='ocr_par' dir='ltr' id='par_1_12' title="bbox 76 1989 80 1999">
     <span class='ocr_line' id='line_1_20' title="bbox 76 1989 80 1999; baseline 0 0"><span class='ocrx_word' id='word_1_21' title='bbox 76 1989 80 1999; x_wconf 82' lang='grc' dir='ltr'><strong>Ι</strong></span> 
     </span>
    </p>
   </div>
   <div class='ocr_carea' id='block_1_7' title="bbox 42 2205 86 2450">
    <p class='ocr_par' dir='ltr' id='par_1_13' title="bbox 42 2226 85 2411">
     <span class='ocr_line' id='line_1_21' title="bbox 75 2226 84 2250; baseline 0 0"><span class='ocrx_word' id='word_1_22' title='bbox 75 2226 84 2250; x_wconf 86' lang='lat' dir='ltr'><strong>l</strong></span> 
     </span>
     <span class='ocr_line' id='line_1_22' title="bbox 42 2273 85 2298; baseline 0 0"><span class='ocrx_word' id='word_1_23' title='bbox 42 2273 85 2298; x_wconf 64' lang='lat'><strong>-~9</strong></span> 
     </span>
     <span class='ocr_line' id='line_1_23' title="bbox 78 2369 82 2411; baseline 0 0"><span class='ocrx_word' id='word_1_24' title='bbox 78 2369 82 2411; x_wconf 68' lang='grc' dir='ltr'>ἐ</span> 
     </span>
    </p>
   </div>
   <div class='ocr_carea' id='block_1_8' title="bbox 333 120 1127 160">
    <p class='ocr_par' dir='ltr' id='par_1_14' title="bbox 333 123 1127 160">
     <span class='ocr_line' id='line_1_24' title="bbox 333 123 1127 160; baseline -0.01 0"><span class='ocrx_word' id='word_1_25' title='bbox 333 129 380 160; x_wconf 76' lang='grc' dir='ltr'><strong>ΠΙ</strong></span> <span class='ocrx_word' id='word_1_26' title='bbox 952 125 1095 154; x_wconf 72' lang='lat' dir='ltr'><strong>MENSIS</strong></span> <span class='ocrx_word' id='word_1_27' title='bbox 1111 123 1127 152; x_wconf 64' lang='grc' dir='ltr'>δ</span> 
     </span>
    </p>
   </div>
   <div class='ocr_carea' id='block_1_9' title="bbox 1177 120 1957 160">
    <p class='ocr_par' dir='ltr' id='par_1_15' title="bbox 1177 120 1957 153">
     <span class='ocr_line' id='line_1_25' title="bbox 1177 120 1957 153; baseline -0.001 -1"><span class='ocrx_word' id='word_1_28' title='bbox 1177 123 1238 152; x_wconf 80' lang='lat' dir='ltr'><strong>&#39;E.\l</strong></span> <span class='ocrx_word' id='word_1_29' title='bbox 1249 123 1331 153; x_wconf 79' lang='lat' dir='ltr'><strong>BER,</strong></span> <span class='ocrx_word' id='word_1_30' title='bbox 1905 120 1957 153; x_wconf 74' lang='grc' dir='ltr'><strong>ΓΞ</strong></span> 
     </span>
    </p>
   </div>
   <div class='ocr_carea' id='block_1_10' title="bbox 327 175 1957 218">
    <p class='ocr_par' dir='ltr' id='par_1_16' title="bbox 327 175 1957 218">
     <span class='ocr_line' id='line_1_26' title="bbox 327 175 1957 218; baseline -0.005 -8"><span class='ocrx_word' id='word_1_31' title='bbox 327 189 429 216; x_wconf 74' lang='lat' dir='ltr'><strong>autem,</strong></span> <span class='ocrx_word' id='word_1_32' title='bbox 443 183 489 218; x_wconf 89' lang='lat' dir='ltr'><strong>qui</strong></span> <span class='ocrx_word' id='word_1_33' title='bbox 509 182 535 208; x_wconf 85' lang='lat' dir='ltr'><strong>in</strong></span> <span class='ocrx_word' id='word_1_34' title='bbox 547 182 589 208; x_wconf 97' lang='lat' dir='ltr'><strong>his</strong></span> <span class='ocrx_word' id='word_1_35' title='bbox 606 180 688 208; x_wconf 91' lang='lat' dir='ltr'><strong>rebus</strong></span> <span class='ocrx_word' id='word_1_36' title='bbox 704 185 785 208; x_wconf 88' lang='lat' dir='ltr'><strong>erant</strong></span> <span class='ocrx_word' id='word_1_37' title='bbox 799 180 909 212; x_wconf 86' lang='lat' dir='ltr'><strong>initiati,</strong></span> <span class='ocrx_word' id='word_1_38' title='bbox 923 179 989 207; x_wconf 88' lang='lat' dir='ltr'><strong>etin</strong></span> <span class='ocrx_word' id='word_1_39' title='bbox 1005 185 1114 206; x_wconf 86' lang='lat' dir='ltr'><strong>omnem</strong></span> <span class='ocrx_word' id='word_1_40' title='bbox 1131 181 1153 208; x_wconf 80' lang='grc' dir='ltr'><strong>Α</strong></span> <span class='ocrx_word' id='word_1_41' title='bbox 1167 185 1232 212; x_wconf 77' lang='lat' dir='ltr'><strong>ergo</strong></span> <span class='ocrx_word' id='word_1_42' title='bbox 1257 178 1283 204; x_wconf 91' lang='lat' dir='ltr'><strong>in</strong></span> <span class='ocrx_word' id='word_1_43' title='bbox 1315 177 1355 205; x_wconf 85' lang='lat' dir='ltr'><strong>eis</strong></span> <span class='ocrx_word' id='word_1_44' title='bbox 1381 181 1560 205; x_wconf 83' lang='lat' dir='ltr'><strong>versarentur</strong></span> <span class='ocrx_word' id='word_1_45' title='bbox 1571 198 1577 209; x_wconf 96' lang='lat'><strong>,</strong></span> <span class='ocrx_word' id='word_1_46' title='bbox 1595 176 1734 212; x_wconf 81' lang='lat' dir='ltr'><strong>quomodo</strong></span> <span class='ocrx_word' id='word_1_47' title='bbox 1763 175 1853 203; x_wconf 84' lang='lat' dir='ltr'><strong>solent</strong></span> <span class='ocrx_word' id='word_1_48' title='bbox 1891 175 1957 202; x_wconf 88' lang='lat' dir='ltr'><strong>boni</strong></span> 
     </span>
    </p>
   </div>
   <div class='ocr_carea' id='block_1_11' title="bbox 329 224 1115 263">
    <p class='ocr_par' dir='ltr' id='par_1_17' title="bbox 329 224 1115 263">
     <span class='ocr_line' id='line_1_27' title="bbox 329 224 1115 263; baseline -0.006 -6"><span class='ocrx_word' id='word_1_49' title='bbox 329 229 460 258; x_wconf 87' lang='lat' dir='ltr'><strong>mundum</strong></span> <span class='ocrx_word' id='word_1_50' title='bbox 477 229 553 256; x_wconf 82' lang='lat' dir='ltr'><strong>missi</strong></span> <span class='ocrx_word' id='word_1_51' title='bbox 568 227 602 255; x_wconf 86' lang='lat' dir='ltr'><strong>ad</strong></span> <span class='ocrx_word' id='word_1_52' title='bbox 622 227 842 263; x_wconf 77' lang='lat' dir='ltr'><strong>prtcdieantlum,</strong></span> <span class='ocrx_word' id='word_1_53' title='bbox 856 226 943 261; x_wconf 86' lang='lat' dir='ltr'><strong>signis</strong></span> <span class='ocrx_word' id='word_1_54' title='bbox 957 231 986 253; x_wconf 91' lang='lat' dir='ltr'><strong>et</strong></span> <span class='ocrx_word' id='word_1_55' title='bbox 1010 224 1115 260; x_wconf 78' lang='lat' dir='ltr'><strong>magnis</strong></span> 
     </span>
    </p>
   </div>
   <div class='ocr_carea' id='block_1_12' title="bbox 327 270 1115 311">
    <p class='ocr_par' dir='ltr' id='par_1_18' title="bbox 327 270 1115 311">
     <span class='ocr_line' id='line_1_28' title="bbox 327 270 1115 311; baseline -0.008 -8"><span class='ocrx_word' id='word_1_56' title='bbox 327 275 457 311; x_wconf 87' lang='lat' dir='ltr'><strong>prodigiis</strong></span> <span class='ocrx_word' id='word_1_57' title='bbox 471 274 673 302; x_wconf 84' lang='lat' dir='ltr'><strong>confirmabant</strong></span> <span class='ocrx_word' id='word_1_58' title='bbox 694 281 772 301; x_wconf 90' lang='lat' dir='ltr'><strong>snam</strong></span> <span class='ocrx_word' id='word_1_59' title='bbox 795 271 1029 308; x_wconf 59' lang='lat' dir='ltr'><strong>pradicationctn.</strong></span> <span class='ocrx_word' id='word_1_60' title='bbox 1048 270 1115 297; x_wconf 75' lang='lat' dir='ltr'><strong>Nam</strong></span> 
     </span>
    </p>
   </div>
   <div class='ocr_carea' id='block_1_13' title="bbox 325 317 1116 353">
    <p class='ocr_par' dir='ltr' id='par_1_19' title="bbox 325 317 1116 353">
     <span class='ocr_line' id='line_1_29' title="bbox 325 317 1116 353; baseline -0.009 -3"><span class='ocrx_word' id='word_1_61' title='bbox 325 327 353 350; x_wconf 86' lang='lat' dir='ltr'><strong>et</strong></span> <span class='ocrx_word' id='word_1_62' title='bbox 380 329 480 349; x_wconf 87' lang='lat' dir='ltr'><strong>omnes</strong></span> <span class='ocrx_word' id='word_1_63' title='bbox 504 320 681 348; x_wconf 82' lang='lat' dir='ltr'><strong>infirmitates</strong></span> <span class='ocrx_word' id='word_1_64' title='bbox 705 323 838 347; x_wconf 92' lang='lat' dir='ltr'><strong>curarunt</strong></span> <span class='ocrx_word' id='word_1_65' title='bbox 866 318 893 344; x_wconf 91' lang='lat' dir='ltr'><strong>in</strong></span> <span class='ocrx_word' id='word_1_66' title='bbox 913 318 972 353; x_wconf 77' lang='lat' dir='ltr'><strong>ejus</strong></span> <span class='ocrx_word' id='word_1_67' title='bbox 994 317 1116 348; x_wconf 92' lang='lat' dir='ltr'><strong>nomine,</strong></span> 
     </span>
    </p>
   </div>
   <div class='ocr_carea' id='block_1_14' title="bbox 314 364 1116 404">
    <p class='ocr_par' dir='ltr' id='par_1_20' title="bbox 314 364 1116 404">
     <span class='ocr_line' id='line_1_30' title="bbox 314 364 1116 404; baseline -0.006 -9"><span class='ocrx_word' id='word_1_68' title='bbox 314 369 460 404; x_wconf 36' lang='lat' dir='ltr'><strong>,fugarunt</strong></span> <span class='ocrx_word' id='word_1_69' title='bbox 473 367 625 398; x_wconf 62' lang='lat' dir='ltr'><strong>daemones,</strong></span> <span class='ocrx_word' id='word_1_70' title='bbox 641 371 669 394; x_wconf 88' lang='lat' dir='ltr'><strong>et</strong></span> <span class='ocrx_word' id='word_1_71' title='bbox 690 367 774 393; x_wconf 80' lang='lat' dir='ltr'><strong>vitam</strong></span> <span class='ocrx_word' id='word_1_72' title='bbox 794 364 975 392; x_wconf 85' lang='lat' dir='ltr'><strong>reddiderunt</strong></span> <span class='ocrx_word' id='word_1_73' title='bbox 990 364 1116 392; x_wconf 77' lang='lat' dir='ltr'><strong>mortuis.</strong></span> 
     </span>
    </p>
   </div>
   <div class='ocr_carea' id='block_1_15' title="bbox 327 409 1118 445">
    <p class='ocr_par' dir='ltr' id='par_1_21' title="bbox 327 409 1118 445">
     <span class='ocr_line' id='line_1_31' title="bbox 327 409 1118 445; baseline -0.006 -4"><span class='ocrx_word' id='word_1_74' title='bbox 327 414 438 441; x_wconf 76' lang='lat' dir='ltr'><strong>Nullam</strong></span> <span class='ocrx_word' id='word_1_75' title='bbox 456 413 506 440; x_wconf 93' lang='lat' dir='ltr'><strong>tibi</strong></span> <span class='ocrx_word' id='word_1_76' title='bbox 519 413 637 440; x_wconf 74' lang='lat' dir='ltr'><strong>arbitror</strong></span> <span class='ocrx_word' id='word_1_77' title='bbox 652 419 793 439; x_wconf 81' lang='lat' dir='ltr'><strong>remanere</strong></span> <span class='ocrx_word' id='word_1_78' title='bbox 811 411 1003 445; x_wconf 64' lang='lat' dir='ltr'><strong>quaestionem,</strong></span> <span class='ocrx_word' id='word_1_79' title='bbox 1019 409 1072 437; x_wconf 86' lang='lat' dir='ltr'><strong>nisi</strong></span> <span class='ocrx_word' id='word_1_80' title='bbox 1087 414 1118 436; x_wconf 93' lang='lat' dir='ltr'><strong>ut</strong></span> 
     </span>
    </p>
   </div>
   <div class='ocr_carea' id='block_1_16' title="bbox 329 456 1118 493">
    <p class='ocr_par' dir='ltr' id='par_1_22' title="bbox 329 456 1118 493">
     <span class='ocr_line' id='line_1_32' title="bbox 329 456 1118 493; baseline -0.006 -6"><span class='ocrx_word' id='word_1_81' title='bbox 329 461 402 488; x_wconf 87' lang='lat' dir='ltr'><strong>hanc</strong></span> <span class='ocrx_word' id='word_1_82' title='bbox 418 459 505 486; x_wconf 85' lang='lat' dir='ltr'><strong>vitam</strong></span> <span class='ocrx_word' id='word_1_83' title='bbox 518 458 610 486; x_wconf 89' lang='lat' dir='ltr'><strong>animo</strong></span> <span class='ocrx_word' id='word_1_84' title='bbox 631 463 658 486; x_wconf 92' lang='lat' dir='ltr'><strong>et</strong></span> <span class='ocrx_word' id='word_1_85' title='bbox 682 465 797 493; x_wconf 89' lang='lat' dir='ltr'><strong>corpore</strong></span> <span class='ocrx_word' id='word_1_86' title='bbox 813 457 967 492; x_wconf 82' lang='lat' dir='ltr'><strong>despicias,</strong></span> <span class='ocrx_word' id='word_1_87' title='bbox 993 462 1020 484; x_wconf 89' lang='lat' dir='ltr'><strong>et</strong></span> <span class='ocrx_word' id='word_1_88' title='bbox 1044 456 1118 483; x_wconf 80' lang='lat' dir='ltr'><strong>illam</strong></span> 
     </span>
    </p>
   </div>
   <div class='ocr_carea' id='block_1_17' title="bbox 330 502 1118 539">
    <p class='ocr_par' dir='ltr' id='par_1_23' title="bbox 330 502 1118 539">
     <span class='ocr_line' id='line_1_33' title="bbox 330 502 1118 539; baseline -0.008 -5"><span class='ocrx_word' id='word_1_89' title='bbox 330 507 512 534; x_wconf 72' lang='lat' dir='ltr'><strong>vehementer</strong></span> <span class='ocrx_word' id='word_1_90' title='bbox 524 509 552 533; x_wconf 92' lang='lat' dir='ltr'><strong>et</strong></span> <span class='ocrx_word' id='word_1_91' title='bbox 564 510 721 532; x_wconf 90' lang='lat' dir='ltr'><strong>constanter</strong></span> <span class='ocrx_word' id='word_1_92' title='bbox 738 504 871 539; x_wconf 83' lang='lat' dir='ltr'><strong>inquiras.</strong></span> <span class='ocrx_word' id='word_1_93' title='bbox 889 503 955 530; x_wconf 73' lang='lat' dir='ltr'><strong>Nam</strong></span> <span class='ocrx_word' id='word_1_94' title='bbox 969 503 1013 537; x_wconf 90' lang='lat' dir='ltr'><strong>qui</strong></span> <span class='ocrx_word' id='word_1_95' title='bbox 1030 502 1118 529; x_wconf 80' lang='lat' dir='ltr'><strong>credit</strong></span> 
     </span>
    </p>
   </div>
   <div class='ocr_carea' id='block_1_18' title="bbox 331 548 1120 586">
    <p class='ocr_par' dir='ltr' id='par_1_24' title="bbox 331 548 1120 586">
     <span class='ocr_line' id='line_1_34' title="bbox 331 548 1120 586; baseline -0.006 -6"><span class='ocrx_word' id='word_1_96' title='bbox 331 554 360 580; x_wconf 90' lang='lat' dir='ltr'><strong>in</strong></span> <span class='ocrx_word' id='word_1_97' title='bbox 377 553 425 580; x_wconf 90' lang='lat' dir='ltr'><strong>Dei</strong></span> <span class='ocrx_word' id='word_1_98' title='bbox 442 552 552 584; x_wconf 85' lang='lat' dir='ltr'><strong>Filium,</strong></span> <span class='ocrx_word' id='word_1_99' title='bbox 567 556 593 579; x_wconf 89' lang='lat' dir='ltr'><strong>et</strong></span> <span class='ocrx_word' id='word_1_100' title='bbox 615 551 675 586; x_wconf 85' lang='lat' dir='ltr'><strong>ejus</strong></span> <span class='ocrx_word' id='word_1_101' title='bbox 691 551 813 578; x_wconf 73' lang='lat' dir='ltr'><strong>adhtcret</strong></span> <span class='ocrx_word' id='word_1_102' title='bbox 830 549 973 585; x_wconf 61' lang='lat' dir='ltr'><strong>praeceptis</strong></span> <span class='ocrx_word' id='word_1_103' title='bbox 986 570 992 581; x_wconf 89' lang='lat'><strong>,</strong></span> <span class='ocrx_word' id='word_1_104' title='bbox 1009 548 1120 583; x_wconf 80' lang='lat' dir='ltr'><strong>quando</strong></span> 
     </span>
    </p>
   </div>
   <div class='ocr_carea' id='block_1_19' title="bbox 332 595 1121 633">
    <p class='ocr_par' dir='ltr' id='par_1_25' title="bbox 332 595 1121 633">
     <span class='ocr_line' id='line_1_35' title="bbox 332 595 1121 633; baseline -0.008 -6"><span class='ocrx_word' id='word_1_105' title='bbox 332 600 476 631; x_wconf 88' lang='lat' dir='ltr'><strong>morietur,</strong></span> <span class='ocrx_word' id='word_1_106' title='bbox 490 598 549 633; x_wconf 84' lang='lat' dir='ltr'><strong>ejus</strong></span> <span class='ocrx_word' id='word_1_107' title='bbox 565 604 665 632; x_wconf 89' lang='lat' dir='ltr'><strong>corpus</strong></span> <span class='ocrx_word' id='word_1_108' title='bbox 687 605 702 624; x_wconf 86' lang='lat' dir='ltr'><strong>a</strong></span> <span class='ocrx_word' id='word_1_109' title='bbox 720 601 808 624; x_wconf 87' lang='lat' dir='ltr'><strong>morte</strong></span> <span class='ocrx_word' id='word_1_110' title='bbox 830 596 904 623; x_wconf 90' lang='lat' dir='ltr'><strong>nulla</strong></span> <span class='ocrx_word' id='word_1_111' title='bbox 920 596 1055 622; x_wconf 83' lang='lat' dir='ltr'><strong>allicietur</strong></span> <span class='ocrx_word' id='word_1_112' title='bbox 1080 595 1121 622; x_wconf 87' lang='lat' dir='ltr'><strong>itt-</strong></span> 
     </span>
    </p>
   </div>
   <div class='ocr_carea' id='block_1_20' title="bbox 329 642 1121 681">
    <p class='ocr_par' dir='ltr' id='par_1_26' title="bbox 329 642 1121 681">
     <span class='ocr_line' id='line_1_36' title="bbox 329 642 1121 681; baseline -0.008 -8"><span class='ocrx_word' id='word_1_113' title='bbox 329 645 414 681; x_wconf 81' lang='lat' dir='ltr'><strong>juria,</strong></span> <span class='ocrx_word' id='word_1_114' title='bbox 432 644 480 672; x_wconf 86' lang='lat' dir='ltr'><strong>sed</strong></span> <span class='ocrx_word' id='word_1_115' title='bbox 494 652 509 671; x_wconf 93' lang='lat' dir='ltr'><strong>a</strong></span> <span class='ocrx_word' id='word_1_116' title='bbox 526 643 630 671; x_wconf 71' lang='lat' dir='ltr'><strong>sanctis</strong></span> <span class='ocrx_word' id='word_1_117' title='bbox 643 643 747 678; x_wconf 78' lang='lat' dir='ltr'><strong>angelis</strong></span> <span class='ocrx_word' id='word_1_118' title='bbox 764 643 791 670; x_wconf 89' lang='lat' dir='ltr'><strong>itt</strong></span> <span class='ocrx_word' id='word_1_119' title='bbox 812 642 886 669; x_wconf 88' lang='lat' dir='ltr'><strong>ulnis</strong></span> <span class='ocrx_word' id='word_1_120' title='bbox 906 642 1070 676; x_wconf 86' lang='lat' dir='ltr'><strong>excipietur,</strong></span> <span class='ocrx_word' id='word_1_121' title='bbox 1094 646 1121 668; x_wconf 83' lang='lat' dir='ltr'><strong>et</strong></span> 
     </span>
    </p>
   </div>
   <div class='ocr_carea' id='block_1_21' title="bbox 333 687 1121 725">
    <p class='ocr_par' dir='ltr' id='par_1_27' title="bbox 333 687 1121 725">
     <span class='ocr_line' id='line_1_37' title="bbox 333 687 1121 725; baseline -0.008 -7"><span class='ocrx_word' id='word_1_122' title='bbox 333 692 360 718; x_wconf 93' lang='lat' dir='ltr'><strong>in</strong></span> <span class='ocrx_word' id='word_1_123' title='bbox 377 691 466 718; x_wconf 88' lang='lat' dir='ltr'><strong>locum</strong></span> <span class='ocrx_word' id='word_1_124' title='bbox 482 689 602 725; x_wconf 83' lang='lat' dir='ltr'><strong>paradisi</strong></span> <span class='ocrx_word' id='word_1_125' title='bbox 616 689 778 716; x_wconf 73' lang='lat' dir='ltr'><strong>abducetur.</strong></span> <span class='ocrx_word' id='word_1_126' title='bbox 796 687 866 714; x_wconf 83' lang='lat' dir='ltr'><strong>Hinc</strong></span> <span class='ocrx_word' id='word_1_127' title='bbox 890 695 964 714; x_wconf 90' lang='lat' dir='ltr'><strong>tnors</strong></span> <span class='ocrx_word' id='word_1_128' title='bbox 983 695 1046 714; x_wconf 85' lang='lat' dir='ltr'><strong>cum</strong></span> <span class='ocrx_word' id='word_1_129' title='bbox 1062 687 1121 713; x_wconf 91' lang='lat' dir='ltr'><strong>dia-</strong></span> 
     </span>
    </p>
   </div>
   <div class='ocr_carea' id='block_1_22' title="bbox 332 732 1123 769">
    <p class='ocr_par' dir='ltr' id='par_1_28' title="bbox 332 732 1123 769">
     <span class='ocr_line' id='line_1_38' title="bbox 332 732 1123 769; baseline -0.008 -5"><span class='ocrx_word' id='word_1_130' title='bbox 332 737 395 765; x_wconf 87' lang='lat' dir='ltr'><strong>bolo</strong></span> <span class='ocrx_word' id='word_1_131' title='bbox 408 736 491 763; x_wconf 83' lang='lat' dir='ltr'><strong>ellicit</strong></span> <span class='ocrx_word' id='word_1_132' title='bbox 501 756 508 768; x_wconf 92' lang='lat'><strong>,</strong></span> <span class='ocrx_word' id='word_1_133' title='bbox 523 740 554 762; x_wconf 92' lang='lat' dir='ltr'><strong>ut</strong></span> <span class='ocrx_word' id='word_1_134' title='bbox 573 734 693 762; x_wconf 85' lang='lat' dir='ltr'><strong>diversis</strong></span> <span class='ocrx_word' id='word_1_135' title='bbox 708 734 891 769; x_wconf 80' lang='lat' dir='ltr'><strong>pravitatibus</strong></span> <span class='ocrx_word' id='word_1_136' title='bbox 905 737 1011 760; x_wconf 89' lang='lat' dir='ltr'><strong>mentes</strong></span> <span class='ocrx_word' id='word_1_137' title='bbox 1036 732 1123 758; x_wconf 89' lang='lat' dir='ltr'><strong>homi-</strong></span> 
     </span>
    </p>
   </div>
   <div class='ocr_carea' id='block_1_23' title="bbox 331 777 1123 816">
    <p class='ocr_par' dir='ltr' id='par_1_29' title="bbox 331 777 1123 816">
     <span class='ocr_line' id='line_1_39' title="bbox 331 777 1123 816; baseline -0.006 -7"><span class='ocrx_word' id='word_1_138' title='bbox 331 789 397 810; x_wconf 86' lang='lat' dir='ltr'><strong>num</strong></span> <span class='ocrx_word' id='word_1_139' title='bbox 430 781 561 816; x_wconf 77' lang='lat' dir='ltr'><strong>colliget,</strong></span> <span class='ocrx_word' id='word_1_140' title='bbox 598 780 680 808; x_wconf 92' lang='lat' dir='ltr'><strong>etin</strong></span> <span class='ocrx_word' id='word_1_141' title='bbox 716 780 802 806; x_wconf 87' lang='lat' dir='ltr'><strong>variis</strong></span> <span class='ocrx_word' id='word_1_142' title='bbox 835 787 888 805; x_wconf 92' lang='lat' dir='ltr'><strong>non</strong></span> <span class='ocrx_word' id='word_1_143' title='bbox 922 777 1123 804; x_wconf 86' lang='lat' dir='ltr'><strong>animadvetsis</strong></span> 
     </span>
    </p>
   </div>
   <div class='ocr_carea' id='block_1_24' title="bbox 331 822 1120 861">
    <p class='ocr_par' dir='ltr' id='par_1_30' title="bbox 331 822 1120 861">
     <span class='ocr_line' id='line_1_40' title="bbox 331 822 1120 861; baseline -0.009 -6"><span class='ocrx_word' id='word_1_144' title='bbox 331 827 543 855; x_wconf 75' lang='lat' dir='ltr'><strong>necessitatibus</strong></span> <span class='ocrx_word' id='word_1_145' title='bbox 573 829 691 861; x_wconf 82' lang='lat' dir='ltr'><strong>occupet</strong></span> <span class='ocrx_word' id='word_1_146' title='bbox 714 836 720 853; x_wconf 88' lang='lat'><strong>:</strong></span> <span class='ocrx_word' id='word_1_147' title='bbox 743 831 771 852; x_wconf 90' lang='lat' dir='ltr'><strong>et</strong></span> <span class='ocrx_word' id='word_1_148' title='bbox 794 832 867 852; x_wconf 91' lang='lat' dir='ltr'><strong>nunc</strong></span> <span class='ocrx_word' id='word_1_149' title='bbox 890 823 1002 859; x_wconf 81' lang='lat' dir='ltr'><strong>quidem</strong></span> <span class='ocrx_word' id='word_1_150' title='bbox 1028 822 1120 849; x_wconf 85' lang='lat' dir='ltr'><strong>damni</strong></span> 
     </span>
    </p>
   </div>
   <div class='ocr_carea' id='block_1_25' title="bbox 332 869 1122 905">
    <p class='ocr_par' dir='ltr' id='par_1_31' title="bbox 332 869 1122 905">
     <span class='ocr_line' id='line_1_41' title="bbox 332 869 1122 905; baseline -0.006 -5"><span class='ocrx_word' id='word_1_151' title='bbox 332 878 438 900; x_wconf 89' lang='lat' dir='ltr'><strong>terrore</strong></span> <span class='ocrx_word' id='word_1_152' title='bbox 455 871 562 905; x_wconf 80' lang='lat' dir='ltr'><strong>allicit,</strong></span> <span class='ocrx_word' id='word_1_153' title='bbox 580 879 653 899; x_wconf 86' lang='lat' dir='ltr'><strong>nunc</strong></span> <span class='ocrx_word' id='word_1_154' title='bbox 676 876 768 898; x_wconf 87' lang='lat' dir='ltr'><strong>autent</strong></span> <span class='ocrx_word' id='word_1_155' title='bbox 788 871 821 897; x_wconf 92' lang='lat' dir='ltr'><strong>ad</strong></span> <span class='ocrx_word' id='word_1_156' title='bbox 839 870 929 905; x_wconf 78' lang='lat' dir='ltr'><strong>gulam</strong></span> <span class='ocrx_word' id='word_1_157' title='bbox 953 869 1072 901; x_wconf 82' lang='lat' dir='ltr'><strong>excitat,</strong></span> <span class='ocrx_word' id='word_1_158' title='bbox 1089 876 1122 895; x_wconf 83' lang='lat' dir='ltr'><strong>ex</strong></span> 
     </span>
    </p>
   </div>
   <div class='ocr_carea' id='block_1_26' title="bbox 332 915 1124 947">
    <p class='ocr_par' dir='ltr' id='par_1_32' title="bbox 332 915 1124 947">
     <span class='ocr_line' id='line_1_42' title="bbox 332 915 1124 947; baseline -0.009 0"><span class='ocrx_word' id='word_1_159' title='bbox 332 919 451 947; x_wconf 79' lang='lat' dir='ltr'><strong>diversis</strong></span> <span class='ocrx_word' id='word_1_160' title='bbox 469 918 636 946; x_wconf 85' lang='lat' dir='ltr'><strong>abstrahens</strong></span> <span class='ocrx_word' id='word_1_161' title='bbox 651 917 762 947; x_wconf 77' lang='lat' dir='ltr'><strong>studiis,</strong></span> <span class='ocrx_word' id='word_1_162' title='bbox 779 917 812 944; x_wconf 87' lang='lat' dir='ltr'><strong>de</strong></span> <span class='ocrx_word' id='word_1_163' title='bbox 832 917 883 943; x_wconf 84' lang='lat' dir='ltr'><strong>hac</strong></span> <span class='ocrx_word' id='word_1_164' title='bbox 899 916 957 943; x_wconf 90' lang='lat' dir='ltr'><strong>sola</strong></span> <span class='ocrx_word' id='word_1_165' title='bbox 979 916 1035 942; x_wconf 84' lang='lat' dir='ltr'><strong>vita</strong></span> <span class='ocrx_word' id='word_1_166' title='bbox 1058 915 1124 941; x_wconf 73' lang='lat' dir='ltr'><strong>facit</strong></span> 
     </span>
    </p>
   </div>
   <div class='ocr_carea' id='block_1_27' title="bbox 333 963 1123 996">
    <p class='ocr_par' dir='ltr' id='par_1_33' title="bbox 333 963 1123 996">
     <span class='ocr_line' id='line_1_43' title="bbox 333 963 1123 996; baseline -0.008 -3"><span class='ocrx_word' id='word_1_167' title='bbox 333 967 450 993; x_wconf 83' lang='lat' dir='ltr'><strong>miseros</strong></span> <span class='ocrx_word' id='word_1_168' title='bbox 474 963 601 992; x_wconf 81' lang='lat' dir='ltr'><strong>homines</strong></span> <span class='ocrx_word' id='word_1_169' title='bbox 625 971 686 990; x_wconf 80' lang='lat' dir='ltr'><strong>esse</strong></span> <span class='ocrx_word' id='word_1_170' title='bbox 713 963 868 994; x_wconf 84' lang='lat' dir='ltr'><strong>sollicitos,</strong></span> <span class='ocrx_word' id='word_1_171' title='bbox 893 967 923 989; x_wconf 93' lang='lat' dir='ltr'><strong>ut</strong></span> <span class='ocrx_word' id='word_1_172' title='bbox 948 970 981 989; x_wconf 86' lang='lat' dir='ltr'><strong>ex</strong></span> <span class='ocrx_word' id='word_1_173' title='bbox 1006 969 1123 996; x_wconf 90' lang='lat' dir='ltr'><strong>corpore</strong></span> 
     </span>
    </p>
   </div>
   <div class='ocr_carea' id='block_1_28' title="bbox 333 1008 1123 1047">
    <p class='ocr_par' dir='ltr' id='par_1_34' title="bbox 333 1008 1123 1047">
     <span class='ocr_line' id='line_1_44' title="bbox 333 1008 1123 1047; baseline -0.005 -8"><span class='ocrx_word' id='word_1_174' title='bbox 333 1011 508 1047; x_wconf 77' lang='lat' dir='ltr'><strong>egredientes</strong></span> <span class='ocrx_word' id='word_1_175' title='bbox 536 1010 660 1038; x_wconf 87' lang='lat' dir='ltr'><strong>inveniat</strong></span> <span class='ocrx_word' id='word_1_176' title='bbox 681 1011 798 1037; x_wconf 89' lang='lat' dir='ltr'><strong>miseros</strong></span> <span class='ocrx_word' id='word_1_177' title='bbox 821 1014 849 1036; x_wconf 88' lang='lat' dir='ltr'><strong>et</strong></span> <span class='ocrx_word' id='word_1_178' title='bbox 876 1009 975 1041; x_wconf 89' lang='lat' dir='ltr'><strong>ttudos,</strong></span> <span class='ocrx_word' id='word_1_179' title='bbox 999 1014 1028 1036; x_wconf 90' lang='lat' dir='ltr'><strong>et</strong></span> <span class='ocrx_word' id='word_1_180' title='bbox 1052 1008 1123 1036; x_wconf 88' lang='lat' dir='ltr'><strong>nihil</strong></span> 
     </span>
    </p>
   </div>
   <div class='ocr_carea' id='block_1_29' title="bbox 333 1053 1125 1091">
    <p class='ocr_par' dir='ltr' id='par_1_35' title="bbox 333 1053 1125 1091">
     <span class='ocr_line' id='line_1_45' title="bbox 333 1053 1125 1091; baseline -0.004 -7"><span class='ocrx_word' id='word_1_181' title='bbox 333 1063 427 1084; x_wconf 83' lang='lat' dir='ltr'><strong>secum</strong></span> <span class='ocrx_word' id='word_1_182' title='bbox 453 1058 595 1091; x_wconf 84' lang='lat' dir='ltr'><strong>portantes</strong></span> <span class='ocrx_word' id='word_1_183' title='bbox 619 1058 719 1090; x_wconf 70' lang='lat' dir='ltr'><strong>praeter</strong></span> <span class='ocrx_word' id='word_1_184' title='bbox 738 1059 858 1089; x_wconf 86' lang='lat' dir='ltr'><strong>peccata.</strong></span> <span class='ocrx_word' id='word_1_185' title='bbox 891 1053 947 1080; x_wconf 91' lang='lat' dir='ltr'><strong>lloc</strong></span> <span class='ocrx_word' id='word_1_186' title='bbox 964 1053 1012 1080; x_wconf 85' lang='lat' dir='ltr'><strong>tibi</strong></span> <span class='ocrx_word' id='word_1_187' title='bbox 1030 1053 1125 1088; x_wconf 88' lang='lat' dir='ltr'><strong>paucis</strong></span> 
     </span>
    </p>
   </div>
   <div class='ocr_carea' id='block_1_30' title="bbox 334 1098 1123 1136">
    <p class='ocr_par' dir='ltr' id='par_1_36' title="bbox 334 1098 1123 1136">
     <span class='ocr_line' id='line_1_46' title="bbox 334 1098 1123 1136; baseline -0.004 -7"><span class='ocrx_word' id='word_1_188' title='bbox 334 1100 461 1136; x_wconf 78' lang='lat' dir='ltr'><strong>exposui,</strong></span> <span class='ocrx_word' id='word_1_189' title='bbox 479 1107 495 1127; x_wconf 92' lang='grc' dir='ltr'><strong>ο</strong></span> <span class='ocrx_word' id='word_1_190' title='bbox 512 1099 689 1127; x_wconf 85' lang='lat' dir='ltr'><strong>cltarissirne.</strong></span> <span class='ocrx_word' id='word_1_191' title='bbox 702 1099 729 1127; x_wconf 90' lang='lat' dir='ltr'><strong>Si</strong></span> <span class='ocrx_word' id='word_1_192' title='bbox 748 1099 814 1134; x_wconf 91' lang='lat' dir='ltr'><strong>quid</strong></span> <span class='ocrx_word' id='word_1_193' title='bbox 831 1104 924 1126; x_wconf 88' lang='lat' dir='ltr'><strong>autem</strong></span> <span class='ocrx_word' id='word_1_194' title='bbox 952 1098 1000 1125; x_wconf 85' lang='lat' dir='ltr'><strong>tibi</strong></span> <span class='ocrx_word' id='word_1_195' title='bbox 1027 1099 1123 1126; x_wconf 85' lang='lat' dir='ltr'><strong>deesse</strong></span> 
     </span>
    </p>
   </div>
   <div class='ocr_carea' id='block_1_31' title="bbox 334 1147 720 1180">
    <p class='ocr_par' dir='ltr' id='par_1_37' title="bbox 334 1147 720 1180">
     <span class='ocr_line' id='line_1_47' title="bbox 334 1147 720 1180; baseline -0.008 -5"><span class='ocrx_word' id='word_1_196' title='bbox 334 1147 487 1179; x_wconf 75' lang='lat' dir='ltr'><strong>existimas,</strong></span> <span class='ocrx_word' id='word_1_197' title='bbox 505 1153 602 1174; x_wconf 85' lang='lat' dir='ltr'><strong>rursus</strong></span> <span class='ocrx_word' id='word_1_198' title='bbox 616 1153 720 1180; x_wconf 79' lang='lat' dir='ltr'><strong>quaere.</strong></span> 
     </span>
    </p>
   </div>
   <div class='ocr_carea' id='block_1_32' title="bbox 370 1213 1125 1248">
    <p class='ocr_par' dir='ltr' id='par_1_38' title="bbox 370 1213 1125 1248">
     <span class='ocr_line' id='line_1_48' title="bbox 370 1213 1125 1248; baseline -0.003 -6"><span class='ocrx_word' id='word_1_199' title='bbox 370 1214 440 1242; x_wconf 72' lang='lat' dir='ltr'><strong>XIV.</strong></span> <span class='ocrx_word' id='word_1_200' title='bbox 461 1215 539 1242; x_wconf 87' lang='lat' dir='ltr'><strong>Tunc</strong></span> <span class='ocrx_word' id='word_1_201' title='bbox 558 1213 700 1241; x_wconf 90' lang='lat' dir='ltr'><strong>Tiburtius</strong></span> <span class='ocrx_word' id='word_1_202' title='bbox 717 1213 750 1240; x_wconf 91' lang='lat' dir='ltr'><strong>ad</strong></span> <span class='ocrx_word' id='word_1_203' title='bbox 766 1213 826 1248; x_wconf 86' lang='lat' dir='ltr'><strong>ejus</strong></span> <span class='ocrx_word' id='word_1_204' title='bbox 847 1213 932 1248; x_wconf 80' lang='lat' dir='ltr'><strong>pedes</strong></span> <span class='ocrx_word' id='word_1_205' title='bbox 945 1213 1125 1247; x_wconf 80' lang='lat' dir='ltr'><strong>provolutus,</strong></span> 
     </span>
    </p>
   </div>
   <div class='ocr_carea' id='block_1_33' title="bbox 335 1259 1127 1295">
    <p class='ocr_par' dir='ltr' id='par_1_39' title="bbox 335 1259 1127 1295">
     <span class='ocr_line' id='line_1_49' title="bbox 335 1259 1127 1295; baseline -0.004 -6"><span class='ocrx_word' id='word_1_206' title='bbox 335 1262 408 1289; x_wconf 84' lang='lat' dir='ltr'><strong>dixit</strong></span> <span class='ocrx_word' id='word_1_207' title='bbox 425 1269 488 1288; x_wconf 88' lang='lat' dir='ltr'><strong>cum</strong></span> <span class='ocrx_word' id='word_1_208' title='bbox 508 1260 656 1295; x_wconf 78' lang='lat' dir='ltr'><strong>gentilibus</strong></span> <span class='ocrx_word' id='word_1_209' title='bbox 670 1259 792 1294; x_wconf 78' lang='lat' dir='ltr'><strong>ﬂetuque</strong></span> <span class='ocrx_word' id='word_1_210' title='bbox 806 1264 834 1286; x_wconf 91' lang='lat' dir='ltr'><strong>et</strong></span> <span class='ocrx_word' id='word_1_211' title='bbox 850 1259 980 1294; x_wconf 79' lang='lat' dir='ltr'><strong>lacrytnis</strong></span> <span class='ocrx_word' id='word_1_212' title='bbox 997 1269 1003 1286; x_wconf 94' lang='lat'>:</span> <span class='ocrx_word' id='word_1_213' title='bbox 1024 1259 1062 1286; x_wconf 89' lang='lat' dir='ltr'><strong>De</strong></span> <span class='ocrx_word' id='word_1_214' title='bbox 1076 1259 1127 1286; x_wconf 85' lang='lat' dir='ltr'><strong>hac</strong></span> 
     </span>
    </p>
   </div>
   <div class='ocr_carea' id='block_1_34' title="bbox 330 1299 1127 1340">
    <p class='ocr_par' dir='ltr' id='par_1_40' title="bbox 330 1299 1127 1340">
     <span class='ocr_line' id='line_1_50' title="bbox 330 1299 1127 1340; baseline -0.006 -4"><span class='ocrx_word' id='word_1_215' title='bbox 330 1299 392 1336; x_wconf 19' lang='lat' dir='ltr'><strong>ivita</strong></span> <span class='ocrx_word' id='word_1_216' title='bbox 412 1308 445 1335; x_wconf 93' lang='lat' dir='ltr'><strong>de</strong></span> <span class='ocrx_word' id='word_1_217' title='bbox 464 1311 565 1334; x_wconf 66' lang='lat' dir='ltr'><strong>caetero</strong></span> <span class='ocrx_word' id='word_1_218' title='bbox 587 1306 610 1333; x_wconf 94' lang='lat' dir='ltr'><strong>si</strong></span> <span class='ocrx_word' id='word_1_219' title='bbox 633 1306 677 1332; x_wconf 90' lang='lat' dir='ltr'><strong>vel</strong></span> <span class='ocrx_word' id='word_1_220' title='bbox 705 1305 872 1340; x_wconf 81' lang='lat' dir='ltr'><strong>cogitatione</strong></span> <span class='ocrx_word' id='word_1_221' title='bbox 890 1305 1058 1339; x_wconf 89' lang='lat' dir='ltr'><strong>quuisiero,</strong></span> <span class='ocrx_word' id='word_1_222' title='bbox 1084 1304 1127 1332; x_wconf 89' lang='lat' dir='ltr'><strong>vel</strong></span> 
     </span>
    </p>
   </div>
   <div class='ocr_carea' id='block_1_35' title="bbox 336 1351 1127 1388">
    <p class='ocr_par' dir='ltr' id='par_1_41' title="bbox 336 1351 1127 1388">
     <span class='ocr_line' id='line_1_51' title="bbox 336 1351 1127 1388; baseline -0.003 -8"><span class='ocrx_word' id='word_1_223' title='bbox 336 1355 429 1381; x_wconf 84' lang='lat' dir='ltr'><strong>animo</strong></span> <span class='ocrx_word' id='word_1_224' title='bbox 454 1353 605 1388; x_wconf 79' lang='lat' dir='ltr'><strong>agitavero,</strong></span> <span class='ocrx_word' id='word_1_225' title='bbox 630 1351 658 1378; x_wconf 93' lang='lat' dir='ltr'><strong>in</strong></span> <span class='ocrx_word' id='word_1_226' title='bbox 680 1352 726 1378; x_wconf 89' lang='lat' dir='ltr'><strong>illa</strong></span> <span class='ocrx_word' id='word_1_227' title='bbox 747 1351 803 1378; x_wconf 86' lang='lat' dir='ltr'><strong>vita</strong></span> <span class='ocrx_word' id='word_1_228' title='bbox 825 1358 967 1386; x_wconf 87' lang='lat' dir='ltr'><strong>nuttquam</strong></span> <span class='ocrx_word' id='word_1_229' title='bbox 993 1351 1127 1378; x_wconf 87' lang='lat' dir='ltr'><strong>inveniar.</strong></span> 
     </span>
    </p>
   </div>
   <div class='ocr_carea' id='block_1_36' title="bbox 337 1395 1129 1432">
    <p class='ocr_par' dir='ltr' id='par_1_42' title="bbox 337 1395 1129 1432">
     <span class='ocr_line' id='line_1_52' title="bbox 337 1395 1129 1432; baseline -0.005 -6"><span class='ocrx_word' id='word_1_230' title='bbox 337 1398 463 1426; x_wconf 69' lang='lat' dir='ltr'><strong>Habeant</strong></span> <span class='ocrx_word' id='word_1_231' title='bbox 480 1404 545 1432; x_wconf 79' lang='lat' dir='ltr'><strong>ergo</strong></span> <span class='ocrx_word' id='word_1_232' title='bbox 559 1396 722 1431; x_wconf 79' lang='lat' dir='ltr'><strong>insipientes</strong></span> <span class='ocrx_word' id='word_1_233' title='bbox 738 1396 847 1423; x_wconf 88' lang='lat' dir='ltr'><strong>lucrum</strong></span> <span class='ocrx_word' id='word_1_234' title='bbox 864 1395 1007 1430; x_wconf 61' lang='lat' dir='ltr'><strong>praesentis</strong></span> <span class='ocrx_word' id='word_1_235' title='bbox 1023 1399 1129 1430; x_wconf 88' lang='lat' dir='ltr'><strong>tempo-</strong></span> 
     </span>
    </p>
   </div>
   <div class='ocr_carea' id='block_1_37' title="bbox 339 1440 1129 1477">
    <p class='ocr_par' dir='ltr' id='par_1_43' title="bbox 339 1440 1129 1477">
     <span class='ocr_line' id='line_1_53' title="bbox 339 1440 1129 1477; baseline -0.004 -7"><span class='ocrx_word' id='word_1_236' title='bbox 339 1445 388 1470; x_wconf 87' lang='lat' dir='ltr'><strong>ris.</strong></span> <span class='ocrx_word' id='word_1_237' title='bbox 404 1443 462 1477; x_wconf 83' lang='lat' dir='ltr'><strong>Ego</strong></span> <span class='ocrx_word' id='word_1_238' title='bbox 475 1447 578 1475; x_wconf 86' lang='lat' dir='ltr'><strong>autent,</strong></span> <span class='ocrx_word' id='word_1_239' title='bbox 592 1442 638 1476; x_wconf 89' lang='lat' dir='ltr'><strong>qui</strong></span> <span class='ocrx_word' id='word_1_240' title='bbox 655 1442 682 1469; x_wconf 92' lang='lat' dir='ltr'><strong>in</strong></span> <span class='ocrx_word' id='word_1_241' title='bbox 699 1441 863 1469; x_wconf 82' lang='lat' dir='ltr'><strong>hodiernum</strong></span> <span class='ocrx_word' id='word_1_242' title='bbox 879 1448 966 1475; x_wconf 88' lang='lat' dir='ltr'><strong>usque</strong></span> <span class='ocrx_word' id='word_1_243' title='bbox 985 1440 1058 1468; x_wconf 91' lang='lat' dir='ltr'><strong>diem</strong></span> <span class='ocrx_word' id='word_1_244' title='bbox 1075 1440 1129 1467; x_wconf 85' lang='lat' dir='ltr'><strong>vixi</strong></span> 
     </span>
    </p>
   </div>
   <div class='ocr_carea' id='block_1_38' title="bbox 339 1486 1128 1519">
    <p class='ocr_par' dir='ltr' id='par_1_44' title="bbox 339 1486 1128 1519">
     <span class='ocr_line' id='line_1_54' title="bbox 339 1486 1128 1519; baseline -0.003 -5"><span class='ocrx_word' id='word_1_245' title='bbox 339 1489 399 1514; x_wconf 84' lang='lat' dir='ltr'><strong>sine</strong></span> <span class='ocrx_word' id='word_1_246' title='bbox 413 1487 533 1519; x_wconf 80' lang='lat' dir='ltr'><strong>ratione,</strong></span> <span class='ocrx_word' id='word_1_247' title='bbox 559 1486 630 1514; x_wconf 90' lang='lat' dir='ltr'><strong>absit</strong></span> <span class='ocrx_word' id='word_1_248' title='bbox 646 1490 676 1513; x_wconf 92' lang='lat' dir='ltr'><strong>ut</strong></span> <span class='ocrx_word' id='word_1_249' title='bbox 691 1486 750 1514; x_wconf 87' lang='lat' dir='ltr'><strong>sittc</strong></span> <span class='ocrx_word' id='word_1_250' title='bbox 765 1486 872 1513; x_wconf 79' lang='lat' dir='ltr'><strong>ratione</strong></span> <span class='ocrx_word' id='word_1_251' title='bbox 884 1486 918 1513; x_wconf 92' lang='lat' dir='ltr'><strong>de</strong></span> <span class='ocrx_word' id='word_1_252' title='bbox 933 1490 1031 1513; x_wconf 56' lang='lat' dir='ltr'><strong>extero</strong></span> <span class='ocrx_word' id='word_1_253' title='bbox 1045 1486 1128 1512; x_wconf 87' lang='lat' dir='ltr'><strong>vitatu</strong></span> 
     </span>
    </p>
   </div>
   <div class='ocr_carea' id='block_1_39' title="bbox 342 1531 1166 1569">
    <p class='ocr_par' dir='ltr' id='par_1_45' title="bbox 342 1531 1166 1569">
     <span class='ocr_line' id='line_1_55' title="bbox 342 1531 1166 1569; baseline -0.002 -9"><span class='ocrx_word' id='word_1_254' title='bbox 342 1535 434 1569; x_wconf 82' lang='lat' dir='ltr'><strong>agant!</strong></span> <span class='ocrx_word' id='word_1_255' title='bbox 449 1533 483 1561; x_wconf 86' lang='lat' dir='ltr'><strong>Et</strong></span> <span class='ocrx_word' id='word_1_256' title='bbox 499 1533 558 1560; x_wconf 65' lang='lat' dir='ltr'><strong>hate</strong></span> <span class='ocrx_word' id='word_1_257' title='bbox 572 1540 637 1560; x_wconf 93' lang='lat' dir='ltr'><strong>cum</strong></span> <span class='ocrx_word' id='word_1_258' title='bbox 653 1531 777 1564; x_wconf 80' lang='lat' dir='ltr'><strong>dixisset,</strong></span> <span class='ocrx_word' id='word_1_259' title='bbox 792 1532 825 1560; x_wconf 91' lang='lat' dir='ltr'><strong>ad</strong></span> <span class='ocrx_word' id='word_1_260' title='bbox 840 1541 919 1560; x_wconf 80' lang='lat' dir='ltr'><strong>suurn</strong></span> <span class='ocrx_word' id='word_1_261' title='bbox 936 1533 1047 1559; x_wconf 88' lang='lat' dir='ltr'><strong>fratrem</strong></span> <span class='ocrx_word' id='word_1_262' title='bbox 1064 1539 1129 1559; x_wconf 90' lang='lat' dir='ltr'><strong>con-</strong></span> <span class='ocrx_word' id='word_1_263' title='bbox 1142 1533 1166 1565; x_wconf 85' lang='lat' dir='ltr'>c</span> 
     </span>
    </p>
   </div>
   <div class='ocr_carea' id='block_1_40' title="bbox 342 1579 1129 1613">
    <p class='ocr_par' dir='ltr' id='par_1_46' title="bbox 342 1579 1129 1613">
     <span class='ocr_line' id='line_1_56' title="bbox 342 1579 1129 1613; baseline -0.004 -5"><span class='ocrx_word' id='word_1_264' title='bbox 342 1589 446 1613; x_wconf 81' lang='lat' dir='ltr'><strong>versus,</strong></span> <span class='ocrx_word' id='word_1_265' title='bbox 477 1579 715 1608; x_wconf 51' lang='lat' dir='ltr'><strong>dixitﬂliserere</strong></span> <span class='ocrx_word' id='word_1_266' title='bbox 743 1579 809 1611; x_wconf 86' lang='lat' dir='ltr'><strong>mei,</strong></span> <span class='ocrx_word' id='word_1_267' title='bbox 837 1580 922 1606; x_wconf 88' lang='lat' dir='ltr'><strong>frater</strong></span> <span class='ocrx_word' id='word_1_268' title='bbox 951 1579 1072 1611; x_wconf 84' lang='lat' dir='ltr'><strong>dilecte,</strong></span> <span class='ocrx_word' id='word_1_269' title='bbox 1101 1583 1129 1605; x_wconf 90' lang='lat' dir='ltr'><strong>ct</strong></span> 
     </span>
    </p>
   </div>
   <div class='ocr_carea' id='block_1_41' title="bbox 338 1623 1128 1661">
    <p class='ocr_par' dir='ltr' id='par_1_47' title="bbox 338 1623 1128 1661">
     <span class='ocr_line' id='line_1_57' title="bbox 338 1623 1128 1661; baseline -0.003 -8"><span class='ocrx_word' id='word_1_270' title='bbox 338 1626 474 1661; x_wconf 83' lang='lat' dir='ltr'><strong>abrumpe</strong></span> <span class='ocrx_word' id='word_1_271' title='bbox 496 1625 664 1656; x_wconf 88' lang='lat' dir='ltr'><strong>tarditatem,</strong></span> <span class='ocrx_word' id='word_1_272' title='bbox 680 1631 762 1659; x_wconf 84' lang='lat' dir='ltr'><strong>quain</strong></span> <span class='ocrx_word' id='word_1_273' title='bbox 780 1623 899 1658; x_wconf 79' lang='lat' dir='ltr'><strong>transegi</strong></span> <span class='ocrx_word' id='word_1_274' title='bbox 921 1624 948 1650; x_wconf 91' lang='lat' dir='ltr'><strong>in</strong></span> <span class='ocrx_word' id='word_1_275' title='bbox 965 1623 1128 1659; x_wconf 75' lang='lat' dir='ltr'><strong>ignorantia.</strong></span> 
     </span>
    </p>
   </div>
   <div class='ocr_carea' id='block_1_42' title="bbox 338 1670 1128 1705">
    <p class='ocr_par' dir='ltr' id='par_1_48' title="bbox 338 1670 1128 1705">
     <span class='ocr_line' id='line_1_58' title="bbox 338 1670 1128 1705; baseline -0.004 -6"><span class='ocrx_word' id='word_1_276' title='bbox 338 1673 474 1704; x_wconf 89' lang='lat' dir='ltr'><strong>Quocirca</strong></span> <span class='ocrx_word' id='word_1_277' title='bbox 487 1679 586 1698; x_wconf 85' lang='lat' dir='ltr'><strong>vereor</strong></span> <span class='ocrx_word' id='word_1_278' title='bbox 601 1678 705 1704; x_wconf 88' lang='lat' dir='ltr'><strong>moras;</strong></span> <span class='ocrx_word' id='word_1_279' title='bbox 722 1670 831 1705; x_wconf 87' lang='lat' dir='ltr'><strong>pondus</strong></span> <span class='ocrx_word' id='word_1_280' title='bbox 847 1670 918 1696; x_wconf 89' lang='lat' dir='ltr'><strong>ferre</strong></span> <span class='ocrx_word' id='word_1_281' title='bbox 936 1677 991 1696; x_wconf 92' lang='lat' dir='ltr'><strong>non</strong></span> <span class='ocrx_word' id='word_1_282' title='bbox 1005 1677 1128 1705; x_wconf 87' lang='lat' dir='ltr'><strong>possum;</strong></span> 
     </span>
    </p>
   </div>
   <div class='ocr_carea' id='block_1_43' title="bbox 339 1715 1129 1752">
    <p class='ocr_par' dir='ltr' id='par_1_49' title="bbox 339 1715 1129 1752">
     <span class='ocr_line' id='line_1_59' title="bbox 339 1715 1129 1752; baseline -0.001 -8"><span class='ocrx_word' id='word_1_283' title='bbox 339 1725 406 1752; x_wconf 81' lang='lat' dir='ltr'><strong>rogo</strong></span> <span class='ocrx_word' id='word_1_284' title='bbox 422 1722 459 1749; x_wconf 89' lang='lat' dir='ltr'><strong>te,</strong></span> <span class='ocrx_word' id='word_1_285' title='bbox 476 1717 530 1744; x_wconf 90' lang='lat' dir='ltr'><strong>duc</strong></span> <span class='ocrx_word' id='word_1_286' title='bbox 545 1724 588 1744; x_wconf 89' lang='lat' dir='ltr'><strong>tne</strong></span> <span class='ocrx_word' id='word_1_287' title='bbox 606 1716 640 1743; x_wconf 92' lang='lat' dir='ltr'><strong>ad</strong></span> <span class='ocrx_word' id='word_1_288' title='bbox 658 1717 798 1743; x_wconf 85' lang='lat' dir='ltr'><strong>hominem</strong></span> <span class='ocrx_word' id='word_1_289' title='bbox 814 1715 878 1749; x_wconf 84' lang='lat' dir='ltr'><strong>Dei,</strong></span> <span class='ocrx_word' id='word_1_290' title='bbox 898 1721 926 1743; x_wconf 87' lang='grc' dir='ltr'><strong>ιιι</strong></span> <span class='ocrx_word' id='word_1_291' title='bbox 944 1724 987 1743; x_wconf 91' lang='lat' dir='ltr'><strong>mc</strong></span> <span class='ocrx_word' id='word_1_292' title='bbox 1009 1716 1129 1751; x_wconf 89' lang='lat' dir='ltr'><strong>perfecte</strong></span> 
     </span>
    </p>
   </div>
   <div class='ocr_carea' id='block_1_44' title="bbox 340 1761 1131 1797">
    <p class='ocr_par' dir='ltr' id='par_1_50' title="bbox 340 1761 1131 1797">
     <span class='ocr_line' id='line_1_60' title="bbox 340 1761 1131 1797; baseline -0.001 -8"><span class='ocrx_word' id='word_1_293' title='bbox 340 1762 530 1797; x_wconf 82' lang='lat' dir='ltr'><strong>puriﬁcatum,</strong></span> <span class='ocrx_word' id='word_1_294' title='bbox 559 1762 633 1789; x_wconf 81' lang='lat' dir='ltr'><strong>illius</strong></span> <span class='ocrx_word' id='word_1_295' title='bbox 660 1761 723 1788; x_wconf 67' lang='lat' dir='ltr'><strong>vitae</strong></span> <span class='ocrx_word' id='word_1_296' title='bbox 749 1761 830 1788; x_wconf 84' lang='lat' dir='ltr'><strong>faciat</strong></span> <span class='ocrx_word' id='word_1_297' title='bbox 852 1761 1026 1796; x_wconf 80' lang='lat' dir='ltr'><strong>participem.</strong></span> <span class='ocrx_word' id='word_1_298' title='bbox 1053 1761 1131 1789; x_wconf 89' lang='lat' dir='ltr'><strong>Tunc</strong></span> 
     </span>
    </p>
   </div>
   <div class='ocr_carea' id='block_1_45' title="bbox 342 1807 1129 1836">
    <p class='ocr_par' dir='ltr' id='par_1_51' title="bbox 342 1807 1129 1836">
     <span class='ocr_line' id='line_1_61' title="bbox 342 1807 1129 1836; baseline 0 -2"><span class='ocrx_word' id='word_1_299' title='bbox 342 1808 505 1836; x_wconf 79' lang='lat' dir='ltr'><strong>Valerianus</strong></span> <span class='ocrx_word' id='word_1_300' title='bbox 521 1807 633 1835; x_wconf 84' lang='lat' dir='ltr'><strong>deduxit</strong></span> <span class='ocrx_word' id='word_1_301' title='bbox 648 1807 761 1834; x_wconf 85' lang='lat' dir='ltr'><strong>fratrem</strong></span> <span class='ocrx_word' id='word_1_302' title='bbox 774 1815 853 1834; x_wconf 89' lang='lat' dir='ltr'><strong>suunt</strong></span> <span class='ocrx_word' id='word_1_303' title='bbox 869 1807 903 1834; x_wconf 90' lang='lat' dir='ltr'><strong>ad</strong></span> <span class='ocrx_word' id='word_1_304' title='bbox 926 1807 1129 1834; x_wconf 85' lang='lat' dir='ltr'><strong>sanctissimum</strong></span> 
     </span>
    </p>
   </div>
   <div class='ocr_carea' id='block_1_46' title="bbox 343 1852 1129 1889">
    <p class='ocr_par' dir='ltr' id='par_1_52' title="bbox 343 1852 1129 1889">
     <span class='ocr_line' id='line_1_62' title="bbox 343 1852 1129 1889; baseline 0 -10"><span class='ocrx_word' id='word_1_305' title='bbox 343 1861 440 1889; x_wconf 84' lang='lat' dir='ltr'><strong>papam</strong></span> <span class='ocrx_word' id='word_1_306' title='bbox 465 1853 617 1882; x_wconf 87' lang='lat' dir='ltr'><strong>Urbanum.</strong></span> <span class='ocrx_word' id='word_1_307' title='bbox 645 1852 696 1880; x_wconf 88' lang='lat' dir='ltr'><strong>Cui</strong></span> <span class='ocrx_word' id='word_1_308' title='bbox 718 1857 863 1888; x_wconf 83' lang='lat' dir='ltr'><strong>postquam</strong></span> <span class='ocrx_word' id='word_1_309' title='bbox 879 1853 1003 1880; x_wconf 90' lang='lat' dir='ltr'><strong>narravit</strong></span> <span class='ocrx_word' id='word_1_310' title='bbox 1015 1854 1107 1880; x_wconf 88' lang='lat' dir='ltr'><strong>omnia</strong></span> <span class='ocrx_word' id='word_1_311' title='bbox 1121 1873 1129 1885; x_wconf 89' lang='lat'><strong>,</strong></span> 
     </span>
    </p>
   </div>
   <div class='ocr_carea' id='block_1_47' title="bbox 342 1899 1130 1935">
    <p class='ocr_par' dir='ltr' id='par_1_53' title="bbox 342 1899 1130 1935">
     <span class='ocr_line' id='line_1_63' title="bbox 342 1899 1130 1935; baseline 0.001 -9"><span class='ocrx_word' id='word_1_312' title='bbox 342 1908 404 1934; x_wconf 79' lang='lat' dir='ltr'><strong>qua:</strong></span> <span class='ocrx_word' id='word_1_313' title='bbox 418 1899 490 1927; x_wconf 80' lang='lat' dir='ltr'><strong>dicta</strong></span> <span class='ocrx_word' id='word_1_314' title='bbox 512 1904 540 1926; x_wconf 88' lang='lat' dir='ltr'><strong>et</strong></span> <span class='ocrx_word' id='word_1_315' title='bbox 554 1899 625 1926; x_wconf 85' lang='lat' dir='ltr'><strong>facta</strong></span> <span class='ocrx_word' id='word_1_316' title='bbox 642 1899 765 1932; x_wconf 84' lang='lat' dir='ltr'><strong>fuerant,</strong></span> <span class='ocrx_word' id='word_1_317' title='bbox 791 1900 909 1935; x_wconf 89' lang='lat' dir='ltr'><strong>benigno</strong></span> <span class='ocrx_word' id='word_1_318' title='bbox 929 1899 984 1926; x_wconf 88' lang='lat' dir='ltr'><strong>Deo</strong></span> <span class='ocrx_word' id='word_1_319' title='bbox 997 1900 1052 1934; x_wconf 83' lang='lat' dir='ltr'><strong>egit</strong></span> <span class='ocrx_word' id='word_1_320' title='bbox 1068 1908 1130 1935; x_wconf 80' lang='lat' dir='ltr'><strong>gra-</strong></span> 
     </span>
    </p>
   </div>
   <div class='ocr_carea' id='block_1_48' title="bbox 343 1945 1130 1980">
    <p class='ocr_par' dir='ltr' id='par_1_54' title="bbox 343 1945 1130 1980">
     <span class='ocr_line' id='line_1_64' title="bbox 343 1945 1130 1980; baseline 0.001 -8"><span class='ocrx_word' id='word_1_321' title='bbox 343 1947 404 1972; x_wconf 88' lang='lat' dir='ltr'><strong>tias.</strong></span> <span class='ocrx_word' id='word_1_322' title='bbox 421 1945 573 1980; x_wconf 80' lang='lat' dir='ltr'><strong>Acccptum</strong></span> <span class='ocrx_word' id='word_1_323' title='bbox 589 1950 682 1973; x_wconf 90' lang='lat' dir='ltr'><strong>autent</strong></span> <span class='ocrx_word' id='word_1_324' title='bbox 699 1953 762 1972; x_wconf 91' lang='lat' dir='ltr'><strong>cum</strong></span> <span class='ocrx_word' id='word_1_325' title='bbox 776 1945 849 1972; x_wconf 88' lang='lat' dir='ltr'><strong>omtti</strong></span> <span class='ocrx_word' id='word_1_326' title='bbox 865 1945 966 1980; x_wconf 82' lang='lat' dir='ltr'><strong>gaudio</strong></span> <span class='ocrx_word' id='word_1_327' title='bbox 986 1950 1014 1972; x_wconf 92' lang='lat' dir='ltr'><strong>et</strong></span> <span class='ocrx_word' id='word_1_328' title='bbox 1036 1946 1130 1973; x_wconf 85' lang='lat' dir='ltr'><strong>exsul-</strong></span> 
     </span>
    </p>
   </div>
   <div class='ocr_carea' id='block_1_49' title="bbox 341 1991 1130 2024">
    <p class='ocr_par' dir='ltr' id='par_1_55' title="bbox 341 1991 1130 2024">
     <span class='ocr_line' id='line_1_65' title="bbox 341 1991 1130 2024; baseline 0.001 -6"><span class='ocrx_word' id='word_1_329' title='bbox 341 1992 446 2020; x_wconf 86' lang='lat' dir='ltr'><strong>tatione</strong></span> <span class='ocrx_word' id='word_1_330' title='bbox 465 1991 623 2019; x_wconf 89' lang='lat' dir='ltr'><strong>Tiburtium</strong></span> <span class='ocrx_word' id='word_1_331' title='bbox 635 2012 643 2024; x_wconf 93' lang='lat'><strong>,</strong></span> <span class='ocrx_word' id='word_1_332' title='bbox 661 2000 724 2019; x_wconf 86' lang='lat' dir='ltr'><strong>cum</strong></span> <span class='ocrx_word' id='word_1_333' title='bbox 740 1991 938 2024; x_wconf 84' lang='lat' dir='ltr'><strong>admonuisset,</strong></span> <span class='ocrx_word' id='word_1_334' title='bbox 962 1993 1130 2019; x_wconf 85' lang='lat' dir='ltr'><strong>catechismo</strong></span> 
     </span>
    </p>
   </div>
   <div class='ocr_carea' id='block_1_50' title="bbox 342 2037 1129 2074">
    <p class='ocr_par' dir='ltr' id='par_1_56' title="bbox 342 2037 1129 2074">
     <span class='ocr_line' id='line_1_66' title="bbox 342 2037 1129 2074; baseline 0.003 -10"><span class='ocrx_word' id='word_1_335' title='bbox 342 2038 524 2070; x_wconf 87' lang='lat' dir='ltr'><strong>instituisset,</strong></span> <span class='ocrx_word' id='word_1_336' title='bbox 549 2037 717 2074; x_wconf 87' lang='lat' dir='ltr'><strong>baptizassct</strong></span> <span class='ocrx_word' id='word_1_337' title='bbox 740 2038 769 2065; x_wconf 92' lang='lat' dir='ltr'><strong>in</strong></span> <span class='ocrx_word' id='word_1_338' title='bbox 793 2038 903 2066; x_wconf 89' lang='lat' dir='ltr'><strong>nomine</strong></span> <span class='ocrx_word' id='word_1_339' title='bbox 921 2037 1009 2065; x_wconf 81' lang='lat' dir='ltr'><strong>Patris</strong></span> <span class='ocrx_word' id='word_1_340' title='bbox 1025 2043 1052 2066; x_wconf 93' lang='lat' dir='ltr'><strong>ct</strong></span> <span class='ocrx_word' id='word_1_341' title='bbox 1069 2038 1129 2066; x_wconf 78' lang='lat' dir='ltr'><strong>Filii</strong></span> 
     </span>
    </p>
   </div>
   <div class='ocr_carea' id='block_1_51' title="bbox 338 2083 1131 2119">
    <p class='ocr_par' dir='ltr' id='par_1_57' title="bbox 338 2083 1131 2119">
     <span class='ocr_line' id='line_1_67' title="bbox 338 2083 1131 2119; baseline 0.001 -9"><span class='ocrx_word' id='word_1_342' title='bbox 338 2089 369 2111; x_wconf 87' lang='lat' dir='ltr'><strong>et</strong></span> <span class='ocrx_word' id='word_1_343' title='bbox 392 2083 512 2119; x_wconf 87' lang='lat' dir='ltr'><strong>Spiritus</strong></span> <span class='ocrx_word' id='word_1_344' title='bbox 537 2083 634 2117; x_wconf 90' lang='lat' dir='ltr'><strong>sancti,</strong></span> <span class='ocrx_word' id='word_1_345' title='bbox 656 2084 740 2119; x_wconf 74' lang='lat' dir='ltr'><strong>jussit</strong></span> <span class='ocrx_word' id='word_1_346' title='bbox 763 2091 856 2111; x_wconf 90' lang='lat' dir='ltr'><strong>secum</strong></span> <span class='ocrx_word' id='word_1_347' title='bbox 881 2091 953 2116; x_wconf 86' lang='lat' dir='ltr'><strong>esse,</strong></span> <span class='ocrx_word' id='word_1_348' title='bbox 981 2084 1071 2111; x_wconf 86' lang='lat' dir='ltr'><strong>donec</strong></span> <span class='ocrx_word' id='word_1_349' title='bbox 1099 2092 1131 2112; x_wconf 88' lang='lat' dir='ltr'><strong>ea</strong></span> 
     </span>
    </p>
   </div>
   <div class='ocr_carea' id='block_1_52' title="bbox 335 2129 1132 2165">
    <p class='ocr_par' dir='ltr' id='par_1_58' title="bbox 335 2129 1132 2165">
     <span class='ocr_line' id='line_1_68' title="bbox 335 2129 1132 2165; baseline 0.003 -9"><span class='ocrx_word' id='word_1_350' title='bbox 335 2129 503 2165; x_wconf 72' lang='lat' dir='ltr'><strong>deponeret,</strong></span> <span class='ocrx_word' id='word_1_351' title='bbox 519 2137 580 2165; x_wconf 76' lang='lat' dir='ltr'><strong>quae</strong></span> <span class='ocrx_word' id='word_1_352' title='bbox 596 2130 718 2158; x_wconf 86' lang='lat' dir='ltr'><strong>recentis</strong></span> <span class='ocrx_word' id='word_1_353' title='bbox 740 2135 805 2158; x_wconf 91' lang='lat' dir='ltr'><strong>sunt</strong></span> <span class='ocrx_word' id='word_1_354' title='bbox 831 2130 1052 2158; x_wconf 84' lang='lat' dir='ltr'><strong>illuminationis.</strong></span> <span class='ocrx_word' id='word_1_355' title='bbox 1067 2131 1132 2164; x_wconf 67' lang='lat' dir='ltr'><strong>Quae</strong></span> 
     </span>
    </p>
   </div>
   <div class='ocr_carea' id='block_1_53' title="bbox 340 2175 1133 2212">
    <p class='ocr_par' dir='ltr' id='par_1_59' title="bbox 340 2175 1133 2212">
     <span class='ocr_line' id='line_1_69' title="bbox 340 2175 1133 2212; baseline 0.001 -10"><span class='ocrx_word' id='word_1_356' title='bbox 340 2175 451 2210; x_wconf 90' lang='lat' dir='ltr'><strong>quidem</strong></span> <span class='ocrx_word' id='word_1_357' title='bbox 469 2183 533 2203; x_wconf 92' lang='lat' dir='ltr'><strong>cum</strong></span> <span class='ocrx_word' id='word_1_358' title='bbox 552 2175 675 2210; x_wconf 88' lang='lat' dir='ltr'><strong>perfecta</strong></span> <span class='ocrx_word' id='word_1_359' title='bbox 692 2175 811 2204; x_wconf 85' lang='lat' dir='ltr'><strong>fuissent</strong></span> <span class='ocrx_word' id='word_1_360' title='bbox 833 2176 894 2212; x_wconf 83' lang='lat' dir='ltr'><strong>ejus</strong></span> <span class='ocrx_word' id='word_1_361' title='bbox 909 2176 1034 2203; x_wconf 89' lang='lat' dir='ltr'><strong>doctrina</strong></span> <span class='ocrx_word' id='word_1_362' title='bbox 1047 2197 1053 2209; x_wconf 97' lang='lat'><strong>,</strong></span> <span class='ocrx_word' id='word_1_363' title='bbox 1070 2182 1133 2212; x_wconf 91' lang='lat' dir='ltr'><strong>post</strong></span> 
     </span>
    </p>
   </div>
   <div class='ocr_carea' id='block_1_54' title="bbox 341 2220 1130 2256">
    <p class='ocr_par' dir='ltr' id='par_1_60' title="bbox 341 2220 1130 2256">
     <span class='ocr_line' id='line_1_70' title="bbox 341 2220 1130 2256; baseline 0.001 -8"><span class='ocrx_word' id='word_1_364' title='bbox 341 2225 446 2256; x_wconf 85' lang='lat' dir='ltr'><strong>septem</strong></span> <span class='ocrx_word' id='word_1_365' title='bbox 459 2221 521 2249; x_wconf 88' lang='lat' dir='ltr'><strong>dies</strong></span> <span class='ocrx_word' id='word_1_366' title='bbox 542 2220 646 2249; x_wconf 84' lang='lat' dir='ltr'><strong>Christi</strong></span> <span class='ocrx_word' id='word_1_367' title='bbox 669 2221 786 2249; x_wconf 87' lang='lat' dir='ltr'><strong>militem</strong></span> <span class='ocrx_word' id='word_1_368' title='bbox 803 2222 935 2250; x_wconf 87' lang='lat' dir='ltr'><strong>restituit.</strong></span> <span class='ocrx_word' id='word_1_369' title='bbox 951 2221 1066 2249; x_wconf 85' lang='lat' dir='ltr'><strong>Tantam</strong></span> <span class='ocrx_word' id='word_1_370' title='bbox 1082 2230 1130 2249; x_wconf 83' lang='lat' dir='ltr'><strong>au-</strong></span> 
     </span>
    </p>
   </div>
   <div class='ocr_carea' id='block_1_55' title="bbox 340 2267 1132 2303">
    <p class='ocr_par' dir='ltr' id='par_1_61' title="bbox 340 2267 1132 2303">
     <span class='ocr_line' id='line_1_71' title="bbox 340 2267 1132 2303; baseline 0.001 -8"><span class='ocrx_word' id='word_1_371' title='bbox 340 2273 398 2295; x_wconf 73' lang='lat' dir='ltr'><strong>tem</strong></span> <span class='ocrx_word' id='word_1_372' title='bbox 415 2267 534 2303; x_wconf 76' lang='lat' dir='ltr'><strong>gratiam</strong></span> <span class='ocrx_word' id='word_1_373' title='bbox 557 2275 572 2294; x_wconf 94' lang='lat' dir='ltr'><strong>a</strong></span> <span class='ocrx_word' id='word_1_374' title='bbox 592 2267 703 2295; x_wconf 84' lang='lat' dir='ltr'><strong>Christo</strong></span> <span class='ocrx_word' id='word_1_375' title='bbox 729 2273 772 2295; x_wconf 76' lang='lat' dir='ltr'><strong>est</strong></span> <span class='ocrx_word' id='word_1_376' title='bbox 792 2273 971 2301; x_wconf 85' lang='lat' dir='ltr'><strong>consecutus,</strong></span> <span class='ocrx_word' id='word_1_377' title='bbox 998 2275 1028 2296; x_wconf 84' lang='lat' dir='ltr'><strong>ut</strong></span> <span class='ocrx_word' id='word_1_378' title='bbox 1049 2270 1132 2296; x_wconf 86' lang='lat' dir='ltr'><strong>etiam</strong></span> 
     </span>
    </p>
   </div>
   <div class='ocr_carea' id='block_1_56' title="bbox 343 2313 1134 2350">
    <p class='ocr_par' dir='ltr' id='par_1_62' title="bbox 343 2313 1134 2350">
     <span class='ocr_line' id='line_1_72' title="bbox 343 2313 1134 2350; baseline 0.001 -9"><span class='ocrx_word' id='word_1_379' title='bbox 343 2314 392 2341; x_wconf 86' lang='lat' dir='ltr'><strong>Dei</strong></span> <span class='ocrx_word' id='word_1_380' title='bbox 405 2313 518 2349; x_wconf 78' lang='lat' dir='ltr'><strong>angelos</strong></span> <span class='ocrx_word' id='word_1_381' title='bbox 537 2313 641 2341; x_wconf 83' lang='lat' dir='ltr'><strong>rideret</strong></span> <span class='ocrx_word' id='word_1_382' title='bbox 656 2313 779 2348; x_wconf 86' lang='lat' dir='ltr'><strong>quotidie</strong></span> <span class='ocrx_word' id='word_1_383' title='bbox 793 2323 800 2344; x_wconf 85' lang='grc'>;</span> <span class='ocrx_word' id='word_1_384' title='bbox 817 2319 845 2342; x_wconf 90' lang='lat' dir='ltr'><strong>et</strong></span> <span class='ocrx_word' id='word_1_385' title='bbox 856 2322 1029 2350; x_wconf 73' lang='lat' dir='ltr'><strong>quaecunque</strong></span> <span class='ocrx_word' id='word_1_386' title='bbox 1044 2323 1058 2342; x_wconf 92' lang='lat' dir='ltr'><strong>a</strong></span> <span class='ocrx_word' id='word_1_387' title='bbox 1078 2315 1134 2342; x_wconf 90' lang='lat' dir='ltr'><strong>Deo</strong></span> 
     </span>
    </p>
   </div>
   <div class='ocr_carea' id='block_1_57' title="bbox 342 2359 1133 2396">
    <p class='ocr_par' dir='ltr' id='par_1_63' title="bbox 342 2359 1133 2396">
     <span class='ocr_line' id='line_1_73' title="bbox 342 2359 1133 2396; baseline 0.001 -9"><span class='ocrx_word' id='word_1_388' title='bbox 342 2359 475 2395; x_wconf 85' lang='lat' dir='ltr'><strong>petebat,</strong></span> <span class='ocrx_word' id='word_1_389' title='bbox 493 2359 576 2386; x_wconf 80' lang='lat' dir='ltr'><strong>facile</strong></span> <span class='ocrx_word' id='word_1_390' title='bbox 597 2359 772 2394; x_wconf 87' lang='lat' dir='ltr'><strong>impetrabat.</strong></span> <span class='ocrx_word' id='word_1_391' title='bbox 795 2360 850 2388; x_wconf 87' lang='lat' dir='ltr'><strong>Sed</strong></span> <span class='ocrx_word' id='word_1_392' title='bbox 875 2361 1006 2396; x_wconf 83' lang='lat' dir='ltr'><strong>quoniam</strong></span> <span class='ocrx_word' id='word_1_393' title='bbox 1022 2361 1133 2396; x_wconf 84' lang='lat' dir='ltr'><strong>longum</strong></span> 
     </span>
    </p>
   </div>
   <div class='ocr_carea' id='block_1_58' title="bbox 341 2405 1132 2443">
    <p class='ocr_par' dir='ltr' id='par_1_64' title="bbox 341 2405 1132 2443">
     <span class='ocr_line' id='line_1_74' title="bbox 341 2405 1132 2443; baseline 0.004 -10"><span class='ocrx_word' id='word_1_394' title='bbox 341 2410 418 2434; x_wconf 87' lang='lat' dir='ltr'><strong>esset</strong></span> <span class='ocrx_word' id='word_1_395' title='bbox 442 2405 537 2432; x_wconf 85' lang='lat' dir='ltr'><strong>omnia</strong></span> <span class='ocrx_word' id='word_1_396' title='bbox 568 2405 664 2432; x_wconf 89' lang='lat' dir='ltr'><strong>ordine</strong></span> <span class='ocrx_word' id='word_1_397' title='bbox 693 2413 848 2440; x_wconf 82' lang='lat' dir='ltr'><strong>exponere,</strong></span> <span class='ocrx_word' id='word_1_398' title='bbox 880 2407 972 2442; x_wconf 81' lang='lat' dir='ltr'><strong>qualia</strong></span> <span class='ocrx_word' id='word_1_399' title='bbox 998 2413 1025 2434; x_wconf 91' lang='lat' dir='ltr'><strong>et</strong></span> <span class='ocrx_word' id='word_1_400' title='bbox 1052 2416 1132 2443; x_wconf 87' lang='lat' dir='ltr'><strong>quant</strong></span> 
     </span>
    </p>
   </div>
   <div class='ocr_carea' id='block_1_59' title="bbox 344 2450 1132 2486">
    <p class='ocr_par' dir='ltr' id='par_1_65' title="bbox 344 2450 1132 2486">
     <span class='ocr_line' id='line_1_75' title="bbox 344 2450 1132 2486; baseline 0.004 -8"><span class='ocrx_word' id='word_1_401' title='bbox 344 2451 431 2478; x_wconf 90' lang='lat' dir='ltr'><strong>multa</strong></span> <span class='ocrx_word' id='word_1_402' title='bbox 446 2450 512 2479; x_wconf 87' lang='lat' dir='ltr'><strong>fecit</strong></span> <span class='ocrx_word' id='word_1_403' title='bbox 527 2450 661 2478; x_wconf 88' lang='lat' dir='ltr'><strong>Dominus</strong></span> <span class='ocrx_word' id='word_1_404' title='bbox 674 2459 722 2485; x_wconf 89' lang='lat' dir='ltr'><strong>per</strong></span> <span class='ocrx_word' id='word_1_405' title='bbox 737 2459 784 2479; x_wconf 90' lang='lat' dir='ltr'><strong>eos</strong></span> <span class='ocrx_word' id='word_1_406' title='bbox 795 2452 967 2480; x_wconf 82' lang='lat' dir='ltr'><strong>admirabilia</strong></span> <span class='ocrx_word' id='word_1_407' title='bbox 979 2473 987 2486; x_wconf 92' lang='lat'><strong>,</strong></span> <span class='ocrx_word' id='word_1_408' title='bbox 1015 2461 1132 2481; x_wconf 78' lang='lat' dir='ltr'><strong>conver-</strong></span> 
     </span>
    </p>
   </div>
   <div class='ocr_carea' id='block_1_60' title="bbox 344 2497 957 2532">
    <p class='ocr_par' dir='ltr' id='par_1_66' title="bbox 344 2497 957 2532">
     <span class='ocr_line' id='line_1_76' title="bbox 344 2497 957 2532; baseline 0.003 -8"><span class='ocrx_word' id='word_1_409' title='bbox 344 2502 435 2525; x_wconf 85' lang='lat' dir='ltr'><strong>tamur</strong></span> <span class='ocrx_word' id='word_1_410' title='bbox 450 2497 484 2524; x_wconf 90' lang='lat' dir='ltr'><strong>ad</strong></span> <span class='ocrx_word' id='word_1_411' title='bbox 496 2497 630 2532; x_wconf 85' lang='lat' dir='ltr'><strong>gloriosas</strong></span> <span class='ocrx_word' id='word_1_412' title='bbox 644 2504 740 2524; x_wconf 88' lang='lat' dir='ltr'><strong>eorunt</strong></span> <span class='ocrx_word' id='word_1_413' title='bbox 755 2499 957 2532; x_wconf 86' lang='lat' dir='ltr'><strong>perpessiones.</strong></span> 
     </span>
    </p>
   </div>
   <div class='ocr_carea' id='block_1_61' title="bbox 378 2565 1132 2600">
    <p class='ocr_par' dir='ltr' id='par_1_67' title="bbox 378 2565 1132 2600">
     <span class='ocr_line' id='line_1_77' title="bbox 378 2565 1132 2600; baseline 0.004 -7"><span class='ocrx_word' id='word_1_414' title='bbox 378 2565 439 2593; x_wconf 78' lang='lat' dir='ltr'><strong>XV.</strong></span> <span class='ocrx_word' id='word_1_415' title='bbox 457 2565 591 2597; x_wconf 81' lang='lat' dir='ltr'><strong>Turcins,</strong></span> <span class='ocrx_word' id='word_1_416' title='bbox 606 2565 654 2600; x_wconf 84' lang='lat' dir='ltr'><strong>qui</strong></span> <span class='ocrx_word' id='word_1_417' title='bbox 669 2565 752 2592; x_wconf 79' lang='lat' dir='ltr'><strong>etiam</strong></span> <span class='ocrx_word' id='word_1_418' title='bbox 776 2565 934 2593; x_wconf 82' lang='lat' dir='ltr'><strong>Almacbius</strong></span> <span class='ocrx_word' id='word_1_419' title='bbox 946 2587 953 2598; x_wconf 87' lang='lat'><strong>,</strong></span> <span class='ocrx_word' id='word_1_420' title='bbox 975 2574 1037 2594; x_wconf 85' lang='lat' dir='ltr'><strong>eum</strong></span> <span class='ocrx_word' id='word_1_421' title='bbox 1060 2574 1132 2596; x_wconf 84' lang='lat' dir='ltr'><strong>esset</strong></span> 
     </span>
    </p>
   </div>
   <div class='ocr_carea' id='block_1_62' title="bbox 344 2610 1132 2647">
    <p class='ocr_par' dir='ltr' id='par_1_68' title="bbox 344 2610 1132 2647">
     <span class='ocr_line' id='line_1_78' title="bbox 344 2610 1132 2647; baseline 0.005 -9"><span class='ocrx_word' id='word_1_422' title='bbox 344 2611 492 2646; x_wconf 70' lang='lat' dir='ltr'><strong>praefectus</strong></span> <span class='ocrx_word' id='word_1_423' title='bbox 505 2610 595 2642; x_wconf 86' lang='lat' dir='ltr'><strong>urbis.</strong></span> <span class='ocrx_word' id='word_1_424' title='bbox 609 2615 638 2638; x_wconf 87' lang='lat' dir='ltr'><strong>et</strong></span> <span class='ocrx_word' id='word_1_425' title='bbox 651 2615 763 2638; x_wconf 88' lang='lat' dir='ltr'><strong>sanctos</strong></span> <span class='ocrx_word' id='word_1_426' title='bbox 778 2611 827 2639; x_wconf 88' lang='lat' dir='ltr'><strong>Det</strong></span> <span class='ocrx_word' id='word_1_427' title='bbox 841 2618 974 2647; x_wconf 84' lang='lat' dir='ltr'><strong>martyres</strong></span> <span class='ocrx_word' id='word_1_428' title='bbox 994 2614 1132 2643; x_wconf 91' lang='lat' dir='ltr'><strong>occideret</strong></span> 
     </span>
    </p>
   </div>
   <div class='ocr_carea' id='block_1_63' title="bbox 343 2657 1132 2694">
    <p class='ocr_par' dir='ltr' id='par_1_69' title="bbox 343 2657 1132 2694">
     <span class='ocr_line' id='line_1_79' title="bbox 343 2657 1132 2694; baseline 0.005 -11"><span class='ocrx_word' id='word_1_429' title='bbox 343 2657 482 2692; x_wconf 86' lang='lat' dir='ltr'><strong>quotidie,</strong></span> <span class='ocrx_word' id='word_1_430' title='bbox 504 2657 620 2692; x_wconf 76' lang='lat' dir='ltr'><strong>iubebat</strong></span> <span class='ocrx_word' id='word_1_431' title='bbox 647 2665 745 2685; x_wconf 88' lang='lat' dir='ltr'><strong>eorum</strong></span> <span class='ocrx_word' id='word_1_432' title='bbox 773 2665 889 2693; x_wconf 88' lang='lat' dir='ltr'><strong>corpora</strong></span> <span class='ocrx_word' id='word_1_433' title='bbox 918 2659 1035 2694; x_wconf 87' lang='lat' dir='ltr'><strong>relinqui</strong></span> <span class='ocrx_word' id='word_1_434' title='bbox 1060 2661 1132 2687; x_wconf 77' lang='lat' dir='ltr'><strong>inse-</strong></span> 
     </span>
    </p>
   </div>
   <div class='ocr_carea' id='block_1_64' title="bbox 345 2701 1132 2738">
    <p class='ocr_par' dir='ltr' id='par_1_70' title="bbox 345 2701 1132 2738">
     <span class='ocr_line' id='line_1_80' title="bbox 345 2701 1132 2738; baseline 0.004 -11"><span class='ocrx_word' id='word_1_435' title='bbox 345 2701 430 2736; x_wconf 85' lang='lat' dir='ltr'><strong>pulta.</strong></span> <span class='ocrx_word' id='word_1_436' title='bbox 447 2701 590 2729; x_wconf 87' lang='lat' dir='ltr'><strong>Tiburtius</strong></span> <span class='ocrx_word' id='word_1_437' title='bbox 603 2706 696 2730; x_wconf 84' lang='lat' dir='ltr'><strong>autem</strong></span> <span class='ocrx_word' id='word_1_438' title='bbox 712 2706 740 2730; x_wconf 88' lang='lat' dir='ltr'><strong>et</strong></span> <span class='ocrx_word' id='word_1_439' title='bbox 754 2702 917 2730; x_wconf 83' lang='lat' dir='ltr'><strong>Valerianus</strong></span> <span class='ocrx_word' id='word_1_440' title='bbox 933 2702 967 2729; x_wconf 87' lang='lat' dir='ltr'><strong>ad</strong></span> <span class='ocrx_word' id='word_1_441' title='bbox 992 2703 1045 2730; x_wconf 91' lang='lat' dir='ltr'><strong>hoc</strong></span> <span class='ocrx_word' id='word_1_442' title='bbox 1064 2711 1132 2738; x_wconf 86' lang='lat' dir='ltr'><strong>ope-</strong></span> 
     </span>
    </p>
   </div>
   <div class='ocr_carea' id='block_1_65' title="bbox 344 2747 1132 2783">
    <p class='ocr_par' dir='ltr' id='par_1_71' title="bbox 344 2747 1132 2783">
     <span class='ocr_line' id='line_1_81' title="bbox 344 2747 1132 2783; baseline 0.005 -10"><span class='ocrx_word' id='word_1_443' title='bbox 344 2755 403 2774; x_wconf 81' lang='lat' dir='ltr'><strong>rain</strong></span> <span class='ocrx_word' id='word_1_444' title='bbox 417 2747 541 2782; x_wconf 88' lang='lat' dir='ltr'><strong>quotidie</strong></span> <span class='ocrx_word' id='word_1_445' title='bbox 569 2748 746 2781; x_wconf 84' lang='lat' dir='ltr'><strong>adhibebant,</strong></span> <span class='ocrx_word' id='word_1_446' title='bbox 774 2753 805 2776; x_wconf 88' lang='lat' dir='ltr'><strong>ut</strong></span> <span class='ocrx_word' id='word_1_447' title='bbox 831 2754 990 2776; x_wconf 87' lang='lat' dir='ltr'><strong>sanctorum</strong></span> <span class='ocrx_word' id='word_1_448' title='bbox 1014 2757 1132 2783; x_wconf 84' lang='lat' dir='ltr'><strong>corpora</strong></span> 
     </span>
    </p>
   </div>
   <div class='ocr_carea' id='block_1_66' title="bbox 343 2793 1131 2830">
    <p class='ocr_par' dir='ltr' id='par_1_72' title="bbox 343 2793 1131 2830">
     <span class='ocr_line' id='line_1_82' title="bbox 343 2793 1131 2830; baseline 0.005 -10"><span class='ocrx_word' id='word_1_449' title='bbox 343 2793 377 2820; x_wconf 84' lang='lat' dir='ltr'><strong>ad</strong></span> <span class='ocrx_word' id='word_1_450' title='bbox 393 2793 579 2828; x_wconf 87' lang='lat' dir='ltr'><strong>sepeliendum</strong></span> <span class='ocrx_word' id='word_1_451' title='bbox 595 2800 792 2830; x_wconf 79' lang='lat' dir='ltr'><strong>componerent</strong></span> <span class='ocrx_word' id='word_1_452' title='bbox 820 2799 848 2822; x_wconf 88' lang='lat' dir='ltr'><strong>et</strong></span> <span class='ocrx_word' id='word_1_453' title='bbox 863 2795 941 2822; x_wconf 88' lang='lat' dir='ltr'><strong>humi</strong></span> <span class='ocrx_word' id='word_1_454' title='bbox 959 2795 1131 2825; x_wconf 86' lang='lat' dir='ltr'><strong>mandarent.</strong></span> 
     </span>
    </p>
   </div>
   <div class='ocr_carea' id='block_1_67' title="bbox 341 2839 1130 2878">
    <p class='ocr_par' dir='ltr' id='par_1_73' title="bbox 341 2839 1130 2878">
     <span class='ocr_line' id='line_1_83' title="bbox 341 2839 1130 2878; baseline 0.005 -12"><span class='ocrx_word' id='word_1_455' title='bbox 341 2839 523 2878; x_wconf 83' lang='lat' dir='ltr'><strong>eleemosynis</strong></span> <span class='ocrx_word' id='word_1_456' title='bbox 553 2847 680 2870; x_wconf 84' lang='lat' dir='ltr'><strong>vacantes</strong></span> <span class='ocrx_word' id='word_1_457' title='bbox 705 2848 733 2870; x_wconf 87' lang='lat' dir='ltr'><strong>et</strong></span> <span class='ocrx_word' id='word_1_458' title='bbox 767 2842 863 2870; x_wconf 92' lang='lat' dir='ltr'><strong>divino</strong></span> <span class='ocrx_word' id='word_1_459' title='bbox 887 2842 985 2869; x_wconf 86' lang='lat' dir='ltr'><strong>cultui.</strong></span> <span class='ocrx_word' id='word_1_460' title='bbox 1012 2841 1080 2869; x_wconf 90' lang='lat' dir='ltr'><strong>Cum</strong></span> <span class='ocrx_word' id='word_1_461' title='bbox 1113 2843 1130 2870; x_wconf 91' lang='lat' dir='ltr'><strong>ii</strong></span> 
     </span>
    </p>
   </div>
   <div class='ocr_carea' id='block_1_68' title="bbox 1169 222 1958 259">
    <p class='ocr_par' dir='ltr' id='par_1_74' title="bbox 1169 222 1958 259">
     <span class='ocr_line' id='line_1_84' title="bbox 1169 222 1958 259; baseline -0.005 -8"><span class='ocrx_word' id='word_1_462' title='bbox 1169 224 1233 251; x_wconf 85' lang='lat' dir='ltr'><strong>odio</strong></span> <span class='ocrx_word' id='word_1_463' title='bbox 1257 223 1353 251; x_wconf 90' lang='lat' dir='ltr'><strong>haberi</strong></span> <span class='ocrx_word' id='word_1_464' title='bbox 1376 224 1410 251; x_wconf 87' lang='lat' dir='ltr'><strong>ab</strong></span> <span class='ocrx_word' id='word_1_465' title='bbox 1440 224 1582 259; x_wconf 83' lang='lat' dir='ltr'><strong>improbis,</strong></span> <span class='ocrx_word' id='word_1_466' title='bbox 1610 231 1657 250; x_wconf 89' lang='lat' dir='ltr'><strong>eos</strong></span> <span class='ocrx_word' id='word_1_467' title='bbox 1682 222 1745 249; x_wconf 86' lang='lat' dir='ltr'><strong>ntali</strong></span> <span class='ocrx_word' id='word_1_468' title='bbox 1771 222 1958 250; x_wconf 82' lang='lat' dir='ltr'><strong>criminantur</strong></span> 
     </span>
    </p>
   </div>
   <div class='ocr_carea' id='block_1_69' title="bbox 1170 267 1958 306">
    <p class='ocr_par' dir='ltr' id='par_1_75' title="bbox 1170 267 1958 306">
     <span class='ocr_line' id='line_1_85' title="bbox 1170 267 1958 306; baseline -0.006 -8"><span class='ocrx_word' id='word_1_469' title='bbox 1170 271 1240 306; x_wconf 87' lang='lat' dir='ltr'><strong>apud</strong></span> <span class='ocrx_word' id='word_1_470' title='bbox 1266 270 1450 302; x_wconf 78' lang='lat' dir='ltr'><strong>Almaehium,</strong></span> <span class='ocrx_word' id='word_1_471' title='bbox 1475 269 1635 305; x_wconf 70' lang='lat' dir='ltr'><strong>prtefectum</strong></span> <span class='ocrx_word' id='word_1_472' title='bbox 1657 269 1744 300; x_wconf 84' lang='lat' dir='ltr'><strong>urbis,</strong></span> <span class='ocrx_word' id='word_1_473' title='bbox 1769 268 1860 295; x_wconf 81' lang='lat' dir='ltr'><strong>omnia</strong></span> <span class='ocrx_word' id='word_1_474' title='bbox 1886 267 1958 294; x_wconf 80' lang='lat' dir='ltr'><strong>refc-</strong></span> 
     </span>
    </p>
   </div>
   <div class='ocr_carea' id='block_1_70' title="bbox 1170 314 1960 353">
    <p class='ocr_par' dir='ltr' id='par_1_76' title="bbox 1170 314 1960 353">
     <span class='ocr_line' id='line_1_86' title="bbox 1170 314 1960 353; baseline -0.008 -8"><span class='ocrx_word' id='word_1_475' title='bbox 1170 322 1273 351; x_wconf 84' lang='lat' dir='ltr'><strong>reutes,</strong></span> <span class='ocrx_word' id='word_1_476' title='bbox 1291 326 1352 353; x_wconf 69' lang='lat' dir='ltr'><strong>qua:</strong></span> <span class='ocrx_word' id='word_1_477' title='bbox 1377 325 1426 353; x_wconf 89' lang='lat' dir='ltr'><strong>per</strong></span> <span class='ocrx_word' id='word_1_478' title='bbox 1445 319 1521 352; x_wconf 88' lang='lat' dir='ltr'><strong>ipsos</strong></span> <span class='ocrx_word' id='word_1_479' title='bbox 1548 315 1682 343; x_wconf 83' lang='lat' dir='ltr'><strong>Dominus</strong></span> <span class='ocrx_word' id='word_1_480' title='bbox 1705 314 1823 342; x_wconf 82' lang='lat' dir='ltr'><strong>faciebat</strong></span> <span class='ocrx_word' id='word_1_481' title='bbox 1844 314 1871 340; x_wconf 90' lang='lat' dir='ltr'><strong>iu</strong></span> <span class='ocrx_word' id='word_1_482' title='bbox 1895 321 1960 348; x_wconf 82' lang='lat' dir='ltr'><strong>cge-</strong></span> 
     </span>
    </p>
   </div>
   <div class='ocr_carea' id='block_1_71' title="bbox 1171 359 1959 400">
    <p class='ocr_par' dir='ltr' id='par_1_77' title="bbox 1171 359 1959 400">
     <span class='ocr_line' id='line_1_87' title="bbox 1171 359 1959 400; baseline -0.008 -8"><span class='ocrx_word' id='word_1_483' title='bbox 1171 372 1222 392; x_wconf 88' lang='lat' dir='ltr'><strong>nos</strong></span> <span class='ocrx_word' id='word_1_484' title='bbox 1241 374 1247 392; x_wconf 89' lang='lat'>:</span> <span class='ocrx_word' id='word_1_485' title='bbox 1263 370 1291 392; x_wconf 89' lang='lat' dir='ltr'><strong>et</strong></span> <span class='ocrx_word' id='word_1_486' title='bbox 1316 365 1388 400; x_wconf 87' lang='lat' dir='ltr'><strong>quod</strong></span> <span class='ocrx_word' id='word_1_487' title='bbox 1419 364 1544 399; x_wconf 88' lang='lat' dir='ltr'><strong>improbe</strong></span> <span class='ocrx_word' id='word_1_488' title='bbox 1570 371 1603 390; x_wconf 89' lang='lat' dir='ltr'><strong>ac</strong></span> <span class='ocrx_word' id='word_1_489' title='bbox 1633 362 1788 392; x_wconf 81' lang='lat' dir='ltr'><strong>malitiose,</strong></span> <span class='ocrx_word' id='word_1_490' title='bbox 1816 367 1887 395; x_wconf 85' lang='lat' dir='ltr'><strong>quos</strong></span> <span class='ocrx_word' id='word_1_491' title='bbox 1912 359 1959 386; x_wconf 89' lang='lat' dir='ltr'><strong>ille</strong></span> 
     </span>
    </p>
   </div>
   <div class='ocr_carea' id='block_1_72' title="bbox 1171 405 1959 444">
    <p class='ocr_par' dir='ltr' id='par_1_78' title="bbox 1171 405 1959 444">
     <span class='ocr_line' id='line_1_88' title="bbox 1171 405 1959 444; baseline -0.008 -7"><span class='ocrx_word' id='word_1_492' title='bbox 1171 410 1284 444; x_wconf 78' lang='lat' dir='ltr'><strong>iubebat</strong></span> <span class='ocrx_word' id='word_1_493' title='bbox 1306 410 1405 442; x_wconf 87' lang='lat' dir='ltr'><strong>occidi,</strong></span> <span class='ocrx_word' id='word_1_494' title='bbox 1431 410 1475 436; x_wconf 88' lang='lat' dir='ltr'><strong>isti</strong></span> <span class='ocrx_word' id='word_1_495' title='bbox 1499 408 1665 436; x_wconf 77' lang='lat' dir='ltr'><strong>mandabant</strong></span> <span class='ocrx_word' id='word_1_496' title='bbox 1687 407 1845 440; x_wconf 70' lang='lat' dir='ltr'><strong>sepulturte.</strong></span> <span class='ocrx_word' id='word_1_497' title='bbox 1865 405 1959 440; x_wconf 80' lang='lat' dir='ltr'><strong>Itaque</strong></span> 
     </span>
    </p>
   </div>
   <div class='ocr_carea' id='block_1_73' title="bbox 1172 451 1958 490">
    <p class='ocr_par' dir='ltr' id='par_1_79' title="bbox 1172 451 1958 490">
     <span class='ocr_line' id='line_1_89' title="bbox 1172 451 1958 490; baseline -0.008 -7"><span class='ocrx_word' id='word_1_498' title='bbox 1172 464 1188 483; x_wconf 87' lang='lat' dir='ltr'><strong>a</strong></span> <span class='ocrx_word' id='word_1_499' title='bbox 1215 456 1327 483; x_wconf 85' lang='lat' dir='ltr'><strong>militari</strong></span> <span class='ocrx_word' id='word_1_500' title='bbox 1349 456 1463 483; x_wconf 86' lang='lat' dir='ltr'><strong>cohorte</strong></span> <span class='ocrx_word' id='word_1_501' title='bbox 1487 454 1702 490; x_wconf 83' lang='lat' dir='ltr'><strong>comprehensi,</strong></span> <span class='ocrx_word' id='word_1_502' title='bbox 1727 453 1902 479; x_wconf 89' lang='lat' dir='ltr'><strong>adducuntur</strong></span> <span class='ocrx_word' id='word_1_503' title='bbox 1922 451 1958 477; x_wconf 76' lang='lat' dir='ltr'><strong>ad</strong></span> 
     </span>
    </p>
   </div>
   <div class='ocr_carea' id='block_1_74' title="bbox 1173 497 1962 538">
    <p class='ocr_par' dir='ltr' id='par_1_80' title="bbox 1173 497 1962 538">
     <span class='ocr_line' id='line_1_90' title="bbox 1173 497 1962 538; baseline -0.01 -8"><span class='ocrx_word' id='word_1_504' title='bbox 1173 503 1346 530; x_wconf 83' lang='lat' dir='ltr'><strong>Almacltium</strong></span> <span class='ocrx_word' id='word_1_505' title='bbox 1371 503 1542 538; x_wconf 68' lang='lat' dir='ltr'><strong>prmfectnm.</strong></span> <span class='ocrx_word' id='word_1_506' title='bbox 1569 502 1643 533; x_wconf 84' lang='lat' dir='ltr'><strong>Quos</strong></span> <span class='ocrx_word' id='word_1_507' title='bbox 1664 499 1776 534; x_wconf 85' lang='lat' dir='ltr'><strong>quidem</strong></span> <span class='ocrx_word' id='word_1_508' title='bbox 1801 497 1962 525; x_wconf 82' lang='lat' dir='ltr'><strong>Almacliius</strong></span> 
     </span>
    </p>
   </div>
   <div class='ocr_carea' id='block_1_75' title="bbox 1175 543 1960 576">
    <p class='ocr_par' dir='ltr' id='par_1_81' title="bbox 1175 543 1960 576">
     <span class='ocr_line' id='line_1_91' title="bbox 1175 543 1960 576; baseline -0.009 0"><span class='ocrx_word' id='word_1_509' title='bbox 1175 550 1216 576; x_wconf 87' lang='lat' dir='ltr'><strong>his</strong></span> <span class='ocrx_word' id='word_1_510' title='bbox 1233 549 1325 576; x_wconf 83' lang='lat' dir='ltr'><strong>verbis</strong></span> <span class='ocrx_word' id='word_1_511' title='bbox 1339 553 1382 576; x_wconf 86' lang='lat' dir='ltr'><strong>est</strong></span> <span class='ocrx_word' id='word_1_512' title='bbox 1403 549 1537 575; x_wconf 85' lang='lat' dir='ltr'><strong>allocutus</strong></span> <span class='ocrx_word' id='word_1_513' title='bbox 1554 556 1560 574; x_wconf 88' lang='lat'><strong>:</strong></span> <span class='ocrx_word' id='word_1_514' title='bbox 1575 547 1643 574; x_wconf 85' lang='lat' dir='ltr'><strong>Cum</strong></span> <span class='ocrx_word' id='word_1_515' title='bbox 1658 554 1706 572; x_wconf 84' lang='lat' dir='ltr'><strong>vos</strong></span> <span class='ocrx_word' id='word_1_516' title='bbox 1723 545 1867 571; x_wconf 84' lang='lat' dir='ltr'><strong>character</strong></span> <span class='ocrx_word' id='word_1_517' title='bbox 1882 543 1960 570; x_wconf 88' lang='lat' dir='ltr'><strong>nobi-</strong></span> 
     </span>
    </p>
   </div>
   <div class='ocr_carea' id='block_1_76' title="bbox 1175 594 1962 631">
    <p class='ocr_par' dir='ltr' id='par_1_82' title="bbox 1175 594 1962 631">
     <span class='ocr_line' id='line_1_92' title="bbox 1175 594 1962 631; baseline -0.01 -9"><span class='ocrx_word' id='word_1_518' title='bbox 1175 596 1258 623; x_wconf 89' lang='lat' dir='ltr'><strong>litatis</strong></span> <span class='ocrx_word' id='word_1_519' title='bbox 1288 596 1374 631; x_wconf 86' lang='lat' dir='ltr'><strong>gloria</strong></span> <span class='ocrx_word' id='word_1_520' title='bbox 1401 595 1522 628; x_wconf 78' lang='lat' dir='ltr'><strong>insignes</strong></span> <span class='ocrx_word' id='word_1_521' title='bbox 1549 594 1717 624; x_wconf 81' lang='lat' dir='ltr'><strong>reddittertt,</strong></span> <span class='ocrx_word' id='word_1_522' title='bbox 1746 599 1796 618; x_wconf 90' lang='lat' dir='ltr'><strong>cur</strong></span> <span class='ocrx_word' id='word_1_523' title='bbox 1827 594 1962 625; x_wconf 87' lang='lat' dir='ltr'><strong>propter,</strong></span> 
     </span>
    </p>
   </div>
   <div class='ocr_carea' id='block_1_77' title="bbox 1175 636 1963 676">
    <p class='ocr_par' dir='ltr' id='par_1_83' title="bbox 1175 636 1963 676">
     <span class='ocr_line' id='line_1_93' title="bbox 1175 636 1963 676; baseline -0.009 -8"><span class='ocrx_word' id='word_1_524' title='bbox 1175 642 1270 668; x_wconf 87' lang='lat' dir='ltr'><strong>nescio</strong></span> <span class='ocrx_word' id='word_1_525' title='bbox 1285 649 1368 676; x_wconf 87' lang='lat' dir='ltr'><strong>quam</strong></span> <span class='ocrx_word' id='word_1_526' title='bbox 1385 641 1556 676; x_wconf 81' lang='lat' dir='ltr'><strong>religionem,</strong></span> <span class='ocrx_word' id='word_1_527' title='bbox 1574 647 1622 666; x_wconf 82' lang='lat' dir='ltr'><strong>vos</strong></span> <span class='ocrx_word' id='word_1_528' title='bbox 1646 637 1782 673; x_wconf 79' lang='lat' dir='ltr'><strong>ignobiles</strong></span> <span class='ocrx_word' id='word_1_529' title='bbox 1805 636 1919 663; x_wconf 71' lang='lat' dir='ltr'><strong>redditis</strong></span> <span class='ocrx_word' id='word_1_530' title='bbox 1934 639 1963 661; x_wconf 76' lang='lat' dir='ltr'><strong>et</strong></span> 
     </span>
    </p>
   </div>
   <div class='ocr_carea' id='block_1_78' title="bbox 1176 683 1964 716">
    <p class='ocr_par' dir='ltr' id='par_1_84' title="bbox 1176 683 1964 716">
     <span class='ocr_line' id='line_1_94' title="bbox 1176 683 1964 716; baseline -0.01 -2"><span class='ocrx_word' id='word_1_531' title='bbox 1176 688 1317 715; x_wconf 82' lang='lat' dir='ltr'><strong>infelices?</strong></span> <span class='ocrx_word' id='word_1_532' title='bbox 1342 687 1409 714; x_wconf 84' lang='lat' dir='ltr'><strong>Nam</strong></span> <span class='ocrx_word' id='word_1_533' title='bbox 1435 692 1540 713; x_wconf 84' lang='lat' dir='ltr'><strong>vestras</strong></span> <span class='ocrx_word' id='word_1_534' title='bbox 1560 685 1703 712; x_wconf 79' lang='lat' dir='ltr'><strong>facultates</strong></span> <span class='ocrx_word' id='word_1_535' title='bbox 1725 685 1751 711; x_wconf 91' lang='lat' dir='ltr'><strong>in</strong></span> <span class='ocrx_word' id='word_1_536' title='bbox 1778 683 1873 710; x_wconf 77' lang='lat' dir='ltr'><strong>nescio</strong></span> <span class='ocrx_word' id='word_1_537' title='bbox 1894 688 1964 716; x_wconf 88' lang='lat' dir='ltr'><strong>quas</strong></span> 
     </span>
    </p>
   </div>
   <div class='ocr_carea' id='block_1_79' title="bbox 1176 732 1964 768">
    <p class='ocr_par' dir='ltr' id='par_1_85' title="bbox 1176 732 1964 768">
     <span class='ocr_line' id='line_1_95' title="bbox 1176 732 1964 768; baseline -0.01 -7"><span class='ocrx_word' id='word_1_538' title='bbox 1176 735 1297 768; x_wconf 68' lang='lat' dir='ltr'><strong>ahjc-ctas</strong></span> <span class='ocrx_word' id='word_1_539' title='bbox 1324 741 1456 768; x_wconf 86' lang='lat' dir='ltr'><strong>personas</strong></span> <span class='ocrx_word' id='word_1_540' title='bbox 1483 732 1565 759; x_wconf 84' lang='lat' dir='ltr'><strong>audio</strong></span> <span class='ocrx_word' id='word_1_541' title='bbox 1590 739 1639 757; x_wconf 80' lang='lat' dir='ltr'><strong>vos</strong></span> <span class='ocrx_word' id='word_1_542' title='bbox 1660 735 1806 765; x_wconf 74' lang='lat' dir='ltr'><strong>erogantes</strong></span> <span class='ocrx_word' id='word_1_543' title='bbox 1836 735 1964 755; x_wconf 61' lang='lat' dir='ltr'><strong>censum-</strong></span> 
     </span>
    </p>
   </div>
   <div class='ocr_carea' id='block_1_80' title="bbox 1177 777 1964 816">
    <p class='ocr_par' dir='ltr' id='par_1_86' title="bbox 1177 777 1964 816">
     <span class='ocr_line' id='line_1_96' title="bbox 1177 777 1964 816; baseline -0.011 -8"><span class='ocrx_word' id='word_1_544' title='bbox 1177 782 1282 816; x_wconf 80' lang='lat' dir='ltr'><strong>psisse,</strong></span> <span class='ocrx_word' id='word_1_545' title='bbox 1303 785 1332 807; x_wconf 92' lang='lat' dir='ltr'><strong>et</strong></span> <span class='ocrx_word' id='word_1_546' title='bbox 1355 786 1402 807; x_wconf 85' lang='lat' dir='ltr'><strong>eos</strong></span> <span class='ocrx_word' id='word_1_547' title='bbox 1425 779 1471 814; x_wconf 84' lang='lat' dir='ltr'><strong>qui</strong></span> <span class='ocrx_word' id='word_1_548' title='bbox 1502 777 1626 812; x_wconf 84' lang='lat' dir='ltr'><strong>castigati</strong></span> <span class='ocrx_word' id='word_1_549' title='bbox 1651 777 1763 803; x_wconf 76' lang='lat' dir='ltr'><strong>fuerunt</strong></span> <span class='ocrx_word' id='word_1_550' title='bbox 1787 779 1898 810; x_wconf 82' lang='lat' dir='ltr'><strong>propter</strong></span> <span class='ocrx_word' id='word_1_551' title='bbox 1913 781 1964 800; x_wconf 80' lang='lat' dir='ltr'><strong>sua</strong></span> 
     </span>
    </p>
   </div>
   <div class='ocr_carea' id='block_1_81' title="bbox 1178 819 1965 859">
    <p class='ocr_par' dir='ltr' id='par_1_87' title="bbox 1178 819 1965 859">
     <span class='ocr_line' id='line_1_97' title="bbox 1178 819 1965 859; baseline -0.01 -6"><span class='ocrx_word' id='word_1_552' title='bbox 1178 827 1291 857; x_wconf 68' lang='lat' dir='ltr'><strong>scelera,</strong></span> <span class='ocrx_word' id='word_1_553' title='bbox 1303 834 1366 853; x_wconf 89' lang='lat' dir='ltr'><strong>cttm</strong></span> <span class='ocrx_word' id='word_1_554' title='bbox 1381 826 1455 852; x_wconf 87' lang='lat' dir='ltr'><strong>omni</strong></span> <span class='ocrx_word' id='word_1_555' title='bbox 1471 824 1556 859; x_wconf 86' lang='lat' dir='ltr'><strong>gloria</strong></span> <span class='ocrx_word' id='word_1_556' title='bbox 1573 822 1702 850; x_wconf 84' lang='lat' dir='ltr'><strong>mandare</strong></span> <span class='ocrx_word' id='word_1_557' title='bbox 1715 822 1872 856; x_wconf 58' lang='lat' dir='ltr'><strong>sepultura}.</strong></span> <span class='ocrx_word' id='word_1_558' title='bbox 1888 819 1965 852; x_wconf 82' lang='lat' dir='ltr'><strong>Quo-</strong></span> 
     </span>
    </p>
   </div>
   <div class='ocr_carea' id='block_1_82' title="bbox 1141 862 1963 904">
    <p class='ocr_par' dir='ltr' id='par_1_88' title="bbox 1141 862 1963 904">
     <span class='ocr_line' id='line_1_98' title="bbox 1141 862 1963 904; baseline -0.01 -5"><span class='ocrx_word' id='word_1_559' title='bbox 1141 862 1249 899; x_wconf 51' lang='lat' dir='ltr'><strong>Ilcirca</strong></span> <span class='ocrx_word' id='word_1_560' title='bbox 1279 872 1344 898; x_wconf 88' lang='lat' dir='ltr'><strong>licet</strong></span> <span class='ocrx_word' id='word_1_561' title='bbox 1375 870 1521 904; x_wconf 83' lang='lat' dir='ltr'><strong>suspicari,</strong></span> <span class='ocrx_word' id='word_1_562' title='bbox 1539 877 1588 896; x_wconf 87' lang='lat' dir='ltr'><strong>vos</strong></span> <span class='ocrx_word' id='word_1_563' title='bbox 1614 875 1674 895; x_wconf 68' lang='lat' dir='ltr'><strong>esse</strong></span> <span class='ocrx_word' id='word_1_564' title='bbox 1709 867 1831 894; x_wconf 83' lang='lat' dir='ltr'><strong>initiatos</strong></span> <span class='ocrx_word' id='word_1_565' title='bbox 1866 866 1963 892; x_wconf 86' lang='lat' dir='ltr'><strong>iisdem</strong></span> 
     </span>
    </p>
   </div>
   <div class='ocr_carea' id='block_1_83' title="bbox 1177 913 1963 954">
    <p class='ocr_par' dir='ltr' id='par_1_89' title="bbox 1177 913 1963 954">
     <span class='ocr_line' id='line_1_99' title="bbox 1177 913 1963 954; baseline -0.01 -9"><span class='ocrx_word' id='word_1_566' title='bbox 1177 918 1325 954; x_wconf 69' lang='lat' dir='ltr'><strong>mysteriis,</strong></span> <span class='ocrx_word' id='word_1_567' title='bbox 1342 917 1444 951; x_wconf 89' lang='lat' dir='ltr'><strong>quibus</strong></span> <span class='ocrx_word' id='word_1_568' title='bbox 1469 915 1497 948; x_wconf 90' lang='lat' dir='ltr'><strong>ii,</strong></span> <span class='ocrx_word' id='word_1_569' title='bbox 1513 922 1583 950; x_wconf 90' lang='lat' dir='ltr'><strong>quos</strong></span> <span class='ocrx_word' id='word_1_570' title='bbox 1609 919 1723 949; x_wconf 70' lang='lat' dir='ltr'><strong>propter</strong></span> <span class='ocrx_word' id='word_1_571' title='bbox 1744 913 1963 945; x_wconf 73' lang='lat' dir='ltr'><strong>conjurationem</strong></span> 
     </span>
    </p>
   </div>
   <div class='ocr_carea' id='block_1_84' title="bbox 1175 957 1965 997">
    <p class='ocr_par' dir='ltr' id='par_1_90' title="bbox 1175 957 1965 997">
     <span class='ocr_line' id='line_1_100' title="bbox 1175 957 1965 997; baseline -0.011 -6"><span class='ocrx_word' id='word_1_572' title='bbox 1175 963 1314 991; x_wconf 85' lang='lat' dir='ltr'><strong>mandatis</strong></span> <span class='ocrx_word' id='word_1_573' title='bbox 1331 963 1488 997; x_wconf 66' lang='lat' dir='ltr'><strong>sepulturae.</strong></span> <span class='ocrx_word' id='word_1_574' title='bbox 1507 961 1658 995; x_wconf 77' lang='lat' dir='ltr'><strong>Respondit</strong></span> <span class='ocrx_word' id='word_1_575' title='bbox 1674 959 1828 989; x_wconf 83' lang='lat' dir='ltr'><strong>Tiburtius,</strong></span> <span class='ocrx_word' id='word_1_576' title='bbox 1845 963 1873 985; x_wconf 87' lang='lat' dir='ltr'><strong>ct</strong></span> <span class='ocrx_word' id='word_1_577' title='bbox 1897 957 1965 983; x_wconf 76' lang='lat' dir='ltr'><strong>dicit</strong></span> 
     </span>
    </p>
   </div>
   <div class='ocr_carea' id='block_1_85' title="bbox 1175 1005 1966 1045">
    <p class='ocr_par' dir='ltr' id='par_1_91' title="bbox 1175 1005 1966 1045">
     <span class='ocr_line' id='line_1_101' title="bbox 1175 1005 1966 1045; baseline -0.011 -8"><span class='ocrx_word' id='word_1_578' title='bbox 1175 1010 1324 1045; x_wconf 74' lang='lat' dir='ltr'><strong>praefecto:</strong></span> <span class='ocrx_word' id='word_1_579' title='bbox 1344 1008 1452 1036; x_wconf 86' lang='lat' dir='ltr'><strong>Utinam</strong></span> <span class='ocrx_word' id='word_1_580' title='bbox 1470 1015 1520 1034; x_wconf 88' lang='lat' dir='ltr'><strong>nos</strong></span> <span class='ocrx_word' id='word_1_581' title='bbox 1534 1007 1681 1042; x_wconf 81' lang='lat' dir='ltr'><strong>dignentur</strong></span> <span class='ocrx_word' id='word_1_582' title='bbox 1696 1005 1799 1032; x_wconf 83' lang='lat' dir='ltr'><strong>referre</strong></span> <span class='ocrx_word' id='word_1_583' title='bbox 1825 1005 1852 1030; x_wconf 85' lang='lat' dir='ltr'><strong>in</strong></span> <span class='ocrx_word' id='word_1_584' title='bbox 1868 1010 1966 1030; x_wconf 79' lang='lat' dir='ltr'><strong>nume—</strong></span> 
     </span>
    </p>
   </div>
   <div class='ocr_carea' id='block_1_86' title="bbox 1176 1049 1967 1087">
    <p class='ocr_par' dir='ltr' id='par_1_92' title="bbox 1176 1049 1967 1087">
     <span class='ocr_line' id='line_1_102' title="bbox 1176 1049 1967 1087; baseline -0.011 -4"><span class='ocrx_word' id='word_1_585' title='bbox 1176 1064 1237 1083; x_wconf 88' lang='lat' dir='ltr'><strong>rum</strong></span> <span class='ocrx_word' id='word_1_586' title='bbox 1260 1063 1373 1082; x_wconf 87' lang='lat' dir='ltr'><strong>suornm</strong></span> <span class='ocrx_word' id='word_1_587' title='bbox 1398 1061 1551 1083; x_wconf 76' lang='lat' dir='ltr'><strong>servorum.</strong></span> <span class='ocrx_word' id='word_1_588' title='bbox 1575 1060 1693 1087; x_wconf 82' lang='lat' dir='ltr'><strong>quorum</strong></span> <span class='ocrx_word' id='word_1_589' title='bbox 1721 1057 1749 1078; x_wconf 86' lang='grc' dir='ltr'>ιιι</span> <span class='ocrx_word' id='word_1_590' title='bbox 1778 1058 1828 1077; x_wconf 85' lang='lat' dir='ltr'><strong>nos</strong></span> <span class='ocrx_word' id='word_1_591' title='bbox 1852 1049 1967 1084; x_wconf 71' lang='lat' dir='ltr'><strong>conjici:</strong></span> 
     </span>
    </p>
   </div>
   <div class='ocr_carea' id='block_1_87' title="bbox 1174 1095 1965 1136">
    <p class='ocr_par' dir='ltr' id='par_1_93' title="bbox 1174 1095 1965 1136">
     <span class='ocr_line' id='line_1_103' title="bbox 1174 1095 1965 1136; baseline -0.013 -6"><span class='ocrx_word' id='word_1_592' title='bbox 1174 1110 1236 1130; x_wconf 77' lang='lat' dir='ltr'><strong>esse</strong></span> <span class='ocrx_word' id='word_1_593' title='bbox 1255 1102 1347 1129; x_wconf 82' lang='lat' dir='ltr'><strong>socios</strong></span> <span class='ocrx_word' id='word_1_594' title='bbox 1359 1122 1366 1133; x_wconf 93' lang='lat'><strong>,</strong></span> <span class='ocrx_word' id='word_1_595' title='bbox 1380 1102 1427 1136; x_wconf 88' lang='lat' dir='ltr'><strong>qui</strong></span> <span class='ocrx_word' id='word_1_596' title='bbox 1444 1100 1555 1136; x_wconf 82' lang='lat' dir='ltr'><strong>quidem</strong></span> <span class='ocrx_word' id='word_1_597' title='bbox 1575 1103 1741 1134; x_wconf 80' lang='lat' dir='ltr'><strong>respuerunt</strong></span> <span class='ocrx_word' id='word_1_598' title='bbox 1765 1097 1790 1124; x_wconf 92' lang='lat' dir='ltr'><strong>id</strong></span> <span class='ocrx_word' id='word_1_599' title='bbox 1813 1104 1874 1123; x_wconf 78' lang='lat' dir='ltr'><strong>esse</strong></span> <span class='ocrx_word' id='word_1_600' title='bbox 1891 1095 1965 1129; x_wconf 85' lang='lat' dir='ltr'><strong>quod</strong></span> 
     </span>
    </p>
   </div>
   <div class='ocr_carea' id='block_1_88' title="bbox 1175 1141 1965 1177">
    <p class='ocr_par' dir='ltr' id='par_1_94' title="bbox 1175 1141 1965 1177">
     <span class='ocr_line' id='line_1_104' title="bbox 1175 1141 1965 1177; baseline -0.01 -2"><span class='ocrx_word' id='word_1_601' title='bbox 1175 1149 1284 1175; x_wconf 86' lang='lat' dir='ltr'><strong>videtur</strong></span> <span class='ocrx_word' id='word_1_602' title='bbox 1313 1153 1341 1174; x_wconf 90' lang='lat' dir='ltr'><strong>et</strong></span> <span class='ocrx_word' id='word_1_603' title='bbox 1370 1155 1425 1174; x_wconf 90' lang='lat' dir='ltr'><strong>non</strong></span> <span class='ocrx_word' id='word_1_604' title='bbox 1448 1151 1508 1177; x_wconf 85' lang='lat' dir='ltr'><strong>est,</strong></span> <span class='ocrx_word' id='word_1_605' title='bbox 1527 1151 1556 1172; x_wconf 92' lang='lat' dir='ltr'><strong>et</strong></span> <span class='ocrx_word' id='word_1_606' title='bbox 1580 1145 1746 1172; x_wconf 88' lang='lat' dir='ltr'><strong>invenerunt</strong></span> <span class='ocrx_word' id='word_1_607' title='bbox 1768 1143 1834 1170; x_wconf 83' lang='lat' dir='ltr'><strong>illud</strong></span> <span class='ocrx_word' id='word_1_608' title='bbox 1851 1163 1857 1172; x_wconf 84' lang='lat'><strong>.</strong></span> <span class='ocrx_word' id='word_1_609' title='bbox 1892 1141 1965 1176; x_wconf 60' lang='lat' dir='ltr'><strong>quod</strong></span> 
     </span>
    </p>
   </div>
   <div class='ocr_carea' id='block_1_89' title="bbox 1176 1193 1545 1220">
    <p class='ocr_par' dir='ltr' id='par_1_95' title="bbox 1176 1193 1545 1220">
     <span class='ocr_line' id='line_1_105' title="bbox 1176 1193 1545 1220; baseline -0.011 0"><span class='ocrx_word' id='word_1_610' title='bbox 1176 1193 1286 1220; x_wconf 73' lang='lat' dir='ltr'><strong>videtur</strong></span> <span class='ocrx_word' id='word_1_611' title='bbox 1302 1201 1356 1220; x_wconf 85' lang='lat' dir='ltr'><strong>nun</strong></span> <span class='ocrx_word' id='word_1_612' title='bbox 1370 1200 1430 1219; x_wconf 85' lang='lat' dir='ltr'><strong>esse</strong></span> <span class='ocrx_word' id='word_1_613' title='bbox 1452 1196 1479 1218; x_wconf 89' lang='lat' dir='ltr'><strong>et</strong></span> <span class='ocrx_word' id='word_1_614' title='bbox 1494 1196 1545 1218; x_wconf 86' lang='lat' dir='ltr'><strong>est.</strong></span> 
     </span>
    </p>
   </div>
   <div class='ocr_carea' id='block_1_90' title="bbox 1215 1233 1965 1271">
    <p class='ocr_par' dir='ltr' id='par_1_96' title="bbox 1215 1233 1965 1271">
     <span class='ocr_line' id='line_1_106' title="bbox 1215 1233 1965 1271; baseline -0.009 -6"><span class='ocrx_word' id='word_1_615' title='bbox 1215 1238 1282 1265; x_wconf 71' lang='lat' dir='ltr'><strong>XVI.</strong></span> <span class='ocrx_word' id='word_1_616' title='bbox 1314 1237 1474 1264; x_wconf 81' lang='lat' dir='ltr'><strong>Almachius</strong></span> <span class='ocrx_word' id='word_1_617' title='bbox 1499 1236 1643 1271; x_wconf 69' lang='lat' dir='ltr'><strong>prtefectus</strong></span> <span class='ocrx_word' id='word_1_618' title='bbox 1661 1234 1731 1261; x_wconf 88' lang='lat' dir='ltr'><strong>dixit</strong></span> <span class='ocrx_word' id='word_1_619' title='bbox 1746 1243 1752 1260; x_wconf 92' lang='lat'><strong>:</strong></span> <span class='ocrx_word' id='word_1_620' title='bbox 1769 1234 1801 1260; x_wconf 87' lang='lat' dir='ltr'><strong>Et</strong></span> <span class='ocrx_word' id='word_1_621' title='bbox 1817 1233 1882 1268; x_wconf 89' lang='lat' dir='ltr'><strong>quid</strong></span> <span class='ocrx_word' id='word_1_622' title='bbox 1906 1236 1965 1263; x_wconf 84' lang='lat' dir='ltr'><strong>est,</strong></span> 
     </span>
    </p>
   </div>
   <div class='ocr_carea' id='block_1_91' title="bbox 1179 1279 1964 1319">
    <p class='ocr_par' dir='ltr' id='par_1_97' title="bbox 1179 1279 1964 1319">
     <span class='ocr_line' id='line_1_107' title="bbox 1179 1279 1964 1319; baseline -0.009 -8"><span class='ocrx_word' id='word_1_623' title='bbox 1179 1284 1252 1319; x_wconf 88' lang='lat' dir='ltr'><strong>quod</strong></span> <span class='ocrx_word' id='word_1_624' title='bbox 1269 1283 1380 1311; x_wconf 86' lang='lat' dir='ltr'><strong>videtur</strong></span> <span class='ocrx_word' id='word_1_625' title='bbox 1405 1290 1465 1310; x_wconf 75' lang='lat' dir='ltr'><strong>esse</strong></span> <span class='ocrx_word' id='word_1_626' title='bbox 1489 1289 1517 1309; x_wconf 89' lang='lat' dir='ltr'><strong>et</strong></span> <span class='ocrx_word' id='word_1_627' title='bbox 1542 1290 1596 1308; x_wconf 93' lang='lat' dir='ltr'><strong>non</strong></span> <span class='ocrx_word' id='word_1_628' title='bbox 1617 1282 1680 1308; x_wconf 77' lang='lat' dir='ltr'><strong>est?</strong></span> <span class='ocrx_word' id='word_1_629' title='bbox 1705 1281 1776 1307; x_wconf 90' lang='lat' dir='ltr'><strong>Dixit</strong></span> <span class='ocrx_word' id='word_1_630' title='bbox 1799 1279 1964 1306; x_wconf 84' lang='lat' dir='ltr'><strong>Tiburtius:</strong></span> 
     </span>
    </p>
   </div>
   <div class='ocr_carea' id='block_1_92' title="bbox 1179 1323 1965 1363">
    <p class='ocr_par' dir='ltr' id='par_1_98' title="bbox 1179 1323 1965 1363">
     <span class='ocr_line' id='line_1_108' title="bbox 1179 1323 1965 1363; baseline -0.006 -8"><span class='ocrx_word' id='word_1_631' title='bbox 1179 1329 1276 1356; x_wconf 90' lang='lat' dir='ltr'><strong>Omnia</strong></span> <span class='ocrx_word' id='word_1_632' title='bbox 1293 1336 1355 1363; x_wconf 74' lang='lat' dir='ltr'><strong>qua:</strong></span> <span class='ocrx_word' id='word_1_633' title='bbox 1369 1332 1433 1354; x_wconf 88' lang='lat' dir='ltr'><strong>sunt</strong></span> <span class='ocrx_word' id='word_1_634' title='bbox 1451 1327 1478 1354; x_wconf 91' lang='lat' dir='ltr'><strong>in</strong></span> <span class='ocrx_word' id='word_1_635' title='bbox 1493 1327 1606 1357; x_wconf 90' lang='lat' dir='ltr'><strong>mundo,</strong></span> <span class='ocrx_word' id='word_1_636' title='bbox 1619 1333 1679 1360; x_wconf 71' lang='lat' dir='ltr'><strong>qua:</strong></span> <span class='ocrx_word' id='word_1_637' title='bbox 1691 1326 1794 1352; x_wconf 79' lang='lat' dir='ltr'><strong>animas</strong></span> <span class='ocrx_word' id='word_1_638' title='bbox 1807 1329 1906 1351; x_wconf 85' lang='lat' dir='ltr'><strong>vocant</strong></span> <span class='ocrx_word' id='word_1_639' title='bbox 1931 1323 1965 1350; x_wconf 88' lang='lat' dir='ltr'><strong>ad</strong></span> 
     </span>
    </p>
   </div>
   <div class='ocr_carea' id='block_1_93' title="bbox 1179 1369 1965 1406">
    <p class='ocr_par' dir='ltr' id='par_1_99' title="bbox 1179 1369 1965 1406">
     <span class='ocr_line' id='line_1_109' title="bbox 1179 1369 1965 1406; baseline -0.008 -5"><span class='ocrx_word' id='word_1_640' title='bbox 1179 1378 1296 1401; x_wconf 86' lang='lat' dir='ltr'><strong>mortem</strong></span> <span class='ocrx_word' id='word_1_641' title='bbox 1322 1377 1452 1400; x_wconf 63' lang='lat' dir='ltr'><strong>aeternam</strong></span> <span class='ocrx_word' id='word_1_642' title='bbox 1480 1379 1529 1406; x_wconf 87' lang='lat' dir='ltr'><strong>per</strong></span> <span class='ocrx_word' id='word_1_643' title='bbox 1559 1371 1651 1398; x_wconf 87' lang='lat' dir='ltr'><strong>brevis</strong></span> <span class='ocrx_word' id='word_1_644' title='bbox 1676 1371 1808 1404; x_wconf 84' lang='lat' dir='ltr'><strong>temporis</strong></span> <span class='ocrx_word' id='word_1_645' title='bbox 1830 1369 1965 1396; x_wconf 64' lang='lat' dir='ltr'><strong>latitiam.</strong></span> 
     </span>
    </p>
   </div>
   <div class='ocr_carea' id='block_1_94' title="bbox 1180 1415 1966 1453">
    <p class='ocr_par' dir='ltr' id='par_1_100' title="bbox 1180 1415 1966 1453">
     <span class='ocr_line' id='line_1_110' title="bbox 1180 1415 1966 1453; baseline -0.004 -7"><span class='ocrx_word' id='word_1_646' title='bbox 1180 1419 1254 1446; x_wconf 84' lang='lat' dir='ltr'><strong>Dixit</strong></span> <span class='ocrx_word' id='word_1_647' title='bbox 1282 1418 1442 1446; x_wconf 83' lang='lat' dir='ltr'><strong>Almacltius</strong></span> <span class='ocrx_word' id='word_1_648' title='bbox 1468 1417 1612 1453; x_wconf 68' lang='lat' dir='ltr'><strong>praefectus</strong></span> <span class='ocrx_word' id='word_1_649' title='bbox 1632 1417 1687 1444; x_wconf 85' lang='lat' dir='ltr'><strong>:Et</strong></span> <span class='ocrx_word' id='word_1_650' title='bbox 1711 1416 1777 1451; x_wconf 91' lang='lat' dir='ltr'><strong>quid</strong></span> <span class='ocrx_word' id='word_1_651' title='bbox 1807 1421 1867 1447; x_wconf 83' lang='lat' dir='ltr'><strong>est.</strong></span> <span class='ocrx_word' id='word_1_652' title='bbox 1891 1415 1966 1450; x_wconf 90' lang='lat' dir='ltr'><strong>quod</strong></span> 
     </span>
    </p>
   </div>
   <div class='ocr_carea' id='block_1_95' title="bbox 1180 1454 1967 1495">
    <p class='ocr_par' dir='ltr' id='par_1_101' title="bbox 1180 1454 1967 1495">
     <span class='ocr_line' id='line_1_111' title="bbox 1180 1454 1967 1495; baseline -0.006 -3"><span class='ocrx_word' id='word_1_653' title='bbox 1180 1473 1235 1492; x_wconf 93' lang='lat' dir='ltr'><strong>non</strong></span> <span class='ocrx_word' id='word_1_654' title='bbox 1252 1454 1362 1492; x_wconf 70' lang='lat' dir='ltr'><strong>videiur</strong></span> <span class='ocrx_word' id='word_1_655' title='bbox 1382 1471 1442 1491; x_wconf 87' lang='lat' dir='ltr'><strong>esse</strong></span> <span class='ocrx_word' id='word_1_656' title='bbox 1458 1468 1486 1491; x_wconf 90' lang='lat' dir='ltr'><strong>et</strong></span> <span class='ocrx_word' id='word_1_657' title='bbox 1505 1463 1565 1491; x_wconf 81' lang='lat' dir='ltr'><strong>est?</strong></span> <span class='ocrx_word' id='word_1_658' title='bbox 1581 1463 1724 1490; x_wconf 87' lang='lat' dir='ltr'><strong>Tiburtius</strong></span> <span class='ocrx_word' id='word_1_659' title='bbox 1747 1463 1817 1490; x_wconf 83' lang='lat' dir='ltr'><strong>dixit</strong></span> <span class='ocrx_word' id='word_1_660' title='bbox 1843 1471 1850 1490; x_wconf 91' lang='lat'>:</span> <span class='ocrx_word' id='word_1_661' title='bbox 1883 1463 1967 1495; x_wconf 77' lang='lat' dir='ltr'><strong>Vita,</strong></span> 
     </span>
    </p>
   </div>
   <div class='ocr_carea' id='block_1_96' title="bbox 1181 1509 1969 1546">
    <p class='ocr_par' dir='ltr' id='par_1_102' title="bbox 1181 1509 1969 1546">
     <span class='ocr_line' id='line_1_112' title="bbox 1181 1509 1969 1546; baseline -0.003 -9"><span class='ocrx_word' id='word_1_662' title='bbox 1181 1518 1242 1546; x_wconf 77' lang='lat' dir='ltr'><strong>qua:</strong></span> <span class='ocrx_word' id='word_1_663' title='bbox 1256 1510 1347 1537; x_wconf 84' lang='lat' dir='ltr'><strong>futura</strong></span> <span class='ocrx_word' id='word_1_664' title='bbox 1363 1511 1506 1545; x_wconf 82' lang='lat' dir='ltr'><strong>cstjustis,</strong></span> <span class='ocrx_word' id='word_1_665' title='bbox 1520 1515 1549 1537; x_wconf 82' lang='lat' dir='ltr'><strong>et</strong></span> <span class='ocrx_word' id='word_1_666' title='bbox 1573 1510 1748 1544; x_wconf 87' lang='lat' dir='ltr'><strong>supplicium,</strong></span> <span class='ocrx_word' id='word_1_667' title='bbox 1764 1509 1838 1544; x_wconf 89' lang='lat' dir='ltr'><strong>quod</strong></span> <span class='ocrx_word' id='word_1_668' title='bbox 1854 1510 1969 1536; x_wconf 90' lang='lat' dir='ltr'><strong>dabitur</strong></span> 
     </span>
    </p>
   </div>
   <div class='ocr_carea' id='block_1_97' title="bbox 1181 1556 1969 1592">
    <p class='ocr_par' dir='ltr' id='par_1_103' title="bbox 1181 1556 1969 1592">
     <span class='ocr_line' id='line_1_113' title="bbox 1181 1556 1969 1592; baseline -0.001 -8"><span class='ocrx_word' id='word_1_669' title='bbox 1181 1557 1308 1592; x_wconf 87' lang='lat' dir='ltr'><strong>injustis;</strong></span> <span class='ocrx_word' id='word_1_670' title='bbox 1322 1564 1355 1584; x_wconf 80' lang='lat' dir='ltr'><strong>ex</strong></span> <span class='ocrx_word' id='word_1_671' title='bbox 1378 1561 1493 1591; x_wconf 90' lang='lat' dir='ltr'><strong>utraque</strong></span> <span class='ocrx_word' id='word_1_672' title='bbox 1519 1556 1592 1583; x_wconf 88' lang='lat' dir='ltr'><strong>enim</strong></span> <span class='ocrx_word' id='word_1_673' title='bbox 1613 1560 1689 1590; x_wconf 87' lang='lat' dir='ltr'><strong>parte</strong></span> <span class='ocrx_word' id='word_1_674' title='bbox 1715 1557 1895 1591; x_wconf 83' lang='lat' dir='ltr'><strong>cognovimus</strong></span> <span class='ocrx_word' id='word_1_675' title='bbox 1917 1563 1969 1583; x_wconf 79' lang='lat' dir='ltr'><strong>ve-</strong></span> 
     </span>
    </p>
   </div>
   <div class='ocr_carea' id='block_1_98' title="bbox 1180 1601 1966 1635">
    <p class='ocr_par' dir='ltr' id='par_1_104' title="bbox 1180 1601 1966 1635">
     <span class='ocr_line' id='line_1_114' title="bbox 1180 1601 1966 1635; baseline -0.001 -6"><span class='ocrx_word' id='word_1_676' title='bbox 1180 1609 1240 1629; x_wconf 89' lang='lat' dir='ltr'><strong>rum</strong></span> <span class='ocrx_word' id='word_1_677' title='bbox 1257 1610 1318 1630; x_wconf 83' lang='lat' dir='ltr'><strong>esse</strong></span> <span class='ocrx_word' id='word_1_678' title='bbox 1337 1610 1367 1630; x_wconf 92' lang='lat' dir='ltr'><strong>ea</strong></span> <span class='ocrx_word' id='word_1_679' title='bbox 1397 1607 1512 1629; x_wconf 87' lang='lat' dir='ltr'><strong>ventura</strong></span> <span class='ocrx_word' id='word_1_680' title='bbox 1528 1609 1536 1628; x_wconf 87' lang='lat'><strong>:</strong></span> <span class='ocrx_word' id='word_1_681' title='bbox 1552 1606 1579 1629; x_wconf 89' lang='lat' dir='ltr'><strong>et</strong></span> <span class='ocrx_word' id='word_1_682' title='bbox 1594 1604 1621 1629; x_wconf 88' lang='lat' dir='ltr'><strong>in</strong></span> <span class='ocrx_word' id='word_1_683' title='bbox 1642 1601 1730 1629; x_wconf 86' lang='lat' dir='ltr'><strong>fausta</strong></span> <span class='ocrx_word' id='word_1_684' title='bbox 1749 1602 1945 1629; x_wconf 79' lang='lat' dir='ltr'><strong>distributione</strong></span> <span class='ocrx_word' id='word_1_685' title='bbox 1959 1624 1966 1635; x_wconf 85' lang='grc'><em>,</em></span> 
     </span>
    </p>
   </div>
   <div class='ocr_carea' id='block_1_99' title="bbox 1179 1647 1968 1683">
    <p class='ocr_par' dir='ltr' id='par_1_105' title="bbox 1179 1647 1968 1683">
     <span class='ocr_line' id='line_1_115' title="bbox 1179 1647 1968 1683; baseline 0.001 -9"><span class='ocrx_word' id='word_1_686' title='bbox 1179 1647 1251 1683; x_wconf 88' lang='lat' dir='ltr'><strong>quod</strong></span> <span class='ocrx_word' id='word_1_687' title='bbox 1281 1648 1368 1675; x_wconf 84' lang='lat' dir='ltr'><strong>oculis</strong></span> <span class='ocrx_word' id='word_1_688' title='bbox 1389 1647 1480 1675; x_wconf 89' lang='lat' dir='ltr'><strong>cordis</strong></span> <span class='ocrx_word' id='word_1_689' title='bbox 1506 1648 1594 1674; x_wconf 89' lang='lat' dir='ltr'><strong>nostri</strong></span> <span class='ocrx_word' id='word_1_690' title='bbox 1618 1647 1810 1682; x_wconf 84' lang='lat' dir='ltr'><strong>cognoscimus</strong></span> <span class='ocrx_word' id='word_1_691' title='bbox 1824 1667 1831 1679; x_wconf 94' lang='lat'><strong>,</strong></span> <span class='ocrx_word' id='word_1_692' title='bbox 1854 1648 1880 1675; x_wconf 89' lang='lat' dir='ltr'><strong>id</strong></span> <span class='ocrx_word' id='word_1_693' title='bbox 1902 1656 1968 1675; x_wconf 89' lang='lat' dir='ltr'><strong>cor-</strong></span> 
     </span>
    </p>
   </div>
   <div class='ocr_carea' id='block_1_100' title="bbox 1179 1693 1969 1729">
    <p class='ocr_par' dir='ltr' id='par_1_106' title="bbox 1179 1693 1969 1729">
     <span class='ocr_line' id='line_1_116' title="bbox 1179 1693 1969 1729; baseline 0.001 -9"><span class='ocrx_word' id='word_1_694' title='bbox 1179 1695 1255 1729; x_wconf 89' lang='lat' dir='ltr'><strong>poris</strong></span> <span class='ocrx_word' id='word_1_695' title='bbox 1279 1694 1366 1721; x_wconf 85' lang='lat' dir='ltr'><strong>nostri</strong></span> <span class='ocrx_word' id='word_1_696' title='bbox 1383 1694 1471 1721; x_wconf 90' lang='lat' dir='ltr'><strong>oculis</strong></span> <span class='ocrx_word' id='word_1_697' title='bbox 1488 1694 1667 1728; x_wconf 85' lang='lat' dir='ltr'><strong>spectandum</strong></span> <span class='ocrx_word' id='word_1_698' title='bbox 1695 1693 1841 1720; x_wconf 79' lang='lat' dir='ltr'><strong>referimus</strong></span> <span class='ocrx_word' id='word_1_699' title='bbox 1855 1714 1861 1726; x_wconf 93' lang='lat'><strong>,</strong></span> <span class='ocrx_word' id='word_1_700' title='bbox 1888 1699 1917 1720; x_wconf 90' lang='lat' dir='ltr'><strong>ut</strong></span> <span class='ocrx_word' id='word_1_701' title='bbox 1939 1694 1969 1721; x_wconf 78' lang='lat' dir='ltr'><strong>in</strong></span> 
     </span>
    </p>
   </div>
   <div class='ocr_carea' id='block_1_101' title="bbox 1179 1740 1970 1774">
    <p class='ocr_par' dir='ltr' id='par_1_107' title="bbox 1179 1740 1970 1774">
     <span class='ocr_line' id='line_1_117' title="bbox 1179 1740 1970 1774; baseline 0 -8"><span class='ocrx_word' id='word_1_702' title='bbox 1179 1745 1273 1767; x_wconf 88' lang='lat' dir='ltr'><strong>nostra</strong></span> <span class='ocrx_word' id='word_1_703' title='bbox 1292 1740 1462 1767; x_wconf 84' lang='lat' dir='ltr'><strong>conscientia</strong></span> <span class='ocrx_word' id='word_1_704' title='bbox 1483 1747 1542 1774; x_wconf 68' lang='lat' dir='ltr'><strong>quae</strong></span> <span class='ocrx_word' id='word_1_705' title='bbox 1565 1744 1630 1766; x_wconf 91' lang='lat' dir='ltr'><strong>sunt</strong></span> <span class='ocrx_word' id='word_1_706' title='bbox 1655 1740 1741 1771; x_wconf 84' lang='lat' dir='ltr'><strong>bona,</strong></span> <span class='ocrx_word' id='word_1_707' title='bbox 1769 1740 1847 1767; x_wconf 86' lang='lat' dir='ltr'><strong>malis</strong></span> <span class='ocrx_word' id='word_1_708' title='bbox 1869 1741 1970 1767; x_wconf 90' lang='lat' dir='ltr'><strong>obum-</strong></span> 
     </span>
    </p>
   </div>
   <div class='ocr_carea' id='block_1_102' title="bbox 1180 1785 1970 1821">
    <p class='ocr_par' dir='ltr' id='par_1_108' title="bbox 1180 1785 1970 1821">
     <span class='ocr_line' id='line_1_118' title="bbox 1180 1785 1970 1821; baseline 0 -8"><span class='ocrx_word' id='word_1_709' title='bbox 1180 1786 1291 1813; x_wconf 82' lang='lat' dir='ltr'><strong>brentus</strong></span> <span class='ocrx_word' id='word_1_710' title='bbox 1313 1785 1477 1813; x_wconf 86' lang='lat' dir='ltr'><strong>rationibus.</strong></span> <span class='ocrx_word' id='word_1_711' title='bbox 1505 1785 1578 1812; x_wconf 90' lang='lat' dir='ltr'><strong>Dixit</strong></span> <span class='ocrx_word' id='word_1_712' title='bbox 1601 1785 1748 1821; x_wconf 71' lang='lat' dir='ltr'><strong>prtefectus</strong></span> <span class='ocrx_word' id='word_1_713' title='bbox 1783 1786 1942 1813; x_wconf 80' lang='lat' dir='ltr'><strong>Almacltius</strong></span> <span class='ocrx_word' id='word_1_714' title='bbox 1960 1796 1970 1814; x_wconf 85' lang='lat'><strong>-.</strong></span> 
     </span>
    </p>
   </div>
   <div class='ocr_carea' id='block_1_103' title="bbox 1180 1832 1969 1867">
    <p class='ocr_par' dir='ltr' id='par_1_109' title="bbox 1180 1832 1969 1867">
     <span class='ocr_line' id='line_1_119' title="bbox 1180 1832 1969 1867; baseline 0.001 -8"><span class='ocrx_word' id='word_1_715' title='bbox 1180 1832 1239 1859; x_wconf 83' lang='lat' dir='ltr'><strong>Non</strong></span> <span class='ocrx_word' id='word_1_716' title='bbox 1263 1837 1331 1867; x_wconf 87' lang='lat' dir='ltr'><strong>puto</strong></span> <span class='ocrx_word' id='word_1_717' title='bbox 1355 1837 1381 1859; x_wconf 89' lang='lat' dir='ltr'><strong>te</strong></span> <span class='ocrx_word' id='word_1_718' title='bbox 1407 1836 1498 1859; x_wconf 85' lang='lat' dir='ltr'><strong>tuente</strong></span> <span class='ocrx_word' id='word_1_719' title='bbox 1525 1837 1572 1859; x_wconf 85' lang='lat' dir='ltr'><strong>tua</strong></span> <span class='ocrx_word' id='word_1_720' title='bbox 1595 1832 1682 1867; x_wconf 85' lang='lat' dir='ltr'><strong>loqui.</strong></span> <span class='ocrx_word' id='word_1_721' title='bbox 1702 1832 1774 1859; x_wconf 83' lang='lat' dir='ltr'><strong>Dixit</strong></span> <span class='ocrx_word' id='word_1_722' title='bbox 1800 1833 1969 1860; x_wconf 83' lang='lat' dir='ltr'><strong>Tiburtius:</strong></span> 
     </span>
    </p>
   </div>
   <div class='ocr_carea' id='block_1_104' title="bbox 1179 1878 1969 1913">
    <p class='ocr_par' dir='ltr' id='par_1_110' title="bbox 1179 1878 1969 1913">
     <span class='ocr_line' id='line_1_120' title="bbox 1179 1878 1969 1913; baseline 0.001 -8"><span class='ocrx_word' id='word_1_723' title='bbox 1179 1878 1239 1906; x_wconf 83' lang='lat' dir='ltr'><strong>Non</strong></span> <span class='ocrx_word' id='word_1_724' title='bbox 1254 1878 1352 1913; x_wconf 88' lang='lat' dir='ltr'><strong>loquor</strong></span> <span class='ocrx_word' id='word_1_725' title='bbox 1369 1883 1460 1906; x_wconf 85' lang='lat' dir='ltr'><strong>mente</strong></span> <span class='ocrx_word' id='word_1_726' title='bbox 1473 1886 1544 1911; x_wconf 83' lang='lat' dir='ltr'><strong>utea,</strong></span> <span class='ocrx_word' id='word_1_727' title='bbox 1560 1879 1608 1905; x_wconf 84' lang='lat' dir='ltr'><strong>sed</strong></span> <span class='ocrx_word' id='word_1_728' title='bbox 1625 1879 1713 1910; x_wconf 83' lang='lat' dir='ltr'><strong>illius,</strong></span> <span class='ocrx_word' id='word_1_729' title='bbox 1732 1887 1813 1913; x_wconf 78' lang='lat' dir='ltr'><strong>quem</strong></span> <span class='ocrx_word' id='word_1_730' title='bbox 1830 1880 1920 1913; x_wconf 69' lang='lat' dir='ltr'><strong>acet-pi</strong></span> <span class='ocrx_word' id='word_1_731' title='bbox 1939 1880 1969 1906; x_wconf 89' lang='lat' dir='ltr'><strong>in</strong></span> 
     </span>
    </p>
   </div>
   <div class='ocr_carea' id='block_1_105' title="bbox 1180 1923 1970 1957">
    <p class='ocr_par' dir='ltr' id='par_1_111' title="bbox 1180 1923 1970 1957">
     <span class='ocr_line' id='line_1_121' title="bbox 1180 1923 1970 1957; baseline -0.003 -6"><span class='ocrx_word' id='word_1_732' title='bbox 1180 1924 1334 1951; x_wconf 84' lang='lat' dir='ltr'><strong>visceribus</strong></span> <span class='ocrx_word' id='word_1_733' title='bbox 1348 1923 1448 1950; x_wconf 88' lang='lat' dir='ltr'><strong>mentis</strong></span> <span class='ocrx_word' id='word_1_734' title='bbox 1464 1931 1540 1950; x_wconf 68' lang='lat' dir='ltr'><strong>mete.</strong></span> <span class='ocrx_word' id='word_1_735' title='bbox 1556 1923 1628 1950; x_wconf 89' lang='lat' dir='ltr'><strong>Dixit</strong></span> <span class='ocrx_word' id='word_1_736' title='bbox 1642 1923 1798 1950; x_wconf 79' lang='lat' dir='ltr'><strong>Almacltius</strong></span> <span class='ocrx_word' id='word_1_737' title='bbox 1811 1924 1970 1957; x_wconf 70' lang='lat' dir='ltr'><strong>prmfectus.</strong></span> 
     </span>
    </p>
   </div>
   <div class='ocr_carea' id='block_1_106' title="bbox 1179 1969 1969 2005">
    <p class='ocr_par' dir='ltr' id='par_1_112' title="bbox 1179 1969 1969 2005">
     <span class='ocr_line' id='line_1_122' title="bbox 1179 1969 1969 2005; baseline 0.001 -8"><span class='ocrx_word' id='word_1_738' title='bbox 1179 1970 1317 2005; x_wconf 77' lang='lat' dir='ltr'><strong>Numquid</strong></span> <span class='ocrx_word' id='word_1_739' title='bbox 1347 1970 1419 1997; x_wconf 77' lang='lat' dir='ltr'><strong>nosti</strong></span> <span class='ocrx_word' id='word_1_740' title='bbox 1459 1969 1533 2004; x_wconf 88' lang='lat' dir='ltr'><strong>quod</strong></span> <span class='ocrx_word' id='word_1_741' title='bbox 1571 1970 1657 1996; x_wconf 84' lang='lat' dir='ltr'><strong>dicis?</strong></span> <span class='ocrx_word' id='word_1_742' title='bbox 1692 1970 1762 1996; x_wconf 78' lang='lat' dir='ltr'><strong>Dixit</strong></span> <span class='ocrx_word' id='word_1_743' title='bbox 1801 1969 1969 1998; x_wconf 86' lang='lat' dir='ltr'><strong>Tiburtius:</strong></span> 
     </span>
    </p>
   </div>
   <div class='ocr_carea' id='block_1_107' title="bbox 1179 2015 1970 2051">
    <p class='ocr_par' dir='ltr' id='par_1_113' title="bbox 1179 2015 1970 2051">
     <span class='ocr_line' id='line_1_123' title="bbox 1179 2015 1970 2051; baseline 0.001 -9"><span class='ocrx_word' id='word_1_744' title='bbox 1179 2016 1213 2042; x_wconf 75' lang='lat' dir='ltr'><strong>Et</strong></span> <span class='ocrx_word' id='word_1_745' title='bbox 1229 2016 1308 2047; x_wconf 85' lang='lat' dir='ltr'><strong>novi,</strong></span> <span class='ocrx_word' id='word_1_746' title='bbox 1328 2020 1356 2042; x_wconf 93' lang='lat' dir='ltr'><strong>et</strong></span> <span class='ocrx_word' id='word_1_747' title='bbox 1371 2015 1474 2047; x_wconf 84' lang='lat' dir='ltr'><strong>didici,</strong></span> <span class='ocrx_word' id='word_1_748' title='bbox 1491 2021 1518 2043; x_wconf 88' lang='lat' dir='ltr'><strong>et</strong></span> <span class='ocrx_word' id='word_1_749' title='bbox 1533 2016 1616 2043; x_wconf 90' lang='lat' dir='ltr'><strong>credo</strong></span> <span class='ocrx_word' id='word_1_750' title='bbox 1629 2036 1636 2046; x_wconf 87' lang='lat'><strong><em>.</em></strong></span> <span class='ocrx_word' id='word_1_751' title='bbox 1653 2016 1726 2051; x_wconf 90' lang='lat' dir='ltr'><strong>quod</strong></span> <span class='ocrx_word' id='word_1_752' title='bbox 1740 2017 1832 2043; x_wconf 88' lang='lat' dir='ltr'><strong>omnia</strong></span> <span class='ocrx_word' id='word_1_753' title='bbox 1845 2037 1851 2047; x_wconf 86' lang='lat'><strong><em>.</em></strong></span> <span class='ocrx_word' id='word_1_754' title='bbox 1873 2024 1932 2051; x_wconf 66' lang='lat' dir='ltr'><strong>qua:</strong></span> <span class='ocrx_word' id='word_1_755' title='bbox 1953 2024 1970 2043; x_wconf 82' lang='lat' dir='ltr'><strong>a</strong></span> 
     </span>
    </p>
   </div>
   <div class='ocr_carea' id='block_1_108' title="bbox 1181 2062 1970 2097">
    <p class='ocr_par' dir='ltr' id='par_1_114' title="bbox 1181 2062 1970 2097">
     <span class='ocr_line' id='line_1_124' title="bbox 1181 2062 1970 2097; baseline 0.003 -9"><span class='ocrx_word' id='word_1_756' title='bbox 1181 2070 1223 2088; x_wconf 88' lang='lat' dir='ltr'><strong>tne</strong></span> <span class='ocrx_word' id='word_1_757' title='bbox 1243 2062 1315 2089; x_wconf 85' lang='lat' dir='ltr'><strong>dicta</strong></span> <span class='ocrx_word' id='word_1_758' title='bbox 1337 2066 1415 2094; x_wconf 88' lang='lat' dir='ltr'><strong>suttt,</strong></span> <span class='ocrx_word' id='word_1_759' title='bbox 1440 2069 1610 2096; x_wconf 82' lang='lat' dir='ltr'><strong>permanent.</strong></span> <span class='ocrx_word' id='word_1_760' title='bbox 1632 2062 1790 2089; x_wconf 84' lang='lat' dir='ltr'><strong>Atmachitts</strong></span> <span class='ocrx_word' id='word_1_761' title='bbox 1805 2063 1970 2097; x_wconf 64' lang='lat' dir='ltr'><strong>praefectus:</strong></span> 
     </span>
    </p>
   </div>
   <div class='ocr_carea' id='block_1_109' title="bbox 1181 2106 1970 2142">
    <p class='ocr_par' dir='ltr' id='par_1_115' title="bbox 1181 2106 1970 2142">
     <span class='ocr_line' id='line_1_125' title="bbox 1181 2106 1970 2142; baseline 0.003 -10"><span class='ocrx_word' id='word_1_762' title='bbox 1181 2106 1269 2133; x_wconf 86' lang='lat' dir='ltr'><strong>dixit:</strong></span> <span class='ocrx_word' id='word_1_763' title='bbox 1292 2106 1325 2134; x_wconf 85' lang='lat' dir='ltr'><strong>Et</strong></span> <span class='ocrx_word' id='word_1_764' title='bbox 1345 2114 1395 2141; x_wconf 82' lang='lat' dir='ltr'><strong>ego</strong></span> <span class='ocrx_word' id='word_1_765' title='bbox 1411 2113 1461 2133; x_wconf 90' lang='lat' dir='ltr'><strong>cur</strong></span> <span class='ocrx_word' id='word_1_766' title='bbox 1479 2115 1534 2134; x_wconf 84' lang='lat' dir='ltr'><strong>non</strong></span> <span class='ocrx_word' id='word_1_767' title='bbox 1559 2108 1691 2141; x_wconf 77' lang='lat' dir='ltr'><strong>intelligo,</strong></span> <span class='ocrx_word' id='word_1_768' title='bbox 1709 2108 1781 2142; x_wconf 88' lang='lat' dir='ltr'><strong>quod</strong></span> <span class='ocrx_word' id='word_1_769' title='bbox 1798 2116 1864 2142; x_wconf 77' lang='lat' dir='ltr'><strong>ago.</strong></span> <span class='ocrx_word' id='word_1_770' title='bbox 1880 2115 1894 2134; x_wconf 90' lang='lat' dir='ltr'><strong>a</strong></span> <span class='ocrx_word' id='word_1_771' title='bbox 1914 2115 1970 2142; x_wconf 89' lang='lat' dir='ltr'><strong>quo</strong></span> 
     </span>
    </p>
   </div>
   <div class='ocr_carea' id='block_1_110' title="bbox 1183 2151 1971 2186">
    <p class='ocr_par' dir='ltr' id='par_1_116' title="bbox 1183 2151 1971 2186">
     <span class='ocr_line' id='line_1_126' title="bbox 1183 2151 1971 2186; baseline 0.003 -8"><span class='ocrx_word' id='word_1_772' title='bbox 1183 2151 1241 2178; x_wconf 68' lang='lat' dir='ltr'><strong>hanc</strong></span> <span class='ocrx_word' id='word_1_773' title='bbox 1258 2157 1320 2179; x_wconf 86' lang='lat' dir='ltr'><strong>sunt</strong></span> <span class='ocrx_word' id='word_1_774' title='bbox 1337 2153 1464 2179; x_wconf 81' lang='lat' dir='ltr'><strong>condita?</strong></span> <span class='ocrx_word' id='word_1_775' title='bbox 1479 2152 1622 2180; x_wconf 85' lang='lat' dir='ltr'><strong>Tiburtius</strong></span> <span class='ocrx_word' id='word_1_776' title='bbox 1637 2154 1704 2179; x_wconf 82' lang='lat' dir='ltr'><strong>dixit</strong></span> <span class='ocrx_word' id='word_1_777' title='bbox 1719 2163 1725 2181; x_wconf 89' lang='lat'><strong>:</strong></span> <span class='ocrx_word' id='word_1_778' title='bbox 1739 2154 1872 2186; x_wconf 79' lang='lat' dir='ltr'><strong>Quoniam</strong></span> <span class='ocrx_word' id='word_1_779' title='bbox 1888 2154 1971 2180; x_wconf 82' lang='lat' dir='ltr'><strong>homo</strong></span> 
     </span>
    </p>
   </div>
   <div class='ocr_carea' id='block_1_111' title="bbox 1149 2197 1973 2235">
    <p class='ocr_par' dir='ltr' id='par_1_117' title="bbox 1149 2197 1973 2235">
     <span class='ocr_line' id='line_1_127' title="bbox 1149 2197 1973 2235; baseline 0.004 -12"><span class='ocrx_word' id='word_1_780' title='bbox 1149 2207 1171 2235; x_wconf 71' lang='grc' dir='ltr'><strong>ι)</strong></span> <span class='ocrx_word' id='word_1_781' title='bbox 1185 2197 1322 2224; x_wconf 86' lang='lat' dir='ltr'><strong>belluinus</strong></span> <span class='ocrx_word' id='word_1_782' title='bbox 1341 2205 1394 2224; x_wconf 87' lang='lat' dir='ltr'><strong>non</strong></span> <span class='ocrx_word' id='word_1_783' title='bbox 1418 2198 1512 2229; x_wconf 84' lang='lat' dir='ltr'><strong>sentit,</strong></span> <span class='ocrx_word' id='word_1_784' title='bbox 1532 2207 1592 2233; x_wconf 56' lang='lat' dir='ltr'><strong>qum</strong></span> <span class='ocrx_word' id='word_1_785' title='bbox 1609 2204 1673 2226; x_wconf 84' lang='lat' dir='ltr'><strong>sunt</strong></span> <span class='ocrx_word' id='word_1_786' title='bbox 1692 2200 1814 2234; x_wconf 87' lang='lat' dir='ltr'><strong>spiritus.</strong></span> <span class='ocrx_word' id='word_1_787' title='bbox 1833 2200 1973 2234; x_wconf 80' lang='lat' dir='ltr'><strong>Spiritalis</strong></span> 
     </span>
    </p>
   </div>
   <div class='ocr_carea' id='block_1_112' title="bbox 1184 2244 1972 2281">
    <p class='ocr_par' dir='ltr' id='par_1_118' title="bbox 1184 2244 1972 2281">
     <span class='ocr_line' id='line_1_128' title="bbox 1184 2244 1972 2281; baseline 0.003 -11"><span class='ocrx_word' id='word_1_788' title='bbox 1184 2249 1275 2271; x_wconf 87' lang='lat' dir='ltr'><strong>autent</strong></span> <span class='ocrx_word' id='word_1_789' title='bbox 1298 2244 1430 2279; x_wconf 87' lang='lat' dir='ltr'><strong>dijudicat</strong></span> <span class='ocrx_word' id='word_1_790' title='bbox 1452 2244 1563 2276; x_wconf 83' lang='lat' dir='ltr'><strong>omnia;</strong></span> <span class='ocrx_word' id='word_1_791' title='bbox 1583 2245 1640 2279; x_wconf 73' lang='lat' dir='ltr'><strong>ipse</strong></span> <span class='ocrx_word' id='word_1_792' title='bbox 1656 2253 1720 2272; x_wconf 77' lang='lat' dir='ltr'><strong>vero</strong></span> <span class='ocrx_word' id='word_1_793' title='bbox 1741 2254 1756 2272; x_wconf 88' lang='lat' dir='ltr'><strong>a</strong></span> <span class='ocrx_word' id='word_1_794' title='bbox 1771 2246 1846 2272; x_wconf 91' lang='lat' dir='ltr'><strong>nullo</strong></span> <span class='ocrx_word' id='word_1_795' title='bbox 1870 2246 1972 2281; x_wconf 82' lang='lat' dir='ltr'><strong>dijudi-</strong></span> 
     </span>
    </p>
   </div>
   <div class='ocr_carea' id='block_1_113' title="bbox 1184 2291 1971 2328">
    <p class='ocr_par' dir='ltr' id='par_1_119' title="bbox 1184 2291 1971 2328">
     <span class='ocr_line' id='line_1_129' title="bbox 1184 2291 1971 2328; baseline 0.003 -11"><span class='ocrx_word' id='word_1_796' title='bbox 1184 2296 1270 2318; x_wconf 74' lang='lat' dir='ltr'><strong>eatur.</strong></span> <span class='ocrx_word' id='word_1_797' title='bbox 1290 2291 1367 2318; x_wconf 88' lang='lat' dir='ltr'><strong>Tunc</strong></span> <span class='ocrx_word' id='word_1_798' title='bbox 1387 2291 1477 2318; x_wconf 86' lang='lat' dir='ltr'><strong>ridens</strong></span> <span class='ocrx_word' id='word_1_799' title='bbox 1493 2292 1656 2326; x_wconf 66' lang='lat' dir='ltr'><strong>praefectus,</strong></span> <span class='ocrx_word' id='word_1_800' title='bbox 1675 2293 1756 2327; x_wconf 82' lang='lat' dir='ltr'><strong>jussit</strong></span> <span class='ocrx_word' id='word_1_801' title='bbox 1779 2293 1880 2320; x_wconf 86' lang='lat' dir='ltr'><strong>auferri</strong></span> <span class='ocrx_word' id='word_1_802' title='bbox 1907 2294 1971 2328; x_wconf 90' lang='lat' dir='ltr'><strong>qui-</strong></span> 
     </span>
    </p>
   </div>
   <div class='ocr_carea' id='block_1_114' title="bbox 1184 2337 1970 2370">
    <p class='ocr_par' dir='ltr' id='par_1_120' title="bbox 1184 2337 1970 2370">
     <span class='ocr_line' id='line_1_130' title="bbox 1184 2337 1970 2370; baseline 0.003 -6"><span class='ocrx_word' id='word_1_803' title='bbox 1184 2337 1245 2364; x_wconf 87' lang='lat' dir='ltr'><strong>dem</strong></span> <span class='ocrx_word' id='word_1_804' title='bbox 1265 2337 1432 2370; x_wconf 82' lang='lat' dir='ltr'><strong>Tiburtium;</strong></span> <span class='ocrx_word' id='word_1_805' title='bbox 1447 2345 1536 2364; x_wconf 87' lang='lat' dir='ltr'><strong>coram</strong></span> <span class='ocrx_word' id='word_1_806' title='bbox 1548 2345 1582 2364; x_wconf 88' lang='lat' dir='ltr'><strong>eo</strong></span> <span class='ocrx_word' id='word_1_807' title='bbox 1597 2343 1687 2364; x_wconf 86' lang='lat' dir='ltr'><strong>autem</strong></span> <span class='ocrx_word' id='word_1_808' title='bbox 1709 2339 1766 2365; x_wconf 82' lang='lat' dir='ltr'><strong>sisti</strong></span> <span class='ocrx_word' id='word_1_809' title='bbox 1785 2338 1970 2366; x_wconf 76' lang='lat' dir='ltr'><strong>Valerianum.</strong></span> 
     </span>
    </p>
   </div>
   <div class='ocr_carea' id='block_1_115' title="bbox 1184 2383 1970 2416">
    <p class='ocr_par' dir='ltr' id='par_1_121' title="bbox 1184 2383 1970 2416">
     <span class='ocr_line' id='line_1_131' title="bbox 1184 2383 1970 2416; baseline 0.003 -6"><span class='ocrx_word' id='word_1_810' title='bbox 1184 2384 1234 2411; x_wconf 77' lang='lat' dir='ltr'><strong>Cui</strong></span> <span class='ocrx_word' id='word_1_811' title='bbox 1246 2384 1328 2410; x_wconf 85' lang='lat' dir='ltr'><strong>etiam</strong></span> <span class='ocrx_word' id='word_1_812' title='bbox 1344 2384 1411 2410; x_wconf 90' lang='lat' dir='ltr'><strong>dixit</strong></span> <span class='ocrx_word' id='word_1_813' title='bbox 1426 2393 1431 2409; x_wconf 76' lang='grc' dir='ltr'>ε</span> <span class='ocrx_word' id='word_1_814' title='bbox 1451 2383 1584 2416; x_wconf 84' lang='lat' dir='ltr'><strong>Quoniam</strong></span> <span class='ocrx_word' id='word_1_815' title='bbox 1601 2392 1655 2410; x_wconf 88' lang='lat' dir='ltr'><strong>non</strong></span> <span class='ocrx_word' id='word_1_816' title='bbox 1672 2390 1712 2410; x_wconf 82' lang='lat' dir='ltr'><strong>cst</strong></span> <span class='ocrx_word' id='word_1_817' title='bbox 1735 2384 1818 2411; x_wconf 88' lang='lat' dir='ltr'><strong>frater</strong></span> <span class='ocrx_word' id='word_1_818' title='bbox 1834 2390 1895 2411; x_wconf 85' lang='lat' dir='ltr'><strong>tuus</strong></span> <span class='ocrx_word' id='word_1_819' title='bbox 1911 2386 1970 2412; x_wconf 84' lang='lat' dir='ltr'><strong>sani</strong></span> 
     </span>
    </p>
   </div>
   <div class='ocr_carea' id='block_1_116' title="bbox 1183 2429 1972 2464">
    <p class='ocr_par' dir='ltr' id='par_1_122' title="bbox 1183 2429 1972 2464">
     <span class='ocr_line' id='line_1_132' title="bbox 1183 2429 1972 2464; baseline 0.003 -8"><span class='ocrx_word' id='word_1_820' title='bbox 1183 2429 1300 2462; x_wconf 87' lang='lat' dir='ltr'><strong>cerebri,</strong></span> <span class='ocrx_word' id='word_1_821' title='bbox 1317 2433 1345 2455; x_wconf 90' lang='lat' dir='ltr'><strong>tu</strong></span> <span class='ocrx_word' id='word_1_822' title='bbox 1360 2429 1462 2463; x_wconf 87' lang='lat' dir='ltr'><strong>poteris</strong></span> <span class='ocrx_word' id='word_1_823' title='bbox 1482 2430 1650 2463; x_wconf 80' lang='lat' dir='ltr'><strong>respondere</strong></span> <span class='ocrx_word' id='word_1_824' title='bbox 1664 2430 1836 2464; x_wconf 85' lang='lat' dir='ltr'><strong>sapientius?</strong></span> <span class='ocrx_word' id='word_1_825' title='bbox 1852 2431 1921 2457; x_wconf 80' lang='lat' dir='ltr'><strong>Dicit</strong></span> <span class='ocrx_word' id='word_1_826' title='bbox 1944 2431 1972 2458; x_wconf 82' lang='lat' dir='ltr'><strong>ei</strong></span> 
     </span>
    </p>
   </div>
   <div class='ocr_carea' id='block_1_117' title="bbox 1184 2474 1970 2510">
    <p class='ocr_par' dir='ltr' id='par_1_123' title="bbox 1184 2474 1970 2510">
     <span class='ocr_line' id='line_1_133' title="bbox 1184 2474 1970 2510; baseline 0.001 -9"><span class='ocrx_word' id='word_1_827' title='bbox 1184 2474 1363 2502; x_wconf 78' lang='lat' dir='ltr'><strong>Valerianus:</strong></span> <span class='ocrx_word' id='word_1_828' title='bbox 1376 2474 1519 2501; x_wconf 84' lang='lat' dir='ltr'><strong>Falluntur</strong></span> <span class='ocrx_word' id='word_1_829' title='bbox 1535 2482 1616 2501; x_wconf 86' lang='lat' dir='ltr'><strong>aures</strong></span> <span class='ocrx_word' id='word_1_830' title='bbox 1634 2478 1697 2506; x_wconf 72' lang='lat' dir='ltr'><strong>tuae,</strong></span> <span class='ocrx_word' id='word_1_831' title='bbox 1713 2475 1843 2509; x_wconf 89' lang='lat' dir='ltr'><strong>quoniam</strong></span> <span class='ocrx_word' id='word_1_832' title='bbox 1856 2484 1970 2510; x_wconf 81' lang='lat' dir='ltr'><strong>scopum</strong></span> 
     </span>
    </p>
   </div>
   <div class='ocr_carea' id='block_1_118' title="bbox 1183 2519 1973 2555">
    <p class='ocr_par' dir='ltr' id='par_1_124' title="bbox 1183 2519 1973 2555">
     <span class='ocr_line' id='line_1_134' title="bbox 1183 2519 1973 2555; baseline -0.001 -7"><span class='ocrx_word' id='word_1_833' title='bbox 1183 2525 1283 2548; x_wconf 63' lang='lat' dir='ltr'><strong>nostra:</strong></span> <span class='ocrx_word' id='word_1_834' title='bbox 1298 2519 1432 2546; x_wconf 88' lang='lat' dir='ltr'><strong>orationis</strong></span> <span class='ocrx_word' id='word_1_835' title='bbox 1453 2526 1506 2546; x_wconf 86' lang='lat' dir='ltr'><strong>non</strong></span> <span class='ocrx_word' id='word_1_836' title='bbox 1531 2524 1608 2554; x_wconf 85' lang='lat' dir='ltr'><strong>potes</strong></span> <span class='ocrx_word' id='word_1_837' title='bbox 1623 2519 1786 2554; x_wconf 82' lang='lat' dir='ltr'><strong>intelligere.</strong></span> <span class='ocrx_word' id='word_1_838' title='bbox 1812 2522 1883 2548; x_wconf 80' lang='lat' dir='ltr'><strong>Dixit</strong></span> <span class='ocrx_word' id='word_1_839' title='bbox 1903 2529 1973 2555; x_wconf 77' lang='lat' dir='ltr'><strong>pra:-</strong></span> 
     </span>
    </p>
   </div>
   <div class='ocr_carea' id='block_1_119' title="bbox 1183 2565 1972 2601">
    <p class='ocr_par' dir='ltr' id='par_1_125' title="bbox 1183 2565 1972 2601">
     <span class='ocr_line' id='line_1_135' title="bbox 1183 2565 1972 2601; baseline 0 -8"><span class='ocrx_word' id='word_1_840' title='bbox 1183 2566 1271 2593; x_wconf 80' lang='lat' dir='ltr'><strong>fectus</strong></span> <span class='ocrx_word' id='word_1_841' title='bbox 1288 2574 1294 2591; x_wconf 73' lang='grc' dir='ltr'><strong>ε</strong></span> <span class='ocrx_word' id='word_1_842' title='bbox 1310 2565 1396 2592; x_wconf 80' lang='lat' dir='ltr'><strong>Nemo</strong></span> <span class='ocrx_word' id='word_1_843' title='bbox 1414 2565 1449 2592; x_wconf 87' lang='lat' dir='ltr'><strong>ita</strong></span> <span class='ocrx_word' id='word_1_844' title='bbox 1463 2571 1549 2598; x_wconf 80' lang='lat' dir='ltr'><strong>errat,</strong></span> <span class='ocrx_word' id='word_1_845' title='bbox 1567 2570 1596 2592; x_wconf 89' lang='lat' dir='ltr'><strong>ut</strong></span> <span class='ocrx_word' id='word_1_846' title='bbox 1609 2573 1658 2593; x_wconf 80' lang='lat' dir='ltr'><strong>vos</strong></span> <span class='ocrx_word' id='word_1_847' title='bbox 1673 2567 1771 2594; x_wconf 85' lang='lat' dir='ltr'><strong>erratis</strong></span> <span class='ocrx_word' id='word_1_848' title='bbox 1783 2587 1790 2597; x_wconf 81' lang='lat'><strong>.</strong></span> <span class='ocrx_word' id='word_1_849' title='bbox 1806 2567 1852 2601; x_wconf 89' lang='lat' dir='ltr'><strong>qui</strong></span> <span class='ocrx_word' id='word_1_850' title='bbox 1868 2568 1972 2594; x_wconf 87' lang='lat' dir='ltr'><strong>relictis</strong></span> 
     </span>
    </p>
   </div>
   <div class='ocr_carea' id='block_1_120' title="bbox 1183 2611 1970 2646">
    <p class='ocr_par' dir='ltr' id='par_1_126' title="bbox 1183 2611 1970 2646">
     <span class='ocr_line' id='line_1_136' title="bbox 1183 2611 1970 2646; baseline 0 -8"><span class='ocrx_word' id='word_1_851' title='bbox 1183 2611 1346 2638; x_wconf 85' lang='lat' dir='ltr'><strong>necessariis</strong></span> <span class='ocrx_word' id='word_1_852' title='bbox 1362 2611 1483 2638; x_wconf 90' lang='lat' dir='ltr'><strong>numeris</strong></span> <span class='ocrx_word' id='word_1_853' title='bbox 1495 2615 1522 2638; x_wconf 89' lang='lat' dir='ltr'><strong>et</strong></span> <span class='ocrx_word' id='word_1_854' title='bbox 1539 2612 1687 2646; x_wconf 85' lang='lat' dir='ltr'><strong>responsis,</strong></span> <span class='ocrx_word' id='word_1_855' title='bbox 1704 2612 1789 2638; x_wconf 86' lang='lat' dir='ltr'><strong>malos</strong></span> <span class='ocrx_word' id='word_1_856' title='bbox 1801 2612 1946 2646; x_wconf 77' lang='lat' dir='ltr'><strong>Sequimini</strong></span> <span class='ocrx_word' id='word_1_857' title='bbox 1963 2621 1970 2638; x_wconf 89' lang='lat'><em>:</em></span> 
     </span>
    </p>
   </div>
   <div class='ocr_carea' id='block_1_121' title="bbox 1183 2657 1975 2692">
    <p class='ocr_par' dir='ltr' id='par_1_127' title="bbox 1183 2657 1975 2692">
     <span class='ocr_line' id='line_1_137' title="bbox 1183 2657 1975 2692; baseline 0 -8"><span class='ocrx_word' id='word_1_858' title='bbox 1183 2666 1244 2692; x_wconf 67' lang='lat' dir='ltr'><strong>quae</strong></span> <span class='ocrx_word' id='word_1_859' title='bbox 1264 2662 1329 2684; x_wconf 87' lang='lat' dir='ltr'><strong>sunt</strong></span> <span class='ocrx_word' id='word_1_860' title='bbox 1349 2657 1469 2692; x_wconf 87' lang='lat' dir='ltr'><strong>jucunda</strong></span> <span class='ocrx_word' id='word_1_861' title='bbox 1489 2663 1660 2692; x_wconf 84' lang='lat' dir='ltr'><strong>respuentes,</strong></span> <span class='ocrx_word' id='word_1_862' title='bbox 1687 2658 1808 2685; x_wconf 66' lang='lat' dir='ltr'><strong>lrtitiam</strong></span> <span class='ocrx_word' id='word_1_863' title='bbox 1831 2659 1909 2684; x_wconf 89' lang='lat' dir='ltr'><strong>niltili</strong></span> <span class='ocrx_word' id='word_1_864' title='bbox 1932 2659 1975 2684; x_wconf 81' lang='lat' dir='ltr'><strong>fa-</strong></span> 
     </span>
    </p>
   </div>
   <div class='ocr_carea' id='block_1_122' title="bbox 1184 2705 1975 2740">
    <p class='ocr_par' dir='ltr' id='par_1_128' title="bbox 1184 2705 1975 2740">
     <span class='ocr_line' id='line_1_138' title="bbox 1184 2705 1975 2740; baseline 0 -8"><span class='ocrx_word' id='word_1_865' title='bbox 1184 2706 1306 2737; x_wconf 86' lang='lat' dir='ltr'><strong>cientes,</strong></span> <span class='ocrx_word' id='word_1_866' title='bbox 1322 2709 1350 2732; x_wconf 90' lang='lat' dir='ltr'><strong>ct</strong></span> <span class='ocrx_word' id='word_1_867' title='bbox 1366 2713 1396 2732; x_wconf 88' lang='lat' dir='ltr'><strong>ea</strong></span> <span class='ocrx_word' id='word_1_868' title='bbox 1412 2705 1603 2740; x_wconf 84' lang='lat' dir='ltr'><strong>despicientes,</strong></span> <span class='ocrx_word' id='word_1_869' title='bbox 1617 2713 1678 2740; x_wconf 69' lang='lat' dir='ltr'><strong>qua:</strong></span> <span class='ocrx_word' id='word_1_870' title='bbox 1695 2705 1756 2732; x_wconf 77' lang='lat' dir='ltr'><strong>data</strong></span> <span class='ocrx_word' id='word_1_871' title='bbox 1781 2710 1846 2732; x_wconf 89' lang='lat' dir='ltr'><strong>sunt</strong></span> <span class='ocrx_word' id='word_1_872' title='bbox 1861 2705 1894 2732; x_wconf 89' lang='lat' dir='ltr'><strong>ad</strong></span> <span class='ocrx_word' id='word_1_873' title='bbox 1909 2705 1975 2732; x_wconf 77' lang='lat' dir='ltr'><strong>vita:</strong></span> 
     </span>
    </p>
   </div>
   <div class='ocr_carea' id='block_1_123' title="bbox 1183 2751 1976 2785">
    <p class='ocr_par' dir='ltr' id='par_1_129' title="bbox 1183 2751 1976 2785">
     <span class='ocr_line' id='line_1_139' title="bbox 1183 2751 1976 2785; baseline -0.001 -7"><span class='ocrx_word' id='word_1_874' title='bbox 1183 2751 1360 2783; x_wconf 79' lang='lat' dir='ltr'><strong>alimentum,</strong></span> <span class='ocrx_word' id='word_1_875' title='bbox 1377 2751 1492 2778; x_wconf 86' lang='lat' dir='ltr'><strong>maxima</strong></span> <span class='ocrx_word' id='word_1_876' title='bbox 1517 2751 1705 2778; x_wconf 75' lang='lat' dir='ltr'><strong>benevolentia</strong></span> <span class='ocrx_word' id='word_1_877' title='bbox 1728 2751 1794 2778; x_wconf 89' lang='lat' dir='ltr'><strong>illud</strong></span> <span class='ocrx_word' id='word_1_878' title='bbox 1813 2751 1976 2785; x_wconf 75' lang='lat' dir='ltr'><strong>complecti-</strong></span> 
     </span>
    </p>
   </div>
   <div class='ocr_carea' id='block_1_124' title="bbox 1183 2797 1977 2832">
    <p class='ocr_par' dir='ltr' id='par_1_130' title="bbox 1183 2797 1977 2832">
     <span class='ocr_line' id='line_1_140' title="bbox 1183 2797 1977 2832; baseline 0.001 -8"><span class='ocrx_word' id='word_1_879' title='bbox 1183 2797 1262 2829; x_wconf 90' lang='lat' dir='ltr'><strong>mini,</strong></span> <span class='ocrx_word' id='word_1_880' title='bbox 1283 2797 1354 2832; x_wconf 87' lang='lat' dir='ltr'><strong>quod</strong></span> <span class='ocrx_word' id='word_1_881' title='bbox 1368 2798 1446 2824; x_wconf 86' lang='lat' dir='ltr'><strong>saluti</strong></span> <span class='ocrx_word' id='word_1_882' title='bbox 1466 2797 1593 2825; x_wconf 82' lang='lat' dir='ltr'><strong>invenitis</strong></span> <span class='ocrx_word' id='word_1_883' title='bbox 1613 2799 1781 2826; x_wconf 85' lang='lat' dir='ltr'><strong>contrarium</strong></span> <span class='ocrx_word' id='word_1_884' title='bbox 1796 2818 1803 2830; x_wconf 97' lang='lat'><strong>,</strong></span> <span class='ocrx_word' id='word_1_885' title='bbox 1820 2802 1848 2825; x_wconf 89' lang='lat' dir='ltr'><strong>ct</strong></span> <span class='ocrx_word' id='word_1_886' title='bbox 1867 2797 1900 2824; x_wconf 84' lang='lat' dir='ltr'><strong>iis</strong></span> <span class='ocrx_word' id='word_1_887' title='bbox 1913 2805 1977 2832; x_wconf 70' lang='lat' dir='ltr'><strong>quae</strong></span> 
     </span>
    </p>
   </div>
   <div class='ocr_carea' id='block_1_125' title="bbox 1183 2843 1562 2880">
    <p class='ocr_par' dir='ltr' id='par_1_131' title="bbox 1183 2843 1562 2880">
     <span class='ocr_line' id='line_1_141' title="bbox 1183 2843 1562 2880; baseline 0 -9"><span class='ocrx_word' id='word_1_888' title='bbox 1183 2847 1247 2872; x_wconf 86' lang='lat' dir='ltr'><strong>sunt</strong></span> <span class='ocrx_word' id='word_1_889' title='bbox 1263 2843 1393 2880; x_wconf 87' lang='lat' dir='ltr'><strong>jucunda,</strong></span> <span class='ocrx_word' id='word_1_890' title='bbox 1409 2843 1562 2872; x_wconf 87' lang='lat' dir='ltr'><strong>inimicum.</strong></span> 
     </span>
    </p>
   </div>
  </div>
