2077 3148
248 214 297 246 173

811 212 899 243 VITA
921 212 951 242 S.
972 211 1141 241 CJEClleE
1160 210 1206 240 ET
1225 211 1303 242 50C.

1817 207 1867 240 174

279 268 358 296 XVII.
371 267 411 296 Ad
424 268 482 295 hac
495 267 638 302 respondit
655 267 816 295 Valerianus
831 276 837 294 :
855 267 993 295 Ludentcs
1004 271 1031 294 et
1046 269 1069 298 Α
1083 271 1184 294 nostra:
1211 265 1367 293 aﬁiictionis
1378 285 1386 298 ,
1413 270 1440 293 et
1470 266 1550 294 nobis
1567 265 1732 301 ,laetantibus
1767 265 1872 293 flebunt

243 315 380 346 ridentes,
408 318 436 342 et
471 314 499 341 in
528 314 612 341 variis
642 313 749 341 deliciis
776 314 915 341 luxuriose
948 314 1029 341 vitam

242 365 369 395 agentes,
391 359 446 387 vidi
469 359 567 387 hiemis
586 365 708 394 tetnpore
734 367 784 395 per
808 367 919 394 campos
941 364 1030 386 trans-

242 411 350 434 euntes.
383 406 412 433 In
437 406 538 440 quibus
562 405 666 440 campis
686 405 795 433 stabant
816 405 941 440 agricolae
956 405 1033 439 plan-

243 456 343 485 tantes,
369 452 496 488 palmites
521 451 675 487 inﬁgentcs,
703 456 731 479 et
754 452 880 486 spinosos
906 459 1032 479 rosarum

244 507 334 526 ramos
351 499 491 534 ingeniose
510 503 568 526 toto
583 497 674 525 animo
690 503 896 533 componentes.
915 497 968 525 Alii
984 505 1032 525 au-

245 550 298 573 tem
314 545 412 573 oliveta
444 545 621 573 inserentes:
638 544 683 571 alii
705 551 770 571 vero
791 544 923 571 radicitus
947 543 1034 570 imbe-

246 590 307 619 cilla
317 591 520 624 exscindentes,
537 595 564 619 et
579 599 639 626 qua:
653 595 718 618 sunt
730 598 811 625 opera
829 589 1032 622 convenientia,

247 646 344 672 magno
369 638 463 665 labore
486 641 657 672 peragentes.
680 636 759 664 Tunc
783 636 838 669 illi,
855 636 902 670 qui
925 635 1034 662 deliciis

246 683 407 712 fruebantur
421 689 449 711 et
467 683 642 716 laetabantur,
661 686 806 718 ctepcrunt
828 690 876 709 eos
889 682 937 716 qui
958 681 1034 709 labo-

247 730 360 763 rabant,
379 729 514 757 ludiﬁcari
534 733 562 756 et
575 729 689 756 dicere:
705 728 797 756 Miseri
810 733 838 756 et
852 727 1033 760 miserabiles,

246 775 320 803 hunc
346 776 392 810 qui
418 783 466 803 vos
494 775 589 811 amigit
614 775 736 803 laborem
759 774 905 809 deponite.
932 777 959 800 et
983 781 1032 800 no-

246 821 352 849 biscum
365 822 498 854 hetantes,
514 829 563 848 vos
577 821 684 849 deliciis
698 820 805 856 explete
819 824 848 847 ct
863 818 1035 851 libidinibus,

245 873 272 894 et
289 875 339 895 cur
365 872 492 903 tanquam
518 867 679 903 insipientes
694 866 764 894 duro
790 866 885 893 labore
907 864 1033 893 dissolvi-

247 914 324 946 ntini,
340 918 368 942 et
382 918 478 942 vestra:
494 914 554 941 vita:
571 919 693 948 tempora
708 913 736 940 in
752 912 870 948 negotiis
882 933 888 944 ,
906 919 967 946 qua:
984 918 1032 938 vos

245 960 385 994 afﬂigunt,
401 959 586 987 consumitis?
610 959 674 986 Hmc
695 959 829 990 dicentes,
858 957 1035 985 solvebantur

247 1006 274 1033 itt
291 1006 386 1038 risum,
401 1010 429 1033 et
446 1005 548 1032 dabant
568 1006 694 1040 plausum
717 1004 854 1035 manibus,
882 1010 1034 1038 magnoque

247 1059 314 1079 sono
326 1059 373 1079 eos
395 1051 591 1078 cachinnantes
609 1049 771 1077 irridebant.
789 1048 851 1076 [Lee
865 1053 957 1075 autem
981 1048 1035 1075 illis

248 1097 420 1129 facientibus,
436 1096 542 1131 pluvios
561 1095 660 1123 hiemis
681 1102 789 1122 tnenscs
812 1094 1035 1129 tranquillissima

250 1147 372 1177 tempora
395 1145 565 1176 exceperunt
581 1149 588 1168 :
602 1146 630 1168 et
648 1148 714 1168 ecce
734 1140 911 1174 pulchrorum
935 1144 963 1167 et
989 1147 1036 1166 va-

249 1189 351 1215 riorum
365 1187 462 1214 ﬂorum
486 1185 670 1220 fragrantibus
694 1192 775 1212 omne
796 1192 882 1219 genus
905 1184 1036 1212 odoribus

248 1238 325 1268 prata
349 1232 572 1264 exornabantur,
599 1237 627 1259 et
653 1230 748 1258 molles
781 1230 924 1258 botrorum
950 1230 1036 1257 series

248 1278 438 1315 producebant
452 1278 589 1313 palmites,
606 1281 635 1304 et
654 1283 670 1304 e
690 1276 766 1303 vario
783 1283 882 1310 genere
905 1276 1035 1303 arboruut

249 1325 315 1351 rami
331 1324 466 1351 stillantes
482 1322 562 1350 melle
582 1322 689 1349 fructus
702 1321 904 1356 producebant,
923 1321 951 1348 in
972 1322 1034 1356 qui.

248 1370 300 1397 bus
324 1368 570 1397 animadvertimus
594 1375 681 1402 usque
712 1368 741 1394 in
766 1367 929 1394 hodiernum
962 1366 1036 1394 diettt

248 1415 388 1442 abundare
400 1414 519 1441 simulet
534 1413 659 1448 gratiam.
675 1418 702 1440 et
715 1413 845 1445 fructum,
856 1416 883 1440 et
896 1412 1034 1440 decorem.

249 1461 326 1489 Tunc
341 1468 403 1488 cum
419 1461 577 1489 lattarentur
590 1460 629 1487 illi
643 1478 650 1492 ,
668 1459 716 1495 qui
729 1459 960 1487 existimabantur
975 1465 1035 1486 esse

249 1508 420 1542 insipientes,
438 1511 580 1542 cmperunt
594 1507 688 1541 lugere
703 1506 733 1538 ii,
747 1506 793 1541 qui
807 1505 1036 1534 existimabantur

248 1562 309 1582 esse
325 1555 399 1581 cives
417 1562 423 1581 :
440 1559 468 1580 et
485 1555 531 1588 qui
548 1558 626 1580 erant
637 1553 749 1588 gloriosi
764 1553 790 1579 in
810 1559 859 1580 sua
879 1552 1036 1588 intelligen-

250 1600 306 1631 tia,
333 1600 475 1634 perierunt
501 1599 527 1625 in
550 1599 607 1626 acri
630 1599 838 1626 ratiocinatione
853 1607 860 1626 :
877 1604 905 1626 et
927 1599 1036 1626 tandem

250 1645 323 1672 ducti
345 1645 516 1679 pmnitentia,
532 1645 603 1672 inter
618 1652 647 1672 se
665 1649 869 1672 murmurantes
880 1649 906 1672 et
927 1651 1039 1680 gemen-

252 1697 292 1718 tes
308 1691 435 1718 dit-ebant
453 1690 505 1717 :lli
529 1695 614 1723 suttt,
637 1698 706 1725 quos
730 1691 877 1718 habuimus
901 1691 1038 1724 ludibrio;

250 1744 345 1763 corutn
370 1736 490 1763 laborem
519 1736 650 1771 probrum
675 1736 897 1764 existimabamus
917 1746 923 1763 :
942 1745 1038 1764 eorutn

252 1787 335 1810 Vitam
364 1781 442 1809 nihili
470 1781 648 1814 faciebamus,
679 1787 806 1817 tauquam
835 1783 1037 1815 miserabilem;

249 1834 345 1854 eorum
362 1826 474 1862 ﬁgurant
487 1826 680 1862 iudicabamus
692 1834 752 1854 esse
767 1827 906 1862 ittdigttattt
918 1847 925 1859 ,
951 1830 979 1854 et
994 1827 1037 1854 in-

251 1872 428 1907 telligentiam
442 1879 538 1900 eorunt
555 1872 614 1900 sine
640 1872 754 1900 honore.
773 1873 793 1899 li
819 1877 909 1900 autent
935 1873 1037 1900 inventi

250 1923 313 1946 sunt
337 1918 519 1953 intelligentes
536 1926 544 1945 :
561 1923 590 1946 et
610 1926 661 1945 ttos
674 1919 786 1953 quidem
807 1919 957 1953 probamur
974 1924 1038 1946 tuttc

251 1964 334 1992 fuisse
361 1964 545 1997 miserabiles,
569 1964 731 1998 insipientes
755 1969 783 1992 et
807 1965 903 1997 stulti,
927 1965 1038 1999 quando

250 2018 338 2044 neque
354 2010 500 2044 nobisipsis
513 2011 707 2045 operabamur,
724 2018 813 2046 neque
829 2011 861 2038 iis
877 2011 923 2046 qui
941 2019 1039 2045 opera-

251 2057 349 2083 bantur
362 2075 369 2088 ,
387 2057 512 2084 dedimus
537 2057 565 2084 iu
587 2064 671 2091 opere
695 2057 828 2084 auxilium
842 2066 848 2084 :
863 2058 909 2092 qui
926 2057 1036 2092 quidem

250 2109 312 2128 cum
327 2109 449 2128 essetttus
472 2102 499 2128 in
521 2101 647 2134 dclit...s,
665 2109 714 2129 eos
737 2102 815 2129 valde
841 2102 987 2134 irrisimus,
1011 2108 1038 2130 et

251 2147 325 2181 ipsos
349 2146 517 2174 credidimus
542 2154 603 2174 esse
632 2147 804 2182 insipientes,
832 2157 901 2184 quos
924 2149 1036 2184 quidem

251 2201 323 2220 nunc
339 2192 543 2227 resplendentes
557 2193 802 2222 animadvertimus
817 2201 845 2222 et
857 2195 987 2223 ﬂorentes
999 2197 1020 2224 ⁷.

286 2239 379 2266 XVIII.
398 2239 437 2266 Ad
451 2239 508 2266 haec
521 2240 589 2266 dixit
601 2239 764 2274 praefectus:
780 2234 818 2268 Te
834 2242 943 2276 quidem
957 2242 1036 2269 video

1084 313 1135 345 illi,
1150 313 1197 347 qtti
1227 320 1300 340 nunc
1321 311 1475 339 efferuntur
1498 312 1617 345 Izetitils;
1643 317 1685 340 est
1707 312 1780 339 enim
1799 320 1872 340 nunc

1085 364 1193 394 tempus
1207 358 1371 386 sentittandi.
1390 358 1442 392 Qui
1457 366 1523 394 ergo
1539 358 1567 385 in
1582 359 1634 387 bac
1649 359 1704 386 vita
1724 359 1871 391 seminam,

1085 413 1145 440 qua:
1171 409 1233 432 sunt
1258 405 1291 432 ad
1313 409 1430 439 tempus,
1457 404 1600 440 lacrymas,
1624 404 1650 431 in
1677 405 1722 432 illa
1742 405 1820 432 beata
1846 410 1874 432 et

1085 456 1187 479 (eterna
1204 451 1258 478 vita
1276 454 1377 478 metent
1394 450 1522 486 gaudium
1538 450 1738 485 sempiternum
1756 451 1778 478 ³.
1801 451 1875 479 Dixit

1086 498 1252 533 prmlectus:
1271 498 1340 532 Ergo
1366 501 1394 524 et
1416 504 1485 529 nos,
1514 501 1543 524 et
1570 496 1664 524 invicti
1694 496 1875 530 imperatores

1086 543 1190 570 luctum
1207 549 1338 571 aeternum
1356 542 1536 574 habebimus;
1558 548 1607 569 vos
1629 547 1719 568 amem
1741 544 1872 567 a-ternnm

1087 588 1217 623 gaudium
1231 588 1427 624 possidebitis?
1442 587 1594 623 Respondit
1607 587 1768 616 Valerianus
1781 595 1789 614 :
1803 587 1874 620 Quid

1087 635 1160 662 enim
1179 635 1246 663 estis
1270 643 1334 668 vos,
1361 638 1408 662 aut
1430 635 1516 663 vestri
1537 633 1737 670 imperatores?
1762 634 1875 669 lmpleto

1086 681 1159 709 enim
1176 686 1267 709 vestro
1284 687 1405 717 tempore
1421 682 1588 715 morientes,
1614 689 1648 709 eo
1668 681 1797 716 majorem
1819 680 1876 707 Deo

1086 727 1153 754 estis
1175 726 1309 754 reddituri
1331 727 1464 754 rationem
1478 748 1485 760 ,
1502 733 1557 762 quo
1582 726 1661 754 vobis
1684 725 1718 753 ab
1733 734 1766 753 eo
1790 726 1876 761 major

1086 774 1149 801 data
1180 773 1231 801 fuit
1258 778 1387 808 potestas.
1414 773 1487 802 Dixit
1511 774 1656 810 praefectus
1682 774 1842 801 Almacbius
1868 782 1874 800 ε

1087 819 1156 853 Quid
1183 819 1209 847 in
1231 820 1322 848 verbis
1348 820 1490 848 volvendis
1519 821 1720 848 immorantur?
1745 822 1799 847 Aut
1823 820 1877 847 diit

1087 867 1151 894 thus
1164 866 1272 900 offerte,
1287 871 1314 894 et
1336 866 1412 894 illaesi
1437 866 1558 894 recedite
1578 871 1645 894 :aut
1669 866 1737 893 male
1762 866 1828 894 estis
1848 871 1876 893 ct

1086 912 1184 940 acerbo
1200 912 1337 940 tnorituri.
1352 913 1440 940 Ambo
1455 913 1658 948 responderunt
1671 917 1699 940 et
1725 912 1854 940 dixerunt
1869 921 1876 938 ε

1088 958 1143 986 Nos
1158 967 1212 986 non
1225 958 1286 992 diis,
1302 959 1348 987 sed
1363 960 1418 987 Deo
1429 959 1552 994 quotidie
1566 959 1710 987 offerimus
1727 958 1873 986 sacriﬁcia.

1089 1005 1160 1032 Dixit
1187 1005 1434 1040 przefectus:Quis
1457 1010 1501 1033 est
1523 1006 1612 1039 Deus,
1640 1006 1684 1033 cui
1712 1005 1803 1033 dicitis
1828 1013 1876 1032 vos

1089 1057 1210 1078 vestrum
1231 1051 1330 1078 oﬁerrc
1356 1052 1541 1079 sacriﬁcium?
1563 1051 1656 1079 Sancti
1673 1052 1876 1086 responderunt

1089 1102 1116 1122 ct
1133 1097 1262 1124 dixerunt
1279 1105 1285 1123 :
1302 1097 1335 1125 Et
1348 1097 1410 1132 quis
1425 1102 1466 1125 est
1483 1098 1552 1125 alius
1566 1098 1639 1125 Deus
1655 1102 1753 1133 praeter
1768 1098 1877 1132 ipsum?

1089 1142 1144 1168 (Zur
1163 1142 1197 1169 de
1215 1142 1269 1169 Deo
1285 1150 1335 1170 nos
1351 1142 1522 1178 interrogas?
1542 1142 1591 1170 Est
1607 1143 1679 1170 ettitn
1697 1143 1769 1169 alius
1783 1142 1856 1170 Deus
1867 1162 1876 1174 .

1091 1193 1188 1222 pneter
1211 1187 1311 1214 unum?
1334 1187 1407 1215 Dixit
1423 1187 1567 1223 praefectus
1583 1197 1589 1215 :
1605 1187 1690 1221 Quem
1710 1195 1792 1215 unum
1815 1195 1877 1215 csso

1091 1233 1198 1266 dicitis,
1229 1234 1288 1268 ejus
1309 1241 1407 1261 nomen
1433 1234 1555 1269 requiro.
1582 1234 1658 1261 Dixit
1687 1234 1876 1262 Valerianus:

1091 1278 1137 1305 Dei
1162 1285 1261 1305 nomen
1285 1286 1339 1305 non
1366 1278 1514 1309 inveneris.
1542 1279 1648 1306 etiantsi
1674 1279 1762 1314 possis
1784 1279 1878 1306 volare

1091 1324 1198 1358 pennis.
1226 1323 1297 1351 Dixit
1320 1324 1487 1359 prcefectus:
1507 1325 1582 1353 loris
1605 1332 1671 1359 ergo
1694 1332 1793 1352 nomen
1821 1332 1878 1352 non

1090 1374 1132 1396 est
1147 1369 1239 1396 Deus?
1258 1369 1330 1397 Dixit
1342 1369 1502 1398 Valerianus
1516 1378 1522 1396 :
1542 1369 1590 1397 Est
1616 1377 1715 1397 nomen
1731 1375 1878 1404 corrupto-

1090 1415 1128 1442 ris
1142 1420 1170 1442 et
1189 1414 1317 1448 adulteri,
1335 1423 1417 1450 quem
1436 1415 1519 1443 fuisse
1542 1415 1695 1443 occisorcm
1719 1415 1802 1443 vestri
1826 1423 1876 1443 au-

1090 1465 1180 1488 οιοτρε
1207 1465 1377 1494 memorant,
1396 1466 1423 1488 θῑ
1444 1466 1632 1489 δεουδᾶιοτεηὶ
1658 1467 1759 1489 ηοειτω
1783 1466 1879 1490 οεῑοη-

1091 1507 1158 1534 duttt
1188 1506 1347 1542 Scripturae.
1371 1506 1449 1535 Hunc
1473 1512 1501 1534 tu
1536 1507 1622 1534 Deum
1649 1508 1736 1535 miror
1760 1516 1878 1543 quanam

1092 1552 1261 1588 impudentia
1275 1553 1422 1580 nominasti
1434 1571 1441 1584 ,
1456 1559 1517 1579 cttm
1535 1552 1606 1579 Deus
1621 1552 1675 1580 dici
1699 1560 1753 1579 non
1772 1553 1876 1587 possit,

1092 1598 1143 1625 nisi
1163 1598 1208 1632 qui
1224 1602 1264 1625 est
1279 1597 1312 1624 ab
1326 1597 1400 1624 outni
1416 1602 1528 1632 peccato
1541 1597 1657 1630 alienus,
1673 1597 1720 1632 qui
1737 1601 1778 1624 est
1795 1598 1876 1624 etiam

1090 1645 1186 1678 plenus
1203 1644 1410 1679 omnipotentia.
1434 1643 1505 1672 Dixit
1527 1644 1672 1678 prmfectus
1687 1653 1693 1670 :
1708 1643 1782 1679 Ergo
1804 1649 1878 1672 errat

1089 1692 1179 1718 omnis
1194 1691 1322 1723 ntundus,
1340 1696 1367 1718 et
1384 1696 1412 1718 tu
1435 1698 1496 1718 cum
1517 1696 1563 1718 tuo
1576 1690 1661 1718 fratre
1677 1691 1763 1718 Deum
1778 1697 1877 1718 verum

1089 1738 1259 1772 Cognovisti?
1276 1737 1348 1765 Dixit
1366 1737 1525 1765 Valerianus
1540 1747 1546 1765 :
1563 1736 1776 1766 Innumerabilis
1804 1738 1876 1764 mul-

1089 1783 1177 1811 titudo
1191 1783 1394 1811 Christianismi
1411 1783 1517 1819 accepit
1536 1784 1719 1811 sanctitatem.
1739 1783 1794 1811 luto
1813 1791 1877 1811 vero

1089 1837 1137 1857 vos
1157 1831 1234 1865 pauci
1253 1830 1337 1863 estis,
1354 1830 1400 1865 qui
1419 1830 1590 1858 remansistis
1606 1833 1734 1866 tauquam
1752 1830 1844 1858 scissa:
1860 1838 1877 1858 θ

1089 1875 1229 1911 naufragio
1245 1876 1343 1903 tabulae
1354 1896 1362 1909 ,
1389 1875 1422 1903 ad
1440 1875 1511 1903 nihil
1527 1875 1601 1903 aliud
1617 1875 1801 1911 proﬁcientes,
1824 1877 1876 1904 nisi

1089 1926 1118 1947 ttt
1138 1920 1164 1946 in
1180 1921 1242 1955 igne
1253 1920 1405 1956 jaciatnini.

1124 1964 1195 1992 XIX.
1225 1965 1302 1993 Tunc
1328 1966 1414 1993 iratus
1433 1966 1588 2000 pnefectus,
1615 1966 1698 2001 jussit
1722 1974 1784 1993 cum
1808 1966 1874 1993 caedi

1089 2009 1181 2042 virgis.
1208 2009 1255 2036 Ille
1280 2015 1370 2038 autem
1398 2010 1542 2038 confestim
1571 2011 1635 2038 dum
1660 2010 1874 2043 verberaretur,

1089 2054 1166 2081 laetus
1180 2054 1264 2089 coepit
1279 2055 1371 2083 dicere
1390 2065 1397 2083 :
1416 2056 1486 2084 Ecce
1502 2057 1580 2090 ltora,
1599 2065 1680 2092 quant
1705 2057 1782 2084 valde
1800 2057 1875 2084 desi-

1089 2101 1216 2129 derabam
1229 2124 1235 2134 ,
1248 2107 1276 2129 et
1299 2109 1362 2130 ecce
1378 2103 1436 2130 dies
1452 2104 1526 2130 ontni
1542 2103 1610 2130 festo
1635 2104 1701 2130 mihi
1715 2104 1874 2139 jucundior.

1090 2149 1157 2175 Dum
1187 2149 1283 2176 beatus
1310 2149 1521 2182 t‘erberaretur,
1547 2157 1636 2184 praeco
1679 2157 1776 2186 magna
1809 2158 1876 2178 voce

1088 2194 1220 2221 clamabat
1239 2203 1245 2221 :
1265 2194 1335 2222 Deos
1355 2199 1383 2222 et
1404 2194 1470 2222 deas
1491 2195 1546 2222 noli
1564 2195 1713 2223 maledictis
1727 2197 1875 2224 incessere.

1089 2239 1134 2267 ille
1149 2245 1239 2267 autent
1252 2240 1285 2267 ad
1301 2241 1432 2276 populum
1448 2241 1592 2274 clamabat,
1606 2241 1699 2269 dicens
1714 2251 1719 2269 :
1734 2242 1787 2270 Viri
1801 2243 1876 2270 cives

248 2293 308 2312 esse
339 2285 478 2320 sapienter
504 2285 562 2313 haec
590 2290 764 2320 persecutum
789 2295 796 2313 :
814 2288 861 2315 sed
890 2289 921 2314 ad
946 2296 1035 2316 meum
1050 2289 1076 2320 D
1090 2286 1284 2319 Romanorum,
1301 2287 1410 2321 videte,
1430 2295 1463 2315 tte
1484 2288 1540 2315 haec
1557 2288 1634 2323 plaga
1658 2296 1704 2316 vos
1726 2296 1742 2316 a
1762 2289 1876 2318 veritate

250 2338 411 2365 responsum
439 2338 494 2358 tton
527 2331 630 2358 videris
665 2332 841 2367 respondere.
879 2334 1037 2363 Valerianus

249 2377 334 2404 dixit:
349 2377 445 2404 Dixisti
470 2385 520 2405 ttos
537 2385 597 2406 esse
621 2378 719 2406 stultos
738 2383 766 2406 et
793 2379 971 2415 insipientes,
988 2383 1035 2417 qui

248 2422 390 2449 facultates
412 2427 520 2450 nostras
535 2422 632 2450 damus
644 2424 790 2458 egentibus
800 2445 806 2456 ,
823 2425 974 2461 proselytos
986 2434 1034 2454 ex-

249 2467 376 2502 cipimus,
390 2468 480 2496 viduis
494 2469 704 2504 suppeditamus
717 2477 778 2505 qua:
794 2476 858 2499 sunt
870 2473 1034 2505 necessaria,

248 2512 378 2546 orpltanis
402 2513 590 2547 subvenimus,
608 2521 724 2550 corpora
743 2515 880 2551 insepulta
897 2518 1012 2553 tegimus
1027 2539 1033 2551 ,

248 2561 276 2584 et
290 2565 351 2585 cutn
378 2559 494 2587 maximo
511 2560 615 2589 honore
630 2562 801 2590 celebramus
816 2567 965 2599 martyrum
987 2564 1035 2592 de-

249 2605 409 2639 positiones.
427 2606 482 2633 Nos
492 2610 582 2634 autem
608 2607 769 2644 insipientes
788 2610 917 2644 judicasti
941 2616 970 2638 et
986 2611 1034 2638 de-

248 2652 376 2683 Iirantes,
393 2653 439 2686 q'ui
460 2660 522 2680 cuttt
539 2654 572 2681 iis
585 2655 631 2689 qui
653 2655 790 2688 ltetantur,
815 2665 869 2684 tton
890 2657 1014 2685 laatatnur
1026 2678 1033 2691 ,

248 2705 299 2724 nec
315 2697 341 2724 in
357 2697 463 2725 deliciis
476 2699 604 2733 vivimus,
620 2708 671 2728 nec
687 2707 794 2729 nostras
810 2704 952 2738 explemus
971 2705 1034 2732 libi-

247 2743 336 2776 dines,
355 2752 405 2772 nec
420 2745 593 2773 illiberaliter
609 2754 704 2774 suntus
719 2748 828 2776 lascivis
845 2755 873 2776 et
890 2749 1033 2786 impudicis

247 2789 334 2817 oculis
346 2809 353 2821 ,
369 2792 545 2819 ostendentes
565 2800 614 2819 nos
628 2800 687 2820 esse
711 2793 814 2822 liberos
838 2800 866 2822 et
886 2796 1029 2832 ingenuos.

249 2834 344 2862 Veniet
358 2841 475 2871 tempus,
487 2845 542 2872 quo
554 2837 720 2872 accipiemus
736 2839 809 2867 tnillc
820 2841 913 2875 cuplos
925 2842 1029 2871 fructus

285 2928 294 2942 ⁷
311 2926 373 2961 Sap.
395 2935 421 2960 ν,
447 2929 455 2954 1
481 2935 556 2963 seqq.
615 2928 625 2942 "
649 2929 721 2956 Psal.
746 2938 824 2963 cxxr,
847 2933 863 2958 5

1091 2339 1206 2366 avertat,
1226 2334 1273 2362 sed
1287 2339 1357 2362 state
1374 2333 1491 2366 fortiter,
1511 2339 1539 2362 et
1561 2335 1628 2362 deos
1648 2335 1772 2370 lapideos
1795 2341 1823 2364 et
1844 2335 1876 2364 ll-

1090 2389 1188 2416 gneos,
1205 2389 1274 2416 qttos
1289 2382 1353 2408 colit
1369 2381 1528 2409 Almacltius
1549 2382 1704 2416 prsefcctus.
1727 2382 1754 2409 itt
1772 2382 1875 2409 calcent

1090 2428 1251 2455 convertite.
1279 2427 1345 2455 Nam
1362 2435 1473 2460 omnes,
1492 2427 1598 2462 quieos
1619 2428 1729 2460 colttttt,
1744 2431 1826 2454 eruttt
1847 2427 1876 2454 itt

1089 2473 1237 2500 afﬂictione
1251 2478 1279 2500 et
1298 2473 1434 2508 supplicio
1447 2479 1561 2501 aeterno.
1579 2473 1656 2501 Tunc
1668 2474 1715 2508 qui
1728 2479 1789 2500 cum
1805 2480 1876 2508 pra:—

1089 2519 1161 2548 feelo
1178 2519 1338 2548 cottsidebat
1360 2520 1538 2556 Tarquinius,
1562 2519 1608 2555 qui
1628 2520 1710 2547 etiam
1726 2519 1817 2547 dictus
1833 2525 1876 2547 est

1089 2566 1198 2598 Laecas,
1217 2567 1345 2602 prcheclo
1365 2566 1432 2594 dicit
1453 2566 1480 2593 itt
1496 2570 1603 2594 secreto
1618 2574 1625 2592 :
1640 2565 1771 2593 Invenisti
1797 2571 1875 2592 occa-

1087 2613 1221 2644 sionem,
1241 2611 1350 2639 dotnine
1374 2612 1433 2644 nti,
1463 2613 1526 2639 tolle
1555 2620 1603 2639 eos
1629 2611 1832 2646 quamprimum
1859 2619 1875 2639 a

1088 2663 1171 2685 terra.
1188 2658 1254 2686 Nam
1273 2658 1294 2686 si
1317 2658 1477 2691 tardaveris,
1494 2663 1522 2686 et
1539 2658 1573 2685 de
1586 2657 1630 2685 die
1645 2658 1672 2685 in
1685 2658 1758 2685 dictn
1784 2662 1874 2685 traxe-

1088 2706 1135 2737 ris,
1158 2714 1253 2734 ontnes
1269 2714 1332 2734 suas
1348 2706 1491 2734 facultates
1512 2706 1680 2734 distribuerit
1692 2706 1871 2742 pauperibus,

1086 2759 1113 2780 et
1136 2753 1177 2780 eis
1197 2753 1330 2787 supplicio
1346 2752 1462 2783 affectis,
1485 2757 1513 2779 tu
1539 2752 1608 2779 nihil
1633 2752 1767 2780 invenies.
1796 2751 1872 2779 Tunc

1085 2797 1246 2833 praefectus,
1260 2805 1323 2825 cum
1338 2797 1362 2824 ei
1378 2797 1527 2832 placuisset
1543 2797 1617 2824 illius
1637 2796 1793 2828 consilium,
1814 2795 1873 2831 jus-

1084 2845 1117 2872 sit
1141 2844 1305 2876 lictoribus,
1328 2848 1357 2871 ut
1381 2851 1428 2871 eos
1452 2844 1632 2878 abducerent,
1651 2843 1697 2871 ubi
1720 2847 1780 2870 erat
1795 2841 1870 2870 Iovis
