2077 3148
263 172 321 205 4πὸ

902 159 1044 190 MENSIS
1062 155 1281 188 NOVEMBER.

1839 143 1892 177 1Ἰό

268 234 376 261 statua,
399 231 426 254 et
452 226 534 260 jussit
565 227 604 255 ut,
634 222 690 250 nisi
714 221 795 249 ambo
820 220 921 247 vellem
945 217 1054 252 imagini
1072 228 1091 250 Α
1109 214 1313 250 proﬁciscimini
1342 212 1376 240 ad
1407 218 1535 238 coronant
1555 207 1678 244 justitiil‘,
1694 211 1774 240 quam
1799 203 1895 231 reddet

1306 258 1316 261 _
1346 259 1353 261 μ
1540 255 1546 261 .
1655 257 1706 261 ,Ἢ
1730 250 1806 261 μη,-
1844 248 1892 261 ,λλ

266 275 340 303 ιιςιγὶε
364 272 543 303 sacrificare,
565 269 648 297 simul
668 267 796 296 subirem
821 265 983 300 supplicium
1006 271 1052 290 ca-

264 323 340 359 pitis.
357 322 435 348 'l‘unc
452 317 605 347 venerandi
621 320 648 344 et
667 314 778 351 gloriosi
797 313 899 341 Christi
920 317 1054 347 martyres

268 358 426 395 Valerianus
450 370 478 393 et
507 363 652 391 Tiburtius
680 361 791 389 abducti
814 364 878 387 sunt
903 366 918 385 a
939 358 1053 385 Maximo

267 413 386 447 priefecti
404 410 576 438 eubiculario
602 408 630 436 in
651 408 753 439 locum,
768 406 815 441 qui
833 405 933 432 dicitur
956 404 1053 439 Pagus.

265 460 318 492 Qui
333 459 445 494 quidem
460 456 595 484 Maximus
608 454 692 490 cccpit
702 461 749 481 eos
763 452 879 483 deﬂere,
898 455 925 478 et
939 451 1029 477 dicere
1046 459 1052 476 :

266 510 289 534 tl
306 507 426 542 pretiosa
443 509 470 531 et
485 503 586 531 ﬂorens
597 501 746 537 juventus!
761 499 782 527 Ο
798 499 936 526 vinculum
954 505 1056 532 magna:

268 552 465 580 fraternitatis!
483 550 505 577 0
524 558 573 585 par
589 547 805 584 pulcherrimum
830 550 858 573 et
872 550 1034 579 generosum
1048 543 1054 568 l

269 601 325 626 (iur
345 606 392 626 vos
410 599 436 624 in
455 596 555 624 malum
576 599 604 622 et
622 594 738 629 impium
760 593 842 619 linem
863 590 987 618 volentes
1008 595 1056 616 vos

268 647 342 680 ipsos
359 644 508 680 projicere,
524 646 552 669 et
571 641 606 669 ad
620 640 768 668 maximum
795 637 909 666 tendere
929 636 1056 667 exitium,

269 694 304 719 ita
327 689 466 718 festinatis
486 693 614 723 tanquam
629 686 675 721 qui
694 685 727 712 ad
743 684 878 714 laetitiam,
901 688 930 710 et
954 682 1059 717 magni-

271 739 348 764 tiram
362 741 390 764 et
410 735 513 762 lautam
536 740 643 761 coenam
660 730 814 760 voecmini?
834 729 913 756 Tunc
925 728 992 755 dixit
1012 727 1058 755 Τί-

272 783 380 810 burtius
394 792 399 809 :
416 781 472 809 Nos
484 780 507 808 si
523 787 578 807 non
598 786 663 806 vere
681 777 876 805 didicissenius
898 775 980 802 aliain
997 782 1058 801 esse

271 830 356 857 vitam
377 832 519 859 aeternam,
548 832 609 860 qua:
626 824 709 851 vitam
733 826 897 859 prmsentem
922 820 1058 855 sequitur,

273 884 326 903 non
344 873 527 910 gauderemus
538 878 599 898 eam
614 871 751 897 amittere.
768 868 839 896 Dicit
853 867 894 894 eis
905 867 1039 894 Maximus
1052 875 1058 894 :

272 922 306 948 l-Zt
320 927 446 956 quienaui
466 923 561 953 potest
582 924 643 944 esse
667 916 720 943 alia
741 915 816 942 vita?
838 913 990 948 Respondit
1012 912 1058 939 Ti-

273 968 391 999 burtius,
407 971 435 993 et
452 965 518 992 dixit
534 962 697 996 :Quoniodo
711 968 811 996 corpus
834 960 959 987 induitur
981 959 1060 985 indu-

273 1013 383 1044 mentis,
401 1013 437 1039 ita
454 1011 536 1038 ctiam
552 1010 643 1037 anima
659 1008 785 1036 induitur
800 1013 927 1041 corpore.
945 1004 978 1031 Et
998 1013 1062 1032 cor-

274 1067 325 1095 pus
351 1058 463 1093 quidem
489 1061 618 1091 tanquam
647 1062 742 1082 semen
762 1058 893 1080 terrestre
906 1071 914 1084 ,
933 1058 980 1086 per
995 1051 1058 1078 lilii-

274 1107 367 1132 ilincni
387 1104 413 1132 iii
429 1107 566 1131 terrenam
582 1102 722 1128 matricem
744 1097 1059 1132 immittitungenitum

273 1157 365 1179 autem
381 1155 408 1178 et
423 1149 567 1179 nutritum,
584 1151 612 1174 et
629 1147 735 1181 lapsum
751 1145 778 1172 in
792 1145 889 1172 mortis
906 1143 1060 1173 interitum,

273 1204 301 1226 ct
323 1198 351 1225 in
374 1197 512 1233 pulverem
538 1200 716 1224 conversum,
740 1196 869 1225 tanquam
887 1188 998 1223 phoenix
1021 1188 1063 1214 fu-

275 1253 344 1272 tura:
362 1243 433 1271 lucis
460 1240 552 1276 specie
572 1239 747 1267 excitabitur.
777 1237 876 1263 Anima
897 1242 962 1262 vero
986 1234 1008 1261 si
1027 1234 1065 1260 sit

274 1295 379 1323 sancta,
394 1289 497 1316 feretur
522 1287 549 1313 in
567 1283 687 1320 paradisi
710 1282 843 1314 delicias,
867 1285 898 1307 ut
920 1279 1020 1306 florens
1036 1278 1062 1304 in

276 1336 402 1366 deliciis.
440 1337 582 1368 exspectet
617 1335 724 1364 tempus
748 1335 805 1355 sua:
840 1325 1065 1354 resurrectionis.

277 1381 349 1409 Dicit
360 1380 400 1408 eis
412 1379 545 1406 Maximus
559 1386 566 1405 :
586 1376 688 1404 Vellem
702 1382 753 1409 ego
766 1380 876 1408 quoque
892 1373 962 1399 hanc
980 1371 1064 1397 vitam

280 1434 422 1462 respuere,
443 1425 466 1452 si
485 1423 519 1451 de
535 1423 567 1450 iis
582 1429 644 1457 qua:
662 1421 732 1448 dicis
748 1427 856 1454 possein
873 1418 931 1445 ﬁeri
952 1416 1064 1444 certior.

280 1474 351 1502 Dicit
364 1473 390 1500 ei
408 1471 567 1500 Valerianus
583 1479 590 1496 :
607 1468 742 1502 Quoniam
758 1466 828 1494 dicis
850 1464 900 1492 tibi
928 1463 997 1490 nihil
1019 1470 1067 1490 su-

281 1526 404 1555 peresse,
427 1517 480 1545 nisi
498 1521 528 1544 ut
545 1515 644 1550 probes
660 1520 723 1540 vera
748 1519 825 1542 esse,
840 1517 900 1546 quae
922 1509 971 1536 tibi
996 1507 1067 1535 dixi-

276 1571 408 1593 «ηυδε-εδ
432 1563 510 1594 hora,
537 1569 591 1596 qua
606 1559 686 1587 faciet
713 1557 845 1584 Dominus
869 1563 918 1582 nos
944 1552 1069 1589 corporis

282 1611 400 1640 tunicam
424 1615 528 1639 exuere
552 1607 579 1634 in
598 1605 724 1641 gloriosa
749 1602 868 1631 nominis
884 1602 944 1637 ejus
963 1598 1069 1627 confes-

280 1659 369 1691 sione,
393 1656 500 1692 aperiet
524 1653 658 1682 Dominus
681 1651 777 1678 oculos
798 1654 874 1680 tuos,
889 1653 918 1675 et
940 1646 1022 1673 faciet
1045 1651 1070 1672 te

282 1691 419 1739 aspicere,
436 1709 499 1730 cum
514 1704 617 1736 quanta
634 1697 720 1733 gloria
734 1696 779 1723 illa
801 1695 855 1721 vita
878 1692 1019 1724 redditur,
1048 1691 1070 1717 si

284 1737 378 1779 tamen
416 1748 563 1785 promittas
602 1744 702 1777 nobis,
731 1741 805 1777 quod
832 1747 866 1768 cx
894 1743 952 1766 toto
980 1737 1072 1765 animo

286 1797 382 1825 venies
394 1795 429 1824 ad
445 1795 485 1822 tui
498 1792 602 1821 erroris
614 1788 814 1826 paenitentiam.

323 1841 373 1869 XX
395 1841 473 1868 Tunc
483 1838 617 1866 Maximus
631 1834 805 1862 anathemate
819 1832 938 1866 scipsum
951 1828 1072 1860 devovit,

288 1890 402 1917 dicens:
422 1885 552 1914 Flaminis
566 1883 637 1918 ignis
651 1886 808 1910 consumar,
825 1878 877 1905 nisi
893 1877 927 1904 ab
942 1876 994 1902 hac
1008 1875 1073 1902 liora

286 1936 363 1964 illum
389 1933 479 1962 solum
501 1930 586 1958 Deum
602 1926 767 1958 contltebor,
795 1923 841 1959 qui
860 1922 936 1955 facit,
964 1926 994 1948 ut
1014 1925 1074 1956 post

287 1982 357 2009 lianc
373 1979 457 2007 vitam
473 1977 525 2004 alia
539 1976 594 2002 vita
607 1977 749 2008 sequatur,
765 1971 817 1998 hoc
830 1968 897 1997 tnilii
917 1968 1005 1995 solum
1027 1974 1074 1994 vos

286 2025 444 2056 ostendite,
465 2021 539 2058 quod
568 2019 635 2047 estis
659 2015 784 2052 polliciti.
811 2014 844 2042 Ei
869 2012 964 2040 dicunt
987 2009 1073 2038 sancti

287 2075 423 2108 martyres
436 2056 585 2096 Tiburtius
595 2069 623 2092 et
634 2062 797 2091 Valerianus
809 2068 818 2088 :
831 2058 901 2087 .lube
920 2056 1074 2086 lictoribus,

287 2123 318 2146 ut
330 2103 380 2146 nos
394 2116 423 2143 in
438 2114 549 2142 domum
573 2115 646 2138 tuain
662 2108 810 2139 abducant,
829 2109 858 2133 et
880 2103 1030 2134 faciemus,
1046 2105 1077 2127 ut

289 2165 354 2192 illuc
378 2161 413 2189 ad
443 2166 470 2188 te
501 2158 592 2186 veniat
607 2154 799 2191 ,purificator:
830 2151 878 2186 qui
905 2151 956 2176 hac
986 2152 1076 2179 nocte,

279 2212 433 2244 postquam
453 2203 538 2232 fueris
562 2201 735 2237 puriﬁcatus,
760 2197 843 2225 faciet
860 2200 890 2223 ut
916 2194 1011 2222 videas
1038 2193 1076 2225 id,

1105 262 1183 288 vobis
1198 262 1289 297 justus
1303 258 1389 286 Iudex
1406 267 1412 284 :
1429 265 1482 284 non
1507 255 1595 282 solum
1617 257 1709 280 autem
1730 250 1826 281 vobis,
1844 248 1893 276 sed

1105 307 1188 334 ctiam
1217 305 1365 336 omnibus,
1389 303 1436 338 qui
1463 301 1582 336 diligunt
1603 299 1753 326 adventum
1780 296 1839 331 ejus
1860 296 1894 323 ".

1107 354 1195 381 Locus
1210 357 1313 382 alitem,
1327 350 1373 385 qui
1390 348 1490 376 dicitur
1506 347 1593 380 Pagns
1604 365 1612 377 ,
1626 349 1686 371 erat
1707 343 1777 369 situs
1797 345 1896 376 quarto

1107 400 1195 435 lapide
1209 399 1242 425 ab
1261 398 1328 424 urbe
1350 397 1446 425 Roma.
1462 393 1494 420 ad
1510 399 1592 427 quem
1615 395 1674 417 crat
1696 388 1896 416 transeundum

1108 433 1192 481 prope
1208 449 1312 480 portam
1326 442 1433 477 templi,
1451 447 1479 467 ut
1493 439 1652 474 quicunque
1670 435 1731 462 illac
1750 433 1896 462 transibat,

1108 492 1159 519 nisi
1179 490 1251 518 lovis
1266 489 1413 516 simulacro
1428 487 1490 514 thus
1517 484 1639 514 oflcrrct,
1656 481 1811 516 puniretur.
1829 478 1898 505 Cum

1108 539 1135 566 iii
1153 545 1216 564 cum
1231 540 1320 563 autem
1337 535 1427 561 locum
1446 531 1585 559 Venissent
1608 528 1695 555 sancti
1713 525 1855 553 Tiburtius
1871 528 1898 550 et

1108 583 1279 611 Valerianus.
1298 581 1447 617 pretiosum
1477 578 1540 604 llius
1561 575 1734 604 obtulerunt,
1752 572 1807 598 Deo
1830 569 1899 597 οπρε-

1109 634 1202 656 rcntes
1237 635 1301 654 suos
1327 631 1501 653 accusatores
1521 631 1526 649 :
1545 626 1573 649 et
1602 621 1642 648 sic
1655 619 1732 646 ﬂexis
1762 616 1877 652 genibus
1891 636 1898 644 .

1110 675 1186 703 fuere
1203 674 1266 702 caesi
1280 672 1380 708 gladio.
1399 676 1428 699 et
1442 669 1544 697 amisso
1560 668 1612 694 lioc
1625 666 1729 693 caduco
1743 669 1770 691 et
1790 662 1898 690 mortali

1111 727 1238 756 corpore,
1260 723 1390 746 aeternam
1411 722 1439 744 et
1458 723 1518 750 qu.e
1535 721 1588 740 non
1608 715 1698 747 pOlCSl
1719 715 1900 738 marcescere.

1111 766 1232 802 martyrii
1248 772 1377 792 coronam
1393 768 1535 796 accepere.

1146 812 1218 840 XXI.
1240 811 1316 838 Tunc
1333 810 1465 837 Maximus
1479 808 1575 843 jurans
1591 804 1701 832 diccbat
1717 812 1723 829 :
1742 801 1801 829 Vidi
1820 807 1905 836 ange-

1112 859 1153 886 los
1167 858 1214 886 Dei
1235 862 1364 891 taiiquam
1380 855 1466 883 solen
1482 851 1699 887 resplcudcntes,
1714 857 1746 876 ea
1760 849 1827 875 liora
1849 854 1903 882 qua

1078 896 1096 923 Β
1115 904 1204 940 gladio
1230 907 1293 929 sunt
1312 900 1446 936 percussi,
1472 903 1500 926 et
1524 902 1657 925 exeuntes
1679 903 1775 922 eorum
1798 894 1906 920 animas

1115 958 1130 978 e
1147 950 1310 984 corporibus
1322 968 1329 979 ,
1346 953 1475 981 tanquam
1493 945 1613 978 virgines
1637 951 1652 970 e
1675 942 1805 968 thalamo.
1830 939 1906 972 Quas

1116 1005 1177 1024 cum
1203 996 1275 1023 ulnis
1301 993 1477 1028 excepissent
1502 990 1607 1025 angeli,
1643 987 1830 1022 strepentibus
1853 985 1907 1011 alis

1114 1042 1274 1070 ferebantur
1302 1041 1328 1067 in
1346 1040 1455 1067 cceluni.
1474 1038 1535 1064 chc
1550 1035 1665 1062 Maximo
1685 1037 1812 1060 narrante
1840 1038 1905 1058 cuni

1114 1087 1252 1124 lacrymis,
1265 1086 1344 1114 multi
1357 1084 1535 1112 crediderunt
1555 1083 1582 1109 in
1605 1080 1751 1108 Dominum
1779 1084 1906 1105 nostrum

1115 1134 1208 1161 Jcsum
1226 1133 1377 1163 Christum,
1393 1135 1420 1157 et
1435 1129 1561 1157 conversi
1578 1127 1612 1154 ab
1630 1134 1725 1154 errore
1744 1124 1908 1152 simulacro-

1118 1187 1189 1210 rum,
1210 1179 1317 1212 scipsos
1337 1176 1509 1204 tradiderunt
1533 1179 1628 1200 sancto
1654 1172 1757 1199 Viliano
1774 1177 1824 1196 suo
1847 1176 1908 1195 ina-

1116 1226 1212 1260 gistro.
1227 1224 1295 1252 Cum
1308 1227 1397 1249 autem
1415 1221 1448 1247 ad
1462 1219 1633 1247 Alinaeliiuni
1657 1217 1731 1243 urbis
1748 1215 1908 1251 pra'fcctuni

1120 1270 1239 1297 venisset
1277 1268 1359 1299 fama,
1387 1265 1461 1301 quod
1482 1264 1615 1291 Maximus
1637 1261 1821 1290 cubicularius
1845 1267 1910 1286 cuin

1121 1315 1250 1342 omnibus
1265 1313 1323 1340 suis
1342 1312 1432 1339 factus
1444 1316 1517 1338 esset
1534 1309 1709 1338 Christianus
1720 1327 1726 1339 ,
1738 1307 1820 1342 jussit
1844 1314 1910 1333 eunt

1123 1361 1217 1389 tandiu
1237 1359 1375 1388 verberari
1397 1358 1484 1393 globis
1500 1356 1645 1392 plumbeis,
1671 1353 1757 1380 donec
1780 1351 1910 1387 Spiritum

1121 1409 1271 1436 emitteret.
1306 1405 1391 1439 Quem
1414 1409 1508 1431 sancta
1533 1401 1635 1429 Christi
1667 1404 1769 1434 martyr
1799 1398 1911 1425 C.ccilia

1121 1461 1183 1482 cum
1205 1453 1340 1488 posuisset
1364 1451 1488 1487 proxime
1511 1452 1620 1477 sanctos
1646 1446 1693 1473 Dei
1713 1449 1846 1480 martyres
1863 1443 1913 1469 Ti~

1123 1487 1245 1527 burtium
1262 1504 1290 1526 et
1303 1497 1488 1526 Valerianum,
1505 1493 1632 1529 deposuit
1646 1492 1674 1518 in
1690 1497 1762 1520 arca.
1786 1494 1813 1516 ct
1828 1487 1913 1522 jussit

1121 1550 1151 1572 ut
1177 1545 1202 1571 in
1227 1552 1290 1572 arca
1319 1543 1379 1578 ejus
1405 1541 1606 1575 insculperetur
1625 1537 1747 1572 phoenix,
1764 1535 1797 1562 ad
1819 1540 1914 1561 osten—

1122 1591 1238 1620 dendam
1258 1591 1317 1625 ejus
1340 1589 1432 1620 (idem,
1448 1587 1494 1622 qui
1510 1593 1540 1613 se
1554 1586 1728 1612 inventurum
1744 1589 1803 1608 esse
1818 1587 1913 1607 resur-

1123 1640 1272 1666 rectionem
1297 1636 1432 1671 plicenicis
1452 1633 1577 1668 exemplo
1591 1632 1747 1659 admiserat.
1764 1629 1845 1657 Facta
1869 1632 1915 1654 est

1123 1689 1214 1710 autem
1235 1687 1295 1717 post
1311 1682 1368 1708 haec
1389 1679 1539 1715 inquisitio.
1556 1677 1646 1712 Cmpit
1662 1677 1735 1704 enim
1750 1673 1914 1701 Alinaeliius

1123 1729 1270 1764 prxfectus
1296 1727 1440 1754 amborum
1463 1725 1580 1752 fratrum
1607 1730 1731 1758 qumrcrc
1757 1719 1914 1750 facultates,

1124 1783 1236 1810 promer
1256 1782 1324 1809 quas
1339 1773 1449 1800 volebat
1471 1772 1553 1798 etiam
1574 1776 1695 1805 quwrcre
1713 1771 1836 1794 sanctam
1856 1765 1917 1791 Cm-

1124 1822 1227 1852 ciliani,
1245 1826 1274 1848 ut
1287 1819 1422 1847 Valeriani
1443 1819 1598 1852 conjugein,
1617 1820 1645 1843 et
1664 1815 1746 1850 jussit
1762 1821 1822 1840 cani
1841 1811 1914 1845 apud

1125 1877 1154 1897 se
1178 1869 1246 1896 sisti.
1267 1868 1332 1901 Qum
1353 1866 1464 1902 quidem
1489 1870 1635 1900 pOStquatn
1659 1861 1750 1889 omnia
1764 1881 1770 1891 ,
1787 1867 1846 1894 qua:
1870 1866 1918 1884 sii-

1126 1914 1284 1949 perfuerant
1303 1920 1334 1938 ex
1349 1919 1445 1938 eorum
1471 1909 1666 1940 facultatibus,
1685 1906 1802 1933 fideliter
1822 1904 1918 1931 distri—

1125 1959 1231 1986 buisset
1248 1958 1428 1993 pauperibus,
1450 1955 1533 1990 erepit
1546 1954 1592 1981 ille
1613 1960 1730 1988 urgere,
1754 1956 1825 1978 utea
1851 1949 1918 1975 Ilius

1125 2005 1249 2034 oﬂerret.
1268 2005 1345 2031 'l'nnc
1356 2002 1425 2030 dixit
1445 2000 1591 2033 ministris,
1616 1999 1663 2034 qui
1681 2005 1741 2026 eam
1763 1995 1916 2032 urgebant,

1127 2057 1157 2079 ut
1171 2053 1221 2079 hoc
1239 2052 1360 2078 faceret:

1140 2129 1143 2131 _
1163 2098 1246 2125 XXll.
1271 2097 1370 2124 Audite
1397 2102 1460 2126 tne,
1482 2093 1557 2121 cives
1580 2097 1608 2120 et
1634 2090 1752 2118 fratres:
1767 2089 1821 2116 Vos
1851 2087 1919 2113 estis

1129 2144 1247 2172 ministri
1273 2142 1358 2170 vestri
1382 2140 1525 2177 praesidis,
1545 2143 1573 2166 et
1593 2137 1703 2165 videtur
1732 2134 1826 2166 vobis,
1842 2132 1916 2168 quod

1131 2192 1295 2220 desideratis
1312 2197 1372 2217 esse
1385 2188 1467 2216 alieni
1482 2187 1516 2214 ab
1530 2187 1590 2221 ejus
1611 2185 1759 2218 impietate.
1779 2181 1844 2208 Mihi
1868 2187 1917 2205 au-

290 2227 433 2244 ιινσιιι-ι--υ
454 2227 537 2232 -—-~---
562 2227 623 2237 τίη
653 2227 656 2228 ν
728 2227 734 2231 ,

290 2253 366 2290 quod
394 2251 444 2279 tibi
466 2248 654 2285 promisimus.
673 2245 741 2273 Cum
756 2248 847 2271 autent
865 2241 1000 2269 Maximus
1020 2239 1079 2274 jus-
1095 2249 1116 2278 ο
1132 2243 1186 2266 tem
1200 2242 1241 2264 cst
1262 2235 1409 2271 gloriosum
1435 2237 1463 2260 et
1480 2231 1558 2258 valde
1575 2227 1804 2258 dcsiderandum,
1826 2229 1920 2251 omna

834 2288 839 2290 ’
890 2287 896 2290 ’
1028 2286 1032 2290 ”
1183 2285 1187 2289 ¹
1277 2284 1281 2288 ”
1356 2289 1360 2290 ν
1379 2279 1479 2290 ¹“¹ννν²λ-ἴ
1510 2276 1680 2290 Δι---Γιυ-ιιῖιυυι
1708 2274 1773 2290 Nam
1788 2280 1850 2290 num
1869 2271 1920 2290 litin

290 2286 373 2327 sisset
393 2296 555 2326 lictoribus,
571 2292 743 2320 abduxerunt
764 2297 812 2316 eos
833 2288 861 2315 in
881 2287 993 2314 domum
1009 2286 1079 2319 ejus.

291 2346 416 2380 Quorum
432 2339 625 2377 praedicatione
642 2338 700 2372 ipse
717 2335 852 2363 Maximus
869 2341 932 2361 eum
955 2335 1010 2359 tota
1031 2338 1080 2358 sua

291 2377 396 2420 familia
409 2393 437 2417 et
455 2386 523 2422 ipsis
536 2383 683 2413 lictoribus
698 2381 875 2410 crediderunt
893 2380 920 2406 iii
934 2377 1081 2406 Dominum

292 2442 419 2467 nostrum
456 2433 550 2462 Jesuin
570 2430 720 2458 Christum.
755 2427 832 2454 Tunc
855 2430 949 2454 sancta
973 2422 1082 2451 Caecilia

295 2484 370 2512 venit
384 2481 419 2509 ad
433 2480 508 2516 ipsos
526 2483 611 2505 noctu
627 2482 690 2503 cum
703 2472 908 2503 sacerdotibus,
924 2474 952 2498 et
969 2469 1082 2497 luerunt

294 2537 390 2558 omnes
409 2515 539 2561 baptizati
562 2524 589 2551 in
603 2521 714 2549 nomine
727 2519 822 2546 Patris
846 2523 874 2544 ct
889 2517 950 2544 Filii
973 2521 1001 2543 et
1021 2515 1082 2550 Spi-

297 2576 367 2602 ritus
392 2571 491 2600 sancti.
519 2569 590 2597 Cuin
625 2571 716 2594 autent
744 2564 871 2592 exoriens
899 2562 1081 2593 matutinum,

296 2619 372 2647 nocti
395 2618 477 2644 linem
497 2614 630 2644 dedisset,
649 2618 747 2646 magno
773 2609 882 2637 silentio
907 2608 990 2638 facto,
1015 2607 1083 2634 dixit

298 2670 392 2694 sancta
417 2662 526 2691 Caecilia
540 2670 547 2687 :
563 2660 658 2688 Estote
686 2657 749 2685 forti
774 2661 803 2684 et
830 2663 928 2690 magno
948 2655 1050 2684 animo,
1069 2660 1085 2679 ο

299 2711 348 2740 Dei
364 2709 482 2741 milites;
498 2707 606 2742 abjicite
629 2712 713 2740 opera
733 2703 923 2733 tenebrarum,
946 2705 973 2727 et
994 2699 1086 2726 indui-

300 2757 367 2786 niini
384 2763 460 2783 arma
474 2754 544 2782 lucis
558 2753 578 2780 ³.
598 2752 745 2781 Pulchrum
763 2753 902 2777 certamen
921 2745 1086 2776 ccrtavistis,

300 2810 412 2833 cursum
428 2800 580 2837 peregistis,
599 2799 678 2826 fidem
691 2795 913 2825 conservuvistis.
937 2793 975 2820 De
990 2797 1089 2819 cmtcro

353 2894 363 2910 ’
387 2893 468 2923 Rom.
492 2899 548 2927 xiii,
572 2891 614 2918 12.
659 2889 680 2905 ’⁸
704 2888 724 2916 ll
746 2887 818 2915 Tim.
844 2892 880 2918 iv,
905 2883 930 2911 7.

1129 2285 1190 2321 pati
1207 2284 1300 2320 gravia
1316 2289 1366 2317 pro
1378 2279 1481 2308 Christi
1507 2276 1691 2306 confessione.
1708 2274 1774 2301 Nam
1788 2280 1850 2299 cum
1869 2271 1922 2297 hac

1135 2331 1190 2358 vita
1203 2336 1343 2364 nunquam
1360 2326 1442 2354 statui
1459 2325 1542 2352 ullam
1565 2323 1668 2350 habere
1689 2319 1849 2346 amicitiam.
1867 2316 1919 2343 Sed

1135 2385 1169 2404 ne
1182 2376 1242 2404 sitis
1257 2375 1290 2402 de
1307 2378 1400 2401 nostra
1425 2370 1536 2399 solliciti
1553 2369 1710 2403 juventute,
1724 2372 1805 2400 quam
1830 2362 1921 2390 omnis

1134 2433 1208 2453 curae
1223 2423 1290 2451 estis
1304 2427 1444 2457 expertem
1469 2417 1618 2446 reddituri.
1638 2415 1728 2443 Facite
1748 2419 1826 2446 ergo,
1847 2408 1919 2445 quod

1135 2472 1168 2499 ab
1184 2471 1279 2506 iniquo
1296 2454 1411 2503 praeside
1431 2469 1474 2493 est
1491 2463 1570 2491 vobis
1592 2462 1768 2497 imperatum.
1782 2458 1860 2485 Tunc
1883 2454 1923 2482 illi

1136 2500 1279 2551 cmperunt
1307 2510 1453 2540 lamentari
1469 2513 1496 2536 et
1512 2505 1644 2542 conqueri
1667 2504 1739 2539 quod
1760 2506 1815 2528 tam
1836 2500 1921 2526 electa

1137 2546 1237 2598 puella,
1254 2563 1283 2588 et
1301 2563 1355 2585 tam
1371 2555 1527 2590 intelligens
1542 2558 1570 2580 et
1583 2551 1694 2582 nobilis,
1710 2552 1822 2582 cuperet
1841 2546 1925 2572 inter-

1139 2594 1182 2635 ilci
1202 2611 1248 2634 :et
1265 2612 1325 2632 eam
1343 2602 1486 2637 rogabant,
1504 2600 1638 2628 dicentes,
1654 2604 1687 2624 ne
1701 2595 1782 2622 talem
1797 2594 1925 2619 decorem

1138 2653 1298 2680 amitteret.
1322 2654 1410 2682 neque
1433 2645 1512 2672 talem
1538 2643 1657 2679 speciem
1686 2641 1862 2668 converteret
1891 2635 1926 2661 ad

1141 2703 1268 2725 mortem.
1292 2693 1398 2728 Quibus
1433 2691 1563 2719 flentibus
1589 2693 1615 2716 et
1630 2688 1726 2716 dolore
1752 2684 1856 2711 vexatis
1887 2681 1928 2707 sic

1141 2748 1235 2771 sancta
1254 2740 1395 2776 respondit
1409 2738 1518 2766 Cecilia
1535 2745 1543 2764 :
1564 2735 1630 2766 lloc,
1650 2742 1666 2761 ο
1684 2733 1800 2762 fratres,
1816 2735 1870 2756 non
1887 2731 1930 2754 est

1144 2789 1257 2826 perdere
1270 2788 1453 2824 juventutem,
1472 2784 1521 2813 sed
1538 2786 1725 2812 commutare;
1748 2778 1811 2805 dare
1827 2776 1930 2810 lutum,
