2077 3148
280 166 327 198 1⁸17

841 171 929 200 VITA
946 171 978 201 S.
998 170 1171 200 C.EClLl.£
1186 171 1233 201 ΕΤ
1255 172 1332 202 SOC.

1851 171 1901 202 1'78

277 229 304 251 ct
318 231 413 252 aurum
428 225 573 260 accipere;
598 226 664 254 dare
690 227 897 255 tabernaculum
923 227 1007 255 breve
1033 231 1061 254 et
1077 228 1099 256 Α
1113 235 1239 263 quaenam
1252 228 1287 255 sit
1314 227 1380 254 mihi
1398 232 1516 262 potestas
1525 228 1542 254 ?‘
1562 227 1635 255 Dixit
1657 231 1751 254 saneta
1770 226 1879 253 Cmcilia
1893 234 1903 252 :

281 270 448 303 miserabile,
471 275 500 299 et
527 280 653 307 magnam
668 274 877 309 speciosamque
897 279 925 302 et
947 274 1064 308 amplam

277 316 388 344 domum
411 318 555 352 accipere,
580 326 614 346 ex
636 319 774 355 lapidibus
796 320 925 355 pretiosis
946 324 973 348 et
998 327 1067 348 auro

279 361 439 389 aedificatam
455 372 461 390 :
475 363 541 390 dare
562 364 693 399 angulum
714 369 888 393 tenebrosum
901 386 908 398 ,
924 370 952 392 et
975 365 1065 392 locum

280 409 404 443 accipere
425 409 568 443 lucidum,
596 411 751 446 margaritis
777 411 997 446 resplemlentem
1014 419 1068 439 cce-

280 453 395 481 Icstibus
412 463 419 481 :
435 455 502 483 dare
522 456 724 490 possessionem
746 464 806 491 qua:
826 456 916 490 perit.
941 461 969 483 et
995 457 1068 483 acci-

281 506 346 533 pere
371 500 574 534 possessionem
599 508 660 535 quae
683 509 737 528 non
756 502 896 536 cugnoseit
921 500 1020 531 finem,
1040 505 1069 527 et

283 545 389 578 ignorat
409 550 542 578 mortem;
557 545 624 573 dare
637 546 756 580 lapidem
775 546 970 579 miserabilem,
987 553 1068 581 quem
1092 553 1096 558 '

282 590 398 624 pedibus
416 591 601 624 conculcatis,
624 597 652 618 et
674 591 799 627 accipere
820 592 938 626 lapidem
964 593 1067 627 pretio-

283 644 361 668 sum,
389 637 435 671 qui
460 637 547 664 forma
568 637 725 672 resplendet
751 638 777 665 in
805 638 880 672 regio
902 637 1067 666 diademate.

284 681 369 709 IIodie
385 682 407 710 si
420 683 481 717 quis
495 683 536 711 sic
551 683 649 710 offerat
662 690 771 715 aureos,
791 689 820 710 ut
834 684 974 711 minimam
990 692 1070 711 num-

284 736 390 756 morum
403 729 584 764 quantitatem
600 738 633 757 ex
650 730 684 757 iis
701 730 784 757 alacri
797 730 890 757 animo
906 736 1068 765 proventum

284 775 418 810 accipiat;
433 784 497 802 num
520 783 568 802 vos
586 783 696 811 quoque
719 776 847 803 lubenter
870 777 1020 804 curreretis
1035 777 1068 803 ad

284 821 364 848 talem
380 822 604 857 negotiationem.
619 827 647 850 et
663 830 760 850 omnes
773 828 911 857 parentes,
933 827 961 851 et
978 828 1069 856 notos,

284 871 311 894 et
327 873 467 902 cognatos.
482 869 664 903 dilectosque,
684 873 711 896 et
724 869 904 904 propinquos,
923 873 951 896 et
966 869 1070 897 amicos

282 913 424 940 vobiscum
447 914 577 943 faceretis
602 915 737 943 currere?
765 914 793 942 Si
822 915 884 950 quis
906 919 998 942 autem
1023 902 1107 943 vosB

285 963 429 986 currentes
457 964 613 991 averteret.
630 960 748 987 dicendo
764 968 812 988 vos
826 961 961 989 inutiliter
977 970 1074 990 omnes

287 1009 390 1032 vestros
416 1012 542 1033 nummos
571 1013 630 1032 esse
654 1006 781 1038 daturos,
809 1014 874 1034 num
906 1015 954 1034 eos
977 1009 1074 1036 essetis

285 1049 392 1076 irrisuri
411 1054 441 1076 ut
455 1051 623 1085 ignorantes.
640 1057 669 1079 et
693 1053 740 1086 qui
766 1052 834 1079 nihil
851 1059 1049 1088 cognoscerent
1064 1062 1072 1082 :

285 1103 334 1122 vos
348 1100 440 1123 autem
459 1097 512 1124 Izeti
527 1099 685 1129 curreretis.
703 1099 775 1134 quod
787 1107 849 1128 cum
867 1101 989 1135 pretioso
1006 1110 1076 1130 auro

284 1141 383 1168 essetis
408 1143 589 1176 permutaturi
605 1152 642 1172 aes
662 1145 831 1178 miserabile,
854 1150 882 1173 ct
904 1155 958 1173 non
984 1147 1075 1182 magni

286 1187 387 1221 pretii?
403 1182 437 1215 Et
462 1196 510 1215 vos
530 1189 640 1224 quidem
664 1190 771 1225 pondus
796 1199 846 1226 pro
868 1192 990 1226 pondere
1008 1201 1075 1228 gau-

286 1232 357 1259 detis
380 1233 520 1268 accipere;
546 1234 617 1262 Deus
635 1240 727 1263 autem
753 1245 807 1264 non
825 1237 872 1265 dat
895 1239 1001 1272 pondus
1025 1247 1075 1274 pro

286 1278 419 1312 pondere,
436 1280 482 1306 sed
494 1281 594 1315 accipit
609 1281 749 1316 simplum.
763 1288 790 1310 et
803 1283 892 1310 reddit
903 1285 1074 1320 centuplum;

285 1329 414 1358 praetcrea
436 1333 500 1353 vero
515 1327 598 1353 vitam
618 1335 729 1362 quoque
745 1335 886 1357 aeternam.

320 1370 414 1398 XXIII.
431 1370 499 1398 Cum
515 1372 572 1399 haec
586 1378 677 1400 autem
690 1375 763 1402 dicta
779 1381 898 1403 essenta
913 1376 990 1404 beata
1013 1377 1074 1406 Ca:-

286 1416 359 1448 cilia,
374 1417 497 1444 ascendit
511 1426 592 1453 supra
606 1424 722 1454 petram,
736 1429 797 1455 qua:
821 1427 880 1448 erat
893 1431 977 1458 prope
992 1424 1075 1458 pedes

286 1462 357 1496 ejus,
392 1467 420 1490 et
443 1462 510 1490 dicit
534 1465 688 1492 omnibus:
718 1466 838 1494 Creditis
862 1475 904 1498 ea.
928 1476 988 1503 qmc
1019 1470 1074 1497 dixi

286 1507 385 1535 vobis?
400 1508 443 1535 IiIi
459 1513 550 1535 autem
564 1517 616 1536 una
630 1518 696 1538 voce
711 1511 841 1538 dixerunt
857 1520 953 1540 onmes
972 1522 979 1540 :
993 1513 1074 1541 Certe

288 1553 426 1581 credimus
441 1555 468 1581 in
482 1555 622 1582 Christum
636 1557 736 1584 Filium
753 1557 812 1589 Dei,
831 1566 894 1586 eum
907 1567 967 1587 esse
979 1568 1074 1588 verum
1089 1572 1110 1600 ρ

289 1598 374 1625 Deum
391 1600 436 1632 qui
452 1603 476 1626 te
493 1600 572 1627 talem
591 1601 671 1628 habet
686 1602 824 1629 ancillam.
846 1603 915 1631 Dicit
928 1604 969 1632 eis
981 1611 1075 1634 sancta

288 1644 422 1672 (Izecilia:
458 1645 496 1673 Ite
513 1645 546 1673 dc
573 1651 683 1680 ca-tcro,
714 1652 742 1675 et
773 1648 856 1676 dicite
886 1649 1076 1678 infelicissimo

289 1690 438 1723 Almaehio,
460 1692 533 1726 quod
553 1699 603 1728 ego
617 1701 700 1720 unum
716 1694 820 1722 donum
836 1700 910 1731 peto,
940 1705 974 1724 ne
994 1697 1077 1726 nimis

291 1735 427 1762 acceleret
455 1737 477 1763 is
495 1745 580 1764 meam
600 1737 824 1767 decertationem.
852 1740 907 1776 Ego
931 1747 1022 1769 autem
1038 1742 1079 1769 fa-

289 1780 370 1811 ciam,
387 1785 417 1807 ut
435 1780 460 1807 in
474 1781 585 1808 domum
599 1789 686 1809 meam
701 1783 791 1811 veniat
802 1785 990 1813 sanctissimus
1008 1794 1078 1822 papa

289 1825 424 1856 Urbanus,
441 1831 471 1853 ut
486 1827 567 1854 faciat
583 1836 631 1855 vos
647 1836 743 1856 omnes
758 1829 820 1857 vita:
833 1836 944 1859 interna:
967 1833 1077 1866 partici-

289 1878 346 1904 pes,
357 1875 384 1897 et
395 1871 434 1898 sic
447 1871 494 1898 Dei
511 1872 684 1906 providentia
707 1881 757 1909 ego
770 1883 879 1910 quoque
905 1884 1080 1904 consumma.

291 1916 350 1943 hor.
369 1917 446 1944 Tunc
462 1926 523 1945 cum
548 1918 575 1945 in
589 1919 649 1953 ejus
669 1919 782 1947 domum
802 1921 922 1948 venisset
937 1922 1075 1949 sanctissi.

291 1970 352 1989 mus
360 1971 426 1998 papa
437 1963 572 1995 Urbanus.
584 1964 730 1999 baptizavit
742 1966 885 2000 plusquam
896 1966 1078 2002 quadringen-

291 2013 343 2041 tos,
359 2009 460 2036 diversi
471 2017 562 2042 sexus,
578 2010 694 2038 fortunae
708 2015 736 2038 ct
746 2012 843 2039 :etatis.
853 2012 928 2039 Inter
939 2020 1008 2045 quos
1020 2018 1081 2040 erat

292 2054 335 2081 vir
357 2055 535 2087 clarissimus,
559 2056 671 2084 nomine
697 2057 861 2084 Gordianus.
882 2058 906 2084 Is
926 2065 989 2085 cum
1005 2065 1082 2094 papas

294 2101 421 2134 precibus
433 2101 544 2127 domum
553 2106 653 2128 sancta:
661 2101 776 2129 Cznciliie
790 2103 894 2130 vocavit
913 2111 946 2130 ex
962 2111 1012 2130 suo
1031 2112 1081 2132 no-

294 2146 374 2179 mine,
385 2150 414 2173 ut
424 2146 565 2174 inocculto
573 2155 604 2174 ex
615 2147 661 2174 iIIo
673 2147 728 2180 die,
738 2155 771 2174 ex
781 2156 836 2183 quo
848 2148 904 2176 illic
911 2148 1011 2177 Christi
1021 2158 1082 2185 per-

293 2196 382 2219 actum
391 2197 433 2219 est
447 2192 590 2227 baptisma,
604 2193 680 2220 ﬂeret
692 2193 812 2221 Ecclesia
842 2195 981 2223 Dominica
993 2203 1000 2228 ;
1012 2195 1081 2223 adeo

292 2243 319 2263 ut
327 2238 513 2266 sanctissimus
522 2246 630 2274 quoque
640 2247 707 2274 papa
716 2239 841 2268 Urbanus
851 2240 907 2268 illic
914 2242 1021 2269 occulte
1034 2241 1082 2269 ha-

291 2284 407 2317 bitaret;
418 2284 506 2311 indies
520 2289 609 2312 autem
618 2285 719 2312 Christi
732 2286 928 2321 redemptionis
943 2286 1018 2315 lucra
1027 2287 1083 2315 illic

291 2334 456 2362 crescerent,
471 2330 604 2357 etdiaholi
621 2335 713 2358 essent
727 2331 825 2358 damna
839 2332 1064 2360 innumerabilia.

327 2374 424 2402 XXIV.
439 2375 507 2402 Cum
525 2375 583 2403 haec
599 2380 691 2404 autem
710 2376 816 2408 fierent,
834 2377 994 2405 AImachius
1004 2377 1082 2405 urbis

293 2421 441 2455 praefectus
467 2421 544 2456 jubet
573 2429 665 2448 coram
683 2429 712 2449 se
738 2421 798 2449 sisti
818 2422 973 2457 Caeciliam,-
999 2431 1082 2458 quam

297 2467 480 2501 interrogans,
496 2467 520 2495 ei
540 2467 630 2494 dicit:
660 2466 738 2500 Quod
757 2473 800 2495 est.
824 2476 925 2496 nomen
951 2474 1042 2501 tuum,
1066 2477 1082 2497 o

296 2513 405 2546 puella?
422 2513 674 2547 ltesponditsancta
692 2513 828 2541 :Caecilia.
845 2514 918 2541 Dixit
936 2515 1083 2550 pra-fectus

296 2559 454 2586 Almachius
468 2558 569 2594 :anus
589 2567 620 2586 es
654 2559 841 2587 conditionis?
864 2560 938 2588 Dixit
954 2560 1060 2589 Caecilia
1074 2571 1083 2589 :

297 2605 416 2640 Ingenua
437 2613 471 2632 ex
496 2606 669 2633 clarissimis.
697 2605 770 2632 Dixit
796 2606 961 2641 praefectus:
980 2607 1037 2641 Ego
1057 2612 1084 2634 te

298 2658 365 2685 rogo
378 2649 412 2677 de
434 2649 578 2684 religione,
603 2658 658 2677 non
686 2655 778 2677 autem
810 2651 844 2677 dc
857 2659 968 2685 genere.
984 2651 1082 2679 Sancta

297 2695 482 2723 dixitszciIia
501 2704 508 2722 :
525 2695 707 2730 Interrogatio
724 2701 769 2723 tua
794 2696 907 2723 stultum
921 2697 994 2731 cepit
1004 2698 1082 2732 prin-

296 2743 410 2778 cipium,
426 2750 487 2777 qua:
501 2741 557 2769 duo
576 2749 706 2775 responsa
723 2742 834 2769 videtur
852 2742 952 2770 elicere
967 2750 1001 2769 ex
1029 2751 1081 2770 una

298 2788 459 2822 quaestione.
475 2785 548 2813 Dixit
562 2786 707 2820 przefectus
723 2795 729 2812 :
746 2786 888 2814 Uudenam
904 2792 945 2814 est
961 2786 1011 2814 tibi
1024 2787 1082 2815 haec

299 2833 418 2861 fiducia?
435 2832 586 2868 Respondit
615 2837 707 2859 sancta
727 2832 784 2859 :Ex
805 2832 876 2859 bona
897 2833 1081 2868 conscientia,

299 2883 325 2905 et
352 2878 402 2905 fidi-
426 2885 478 2904 non
506 2877 644 2905 simulata.
670 2876 742 2904 Dixit
773 2878 940 2912 priefectus:
968 2878 1080 2914 Ignoras

1119 272 1232 308 Ignoras
1244 277 1285 305 tu,
1298 280 1423 308 quanam
1440 272 1476 299 sit
1498 272 1565 299 mihi
1583 276 1704 307 potestas
1718 272 1730 298 '!
1743 271 1810 298 Nam
1832 271 1856 298 ai
1873 275 1912 297 tus

1118 326 1162 346 me
1177 319 1318 354 rogaveris
1339 318 1373 346 de
1399 322 1444 346 tua
1468 322 1615 353 potestate,
1641 318 1715 346 veris
1730 317 1823 345 verbis
1847 317 1898 344 tibi

1119 366 1252 400 aperiam.
1282 364 1354 392 Dicit
1382 365 1407 391 ei
1433 364 1576 398 praefectus
1589 372 1597 388 ι
1610 363 1669 395 Dic.
1686 363 1709 391 si
1737 363 1803 398 quid
1817 362 1900 390 noatI.

1119 411 1216 438 Sancta
1236 410 1305 437 dixit
1318 409 1450 437 Caecilia:
1463 407 1562 436 Omnis
1589 408 1710 435 hominis
1723 412 1846 442 potestas
1859 410 1901 434 eat

1119 457 1233 492 perinde
1263 463 1295 483 ac
1320 458 1382 482 uter
1406 459 1489 482 vento
1506 454 1627 489 plenus:
1643 460 1726 488 quem
1742 453 1765 480 si
1784 461 1838 480 una
1852 460 1903 480 acu

1120 502 1278 538 pupugeris,
1290 503 1381 530 omnis
1396 507 1487 530 tumor
1501 501 1562 536 ejus
1574 498 1638 527 colli
1666 497 1816 526 ﬂaccescit.
1831 497 1904 531 Quin

1119 549 1201 576 etiam
1222 548 1244 576 si
1264 548 1420 576 invenietur
1437 548 1465 575 in
1482 554 1544 582 Ipso
1557 544 1660 580 aliquid
1676 549 1797 580 portare.
1822 543 1905 571 infle-

1119 596 1214 623 ctitur.
1239 595 1311 622 Dixit
1333 595 1478 630 praefectus
1494 603 1501 622 :
1518 593 1632 629 Coepisti
1651 601 1666 620 a
1684 591 1861 622 contumelia,
1879 595 1907 619 et

1120 649 1281 677 perseveras
1293 642 1321 669 in
1347 641 1534 669 contumeliis.
1565 639 1638 667 Dixit
1663 644 1758 667 sancta
1774 638 1905 666 Caecilia:

1119 688 1178 715 Non
1192 687 1293 715 dicitur
1306 687 1482 720 contumelia,
1495 687 1546 714 nisi
1561 686 1588 713 in
1602 693 1650 714 eos
1666 685 1712 721 qui
1731 692 1818 720 pauca
1838 691 1903 719 pee-

1121 738 1196 764 cant,
1227 741 1281 760 non
1318 737 1444 760 teneatur
1468 731 1631 760 moderatio.
1659 729 1842 764 Quamobrem
1864 728 1907 755 vel

1120 780 1188 806 doce
1225 778 1432 809 contumeliam.
1459 778 1481 805 si
1508 777 1605 805 falsum
1631 784 1691 803 sum
1723 775 1830 807 locuta;
1861 773 1904 801 vel

1120 824 1236 857 teipsum
1254 824 1365 859 castiga,
1382 824 1546 851 subeuntem
1566 821 1713 858 judicium.
1728 820 1802 848 Dixit
1816 820 1908 847 Alma-

1122 870 1202 896 chius
1230 870 1377 904 praefectus
1398 870 1544 905 :lgnoras,
1579 868 1652 903 quod
1681 866 1786 894 domini
1813 865 1906 893 invicti

1123 915 1303 950 imperatores
1323 916 1464 951 jusserunt
1494 919 1525 942 ut
1545 914 1591 950 qui
1613 921 1668 941 non
1691 911 1852 948 negaverint
1878 919 1909 938 ao

1122 969 1183 990 esse
1194 961 1374 992 Christianos.
1389 961 1540 996 puniantur
1552 968 1559 993 ;
1570 960 1617 995 qui
1631 963 1723 987 autent
1736 957 1908 993 negaverint.

1123 1007 1308 1035 dimittantur.
1322 1007 1396 1035 Dixit
1414 1011 1506 1035 sancta
1523 1006 1631 1034 Caecilia
1649 1015 1655 1032 :
1669 1005 1715 1033 Sic
1726 1004 1816 1033 vestri
1840 1011 1911 1032 som-

1124 1061 1173 1088 per
1179 1058 1272 1080 curant
1280 1054 1470 1088 imperatores,
1485 1052 1647 1081 sicutetiam
1659 1056 1750 1080 vestra
1760 1049 1907 1079 celsitudo.

1123 1099 1191 1126 Nam
1212 1107 1272 1134 qua.-
1288 1098 1322 1126 ab
1340 1098 1408 1134 ipsis
1424 1098 1561 1134 processit
1574 1097 1784 1130 sententia,vos
1795 1095 1906 1131 quidem

1126 1148 1223 1170 testata
1237 1148 1279 1171 est
1300 1151 1361 1171 esse
1387 1143 1497 1178 impios,
1524 1150 1576 1170 nos
1597 1146 1689 1170 autem
1704 1149 1765 1170 esse
1790 1140 1915 1169 ostendit-

1125 1189 1297 1216 innoccntes.
1315 1188 1343 1215 Si
1356 1189 1430 1216 enim
1444 1189 1545 1216 malum
1565 1192 1638 1215 esset
1652 1187 1705 1215 hoc
1719 1194 1832 1220 nomen,
1853 1193 1905 1214 nos

1124 1233 1234 1268 quidem
1251 1234 1472 1269 ncgavissemus.
1490 1234 1546 1261 Vos
1570 1237 1674 1265 autem,
1707 1238 1737 1260 ut
1750 1239 1802 1260 nos
1826 1230 1913 1259 conl—

1125 1283 1224 1309 temur,
1241 1279 1353 1306 omnino
1374 1279 1544 1314 coegissetis.
1575 1279 1648 1306 Dixit
1672 1278 1841 1314 praefectus:
1857 1277 1914 1306 Pro

1125 1324 1226 1358 pietate
1248 1331 1295 1351 sua
1314 1325 1366 1352 hoc
1384 1325 1532 1352 valuerunt
1556 1329 1688 1356 statuere,
1708 1329 1738 1351 ut
1763 1331 1813 1352 sua
1833 1323 1914 1351 bonl-

1127 1369 1231 1403 gnilate
1246 1370 1331 1397 vitam
1349 1369 1488 1402 donando,
1511 1371 1591 1398 vobis
1620 1370 1820 1405 gratificentur.
1837 1369 1912 1397 Dixit

1126 1420 1218 1443 saneta
1231 1415 1339 1444 Caecilia
1356 1425 1362 1443 :
1381 1416 1455 1444 Nihil
1470 1421 1512 1444 est
1526 1424 1610 1452 atque
1624 1416 1751 1451 impium,
1761 1415 1829 1444 nihil
1839 1416 1914 1449 ,‘voro

1128 1466 1184 1488 tam
1202 1461 1365 1489 innocentia:
1379 1461 1534 1495 inimicum,
1545 1470 1626 1497 quam
1639 1462 1695 1490 reis
1702 1462 1795 1490 omnia
1811 1461 1919 1490 ἰδία-το

1126 1507 1261 1542 supplicia
1275 1507 1309 1535 ad
1324 1507 1387 1540 hoc,
1404 1512 1435 1535 ut
1452 1515 1530 1535 suam
1543 1507 1666 1543 iniquam
1691 1511 1828 1536 testentur
1845 1514 1910 1542 qua-

1128 1553 1245 1584 litatem.
1265 1557 1292 1580 et
1310 1553 1344 1581 de
1361 1561 1456 1581 eorum
1487 1554 1515 1581 in
1535 1553 1666 1589 mysterio
1678 1553 1761 1581 sociis
1785 1553 1915 1588 gravissi-

1129 1606 1201 1626 mam
1218 1599 1318 1628 habere
1347 1599 1536 1635 quastionem.
1553 1600 1608 1627 Nos
1628 1604 1720 1627 autem
1736 1607 1806 1634 quos
1833 1599 1920 1627 iuno-

1128 1650 1221 1673 centes
1235 1646 1412 1681 cognoscitis,
1427 1646 1548 1673 nominis
1572 1646 1660 1674 solum
1693 1647 1840 1674 accusatis.
1861 1646 1919 1673 Sed

1129 1700 1189 1724 nos,
1204 1692 1250 1727 qui
1271 1696 1395 1720 sanctum
1425 1699 1526 1720 nomen
1541 1691 1644 1719 Christi
1672 1691 1875 1727 cognoscimus.
1888 1691 1918 1718 id

1129 1737 1242 1765 omnino
1268 1745 1369 1773 negare
1395 1745 1449 1766 non
1469 1745 1627 1772 possumus.
1646 1737 1695 1765 Est
1723 1738 1796 1764 enim
1817 1737 1919 1765 melius

1131 1783 1200 1810 mori
1214 1783 1340 1816 feliciter,
1359 1791 1441 1819 quam
1468 1783 1563 1811 vivere
1590 1782 1744 1810 infeliciter.
1764 1782 1819 1810 Nos
1842 1783 1920 1811 enim

1131 1838 1196 1857 vera
1210 1830 1345 1861 dicentes,
1356 1838 1404 1857 vos
1422 1829 1562 1865 punimus,
1578 1829 1680 1864 quibus
1690 1834 1733 1857 est
1744 1836 1916 1864 persuasum,

1131 1881 1160 1902 nt
1178 1875 1275 1904 faIsum
1292 1875 1421 1904 audiatis.

1168 1920 1250 1948 XXV.
1263 1921 1336 1948 Dixit
1348 1921 1505 1949 Almachius
1518 1921 1664 1956 prafectus
1678 1930 1684 1947 :
1700 1920 1774 1956 Elige
1786 1924 1815 1948 tu
1831 1928 1916 1948 unum

1131 1974 1163 1994 ex
1181 1967 1288 1995 duobus
1303 1975 1312 1994 :
1326 1972 1372 1995 aut
1383 1966 1518 1997 sacrifica.
1532 1971 1580 1994 aut
1591 1973 1659 2001 nega
1671 1971 1697 1993 te
1709 1974 1770 1994 esse
1784 1966 1918 1994 Christia-

1133 2019 1207 2043 nam,
1219 2017 1248 2038 ut
1260 2012 1353 2039 delicti
1370 2011 1418 2039 tibi
1434 2011 1516 2039 detur
1537 2011 1627 2038 venia.
1652 2011 1730 2038 Tunc
1745 2011 1815 2038 dixit
1824 2011 1918 2038 ridens

1132 2059 1225 2083 sancta
1239 2056 1368 2084 Caecilia:
1385 2057 1407 2084 0
1427 2057 1546 2091 iudicem
1575 2056 1680 2092 pudore
1705 2057 1861 2084 necessario
1879 2057 1919 2083 af-

1132 2101 1251 2129 fectuml
1269 2102 1333 2129 Vult
1345 2110 1388 2130 me
1416 2110 1530 2137 negare,
1547 2108 1575 2131 et
1588 2110 1648 2130 esse
1665 2110 1709 2130 me
1729 2102 1917 2134 innocentem,

1132 2151 1163 2175 ut
1178 2148 1235 2183 ipse
1254 2155 1298 2175 me
1325 2147 1409 2175 faciat
1428 2148 1537 2176 crimini
1549 2147 1708 2175 obnoxiam.
1728 2147 1757 2175 Si
1774 2147 1816 2176 vis
1835 2155 1918 2176 accu-

1133 2201 1205 2226 sare,
1221 2201 1271 2221 cur
1286 2200 1330 2220 me
1349 2193 1516 2225 adhortaris,
1527 2197 1557 2220 ut
1568 2193 1684 2228 negem?
1700 2191 1748 2220 Sin
1767 2197 1857 2221 autem
1877 2194 1919 2221 vis

1097 2244 1119 2272 ι)
1133 2236 1287 2269 absolvere,
1301 2244 1351 2264 cur
1363 2244 1418 2264 non
1434 2237 1476 2265 vis
1503 2237 1665 2272 iuquirere‘l
1683 2237 1756 2265 Dixit
1775 2237 1920 2273 pra-fectus

1133 2282 1296 2310 Amalchius
1314 2291 1321 2310 :
1341 2282 1448 2310 Adsunt
1470 2289 1655 2317 accusatores,
1674 2283 1720 2319 qui
1743 2287 1878 2310 testantur
1893 2288 1920 2312 te

1133 2336 1194 2356 esse
1205 2328 1402 2357 Christianam.
1423 2328 1451 2356 Si
1480 2337 1546 2364 ergo
1573 2330 1776 2366 quamprimum
1803 2337 1919 2365 negave—

1134 2371 1181 2405 ris.
1214 2375 1339 2410 impones
1381 2375 1461 2403 ﬁnem
1487 2383 1582 2403 eorum
1613 2375 1845 2403 accusationibus.
1872 2375 1919 2402 Sin

1131 2425 1223 2449 autem
1268 2420 1388 2448 nolueris
1421 2428 1532 2456 negare,
1574 2421 1627 2448 hoc
1674 2425 1727 2448 tuae
1770 2420 1921 2455 imputabis

1134 2466 1270 2498 amentia,
1286 2466 1398 2501 quando
1424 2466 1452 2494 in
1479 2471 1506 2494 te
1519 2467 1572 2493 Iota
1586 2466 1670 2493 fuerit
1687 2466 1832 2493 sententia.
1848 2465 1921 2492 Dixit

1133 2516 1225 2539 sancta
1244 2511 1351 2539 Caecilia
1369 2521 1375 2538 :
1395 2511 1495 2539 Eorum
1514 2512 1654 2539 accusatio
1667 2516 1709 2538 est
1726 2510 1792 2538 mihi
1810 2511 1919 2538 deside-

1134 2556 1230 2588 randa.
1259 2561 1286 2584 et
1303 2556 1412 2592 punitio
1438 2561 1484 2584 tua
1499 2561 1543 2584 est
1557 2556 1684 2584 victovia.
1711 2556 1772 2584 Noli
1797 2564 1840 2583 me
1854 2564 1920 2592 ergo

1133 2604 1273 2638 corrigere
1288 2607 1416 2639 tanquam
1428 2607 1566 2631 errantem
1580 2611 1587 2629 :
1599 2603 1646 2630 sed
1662 2603 1779 2637 teipsum
1797 2603 1918 2638 increpa.

1133 2650 1179 2685 qui
1209 2648 1350 2676 existimas
1391 2649 1449 2676 fore
1489 2654 1518 2676 ut
1543 2648 1682 2677 Christum
1711 2656 1818 2684 negem.
1848 2649 1921 2676 Dixit

1134 2695 1301 2732 praafectus:
1321 2695 1429 2726 Misera,
1441 2695 1531 2722 nescis
1544 2695 1607 2722 vitae
1617 2699 1645 2722 et
1661 2695 1738 2722 necis
1756 2699 1920 2730 potestatem

1133 2741 1201 2768 mihi
1221 2741 1312 2769 datam
1326 2748 1386 2768 esse
1401 2741 1435 2768 ab
1460 2740 1693 2775 imperatoribus?
1717 2740 1774 2768 Cur
1796 2742 1921 2776 loqueris

1135 2794 1197 2814 eum
1237 2790 1311 2813 tanta
1338 2785 1490 2820 superbia?
1507 2786 1584 2813 Dixit
1607 2791 1699 2816 saneta
1720 2795 1727 2813 :
1751 2787 1812 2814 Alio
1839 2787 1913 2814 modi

1135 2833 1199 2860 licet
1230 2831 1324 2859 dicere
1351 2832 1512 2867 superbum,
1527 2836 1555 2860 et
1578 2832 1631 2860 alio
1656 2833 1852 2861 conﬁdentem.
1867 2833 1922 2867 Ego

1135 2878 1315 2910 conﬁdenter,
1334 2886 1387 2906 non
1405 2883 1494 2906 autem
1508 2878 1638 2913 superbe,
1659 2887 1724 2908 sum
1736 2879 1837 2906 locuta.
1852 2878 1919 2907 Nam
