2077 3148
195 142 248 174 179

829 139 973 170 MENSIS
994 139 1218 171 NOVEMBER.

1770 128 1820 173 rso

194 204 247 225 nos
262 203 372 231 quoque
389 196 465 224 valde
484 196 627 231 rcjicimus
640 196 812 231 superbiam.
830 197 872 224 Tu
890 202 982 224 autem
997 200 1021 226 A
1073 196 1170 226 XXVI.
1184 198 1263 226 Tunc
1276 199 1354 226 valde
1371 198 1459 226 iratus
1472 197 1644 230 Almacbius,
1657 197 1741 233 jussit
1762 204 1822 225 eam

195 245 218 271 si
238 251 293 271 non
312 244 390 272 limes
405 243 503 270 audire
533 243 691 275 veritatem,
706 251 804 271 rursus
830 243 936 271 docebo
954 250 979 272 te

194 296 269 317 nunc
284 289 348 316 lalsa
364 296 425 317 esse
455 289 591 317 locutum.
619 289 694 317 Dixit
709 289 868 318 Almachius
882 290 979 325 prafe-

173 341 255 364 wetus
271 347 278 364 :
294 337 430 370 Quidnam
459 337 521 365 falsi
536 344 567 365 es
582 337 611 364 in
633 337 714 364 nobis
740 337 885 364 assecuta?
907 337 980 365 Dixit

193 387 288 410 sancta
303 383 413 413 Caecilia
429 392 437 412 ι
453 384 523 416 Hoc,
549 383 623 419 quod
640 382 757 410 afﬁrmas
774 387 837 411 tuos
863 384 981 418 impera-

194 433 270 456 tores
291 429 341 456 tibi
370 429 482 458 dedisse
500 430 562 458 vita:
578 434 606 457 et
624 430 699 457 necis
714 434 887 465 potestatem.
908 430 981 457 Dixit

194 473 367 506 praefectus:
399 475 472 511 Ergo
505 483 566 503 sum
590 475 744 503 mentitus?
775 475 873 503 Sancta
911 476 980 503 dixit

195 518 331 547 Caacilia:
360 520 478 554 Revera,
503 522 526 549 si
550 521 659 557 jubeas,
687 522 785 549 falsum
812 527 841 549 te
878 523 980 550 dixisse

198 565 353 594 ostendam.
379 567 453 594 Dixit
481 568 626 602 praefectus
652 577 659 595 :
687 568 746 596 Dic.
779 568 880 596 Sancta
913 569 983 595 dixit

197 610 305 639 Caecilia
321 620 328 638 :
348 612 445 640 Dixisti
466 617 528 641 tuos
547 614 731 650 imperatores
746 615 797 642 tibi
809 614 920 642 dedisse
934 623 983 650 po-

198 661 325 685 tesmtem
337 658 399 685 vitae
412 663 440 686 et
454 659 540 687 necis.
554 659 695 695 Cognosce
708 660 810 695 itaque,
829 660 878 688 tibi
892 662 980 689 solum

199 710 259 730 esse
275 704 365 732 datam
376 705 474 732 mortis
489 710 661 740 potestatem.
678 706 745 733 Nam
764 707 848 734 vitam
871 707 981 742 quidem

199 756 308 785 potesa
323 751 393 778 vivis
421 751 536 784 tollere;
561 751 678 779 mortuis
706 757 798 779 autem
820 760 874 780 non
907 757 985 788 potes

200 798 266 825 dare
281 798 375 825 vitam.
392 798 440 825 Dic
459 805 536 833 ergo,
559 798 630 833 quod
647 798 827 833 imperatores
850 803 876 826 te
887 799 985 827 volue-

201 848 266 870 runt
285 851 346 871 esse
370 843 528 871 ministrum
555 844 662 872 mortis.
689 844 756 872 Nam
781 846 806 873 si
824 850 852 873 tu
868 846 987 881 amplius

201 890 317 922 dixeris,
344 890 563 925 deprehenderis
593 891 661 918 falsa
676 891 782 925 dicere,
797 897 824 919 et
850 900 911 927 qua:
934 900 987 920 non

201 941 316 971 possunt
350 937 514 965 consistere.
537 937 612 964 Dixit
637 937 786 973 praefectus
804 939 986 967 Almacbius:

202 983 241 1010 Ne
254 983 291 1010 sis
307 983 436 1016 verbosa,
448 991 464 1010 ο
476 983 587 1015 mulier,
598 984 645 1011 sed
659 983 694 1011 de
710 988 810 1012 caetero
841 989 916 1013 tuam
938 985 988 1014 de-

202 1035 275 1062 pone
301 1028 457 1061 audaciam,
472 1033 499 1056 et
522 1029 598 1062 veni,
617 1035 645 1057 et
675 1029 728 1058 diis
754 1031 888 1059 sacriﬁca.
917 1031 990 1060 Dixit

203 1079 297 1100 sancta
313 1073 424 1101 Caecilia
443 1083 450 1102 :
468 1074 578 1106 Nescio,
593 1075 705 1104 ubinam
721 1081 784 1104 tuos
809 1078 906 1105 oculos
919 1078 989 1105 ami-

201 1119 282 1146 seris.
305 1119 373 1146 Nam
390 1125 500 1154 questu
516 1121 587 1149 dicis
603 1121 681 1155 deos,
698 1130 748 1158 ego
774 1127 802 1150 et
817 1131 924 1156 omnes,
941 1124 988 1159 qui

202 1168 267 1191 sunt
282 1165 355 1193 sanis
371 1166 469 1198 oculis,
483 1166 610 1195 videmus
626 1175 693 1195 esse
719 1169 835 1202 lapides,
857 1171 890 1197 et'
904 1175 990 1203 :es,et

202 1211 357 1245 plumbum.
387 1212 460 1240 Dixit
488 1214 662 1249 praefectus:
695 1214 868 1243 Contumelia
905 1216 990 1245 adicis

203 1257 367 1293 religonem,
384 1258 522 1293 despectis
543 1260 728 1295 philosophis,
743 1269 797 1288 non
815 1270 925 1296 possum
940 1271 990 1290 au-

205 1309 259 1331 tem
276 1304 348 1332 terre
358 1305 472 1332 deorum
490 1306 681 1333 contumelias.
699 1307 772 1334 Dixit
788 1313 883 1336 sancta
905 1308 992 1336 Caeci-

203 1350 240 1376 lia
255 1359 262 1377 :
280 1349 320 1378 Ex
333 1358 389 1385 quo
409 1358 439 1378 es
458 1352 602 1386 aperuisti,
620 1353 727 1380 nullum
743 1354 860 1381 verbum
889 1354 991 1389 fecisti,

204 1397 277 1431 quod
303 1404 357 1424 non
383 1401 410 1425 te
431 1398 591 1426 ostenderet
614 1398 758 1434 injustum,
776 1399 950 1435 insipientem
965 1406 993 1428 et

204 1440 330 1468 stultum.
348 1440 400 1469 Sed
415 1442 489 1470 enim
502 1442 634 1477 quidnam
650 1443 702 1471 hoc
712 1448 766 1476 est,
784 1445 858 1481 quod
871 1446 993 1474 externis

204 1487 291 1515 nans
303 1494 363 1515 esse
389 1495 491 1516 cxcnm
510 1489 644 1521 ostendis.
677 1490 787 1524 quando
808 1491 881 1526 quod
898 1499 993 1520 omnes

1039 243 1134 271 reduci
1159 245 1185 271 in
1215 244 1327 271 domum
1350 251 1438 277 suam,
1468 248 1497 272 et
1521 244 1579 272 illic
1594 244 1685 272 balnei
1715 243 1823 271 ﬂamma

1038 289 1137 317 torreri
1157 290 1206 325 (l).
1239 289 1308 318 Cum
1327 294 1419 318 autem
1435 293 1508 318 esset
1527 290 1556 317 in
1582 297 1646 317 aere
1666 289 1757 317 balnei
1781 289 1823 316 sui

1037 335 1154 368 inclusa,
1168 341 1196 364 et
1210 336 1310 364 subtus
1331 340 1389 364 toto
1401 336 1446 364 die
1463 340 1490 363 et
1506 341 1587 364 nocte
1601 343 1699 372 magna
1717 337 1759 363 vis
1775 343 1821 362 ar-

1035 383 1125 411 dentis
1138 383 1203 418 ligni
1217 383 1404 416 adhiberetur,
1421 388 1550 418 tanquam
1562 383 1589 410 in
1620 382 1682 410 loco
1709 382 1824 417 refrige-

1038 434 1097 457 rato
1112 429 1196 457 illaesa
1207 430 1359 464 permansit
1373 433 1400 456 et
1408 431 1494 461 salva,
1504 429 1612 456 Domini
1624 429 1711 464 gratia
1727 428 1825 460 :adeo,

1039 481 1068 503 ut
1083 476 1157 504 nulla
1174 483 1236 511 pars
1251 477 1364 504 omnino
1377 484 1411 504 ex
1426 477 1487 511 ejus
1498 475 1631 503 membris
1646 475 1689 503 vel
1705 475 1820 502 minimo

1039 521 1150 549 sudoris
1165 521 1244 556 signo
1265 521 1350 549 fuerit
1375 522 1545 549 humectata.
1561 521 1639 555 Quod
1666 529 1729 549 cum
1747 521 1826 548 audi-

1039 568 1123 595 \isset
1135 567 1294 595 Almachius
1312 568 1469 603 praefectus,
1485 569 1552 596 illuc
1572 568 1649 595 misit
1672 568 1706 595 ad
1723 567 1822 602 ipsam.

1040 614 1112 641 utin
1139 613 1206 648 ipsis
1220 613 1326 641 balneis
1351 614 1376 641 ei
1404 619 1487 649 caput
1504 618 1705 649 amputaretur.
1738 612 1827 646 Quam

1039 660 1189 695 spiculator
1207 660 1294 687 tribus
1306 660 1442 695 percussit
1457 659 1568 691 ictibus,
1579 664 1606 686 et
1622 666 1677 686 non
1691 658 1782 693 potuit
1795 657 1821 685 ei

1041 711 1123 741 caput
1138 709 1291 740 amputare.
1308 705 1354 733 Sic
1370 710 1462 733 autem
1474 713 1535 732 eam
1559 705 1725 739 semiputato
1740 705 1830 739 capite

1042 752 1117 779 ferus
1127 756 1156 779 et
1174 751 1350 779 crudelisille
1366 751 1446 778 lictor
1458 751 1588 786 reliquit;
1606 750 1674 778 adeo
1691 755 1721 777 ut
1731 757 1829 776 omnes

1042 799 1142 831 turbae,
1152 807 1212 834 qua:
1225 807 1274 834 per
1284 799 1358 826 illam
1368 798 1722 833 credideranl,sanguinem
1737 797 1830 824 linteis

1042 849 1172 881 tanquam
1186 845 1307 880 spongiis
1320 845 1473 873 hauserint.
1488 845 1587 872 Tribus
1602 849 1705 874 autem.
1728 844 1830 877 quibus

1041 891 1193 926 supervixit
1210 890 1320 923 diebus,
1337 898 1391 917 non
1410 890 1528 918 cessavit
1541 897 1648 921 onmes,
1675 897 1745 923 quos
1761 888 1829 915 aluit

1040 941 1069 965 et
1084 944 1155 971 quos
1179 937 1282 967 docuit.
1299 937 1462 964 conﬁrmare
1489 941 1517 963 et
1531 936 1712 964 corroborare
1729 936 1756 962 in
1778 934 1829 962 ﬁde

1041 982 1162 1009 Domini.
1177 981 1284 1015 Quibus
1297 982 1379 1009 etiam
1395 981 1539 1009 distribuit
1555 982 1658 1011 omnia.
1670 989 1730 1016 quae
1747 980 1831 1007 habe-

1040 1029 1098 1063 bat,
1116 1034 1144 1057 et
1171 1029 1346 1057 sanctissimo
1371 1037 1446 1064 papae
1474 1029 1586 1057 Urbano
1614 1027 1829 1055 commendavit.

1040 1076 1089 1104 Cui
1106 1076 1190 1104 etiam
1210 1075 1279 1103 dixit
1299 1086 1304 1102 ε
1324 1075 1420 1102 Trium
1441 1074 1550 1102 dierum
1576 1074 1644 1101 mihi
1662 1074 1716 1109 jam
1746 1073 1830 1108 petivi

1042 1121 1204 1152 terminum,
1218 1126 1249 1149 ut
1262 1122 1369 1149 tradam
1381 1122 1439 1149 haec
1465 1126 1519 1148 tua:
1539 1121 1690 1153 sanctitati,
1708 1126 1736 1148 et
1761 1120 1832 1146 hanc

1042 1168 1155 1195 domum
1170 1175 1258 1194 meam
1271 1167 1299 1194 in
1322 1167 1454 1194 saéculum
1468 1166 1597 1194 Ecclesia!
1622 1167 1737 1194 nomine
1765 1174 1833 1194 con-

1041 1222 1143 1242 secres.
1172 1214 1294 1249 Impletis
1321 1218 1412 1241 autem
1428 1213 1525 1246 tribus,
1541 1217 1569 1240 et
1594 1213 1678 1240 Deum
1701 1218 1832 1248 precante

1044 1263 1122 1290 beata
1132 1262 1254 1292 Caecilia,
1268 1269 1330 1289 cum
1342 1266 1436 1288 essent
1449 1261 1540 1288 adhuc
1551 1268 1647 1296 preces
1658 1262 1685 1288 in
1695 1268 1744 1288 ore
1757 1262 1830 1296 ejus,

1044 1309 1157 1336 tradidit
1175 1308 1323 1344 pretiosam
1353 1312 1381 1334 et
1411 1311 1536 1334 sanctam
1561 1314 1638 1334 suam
1655 1307 1776 1334 animam
1801 1306 1830 1334 in

1044 1363 1144 1383 manus
1159 1355 1207 1382 Dei
1220 1353 1350 1385 viventis,
1376 1354 1479 1380 mensis
1507 1353 1671 1381 Novembris
1694 1353 1741 1380 22.
1758 1353 1835 1380 Tunc

1044 1400 1236 1428 sanctissimus
1255 1407 1324 1434 papa
1349 1398 1489 1430 Urbanus,
1513 1406 1577 1426 cum
1602 1399 1834 1434 gloriosissimum

1043 1447 1104 1481 ejus
1131 1452 1230 1480 corpus
1256 1443 1420 1471 subtulisset
1440 1447 1522 1470 noctu
1553 1451 1615 1470 cum
1636 1443 1775 1473 diaconis,
1791 1451 1835 1471 se-

1045 1492 1122 1528 pellit
1148 1492 1238 1527 ipsum
1262 1490 1334 1518 inter
1351 1490 1420 1517 alios
1451 1490 1571 1525 collegas
1592 1498 1658 1517 suos
1680 1490 1836 1524 episcopos.

204 1531 322 1567 lapidem
352 1540 412 1560 esse
429 1533 592 1568 aspicimus,
608 1538 637 1562 et
671 1535 788 1570 lapidem
809 1536 946 1569 inutilem,
963 1542 990 1564 tu
1005 1545 1027 1575 ρ
1045 1539 1091 1567 ubi
1116 1543 1181 1566 sunt
1193 1545 1289 1565 omnes
1309 1537 1480 1564 confessores
1495 1540 1523 1563 et
1550 1541 1687 1571 martyres
1703 1535 1832 1570 depositi.

204 1578 288 1605 deum
298 1586 358 1607 esse
374 1580 549 1607 mstarileo
566 1580 627 1614 tibi,
641 1581 662 1608 si
684 1581 776 1616 jubes,
795 1582 956 1616 consilium,
967 1589 994 1610 et

206 1630 267 1650 eum
283 1628 406 1659 tangens,
426 1625 500 1652 disce
516 1632 578 1652 esse
593 1625 732 1660 lapidem;
750 1627 772 1653 si
796 1635 851 1654 non
867 1629 950 1661 nosti,
967 1628 994 1656 id

206 1670 364 1705 aspiciens;
381 1675 423 1698 est
439 1672 514 1697 enim
532 1670 664 1702 dedecus.
677 1679 692 1699 a
711 1676 768 1699 toto
784 1677 810 1699 te
843 1673 933 1701 redire
946 1681 996 1709 po-

204 1716 279 1750 pulo.
292 1715 395 1744 Omnes
413 1717 487 1742 enim
503 1716 594 1743 sciunt
606 1717 693 1743 Deum
713 1725 776 1745 esse
792 1718 820 1745 in
837 1719 926 1752 cmlis,
938 1720 996 1747 haec

204 1766 308 1794 autem,
324 1766 354 1789 ut
367 1769 428 1796 quae
439 1763 493 1789 sint
506 1762 601 1789 forma:
615 1762 738 1797 lapidere,
754 1772 802 1799 por
817 1765 905 1800 ignem
917 1773 996 1802 pesse

205 1808 306 1835 melius
321 1807 421 1834 mutari
458 1808 484 1835 in
499 1807 601 1835 calcem
620 1817 626 1834 :
643 1809 772 1843 quoniam
791 1811 847 1845 jam
873 1819 923 1839 suo
939 1813 995 1840 otio

206 1858 338 1888 pereunt,
361 1857 389 1880 et
405 1861 495 1888 neque
522 1853 583 1886 tibi,
600 1854 622 1881 si
638 1854 719 1882 simul
739 1864 845 1890 pereas,
871 1865 960 1893 neque
972 1859 995 1886 si

206 1900 234 1926 in
248 1897 479 1933 ignemconjectae
491 1898 607 1931 fuerint,
621 1899 673 1926 sibi
685 1904 815 1934 poterunt
834 1902 993 1932 subvenire.

1046 1587 1112 1622 Ejus
1127 1589 1219 1612 autem
1235 1586 1345 1611 domum
1377 1583 1403 1610 in
1421 1588 1554 1610 aeternum
1580 1581 1753 1610 consecravit
1787 1589 1836 1607 no-

1048 1632 1120 1660 mine
1131 1635 1232 1658 sanctae
1249 1629 1390 1662 Ecclesize.
1400 1633 1428 1656 et
1441 1629 1497 1655 illic
1511 1633 1646 1664 perpetuo
1663 1631 1836 1662 peraguntur

1048 1682 1143 1706 sancta
1160 1677 1269 1704 Domini
1283 1676 1412 1712 mysteria
1427 1682 1513 1709 usque
1531 1675 1557 1702 in
1581 1674 1746 1701 hodiernum
1763 1673 1836 1700 diem

1050 1725 1079 1753 in
1096 1723 1256 1751 memoriam
1270 1722 1383 1757 quidem
1398 1721 1538 1757 martyris,
1554 1720 1668 1756 gloriam
1686 1724 1778 1747 autem
1807 1724 1836 1746 et

1050 1770 1159 1798 laudem
1179 1769 1268 1804 magni
1285 1768 1334 1795 Dei
1350 1772 1378 1795 et
1388 1766 1541 1795 Servatoris
1562 1767 1649 1794 nostri
1667 1766 1734 1793 Jesn
1753 1765 1836 1792 Chri~

1051 1816 1085 1843 sti
1104 1814 1169 1842 :eui
1188 1813 1273 1849 gloria
1304 1817 1331 1840 et
1346 1812 1468 1847 potentia
1483 1819 1556 1839 nunc
1584 1817 1611 1839 et
1629 1819 1749 1846 semper,
1763 1816 1791 1838 et
1809 1811 1835 1837 in

1051 1861 1148 1890 secula
1164 1860 1329 1889 saeculorum
1356 1860 1455 1886 Amen.

244 1956 681 2020 ξέῑζὲὖιιῑὲὶτῖἑίἑξζὲἧξἰῆῗξ.ΑΙ)θ
711 1958 763 1986 hoc
774 1960 901 1996 supplicii
931 1969 1031 1997 genere
1051 1960 1236 1990 nobilioribus
1261 1959 1356 1988 inferri
1388 1960 1468 1987 solito
1495 1959 1608 1987 consule
1628 1959 1689 1986 Dar.
1715 1960 1741 1986 in
1766 1959 1839 1986 notis

207 1991 349 2028 Martyrol.
361 1992 391 2020 21
405 1993 554 2021 Novembr.
564 1991 612 2020 lit.
626 1995 657 2020 A.

214 2070 1649 2085 .._._._______—__________________________

1671 2074 1798 2083 ..-

262 2161 489 2241 VITA
533 2162 614 2240 δ.
667 2161 1208 2241 CLEMENTIS
1255 2159 1791 2258 MARTYBIS,

880 2295 1033 2326 EPISCOPI
1047 2294 1180 2325 ROMANI

273 2393 751 2472 DISCIPULI
801 2393 879 2471 Β.
944 2379 1232 2469 PETRI
1281 2389 1755 2468 APOSTOLI

211 2527 314 2560 Habes
334 2526 427 2566 hujus
443 2526 582 2558 historiaa
599 2527 988 2566 assertoremrmegorium
1011 2527 1231 2558 Turonensem
1246 2525 1304 2557 lib.
1334 2525 1384 2566 De»
1400 2524 1482 2566 glor.
1509 2529 1600 2554 mart.
1624 2534 1651 2555 c.
1681 2525 1718 2555 35
1735 2528 1763 2554 et
1788 2524 1837 2558 36,

556 2567 610 2605 qui
635 2569 707 2598 ante
727 2565 804 2597 1000
828 2564 1058 2606 propemodum
1085 2574 1187 2597 annos
1210 2573 1249 2596 ex
1260 2573 1297 2595 ea
1312 2564 1482 2595 scribebat.

533 2639 629 2671 (Latine
646 2640 709 2671 apud
720 2639 818 2664 Surium
831 2640 860 2664 ad
872 2640 936 2665 diem
953 2641 982 2664 23
994 2639 1158 2668 Novembris;
1170 2639 1255 2663 Graece
1269 2645 1318 2663 non
1334 2640 1416 2662 exstat
1429 2638 1519 2669 Paris.)

246 2778 266 2807 1.
278 2776 389 2813 Trajani
399 2776 707 2814 imperatoristempore,
715 2779 898 2807 Terentianus
905 2786 998 2805 comes

211 2825 374 2855 ofﬁciorum,
385 2831 444 2851 cum
459 2824 688 2853 innumerabilem
701 2825 905 2852 multitudinem
918 2823 998 2851 Chri-

211 2876 253 2900 tto
268 2869 382 2899 vidisset
400 2869 520 2905 credere,
536 2872 663 2899 accersiit
681 2870 823 2908 piaret-tos
840 2869 994 2905 regionum,

1053 2783 1090 2810 et,
1105 2778 1174 2805 datis
1184 2777 1224 2804 eis
1237 2776 1373 2813 pecuniis,
1389 2777 1525 2812 persuasit
1537 2781 1566 2804 ut
1576 2775 1682 2802 turbam
1698 2777 1842 2801 mererent

1055 2823 1187 2852 adversus
1213 2831 1311 2851 nomen
1339 2822 1537 2851 Christianum.
1555 2822 1638 2850 Urbis
1661 2825 1751 2848 autem
1769 2827 1839 2854 pra:—

1054 2870 1186 2897 l'ecturam
1200 2870 1339 2898 obtinente
1358 2869 1532 2901 Mamertino,
1551 2868 1666 2895 excitata
1687 2872 1728 2893 est
1742 2864 1835 2901 populi

2074 1618 2077 1684 ι

2072 1758 2077 1872 ί
