2077 3148
0 2367 75 2804 ξ

3 1588 65 1816 ξ

274 194 324 226 183
909 183 1072 215 MEXSISI

1122 178 1279 210 "EMBER
1303 219 1315 225 ἢ
1839 164 1892 199 tat

273 252 319 286 qui
343 248 472 285 plurimos
497 246 670 274 Christianos
697 243 815 271 divorsis
842 244 986 268 tormentts
1011 246 1058 266 su-
1073 241 1093 268 Α

272 297 358 325 stulit.
382 294 485 322 Videtis
511 301 602 321 autem
629 298 728 319 omnes
751 289 784 316 ad
808 286 968 322 martyrium
995 291 1057 312 eum

275 342 374 378 gaudio
390 341 564 371 accedentes,
588 338 674 366 cessit
689 334 859 364 multitudini
874 341 882 366 ;
903 332 991 359 solum
1008 338 1057 357 au-

272 396 326 417 tem
353 391 480 416 sanetum
512 385 683 413 Clementem
707 389 807 416 cogens
836 378 1008 408 sacrificare,
1031 381 1059 403 et

271 436 370 463 videns
382 441 445 462 eum
458 432 498 459 sic
510 438 570 459 esse
586 429 693 456 ﬁrmum
704 432 733 455 et
747 425 872 454 stabilem
887 424 916 451 in
930 422 1057 452 Domino,

272 485 302 508 et
315 480 389 508 nolle
406 478 521 507 omnino
540 485 556 504 a
579 483 629 504 sua
655 473 788 502 dimoveri
810 469 965 502 sententia,
992 467 1059 494 dicit

273 526 442 558 lictoribus:
471 523 596 558 Accipite
623 529 698 553 eum,
727 524 755 546 et
777 518 868 545 ducite
895 516 923 542 in
938 513 1060 542 medium

275 573 371 604 maris,
387 575 414 599 et
426 570 552 605 projicitc
565 576 628 596 eum
647 567 673 593 in
689 563 864 600 profundum,
890 568 925 591 ne
951 559 1058 594 possint

276 617 425 647 Christiani
443 616 539 644 tollere
552 614 610 649 ejus
631 619 741 647 corpus,
756 615 784 637 et
799 617 849 644 pro
867 608 919 635 deo
934 614 996 634 eum
1015 613 1062 632 co-

277 667 344 693 lere.
360 664 426 697 Cum
443 662 496 690 hoc
512 668 576 696 ergo
601 659 701 686 factum
723 660 808 687 esset,
833 654 962 681 universa
989 652 1056 678 ntul-

277 711 367 738 titudo
382 708 599 737 Christianorum
613 708 706 732 astans
724 702 807 729 ﬁebat
826 701 853 728 in
874 700 978 727 littore.

315 756 359 783 VI.
377 756 441 784 Post
457 753 514 781 haec
527 756 617 779 autem
633 750 764 777 dixerunt
778 745 925 774 Cornelius
941 749 968 772 et
981 743 1061 771 Phoe-

276 803 328 829 bus
346 802 406 837 ejus
420 797 548 833 discipuli
563 806 570 825 :
585 796 688 823 Omnes
710 799 822 820 oremus
847 790 1006 819 unanimes.
1032 793 1062 816 ut

275 835 402 876 ostendat
428 845 509 873 nobis
534 843 666 871 Dominus
693 838 823 875 martyris
849 837 892 865 sui
919 835 1061 870 reliquias.

274 894 376 922 Orante
388 899 454 927 ergo
480 889 592 925 populo,
605 886 762 914 retrocessit
775 891 851 911 mare
870 883 898 909 in
922 889 1002 909 suum
1024 881 1062 907 si-

276 947 341 966 num
355 938 388 966 ad
402 938 453 964 tria
468 937 526 964 fere
542 935 639 966 millia,
656 941 705 968 per
721 932 824 959 siccum
840 933 930 957 autem
949 926 1062 962 ingressi
1079 918 1100 946 Β

277 985 383 1021 populi,
408 984 574 1011 invenerunt
588 982 615 1008 in
635 980 719 1015 ﬁgura
737 976 830 1012 templi
852 973 996 1002 marmorei
1013 980 1061 1006 pa-

279 1037 368 1058 ratum
383 1038 398 1057 a
424 1029 479 1057 Deo
502 1026 699 1056 habitaculttm,
719 1028 748 1051 et
777 1022 833 1050 illic
854 1022 936 1048 situm
963 1025 1063 1053 corpus

279 1075 365 1103 sancti
386 1073 545 1104 Clementis,
561 1076 589 1099 ct
604 1077 744 1101 ancoram,
761 1074 824 1095 cum
843 1072 896 1100 qua
922 1063 976 1091 fuit
997 1070 1063 1097 pro-

276 1122 378 1155 jectus,
405 1127 491 1154 prope
520 1119 610 1153 ipsum
636 1116 786 1149 iacentem.
810 1111 971 1140 Revelatum
998 1115 1064 1142 ergo

278 1167 331 1195 fuit
345 1167 404 1202 ejus
424 1163 576 1200 discipulis,
596 1170 630 1190 ne
653 1161 782 1197 reliquias
796 1167 811 1187 e
835 1158 896 1186 loco
909 1156 1062 1191 ejicerent:

1109 237 1209 272 quibus
1222 223 1315 262 etiam.
1330 232 1380 260 hoc
1401 231 1454 259 fuit
1469 234 1640 264 responsum,
1671 224 1745 260 quod
1777 223 1893 258 singulis

1108 281 1187 310 annis
1211 281 1237 308 in
1256 280 1300 307 die
1314 286 1370 306 suas
1390 274 1596 306 decertationis,
1617 277 1760 299 cessurum
1772 268 1892 296 sitmars

1108 326 1292 357 venientibus,
1308 328 1411 358 septem
1429 322 1488 349 dies
1506 320 1608 347 siccum
1635 318 1687 345 iter
1700 316 1741 343 eis
1756 314 1891 349 prabeus.

1109 373 1185 407 Quod
1197 372 1308 407 quidem
1326 370 1381 397 Deo
1398 367 1501 403 placuit
1521 365 1579 392 ﬁeri
1596 363 1629 390 ad
1646 361 1755 389 laudem
1770 359 1830 394 ejus
1844 365 1894 384 no-

1110 420 1194 447 minis
1209 425 1296 452 usque
1315 417 1342 443 in
1356 415 1519 442 hodiernum
1531 411 1616 438 diem.
1631 408 1688 435 Hoc
1702 411 1793 435 autem
1808 406 1893 434 facto.

1110 464 1183 500 quod
1211 469 1272 491 erat
1301 466 1400 496 praeter
1427 458 1596 494 opinionem,
1628 452 1771 483 miraculo,
1798 457 1895 478 omnes

1111 516 1206 547 gentes
1218 508 1396 538 circumcirca
1415 505 1558 534 credidere
1577 501 1698 530 Christo.
1717 498 1777 531 Quo
1791 497 1818 525 in
1834 497 1896 524 loco

1113 543 1207 585 nullus
1222 555 1361 583 invenitur
1383 551 1502 589 gentilis,
1522 549 1615 577 nullus
1632 547 1778 575 Hebraeus,
1804 543 1896 572 nullus

1111 605 1223 632 omnino
1237 603 1393 630 haereticus.
1409 601 1466 628 lllic
1479 599 1552 627 enim
1570 595 1686 631 plurima
1711 593 1780 620 ﬁunt
1811 591 1898 618 bene-

1113 651 1185 679 ﬁcia.
1212 651 1240 677 ln
1264 650 1324 685 ejus
1349 649 1418 676 festo
1440 646 1504 674 ωιρί
1530 643 1732 672 illuminantur,
1759 639 1898 667 daemones

1112 697 1296 733 expelluntur,
1314 695 1463 723 febrientes
1478 692 1538 720 sani
1567 691 1656 722 ﬁunt;
1681 686 1840 722 nephritici,
1869 687 1899 711 et

1113 730 1159 778 qui
1175 742 1279 770 calculo
1294 741 1431 771 laborant,
1446 739 1506 766 solo
1535 740 1663 765 contactu
1682 734 1742 767 ejus
1771 730 1900 766 reliquia-

1115 797 1186 821 rum,
1216 793 1244 815 et
1268 795 1346 822 aquae
1379 784 1555 813 sanctiﬁcata;
1587 780 1745 816 aspersione
1768 783 1797 805 et
1822 781 1900 811 potu.

1113 844 1129 863 a
1152 834 1248 863 morbo
1267 834 1441 864 liberantur;
1463 835 1492 858 ct
1503 830 1549 864 qui
1566 828 1664 863 quovis
1679 825 1776 853 morbo
1799 822 1899 851 allecti.

1115 881 1304 917 confugientes
1330 879 1363 906 ad
1387 877 1458 905 sacri
1477 875 1605 911 martyris
1629 873 1774 903 auxilium,
1800 870 1900 899 fruun-

1116 933 1160 956 tur
1184 915 1345 958 curatione;
1368 929 1397 952 et
1420 927 1561 959 permanet
1584 920 1670 956 gloria
1695 919 1756 953 ejus
1793 921 1822 943 et
1841 915 1902 941 laus

1115 973 1143 1000 in
1158 977 1302 1002 aeternum,
1321 978 1367 1005 per
1385 969 1531 996 Dominum
1549 971 1676 994 nostrum
1701 964 1797 991 Jesum
1819 960 1902 993 Chri-

1114 1023 1206 1049 stum;
1231 1025 1278 1052 per
1296 1023 1377 1050 quem
1397 1019 1426 1042 et
1450 1021 1513 1041 cum
1538 1020 1603 1048 quo,
1627 1010 1701 1038 Patri
1729 1007 1814 1044 gloria
1839 1013 1902 1033 cum

1114 1063 1285 1092 sanctissimo
1296 1066 1324 1089 et
1344 1059 1455 1087 viviﬁco
1470 1059 1532 1093 ejus
1547 1057 1663 1091 Spiritu,
1690 1062 1765 1083 nunc
1781 1057 1810 1080 ct
1831 1059 1903 1079 sem-

1115 1117 1163 1144 per
1175 1111 1203 1136 et
1220 1108 1246 1135 in
1260 1106 1359 1134 saecula
1377 1105 1554 1132 seculorum.
1573 1104 1670 1130 Amen.

1643 1171 1656 1181 ξ

315 1249 446 1278 Narratio
458 1250 544 1275 sanctt
562 1245 686 1279 martyris
703 1242 828 1278 Ephrem
844 1237 956 1276 episcopi
970 1232 1154 1295 Gersqitiséldc
1170 1231 1298 1292 miraculo
1313 1231 1382 1265 facta
1398 1231 1424 1257 in
1443 1237 1552 1264 puerum
1573 1236 1588 1254 α
1606 1232 1698 1253 sancta
1712 1229 1828 1261 martyre
1845 1229 1869 1251 et

950 1276 1042 1295 nnosto
1055 1277 1069 1295 0
1119 1275 1193 1294 emen
1208 1275 1231 1294 ε.

950 1275 1069 1306 αροδιοιο
1085 1275 1231 1295 Clemente.

317 1360 339 1387 l.
361 1368 369 1383 l
390 1355 521 1385 Mirabilis
547 1354 620 1381 Deus
641 1353 668 1379 in
687 1349 791 1379 sanctis
811 1347 870 1376 suis
897 1347 918 1377 ¹,
941 1355 950 1371 ι
968 1349 1071 1378 oppor-

285 1410 386 1432 tunum
400 1405 443 1428 est
458 1399 542 1427 hodie
552 1398 644 1425 dicere
660 1403 722 1424 cum
736 1393 885 1428 Propheta.
896 1394 924 1419 et
936 1398 943 1417 :
957 1398 966 1415 ε
985 1388 1071 1421 Quam

286 1447 461 1477 admirabilia
479 1449 542 1473 sunt
557 1451 639 1479 opera
654 1447 710 1475 tua,
727 1438 880 1468 Domine‘!
895 1446 903 1462 ι
920 1440 949 1463 ει
962 1444 968 1461 :
984 1444 993 1460 ι
1006 1433 1072 1466 Quis

285 1496 360 1523 Deus
374 1499 498 1528 magnus,
509 1492 580 1518 sicut
592 1490 664 1516 Deus
678 1485 792 1514 noster?
803 1494 813 1511 ι
824 1488 852 1511 et
865 1492 872 1511 :
885 1493 893 1509 ι
903 1482 943 1509 Tu
961 1488 990 1508 es
1001 1480 1073 1506 Deus

286 1542 392 1569 faciens
407 1526 544 1567 mirabilia
560 1535 646 1563 solus.
663 1544 672 1560 ι
685 1531 762 1566 Quod
777 1531 852 1559 enim
865 1526 992 1564 praesenti
1009 1532 1071 1552 ora-
1084 1537 1107 1567 α

286 1587 357 1616 ιὶοηί
389 1585 463 1614 aliud
506 1583 617 1611 afferam
666 1576 851 1614 prommium?
887 1572 1071 1602 Artificiosam

282 1634 360 1662 enim
376 1631 484 1660 dicendi
507 1634 592 1657 artem
620 1633 742 1661 praesens
760 1626 874 1658 superat
895 1617 1070 1648 miraculum,

285 1688 348 1708 cum
368 1677 532 1706 miraculum
554 1674 640 1701 multa
663 1671 778 1699 excellat
801 1667 943 1698 miracula,
965 1669 994 1692 et
1009 1664 1074 1699 ipsa

286 1727 370 1755 etiam
390 1722 553 1760 prophetica
568 1719 699 1747 miracula
713 1718 861 1750 exsuperet
875 1717 904 1740 ut
919 1716 962 1739 est
979 1715 1074 1738 osten-

287 1779 351 1800 sura
370 1769 470 1798 oratio.

325 1818 359 1845 Il.
378 1816 440 1845 Scio
467 1822 516 1843 vos
539 1819 640 1847 cupere
655 1810 737 1842 scire,
763 1806 900 1844 quodnam
926 1809 954 1832 et
979 1803 1070 1838 cujus-

288 1871 352 1892 nam
388 1863 425 1890 sit
443 1859 620 1890 miraculum,
643 1861 670 1884 et
693 1855 796 1891 urgetis
813 1858 843 1880 ut
865 1853 989 1880 dicamus
1006 1851 1027 1876 ³.
1044 1848 1074 1876 ld

290 1911 383 1935 autem
398 1909 439 1933 est
462 1904 581 1939 primum
598 1901 708 1937 quidem
725 1900 782 1931 Dei,
796 1906 811 1926 a
827 1905 882 1933 quo
898 1896 988 1924 omnis
1001 1893 1076 1921 datio

290 1954 362 1981 bona
379 1957 406 1980 et
418 1959 500 1979 omne
515 1950 616 1977 donum
630 1947 783 1983 perfectum
800 1944 822 1972 ⁸.
837 1945 971 1971 Prreterea
982 1945 1072 1968 autem

287 1999 440 2028 Clementis
455 1995 583 2029 Romani,
606 1993 652 2030 qui
672 1996 735 2028 post
767 1992 879 2018 Petrum
904 1988 955 2016 fuit
983 1994 1074 2022 praeco

287 2044 425 2076 veritatis,
441 2048 470 2070 et
485 2042 546 2077 ejus
563 2041 691 2068 Romana:
703 2037 778 2066 sedis
802 2041 945 2064 successor
963 2033 1073 2065 ﬁdelis;

287 2091 372 2122 illius,
390 2089 514 2124 inquam,
533 2085 693 2117 Clementis,
707 2084 787 2119 cujus
812 2089 899 2116 usque
921 2081 948 2107 in
964 2079 1075 2106 hodier-

287 2143 352 2162 num
375 2134 449 2162 diem
474 2132 601 2159 universa
631 2134 703 2158 terra
731 2128 772 2155 vel
804 2131 898 2154 tacens
921 2123 1077 2152 salutiferas

287 2182 386 2210 clamat
415 2179 500 2207 fuisse
535 2177 688 2205 doctrinas.
729 2173 882 2202 Clementis
915 2171 1000 2202 illius,
1028 2169 1076 2205 qui

1119 1338 1187 1369 dite,
1221 1343 1249 1365 et
1281 1337 1314 1364 ad
1338 1334 1502 1364 audiendam
1527 1332 1662 1361 exsultate
1687 1329 1853 1357 orationem.
1877 1332 1905 1354 et

1119 1391 1203 1411 aures
1226 1382 1366 1412 inclinate,
1390 1385 1419 1408 et
1447 1382 1569 1407 nostram
1599 1375 1704 1412 arguite
1737 1374 1905 1401 tarditatem.

1120 1431 1159 1459 De
1176 1431 1229 1458 hoc
1243 1430 1316 1457 enim
1345 1428 1462 1464 gaudeo,
1482 1427 1570 1455 solum
1591 1432 1641 1452 vos
1668 1430 1745 1458 rogo,
1769 1426 1800 1449 ut
1817 1428 1905 1455 usqu

1121 1477 1154 1505 ad
1172 1477 1253 1504 ﬁnem
1278 1475 1345 1503 mihi
1370 1478 1504 1502 attentum
1530 1472 1651 1499 animum
1680 1467 1846 1498 adhibealis.
1879 1471 1907 1494 et

1122 1522 1198 1550 nulla
1211 1520 1352 1556 cogitatio,
1371 1527 1431 1554 quae
1447 1518 1481 1546 ad
1495 1517 1578 1553 hujus
1589 1516 1652 1543 vita
1666 1521 1759 1542 curatn
1776 1513 1905 1548 pertinet.

1124 1572 1243 1595 mentem
1259 1571 1378 1593 vestram
1396 1564 1504 1596 subeat,
1529 1569 1580 1590 nec
1602 1565 1759 1596 promptum
1784 1562 1905 1586 VCSll'llm

1125 1613 1209 1642 animi
1229 1612 1350 1640 studium
1375 1611 1481 1640 sinatur
1516 1607 1667 1638 retardare,
1691 1605 1738 1633 sed
1762 1604 1814 1632 hoc
1839 1602 1908 1637 vigi-

1125 1659 1192 1687 lanti
1220 1658 1311 1686 animo
1324 1661 1351 1684 et
1364 1660 1469 1684 attento
1497 1654 1613 1682 ﬁdeliter
1639 1651 1765 1686 excipite.
1788 1650 1842 1678 Res
1861 1657 1908 1676 au-

1127 1713 1181 1736 tem
1195 1707 1231 1733 ita
1248 1713 1277 1733 se
1295 1705 1395 1732 habet:

1162 1754 1206 1781 lll.
1222 1752 1290 1780 Cum
1306 1749 1534 1786 praeclarissimus
1549 1752 1577 1775 et
1591 1745 1769 1774 beatissimus
1782 1743 1909 1772 Clemens

1130 1799 1290 1836 perfecisset
1304 1796 1436 1824 doctrina:
1448 1801 1558 1822 cursum
1574 1791 1790 1827 ctapostolatus.
1807 1794 1836 1816 et
1858 1796 1907 1822 per

1127 1844 1391 1874 consummationem
1410 1840 1530 1876 martyrii
1545 1839 1608 1866 hinc
1621 1837 1793 1867 excessisset,
1814 1839 1843 1862 ut
1855 1834 1912 1869 glo-

1128 1891 1195 1920 riosi
1211 1891 1270 1925 ejus
1285 1887 1408 1924 martyrii
1432 1887 1503 1913 liber
1521 1884 1671 1912 declaravit
1685 1883 1777 1918 (quem
1793 1889 1841 1908 vos
1856 1889 1908 1907 non

1128 1940 1253 1975 ignorare
1272 1940 1315 1964 est
1335 1934 1402 1962 mihi
1420 1930 1606 1968 persuasum).
1629 1937 1683 1956 non
1714 1928 1817 1963 justum
1840 1926 1911 1960 judi-

1127 1972 1199 2014 cavit
1213 1985 1237 2012 is
1253 1982 1302 2018 qui
1319 1989 1376 2012 eos,
1389 1980 1435 2015 qui
1453 1979 1542 2014 ipsum
1565 1975 1729 2012 gloriﬁcant,
1745 1973 1879 2009 gloriﬁcat
1891 1972 1911 2002 ⁵,

1127 2043 1181 2063 non
1197 2035 1286 2068 ipsum
1306 2029 1426 2057 vicissim
1442 2026 1607 2063 glorificare,
1635 2023 1682 2059 qui
1703 2030 1752 2057 pro
1767 2029 1861 2049 amore
1886 2021 1912 2046 in

1128 2088 1192 2109 eum
1209 2067 1255 2107 sic
1280 2075 1431 2104 decertavit
1462 2083 1469 2102 :
1490 2072 1537 2101 sed
1560 2078 1624 2100 ettm
1654 2069 1733 2096 valde
1758 2067 1913 2104 gloriﬁcare

1128 2132 1157 2154 et
1172 2123 1315 2160 magniﬁce
1335 2121 1477 2151 extollere,
1494 2122 1522 2146 et
1534 2122 1564 2146 ut
1587 2118 1615 2144 in
1637 2116 1707 2144 celo
1732 2114 1846 2149 angelis,
1877 2112 1913 2139 ita

1129 2173 1212 2201 etiam
1224 2171 1269 2198 hic
1283 2167 1441 2197 hominibus
1454 2173 1517 2194 eum
1541 2164 1657 2192 reddere
1679 2160 1872 2189 clarissimum.
1887 2161 1917 2186 et

288 2228 340 2255 fuit
356 2234 429 2254 verte
453 2225 558 2260 palmes
583 2223 648 2251 Vilis
670 2221 786 2253 ChrlSIl.
807 2228 857 2255 per
886 2226 969 2254 quem
994 2217 1075 2244 nobis
1092 2223 1115 2251 ι)
1130 2217 1247 2246 maxime
1271 2212 1457 2241 venerandum
1483 2217 1531 2245 per
1555 2206 1694 2239 miracula,
1719 2204 1860 2235 miracula,
1876 2203 1918 2229 in-

289 2280 436 2308 expressus
450 2271 548 2298 botrus
562 2269 705 2300 doctrinae,
728 2267 840 2303 pietatis
852 2270 879 2293 et
901 2264 998 2292 salutis
1015 2271 1075 2290 mu-

291 2324 363 2347 stum
379 2317 460 2346 nobis
475 2316 581 2344 effudit.
596 2313 812 2348 Clementis,qui
830 2312 883 2339 fuit
901 2318 973 2338 vera:
985 2310 1077 2341 scala,

291 2373 352 2401 qua:
383 2371 434 2391 nos
458 2370 511 2390 non
535 2362 677 2390 deducunt
711 2359 745 2387 ad
778 2358 924 2387 sublimem
957 2356 1077 2390 aliquam

289 2416 372 2439 terra:
406 2407 592 2438 altitudinem,
623 2405 670 2433 sed
702 2405 832 2432 virtutum
867 2399 1080 2429 ascensionibus

291 2462 422 2492 tanquam
443 2455 581 2490 aliquibus
602 2452 732 2489 gradibus
748 2459 799 2479 nos
814 2450 849 2478 ad
863 2451 963 2478 coelum
987 2453 1078 2475 trans-

289 2504 403 2531 mittunt
420 2507 447 2530 et
464 2500 600 2532 cmlestia,
618 2498 698 2526 scala!
717 2505 778 2532 quae
801 2497 836 2524 iis
866 2503 928 2531 qua:
955 2503 970 2522 a
993 2493 1078 2522 Jacob

289 2550 356 2578 visa:
372 2552 449 2579 sunt.
466 2547 535 2574 nihil
551 2550 615 2573 sunt
639 2543 797 2574 inferiores,
823 2549 878 2568 non
902 2540 1079 2568 ostendentes

292 2597 372 2624 nobis
383 2594 495 2629 angelos
507 2600 556 2628 per
573 2599 619 2620 eas
632 2589 814 2618 ascendentes
829 2592 857 2615 et
866 2587 1077 2619 descendentes,

293 2643 339 2669 sed
359 2641 520 2669 liomninum
542 2637 651 2666 animas
673 2633 1027 2669 divinisladmonitionibus,
1051 2636 1083 2659 ut

293 2695 355 2723 quae
369 2695 384 2714 a
401 2686 533 2722 gradibus
547 2685 575 2712 in
593 2683 693 2719 gradus
713 2689 763 2717 per
785 2681 901 2707 virtutes
932 2679 965 2706 ad
995 2679 1081 2705 Deum

293 2734 442 2761 deducant.
461 2731 547 2767 Cujus
563 2730 673 2765 quidem
700 2727 862 2756 miraculum
880 2733 942 2753 cum
962 2732 1016 2751 non
1041 2724 1084 2750 di-

294 2778 429 2809 diecritis,
461 2786 478 2805 ο
509 2776 693 2813 pulcherrime
727 2779 755 2803 et
786 2773 945 2801 fidelissime
983 2775 1082 2802 cretus,

297 2825 378 2861 quale
392 2825 428 2852 sit
453 2829 480 2851 et
495 2828 639 2860 quantum,
657 2822 764 2851 audire.
780 2825 810 2846 ut
826 2819 878 2845 viri
895 2818 944 2852 pii.
968 2819 1085 2843 conten-

1127 2267 1345 2300 quam,quorum
1355 2256 1567 2292 magnitudinem
1587 2260 1663 2280 mens
1673 2259 1726 2279 non
1739 2254 1828 2285 potest
1842 2255 1917 2276 com-

1127 2294 1309 2345 prehendere.
1330 2310 1381 2330 nec
1396 2301 1484 2328 oratio
1509 2299 1605 2326 dicere
1625 2294 1845 2325 multitudinem,
1862 2299 1913 2319 ne-

1130 2338 1183 2390 que
1203 2359 1299 2381 manus
1312 2349 1468 2385 exprimere
1481 2345 1657 2374 inﬁnitatem.
1674 2342 1709 2370 Ut
1724 2348 1790 2376 ergo
1805 2347 1839 2367 ex
1855 2338 1914 2365 tim-

1130 2401 1200 2433 bria.
1222 2405 1251 2427 ut
1263 2402 1306 2426 est
1320 2398 1347 2424 in
1363 2393 1520 2431 proverbio,
1539 2395 1644 2418 textum
1663 2395 1783 2424 pannum
1806 2383 1917 2420 possitis

1132 2452 1307 2482 cognoscere,
1333 2443 1359 2470 id
1386 2441 1464 2468 vobis
1491 2437 1621 2468 narrabo,
1650 2434 1724 2470 quod
1750 2432 1827 2468 prius
1855 2436 1916 2457 sum

1134 2493 1282 2529 pollicitus.
1305 2490 1375 2518 Cum
1403 2483 1567 2514 venerandae
1595 2479 1762 2510 sanctissimi
1790 2475 1919 2511 martyris

1132 2523 1282 2568 Clementis
1293 2533 1418 2569 reliquim
1441 2532 1469 2558 in
1498 2528 1580 2556 maris
1603 2525 1771 2563 profundum
1797 2523 1915 2550 fuissent

1133 2586 1261 2621 projects:
1275 2583 1309 2609 ab
1323 2580 1414 2615 impiis
1432 2578 1485 2606 illis
1499 2575 1652 2605 cultoribus
1665 2572 1873 2600 stmulacrorum
1890 2572 1919 2594 et

1132 2613 1350 2664 easﬂexecpisset
1363 2613 1498 2659 templum
1512 2624 1538 2650 in
1556 2619 1694 2656 profundo
1708 2626 1723 2644 a
1746 2617 1802 2644 Deo
1830 2613 1902 2642 :udiﬂ

1133 2682 1233 2706 catum.
1244 2675 1289 2702 hic
1304 2679 1414 2709 quoque
1428 2672 1575 2698 maximum
1590 2668 1654 2695 fecit
1669 2665 1831 2694 miraculum
1848 2662 1921 2688 Dens

1134 2720 1348 2749 admirabilium.
1371 2718 1439 2745 Cum
1470 2717 1543 2744 enim
1571 2715 1623 2741 hoc
1655 2713 1755 2739 factum
1783 2713 1866 2738 esset,
1893 2712 1923 2733 et

1135 2769 1196 2802 ejus
1210 2766 1336 2801 disiipuli
1355 2765 1453 2792 flerent
1468 2770 1531 2790 cum
1560 2762 1594 2788 iis
1619 2759 1667 2795 qui
1698 2757 1754 2784 illic
1781 2759 1860 2783 erant
1889 2754 1922 2779 ti-

1134 2813 1251 2842 dclibus.
1272 2817 1299 2840 et
1321 2817 1351 2839 ut
1375 2813 1563 2838 sacrosanctae
1587 2804 1699 2841 gloriosi
1727 2800 1854 2836 martyris
1877 2807 1918 2826 xe-

376 2917 433 2946 Psal
467 2925 549 2948 l..\\‘lt,
575 2916 618 2942 δύ.
676 2915 684 2928 ¹
702 2912 773 2940 Psal.
795 2909 884 2941 xct,6.
925 2907 1072 2935 ’Psalum

1133 2907 1174 2933 li.
1213 2903 1373 2935 ‘J.t'.t,l7.
1415 2900 1525 2931 ἸΝ-ᾳ.
1550 2906 1565 2925 :t
1592 2897 1635 2923 30.

2067 1675 2077 2043 ἱ
