2077 3148
202 186 254 218 135

202 286 286 312 lleum
313 286 452 320 supplices
486 293 633 323 rogarent,
667 293 795 326 protinus
824 294 988 322 immensum

203 330 266 357 illud
282 331 393 366 pelagus
418 332 555 361 desistens
581 339 610 362 et
630 338 818 369 retrocedens,
839 339 931 368 eﬂ‘ecit
956 346 986 368 ut

201 376 368 410 profundum
384 378 454 405 adiri
473 385 565 414 posset
588 388 604 408 a
632 382 759 411 fidelibus
781 392 866 419 usque
878 386 911 412 ad
932 387 984 414 tria

201 422 339 449 milliaria.
370 423 489 458 Ingressi
519 431 624 457 autem,
647 426 814 456 invenerunt
843 431 988 459 habitacu-

201 467 258 494 lum
275 469 360 495 instar
377 471 468 504 templi
495 474 651 504 marmorei,
677 479 706 501 et
722 475 777 502 illic
795 476 820 503 in
842 484 922 511 capsa
950 479 988 506 la-

202 514 284 547 pidea
320 516 507 545 sanctissimas
539 523 567 545 et
605 520 818 554 gloriosissimas
860 525 987 560 martyris

201 559 303 587 Christi
330 562 464 595 repositas
488 563 629 598 reliquias.
650 565 700 598 Qui
727 575 789 593 cum
826 559 988 598 statuissent

201 605 388 635 sanctissimas
403 616 436 634 ex
463 609 598 642 profundo
618 612 715 639 tollere
744 613 876 648 reliquias
900 621 984 643 noctu

201 651 334 678 accedens
350 658 470 685 sanctus,
488 662 535 681 eos
553 656 593 682 sic
607 661 649 684 est
668 658 819 687 allocutus:
846 661 988 696 Reliquias

202 697 312 730 quidem
320 698 402 725 nolite
415 699 524 732 tollere;
537 701 606 729 lianc
616 708 705 730 autem
717 705 795 732 vobis
803 707 923 734 concedo
931 716 990 743 gra-

203 742 279 774 tiam,
296 747 326 770 ut
340 743 455 779 singulis
467 746 547 773 annis
576 747 621 775 die
647 756 713 776 tusae
729 742 990 780 decertationisise-

201 793 275 823 ptem
286 789 344 816 dies
358 798 432 817 mare
441 792 626 825 retrocedens.
638 796 756 829 praebeat
765 797 818 824 iter
826 806 874 832 per
886 799 988 827 siccum

201 832 408 868 ingrediendum
423 836 572 872 hucusque.
587 839 663 871 Quod
678 846 768 868 autem
779 842 894 876 dixerat,
902 843 990 871 dedu-

200 883 275 905 ctum
291 881 376 907 estad
386 881 526 910 effectum.
536 884 576 910 Ab
590 893 623 911 eo
634 886 706 912 enim
725 891 847 922 tempore
864 897 950 924 usque
960 890 988 917 iu

201 924 364 952 liodieriium
378 927 449 954 diem
461 928 576 964 singulis
591 931 672 958 annis
688 933 716 959 ﬁt
743 932 795 960 lioc
817 934 989 962 miraculum.

200 969 273 1002 Quid
295 976 337 999 est
363 972 415 999 hoc
432 975 522 1002 minus
551 976 718 1010 faciendum,
735 987 815 1013 quain
831 981 913 1008 Musis
939 981 990 1008 nii-

200 1017 345 1044 raculum?
367 1018 437 1051 Quid
456 1028 521 1047 vero
537 1021 619 1049 Blisei
646 1024 738 1055 vilius,
757 1030 804 1052 aut
818 1026 910 1054 minus
932 1028 990 1062 glo-

201 1063 329 1089 riosum?
345 1064 401 1090 lino
414 1073 479 1093 vero
499 1072 542 1094 est
568 1068 647 1103 longe
673 1070 760 1105 majus
779 1076 808 1098 et
831 1073 987 1106 gloriosius.

201 1103 248 1132 llle
262 1106 334 1133 enim
353 1107 426 1141 virga
452 1114 480 1136 et
502 1111 580 1138 vivus
596 1117 624 1140 et
647 1115 731 1141 semel
755 1124 830 1143 mare
848 1118 988 1151 scindens,

201 1153 286 1178 maris
302 1153 468 1186 profundum
491 1161 521 1184 ut
549 1157 601 1184 iter
616 1164 699 1189 esset.
719 1160 829 1189 effecit:
855 1163 898 1190 hic
923 1172 989 1191 vero

202 1197 330 1226 similiter
347 1200 416 1234 pelle
430 1202 511 1229 ovilla
526 1211 623 1232 secans
644 1205 804 1240 Jordanein,
819 1210 903 1237 semel
918 1218 988 1245 quo-

201 1252 255 1277 que
270 1245 320 1272 ltoc
337 1245 401 1273 fecit
426 1247 610 1277 miraculum:
644 1253 778 1281 ambabus
811 1256 892 1289 aquis
924 1262 984 1291 post

201 1292 346 1318 transitum
374 1292 494 1320 redactis
518 1295 551 1321 ad
567 1303 644 1322 suam
662 1302 798 1329 naturam,
820 1300 922 1334 quibus
935 1302 987 1330 hoc

200 1344 338 1370 nunquam
351 1336 451 1365 factum
465 1343 508 1366 est
519 1344 621 1373 postea.
632 1341 682 1370 llic
690 1347 780 1370 autem
791 1350 852 1378 post
861 1350 986 1379 mortem,

200 1387 227 1407 ct
243 1389 296 1408 non
323 1383 418 1412 semel.
435 1384 481 1411 sed
498 1384 533 1411 ab
546 1393 579 1412 eo
592 1390 714 1421 tempore
734 1397 819 1423 usque
837 1390 863 1417 iii
880 1391 989 1418 hodier-

199 1435 265 1453 iiittn
278 1427 358 1454 dicm.
372 1428 394 1456 Ο
406 1429 567 1458 miraculum
580 1436 608 1458 ct
620 1432 733 1467 gloriam
749 1435 889 1469 martyris,
907 1436 987 1470 quale

200 1472 302 1498 donum
333 1478 375 1499 est
403 1480 546 1502 assecutus
569 1475 684 1511 singulis
696 1478 775 1505 antiis
802 1479 846 1506 die
858 1479 985 1514 gloriosa:

201 1524 257 1543 sua:
271 1519 492 1546 decertatiotiis?
511 1521 621 1555 Septem
637 1523 710 1549 enim
729 1523 799 1555 dies,
824 1525 897 1552 sicut
911 1527 987 1561 prius

199 1563 329 1597 diximus,
352 1566 484 1593 recedens
500 1575 574 1594 mare
592 1567 659 1594 illud
673 1568 821 1602 inﬁnitum,
836 1571 891 1604 piis
921 1580 988 1606 prte-

200 1610 246 1637 bet
266 1611 318 1637 iter
334 1611 422 1639 facile.

235 1657 280 1684 IV.
300 1657 367 1684 Cum
383 1658 433 1686 lioc
443 1667 509 1694 ergo
524 1659 563 1687 sic
580 1659 680 1688 factum
698 1661 735 1697 (l)
751 1669 848 1690 omnes
865 1663 912 1698 pii,
931 1668 984 1691 tant

201 1702 246 1736 qui
265 1703 383 1730 erantin
401 1705 520 1739 regione,
545 1713 626 1740 quam
643 1706 718 1733 cives
739 1706 888 1736 Cliersonis
909 1709 988 1736 audi-

200 1749 315 1780 vissent,
342 1756 524 1784 perrexerunt
549 1751 582 1778 ad
599 1752 840 1787 contemplandum
866 1755 986 1782 miracu-

200 1795 267 1822 lum.
282 1795 349 1823 Ctim
364 1796 465 1831 quibus
480 1797 591 1832 quidam
608 1806 717 1833 quoque
730 1800 772 1826 vir
789 1799 850 1834 pius
865 1808 927 1827 cum
942 1802 986 1835 pia

201 1849 285 1868 iix0re
307 1847 335 1869 ct
355 1842 410 1869 ﬁlio
445 1843 578 1876 masculo,
607 1844 641 1871 ad
669 1846 834 1873 sacrosancti
859 1849 988 1883 martyris

201 1887 331 1921 templum
368 1888 438 1915 viam
476 1894 639 1924 peregerunt
667 1897 794 1925 prompto
828 1897 855 1919 et
885 1893 986 1921 alacari

199 1932 301 1961 animo.
320 1933 388 1960 Cum
405 1940 495 1962 atttem
510 1936 549 1962 ad'
561 1936 650 1963 locum
668 1937 869 1972 pervenissent,
888 1945 916 1966 et
934 1940 987 1967 nii-

199 1979 320 2006 raculum
341 1979 414 2013 quod
443 1981 534 2008 adhuc
553 1981 646 2014 ﬁebat,
669 1983 985 2018 aspexissent,ingrcssi

199 2019 340 2051 suiitiflttd
360 2025 489 2060 templum
507 2027 579 2061 quod
601 2028 634 2054 ad
661 2029 715 2055 Deo
739 2029 904 2056 adiﬁcatum
927 2030 986 2057 fue-

200 2074 241 2096 rat
256 2070 282 2096 in
308 2069 459 2104 profundo;
476 2077 504 2098 et
521 2079 583 2098 cum
599 2072 633 2098 ad
661 2080 770 2107 capsam
794 2074 986 2108 accessissent,

199 2115 335 2150 supplices
357 2120 482 2142 sanetum
507 2116 652 2151 rogabant,
673 2123 799 2152 petentes
825 2124 853 2146 ut
876 2128 924 2154 per
944 2119 987 2154 ip-

198 2167 258 2187 sum
274 2160 327 2187 sibi
349 2161 461 2188 daretur
475 2163 583 2189 veniam
607 2168 783 2196 peccatorum
798 2173 805 2196 ;
829 2169 856 2192 et
873 2173 987 2200 precan-

200 2211 254 2238 tur,
273 2211 303 2233 ut
318 2206 374 2233 ﬁlio
391 2207 503 2234 daretur
516 2208 570 2235 vita
588 2209 678 2243 longa,
699 2214 727 2236 et
757 2211 843 2238 nullis
865 2211 984 2240 obnoxia

726 193 818 223 νιΤΑ
835 194 868 225 S.
887 194 1107 229 CLEMENTIS
1128 199 1291 235 ROMANI.

200 239 301 275 liqnias
327 240 368 268 eis
386 242 559 291 ostenderet,
583 245 657 279 quod
689 247 772 274 etiam
802 248 903 277 factum
932 256 985 284 est,
1002 252 1024 280 Α
1039 251 1124 283 fundo
1146 257 1316 291 mandatum,

1778 207 1828 239 1Ξῦ

1340 260 1406 294 quid
1422 268 1491 295 opus
1505 267 1545 289 est
1570 262 1663 290 dicere
1689 269 1717 290 ct
1743 264 1830 298 patris

1043 303 1266 338 lamentationes,
1281 310 1308 332 et
1322 306 1417 333 matris
1428 308 1566 342 cjtilatus?
1577 309 1743 337 Praeclarum
1756 311 1830 337 enim

1043 350 1110 377 illud
1126 350 1224 378 festum
1251 358 1447 381 converterunt
1465 354 1491 381 in
1509 355 1743 385 lamentationem.
1759 358 1830 391 Quid

1042 395 1114 422 enim
1129 404 1183 423 non
1200 396 1350 425 dicebant?
1365 398 1435 432 Quid
1451 408 1504 427 non
1523 401 1658 428 faciebant
1673 411 1705 430 ex
1723 403 1755 430 iis
1770 412 1831 438 qua:

1043 448 1255 471 consentaneum
1286 450 1351 476 est,
1390 446 1432 473 vel
1466 446 1553 481 ipsum
1595 447 1713 482 lapidem
1751 458 1830 483 posse

1043 496 1153 516 movere
1168 490 1201 517 ad
1218 492 1370 527 lacrymas?
1395 492 1480 520 Mater
1495 493 1568 520 cnim
1592 494 1688 521 oculos
1703 495 1735 521 ad
1758 504 1831 523 mare

1043 536 1206 568 extendens,
1232 542 1257 564 et
1278 546 1376 565 manus
1405 539 1431 566 in
1460 540 1547 566 altum
1566 539 1710 572 extollens,
1738 547 1832 568 sancto

1043 580 1110 608 tales
1126 589 1207 609 voces
1224 583 1386 610 emittebat:
1406 583 1451 611 Har.
1467 590 1541 618 sunt,
1560 593 1576 612 ο
1590 591 1694 616 sancte,
1713 591 1766 612 tuae
1785 593 1830 612 rc-

1043 628 1270 656 muncratioues?
1283 632 1388 656 hancne
1413 630 1505 657 reddis
1521 631 1634 665 gratiam
1648 631 1681 658 iis
1693 631 1739 666 qui
1756 636 1832 658 tanto

1044 673 1083 700 tui
1112 673 1250 702 desiderio
1276 676 1309 703 ad
1331 681 1357 703 te
1377 676 1576 704 accurreruut?
1606 677 1716 704 Hancne
1740 676 1832 704 reddi-

1043 721 1106 749 disti
1122 723 1275 750 mercedem
1291 732 1341 758 pro
1363 724 1467 755 labore,
1484 733 1564 759 quem
1594 733 1672 760 passa
1695 733 1767 755 sum,
1794 733 1828 752 ex

1043 775 1098 803 quo
1113 769 1236 796 accessi?
1262 769 1312 797 Ubi
1325 771 1442 797 cstmibi
1463 770 1554 798 illitis?
1567 771 1618 799 Ubi
1642 771 1697 798 nati
1715 771 1766 797 inci
1787 771 1831 797 vi-

1043 823 1118 843 scera
1145 815 1249 842 marina
1277 816 1366 844 beliua
1400 817 1550 844 laceravit"
1574 817 1707 850 Quisnam
1737 822 1830 844 autem

1044 862 1192 889 vehemens
1207 863 1350 898 insurgens
1365 863 1474 894 ﬂuctus,
1492 871 1554 890 ctitii
1581 863 1672 890 vivum
1699 868 1829 897 tanquam

1043 908 1199 942 sepulcrum
1240 910 1368 944 operuit?
1400 909 1551 942 Quemnam
1582 910 1664 935 modo
1699 909 1829 943 aspiciam

1043 955 1145 982 oculis?
1168 955 1220 982 Pro
1255 964 1309 991 quo
1333 964 1398 983 vero
1428 956 1534 983 orabo?
1561 955 1628 988 Quis
1659 960 1751 981 autent
1777 953 1832 981 erit

1042 1009 1109 1028 meaa
1124 1003 1274 1029 senectutis
1288 1002 1420 1029 baculus?
1441 1001 1507 1032 Cur,
1533 1009 1549 1029 ο
1573 1007 1678 1032 sancte,
1708 1009 1762 1027 non
1791 999 1833 1027 fc-

1041 1047 1102 1074 cisti
1121 1055 1163 1074 me
1178 1055 1237 1075 csse
1262 1048 1363 1075 sociam
1378 1048 1475 1074 mortis
1491 1048 1538 1074 filii
1554 1048 1617 1079 mei,
1641 1052 1668 1074 ut
1691 1047 1830 1082 quomodo

1042 1094 1074 1120 ad
1093 1098 1118 1120 te
1140 1094 1243 1120 accessi
1259 1102 1321 1120 eum
1346 1102 1429 1121 manu
1453 1098 1561 1125 tenens,
1588 1094 1625 1120 ita
1653 1093 1736 1119 etiam
1765 1101 1828 1120 eum

1042 1141 1114 1168 ulnis
1129 1141 1230 1172 feretis,
1259 1140 1352 1167 infelix
1376 1141 1408 1167 ad
1435 1140 1538 1167 inferos
1565 1139 1778 1167 descenderem:
1807 1138 1829 1165 Ο

1042 1195 1115 1213 mare
1139 1191 1167 1213 et
1182 1186 1359 1220 profundum,
1375 1194 1494 1220 quonam
1514 1186 1552 1212 tui
1570 1186 1631 1212 sinu
1648 1193 1735 1212 meum
1752 1189 1830 1212 tene-

1042 1233 1083 1261 bis
1114 1233 1222 1260 ﬁliuiu?
1247 1234 1390 1265 Quomodo
1415 1238 1504 1260 autein
1529 1240 1592 1259 eum
1619 1239 1730 1267 quoque
1753 1230 1830 1258 ales?

1041 1279 1090 1306 llei
1105 1279 1183 1311 milii,
1202 1279 1359 1306 miserande
1385 1279 1441 1311 ﬁli;
1472 1278 1521 1308 ﬁli.
1538 1284 1615 1312 rapte
1630 1282 1693 1304 ante
1707 1282 1828 1310 tempus;

1040 1326 1088 1357 fili,
1120 1325 1259 1360 quomodo
1283 1333 1298 1352 a
1325 1326 1393 1353 meis
1432 1325 1520 1352 oculis
1551 1324 1697 1351 recesisti?
1721 1323 1828 1356 Quibus

1040 1372 1156 1408 pedibus
1175 1380 1205 1399 cs
1224 1371 1392 1399 conversus?
1407 1371 1560 1404 Quemnam
1577 1376 1667 1398 autem
1694 1375 1824 1405 tanquam

1039 1427 1138 1454 agnum
1160 1418 1289 1453 aspiciam
1315 1417 1508 1445 exsilictitem?
1536 1417 1616 1444 Pater
1634 1423 1700 1444 vero
1729 1424 1827 1443 rursus

1039 1471 1063 1493 et
1085 1474 1182 1493 manus
1197 1470 1224 1492 et
1247 1465 1343 1492 oculos
1369 1464 1482 1495 feriens.
1511 1465 1551 1491 sic
1578 1464 1825 1498 conqtterebatur:

1037 1512 1103 1544 Cur,
1119 1520 1136 1539 ο
1151 1517 1255 1540 sancte.
1274 1519 1316 1538 me
1332 1515 1444 1545 repente
1468 1510 1566 1537 orbum
1594 1510 1682 1537 fecisti
1710 1509 1828 1537 liberis?

1037 1557 1092 1585 Cur
1115 1557 1272 1592 permisisti,
1299 1561 1328 1583 u'.
1347 1564 1424 1583 metis
1463 1556 1534 1583 ﬁlius
1558 1561 1713 1582 moreretur
1741 1559 1827 1582 morte

1001 1596 1022 1624 (ἶ
1040 1609 1094 1631 tam
1120 1603 1291 1630 miserabili?
1315 1602 1370 1629 Cur
1400 1602 1466 1628 milii
1503 1601 1664 1634 obtigerunt
1688 1601 1826 1629 contraria

1040 1650 1072 1677 iis
1091 1658 1152 1684 quae.
1182 1648 1312 1684 speravi?
1346 1649 1438 1675 llacne
1465 1646 1517 1674 ﬁde
1537 1647 1570 1674 ad
1590 1652 1615 1674 te.
1639 1647 1828 1674 accessimus?

1039 1696 1152 1724 Taliane
1181 1700 1244 1723 sunt
1264 1695 1334 1722 dona
1356 1699 1504 1730 martyrum
1527 1693 1553 1721 in
1579 1701 1627 1720 eos
1642 1693 1689 1728 qui
1706 1693 1738 1719 ad
1753 1693 1827 1727 ipsos

1039 1751 1137 1778 magno
1151 1742 1285 1770 accedunt
1307 1741 1467 1768 desiderio?
1490 1741 1595 1768 Revera
1624 1747 1678 1766 non
1708 1743 1747 1769 tu.
1776 1739 1824 1766 sed

1039 1789 1164 1826 procellae
1194 1797 1317 1816 meorum
1347 1793 1522 1823 peccatorum
1556 1787 1624 1814 mari
1654 1786 1828 1813 ll‘ﬂdldt‘l’ll“t

1040 1837 1135 1864 ﬁlitint.
1153 1835 1174 1863 0
1191 1835 1228 1862 ﬁli
1246 1835 1293 1867 mi,
1310 1836 1372 1870 quis
1398 1836 1435 1861 tui
1454 1834 1554 1861 mortui
1572 1833 1681 1861 claudet
1710 1832 1828 1860 oculos?

1038 1883 1105 1916 Quis
1129 1888 1153 1910 te
1174 1887 1264 1910 autem
1280 1887 1427 1917 componet
1444 1882 1476 1908 a.|
1490 1880 1668 1915 sepulcrum?
1695 1879 1826 1912 Qumnain

1038 1938 1103 1957 vero
1121 1930 1200 1957 tlieca
1230 1929 1374 1964 pulchrum
1391 1934 1468 1955 tuttm
1483 1932 1510 1955 et
1527 1927 1680 1962 jucundum
1698 1929 1770 1961 teget
1788 1929 1829 1952 ta-

1039 1975 1239 2002 bernaculum?
1261 1976 1300 2002 An
1318 1975 1429 2002 omnino
1444 1974 1554 2008 quidem
1571 1977 1633 1999 tuos
1651 1971 1748 1998 oculos
1760 1969 1828 1997 texit

1039 2030 1125 2055 mare,
1141 2028 1169 2049 et
1191 2023 1299 2057 sepeliit
1327 2022 1507 2057 profundum,
1532 2027 1560 2048 et
1589 2020 1638 2048 tibi
1664 2019 1745 2046 theca
1776 2017 1828 2045 fuit

1039 2072 1135 2094 venter
1150 2067 1265 2102 piscium
1277 2068 1284 2094 t

1073 2114 1118 2142 Vl.
1136 2114 1205 2141 Cum
1219 2114 1259 2141 sic
1274 2118 1366 2141 autem
1385 2114 1548 2148 plangerent
1563 2117 1592 2139 ct
1606 2112 1827 2139 lamentarentur

1038 2165 1176 2196 parentes.
1192 2160 1302 2195 quidam
1316 2167 1349 2186 ex
1374 2159 1407 2186 iis
1420 2159 1466 2194 qui
1486 2159 1551 2185 illuc
1567 2160 1764 2190 convenerant,
1779 2157 1826 2183 vix

1039 2206 1147 2234 tandem
1164 2206 1204 2233 eis
1225 2209 1435 2240 persuaserunt,
1454 2209 1484 2231 ut
1501 2207 1643 2230 cessarent
1658 2210 1672 2229 a
1688 2203 1827 2229 lamenta-

197 2252 409 2285 calamitatibus,
431 2257 459 2280 et
473 2261 556 2288 opum
583 2255 673 2289 copia.
700 2260 729 2283 et
752 2264 813 2291 quae
836 2262 983 2284 consenta-
1001 2263 1022 2291 υ
1038 2253 1122 2279 tione.
1137 2253 1205 2279 Cum
1222 2260 1236 2278 a
1254 2252 1328 2278 luctu
1357 2256 1449 2278 autem
1475 2257 1572 2284 parum
1594 2253 1758 2280 cessassent,
1775 2248 1828 2275 do-

196 2305 278 2324 neuin
293 2302 442 2331 cstpctcre
472 2303 599 2333 parentes
630 2299 687 2327 ﬁlio
714 2302 806 2328 unico.
834 2301 983 2336 Postquam

195 2353 260 2379 ergo
277 2352 374 2379 preces
389 2346 571 2380 peregissent,
587 2350 612 2372 et
630 2346 719 2373 sancti
734 2347 851 2374 osculati
867 2347 984 2375 fuissent

196 2391 337 2426 reliquias,
353 2392 506 2419 redierunt.
525 2391 577 2424 Qui
595 2399 657 2419 cum
671 2393 773 2427 egressi
790 2398 894 2426 essent,
914 2402 985 2428 aqua

197 2445 295 2464 rursus
317 2438 344 2463 in
362 2445 441 2465 suum
458 2438 547 2465 locum
565 2438 656 2466 rediit.
669 2438 709 2466 llli
733 2443 825 2466 autem
846 2440 983 2471 conversi,

196 2483 311 2517 etquod
326 2483 401 2517 prius
416 2489 477 2510 erat
502 2484 566 2516 iter,
588 2485 701 2520 pelagus
724 2486 899 2519 aspicientes,
929 2486 984 2514 line

197 2533 225 2554 ct
253 2529 318 2555 illuc
345 2529 609 2564 circumspicientes,
639 2531 724 2557 ﬁliutn
747 2539 870 2565 quaerere
887 2540 986 2566 aggre-

196 2575 352 2602 dicliaiittir.
365 2575 389 2602 Is
414 2579 504 2602 autem
523 2576 550 2603 in
565 2583 627 2603 arca
641 2577 729 2603 sancti
751 2584 938 2607 remanserat:
959 2582 987 2605 et

197 2621 249 2647 hoc
268 2628 323 2647 non
354 2621 492 2648 oblivione
518 2627 675 2656 parentum,
702 2622 750 2649 sed
770 2623 819 2650 Dei
845 2624 986 2652 voluntate

197 2666 297 2692 factum
311 2670 362 2696 est,
375 2670 405 2692 ut
419 2666 445 2692 in
463 2666 514 2693 lioc
524 2674 635 2701 quoque
649 2672 799 2703 martyrem
813 2667 916 2696 faceret
929 2677 986 2696 ma-

197 2712 237 2746 gis
253 2712 454 2740 admirabilem.

237 2756 267 2783 V.
288 2757 354 2784 Cum
370 2765 435 2792 ergo
451 2761 579 2791 parentes
593 2765 646 2785 non
664 2758 820 2786 invenirent
840 2759 937 2793 filium,
954 2766 981 2788 et

195 2803 361 2838 cogitassent
377 2811 492 2839 puerum
518 2803 602 2832 fuisse
619 2812 633 2832 a
651 2812 681 2832 se
705 2805 839 2833 oblivioni
864 2807 891 2833 in
918 2815 982 2842 pro-

1037 2306 1111 2325 mum
1126 2298 1264 2325 abierunt.
1280 2297 1348 2325 Cum
1364 2304 1429 2331 ergo
1453 2301 1561 2330 tempus
1578 2295 1770 2330 processisset.
1797 2298 1827 2322 et

1036 2345 1176 2372 memoriae
1191 2343 1278 2371 sancti
1295 2343 1422 2378 martyris
1433 2342 1491 2370 dies
1506 2342 1659 2372 venissent,
1677 2341 1736 2368 lucc
1753 2341 1826 2367 inter

1035 2398 1064 2417 se
1088 2389 1226 2422 dicebant,
1256 2389 1390 2416 recordati
1422 2387 1464 2416 stti
1493 2387 1562 2414 filii:
1590 2385 1712 2417 Agedum
1738 2384 1824 2420 proﬁ-

1036 2437 1171 2464 ciscamur
1187 2436 1220 2462 ad
1236 2440 1374 2465 sanctum,
1393 2439 1431 2466 ut,
1447 2435 1468 2462 si
1494 2434 1555 2461 ull:e
1586 2433 1721 2467 reliquiae.
1746 2430 1821 2465 quod

1037 2482 1094 2509 ﬁeri
1112 2490 1165 2509 non
1184 2485 1283 2516 potest,
1305 2481 1488 2508 remanserint
1505 2479 1590 2506 nostri
1608 2479 1667 2512 ﬁlii,
1694 2486 1742 2504 eas
1754 2477 1826 2504 acci-

1034 2528 1149 2562 piamus,
1166 2532 1270 2554 etcum
1289 2531 1393 2559 sancto,
1410 2526 1519 2561 judicio
1537 2524 1755 2556 contendamus;
1782 2527 1824 2557 ut,

1034 2575 1056 2601 si
1075 2574 1131 2601 ﬁeri
1149 2574 1244 2608 possit,
1272 2573 1327 2600 illic
1354 2573 1521 2605 moriamur,
1546 2571 1642 2598 mortis
1663 2570 1822 2597 societatem

1035 2619 1160 2646 ineuntes
1174 2627 1234 2646 cum
1249 2619 1315 2646 ﬁlio.
1331 2619 1400 2645 Cum
1417 2618 1474 2645 litec
1495 2625 1560 2653 ergo
1574 2617 1725 2648 dixissent,
1752 2623 1824 2642 non-

1033 2667 1098 2694 duin
1116 2666 1150 2693 iis
1167 2674 1226 2701 qua:
1255 2666 1429 2697 dicebantur,
1460 2665 1541 2691 linem
1570 2665 1769 2696 imposuerant,
1796 2666 1825 2689 et

1032 2717 1176 2747 coeperunt
1191 2713 1243 2739 iter
1268 2711 1386 2745 ingredi.
1403 2710 1472 2738 Cum
1498 2717 1562 2737 vero
1583 2708 1776 2739 accessissent,
1795 2711 1823 2733 et.

1036 2759 1069 2786 ad
1098 2760 1188 2786 locum
1211 2759 1414 2794 pervenissent,
1436 2762 1465 2784 et
1493 2764 1568 2783 mare
1607 2753 1822 2783 retrocessissct,

1036 2806 1091 2834 Deo
1106 2806 1151 2834 liic
1163 2813 1272 2841 quoque
1286 2805 1374 2832 honor
1389 2808 1452 2831 ante
1470 2807 1616 2838 martyrem
1631 2800 1678 2827 filii
1689 2799 1731 2827 sui
1749 2797 1823 2825 desi-

230 2904 269 2938 (l)
290 2905 456 2933 llticrvi'ci'c.
474 2907 517 2939 Ἠ,
539 2906 619 2942 Grcg.
643 2906 709 2934 Tur.
732 2906 770 2934 lib
789 2915 807 2933 i.
830 2906 866 2933 De
891 2908 975 2942 gloria
998 2913 1156 2942 martyrum.
