2077 3148
278 171 332 203 187

901 175 1044 206 MENSIS
1064 175 1286 208 NOVEMBER.

1855 175 1908 208 138

278 230 355 257 derio
367 229 507 263 stimulati,
519 230 600 266 primi
612 230 780 266 profundum
792 231 956 263 insilierunt.
968 239 1070 266 eosque
1087 232 1107 261 Δ
1123 233 1220 260 rabilis
1240 239 1269 262 et
1285 234 1364 270 longe
1386 235 1536 262 clarissima
1553 244 1558 262 :
1588 242 1709 269 prmsens
1740 239 1831 262 autem
1856 235 1909 263 mi-

277 283 392 310 sequens
408 275 524 303 vadebat
553 277 712 304 multitudo.
735 277 804 304 Cum
821 283 912 305 autem
927 278 1067 313 pervenis-

275 325 336 348 sent
350 321 384 348 ad
410 322 546 357 imprimis
563 323 751 350 venerandum
771 324 901 359 templutn
929 325 1068 359 martyris,

276 367 304 402 (ο
325 368 524 398 miraculum!)
542 369 637 396 vident
649 377 728 397 suum
742 369 828 397 tilium
845 370 945 401 vivum,
975 370 1067 397 ltetum

278 416 305 439 et
323 413 509 442 exsilientem.
525 413 592 441 Cum
610 415 649 442 sic
664 420 754 442 autem
780 423 795 441 a
820 415 958 443 miraculis
974 415 1000 443 in
1015 415 1068 442 mi-

278 459 406 486 raculum
424 460 595 492 incidissent,
626 469 709 495 rcqtte
740 461 839 496 insigni
856 466 883 488 et
910 461 1066 488 admirabili

277 511 373 533 essent
395 507 589 542 obstupefacti,
613 508 730 542 prinmm
755 508 865 542 quidem
894 508 981 535 Deum
1006 508 1067 534 lau-

276 552 395 583 darunt:
417 553 516 580 deinde
540 554 651 589 martyri
681 562 790 588 quoque
806 558 923 589 egerunt
952 555 1064 589 gratias.

282 598 420 633 Deinceps
445 606 510 625 vero
539 599 738 626 adolescentem
757 600 972 634 interrogarunt,
998 608 1068 634 quo—

276 644 361 671 modo
379 649 451 671 esset
465 650 600 677 servatus,
619 653 736 680 quonam
756 645 924 677 vivificante.
947 654 1067 681 quonam

277 692 415 719 servante,
441 692 468 715 et
509 696 628 722 quonam
659 690 820 718 nutriente?
870 691 942 718 Puer
974 696 1066 718 atttem

277 740 331 759 una
363 733 474 768 quidem
508 742 589 761 manu
615 741 712 763 tenens
731 743 832 768 arcam,
864 737 948 763 altera
973 743 1065 764 atttem

277 787 359 806 manu
378 778 464 813 digito
479 779 605 806 indicans
625 788 687 807 eutn
706 781 753 815 qui
782 781 857 808 intus
874 782 995 816 jacebat,
1020 791 1066 810 re-

278 825 390 859 spondit
419 826 674 860 interrogantibus:
702 826 751 853 llic
786 832 848 862 post
875 828 959 854 Deum
992 837 1068 856 meus

279 876 372 898 custos
387 875 414 898 et
429 871 484 898 vita
512 876 541 898 et
565 871 725 899 alimentum
752 873 815 905 fuit,
840 878 867 900 et
894 875 1070 908 propulsator

279 917 435 943 belluarum
468 917 647 944 marinarum.
686 918 736 946 llic
763 926 805 946 me
830 919 954 954 quotidie
982 920 1073 947 alebat

280 963 509 997 splendidissime.

315 1008 370 1035 V'll.
394 1008 526 1036 Parentes
543 1015 633 1037 autem
652 1011 834 1039 admiratione
859 1017 886 1039 et
912 1012 1006 1039 laetitia
1028 1012 1070 1039 af-

285 1054 362 1086 fecti,
389 1060 413 1081 et
434 1056 562 1091 martyris
579 1057 632 1083 fide
649 1059 734 1093 magis
747 1059 911 1089 confirmati,
929 1067 977 1094 per
990 1068 1070 1095 quem

282 1100 379 1133 filium,
393 1108 473 1136 quem
491 1102 624 1136 putabant
641 1109 791 1136 mortuum,
809 1104 944 1132 viventem
960 1113 1072 1140 accepe—

282 1152 356 1180 runt,
386 1148 494 1183 priores
515 1149 605 1176 luctus
633 1154 829 1177 converterunt
855 1151 887 1178 ad
919 1151 1069 1186 gratiarum

282 1195 431 1226 actionem,
448 1201 544 1223 sancto
562 1197 602 1222 sic
616 1197 800 1223 acclamantes
815 1204 822 1223 :
847 1197 916 1224 Vere
935 1205 1001 1232 ergo
1025 1196 1073 1224 ad—

283 1241 419 1268 mirabilis
438 1246 480 1268 est
495 1242 566 1268 Deus
582 1242 610 1268 in
625 1242 726 1269 sanctis
743 1243 801 1270 suis
819 1243 840 1274 ⁸,
859 1248 886 1270 et
900 1251 995 1270 eorum
1025 1244 1071 1278 qui

282 1287 373 1321 ipsum
404 1287 512 1318 timent,
539 1287 642 1315 faciens
669 1287 877 1321 voluntatem’,
903 1294 929 1316 et
957 1290 1075 1316 audiens

282 1341 379 1360 eorum
396 1334 597 1368 precationem.
627 1334 759 1366 Servasti,
777 1343 793 1360 ο
810 1340 915 1367 sancte,
948 1340 1074 1362 nostrum

283 1379 388 1412 filium;
407 1379 551 1407 reddidisti
571 1379 650 1408 nobis
670 1388 733 1408 eum
748 1381 794 1415 qui
819 1389 872 1407 non
901 1383 1073 1416 sperabatur.

281 1424 304 1453 Ο
320 1426 418 1453 cmlum
437 1431 464 1453 et
480 1431 563 1456 terra.
578 1432 606 1454 et
621 1431 649 1453 tu
665 1427 841 1461 profundum,
855 1428 927 1462 quod
940 1434 990 1455 nos
1001 1429 1076 1463 prius

282 1471 494 1498 exsecrabamur
521 1471 658 1499 admirare
688 1480 814 1507 magnum
835 1473 886 1500 hoc
908 1481 988 1507 optts,
1003 1473 1074 1507 quod

282 1521 408 1544 naturatn
426 1522 548 1551 supcrat.
565 1517 630 1544 Esto
648 1524 740 1545 autem
758 1523 786 1546 tu
802 1527 923 1554 quoque,
937 1527 953 1546 ο
966 1525 1071 1552 sancte,

283 1563 363 1590 nobis
388 1564 536 1598 propitius,
565 1569 592 1591 et
606 1572 638 1591 ea
659 1565 739 1591 nobis
765 1565 963 1600 condonaquzc
980 1565 1073 1592 animo

284 1611 397 1637 cruciati
418 1611 444 1638 iu
468 1611 629 1639 terdiximus
643 1617 671 1639 et
698 1611 823 1639 fecimus.
850 1613 889 1639 Ne
903 1620 952 1648 pro
975 1613 1076 1640 nostris

284 1656 312 1684 in
334 1661 360 1684 te
382 1658 538 1685 maledictis
568 1666 661 1693 parem
689 1659 792 1685 referas
815 1658 944 1694 gratiam.
973 1658 1075 1685 Filium

286 1702 462 1736 recepimus;
488 1711 560 1732 eum,
577 1703 624 1737 qui
649 1708 708 1730 erat
725 1708 859 1735 mortuus,
884 1711 931 1738 per
956 1709 980 1730 te
1004 1711 1077 1730 nunc

286 1749 316 1774 in
331 1747 417 1775 vitam
434 1753 591 1776 revocatum
609 1749 776 1784 accepimus.
800 1749 953 1777 senectutis
973 1754 1074 1777 nostra:

287 1793 416 1821 baculum
431 1802 526 1821 rursus
541 1794 674 1822 habemus
692 1800 739 1822 tuo
754 1795 864 1822 auxilio.
882 1795 951 1828 Quid
981 1796 1067 1830 pluri-

289 1840 342 1867 bus
356 1847 425 1874 opus
439 1840 502 1867 est?
515 1840 574 1868 Non
595 1841 677 1868 trium
695 1841 815 1873 tlierum,
836 1842 884 1868 sed
903 1842 984 1868 unius
1012 1843 1075 1869 anni

289 1891 441 1919 mortuum,
468 1891 495 1913 ct
511 1895 565 1914 non
580 1887 680 1922 lapide.
698 1888 744 1914 sed
762 1895 831 1922 aqua
858 1888 1020 1915 conditum:
1050 1893 1078 1915 et

290 1940 345 1959 non
360 1940 374 1959 a
390 1934 539 1965 vermibus,
561 1933 634 1967 quod
665 1938 706 1960 est
731 1939 838 1961 naturm
865 1934 990 1961 humanm
1014 1942 1078 1969 pro-

288 1980 390 2014 prium,
408 1985 613 2014 consumptum,
630 1979 676 2006 sed
694 1987 707 2006 a
733 1979 864 2013 piscibus,
882 1984 911 2006 ut
935 1981 1077 2007 existima-

287 2024 397 2056 bamus,
413 2025 586 2057 devoratum,
612 2025 718 2052 salvum
747 2033 796 2060 per
814 2030 839 2052 te
863 2025 1029 2059 accepintus.
1053 2025 1076 2053 0

286 2071 413 2107 gratiam,
448 2079 464 2098 ο
497 2071 624 2107 gloriam,
654 2079 671 2098 ο
703 2072 832 2099 virtutem
863 2075 892 2099 et
919 2071 1078 2099 beneficen-

288 2117 352 2143 tiam
389 2124 406 2144 ο
443 2123 532 2144 sante.
564 2116 632 2144 Cum
671 2117 711 2144 sic
743 2125 808 2152 ergo
847 2121 972 2144 sanctum
1015 2125 1076 2144 cum

285 2163 415 2198 iacrytnis
428 2167 522 2190 essent
545 2168 572 2190 et
591 2163 720 2190 laudibus
737 2164 889 2198 prosecuti.
911 2163 1078 2197 accipientes

286 2207 384 2239 filium,
407 2216 508 2236 venere
538 2208 668 2243 domutn,
699 2213 844 2236 narrantes
867 2209 996 2236 omnibus
1026 2209 1078 2236 mi-

288 2255 421 2282 raculum.

323 2300 393 2326 VIII.
412 2300 628 2336 Quidnam'ergo
642 2308 705 2328 cum
720 2301 765 2329 his
782 2301 977 2329 conferemus?
993 2302 1078 2329 Aiunt

288 2345 377 2373 Eliam
393 2345 541 2380 aliquando
557 2346 656 2378 ﬁlium,
681 2347 730 2382 qui
749 2352 811 2375 erat
833 2352 971 2379 mortuus,
986 2347 1078 2375 vitum

289 2392 369 2419 matri
395 2391 567 2426 reddidisse;
589 2392 663 2427 quod
686 2393 795 2428 quidem
822 2398 864 2421 est
878 2401 1025 2429 magnum,
1049 2398 1077 2422 et

261 2470 263 2475 τ
289 2436 369 2465 valde
385 2437 546 2465 admirabile
557 2437 578 2464 ⁸.
594 2437 666 2471 Quin
683 2439 763 2465 ctiam
775 2439 807 2466 ad
821 2439 903 2467 Elisei
917 2439 1079 2475 aliquando,

263 2484 264 2487 “
290 2487 320 2511 ut
332 2483 445 2511 Litteris
462 2489 504 2511 est
518 2484 671 2518 proditum,
689 2492 908 2518 monumentum,
929 2486 1077 2521 quemdam

289 2538 304 2557 ιι
317 2530 481 2565 quibusdam
499 2529 649 2557 bomicidis
665 2530 853 2563 interfectum,
869 2537 897 2558 et
919 2532 946 2558 in
963 2539 997 2559 eo
1013 2539 1078 2566 pro-

286 2576 401 2611 iectum,
416 2576 571 2603 surrexisse
597 2581 624 2603 et
640 2576 740 2603 vixisse
756 2576 766 2591 '
781 2585 787 2603 :
813 2577 884 2611 quod
908 2578 1019 2612 quidem
1038 2582 1080 2605 est

290 2630 428 2657 magnum,
454 2627 481 2649 et
504 2622 586 2649 valde
601 2622 806 2649 admirandum.
823 2623 908 2650 Porro
922 2628 1015 2651 autem
1029 2624 1080 2651 Pe-

291 2671 350 2695 trus
359 2676 470 2703 quoque
482 2668 508 2695 in
521 2669 624 2695 nostris
638 2668 725 2703 libris,
739 2669 846 2702 Petrus,
861 2670 984 2705 inquam,
1002 2672 1079 2706 prin-

291 2721 356 2748 ceps
383 2715 581 2748 apostolorum,
612 2715 697 2747 illam,
723 2723 783 2751 qua
816 2724 951 2751 pauperes
980 2717 1082 2748 alebat,

290 2760 402 2788 viduam
419 2759 564 2788 Tabitbam
581 2766 728 2794 mortuam,
746 2762 842 2789 eadem
860 2762 928 2789 liora
946 2763 980 2789 ad
997 2763 1082 2789 vitam

291 2807 435 2834 suscitavit
450 2808 580 2842 precibus
594 2808 628 2836 ὀ.
643 2808 676 2836 Et
691 2813 757 2836 sunt
785 2809 845 2836 brae
860 2809 973 2843 quidem
991 2807 1081 2835 admi~

328 2898 420 2927 'I’sal.
442 2907 524 2934 van,
539 2900 584 2929 56.
625 2902 634 2916 ⁷
649 2902 718 2929 Psal.
741 2910 831 2936 ωειιν,
851 2903 892 2930 l9.

931 2903 940 2918 '
955 2901 989 2930 lll
1012 2903 1076 2937 Reg.
1095 2911 1140 2935 \‘ll,
1160 2903 1167 2929 l
1187 2910 1263 2937 seqq.

1123 280 1249 306 raculum
1267 285 1400 315 quantum
1424 289 1454 308 ea
1471 281 1636 314 exsuperat?
1661 280 1801 307 Attentins
1815 284 1907 308 autem

1118 325 1186 352 mihi
1205 326 1350 353 considera
1375 326 1500 353 miraculi
1529 325 1732 353 excellentiam.
1754 325 1830 353 Elias
1845 326 1909 360 qui-

1121 371 1184 398 dem
1202 377 1231 398 ut
1248 372 1324 406 prius
1337 372 1466 405 diximus,
1482 380 1572 406 nuper
1584 376 1722 398 mortuum
1736 379 1864 407 puerum,
1880 378 1909 399 et

1118 418 1165 452 qui
1197 419 1318 445 nondum
1349 418 1503 451 refrixerat,
1528 417 1575 445 sed
1596 417 1687 444 adhuc
1716 417 1843 444 servabat
1860 426 1908 444 na-

1121 468 1189 491 turm
1201 465 1332 493 calorem.
1360 465 1514 491 suscitavit.
1533 463 1615 490 Elisei
1634 471 1700 490 vero
1726 464 1813 490 virtus
1838 464 1909 490 dua-

1120 510 1171 537 bus
1187 510 1220 537 de
1235 510 1328 537 causis
1339 510 1403 537 fecit
1416 511 1578 537 miraculum
1592 519 1599 536 :
1620 518 1673 537 una
1687 510 1800 544 quidem
1817 517 1909 536 ostru—

1119 555 1188 582 dens
1202 556 1374 590 prophetam,
1390 556 1436 591 qui
1453 556 1630 591 ignorabatur
1647 564 1654 582 :
1684 556 1797 582 alteram
1814 561 1904 585 autem

1119 609 1174 628 non
1191 602 1349 629 concedens
1364 602 1465 629 caedem
1480 602 1564 628 etiam
1582 606 1644 636 post
1657 606 1783 628 mortem.
1803 601 1904 628 Petrus

1119 656 1185 674 vero
1200 656 1247 674 sua
1259 649 1372 680 virtute,
1383 652 1411 675 et
1422 647 1534 682 adjutus
1551 647 1635 674 etiam
1649 655 1746 673 eorttm
1763 646 1906 681 precibus.

1120 694 1166 728 qui
1183 701 1198 720 a
1214 694 1295 720 vidua
1312 693 1422 721 fuerant
1437 693 1528 720 aﬁ'ecti
1554 693 1702 722 beneficio.
1721 693 1780 727 ipse
1798 701 1909 727 quoque

1119 739 1248 766 excitavit
1277 747 1336 767 eam
1369 740 1452 766 modo
1480 743 1628 766 tnortuam.
1660 739 1779 766 Sanctus
1816 744 1907 766 autem

1120 791 1223 821 martyr
1238 786 1366 813 Clemens
1385 787 1413 820 (ο
1428 786 1591 812 miraculum
1608 786 1628 819 l)
1648 793 1702 811 non
1732 793 1836 814 recens.
1861 785 1909 811 sed

1120 832 1174 866 jam
1191 839 1263 859 anno
1281 839 1336 859 uno
1353 836 1505 861 mortuttm,
1520 831 1561 858 vel
1580 836 1611 857 ut
1635 831 1734 858 melius
1762 830 1862 861 dicam,
1881 831 1907 857 in

1125 885 1180 904 uno
1194 886 1304 912 quoque
1321 883 1437 913 puncto,
1461 883 1488 905 et
1505 878 1565 911 ejus
1579 878 1740 904 tenuiSsima
1759 883 1836 912 parte
1851 884 1909 903 mo-

1128 923 1255 956 rientem,
1291 924 1459 951 conseravit.
1500 924 1583 952 Scitis
1609 927 1701 950 autem
1728 931 1835 955 omnes,
1865 923 1910 957 qui

1125 970 1185 1004 ejus
1214 969 1327 1001 fecistis,
1348 970 1512 1004 periculum,
1536 976 1639 1006 quanto
1657 975 1781 1004 tempore
1811 970 1911 996 verisi-

1127 1015 1190 1042 tnilc
1215 1019 1275 1042 erat
1302 1016 1461 1043 conservari
1495 1024 1610 1051 puerum
1639 1016 1665 1042 in
1694 1016 1833 1050 profundo
1858 1022 1911 1043 tam

1126 1066 1212 1088 vasto.
1231 1061 1284 1088 Sed
1304 1062 1372 1088 mibi
1390 1061 1537 1096 diligenter
1553 1062 1739 1089 consideranti
1755 1069 1809 1088 non
1827 1070 1910 1088 unum

1127 1109 1278 1138 mortuum,
1309 1105 1357 1133 sed
1380 1113 1485 1141 quanto
1517 1106 1651 1141 temporis
1686 1107 1776 1140 spatio
1812 1106 1914 1133 scimus

1126 1159 1241 1186 puerum
1262 1151 1289 1178 in
1306 1159 1378 1186 aqua
1395 1152 1538 1182 suﬂ’ocari.
1566 1152 1592 1179 id
1622 1156 1731 1187 tempus
1761 1156 1916 1186 repetentes

1127 1202 1154 1224 et
1173 1198 1360 1230 remelientes,
1382 1198 1555 1225 inveniemus
1571 1203 1696 1225 sanctutn
1713 1202 1751 1224 tot
1766 1197 1915 1225 suﬂ'ocassc

1129 1249 1261 1270 mortuos.
1277 1244 1356 1276 Quod
1372 1249 1463 1271 autem
1492 1248 1534 1271 est
1568 1243 1770 1276 admirabilius,
1799 1252 1854 1270 non
1879 1244 1913 1271 ab

1129 1297 1261 1323 aquarum
1290 1289 1379 1317 solum
1417 1290 1620 1321 suﬂocatione,
1647 1290 1694 1317 sed
1719 1298 1734 1316 a
1763 1290 1909 1317 bestiarum

1128 1337 1211 1363 etiam
1226 1336 1336 1363 lzesione
1360 1336 1532 1363 conservavit
1549 1343 1678 1371 puerum.
1707 1336 1729 1363 0
1744 1338 1870 1371 gratiam,
1898 1345 1915 1363 ο

1131 1382 1271 1413 virtutem,
1296 1390 1358 1416 qua:
1378 1386 1525 1417 utrumque
1539 1381 1641 1409 eﬂlcit:
1660 1389 1759 1417 nempe
1777 1387 1804 1409 et
1832 1390 1915 1416 aquas

1130 1428 1233 1462 alligat,
1248 1433 1275 1455 et
1291 1428 1433 1463 propulsat
1449 1427 1567 1455 belluas.
1584 1427 1623 1455 Ad
1638 1428 1695 1455 haec
1722 1428 1788 1463 quid
1807 1427 1919 1455 dicitis?

1130 1475 1188 1502 Non
1212 1475 1264 1502 alia
1293 1480 1406 1509 superat
1420 1475 1608 1503 miraculum?
1624 1475 1681 1502 Nisi
1699 1475 1761 1510 quis
1775 1483 1826 1502 nos
1849 1475 1917 1501 male

1130 1520 1322 1555 reprehendat,
1340 1521 1414 1555 quod
1431 1521 1458 1548 id
1473 1521 1641 1548 extullamus
1669 1529 1752 1555 supra
1783 1521 1916 1547 miracula

1130 1567 1298 1602 prophetica.
1319 1567 1399 1595 Nulla
1423 1575 1454 1594 ea
1473 1567 1507 1594 de
1526 1575 1608 1595 causa
1638 1567 1665 1594 in
1686 1575 1737 1594 nos
1762 1567 1843 1594 cadet
1871 1574 1914 1593 re-

1132 1614 1287 1649 prehensio.
1302 1613 1405 1648 Aperte
1418 1613 1493 1641 enim
1517 1614 1595 1641 scitis
1615 1618 1740 1640 sanctum
1769 1617 1915 1648 martyrem

1129 1667 1190 1687 esse
1220 1659 1248 1686 in
1267 1659 1364 1687 eadem
1382 1659 1469 1694 gloria
1485 1662 1513 1686 et
1536 1659 1634 1686 iisdem
1663 1659 1862 1691 tabernaculis,
1889 1659 1915 1685 in

1130 1706 1231 1741 quibus
1247 1706 1334 1734 sancti
1359 1711 1505 1742 martyres,
1531 1706 1648 1742 apostoli
1665 1710 1694 1733 et
1719 1705 1874 1741 prophetae,
1890 1709 1919 1732 et

1131 1753 1181 1788 ipsi
1198 1752 1297 1787 angeli.

1166 1799 1211 1826 lX.
1231 1800 1282 1827 Sed
1296 1807 1313 1826 ο
1329 1804 1480 1834 martyrum
1502 1798 1631 1834 splendor
1648 1803 1675 1826 et
1703 1798 1788 1825 decus
1808 1803 1915 1825 saneto-

1130 1853 1202 1874 rum.
1226 1846 1354 1880 primitize
1369 1845 1536 1878 antistitum,
1555 1845 1618 1872 vide
1633 1852 1707 1872 nttnc
1720 1853 1830 1880 quoque
1846 1846 1917 1872 bunc

1130 1897 1292 1927 praesentem
1305 1897 1407 1919 castum
1423 1892 1498 1926 pium
1514 1897 1542 1919 et
1561 1892 1740 1927 religiosum,
1761 1892 1806 1926 qui
1825 1900 1839 1918 a
1859 1891 1919 1918 vita:

1131 1938 1260 1964 fluctibus
1272 1938 1394 1972 quotidie
1409 1937 1548 1964 obruitur.
1561 1937 1628 1964 Eum
1643 1938 1695 1964 tuis
1711 1938 1840 1972 precibus
1856 1938 1919 1964 illm-

1129 1992 1189 2011 sura
1217 1984 1324 2012 custodi
1349 1989 1377 2011 et
1402 1992 1535 2011 conserva
1555 1988 1604 2012 :et
1631 1985 1677 2018 qui
1702 1990 1830 2018 tanquam
1855 1984 1918 2011 fune

1130 2031 1263 2058 immanes
1287 2030 1413 2058 insiliunt
1435 2030 1584 2062 daemones,
1605 2034 1632 2058 et
1648 2031 1788 2057 minantttr
1809 2039 1838 2058 se
1859 2038 1920 2058 esse

1130 2076 1311 2104 devoraturos
1325 2076 1423 2103 animae
1450 2075 1632 2107 nobilitatem,
1652 2079 1762 2102 tuarum
1783 2076 1920 2103 interces-

1132 2122 1239 2149 sionum
1254 2122 1344 2157 jaculo
1358 2122 1470 2156 repelle,
1484 2130 1500 2148 o
1517 2121 1702 2149 sanctissime.
1723 2121 1775 2148 Sed
1790 2129 1840 2148 nos
1854 2129 1921 2156 quo-

1132 2175 1195 2202 que,
1213 2175 1229 2194 o
1244 2167 1401 2194 fidelissime
1419 2171 1518 2198 cmtus,
1536 2175 1612 2202 rogo,
1629 2171 1659 2193 ut
1674 2175 1723 2202 per
1737 2166 1806 2193 bona
1823 2171 1849 2193 et
1866 2167 1920 2194 Deo

1133 2219 1208 2249 grata
1223 2222 1306 2248 opera
1322 2214 1471 2242 adiciamus
1487 2221 1537 2241 nos
1557 2214 1655 2248 dignos
1679 2214 1766 2240 sancti
1781 2213 1877 2248 graliis
1892 2218 1921 2240 et

1094 2267 1118 2296 ι)
1132 2259 1219 2286 donis.
1236 2259 1270 2286 Et
1290 2259 1406 2294 primum
1427 2258 1536 2294 quidem
1563 2258 1590 2285 in
1614 2258 1698 2285 Deum
1713 2263 1741 2285 et
1755 2257 1827 2284 inter
1854 2263 1918 2283 nos-

1130 2304 1206 2338 ipsos
1231 2304 1365 2330 sinceram
1391 2308 1489 2330 etnon
1509 2303 1695 2338 perturbatam
1722 2309 1917 2329 conserVemus

1130 2349 1302 2376 charitatem.
1330 2348 1432 2376 Deinde
1453 2349 1486 2375 ab
1514 2348 1588 2375 omni
1614 2348 1770 2380 maledicto,
1799 2352 1827 2374 et
1842 2346 1914 2373 otnni

1130 2395 1284 2427 mendacio,
1302 2400 1329 2422 et
1349 2395 1423 2422 omni
1440 2395 1562 2430 perjurio
1581 2395 1708 2428 nosipsos
1727 2401 1915 2428 repurgemus.

1129 2441 1199 2469 Ante
1213 2441 1271 2469 haec
1284 2446 1374 2469 autem
1403 2445 1430 2468 et
1444 2445 1506 2475 post
1527 2441 1594 2473 ltzec,
1611 2440 1744 2467 faciamus
1763 2440 1917 2475 eleemosy~

1130 2496 1204 2520 nam,
1227 2495 1288 2522 qua:
1302 2488 1354 2514 scit
1371 2486 1460 2514 Deum
1482 2487 1567 2522 magis
1582 2487 1701 2521 placare,
1725 2491 1753 2513 et
1768 2486 1918 2521 propitium

1132 2534 1248 2562 reddere
1273 2534 1375 2561 nostris
1394 2533 1524 2568 peccatis.
1545 2533 1612 2566 Quis
1624 2534 1696 2560 enim
1719 2533 1782 2567 ejus
1804 2532 1919 2564 oblitus,

1132 2587 1246 2614 regnum
1270 2578 1318 2605 Dei
1340 2577 1511 2612 possederit?
1527 2577 1613 2604 Nemo
1638 2581 1764 2604 nostrum
1789 2582 1923 2611 przetexat

1133 2629 1332 2660 paupertatem,
1350 2630 1432 2650 nemo
1450 2623 1611 2650 viduitatem
1626 2627 1654 2650 et
1666 2623 1818 2650 liberorum
1831 2623 1923 2649 nutri-

1133 2671 1282 2697 nationem.
1295 2671 1366 2697 Sunt
1389 2669 1415 2696 hi
1439 2669 1530 2705 frigidi
1548 2675 1575 2697 et
1593 2670 1739 2705 perniciosi
1761 2674 1921 2704 prtetextus.

1132 2717 1217 2743 Nemo
1231 2720 1354 2743 vestrum
1368 2721 1410 2742 est
1431 2715 1476 2743 illa
1493 2716 1575 2743 vidua
1602 2718 1760 2751 pauperior,
1777 2723 1837 2750 quae
1854 2715 1922 2743 nihil

1131 2761 1204 2788 aliud
1221 2762 1349 2794 habebat,
1362 2769 1442 2797 quam
1464 2763 1596 2798 pugillum
1610 2762 1704 2789 farinae
1723 2771 1730 2788 :
1746 2762 1828 2796 idque
1852 2769 1918 2789 cum

1131 2807 1220 2835 alendi
1249 2808 1276 2835 ci
1296 2813 1389 2836 essent
1419 2808 1499 2836 liberi
1516 2816 1522 2834 :
1538 2816 1629 2843 neque
1653 2812 1743 2835 tamen
1769 2815 1846 2834 suam
1873 2813 1922 2834 aut

1300 2904 1309 2918 ³
1326 2902 1359 2930 lV
1380 2902 1446 2936 Reg.
1460 2910 1521 2934 xut,
1534 2902 1569 2929 2i
1587 2909 1662 2936 seqq.
1704 2902 1725 2917 “’
1740 2902 1800 2928 Act.
1823 2908 1859 2931 Ix,
1874 2899 1922 2926 39.
