2077 3148
158 174 209 206 189

639 175 726 205 VlTA
751 175 780 204 S.
804 173 995 204 GREGORll
1015 173 1284 205 AGRlGENTlNl.

1725 177 1775 209 100

158 229 202 255 lilii
217 228 298 255 vitam
313 227 432 262 prmtulit
442 227 678 257 misericordiae“.
696 229 735 257 Ne
750 229 943 256 excusationes
958 233 979 260 Α
995 228 1083 256 solum
1099 229 1160 255 cibo
1178 232 1207 255 et
1218 233 1281 262 potu
1297 230 1408 263 repleta,
1433 231 1480 258 sed
1496 232 1578 258 etiam
1599 239 1666 259 auro
1685 237 1713 259 et
1731 241 1775 260 ιιι-

156 281 307 308 quaaramus
328 273 355 300 in
386 274 520 308 peccatis,
539 285 548 301 ι
569 275 642 302 Deus
655 282 709 302 non
727 275 862 302 irridetur
877 275 910 301 “.
928 285 937 301 ι

157 321 268 347 Ροιιιπίίι
300 323 393 346 nostra
418 324 510 348 tuente
540 321 706 349 intueamur.
737 320 883 348 Videamus
905 329 940 348 an

157 365 308 400 quotidiani
326 365 448 393 alimenti
467 365 536 394 nihil
551 367 631 394 nobis
648 366 792 394 redundet.
810 366 848 393 Ne
865 374 941 393 men-

157 411 224 438 sium
239 411 358 438 circulos
375 411 530 442 metiantur.
544 417 571 440 et
590 421 725 440 annorqu
744 413 876 441 ambitus.
900 417 942 439 est

157 457 227 483 enim
247 457 320 484 alius
342 457 389 492 qui
411 458 547 493 providet,
564 463 592 485 et
615 467 713 486 eorum
740 466 835 486 curam
858 459 940 493 gerit,

157 503 261 530 etiamsi
277 511 327 530 nos
343 503 509 538 ignoremus.
523 503 652 538 Nosipsos
670 505 870 532 constituamus
889 511 940 530 no-

157 553 274 576 strarum
294 557 386 576 rerum
403 550 628 577 examinatores:
649 551 712 582 etsi,
726 555 756 577 ut
781 550 857 584 prius
879 551 941 584 qui-

158 593 216 619 dem
233 593 364 625 diximus,
383 594 537 628 quotidiani
560 595 683 622 alimenti
698 594 785 622 nostri
801 594 869 621 nihil
895 603 941 621 su-

158 639 250 673 pcrsit,
263 641 316 666 scit
338 640 411 667 Deus
426 640 549 668 misereri
567 648 662 668 eorum
677 660 684 671 ,
705 641 752 676 qui
778 645 942 675 premuntur

159 685 260 719 impia.
293 685 341 712 Sin
363 691 455 713 autem
474 686 626 714 viderimus
638 692 732 714 nostra
751 686 863 720 penaria
889 695 941 714 non

193 745 212 760 “
229 745 261 772 lli
275 745 342 779 Reg.
359 753 422 774 xvu.
440 746 450 772 l
468 753 545 781 seqq.
583 748 605 762 ¹¹
619 745 627 771 l
643 746 731 773 Galat.
748 753 786 776 Vt,
801 745 827 773 7.

173 821 869 834 *r‘————\.’——_

991 279 1083 309 gente,
1099 279 1126 300 et
1149 274 1218 304 aliis,
1233 282 1293 308 qua:
1317 282 1364 302 eos
1380 283 1599 310 consequuntur.
1613 277 1659 311 qui
1672 277 1775 304 divitiis

991 320 1165 347 delectantur
1185 324 1213 346 et
1228 321 1456 353 possessionibus.
1472 322 1659 350 esurientibus
1677 323 1736 350 aliis
1749 330 1776 352 et

992 366 1093 401 frigore
1107 366 1221 398 enectis,
1235 366 1354 393 sciamus
1372 366 1444 402 quod
1459 371 1590 394 retentum
1604 373 1631 394 et
1643 369 1689 402 qui
1707 377 1777 395 nuu-

991 419 1072 446 quam
1087 411 1168 438 desiit
1184 413 1272 447 ignem
1285 412 1365 440 nobis
1379 412 1564 440 recondimus.
1587 412 1622 440 Ut
1635 421 1697 440 eum
1713 421 1776 448 ergo

991 458 1163 493 cﬂ‘ugiamus,
1180 458 1208 485 in
1231 458 1278 486 Dei
1298 458 1433 485 mandatis
1457 466 1507 493 pro
1524 459 1629 486 viribus
1653 460 1778 486 ambule-

992 512 1064 535 mus.
1078 509 1108 531 ut
1117 509 1145 531 et
1154 505 1239 532 sancti
1249 505 1376 540 martyris
1389 505 1511 531 fruamur
1524 505 1777 536 intercessionibus,

992 555 1019 577 ct
1038 549 1186 576 ineﬂ‘abilia
1206 554 1232 577 ct
1248 555 1349 577 teterua
1378 550 1424 577 Dei
1457 550 1529 577 bona
1561 557 1778 584 consequamur.

993 595 1087 630 gratia.
1102 600 1127 621 et
1150 595 1318 629 benignitate
1334 596 1439 622 Domini
1463 596 1550 623 nostri
1567 596 1631 623 Jesu
1649 595 1751 622 Christi
1769 604 1776 622 :

993 639 1036 669 cui
1052 641 1147 676 gloria,
1166 642 1298 676 pmentia,
1315 650 1388 669 nunc
1410 646 1438 669 et
1453 650 1571 677 semper.
1587 645 1615 670 et
1636 641 1665 668 in
1680 641 1779 669 saecula

993 688 1166 714 szcculorum.
1180 687 1275 714 Amen.

1144 824 1316 831 __—__

570 903 750 962 ΒΙΟΣ
787 904 926 960 ΚΑΙ
974 901 1348 963 ΠΟΛΙΤΕΙΑ

740 1008 810 1036 ΤΟΥ
828 1009 928 1036 ΟΣΙΟΥ
946 1008 1081 1035 ΠΑΤΡοΣ
1101 1009 1197 1036 ΗΜΩΝ

423 1191 761 1234 ΕΠΙΣΚΟΠΟΥ
793 1191 902 1234 ΓΕΝ
905 1192 1063 1235 ΟΜΕΝ
1067 1192 1143 1235 ΟΥ
1178 1191 1544 1240 ΑΚΡΑΓΑΝΤοΣ

617 1348 757 1396 VITA
795 1348 871 1393 ET
907 1347 1103 1394 CONVE
1116 1347 1326 1395 RSATIO

915 1433 945 1462 S.
960 1433 989 1462 P.
1003 1433 1037 1460 N.

345 1517 713 1587 GREGORII,
761 1515 1085 1572 EPlSCOPI
1131 1515 1607 1572 AGRIGENTlNl

319 1616 424 1648 (Latine
435 1616 499 1648 apud
508 1616 607 1642 Surium
626 1616 656 1642 ad
671 1615 738 1641 diem
751 1615 781 1641 23
791 1615 950 1646 Novembris;
967 1615 1053 1642 Grece
1064 1621 1096 1641 ex
1109 1614 1180 1641 codd.
1191 1621 1249 1640 mss.
1263 1615 1325 1648 lteg.
1339 1615 1410 1646 t525,
1427 1615 1489 1641 1549
1500 1618 1527 1641 et
1540 1615 1620 1648 uitii.)

195 1762 232 1788 A'.
246 1759 396 1787 Κάλλιστόν
416 1768 442 1785 τι
457 1759 554 1794 χρῆμα
573 1759 589 1793 ἠ
608 1759 704 1794 ἀρετὴ,
724 1758 771 1786 καὶ
789 1758 866 1791 δόξαν
882 1760 944 1795 ὅσην

997 1761 1054 1807 ~_l.
1073 1760 1259 1788 Pulcherrima
1273 1768 1317 1787 res
1329 1765 1372 1787 est
1386 1760 1483 1792 virtus,
1497 1767 1557 1795 qua:
1571 1759 1715 1788 maximam
1727 1761 1787 1797 glo-

159 1807 309 1841 ὲγκόσμιόν
324 1814 354 1832 τε
370 1806 417 1833 καὶ
431 1805 618 1840 ὑπερκὸσμιον
630 1805 798 1839 προξενοῦσα
815 1807 869 1837 τοῖς
885 1806 948 1840 ἐρα-

160 1854 248 1884 σταῖς.
263 1852 331 1879 Οὐδὲ
347 1852 402 1886 γὰρ
419 1851 449 1878 ὲν
463 1851 503 1886 τῷ
524 1851 648 1885 μέλλοντι
664 1851 744 1885 μόνον
763 1851 812 1883 τὰς
829 1851 947 1886 ἀμοιϐὰς

158 1900 332 1929 ἀποδίδωσιν,
360 1899 430 1925 ἀλλά
449 1906 481 1932 γε
505 1898 553 1925 καὶ
575 1899 646 1924 κατὰ
666 1898 712 1924 τὸν
735 1899 858 1932 παρόντα
890 1898 947 1933 βίον

160 1946 223 1977 τοὺς
250 1946 392 1979 μετιόντας
411 1944 571 1979 περιφανεῖς
592 1944 749 1978 ἐργάζεται.
770 1944 880 1978 Ταύτην
900 1943 948 1971 οὖν

158 1991 207 2016 καὶ
223 1990 372 2025 Γρηγόρεος
387 1990 402 2015 ὁ
420 1989 507 2016 πάντα
525 1988 614 2020 καλῶς
627 1989 666 2020 εἰς
679 1989 764 2022 ἄκρον
777 1990 900 2024 ἀσκήσας
917 1988 947 2015 οὗ

159 2036 331 2071 κληρονόμρς
363 2035 444 2069 μόνον
475 2035 525 2068 τῆς
553 2035 673 2069 ἀλήκτθυ
698 2034 782 2069 ζωῆς,
810 2035 880 2061 ἀλλὰ
900 2035 948 2061 καὶ

159 2080 263 2116 περιὼν
278 2080 319 2107 ἔτι
334 2081 374 2115 τῷ
390 2080 439 2115 βιῳ
453 2080 611 2114 θαυμαστὸς
637 2080 755 2114 κατέστη
772 2079 818 2106 καὶ
834 2081 948 2115 περιεό-

158 2134 235 2160 ητος,
247 2126 277 2153 ὃν
293 2127 319 2152 εἰ
334 2126 455 2152 Σικελῶν
470 2125 519 2160 μὲν
533 2125 683 2159 ἐϐλάστησε
699 2127 746 2160 γῇ,
762 2126 881 2152 Σικελῶν
894 2127 947 2161 γὰρ

159 2173 176 2205 ἡ
197 2171 428 2207 ’Λκραγαντῑνων,
446 2171 484 2202 ὡς
507 2170 607 2202 πάντες
629 2171 714 2201 ἴσασι,
742 2172 813 2198 Σιὼν
834 2173 862 2198 δὲ
880 2174 946 2207 ἁγία

160 2217 266 2244 ἐκεῖθεν
295 2217 482 2252 ἐκδεξαμένη,
511 2217 638 2251 καθάπερ
668 2225 694 2243 τι
728 2217 813 2250 φυτὸν
839 2219 947 2251 adesus;

160 2262 296 2298 ὲθρέψατὸ
313 2271 342 2289 τε
365 2263 412 2288 καὶ
430 2261 463 2288 τὰ
493 2261 623 2288 κάλλιστα
643 2262 817 2296 ὲκδιδάξασα,
840 2265 872 2298 τῇ
895 2273 947 2290 πα·-

159 2309 230 2343 τρίδι
246 2309 327 2335 πάλιν
341 2308 498 2342 περιφανῶς
526 2307 698 2334 ἀποδίδωσιν.
730 2308 807 2341 Ἐμοὶ
832 2309 882 2342 μὲν
900 2309 946 2336 οὖν

157 2356 266 2389 ἣδιστόν
286 2364 311 2381 τι
347 2355 465 2390 πρᾶγμα
489 2353 564 2380 δοκεῖ
583 2355 631 2380 καὶ
662 2354 781 2389 σπουδῆς
805 2354 880 2387 ἄξιον
901 2356 946 2382 τδν

159 2399 242 2426 αὑτοῦ
259 2400 442 2434 βίονιᾰνωθεν
468 2399 681 2434 ἀναγράψασθαι
706 2400 752 2425 καὶ
777 2400 833 2431 τοῖς
851 2400 946 2427 ἔπειτα

1001 1806 1080 1839 riam,
1097 1812 1125 1833 et
1144 1806 1307 1834 altissimum
1330 1810 1445 1833 ornatus
1467 1806 1608 1833 cumulum
1622 1806 1664 1834 sui
1681 1813 1787 1834 amato-

1001 1853 1078 1880 ribus
1094 1853 1183 1880 atlert.
1203 1852 1232 1880 Si
1248 1852 1360 1887 quidem
1377 1859 1431 1878 non
1445 1851 1504 1878 illos
1518 1852 1605 1879 solum
1628 1856 1690 1886 post
1712 1860 1788 1880 mor-

1002 1902 1055 1925 tem
1070 1902 1272 1931 remuneratur,
1299 1897 1346 1925 sed
1362 1897 1439 1925 vivos
1455 1902 1540 1932 utque
1557 1903 1707 1932 praesentes
1724 1899 1788 1926 illu‘

1001 1948 1072 1970 stres
1088 1943 1184 1971 efﬁcit.
1196 1943 1271 1970 Hanc
1285 1950 1346 1970 cum
1365 1942 1514 1977 Gregorius
1526 1943 1654 1970 omnibus
1665 1943 1691 1970 in
1704 1943 1788 1971 rebus

1001 1987 1110 2022 egregie
1127 1988 1160 2014 ad
1184 1994 1338 2015 extremum
1364 1997 1450 2024 usque
1472 1994 1580 2024 tempus
1605 1990 1786 2020 exercuisset,

1002 2040 1057 2059 non
1070 2032 1158 2059 solum
1175 2032 1263 2059 lia-res
1283 2034 1345 2060 vita:
1360 2038 1501 2069 perpetuze
1516 2038 1558 2061 est
1573 2034 1725 2066 institutus,
1739 2036 1787 2063 sed

1002 2087 1064 2107 cum
1081 2078 1172 2106 adhuc
1184 2078 1268 2106 etiam
1288 2078 1402 2110 viveret.
1419 2079 1607 2107 admirabilem
1625 2087 1653 2106 se
1671 2088 1702 2107 ac
1717 2081 1788 2108 cele-

1003 2125 1080 2153 brem
1108 2125 1246 2160 pra-stitit.
1269 2124 1361 2152 Sicilia
1381 2125 1493 2159 quidem
1519 2125 1664 2153 oriundus.
1688 2126 1789 2154 Siculis

1000 2172 1073 2206 enim
1091 2171 1200 2203 finibus,
1215 2175 1243 2198 ut
1256 2178 1350 2198 omnes
1373 2175 1488 2202 norunt,
1505 2171 1680 2205 Agrigentum
1701 2173 1788 2199 conli-

1001 2220 1082 2243 netur
1095 2224 1102 2246 :
1118 2221 1246 2243 caeterum
1260 2223 1320 2242 cum
1336 2220 1430 2243 sancta
1444 2215 1520 2243 illum
1536 2215 1600 2242 Sion
1611 2215 1791 2251 suscepisscta

1001 2270 1033 2291 ac
1049 2263 1088 2290 uti
1106 2263 1226 2298 plantam
1239 2262 1385 2297 quamdam
1407 2263 1531 2298 apprime
1547 2263 1666 2290 nobilem
1679 2263 1788 2291 enutri-

1001 2313 1069 2341 tum,
1085 2309 1263 2336 disertissime
1288 2309 1470 2341 erudivisset,
1501 2308 1596 2344 patriae
1613 2316 1708 2336 rursus
1721 2317 1790 2337 eon-

1000 2355 1126 2390 spit'uum
1148 2355 1276 2382 reddidit.
1294 2354 1328 2381 Et
1345 2354 1456 2390 quidem
1472 2354 1704 2389 jucundissimum
1719 2355 1787 2382 mihi

1000 2409 1031 2429 ac
1049 2400 1209 2428 aestimabile
1224 2400 1302 2427 valde
1325 2400 1445 2434 videtur,
1464 2401 1524 2435 ejus
1539 2401 1621 2428 vitam
1638 2401 1721 2428 altius
1739 2409 1784 2428 re-

159 2445 244 2471 κα).οὖ
261 2445 363 2474 παντὸς
380 2444 476 2471 θέσθαι
504 2445 680 2480 παράδειγμα
701 2446 748 2471 καὶ
769 2445 922 2480 ἀρχέτυπον
934 2453 942 2463 ο

997 2447 1108 2480 petitam
1123 2446 1288 2478 describere,
1300 2450 1328 2473 et
1341 2451 1469 2481 tanquam
1483 2446 1620 2480 specimen
1636 2446 1789 2480 quoddam.

160 2492 226 2525 ὑμῖν
241 2491 269 2517 δὲ
283 2488 331 2517 οἷδ’
344 2491 385 2517 ὅτι
401 2490 447 2517 καὶ
464 2491 558 2522 αὐτοῖς
576 2491 611 2517 τὰ
626 2491 698 2517 καλὰ
710 2491 757 2518 καὶ
774 2491 883 2518 ἀκούειν
898 2492 944 2518 καὶ

158 2536 259 2572 ζηλοῦν
283 2535 453 2572 βουλομέναις
481 2537 606 2563 εὐκταῖον
621 2537 652 2563 τδ
671 2538 786 2571 πρᾶγμα
808 2539 942 2572 φανεῖται,

157 2584 207 2609 καὶ
221 2581 280 2616 μεῖν
294 2581 391 2617 ἡδονῆς
403 2582 472 2615 ἄγαν
482 2582 531 2612 τὰς
543 2582 628 2614 ἀκοὰς
643 2582 824 2617 εἰσδυόμενον.
844 2583 945 2618 Ἀρχὴν

155 2629 249 2655 τοίνυν
262 2629 309 2655 τοῦ
325 2629 405 2662 λόγου
423 2627 524 2662 ταύτην
544 2628 645 2661 θετέον,
667 2629 700 2663 ἢν
714 2629 746 2664 δὴ
762 2630 883 2660 κάκεῖνος
897 2629 944 2656 τοῦ

156 2675 219 2708 Bion
235 2674 315 2709 ἔσχεν
330 2674 427 2709 ἀρχήν.

195 2766 231 2792 ις’.
260 2766 349 2800 Κώμη
374 2773 415 2797 τις
440 2765 538 2801 ﬁve-{2:
555 2764 600 2790 τὸν
619 2765 761 2799 μακάριον,
781 2765 797 2800 ἡ
821 2765 944 2800 Πραιτὼ-

156 2819 206 2845 pta
223 2811 271 2844 μὲν
291 2811 426 2843 καλεῖται,
460 2810 573 2844 ἔγγιστα
601 2810 629 2835 δὲ
652 2811 740 2837 κεῖται
766 2811 815 2845 τῆς
846 2812 944 2846 Ἀκρα-

153 2857 291 2891 τανιίνων
324 2857 437 2889 πόλεως,
469 2856 496 2882 τὸ
528 2856 658 2892 πρόττρον
690 2856 717 2882 δὲ
742 2858 847 2892 ἀφανὴς
879 2857 944 2884 οὖσα

995 2497 1024 2519 et
1039 2491 1129 2518 omnis
1150 2491 1258 2518 virtutis
1280 2492 1429 2527 exemplar,
1455 2491 1609 2519 litterarum
1625 2499 1786 2518 monumen-

999 2538 1034 2565 tis
1052 2537 1169 2572 posteris
1196 2537 1356 2572 consignare
1379 2545 1387 2564 :
1412 2537 1490 2565 vobis
1519 2545 1605 2570 vero,
1629 2537 1787 2572 quibustam

998 2584 1140 2619 splendida
1150 2583 1246 2610 audire
1254 2584 1320 2610 libet
1331 2591 1362 2611 ac
1374 2583 1486 2616 imitari,
1499 2590 1543 2610 res
1554 2583 1649 2610 istltaac
1657 2583 1788 2617 optabilis

997 2637 1068 2660 esse.
1080 2633 1239 2662 vestrasque
1251 2628 1352 2663 ingenti
1367 2635 1430 2655 cum
1442 2627 1581 2662 voluptate
1596 2635 1678 2655 aures
1693 2627 1787 2655 subire

998 2674 1089 2702 debet.
1102 2675 1177 2708 Quod
1197 2675 1279 2710 igitur
1292 2675 1336 2701 ille
1352 2673 1414 2700 vita:
1426 2673 1589 2708 principium
1612 2673 1716 2706 habuit,
1734 2673 1785 2701 hoe

997 2721 1085 2756 ipsum
1103 2726 1200 2748 nostra:
1212 2721 1344 2747 orationis
1356 2718 1498 2746 exordium
1511 2719 1684 2746 statuendum
1703 2724 1754 2746 est.

1037 2767 1067 2793 ll.
1087 2766 1168 2793 Vicus
1187 2766 1317 2800 quidam,
1334 2766 1379 2799 qui
1399 2765 1527 2792 Prwtoria
1541 2766 1650 2793 nomine
1673 2765 1787 2795 dicitur‘

999 2812 1145 2847 Agrigento
1169 2811 1272 2839 chilati
1291 2811 1450 2846 proximus.
1471 2817 1595 2840 sanetum
1613 2812 1703 2838 virum
1725 2811 1784 2838 edi-

1001 2858 1051 2884 dit.
1083 2857 1162 2884 Prius
1192 2857 1303 2892 quidem
1332 2857 1375 2884 illc
1401 2858 1535 2886 obscurus
1554 2862 1581 2885 et
1606 2857 1784 2893 incognitus:
