2077 3148
24 1029 58 1579 ξ

46 2072 69 2082 ια

48 2094 69 2106 ,υ

50 2254 71 2316 1

25 2353 72 2421 :4

15 2490 73 2597 11%;!

274 173 328 205 187
899 174 1041 205 MENSIS
1062 174 1075 204 Ρ

1128 174 1282 206 'EMBER.
1852 171 1904 204 188

273 231 352 258 derio
364 230 505 264 stimulati,
518 230 598 266 primi
610 230 777 266 profundum
789 231 954 262 insilierunt,
965 237 1068 265 eosque
1084 231 1104 259 Δ
1120 231 1217 259 rabilia
1238 237 1266 260 et
1282 232 1361 267 longe
1383 232 1533 260 clarissima
1549 241 1555 258 :
1585 239 1706 266 pra‘sens
1737 235 1828 258 autem
1853 231 1906 259 mi-

273 284 389 311 sequens
405 276 523 304 vadebat
551 277 709 304 multitudo.
733 276 800 304 Cum
819 282 909 304 autem
923 277 1065 312 pervenis-

273 327 333 349 sent
348 322 382 349 ad
408 323 543 358 imprimis
562 324 748 351 venerandum
768 324 898 358 templum
926 323 1065 358 martyris,

273 368 300 403 (ο
322 369 485 397 miraculum
499 370 521 400 ll
540 370 634 397 vident
646 377 726 397 suum
739 369 825 396 ﬁlium
843 369 944 400 vivum,
974 369 1065 396 ltetum

274 417 302 440 et
320 413 505 442 exsilientem.
523 414 590 442 Cum
607 415 646 442 sic
661 420 752 442 autem
777 422 793 441 a
818 415 956 442 miraculis
972 414 998 442 in
1014 413 1066 440 mi-

276 460 403 486 raculum
421 461 593 493 incidissent,
623 469 707 495 reque
738 460 838 495 insigni
854 465 881 487 et
908 459 1065 487 admirabili

274 511 368 534 essent
391 508 586 542 obstupefacti,
611 508 728 542 primum
753 508 863 542 quidem
893 508 979 534 Deum
1005 507 1065 533 lau-

273 553 391 584 darunt;
413 553 513 581 deinde
538 553 649 589 martyri
679 562 789 588 quoque
805 558 922 588 egerunt
950 554 1062 588 gratias.

279 599 417 634 Deinceps
441 607 508 626 vero
537 599 737 626 adolescentem
756 599 971 634 interrogarunt,
997 607 1067 633 quo-

275 645 360 672 modo
377 650 451 672 esset
463 650 599 677 servatus,
617 653 735 680 quonam
756 645 923 675 viviﬁcante.
946 653 1066 680 quonam

276 694 415 720 servante,
440 693 468 715 et
508 697 627 723 quonam
659 690 819 717 nutriente?
869 690 941 717 Puer
973 695 1065 716 autem

277 742 332 761 una
363 735 474 769 quidem
507 743 588 761 manu
614 741 711 763 tenens
731 743 832 768 arcam,
863 736 948 763 altera
973 742 1064 763 autem

276 789 358 807 manu
378 779 464 815 digito
479 780 604 807 indicans
624 788 686 808 euut
706 781 753 814 qui
782 781 855 807 intus
873 781 994 815 iacebat,
1020 789 1065 808 re-

277 826 389 861 spondit
419 827 673 861 interrogantibus:
701 826 750 853 llic
785 832 847 861 post
874 827 958 854 Deum
991 836 1069 854 meus

277 877 372 900 custos
386 876 414 899 et
429 873 484 899 vita
511 877 541 899 et
564 872 725 899 alimentum
751 873 814 905 fuit,
839 878 866 900 et
893 874 1069 907 propulsator

278 918 435 945 bellnarum
468 918 646 945 marinarum.
686 918 736 946 llic
762 926 804 945 me
829 919 954 953 quotidie
981 919 1073 946 alebat

279 964 509 999 Splendidissime.

316 1009 370 1036 Vll.
394 1009 526 1037 Parentes
542 1015 633 1038 autent
651 1011 833 1039 admiratione
859 1016 886 1038 et
912 1011 1005 1038 lmtitia
1027 1011 1069 1038 af-

285 1055 363 1087 fecti,
389 1061 414 1083 el
435 1057 561 1092 martyris
580 1057 631 1084 ﬁde
648 1058 734 1093 magis
748 1058 911 1089 conﬁrmati.
929 1067 977 1094 per
990 1066 1071 1094 quem

282 1102 379 1134 filium,
393 1109 473 1137 quem
492 1102 624 1137 putabant
641 1109 790 1136 mortuum,
809 1105 945 1131 viventem
960 1112 1072 1139 accepe-

281 1154 356 1181 runt,
386 1150 493 1185 priores
515 1150 605 1176 luctus
633 1154 829 1177 converterunt
855 1151 887 1177 ad
919 1151 1070 1185 gratiarum

281 1197 430 1228 actionem,
447 1203 544 1223 sancto
563 1198 602 1223 sic
617 1197 822 1223 acclamantcs:
848 1197 917 1224 Vere
936 1204 1001 1231 ergo
1025 1196 1074 1223 ad-

282 1242 418 1269 mirabilis
438 1247 479 1269 est
494 1243 567 1269 Deus
583 1242 610 1269 in
625 1242 727 1269 sanctis
744 1242 802 1269 suis
820 1243 841 1273 '.
859 1246 996 1269 eteorum
1025 1242 1072 1276 qui

282 1288 374 1322 ipsum
404 1289 513 1318 timent,
540 1288 643 1315 faciens
669 1287 841 1315 voluntatem
857 1289 878 1320 ⁷,
904 1293 931 1314 et
959 1288 1076 1315 audiens

282 1342 379 1361 eorum
397 1334 598 1369 precationem.
628 1334 761 1365 Servasti,
778 1342 794 1360 0
812 1339 916 1366 sancte,
950 1338 1076 1360 nostrum

284 1380 390 1412 ﬁlium;
409 1380 554 1407 reddidisti
572 1379 652 1407 nobis
672 1387 736 1407 eum
750 1379 796 1414 qui
821 1388 874 1406 non
902 1381 1075 1415 sperabatur.

283 1425 306 1454 Ο
322 1427 421 1453 caelum
440 1430 468 1453 et
484 1431 566 1455 terra.
581 1431 609 1454 et
624 1431 652 1452 tu
668 1427 843 1461 profundum.
858 1427 929 1461 quod
942 1434 992 1454 nos
1004 1427 1078 1462 prius

285 1471 497 1497 exsecrabantur
525 1471 661 1498 admirare
690 1479 816 1506 magnum
836 1473 887 1499 hoe
910 1480 989 1506 opus,
1004 1471 1076 1506 quod

286 1521 412 1544 naturam
429 1521 550 1551 supcrat.
567 1517 633 1544 Esto
650 1523 741 1545 autem
760 1523 787 1545 tu
803 1526 925 1553 quoquc,
939 1526 955 1544 ο
968 1523 1072 1550 sancte,

287 1563 367 1590 nobis
391 1563 537 1598 propitius,
567 1568 594 1591 et
608 1572 639 1591 ea
661 1564 741 1591 nobis
766 1565 964 1599 condonaqure
981 1564 1074 1591 animo

287 1610 399 1637 cruciati
420 1611 446 1638 in
469 1611 630 1638 terdiximus
643 1616 672 1638 et
699 1611 824 1639 fecimus.
850 1612 890 1639 Ne
904 1619 954 1647 pro
976 1611 1078 1638 nostris

286 1657 314 1684 in
335 1662 361 1684 te
384 1658 538 1684 maledictis
568 1666 662 1693 parem
689 1658 793 1685 referas
816 1658 946 1693 gratiam.
974 1657 1077 1684 Filium

286 1703 462 1737 recepimus;
488 1711 561 1732 enm.
578 1703 625 1737 qui
650 1707 709 1729 erat
725 1708 860 1734 mortuus,
885 1710 933 1737 per
957 1708 982 1729 te
1006 1709 1079 1729 nunc

287 1750 316 1775 in
332 1748 418 1775 vitam
435 1754 591 1776 revocatum
610 1749 777 1783 accepimus.
802 1747 955 1775 senectutis
975 1752 1076 1775 nostrae

288 1794 417 1822 baculum
431 1802 527 1821 rursus
542 1794 676 1822 habemus
694 1799 741 1822 tuo
756 1794 867 1821 auxilio.
884 1794 954 1827 Qui-l
984 1794 1070 1828 pluri-

291 1841 343 1868 bus
357 1848 427 1875 opus
441 1841 504 1868 est?
516 1841 576 1868 Non
597 1841 680 1867 trium
697 1841 817 1872 dierum,
839 1841 887 1867 sed
906 1841 987 1867 unius
1015 1841 1078 1867 anni

291 1891 443 1919 mortuum,
470 1891 497 1914 et
514 1895 567 1914 non
583 1887 682 1921 lapide.
700 1887 747 1914 sed
765 1894 834 1921 aqua
861 1887 1023 1913 conditum:
1052 1891 1080 1914 et

292 1941 347 1960 non
362 1941 376 1960 a
392 1934 542 1965 vermibus.
564 1933 636 1968 quod
667 1937 709 1960 est
734 1938 840 1960 natura:
867 1933 992 1960 humanm
1017 1941 1081 1967 pro-

290 1981 392 2015 priutn,
411 1985 616 2014 consumptum,
633 1979 679 2006 sed
697 1986 710 2005 a
736 1979 868 2013 piscibus,
885 1983 915 2005 ut
939 1979 1079 2005 existima-

291 2025 400 2057 bamus,
417 2026 589 2056 devoratum,
615 2025 721 2052 salvum
749 2033 799 2059 per
817 2030 842 2052 te
867 2024 1032 2058 accepimus.
1057 2023 1079 2052 Ο

290 2072 416 2108 gratiam,
452 2079 468 2098 ο
501 2071 627 2107 gloriam.
657 2079 674 2098 ο
706 2071 835 2099 virtutem
867 2075 895 2098 et
924 2070 1081 2098 beneﬁcen-

292 2117 356 2144 tiam
392 2124 409 2144 ο
447 2123 536 2144 sante.
567 2116 635 2144 Cum
674 2117 714 2144 sic
746 2124 811 2152 ergo
851 2120 976 2143 sanctum
1018 2123 1080 2143 cuin

289 2163 418 2199 laerymis
432 2168 526 2190 essent
548 2168 576 2191 et
594 2163 724 2190 laudibus
740 2163 892 2198 prosecuti.
914 2161 1082 2196 accipientes

290 2208 388 2240 tilium,
411 2216 512 2236 venere
542 2208 671 2243 domum,
702 2213 848 2235 narrantes
870 2207 1000 2235 omnibus
1029 2207 1082 2234 mi-

291 2255 425 2283 raculum.

327 2301 396 2328 Vlll.
416 2300 632 2336 Quidnam'ergo
645 2308 709 2328 cum
724 2301 769 2328 his
786 2300 981 2328 conferemus?
998 2300 1082 2328 Aiunt

292 2346 380 2373 Eliam
396 2346 546 2380 aliquando
562 2346 660 2379 ﬁlium,
686 2347 733 2381 qui
753 2351 815 2374 erat
837 2351 975 2378 mortuus,
990 2346 1082 2374 vitum

294 2393 374 2420 matri
399 2392 571 2426 reddidisse;
593 2392 667 2427 quod
690 2393 799 2427 quidem
827 2397 1030 2428 estmagnum,
1054 2396 1082 2420 et

265 2471 267 2480 ἵ
292 2437 372 2466 valde
389 2437 551 2465 admirabile
562 2437 583 2464 ⁸.
598 2437 670 2470 Quin
687 2438 768 2465 etiam
780 2438 812 2465 ad
825 2438 907 2466 Elisei
922 2437 1084 2474 aliquando,

267 2484 268 2487 “
294 2488 324 2512 ιιι
336 2484 449 2512 Litteris
467 2489 509 2511 est
523 2484 675 2518 proditum,
693 2492 913 2517 monumentum,
934 2484 1082 2519 quemdam

293 2538 307 2558 a
322 2530 486 2565 quibusdam
504 2529 654 2557 homicidis
669 2529 858 2562 interfectum,
875 2535 902 2557 et
924 2531 952 2557 in
969 2537 1002 2557 eo
1019 2538 1083 2564 pro-

291 2577 405 2612 jectum,
421 2576 575 2603 surrexisse
601 2581 629 2602 et
644 2576 745 2603 vixisse
760 2576 771 2591 '
785 2585 792 2602 :
817 2576 889 2610 quod
913 2577 1025 2611 quidem
1044 2580 1086 2604 est

294 2630 433 2658 magnum,
459 2627 486 2650 et
509 2622 590 2649 valde
605 2621 811 2648 admirandum.
829 2622 914 2649 Porro
927 2626 1020 2650 autem
1034 2623 1085 2650 Pe-

296 2673 355 2696 trus
364 2676 475 2703 quoque
487 2669 513 2695 in
526 2668 629 2696 nostris
643 2668 729 2702 libris,
744 2669 852 2701 Petrus,
866 2669 990 2704 inquam,
1008 2670 1085 2704 prin-

295 2721 361 2748 ceps
389 2714 586 2748 apostolorum,
616 2715 702 2747 illam,
727 2723 788 2750 qua:
821 2723 957 2750 pauperes
986 2715 1087 2746 alebat,

295 2761 407 2788 viduam
424 2760 569 2788 Tabitham
585 2766 734 2794 mortuam,
751 2761 848 2788 eadem
866 2761 934 2788 hora
952 2761 986 2787 ad
1003 2761 1087 2787 vitam

296 2807 440 2835 suscitavit
455 2808 584 2843 precibus
599 2809 633 2836 ὀ.
647 2808 681 2835 Et
697 2813 763 2835 sunt
791 2808 851 2835 haec
867 2808 979 2842 quidem
997 2806 1087 2833 admi-

1121 278 1246 305 raculum
1264 283 1397 313 quantum
1421 286 1452 305 ea
1468 277 1634 311 exsuperat?
1659 276 1798 304 Attentius
1813 280 1904 303 autem

1116 323 1183 350 mihi
1203 324 1346 351 considera
1371 323 1498 351 miraculi
1526 322 1729 350 excellentiam.
1752 322 1827 349 Elias
1843 322 1907 356 qui-

1118 369 1181 396 dem
1199 375 1228 396 ut
1245 369 1321 404 prius
1334 370 1463 402 diximus,
1479 377 1568 404 nuper
1582 373 1720 395 mortuum
1734 376 1862 403 puerum,
1878 374 1906 394 et

1116 417 1163 451 qui
1195 417 1315 443 nondum
1347 416 1501 449 refrixerat,
1526 415 1572 442 sed
1593 414 1684 441 adhuc
1714 414 1840 441 servabat
1858 422 1906 440 na-

1119 467 1187 490 tura:
1199 463 1329 491 calorem.
1358 462 1511 488 suscitavit.
1530 461 1614 488 Elisei
1632 467 1698 487 vero
1724 460 1810 486 virtus
1836 460 1906 486 dua—

1118 508 1170 535 bus
1185 508 1218 534 de
1233 508 1326 535 causis
1336 508 1400 535 fecit
1413 508 1576 534 miraculum
1590 515 1597 534 :
1619 514 1671 534 una
1685 506 1798 541 quidem
1815 513 1907 532 ostru-

1118 554 1187 581 dens
1201 554 1372 588 prephetam,
1388 553 1435 588 qui
1451 553 1628 588 ignorabatur
1645 561 1652 579 :
1683 553 1795 578 alteram
1812 556 1902 581 autem

1118 607 1172 627 non
1190 599 1347 627 concedens
1362 599 1464 626 caedem
1479 599 1562 626 etiam
1581 603 1642 633 post
1656 602 1781 624 mortem.
1801 597 1902 624 Petrus

1118 654 1184 673 vero
1199 654 1246 673 sna
1259 646 1370 678 virtute,
1382 649 1409 672 et
1421 645 1533 679 adjutus
1550 644 1634 671 etiam
1648 651 1744 670 eorum
1761 642 1904 677 precibus,

1119 693 1166 727 qui
1183 699 1197 718 a
1213 693 1295 719 vidua
1311 691 1421 718 fuerant
1437 690 1527 718 affecti
1553 690 1700 718 beneﬁcio.
1720 690 1778 724 ipse
1797 697 1908 723 quoque

1119 737 1247 765 excitavit
1275 745 1336 765 eam
1368 738 1450 764 modo
1479 741 1627 763 mortuam.
1659 736 1778 762 Sanetus
1815 740 1906 761 autem

1120 789 1223 820 martyr
1238 784 1364 811 Clemens
1385 785 1412 818 (ο
1427 783 1627 815 miraculum!)
1647 789 1701 808 ιιοιι
1731 789 1836 810 recens.
1860 781 1908 807 sed

1120 830 1174 865 jam
1191 837 1263 857 anno
1280 837 1335 857 uno
1352 834 1505 859 mortuum,
1519 828 1560 855 vel
1579 832 1609 854 ut
1634 828 1733 854 melius
1761 826 1861 857 dicant,
1880 826 1906 852 in

1125 884 1180 902 uno
1194 883 1304 910 quoque
1321 880 1436 910 puncto,
1461 880 1488 902 et
1504 875 1564 907 ejus
1578 874 1739 901 tenuissima
1758 878 1835 908 parte
1851 880 1908 899 mo-

1127 922 1255 954 rientem,
1291 921 1458 948 conscravit.
1499 921 1582 949 Scitis
1609 924 1700 947 autent
1727 927 1834 951 omnes,
1864 919 1910 952 qui

1125 968 1184 1002 ejus
1213 967 1327 997 fecistis.
1348 968 1512 1002 perieulum,
1536 973 1639 1002 quanto
1657 971 1781 1000 tempore
1811 965 1911 992 verisi-

1127 1013 1191 1040 mile
1215 1017 1275 1040 erat
1303 1013 1461 1041 conservari
1495 1021 1610 1048 puerum
1639 1013 1665 1039 in
1694 1012 1832 1046 profundo
1858 1017 1911 1038 tam

1126 1064 1212 1086 vasto.
1231 1059 1285 1086 Sed
1304 1059 1372 1086 mihi
1390 1059 1538 1094 diligenter
1553 1058 1739 1086 consideranti
1755 1065 1809 1085 non
1827 1066 1910 1084 tntutu

1127 1108 1278 1136 mortuum,
1309 1103 1357 1131 sed
1380 1110 1485 1139 quanto
1517 1103 1651 1138 temporis
1687 1103 1777 1137 spatio
1812 1102 1914 1128 scimus

1127 1157 1242 1184 puerum
1263 1149 1290 1176 in
1307 1157 1378 1184 aqua
1395 1149 1538 1180 suffocari,
1566 1149 1592 1175 id
1623 1153 1732 1183 tempus
1761 1152 1916 1182 repetentes

1127 1200 1156 1222 et
1174 1195 1361 1227 remetientes,
1383 1195 1556 1222 inveniemus
1571 1199 1697 1221 sanctum
1714 1198 1752 1220 tot
1766 1193 1915 1220 suﬂ‘ocasse

1130 1246 1263 1268 mortuos.
1279 1242 1357 1274 Quod
1373 1246 1464 1268 autem
1493 1245 1535 1268 est
1569 1240 1771 1271 admirabilius,
1800 1247 1854 1266 non
1880 1239 1913 1266 ab

1130 1295 1262 1321 aquarum
1292 1287 1380 1315 solum
1418 1287 1621 1318 suffocatione,
1647 1286 1695 1314 sed
1721 1294 1735 1313 a
1763 1286 1910 1313 bestiarum

1130 1334 1212 1360 etiam
1227 1333 1339 1361 hesione
1362 1333 1533 1360 conservavit
1550 1341 1679 1368 puerum.
1707 1332 1730 1359 0
1745 1333 1871 1367 gratiam.
1899 1341 1916 1359 ο

1133 1380 1273 1411 virtutem,
1298 1387 1360 1414 qua:
1379 1383 1527 1414 utrumque
1539 1378 1642 1406 eﬁleit:
1662 1385 1759 1413 nempe
1778 1383 1805 1405 et
1833 1385 1916 1412 aquas

1131 1426 1235 1460 alligat,
1250 1430 1278 1453 et
1293 1425 1435 1460 propulsat
1450 1425 1568 1452 belluas.
1585 1423 1625 1451 Ad
1639 1424 1697 1451 hare
1723 1424 1789 1459 quid
1808 1423 1920 1451 dicitis?

1132 1473 1190 1500 Non
1213 1473 1266 1499 alia
1295 1477 1407 1507 superat
1422 1472 1609 1500 miraculum?
1626 1471 1683 1499 Nisi
1701 1472 1763 1506 quis
1777 1479 1828 1498 nos
1851 1470 1918 1497 male

1132 1518 1324 1553 reprehendat,
1342 1518 1416 1553 quod
1433 1518 1459 1545 id
1475 1518 1642 1545 extollamus
1670 1525 1754 1552 supra
1786 1516 1918 1543 miracula

1132 1565 1300 1600 prophetica.
1321 1565 1401 1592 Nulla
1425 1572 1456 1592 ea
1475 1564 1509 1591 de
1527 1571 1610 1592 causa
1639 1564 1667 1591 in
1687 1571 1739 1591 nos
1765 1562 1845 1590 cadet
1873 1569 1916 1589 re-

1133 1612 1289 1647 prehensio.
1305 1611 1407 1645 Aperte
1420 1610 1494 1638 enim
1519 1610 1597 1638 scitis
1617 1615 1743 1637 sanctunt
1771 1613 1917 1644 martyrem

1131 1666 1191 1686 esse
1222 1658 1249 1684 in
1269 1657 1366 1684 eadem
1385 1657 1471 1692 gloria
1487 1659 1515 1683 et
1538 1655 1636 1683 iisdem
1666 1655 1864 1687 tabernaculis,
1891 1654 1918 1680 in

1132 1704 1232 1739 quibus
1249 1704 1338 1731 sancti
1361 1707 1508 1738 martyres,
1533 1702 1651 1738 apostoli
1668 1706 1696 1730 et
1722 1701 1877 1738 prophetae,
1892 1704 1921 1727 et

1133 1751 1183 1786 ipsi
1200 1750 1299 1785 angeli.

1169 1797 1213 1824 IX.
1233 1797 1284 1824 Sed
1299 1805 1315 1824 ο
1331 1801 1484 1832 martyrum
1504 1795 1634 1830 splendor
1650 1799 1678 1822 et
1705 1794 1791 1821 decus
1811 1798 1918 1821 sancto-

1133 1851 1204 1872 rum.
1228 1843 1357 1878 primitim
1372 1842 1539 1875 antistitum,
1558 1841 1621 1868 vide
1635 1848 1710 1868 nunc
1723 1849 1833 1876 quoque
1849 1841 1920 1868 hunc

1133 1894 1295 1925 praesentem
1307 1895 1410 1916 emtum
1427 1890 1501 1923 pium
1517 1893 1545 1916 et
1564 1888 1724 1923 religiosum
1736 1909 1743 1919 ,
1764 1888 1810 1922 qui
1829 1895 1843 1914 a
1861 1886 1922 1913 vita:

1134 1936 1262 1962 ﬂuctibus
1275 1935 1398 1970 quotidie
1412 1934 1552 1961 obruitur.
1564 1934 1631 1961 Eum
1646 1934 1699 1960 tuis
1714 1934 1843 1968 precibus
1858 1933 1923 1960 illa!-

1133 1990 1192 2009 sum
1219 1981 1327 2009 custodi
1352 1986 1380 2008 et
1405 1989 1539 2008 conserva
1558 1985 1608 2008 :et
1634 1981 1681 2014 qni
1705 1986 1833 2014 tanquam
1858 1980 1921 2007 ferce

1133 2029 1266 2056 immanes
1290 2028 1416 2055 insiliunt
1439 2027 1588 2059 daemones,
1608 2031 1635 2054 et
1651 2027 1792 2054 minantur
1813 2034 1842 2053 se
1863 2033 1923 2053 esse

1133 2075 1315 2102 devoraturos
1329 2073 1428 2100 anima
1454 2073 1637 2104 nobilitatem,
1656 2075 1765 2098 tuarum
1787 2071 1924 2098 interces-

1135 2120 1242 2148 sionum
1257 2120 1347 2154 jaculo
1361 2119 1474 2154 repelle,
1488 2127 1504 2145 ο
1521 2117 1706 2145 sanctissime.
1726 2117 1778 2144 Sed
1794 2125 1843 2144 nos
1858 2124 1925 2151 quo-

1135 2173 1199 2200 que,
1217 2172 1233 2192 o
1248 2164 1405 2192 ﬁdelissime
1423 2168 1522 2195 cmtus,
1540 2171 1616 2198 rogo,
1633 2167 1663 2189 ut
1678 2171 1727 2198 per
1741 2162 1811 2189 bona
1827 2167 1853 2189 et
1870 2162 1924 2189 Deo

1136 2217 1211 2247 grata
1227 2219 1310 2246 opera
1326 2211 1476 2239 efﬁciamus
1490 2218 1541 2238 nos
1562 2210 1659 2245 dignos
1684 2210 1770 2236 sancti
1784 2209 1882 2244 gratiis
1896 2213 1926 2235 et

1097 2265 1122 2295 ι)
1136 2257 1222 2284 donis.
1239 2257 1273 2283 Et
1293 2257 1411 2291 primum
1431 2255 1541 2290 quidem
1568 2255 1594 2281 in
1619 2254 1703 2281 Deum
1717 2259 1745 2281 et
1759 2254 1832 2279 inter
1859 2259 1923 2278 nos-

1134 2302 1210 2336 ipsos
1235 2302 1369 2328 sinceram
1395 2305 1423 2328 et
1440 2307 1493 2326 non
1513 2300 1699 2334 perturbatam
1726 2305 1922 2325 conservemus

1134 2347 1307 2374 charitatem.
1334 2345 1437 2372 Deinde
1457 2346 1491 2372 ab
1519 2345 1593 2372 omni
1619 2344 1774 2376 maledicto,
1804 2348 1832 2370 et
1846 2342 1920 2369 omni

1134 2393 1288 2425 mendacio,
1306 2398 1334 2420 et
1354 2392 1428 2418 omni
1446 2392 1567 2427 perjurio
1585 2391 1713 2424 nosipsos
1732 2396 1920 2424 repurgcmus.

1133 2439 1203 2467 Ante
1218 2439 1276 2467 haec
1289 2443 1379 2466 autem
1408 2442 1435 2465 et
1449 2441 1511 2472 post
1532 2438 1599 2469 haec,
1616 2437 1748 2464 faciamus
1768 2436 1922 2470 elecmosy-

1135 2494 1208 2517 nam,
1232 2492 1292 2520 quae
1307 2484 1360 2512 scit
1376 2483 1466 2511 Deum
1487 2484 1572 2518 magis
1587 2484 1706 2518 placare,
1730 2487 1757 2509 et
1773 2482 1923 2516 propitium

1137 2532 1253 2560 reddere
1278 2531 1379 2558 nostris
1398 2530 1530 2566 peccatis.
1550 2529 1617 2562 Quis
1629 2530 1701 2556 enim
1725 2529 1787 2563 ejus
1809 2527 1925 2559 oblitus,

1137 2584 1251 2612 regnum
1275 2575 1322 2602 Dei
1345 2574 1516 2610 possederit?
1532 2573 1618 2600 Nemo
1643 2577 1770 2600 nostrum
1795 2577 1929 2606 praetexat

1138 2627 1336 2658 paupertatem,
1354 2628 1436 2648 nemo
1454 2619 1617 2647 viduitatem
1632 2623 1660 2646 et
1672 2619 1824 2646 liberorum
1837 2618 1929 2644 nutri~

1138 2670 1287 2696 rationem.
1300 2669 1370 2695 Sunt
1392 2667 1420 2694 hi
1444 2667 1535 2702 frigidi
1553 2671 1581 2694 et
1598 2666 1745 2702 perniciosi
1767 2669 1928 2700 praetextus.

1137 2715 1222 2741 Nemo
1236 2718 1359 2740 vestrum
1373 2719 1415 2740 est
1436 2713 1481 2740 illa
1500 2712 1581 2740 vidua
1608 2714 1766 2747 pauperior,
1783 2719 1843 2746 qua:
1860 2711 1929 2738 nihil

1136 2759 1210 2786 aliud
1226 2759 1355 2790 habebat,
1368 2766 1448 2794 quam
1470 2759 1602 2794 pugillum
1616 2758 1711 2785 farina:
1729 2767 1736 2784 :
1752 2757 1834 2792 idque
1858 2765 1925 2784 eum

1138 2805 1227 2832 alendi
1255 2805 1282 2832 ei
1303 2809 1395 2832 essent
1425 2805 1505 2832 liberi
1522 2813 1529 2831 ε
1544 2812 1635 2839 neque
1659 2808 1750 2831 tamen
1775 2811 1853 2830 suam
1879 2809 1930 2829 aut

334 2898 426 2927 ‘Psal.
449 2907 530 2935 van,
545 2900 589 2929 36.
630 2902 639 2917 τ
654 2901 724 2929 Psal.
747 2909 838 2935 ωίιλν,
858 2901 899 2928 l9.
937 2902 947 2916 '
961 2899 995 2928 lll
1019 2901 1083 2933 Reg.
1102 2909 1147 2933 vn,
1166 2900 1174 2926 l
1194 2907 1270 2934 seqq.
1308 2901 1316 2914 τ’
1335 2899 1366 2927 ιν
1386 2899 1453 2933 Reg.
1467 2906 1528 2931 xm,
1541 2898 1576 2925 2t
1593 2905 1669 2933 seqq.
1711 2898 1732 2913 η
1746 2898 1807 2923 Act.
1830 2903 1866 2927 nt,
1881 2895 1931 2922 39.
