2077 3148
164 195 215 227 189

645 196 732 226 VITA
756 196 786 226 S.
810 194 1000 226 GREGORll
1021 194 1290 226 AGRIGENTINL

1731 199 1781 230 1(ὶο

165 250 208 277 lilii
223 250 304 277 vitam
319 249 685 284 praetulitmisericordize".
702 250 741 278 Ne
756 250 948 277 excusationes
963 254 984 281 Α
1000 250 1088 277 solum
1105 250 1165 276 cibo
1183 253 1212 276 et
1223 254 1287 283 potu
1302 251 1414 284 repleta,
1439 251 1486 279 sed
1502 253 1584 280 etiam
1605 261 1672 280 auro
1692 258 1719 280 ct
1737 262 1781 281 ιιι-

162 303 313 330 quaeramus
335 295 361 322 in
392 295 525 330 peccatis,
545 306 554 322 ι
575 296 648 323 Deus
662 304 715 323 non
733 296 867 323 irridetur
883 297 915 322 ".
934 306 943 322 ι

162 342 274 369 l‘enaria
306 345 399 368 nostra
425 346 516 369 meme
547 342 712 370 intueamur.
743 341 889 369 Videamus
911 349 946 369 an

163 387 314 421 quotidiani
332 387 455 414 alimenti
474 387 542 415 nihil
556 388 637 415 nobis
654 387 798 414 redundet.
816 387 854 414 Ne
871 395 946 414 tuen-

163 433 230 460 sium
245 433 364 460 circulos
381 433 537 463 metiamur.
550 438 578 461 ct
596 442 731 461 annorum
750 434 881 462 ambitus.
905 438 948 460 est

163 479 233 505 enim
253 479 326 506 alius
347 479 394 513 qui
416 479 553 514 providet,
570 485 598 507 et
621 488 719 507 eorum
746 488 841 507 curam
864 480 946 514 gerit,

163 524 267 551 etiamsi
283 532 334 552 nos
350 525 515 560 ignoremus.
529 525 658 559 Nosipsos
676 527 875 553 constituamus
894 533 946 552 no-

164 575 280 597 strarum
300 579 392 598 rerum
409 572 634 599 examinatores:
655 572 718 603 etsi,
732 576 762 598 ut
787 572 863 606 prius
885 572 947 606 qui-

163 614 223 641 dem
239 614 370 646 diximus,
390 615 543 650 quotidiani
566 616 689 643 alimenti
704 616 791 644 nostri
807 615 875 642 nihil
901 624 947 642 su-

164 660 256 695 prrsit,
269 663 322 687 scit
344 661 416 688 Deus
432 662 555 690 misereri
573 670 669 689 eorum
683 681 690 693 ,
711 663 758 697 qui
784 666 948 696 premuntur

165 707 266 740 inopia.
299 706 347 734 Sin
369 712 461 735 autem
480 707 632 735 viderimus
644 713 738 735 nostra
757 708 869 742 penaria
894 716 947 735 non

199 766 218 782 ”
235 766 266 793 Ill
281 767 347 801 Reg.
365 775 428 797 xvn.
446 767 456 794 Ι
474 775 552 802 seqq.
589 769 611 784 ¹¹
626 767 633 793 Ι
649 767 736 794 Galat.
754 774 792 798 vt.
806 767 833 795 ἲ.

179 843 850 855 ———'———_——_‘,_——
859 846 874 851 -

997 300 1089 331 gerito,
1105 300 1132 321 et
1155 295 1224 326 aliis,
1239 303 1299 330 qua:
1322 304 1370 323 eos
1386 303 1605 331 consequuntur,
1619 299 1665 333 qui
1679 299 1782 326 divitiis

997 341 1170 368 delectantur
1190 345 1218 368 et
1234 342 1462 374 possessionibus,
1478 343 1665 371 esurientibus
1683 345 1743 372 aliis
1755 351 1783 374 ct

997 387 1099 422 frigore
1113 387 1227 419 enectis,
1241 387 1360 414 sciamus
1377 388 1450 423 quod
1464 393 1596 415 aeternum
1610 394 1637 416 et
1648 390 1695 424 qui
1713 399 1783 417 nun-

997 440 1077 467 quam
1093 433 1174 459 desiit
1190 434 1278 468 ignem
1292 433 1371 460 nobis
1385 433 1571 461 recondimus.
1594 434 1628 461 Ut
1641 443 1703 461 eum
1719 444 1782 469 ω·Βο

996 480 1170 514 ell‘ugiamus,
1186 479 1213 506 in
1237 480 1284 507 Dei
1304 480 1439 507 mandatis
1463 487 1513 514 pro
1530 480 1635 507 viribus
1659 481 1784 507 ambule-

997 533 1070 557 mus,
1084 530 1113 552 ut
1123 531 1150 552 et
1159 526 1245 553 sancti
1255 527 1382 561 martyris
1395 526 1518 552 fruamur
1531 526 1783 557 intercessionibus,

998 576 1025 598 et
1044 571 1192 598 ineffabilia
1212 575 1238 598 et
1254 576 1355 598 aeterna
1384 571 1430 598 Dei
1463 571 1535 598 bona
1568 579 1784 605 consequamur,

999 617 1093 651 gratia.
1108 621 1133 642 et
1156 616 1324 650 benignitate
1340 617 1445 643 Domini
1469 617 1556 644 nostri
1574 617 1637 645 Jesn
1655 616 1757 643 Christi
1776 625 1782 643 :

998 661 1042 690 cui
1057 662 1153 697 gloria,
1172 663 1304 697 polentia,
1321 670 1394 690 nunc
1416 667 1444 690 et
1459 671 1577 698 semper,
1594 667 1621 690 et
1643 663 1671 689 in
1687 662 1785 690 saecula

999 709 1173 735 smuulorum.
1186 708 1281 735 Amen.

1151 845 1322 852 __.._

576 925 756 983 ΒΙΟΣ
794 926 932 982 ΚΑΙ
979 922 1354 984 ΠΟΛΙΤΕΙΑ

746 1029 816 1058 ΤΟΥ
834 1030 934 1057 ΟΣΙΟΥ
952 1029 1087 1057 ΠΑΤΡΟΣ
1107 1031 1203 1058 ΗΜΩΝ

430 1212 767 1256 ΕΠΙΣΚΟΠΟΥ
799 1213 908 1256 ΓΕΝ
911 1213 1069 1257 ΟΜΕΝ
1073 1214 1150 1257 ΟΥ
1185 1213 1550 1261 ΑΚΡΑΓΑΝΤοΣ

623 1369 764 1417 VITA
801 1369 877 1414 ΕΤ
913 1368 1333 1416 CONVERSATIO

922 1454 951 1483 S.
966 1455 996 1483 P.
1010 1455 1044 1482 N.

351 1538 719 1609 GREGORH,
767 1536 1091 1594 EPISCOPI
1137 1536 1614 1593 AGRIGENTINI

326 1637 431 1669 (Latine
442 1637 505 1669 apud
515 1637 614 1663 Surium
632 1637 663 1663 ad
678 1637 745 1662 diem
757 1637 788 1663 23
797 1636 957 1668 Novembris;
974 1637 1060 1663 Grace
1071 1642 1103 1662 ex
1116 1636 1186 1662 codd.
1197 1643 1256 1662 mss.
1269 1636 1331 1668 Reg.
1345 1636 1416 1667 1525,
1434 1636 1495 1662 1549
1507 1639 1533 1662 et
1546 1636 1627 1669 ιδδι.)

201 1784 239 1810 Λ’.
253 1781 403 1809 Κάλλιστὸν
423 1789 448 1807 τι
464 1780 560 1815 χρῆμα
579 1780 595 1814 ἡ
615 1780 711 1815 ἁρετὴ,
730 1779 777 1807 καὶ
795 1779 873 1812 δόξαν
889 1781 950 1816 ὅσην

1004 1782 1061 1828 TI.
1079 1782 1266 1810 Pulcherrima
1279 1789 1323 1808 res
1336 1785 1378 1808 est
1392 1781 1489 1812 virtus,
1503 1788 1564 1816 quae
1577 1781 1722 1809 maximam
1733 1783 1794 1818 glo-

166 1828 316 1863 ὲγκόσμιὸν
331 1835 361 1853 τε
377 1827 424 1855 καὶ
439 1827 624 1861 ὑπερκόσμιον
637 1826 806 1861 προξενοῦσα
821 1828 876 1858 τοῖς
891 1826 954 1862 ἐρα-

167 1875 254 1905 σταῖς.
271 1873 338 1900 Οὐδὲ
354 1873 409 1907 γὰρ
427 1873 456 1899 ὲν
470 1872 510 1907 τῷ
531 1872 655 1906 μέλλοντι
670 1872 750 1907 μόνον
770 1873 819 1904 τὰς
835 1873 954 1907 ἀμοιϐὰς

165 1921 339 1951 ἀποδίδωσιν.
367 1920 437 1946 ἀλλά
456 1928 488 1953 γε
511 1919 560 1946 καὶ
582 1920 653 1946 κατὰ
673 1919 719 1946 τὸν
742 1920 864 1953 παρόντα
897 1919 954 1954 βίον

167 1967 230 1998 τοὺς
257 1967 399 2001 μετιόντας
418 1966 578 2000 περιφανιϊς
599 1966 755 1999 ἐργάζεται.
777 1965 887 2000 Ταύτην
907 1964 955 1992 οὖν

165 2012 214 2038 καὶ
229 2011 379 2046 Γρηγόριος
394 2011 409 2036 ὁ
427 2011 514 2037 πάντα
532 2010 621 2041 καλῶς
634 2011 674 2041 εἰς
686 2011 770 2043 ἄκρον
784 2011 907 2045 ἀσκήσας
924 2009 954 2036 οὗ

165 2057 338 2092 κληρονόμος
370 2057 451 2090 μόνον
482 2056 532 2090 τῆς
560 2057 680 2090 ἀλήκτου
705 2056 788 2091 ζωῆς,
817 2057 887 2082 ὁ).λά
907 2056 955 2082 καὶ

166 2102 270 2137 περιὼν
285 2101 326 2128 ἔτι
340 2101 381 2136 τῷ
397 2102 446 2136 βίῳ
460 2101 618 2135 Θαυμαςηὸς
644 2101 762 2135 κατέστη
779 2101 825 2127 καὶ
840 2101 954 2137 περιεό-

165 2156 241 2182 ητος,
254 2147 284 2175 ὃν
300 2149 326 2174 εἰ
341 2147 462 2174 Σικελῶν
477 2146 526 2181 μιν
539 2146 690 2181 ἐϐλάστησε
706 2148 752 2181 γῇ,
769 2147 887 2173 Σικελῶν
901 2147 954 2182 γὰρ

166 2194 182 2227 ἡ
204 2193 435 2229 Ἀκραγαντίνων,
453 2192 491 2223 ὡς
514 2192 614 2223 πάντες
637 2193 722 2223 ῐσασι,
749 2193 820 2219 Σιὼν
841 2194 868 2219 δὲ
887 2195 953 2228 ἁγία

167 2239 273 2266 ἐκεῖθεν
302 2239 489 2273 ἐκδεξαμένη,
517 2238 645 2272 καθάπερ
675 2247 701 2265 τι
735 2239 819 2271 eum
845 2239 954 2273 εὖτενὲς

167 2284 303 2319 septem
320 2292 349 2310 τε
371 2285 418 2310 καὶ
437 2283 470 2310 τὰ
499 2283 631 2310 κάλλιστα
650 2283 823 2317 ὲκδιδὰξασα,
847 2286 879 2319 τῇ
901 2293 954 2311 πα-

165 2331 236 2365 τρίδι
253 2331 334 2358 πάλιν
347 2329 505 2364 περιφανῶς
532 2329 705 2355 ἀποδίδωσιν.
737 2329 814 2362 Ἐμοὶ
839 2330 888 2363 μὲν
907 2330 953 2357 οὖν

164 2377 273 2412 ἣδιστόν
293 2386 318 2403 τι
354 2377 472 2412 πρᾶγμα
497 2375 571 2402 δοκεῖ
590 2376 638 2402 καὶ
669 2375 788 2410 σπουδῆς
812 2375 886 2407 ἄξιον
908 2377 953 2403 τδν

165 2422 249 2448 αὑτοῖν
267 2422 449 2457 βίον-ἄνωθεν
475 2420 688 2456 ἀναγράψασθαι
712 2422 759 2446 καὶ
784 2421 840 2452 τοῖς
857 2421 953 2448 ἔπειτα

1008 1827 1086 1860 riam,
1104 1833 1132 1855 et
1151 1828 1314 1855 altissimqu
1337 1831 1451 1854 ornatus
1473 1827 1614 1854 cumulum
1629 1827 1671 1855 sui
1689 1835 1794 1856 amato-

1008 1875 1085 1901 ribus
1100 1874 1190 1901 allert.
1210 1873 1238 1901 Si
1255 1873 1367 1908 quidem
1383 1880 1438 1899 non
1451 1872 1511 1899 illos
1525 1873 1612 1900 solum
1635 1877 1698 1907 post
1719 1881 1795 1901 mor-

1008 1923 1061 1947 tem
1077 1923 1279 1952 remuneratur,
1306 1918 1353 1946 sed
1368 1919 1446 1946 vivos
1461 1923 1546 1953 utque
1563 1925 1714 1954 praesentes
1731 1920 1794 1947 illu-

1008 1970 1078 1992 stres
1094 1964 1190 1992 efﬁcit.
1203 1964 1277 1991 Hanc
1291 1971 1353 1991 cum
1371 1963 1520 1998 Gregorius
1533 1964 1661 1991 omnibus
1672 1964 1698 1991 in
1711 1965 1795 1993 rebus

1008 2010 1116 2044 egregie
1133 2009 1166 2035 ad
1190 2016 1344 2036 extremum
1371 2018 1457 2045 usque
1478 2015 1587 2045 tempus
1612 2011 1793 2041 exercuisset,

1009 2060 1063 2080 non
1076 2054 1164 2080 solum
1181 2053 1270 2080 hmres
1289 2055 1352 2081 vita:
1367 2059 1508 2090 perpetuze
1523 2059 1564 2082 est
1580 2056 1732 2087 institutus,
1746 2057 1794 2084 sed

1009 2107 1071 2128 cum
1087 2099 1179 2127 adhuc
1190 2099 1274 2127 etiam
1294 2100 1410 2131 viveret,
1426 2101 1614 2128 admirabilem
1631 2108 1660 2128 se
1678 2109 1709 2128 ac
1724 2102 1795 2129 cele-

1009 2146 1087 2174 brem
1115 2146 1253 2181 pra-stitit.
1275 2146 1367 2173 Sicilia
1388 2146 1500 2181 quidem
1525 2146 1672 2174 oriundus.
1695 2146 1795 2175 Siculis

1007 2193 1079 2226 enim
1097 2192 1207 2224 ﬁnibus,
1222 2197 1249 2219 ut
1262 2200 1358 2219 omnes
1380 2196 1495 2223 norunt,
1511 2192 1686 2226 Agrigentum
1708 2193 1795 2219 conli-

1008 2241 1089 2264 netur
1101 2245 1109 2267 ς
1124 2242 1252 2264 cmternm
1266 2245 1328 2264 cum
1343 2241 1437 2264 saneta
1451 2236 1527 2263 illum
1543 2236 1607 2263 Sion
1618 2236 1794 2271 suscepisset,

1008 2292 1041 2311 ac
1056 2284 1095 2311 uti
1113 2285 1233 2319 plantam
1246 2283 1392 2318 quamdam
1414 2283 1538 2318 apprime
1554 2283 1673 2310 nobilem
1686 2284 1794 2312 enutri-

1008 2334 1077 2362 tnm,
1091 2330 1270 2357 disertissime
1294 2330 1478 2362 erudivisset,
1508 2329 1603 2364 patria:
1620 2337 1715 2357 rursus
1728 2337 1798 2357 con-

1007 2376 1132 2410 spit'uum
1155 2376 1283 2403 reddidit.
1301 2375 1334 2402 Et
1351 2375 1463 2411 quidem
1479 2375 1710 2410 iucundissimum
1725 2376 1795 2403 mihi

1007 2431 1038 2449 ac
1057 2421 1216 2449 aestimabile
1231 2421 1309 2448 valde
1332 2421 1452 2454 videtur,
1471 2423 1530 2456 ejus
1546 2421 1628 2448 vitam
1644 2421 1728 2449 altius
1746 2429 1791 2449 re-

165 2467 250 2493 καλοῦ
267 2467 370 2496 παντὸς
386 2466 483 2493 θέσθαι
511 2467 687 2501 παράδειγμα
708 2467 755 2493 καὶ
776 2467 928 2501 ἀρχέτυπον
940 2474 949 2484 ο

1004 2468 1114 2502 petitam
1130 2467 1295 2499 describere,
1307 2471 1335 2494 et
1347 2471 1476 2502 tanquam
1490 2467 1627 2501 specimen
1642 2467 1795 2501 quoddam,

166 2514 233 2547 ὑμῖν
247 2513 276 2539 δὲ
290 2510 338 2539 οἶδ’
351 2513 392 2538 ’ότι
408 2512 454 2538 καὶ
471 2513 565 2543 αὐτοῖς
583 2513 618 2539 τὰ
633 2513 704 2539 καλὰ
717 2513 764 2539 καὶ
781 2512 890 2539 ἀκούειν
905 2513 951 2539 καὶ

162 2558 266 2593 ζηλοῦν
290 2557 460 2593 βουλομέναις
488 2558 614 2584 εὐκταῖον
628 2559 658 2584 τδ
677 2560 793 2593 πρᾶγμα
815 2560 949 2593 φανεῖται,

160 2606 214 2631 καὶ
228 2603 287 2638 μεθ’
301 2603 398 2638 ἡδονῆς
410 2603 479 2636 ἄγαν
489 2603 537 2634 τὰς
550 2604 635 2635 ἀκοὰς
649 2603 830 2639 εἰσδυόμενον.
851 2605 952 2640 Ἀρχὴν

158 2651 256 2677 τοίνυν
269 2650 316 2676 τοῦ
333 2650 412 2683 λόγου
430 2649 530 2684 ταύτην
551 2649 652 2682 Θετέον,
673 2650 706 2685 ἢν
721 2650 753 2685 δὴ
768 2651 890 2681 κάκεῖνος
904 2650 951 2676 τοῦ

157 2697 225 2732 βίον
243 2696 322 2731 ἔσχεν
338 2696 434 2730 ἀρχήν.

201 2788 239 2813 ιιι.
267 2787 356 2821 Κώμη
381 2795 422 2818 τις
447 2786 545 2822 ἤνεγκε
561 2785 607 2812 τὸν
625 2786 768 2820 μακάριον,
787 2786 804 2821 ἡ
827 2786 951 2821 Πραιτώ-

156 2841 213 2869 ρια
231 2833 278 2866 μὲν
299 2832 432 2864 καλεῖται,
466 2831 580 2865 ἔγγιστα
608 2832 635 2857 δὲ
658 2832 746 2858 κεῖται
772 2833 822 2866 τῆς
853 2833 950 2867 Ἄκρα-

152 2878 298 2915 γαντίνων
331 2879 443 2910 πόλεως,
475 2877 503 2904 τὸ
535 2878 664 2914 πρότερον
696 2878 723 2904 δὲ
749 2879 854 2913 ἀφανὴς
885 2879 951 2905 οὖσα

1003 2518 1030 2540 et
1046 2512 1136 2539 omnis
1156 2513 1265 2539 virtutis
1287 2513 1436 2548 exemplar,
1462 2511 1616 2540 litterarum
1632 2520 1793 2539 monumen~

1006 2559 1041 2586 tis
1059 2558 1176 2594 posteris
1203 2558 1363 2593 consignare
1386 2567 1394 2586 :
1419 2558 1497 2586 vobis
1526 2566 1612 2591 vero,
1636 2558 1794 2593 quibustam

1005 2604 1147 2640 splendida
1157 2604 1328 2633 audirelibet
1338 2612 1369 2631 ac
1381 2604 1493 2637 imitari,
1506 2611 1549 2631 res
1561 2603 1656 2631 isthaec
1663 2603 1794 2638 optabilis

1004 2657 1074 2680 esse.
1087 2654 1245 2683 vestrasque
1258 2648 1359 2683 ingenti
1374 2656 1437 2675 cum
1449 2648 1588 2683 voluptate
1603 2655 1684 2676 aures
1699 2648 1794 2675 subire

1005 2695 1095 2723 debet.
1108 2695 1184 2730 Quod
1204 2696 1286 2731 igitur
1299 2695 1343 2722 ille
1360 2694 1421 2721 vita:
1433 2693 1596 2728 principium
1618 2693 1722 2726 habuit,
1741 2694 1792 2722 hoc

1004 2743 1092 2777 ipsmn
1109 2746 1207 2769 nostra:
1219 2741 1352 2768 orationis
1364 2739 1505 2767 exordium
1518 2740 1691 2767 statuendum
1710 2745 1761 2767 est.

1044 2788 1074 2814 ll.
1094 2788 1174 2814 Vicus
1194 2787 1324 2822 quidam,
1342 2787 1387 2820 qui
1407 2786 1535 2813 Prattoria
1548 2787 1658 2814 nomine
1680 2786 1794 2816 dicitur,

1006 2834 1152 2868 Agrigento
1175 2833 1279 2860 cititati
1299 2833 1457 2867 proximus,
1479 2837 1603 2861 sanctum
1620 2832 1710 2858 virum
1732 2832 1791 2858 edi-

1008 2879 1058 2905 dit.
1090 2878 1168 2905 Prius
1199 2878 1310 2913 quidem
1339 2878 1383 2905 ille
1408 2878 1543 2906 obscurus
1561 2883 1589 2905 et
1614 2878 1791 2913 incognitus:
