2077 3148
175 167 226 199 ll3

651 166 739 197 ΗΤΑ
762 167 793 196 S.
810 165 1003 196 GREGORII
1025 167 1297 198 AGRIGENTINI.

1745 173 1796 205 ιιι

173 222 358 257 προκειμένου
379 222 424 248 καὶ
439 222 478 253 είς
498 221 585 256 πέρα;
605 221 720 254 ἀγαγεῖν
740 221 790 252 τὴν
815 220 963 256 ἐπιθυμίαν

1015 220 1068 248 sito
1082 221 1222 252 liberaret.
1234 227 1261 248 et
1274 222 1306 249 ad
1325 224 1428 251 exitum
1444 230 1535 259 optata
1551 226 1724 261 perduceret,
1738 236 1796 263 pre-

172 269 226 304 πρὸ
241 269 290 303 τῆς
305 268 352 294 τοῦ
369 268 487 295 Δονὰτου
507 268 601 302 κλίνης
617 269 649 302 τῇ
664 269 700 301 γῇ
719 267 961 302 προκατακλιοεὶς,

171 315 210 349 τῷ
227 314 302 350 ὕπνῳ
327 313 424 340 ἑαυτὸν
455 313 558 340 δίδωσι.
586 313 733 346 Παραστὰς
758 313 786 339 δέ
811 321 853 344 τις
875 312 961 346 αὐτῷ,

169 360 316 395 Γρηγόριε,
340 359 423 393 λέγει.
444 358 472 385 ὐ
484 358 511 384 δὲ
527 357 619 389 εὐθὺς,
639 358 703 384 Ἰδοὺ
718 357 782 392 ἐγὼ,
807 357 896 392 κύριε,
914 357 962 384 καὶ

172 406 236 437 στὰς
249 405 296 432 τοῦ
310 405 499 441 ἁρχιδιακόνου
520 404 698 438 ἐπίπροσθεν,
711 403 743 430 Τί
764 411 797 438 μι
812 403 960 437 κέκληκας,

171 449 234 484 ἔφη,
256 448 352 483 κύριε;
370 448 425 475 Καὶ
459 447 549 481 αὐτὸς,
578 448 616 473 Οὐ
643 447 766 482 κέκληκα
790 456 830 480 σε,
855 449 961 481 τέκνον,

173 495 267 529 φησιν.
285 494 368 525 Αὖθις
391 492 438 520 οὖν
463 493 652 527 ὑποστρέψας,
674 495 706 528 τῇ
727 495 858 528 στρωμνῇ
882 502 962 520 κατε-

172 540 289 567 κλίνετο.
309 538 376 566 Εἱτα
391 539 474 566 πάλιν
485 540 499 565 ό
510 538 601 565 καλῶν
617 539 647 565 τὸ
662 539 789 574 δεύτερον
803 541 959 573 παραστὰς,

172 585 319 621 Γρηγόριε,
332 585 395 620 ἔφη.
415 585 443 612 '0
461 585 489 611 δὲ
505 586 553 612 καὶ
566 584 645 616 αὖθις
655 586 834 620 ἀναπηδήσας
847 585 960 619 σπουδῇ,

173 633 225 667 πρὸ
237 633 286 668 τῆς
304 632 398 668 κλίνης
416 632 524 659 ἵσταται
541 631 589 658 τοῦ
607 631 810 666 ἀρχιδιακόνου,
829 632 876 658 καὶ
895 632 961 658 Ἰδοὺ

172 678 239 712 ἐγὼ,
269 679 348 714 κύριε
366 686 373 694 σ
388 678 564 713 τίκέκ).η›ιάς
580 687 625 713 με,
644 677 737 713 φησιν.
759 677 790 703 Ὀ
804 677 962 712 ἁρχιόιάκο-

173 733 216 756 νος
239 723 285 751 οὖν
308 725 355 751 ἐπὶ
379 725 419 759 τῷ
447 724 593 759 πράγματι
609 723 813 759 διαταραχθεὶς,
835 720 895 750 εἶτα
915 724 963 749 καὶ

171 771 222 805 τὴν
239 771 335 806 κλῆσιν
359 771 464 798 ἄνωθεν
486 768 557 796 εἶναι
573 770 611 805 μὴ
633 770 781 804 ἀγνοήσας,
808 769 879 803 Ἐγὼ
900 769 959 804 μὲν,

170 816 266 851 εἴρηκε
288 817 357 851 πρὸς
385 816 478 849 αὑτὸν,
500 816 561 842 οὐδὲ
583 815 630 841 νῦν
650 815 774 848 κέκληκὰ
795 822 835 845 σε,
857 815 961 848 τέκνον,

171 863 240 898 πλὴν
255 862 314 889 ἀλλ’
325 863 348 889 εί
363 860 442 894 αὖθις
461 861 532 888 οὕτω
546 861 685 896 κληθείης,
705 860 852 895 ἀπόκριναι
865 860 900 894 τῷ
913 869 962 887 κα-

170 909 260 935 λοῦντι
286 917 326 940 σε,
354 909 386 935 Τί
407 910 478 940 ἐστι,
502 909 600 943 Κύριε,
624 907 651 933 τί
672 906 851 942 προστάττεις
870 906 909 941 τῷ
923 906 962 941 σῷ

170 954 264 990 οἰκέτῃ
282 963 290 988 ;
310 955 358 987 Ὠς
371 954 418 981 οὖν
437 956 485 982 καὶ
501 955 592 990 τρίτον
608 954 622 980 ὸ
634 954 723 981 καλῶν
735 954 837 988 ἐπέστη
851 962 964 988 προφω-

171 1000 223 1026 νῶν
237 1002 266 1027 το
285 1001 430 1036 Γρηγόριε,
447 1001 627 1036 ἀποκρίνεται
642 999 719 1031 οὗτος
740 999 834 1034 ὥσπερ
848 1000 901 1034 ἄρα
916 1000 963 1026 καὶ

171 1046 305 1081 διδαχθεὶς
321 1047 425 1082 ἔτυχεν.
443 1047 531 1078 Εὐθὺς
553 1047 581 1073 δὲ
596 1048 609 1073 ὁ
627 1046 728 1078 καλῶν,
747 1046 860 1080 ἄγγελος
875 1046 904 1072 δὲ
915 1045 962 1072 τοῦ

173 1092 239 1118 Θεοῦ
258 1090 291 1127 ἦν
307 1088 396 1124 οὗτος,
415 1092 567 1119 Ἥκουσταί
588 1100 646 1124 σου,
665 1091 730 1126 ἔφη.
747 1093 764 1126 ἡ
787 1092 891 1126 δέησις.
918 1092 964 1117 Δεῖ

174 1136 220 1164 οὖν
245 1147 273 1164 σε
297 1139 326 1164 τ)
342 1138 424 1172 τάχος
441 1138 518 1174 παρᾶ
532 1138 577 1165 τὸν
601 1137 726 1171 αἰγιαλὸν
751 1138 892 1172 γενέσθαι,
915 1138 964 1164 καὶ

176 1184 245 1219 πρὸς
262 1183 325 1214 τοὺς
342 1183 438 1217 ἁγίους
452 1184 553 1213 τόπους
575 1184 633 1214 τοῖς
655 1182 808 1214 ἀπάξουσιν
829 1183 962 1216 ἐντυχεῖν.

210 1234 245 1257 Δ’.
269 1230 329 1256 Ἐπὶ
356 1229 462 1260 τούτοις
482 1229 496 1255 ό
520 1228 672 1263 Γρηγόριος
700 1229 902 1263 εὐχαριστήσας
924 1228 963 1263 τῷ

175 1275 235 1311 Θεῷ
249 1276 296 1302 καὶ
312 1274 353 1306 οἷς
370 1275 489 1310 ἡκουσεν
513 1273 680 1308 εὑπειθήσας
710 1273 810 1305 ἔξεισιν
824 1273 864 1299 ἔτι
881 1281 962 1299 κατε-

173 1324 287 1357 χόμενον
315 1321 394 1356 ὕπνῳ
424 1319 585 1347 καταλιπὼν
616 1319 661 1345 τὸν
685 1318 888 1354 ἀρχιδιάκονον,
915 1319 962 1345 καὶ

174 1367 259 1402 πλοίῳ
285 1364 452 1401 περιτυχὼν,
472 1363 566 1398 ἠρώτα
590 1364 655 1389 ποτε
677 1364 725 1389 καὶ
746 1363 814 1389 ὃπου
839 1363 962 1399 μέλλοιεν

172 1413 218 1439 τὸν
246 1413 384 1439 ἀπόπλουν
411 1412 511 1438 ποιεῖν.
537 1409 614 1436 Ἐπεὶ
648 1409 677 1435 δὲ
705 1409 822 1445 ἡκουσεν
845 1409 882 1439 ὼς
909 1409 961 1443 ἠδη

174 1459 252 1485 πλεῖν
275 1458 325 1493 μέν
341 1458 412 1485 εἰσιν
432 1457 588 1492 εὐτρεπεῖς,
611 1455 651 1486 εις
670 1455 850 1491 Καρθαγέναν
865 1455 893 1481 δὲ
915 1455 961 1481 τὸν

174 1505 314 1532 ἀπόπλουν
330 1504 468 1531 ποιεῖσθαι
484 1503 634 1538 βούλοιντο,
654 1501 797 1536 σύμπλουν
817 1502 864 1528 καὶ
881 1502 962 1528 αὐτὸν

173 1550 250 1585 ἠξίου
265 1550 443 1585 παραλαϐεῖν.
461 1549 490 1576 '0
501 1549 548 1575 τοῦ
560 1548 653 1575 πλείου
668 1548 758 1574 τοίνυν
772 1546 960 1582 προεστηκὼς,

175 1596 233 1632 ἅμα
256 1596 305 1631 μὲν
336 1596 367 1622 τὸ
394 1594 671 1629 κατεσπουδασμένον
699 1593 781 1620 αὐτοῦ
806 1593 855 1626 τῆς
873 1593 962 1628 ὁρμῆς

175 1642 361 1673 ὑποπτεύσας,
377 1641 436 1675 ἅμα
451 1641 479 1667 δὲ
498 1641 547 1667 καὶ
562 1641 629 1674 πρὸς
641 1640 673 1666 τὸ
691 1639 820 1666 ταπεινὸν
832 1639 879 1665 τοῦ
897 1639 962 1672 σχή-

178 1694 261 1720 ματος
279 1685 396 1718 ἀπιδὼν,
415 1685 461 1721 Μή
487 1685 512 1711 τι
528 1693 559 1719 γε
579 1685 632 1720 ἄρα
647 1684 738 1715 δοῦλός
753 1692 783 1710 τι
800 1681 835 1716 εἴ,
854 1683 902 1710 καὶ
917 1684 962 1709 τὸν

178 1732 319 1766 Δεσπότην
337 1731 549 1766 ἀποδιδράσκεις
563 1731 608 1757 τὸν
625 1730 722 1757 ἑαυτοῦ
737 1738 744 1762 ;
763 1730 855 1765 ἤρετο.
877 1729 919 1760 Ὠς
934 1728 963 1754 δὲ

177 1779 279 1810 ἐκεῖνος
302 1779 421 1813 Χριστοῦ
438 1778 487 1813 μὲν
499 1778 592 1809 δοῦλος
607 1775 676 1804 εἶναι
695 1777 799 1810 ἔλεγεν,
817 1775 962 1810 ἀνθρώπου

176 1826 204 1852 δὲ
221 1825 339 1858 οὐδενὸς,
360 1824 545 1859 ὲμόᾗναιιμὲν
556 1825 596 1856 εις
610 1824 640 1850 τὸ
657 1823 747 1850 πλοῖον
761 1823 875 1857 ἐφῆκεν,
889 1821 964 1848 οὐδὲν

175 1871 204 1899 δὲ
234 1871 425 1906 φιλάνθρωπον
449 1869 509 1896 οὐδὲ
535 1869 638 1896 δίκαιον
663 1868 709 1895 ἐπ’
739 1867 815 1904 αὐτῷ
852 1867 964 1902 δράσειν

176 1917 299 1950 ἐσκόπει,
317 1916 465 1943 ἀποδόσθαι
496 1914 590 1942 τοῦτον
614 1915 653 1946 εἰς
679 1913 803 1941 δουλείαν
818 1912 964 1948 ἀπανθρώ-

179 1973 237 1996 τ.ως
257 1963 457 1998 διανοούμενος.
482 1963 513 1989 'H
531 1965 579 1998 μὲν
596 1961 642 1989 οὖν
658 1961 735 1993 ναῦς,
756 1961 881 1995 ὲπιςρόρῳ
898 1967 965 1994 χρη-

179 2009 284 2045 σαμένη
301 2008 341 2043 τῷ
356 2007 503 2043 πνεύματι,
520 2009 550 2033 ιν
573 2007 664 2042 τρισὶν
681 2006 797 2041 ἡμέραις
822 2005 870 2040 τὴν
890 2006 965 2037 Καρ-

179 2055 297 2090 θαγέναν
321 2054 500 2090 κατειλήφει·
526 2054 540 2079 ὀ
560 2052 590 2079 δὲ
614 2052 647 2087 δὴ
672 2052 825 2086 ναύκληρος
851 2051 965 2082 ἐκεῖνος,

180 2101 299 2138 συνεχῶς
320 2110 336 2128 τ
351 2111 365 2127 ν
382 2101 465 2127 παῖδα
481 2098 660 2135 παρατηρῶν,
682 2098 724 2124 ὅτι
747 2097 913 2132 προσευχαῖς
935 2104 966 2122 τε

179 2149 227 2176 καὶ
250 2147 414 2183 ἀγρυπνίαις
438 2145 501 2181 παρ’
518 2146 582 2180 ὅλην
598 2145 682 2171 νύκτα
700 2143 899 2179 προσκείμενος
919 2140 965 2178 ἦν,

179 2195 272 2231 ἠρέμα
281 2193 328 2221 τοῦ
339 2194 414 2225 ὄντος
427 2193 542 2226 ἐγίνετο,
559 2191 607 2217 καὶ
620 2191 724 2216 ἔννοιαν
737 2189 800 2224 περὶ
817 2188 901 2215 αὑτοῦ
917 2189 966 2223 τὴν

179 2241 373 2276 προσήκουσαν
394 2239 466 2266 κατὰ
492 2238 591 2273 μικρὸν
613 2236 769 2271 ὑπεδέχετο,
790 2235 827 2266 ὼς
846 2235 900 2270 ἄρα
916 2235 967 2262 οὐκ

178 2288 328 2324 ἀνθρώπων
345 2286 430 2318 τινος,
445 2285 502 2312 ἀλλ’
521 2285 550 2311 ὲν
564 2285 621 2315 τοῖς
637 2283 754 2318 πρώτοις
769 2281 886 2316 μάλιστα
909 2281 964 2307 τῶν

179 2334 224 2362 τοῦ
240 2335 307 2361 Θεοῦ
319 2333 421 2360 δούλων
436 2331 520 2358 ἐστιν.
537 2329 620 2357 Ὅθεν
631 2329 704 2364 λύπη
717 2337 745 2355 τε
767 2329 849 2354 αὐτὸν
870 2328 968 2362 ισχυρὰ

180 2381 228 2408 καὶ
241 2380 314 2415 δεινὴ
332 2377 501 2414 μεταμέλεια
519 2377 567 2404 ἐπὶ
584 2377 639 2406 τοῖς
661 2373 844 2411 προλαϐοῦσιν
869 2373 966 2408 εἰσῄει,

181 2427 228 2454 καὶ
241 2426 355 2461 δάκρυσι
375 2425 507 2455 τοιούτοις
523 2423 679 2458 φαρμάκοις
695 2421 744 2457 τὴν
763 2420 856 2447 ἁδιιιον
873 2419 968 2454 ὥσπερ

182 2472 329 2508 ἐνθύμησιν
343 2472 392 2504 τῆς
406 2471 493 2506 ψυχῆς
507 2469 665 2502 ὲξιάσασθαι
677 2468 851 2504 βουλόμενος.

218 2519 255 2545 Ε’.
280 2516 355 2544 Ἐπεὶ
378 2517 407 2544 δὲ
428 2517 475 2543 καὶ
489 2517 669 2551 ὁρμισάμενοι
692 2515 742 2548 τῆς
768 2514 873 2544 πόλεως
896 2512 969 2539 ἔνδον

181 2563 337 2598 γεγόνασιν,
355 2562 369 2587 ὁ
394 2561 547 2596 ναύκληρος
571 2561 611 2591 εις
631 2560 667 2586 τὰ
690 2559 789 2585 ἑαυτοῦ
807 2558 903 2590 ξενίζει
922 2558 968 2583 τὸν

183 2609 276 2640 παῖδα,
293 2609 339 2635 καὶ
354 2606 492 2642 ἰδιαζούσῃ
502 2606 595 2633 τοῦτον
609 2606 684 2641 οἰκίᾳ
700 2605 841 2640 σχολάζειν
858 2604 967 2630 δίδωσι·

183 2658 230 2684 καὶ
242 2657 274 2690 δὴ
286 2656 332 2682 καὶ
343 2655 390 2681 τὸν
406 2654 506 2680 ἄτοπον
517 2653 590 2687 αὐτῷ
605 2653 732 2687 λογισμὸν
748 2651 904 2686 ἐκκαλύψας
927 2650 968 2685 (οὑ

183 2705 239 2739 γὰρ
249 2703 332 2737 ανὴκε
352 2703 468 2736 πλῆττον
484 2700 514 2726 τὸ
531 2699 651 2730 συνειδὸς
669 2699 714 2725 διὰ
735 2698 784 2733 τὴν
797 2698 844 2724 τοῦ
860 2700 928 2733 πρὶς
939 2697 969 2723 ὃν

183 2752 341 2787 ἡμάρτανεν
356 2749 511 2784 ᾁγιὸτητα),
532 2747 617 2773 ἐδεῖτο
634 2747 680 2772 καὶ
708 2745 873 2780 συγγνώμης
889 2745 970 2777 ἀξιω-

183 2799 274 2833 θῆναι,
300 2796 334 2832 ἦς
361 2796 393 2831 δὴ
420 2795 467 2822 καὶ
488 2794 618 2829 τυγχάνει
635 2792 711 2827 παρὰ
734 2793 783 2827 τῆς
810 2791 969 2827 συμπαθοῦς

183 2845 292 2878 ἐκείνης
309 2844 356 2870 καὶ
378 2841 571 2878 φιλανθρώπου
585 2839 684 2874 ψυχῆς.
705 2839 761 2878 Καὶ
774 2839 789 2864 ὁ
804 2838 854 2873 μὲν
866 2838 967 2870 οὕτως·

181 2891 199 2919 ὁ
209 2890 239 2917 δᾶ.
253 2877 285 2926 δὴ
302 2889 449 2925 Γρηγόριος
462 2887 686 2922 ἐπικλεισάμενος
702 2877 797 2912 ἑαυτὸν
814 2886 841 2912 ἐν
890 2885 968 2920 οίκή-

1014 266 1092 293 cibus
1105 266 1309 294 obtestabatur:
1321 276 1354 296 ac
1367 277 1428 296 mox
1441 270 1516 298 humi
1531 280 1616 307 prope
1632 282 1646 300 a
1663 275 1735 301 lecto
1750 274 1802 301 Do-

1014 312 1069 338 nati
1085 313 1277 346 procumbens,
1291 321 1390 341 somno
1406 322 1435 342 se
1453 316 1537 344 dedit.
1554 318 1692 347 Assistens
1707 326 1799 348 autent

1013 358 1123 393 quidam
1151 359 1226 386 illutn
1254 361 1366 394 proprio
1384 363 1504 394 nomine,
1528 362 1653 398 Gregori,
1681 367 1801 400 appella-

1014 403 1064 430 vit.
1080 403 1105 430 Is
1113 412 1180 431 vero
1193 405 1338 432 confestim
1358 415 1365 434 :
1382 407 1452 434 Ecce
1463 415 1524 441 ego,
1540 408 1665 442 domine;
1682 417 1707 439 et
1724 419 1803 440 stans

1014 456 1107 476 coram
1118 451 1311 478 archidiacono
1323 461 1330 483 ;
1343 452 1412 485 Quid
1428 461 1470 480 me
1483 453 1608 489 (inquit),
1624 456 1745 490 domine,
1756 467 1802 486 vo-

1014 496 1104 523 casti?
1118 496 1168 524 Cui
1191 497 1236 524 ille
1259 507 1265 525 :
1282 498 1342 525 Non
1360 503 1396 530 te.
1419 500 1468 531 ait,
1491 501 1540 532 fili,
1558 503 1663 529 vocavi.
1678 504 1802 539 Cumque

1016 542 1062 569 ille
1078 551 1172 570 rursus
1185 544 1255 571 lecto
1269 549 1371 572 stratus
1384 546 1567 579 recumberet,
1583 555 1645 574 mox
1658 550 1704 583 qui
1723 558 1803 578 voca-

1014 592 1067 618 rat.
1084 589 1206 616 secundo
1225 590 1356 618 assistens
1374 599 1380 616 :
1399 590 1523 626 Gregori,
1545 593 1625 620 dixit.
1645 595 1679 621 At
1695 595 1739 622 ille
1753 595 1803 622 de-

1014 640 1069 659 nuo
1086 633 1248 662 festinanter
1265 636 1399 668 resiliens,
1417 637 1604 664 archidiaconi
1632 639 1702 666 lecto
1734 648 1803 674 prte-

1014 681 1056 704 sto
1070 677 1120 704 fuit
1135 686 1141 704 :
1156 678 1236 710 Ecce,
1255 679 1390 714 inquiens,
1406 688 1468 715 ego,
1478 681 1605 714 domine;
1622 683 1686 717 quid
1700 691 1743 710 me
1758 692 1804 711 vo-

1014 725 1101 752 casti?
1115 725 1298 758 Quamobrem
1311 727 1522 755 archidiaconus
1548 729 1600 756 sub
1627 729 1685 756 haec
1697 737 1803 765 perter-

1015 771 1094 804 ritus,
1111 773 1282 800 vocationem
1301 773 1373 800 illam
1396 775 1505 802 coalitus
1526 775 1648 810 illapsam
1671 784 1801 804 essenon

1015 819 1155 854 ignorans,
1177 820 1216 847 sic
1234 820 1310 847 illum
1334 821 1431 847 affatur
1448 830 1455 848 :
1473 821 1565 856 Neque
1589 830 1655 850 sane
1672 832 1744 851 nunc
1764 830 1800 859 te,

1015 865 1062 896 fili,
1080 866 1185 893 vocavi.
1199 866 1374 893 Vcrumenim
1392 875 1501 894 rursum
1518 868 1540 895 si
1557 876 1667 901 vocere,
1688 878 1803 904 pert-nn-

1019 912 1086 939 tanti
1113 911 1280 946 respondeas
1307 913 1390 940 velim
1407 921 1414 940 :
1433 913 1504 946 Quid
1527 922 1570 941 tne
1593 915 1644 946 vis,
1669 915 1803 945 Domine?

1015 956 1080 991 quid
1098 957 1222 991 prmcipis
1239 965 1318 984 servo
1336 959 1403 984 tuo?
1424 959 1570 994 Postquam
1596 960 1680 994 igitur
1706 962 1800 992 tertio,

1013 1002 1138 1037 Gri-gori,
1156 1002 1292 1030 advocans
1315 1003 1456 1035 astitisset,
1489 1005 1533 1032 ille
1559 1006 1597 1032 uti
1615 1006 1730 1034 edoctus
1746 1007 1802 1034 fue-

1015 1047 1066 1078 rat,
1090 1047 1241 1080 respondit.
1267 1047 1352 1074 Porro
1371 1049 1462 1075 statim
1477 1050 1523 1083 qui
1547 1055 1657 1077 vocarat
1677 1052 1802 1086 (angellis

1014 1090 1088 1118 enim
1106 1091 1128 1117 is
1151 1091 1196 1118 Dei
1220 1091 1320 1126 fuerat)
1337 1092 1495 1120 :Exaudita
1515 1098 1567 1124 est,
1590 1094 1690 1128 inquit,
1706 1104 1802 1130 prcca-

1015 1135 1053 1162 tio
1068 1141 1124 1162 tua.
1137 1136 1270 1168 Quocirca
1285 1137 1318 1162 ad
1333 1137 1411 1164 littus
1434 1139 1569 1165 concedas
1583 1145 1702 1173 oportet,
1724 1147 1752 1168 ut
1767 1142 1802 1168 nd

1013 1181 1072 1208 loca
1086 1186 1179 1208 sancta
1195 1182 1373 1210 tendentibus
1390 1183 1488 1210 obvius
1502 1184 1560 1212 fias.

1048 1227 1092 1253 IV.
1112 1226 1140 1253 In
1169 1227 1212 1254 his
1242 1227 1390 1261 Gregorius
1414 1229 1470 1256 Deo
1492 1232 1594 1264 gratias
1619 1231 1687 1266 egit,
1718 1237 1802 1267 atque

1013 1273 1150 1307 ejusmodi
1172 1272 1262 1300 verbis
1280 1273 1361 1301 fidem
1378 1275 1492 1305 habens.
1508 1277 1660 1310 egreditur,
1675 1282 1701 1304 ct
1714 1279 1802 1305 archi-

1014 1318 1162 1345 diaconum
1190 1319 1306 1345 necdum
1328 1327 1425 1346 somno
1445 1321 1564 1347 solutum
1583 1323 1703 1357 reliquit,
1726 1325 1803 1350 navi-

1012 1364 1111 1399 gioquc
1125 1371 1285 1397 occurrens,
1305 1365 1377 1392 unde
1392 1366 1430 1392 illi
1448 1366 1567 1399 advecti,
1581 1373 1608 1394 et
1622 1376 1677 1403 quo
1692 1371 1803 1404 naviga-

1013 1411 1066 1437 turi
1081 1415 1184 1443 essent,
1199 1411 1421 1444 percontabatur.
1441 1413 1475 1439 At
1499 1413 1545 1440 ubi
1571 1415 1738 1449 navigationi
1754 1423 1801 1442 ac-

1011 1456 1117 1483 cinctos
1129 1456 1241 1491 quidem
1260 1457 1331 1487 illos.
1346 1464 1442 1484 verum
1461 1457 1654 1493 Carthaginem
1673 1468 1734 1487 esse
1751 1469 1800 1487 tta-

1014 1502 1153 1537 vigaturos
1181 1503 1298 1535 audivit,
1322 1510 1385 1530 cum
1415 1503 1448 1530 iis
1477 1505 1581 1538 pariter
1596 1506 1799 1540 navigationem

1015 1548 1110 1575 subire
1137 1548 1269 1576 decrevit.
1298 1548 1388 1583 Atque
1418 1549 1497 1576 navis
1521 1551 1677 1584 pricfectus,
1708 1560 1798 1580 acrem

1013 1594 1075 1628 ejus
1091 1594 1272 1628 cupiditatem
1294 1598 1322 1620 et
1346 1594 1475 1621 affectum
1501 1601 1658 1630 suspectum
1683 1594 1797 1629 habens.

1013 1640 1150 1674 simulque
1166 1640 1199 1666 ad
1227 1640 1331 1667 humile
1348 1641 1503 1668 vestimenti
1520 1649 1605 1676 genus
1622 1643 1717 1670 oculos
1732 1645 1802 1679 adji-

1013 1686 1099 1718 ciens,
1115 1686 1284 1720 nunquiuam
1313 1686 1357 1720 ille
1378 1694 1475 1714 servus
1491 1693 1573 1719 esset,
1603 1688 1801 1724 dominumque

1014 1731 1151 1763 refugeret
1166 1739 1258 1764 suum,
1283 1732 1474 1767 interrogavit.
1507 1733 1533 1761 Is
1555 1741 1622 1761 vero
1647 1735 1748 1763 Christi
1771 1743 1801 1764 se

1014 1785 1124 1805 servum
1140 1778 1210 1805 dixit
1224 1786 1295 1811 esse,
1312 1786 1366 1806 non
1384 1779 1514 1807 hominis.
1534 1781 1669 1808 Ceterum
1687 1781 1801 1809 liberale

1013 1830 1061 1852 aut
1073 1825 1179 1861 justum
1207 1826 1234 1853 in
1262 1826 1351 1861 ipsum
1379 1825 1449 1853 nihil
1479 1826 1601 1859 molitus,
1619 1827 1747 1855 eumdem
1773 1829 1801 1854 in

1013 1873 1176 1900 servitutem
1199 1872 1308 1900 tradere
1331 1871 1546 1907 ﬂagitiosissimo
1561 1873 1701 1908 cogitavit.
1712 1874 1803 1908 Atque

1014 1919 1094 1946 navis
1117 1919 1229 1953 quidem
1256 1926 1389 1954 prospera
1415 1926 1464 1946 usa
1480 1919 1666 1954 navigatione,
1687 1919 1804 1946 Cartha-

1015 1965 1070 1999 gini
1102 1965 1194 1991 triduo
1208 1965 1319 1999 appulsa
1334 1969 1388 1992 est.
1407 1965 1541 1992 Nauclero
1561 1972 1626 1992 vero
1650 1965 1695 1991 ille
1709 1965 1804 1991 sedulo

1014 2009 1141 2044 juvenem
1159 2010 1308 2036 observans
1322 2009 1451 2044 precibus
1477 2016 1508 2036 ac
1528 2009 1628 2043 vigiliis
1649 2013 1733 2035 totam
1751 2017 1802 2035 no-

1016 2059 1088 2081 ctem
1120 2054 1272 2081 insomnem
1308 2054 1420 2086 ducere,
1448 2055 1591 2082 veritatem
1613 2054 1715 2080 sensim
1736 2054 1804 2080 edo-

1016 2105 1079 2128 ctus
1092 2104 1145 2133 est,
1172 2103 1256 2134 atque
1279 2100 1437 2135 opinionem
1464 2100 1498 2127 de
1520 2100 1568 2127 illo
1592 2104 1804 2126 consentaneam

1018 2146 1147 2181 paulatim
1161 2145 1250 2173 induit
1269 2154 1276 2173 :
1290 2145 1419 2172 nimirum
1441 2145 1564 2180 cujusvis
1579 2145 1721 2171 hominum
1746 2152 1805 2172 ser-

1017 2199 1081 2218 vum
1099 2199 1153 2219 non
1183 2199 1256 2223 esse.
1273 2192 1320 2219 sed
1336 2191 1408 2218 inter
1433 2191 1537 2227 primos
1556 2195 1637 2224 atque
1652 2190 1805 2225 praet-iptios

982 2237 1066 2275 ι)ῡεί
1097 2237 1239 2265 ministros
1261 2237 1475 2264 numerandnm.
1505 2235 1574 2263 Hinc
1604 2237 1680 2263 illum
1708 2236 1805 2271 ingens

1018 2284 1097 2311 dolor
1120 2283 1235 2318 accepit,
1259 2283 1374 2319 ejusque
1386 2283 1508 2310 animum
1542 2288 1714 2317 pra-sumpta:
1743 2283 1804 2317 opi-

1018 2330 1110 2357 nionis
1129 2330 1213 2357 subiit
1232 2329 1402 2364 paenitentia.
1419 2329 1559 2364 Lacrymis
1573 2329 1649 2359 item,
1663 2336 1694 2356 ac
1705 2329 1806 2356 amaris

1019 2376 1154 2412 ejusmodi
1179 2375 1308 2402 remediis
1325 2375 1414 2401 virum
1433 2380 1561 2402 sanctttm
1578 2374 1727 2409 propitium
1751 2374 1804 2401 sibi

1019 2421 1135 2449 reddere
1157 2421 1297 2452 studebat,
1312 2421 1419 2456 injusta:
1445 2421 1483 2448 illi
1498 2421 1575 2456 quasi
1589 2421 1715 2448 humanm
1729 2420 1806 2455 cogi-

1024 2468 1120 2494 tationi
1140 2467 1245 2494 mederi
1260 2466 1385 2501 cupiens.

1057 2513 1088 2540 V.
1103 2512 1200 2540 Postea
1213 2520 1290 2545 vero,
1309 2519 1390 2547 quam
1419 2512 1559 2540 civitatem
1587 2511 1702 2547 ingressi
1727 2516 1805 2544 sunt,

1019 2559 1165 2587 nauclerus
1187 2558 1308 2593 hospitio
1332 2559 1406 2586 domi
1424 2566 1479 2586 sua:
1496 2559 1625 2593 juvenem
1642 2558 1753 2592 excipit,
1769 2559 1807 2584 ei-

1019 2613 1073 2640 que
1086 2605 1257 2632 familiariter
1272 2612 1324 2639 pro
1338 2604 1454 2631 arbitrio
1471 2605 1554 2631 vitam
1570 2603 1667 2638 agendi
1691 2603 1806 2629 faculta-

1019 2656 1074 2678 tem
1089 2650 1221 2684 impertit.
1241 2649 1410 2684 Cumqueilli
1425 2648 1571 2675 absurdam
1585 2655 1651 2674 sane
1663 2647 1807 2682 cogitatio-

1019 2705 1081 2725 nem
1095 2698 1183 2732 palam
1200 2696 1308 2723 fecisset
1321 2696 1422 2730 (neque
1435 2695 1509 2722 enim
1526 2694 1651 2728 perculsa
1662 2695 1806 2721 conscien-

1020 2745 1068 2776 tia,
1085 2745 1144 2779 ejus
1157 2743 1253 2778 ipsius,
1269 2742 1296 2768 in
1308 2749 1390 2776 quem
1404 2740 1568 2773 offenderat,
1587 2747 1727 2775 permotus
1743 2747 1807 2767 san-

1019 2791 1125 2821 ctitate,
1142 2796 1224 2816 secus
1238 2787 1330 2814 facere
1343 2788 1474 2821 poterat),
1490 2786 1680 2813 obtestabatur
1694 2785 1747 2812 sibi
1760 2792 1807 2812 ve-

1019 2838 1093 2864 t.iam
1122 2835 1192 2863 dari.
1221 2841 1303 2869 quam
1326 2833 1361 2860 ab
1384 2833 1477 2860 animo
1502 2832 1550 2859 illo
1577 2831 1707 2866 benigno,
1726 2835 1754 2858 et
1770 2831 1804 2857 ad

1021 2882 1219 2920 promerendos
1241 2880 1365 2908 homines
1383 2883 1446 2906 nato
1462 2878 1543 2907 facile
1564 2879 1750 2913 consequitur.
1766 2880 1806 2904 Ite
