2077 3148
156 191 208 224 201

629 186 719 217 VITA
741 185 770 214 S.
797 182 988 213 GREGORII
1010 182 1279 216 AGRIGENTINI.

1718 181 1772 213 202

155 246 253 277 ἄλλους
264 244 318 271 τῶν
330 243 410 279 ἱερῶν
427 241 574 278 περιῆλθον
591 241 691 271 τόπους
708 240 754 266 καὶ
767 238 938 274 προσεκύνη-

990 238 1090 272 locum,
1107 239 1153 266 ubi
1166 239 1290 268 Christus
1306 248 1319 267 a
1334 245 1420 268 morte
1433 240 1582 268 suscitatus
1596 244 1648 273 est,
1662 239 1765 268 introis

157 299 218 322 σαν,
242 289 424 325 ἠγαλλιάσατο
450 287 499 323 τὴν
526 286 616 321 ψυχὴν
637 287 651 312 ὁ
681 286 751 316 θεῖος
777 284 936 320 Γρηγόριος.

156 337 263 372 πλήρης
276 343 306 361 τε
320 334 460 368 θαύματος
473 333 592 368 κατέστη
609 332 656 359 καὶ
677 331 774 366 ἡδονῆς
804 330 853 365 τὴν
875 330 939 363 περὶ

155 383 217 414 τοὺς
234 382 334 416 ὔμνους
349 381 397 407 καὶ
415 380 464 411 τὰς
485 379 559 410 θείας
574 378 644 413 ᾠδὰς
663 377 717 404 τῶν
745 377 835 402 ἐκεῖσε
855 375 939 402 κατά-

157 435 254 453 στασιν
271 425 454 459 θεασάμενος,
467 424 515 450 καὶ
531 423 608 449 οὐδὲν
633 421 756 456 ἀγγέλων
781 421 940 455 ἁπᾴδουσαν

155 470 224 498 εἶναι
241 471 366 506 νομίσας.
383 469 428 504 Τῷ
444 468 652 504 ἀρχιεπισκόπῳ
665 467 704 498 είς
716 465 824 500 ὁμιλίαν
847 466 939 492 ttat.-

155 526 200 548 τες
216 516 368 549 ξενίζονται
380 514 445 549 παρ’
464 514 548 548 αὐτῷ,
567 514 614 540 καί
625 513 675 546 τῆς
701 511 829 547 όρΟρινῆς
849 512 940 542 αὐτοῖς

157 562 330 595 τελεσθείσης
340 560 503 592 δοξολογίας,
517 559 554 589 ὼς
569 557 722 593 εἰθισμένον
735 558 801 589 ἐστὶ,
816 557 940 590 προκαθ-

155 607 226 637 ίσας,
253 606 364 636 τούτους
387 605 491 636 ἐκάλει,
509 603 634 638 πρώτους
658 602 873 635 ἀσπασομένους,
890 598 940 626 εἷο*

157 654 232 687 ἑξῆς,
245 653 309 684 τοὺς
327 651 494 680 ἐπισκόπους
512 650 558 676 καὶ
573 649 722 683 κληρικοὺς
742 648 789 673 καὶ
805 647 868 677 τοὺς
889 646 940 673 ἄλ-

155 698 216 730 λους
230 698 284 724 τῶν
300 697 507 731 συμπαρόντων,
533 695 625 721 ἐκεῖνά
647 703 676 720 τε
699 692 868 726 συλλαλήσας
891 691 941 718 αὐα

155 744 283 775 τοῖ.,ὕπα
296 743 325 768 τὸ
340 742 433 774 κέρδος
451 739 503 767 οἶδε
517 740 611 774 φέρειν
639 740 679 770 εἰς
706 739 755 774 τὴν
780 738 880 772 ψυχὴν,
909 737 940 764 τὸ

156 789 206 822 μὲν
221 788 314 814 λοιπὸν
321 787 458 822 ἄθροισμα
473 786 541 817 λύει,
554 786 598 812 τὸν
615 783 753 818 ἀγαγόντα
767 783 795 810 δὲ
805 784 849 809 τὸν
871 783 941 817 Γρη-

154 834 246 868 γόριον
256 833 512 866 προσκαλεσάμενος
529 830 644 866 μοναχὸν
656 831 702 856 καὶ
714 831 776 860 τοὺς
794 830 842 855 σὺν
853 828 938 862 αὐτῷ,

154 879 281 913 Χαίροις,
301 878 386 912 Κύριε
404 878 510 911 Μάρκε,
540 877 617 910 φησί’
637 876 719 901 πόθεν
744 875 798 909 ἄρα
822 882 862 900 σοι
893 872 940 899 καὶ

155 909 221 957 πρὸς
239 923 312 957 ἡμᾶς
327 909 411 956 ἦκται
423 923 436 948 ό
452 909 505 948 -τοῦ
523 909 591 947 Θεονῦ
612 920 706 951 δοῦλος
727 920 876 956 Γρηγόριος
894 919 940 944 καὶ¹
955 909 979 938 Β

155 970 230 1003 πόθῳ
243 968 411 1004 θερμοτὰτῳ,
427 968 487 998 τοὺς
506 967 657 1002 σωτηρίους
672 967 735 1000 ἄρτι
760 966 858 996 τόπους
874 973 941 991 κατ-

155 1013 293 1046 ειληφὼς;
316 1014 369 1038 Καὶ
392 1014 405 1038 ὁ
422 1012 548 1047 μοναχὺς,
564 1012 620 1047 οὐχ
636 1013 717 1047 ἡμεῖς
733 1011 838 1042 τοῦτον,
853 1009 939 1042 εἶπεν,

156 1058 213 1084 ἀλλ’
228 1059 241 1084 ό
255 1058 374 1092 Χριστὸς
388 1058 487 1092 ἡγαγε,
507 1057 636 1089 δέσποτα,
660 1057 706 1083 καὶ
723 1057 739 1091 ἡ
757 1057 789 1087 σὴ
805 1055 882 1090 τιμία
896 1055 940 1080 εὑ-

155 1105 200 1138 χή.
216 1099 386 1137 ῚΕκπλαγεὶς
405 1103 433 1129 δὲ
464 1104 478 1129 ὁ
493 1102 644 1138 Γρηγόριος
665 1102 711 1128 ἐπὶ
734 1101 781 1128 τοῦ
810 1101 941 1135 ὀνόματος

156 1149 252 1183 κλήσει
267 1149 350 1175 αὑτοῦ
366 1157 396 1174 τε
416 1149 462 1175 καὶ
478 1148 524 1174 τοῦ
550 1147 669 1182 μοναχοῦ
685 1147 814 1181 Μάρκου,
836 1146 941 1172 οὐδέπω

155 1194 211 1228 γὰρ
226 1194 313 1220 οὐδενὶ
324 1193 378 1220 τῶν
391 1195 440 1228 τῆς
464 1193 546 1227 ἁγίας
571 1192 677 1224 πόλεως
700 1193 883 1228 ἐδηλώθησαν,
906 1193 939 1227 τῇ

155 1239 231 1274 ἄκρᾳ
245 1239 316 1266 αἰδοῖ
328 1246 358 1265 τε
376 1240 424 1265 καὶ
438 1238 553 1273 συστολῇ
572 1237 610 1273 μὴ
622 1237 762 1272 τολμήσας
778 1236 888 1271 ἐρεσοαι
902 1244 938 1269 τι,

155 1285 229 1316 luo;
245 1285 377 1319 εἱστήκει.
394 1282 462 1310 Εἶτα
473 1284 519 1310 καὶ
528 1284 591 1314 τοὺς
606 1283 718 1318 ἑτέρους
733 1283 779 1309 δύο
790 1283 843 1308 τῶν
857 1282 937 1308 αδελ-

155 1330 213 1364 φῶν
228 1330 356 1364 φωνήσας
370 1330 384 1356 ό
396 1329 583 1364 πατριάρχης,
598 1328 684 1363 Κύριε
702 1327 774 1354 άϐϐᾶ
787 1328 938 1363 Σεραπίων,

155 1374 239 1408 λέγει,
258 1375 306 1401 καὶ
322 1375 465 1410 σὺ,Κύριε
491 1375 612 1405 Λεόντιε,
635 1374 716 1409 χάριν
743 1374 796 1409 ἔχω
816 1373 875 1409 Θεῷ
901 1373 940 1409 τῷ

155 1420 348 1454 διαφι.τίσαντι
361 1422 411 1452 τὰς
425 1422 562 1456 ὑμετέρας
583 1420 682 1455 ψυχὰς,
711 1420 833 1446 τοιοῦτον
855 1419 940 1454 ἄνδρα

157 1467 217 1501 μείν
236 1467 324 1502 ὑμῶν,
337 1470 377 1500 εἰς
391 1469 454 1499 τοὺς
473 1468 566 1502 ἁγίους
589 1468 684 1494 τούσδε
713 1466 939 1502 συμπαραλαῦεῖν

156 1514 265 1547 τόπους,
280 1513 350 1540 οὕτω
361 1514 421 1548 μὲν,
437 1514 625 1545 ἀποστολικῶς
638 1514 733 1548 φάναι,
749 1513 788 1548 τῷ
803 1512 938 1547 πνεύματι

157 1558 263 1591 ζέοντα,
278 1559 374 1594 καὶτῷ
394 1560 481 1596 κυρίῳ
504 1559 676 1591 δουλεύοντα,
689 1558 759 1585 οὓτω
770 1558 798 1585 δὲ
823 1566 939 1593 προσευ-
951 1579 973 1608 c

156 1603 206 1636 χῆς
235 1603 352 1637 ἀμώμου
370 1604 414 1630 καὶ
443 1604 676 1640 μετριοφροσύνης
705 1603 936 1638 ἐπιμελούμενον·

155 1649 215 1674 οὐδὲ
235 1650 288 1683 γὰρ
306 1649 494 1684 ἀποκρύψεται
510 1650 555 1683 ἀφ’
568 1650 646 1685 ἡμῶν
662 1650 696 1677 τὰ
707 1650 768 1676 κατ’
784 1651 876 1676 αὐτόν·
892 1649 937 1684 δῆ-

156 1693 188 1718 λα
201 1692 229 1718 δὲ
246 1694 293 1718 καὶ
309 1694 374 1728 ὑμῖν
399 1693 485 1720 ἔσται·
499 1693 614 1728 ἐροῦμεν
629 1695 683 1728 γὰρ
701 1695 763 1729 περὶ
783 1693 938 1726 αὑτῶν,εὑ-

157 1739 236 1764 ιέτου
253 1739 382 1773 τυχόντες
398 1739 506 1775 καιροῦ.
528 1740 597 1774 Ὥρα
612 1740 641 1766 δὲ
662 1740 709 1766 νῦν
725 1741 774 1775 τὴν
790 1740 865 1767 θείαν
891 1739 939 1766 καὶ

157 1784 291 1820 μυστικὴν
308 1785 464 1820 ἱερουργίαν
482 1785 520 1820 τῷ
537 1786 632 1821 Κυρίῳ
647 1787 842 1821 προσαγαγεῖν.

190 1915 239 1943 ΙΑ¹.
257 1916 348 1942 Ταῦτα
366 1916 450 1942 εἰπὼν
462 1917 530 1952 πρὸς
544 1918 589 1944 τὸν
602 1917 673 1954 ἱερὸν
687 1919 769 1953 ἀπῄει
792 1919 864 1950 ναδν,
889 1919 938 1955 τὴν

155 1962 232 1996 ἱερὰν
248 1961 434 1996 λειτουργείαν
449 1963 624 1989 ἑπιτελέσων.
640 1963 726 1998 Ἐστη
737 1963 764 1989 δὲ
780 1964 826 1990 καὶ
841 1965 854 1989 ό
868 1964 938 1996 θεῖος

155 2009 192 2042 Γρ
204 2009 304 2042 ,γόριος
318 2008 347 2033 ὲν
358 2008 431 2042 δεξιᾷ
445 2009 492 2034 τοῦ
514 2009 650 2042 ἄμϐωνας,
674 2009 851 2040 κελεύσαντος
869 2009 939 2036 οὕτω

153 2053 200 2079 τοῦ
220 2053 401 2088 πατριάρχου,
416 2053 520 2088 Πολλῆς
535 2053 562 2080 δὲ
580 2054 661 2080 αὑτὸν
692 2055 866 2087 κατανύξεως
891 2056 940 2082 καὶ

155 2100 217 2125 τότε
232 2099 413 2134 διαλασούσης
431 2101 523 2126 ἵστατο
541 2099 615 2141 κᾲτω
628 2100 712 2127 νεύων
723 2101 769 2127 καὶ
799 2101 939 2137 ποταμοὺς

154 2145 281 2180 δακρύων
294 2145 351 2172 τῶν
364 2144 512 2180 ὀφθαλμῶν
542 2145 643 2179 ἀφιείς.
661 2145 754 2178 Οὕτως
783 2147 829 2174 οὖν
851 2147 939 2183 ἔχοντι

154 2191 306 2228 Γρτιγορίῳ,
323 2191 370 2218 καὶ
383 2191 518 2226 πνεύματι
533 2191 721 2224 ταπεινώσεως
738 2194 868 2229 ἀκριϐοῦς
877 2194 939 2221 θαλ-

991 290 1062 317 sent,
1077 290 1230 320 caulemque
1246 287 1304 313 loca
1320 287 1534 321 pcrlustrassent
1552 294 1584 314 ac
1597 285 1770 319 adorassent,

991 330 1021 356 D.
1042 330 1193 365 Gregorius
1214 332 1305 358 animo
1332 331 1513 367 gloriabatur,
1535 339 1566 359 ac
1580 336 1637 359 tum
1651 333 1772 360 admira-

990 376 1076 408 tione,
1095 381 1154 403 tum
1179 377 1318 411 voluptate
1343 377 1452 411 plenus,
1472 385 1609 405 summum
1642 378 1718 406 illum
1746 380 1774 408 in

990 421 1099 457 hymnis
1116 431 1147 450 ac
1175 423 1275 450 divinis
1300 423 1427 451 cantibus
1453 423 1578 451 ordinem
1603 427 1684 458 atque
1708 432 1775 452 con-

990 473 1101 495 centum
1127 469 1254 500 intuitus,
1289 469 1358 496 nihil
1376 469 1463 496 illumv
1481 469 1515 496 ab
1543 469 1648 502 angelis
1672 469 1775 496 discre-

991 523 1057 550 pare
1072 515 1199 542 credidit.
1225 515 1342 543 Proinde
1368 524 1429 543 cum
1458 515 1484 542 in
1513 516 1544 543 D.
1566 515 1675 542 Macarii
1715 516 1774 550 epi-

990 562 1069 597 scopi
1103 570 1278 597 congressum
1318 568 1400 597 atque
1432 562 1598 597 colloquium
1618 561 1775 593 venissent,

991 608 1062 642 apud
1081 609 1157 635 illum
1181 608 1367 636 diversantur.
1383 608 1508 643 Cumque
1534 608 1574 635 illi
1594 615 1702 634 summo
1718 615 1776 634 ma-

990 662 1025 681 ne
1049 654 1135 680 Deum
1155 654 1218 688 (qui
1247 659 1397 689 perpetuus
1423 659 1465 681 est
1486 654 1539 681 illis
1566 653 1644 688 mos)
1675 652 1776 680 illustri

990 699 1072 726 laude
1089 699 1286 730 cumulassent,
1312 700 1364 727 hos
1385 699 1510 726 residens
1537 699 1694 730 accersivit.
1716 698 1775 733 pri-

991 752 1120 779 mumque
1138 745 1209 778 illos,
1222 745 1352 779 deinceps
1366 745 1510 779 episcopos
1520 751 1552 772 ac
1567 744 1692 776 clericos,
1708 743 1777 770 alios

991 788 1067 820 item,
1082 789 1129 823 qui
1145 793 1292 823 praesentes
1304 788 1427 820 aderant,
1444 788 1581 815 osculatos
1593 787 1777 815 communiter

992 841 1022 861 ea
1040 839 1082 861 est
1093 834 1240 864 allocutus,
1259 841 1318 869 quae
1334 834 1427 860 animo
1441 834 1517 861 novit
1533 834 1679 861 utilitatem
1695 834 1776 860 aﬂ'er-

993 872 1040 907 re:
1057 886 1089 906 ac
1104 886 1166 905 mox
1183 879 1288 913 reliqua
1305 878 1415 904 dimissa
1427 878 1614 909 multitudine,
1629 880 1777 906 accers'to-

992 930 1045 957 que
1058 923 1202 955 monacho,
1221 931 1252 950 ac
1266 923 1299 950 iis
1311 923 1357 957 qui
1373 923 1451 949 illum
1468 923 1653 950 adduxerant:
1671 922 1700 950 Si
1716 931 1776 957 per-

990 975 1073 1004 petuo
1084 969 1186 1002 laetere,
1204 969 1302 1004 inquit,
1317 969 1408 996 Marce
1427 969 1518 1000 Pater,
1533 968 1670 996 undenam
1686 973 1775 995 tecum

990 1013 1024 1040 ad
1041 1021 1090 1040 nos
1106 1013 1254 1047 Gregorius
1269 1013 1317 1040 Dei
1339 1020 1436 1040 servus
1458 1012 1516 1046 ivit,
1529 1013 1575 1048 qui
1594 1013 1652 1040 loca
1682 1013 1777 1040 isthzcc

991 1058 1120 1085 salutaria
1144 1066 1232 1092 nuper
1257 1059 1361 1085 adivit?
1378 1058 1428 1086 Cui
1453 1059 1623 1086 monachus:
1642 1058 1700 1085 Non
1715 1066 1775 1090 nos.

991 1103 1090 1138 inquit,
1107 1103 1202 1134 istum.
1220 1103 1268 1130 sed
1282 1103 1417 1134 Christus.
1433 1111 1450 1131 ο
1470 1104 1561 1135 Pater,
1579 1109 1679 1138 tuaque
1693 1103 1774 1130 adve-

991 1146 1030 1172 xit
1045 1145 1174 1180 precatio.
1190 1147 1290 1174 Verum
1305 1146 1455 1182 Gregorius
1469 1148 1567 1175 timore
1584 1149 1728 1183 perculsus
1740 1148 1775 1174 oh

991 1192 1033 1219 sui
1063 1198 1094 1219 ac
1121 1191 1205 1219 Marci
1243 1192 1368 1219 monachi
1405 1193 1616 1227 appellationem
1642 1193 1777 1229 (necdum

990 1237 1064 1265 enim
1089 1236 1208 1271 cuipiam
1230 1241 1332 1264 sanctae
1361 1237 1480 1265 civitatis
1500 1237 1698 1270 innotuerant),
1726 1244 1774 1265 ru-

990 1283 1056 1311 bore
1066 1291 1132 1311 sane
1149 1290 1182 1310 ac
1193 1282 1380 1311 moderatione
1389 1283 1505 1319 quadam
1518 1284 1602 1312 animi
1614 1283 1681 1312 nihil
1695 1283 1775 1318 quid-

990 1336 1072 1365 quam
1098 1335 1182 1356 ausus
1202 1328 1288 1364 loqui,
1308 1329 1477 1365 stupefactus
1504 1330 1641 1358 manebat.
1669 1329 1773 1357 Deinde

990 1374 1136 1409 duosjalios
1149 1373 1411 1410 fratreslpatriarcha
1427 1375 1472 1403 ille
1485 1375 1636 1410 appellans,
1649 1375 1775 1408 Domine,

990 1421 1040 1452 ait,
1054 1420 1123 1448 abba
1140 1420 1284 1456 Serapion,
1300 1429 1331 1449 ac
1349 1426 1377 1449 tu
1394 1421 1490 1449 Leonti
1509 1419 1600 1454 Pater,
1610 1421 1709 1456 gratias
1725 1429 1775 1456 ago

990 1465 1055 1498 Deo,
1072 1466 1118 1501 qui
1133 1471 1238 1493 vestros
1263 1466 1368 1493 animos
1395 1466 1567 1499 illuminavit,
1583 1466 1663 1494 talem
1687 1467 1774 1493 virum

989 1511 1023 1538 ad
1040 1515 1132 1538 sancta
1159 1511 1253 1539 isthaec
1269 1511 1328 1539 loca
1340 1512 1479 1539 vobiscum
1508 1519 1657 1545 assumere,
1678 1512 1774 1546 spiritu

989 1557 1101 1592 quidem
1125 1558 1174 1592 (ut
1199 1557 1323 1592 Apostoli
1351 1565 1427 1585 more
1449 1557 1546 1592 loquar
1561 1557 1595 1593 ')
1612 1558 1774 1590 ferventem,

991 1604 1163 1639 temporique
1177 1604 1354 1636 servientem,
1377 1604 1537 1632 emaculatis
1558 1608 1689 1639 prmterea
1713 1611 1773 1638 pic-

991 1651 1070 1679 cibus
1084 1658 1116 1678 ac
1127 1650 1188 1677 vitae
1204 1650 1367 1678 innocentiae
1382 1650 1478 1678 sedulo
1496 1650 1662 1678 studentem.
1680 1649 1774 1684 Neque

989 1697 1063 1724 enim
1079 1704 1128 1724 nos
1147 1697 1206 1731 ejus
1221 1696 1284 1724 vitae
1298 1697 1432 1724 rationem
1449 1697 1496 1724 diu
1515 1697 1615 1724 celavit
1629 1690 1774 1728 Dominus,

990 1746 1020 1769 ut
1038 1742 1095 1769 haec
1111 1741 1187 1769 vobis
1201 1742 1304 1777 pariter
1326 1741 1471 1769 manifesta
1496 1741 1603 1774 tierent,
1622 1740 1655 1768 de
1673 1741 1775 1776 quibus

989 1792 1144 1822 opportuno
1161 1786 1276 1815 fortasse
1291 1792 1415 1822 tempore
1433 1787 1569 1816 dicemus.
1584 1788 1670 1815 instat
1682 1791 1773 1814 autem

989 1839 1073 1863 nunc,
1095 1836 1125 1860 ut
1140 1832 1264 1859 divinum
1279 1838 1306 1860 ct
1322 1840 1451 1860 arcanum
1476 1833 1639 1861 sacrificium
1659 1834 1773 1860 Domino

989 1879 1173 1906 celebremus.

1024 1924 1069 1951 XI.
1088 1924 1150 1951 Haec
1165 1924 1210 1952 ille
1227 1924 1344 1957 locutus,
1364 1925 1493 1960 templum
1516 1932 1634 1958 sacrum,
1652 1934 1710 1953 rem
1729 1926 1771 1953 di-

989 1969 1079 1996 vinant
1093 1969 1224 2002 facturus,
1239 1970 1316 2005 petit.
1331 1970 1484 2005 Porroipse
1495 1978 1603 2005 quoque
1613 1971 1693 1998 divus
1706 1971 1774 1998 (ἐι-ος

988 2013 1083 2048 gorius
1097 2012 1123 2038 in
1144 2013 1240 2040 dextro
1259 2014 1353 2041 altaris
1366 2015 1461 2046 latere,
1482 2015 1636 2048 patriarcha
1652 2015 1692 2042 sic
1704 2023 1772 2049 pra:—

989 2057 1117 2091 cipiente,
1133 2057 1249 2083 astabat.
1261 2057 1392 2093 Pleraque
1412 2066 1477 2086 vero
1490 2059 1549 2095 ejus
1569 2060 1689 2086 animum
1709 2067 1771 2094 pcr—

990 2102 1146 2130 turbatione
1160 2102 1295 2131 subeunte
1310 2110 1475 2137 commotus,
1500 2105 1570 2131 infra
1592 2104 1697 2139 positus
1723 2105 1772 2131 mi-

990 2148 1134 2182 nistrabat,
1156 2148 1270 2176 ﬂumina
1293 2149 1402 2176 interim
1426 2149 1606 2184 lacrymarum
1633 2149 1667 2176 ab
1686 2149 1773 2177 oculis

988 2195 1142 2223 effundens.
1174 2195 1298 2230 Cumque
1324 2195 1361 2222 ita
1388 2202 1447 2222 sese
1473 2194 1619 2230 Gregorius
1649 2194 1771 2227 haberet,

154 2239 277 2272 πομένῳ,
293 2237 362 2271 δῆλα
381 2236 487 2263 καὶτοῦ
503 2238 673 2273 πατριάρχου
691 2238 796 2272 γίνεται
819 2240 866 2266 καὶ
890 2240 938 2275 τὴν

991 2242 1107 2277 ingentis
1123 2241 1208 2269 animi
1222 2241 1386 2269 humilitatis
1401 2240 1499 2276 spiritu
1516 2240 1771 2272 inﬂammatus,om-

152 2283 368 2314 ὲτιισκιὰζουσαν
381 2282 462 2309 αὐτὸν
479 2283 558 2318 χάριν
578 2283 625 2309 τοῦ
650 2284 752 2318 ἀγαθοῦ
779 2285 937 2319 Πνεὺματος

152 2329 276 2365 ἐναργῶς
293 2330 433 2360 ὲοε.;σατο,
447 2329 485 2361 ὼς
498 2331 545 2356 λαὶ
558 2329 664 2362 πολλοῖς
688 2331 726 2361 εις
742 2330 858 2367 ὕστερον
883 2332 938 2368 διη-

152 2377 265 2409 γήσαιτο,
284 2376 329 2406 Et;
347 2376 412 2410 γοῦν
427 2376 476 2410 τὴν
494 2375 632 2407 ἐπιοῦσαν,
650 2377 663 2403 6
676 2377 792 2412 μοναχδς
823 2379 937 2414 Μᾶρκος

154 2422 239 2447 ἐδεῖτο
251 2421 298 2446 τοῦ
314 2422 535 2457 ἀρχιεπισκόπου
561 2423 641 2449 αὐτόν
663 2431 692 2448 τε
716 2424 763 2450 καὶ
797 2424 859 2456 τοὺς
887 2424 935 2451 σὺν

154 2466 228 2500 αὐτῷ
248 2468 383 2502 μοναχοὺς
401 2468 575 2502 ἀποπέμψαι,
607 2468 676 2495 ὥστε
698 2470 752 2501 τοῖς
768 2471 856 2496 ἐκεῖσε
870 2478 934 2497 συν-

153 2512 286 2544 τάξασθαι
306 2512 438 2546 ἀδελφοῖς,
462 2514 510 2540 καὶ
531 2514 602 2540 οὓτω
617 2516 666 2550 τῆς
687 2515 778 2541 οἶκαδε
800 2516 935 2551 φερούσης

154 2557 343 2584 ἐπιλαϐέσθαι.
362 2559 414 2584 Καὶ
427 2559 531 2592 γίνεται
545 2559 624 2586 τοῦτο
644 2561 715 2587 κατὰ
728 2560 776 2596 τὴν
789 2560 871 2587 αὐτοῦ
893 2561 935 2587 θέ-

153 2604 231 2637 λησιν
250 2603 520 2639 προσεπισκήψαντος
543 2605 589 2631 τοῦ
605 2606 830 2640 ἁρχιεπισκόπου,
855 2606 936 2641 μέχρι

154 2652 203 2687 τῆς
214 2651 309 2687 καινῆς
331 2651 473 2686 Κυριακῆς
488 2651 566 2683 αὖθις
594 2651 751 2679 ἐπανελθεῖν
780 2652 818 2684 ὠς
843 2652 934 2679 αὐτόν.

154 2700 209 2726 Καὶ
216 2700 296 2732 οὕτω,
307 2701 401 2735 φησὶν,
410 2699 500 2726 οἴκαδε
511 2698 720 2734 πορευθήσεσθε·
735 2699 821 2727 ταῦτα
832 2699 858 2726 δὲ
868 2699 936 2734 δῆλα

154 2744 193 2780 τῷ
203 2745 344 2780 Γρηγορίῳ
361 2746 461 2780 ἥκιστα
476 2743 520 2780 ἦν·
539 2745 599 2771 οὐδὲ
613 2745 667 2779 γὰρ
695 2744 842 2780 συμπαρῆν
858 2753 936 2780 τηνι-

155 2790 244 2818 καῦτα
275 2793 330 2822 τοῖς
360 2793 497 2826 μοναχιιίς.
531 2790 574 2822 Ὠς
598 2788 645 2816 οὖν
671 2791 770 2817 ἐκεῖνοι
796 2791 845 2826 τῆς
874 2791 934 2818 όδοῦ

190 2883 200 2899 ⁸
217 2882 297 2914 nam.
315 2889 362 2914 xu,
384 2881 413 2908 Η

314 2927 334 2956 Ρ
341 2935 449 2957 nam.
473 2925 495 2956 G
503 2935 532 2956 ιι.
557 2924 658 2956 CXVI.

990 2289 1034 2315 nia
1050 2288 1213 2322 patriarchas
1233 2287 1347 2315 consilia
1361 2287 1456 2314 habuit
1472 2286 1611 2321 explorata
1638 2290 1666 2314 et
1683 2285 1771 2321 Spiri-

990 2338 1034 2360 tus
1053 2333 1139 2360 sancti
1157 2332 1270 2368 gratiam
1292 2332 1380 2367 ipsum
1394 2331 1615 2363 adumbrantcm,
1631 2335 1660 2358 ut
1675 2330 1773 2365 pleris-

989 2386 1042 2413 que
1068 2378 1113 2405 ille
1140 2378 1242 2405 secutis
1269 2377 1436 2412 temporibus
1459 2376 1607 2408 enarravit,
1631 2376 1774 2404 evidenter

989 2424 1068 2452 vidit.
1084 2423 1220 2451 Postridie
1242 2423 1326 2458 igitur
1344 2423 1403 2458 ejus
1426 2423 1479 2450 diei
1493 2422 1601 2450 Marcus
1623 2423 1772 2450 monachus

989 2469 1223 2505 archiepiscopum
1241 2469 1417 2505 precabatur,
1430 2473 1460 2496 ut
1473 2477 1513 2502 se,
1529 2476 1561 2496 ac
1578 2468 1625 2503 qui
1638 2476 1697 2495 cum
1712 2469 1772 2503 ipso

988 2520 1077 2548 erant,
1093 2516 1242 2544 monachos
1264 2515 1361 2543 missos
1381 2515 1495 2547 faceret,
1516 2521 1571 2550 quo
1587 2521 1648 2540 cum
1665 2513 1772 2541 caeteris

989 2562 1044 2589 illic
1056 2562 1199 2597 agentibus
1214 2561 1344 2588 fratribus
1366 2561 1518 2589 institutam
1534 2559 1618 2587 vitam
1641 2566 1772 2593 sequere-

990 2611 1044 2640 tur,
1055 2611 1083 2634 ct
1099 2607 1136 2634 ita
1155 2611 1230 2634 recta
1254 2607 1365 2634 domum
1380 2606 1478 2637 abiret,
1495 2611 1558 2632 cum
1575 2603 1601 2631 id
1624 2603 1712 2630 nihilo
1728 2611 1772 2630 se-

989 2654 1048 2682 cius
1062 2654 1096 2681 de
1105 2653 1237 2682 sententia
1252 2660 1284 2680 ac
1296 2653 1435 2680 voluntate
1447 2651 1521 2678 illius
1534 2650 1592 2678 fieri
1609 2650 1701 2677 vellet.
1713 2648 1770 2676 Hoc

989 2700 1042 2728 illis
1056 2707 1118 2728 cum
1141 2698 1363 2733 archiepiscopus
1385 2696 1542 2732 petentibus
1567 2694 1718 2725 annuisset.
1734 2695 1768 2721 ad

987 2752 1087 2773 novum
1109 2742 1353 2771 sese‘Dominicum
1370 2740 1445 2769 diem
1460 2747 1620 2768 reversuros
1636 2739 1769 2774 pollicen-

986 2791 1069 2824 tibus,
1093 2789 1229 2826 proﬁcisci
1256 2787 1367 2815 domum
1393 2786 1547 2822 imperavit.
1576 2785 1677 2813 Verum
1706 2791 1767 2811 cum

1573 2919 1589 2950 '1
