2077 3148
196 206 250 240 209

672 207 761 238 VITA
780 208 809 239 S.
831 209 1023 239 GREGORII
1042 209 1309 240 AGRIGENTINI.

1759 207 1812 240 210

194 261 244 288 τοῦ
259 262 354 295 γένους
376 260 511 296 διαδοχὴν,
536 261 583 288 καὶ
605 261 655 298 τὴν
673 262 758 298 εὐχὴν
773 263 813 295 είς
834 263 914 298 ἔργον
932 265 971 291 ὲκ·

1031 264 1151 297 stetisse,
1167 272 1201 292 ex
1224 271 1257 292 eo
1277 269 1400 298 tempore
1414 263 1448 290 ah
1472 270 1554 291 uxore
1570 263 1712 291 abstinuit.
1729 264 1812 292 Porro

195 308 292 340 σᾶσαν,
313 307 343 333 τὸ
362 308 408 333 ἐπὶ
429 306 534 339 τούτοις
553 307 603 342 τῆς
617 308 747 342 γυναικὸς
764 310 814 344 μὲν
832 309 978 345 ἀπέσχετο,

193 353 240 379 τὸν
266 353 349 380 παῖδα
379 353 408 380 δὲ
443 353 493 388 ἤδη
522 353 655 387 γεγονότα
683 354 729 389 ἐτη
759 354 830 382 ὀκτὼ
850 355 979 388 λαὸόντες

193 399 290 431 ἄγουσι
314 399 380 433 παρ’
398 399 471 433 ἐμοί.
499 399 585 433 Κάγὼ
607 399 706 436 πρῶτα
735 401 784 435 μὲν
806 401 979 436 παραδίδωμι

193 442 290 471 τοῦτον
304 444 458 480 διδασκάλῳ
474 447 672 482 γραμματιστῇ
684 454 692 462 ⁸
707 446 804 474 ἔπειτα
821 447 916 482 κείρας
930 449 979 474 αὺ-

191 491 239 516 τὸν
253 490 300 517 καὶ
320 490 361 525 τῷ
376 490 423 516 ὑπ’
443 491 493 526 ἐμὲ
515 491 608 526 κλήρῳ
632 492 818 526 ἐγκαταλέξας
837 492 876 528 τῷ
899 494 979 529 ἀρχι-

191 536 310 572 διακόνῳ
325 545 377 571 μου
392 537 580 573 παρατίθημι,
596 538 689 574 ἄκρως
700 539 782 566 αὑτὸν
796 540 829 566 τὰ
844 540 893 575 τῆς
909 540 980 575 Γρα-

191 581 247 616 φῆς
283 583 434 618 ἐκπονῆσαι
462 583 505 610 διὰ
535 584 639 619 ταχέων
668 585 920 620 ἑγκελευτάμενος-
949 585 980 618 ὅς

191 627 265 665 ρῦτω
280 628 361 662 φύσει
376 637 405 655 τε
421 628 470 656 καὶ
482 629 583 664 σπουδῇ
599 629 644 656 διὰ
663 629 772 657 πάντων
783 629 934 665 ἐξέλαμψεν
950 630 979 656 ὲν

194 673 302 709 βραχεῖ,
320 674 357 705 ὡς
379 674 481 708 μηδένα
498 674 672 709 παράμιλ).ον
682 675 757 710 αὑτῷ
775 675 836 702 καθ’
851 675 915 710 ὅλην
928 675 979 711 τὴν

192 719 311 745 Σικελῶν
330 720 518 754 εὑρίσκεσθαι.
535 717 620 753 Οὗτος
632 719 679 748 οῦν
692 722 706 749 ό
726 722 791 754 παῖς
806 722 863 748 εἴτε
884 722 979 757 δαίμο-

191 773 237 796 νος
257 765 432 802 βασκανίᾳ,ἢ
460 767 510 794 οὐκ
531 766 580 795 οἷδ’
602 768 683 804 ὁποίᾳ
701 768 770 804 τύχῃ
792 768 976 804 χρησάμενος,

190 810 324 844 αἰφνίδιον
339 812 447 848 ἀφανὴς
459 813 576 847 γίνεται,
593 814 710 850 μηδενὸς
725 814 800 850 αὐτῷ
823 815 855 841 τὺ
870 815 977 850 συμὸἀν

191 857 354 889 συνειδότος,
373 858 410 894 μή
425 867 454 885 τε
471 859 526 895 μὴν
545 859 610 895 ἄχρι
627 860 675 887 καὶ
685 861 808 896 τήμερον
821 861 861 892 εις
877 861 977 895 γνῶσιν

190 903 358 938 ἀφικομένου
372 912 380 920 ·
403 904 489 932 πολλὰ
502 905 531 932 δὲ
553 906 602 934 καὶ
617 906 666 942 τὴν
687 906 770 942 νῆσον
786 907 878 934 πᾶσαν
899 916 977 944 περι-

188 949 312 980 ελθόντες
333 950 410 977 οὐδέν
427 959 453 977 τι
471 951 554 978 πλέον
565 952 656 987 εὑρεῖν
670 953 687 988 ἢ
700 953 798 988 μαθεῖν
813 953 881 985 ὅλως
895 954 973 989 ἰσχύ-

189 994 410 1029 σαμεν.¹Εχομεν
427 992 474 1021 οὖν
492 996 538 1022 καὶ
549 997 628 1031 ἡμεῖς
639 997 689 1032 τὴν
708 998 774 1032 περὶ
787 997 872 1024 αὐτοῦ
883 998 972 1034 λύπην

187 1038 404 1074 ἀπαρηγόρητον
424 1041 508 1075 μηδὲν
534 1042 602 1077 ἡμῖν
620 1042 740 1077 δηλῶσαι
757 1043 839 1079 μέχρι
858 1045 905 1071 καὶ
925 1045 972 1073 νῦν

188 1084 234 1109 τοῦ
264 1085 368 1117 ἀγαυοῦ
388 1085 457 1112 θεοῦ
482 1087 691 1122 εὐδοκήσαντος.
715 1089 794 1116 Ἐπεὶ
815 1089 844 1116 δὲ
873 1091 973 1126 μᾶλλον

188 1127 347 1160 «suanm
362 1129 390 1155 αἱ
404 1130 459 1157 τῶν
472 1131 555 1158 αὑτοῦ
571 1133 698 1167 πατέρων
713 1134 796 1169 ψυχαὶ
808 1135 857 1162 τοῦ
870 1136 974 1168 πάθους

188 1173 312 1209 ᾔσθοντο,
338 1176 449 1209 πάρεισι
477 1176 525 1204 νῦν
541 1177 705 1208 πενθοῦντες
732 1180 779 1213 καὶ
794 1179 843 1215 τὴν
866 1181 972 1208 ἐκείνου

189 1221 301 1255 μνήμην
327 1221 550 1257 ὲπιτελέσοντες,
576 1224 649 1252 κατά
675 1225 778 1261 ταύτην
804 1227 891 1262 δήπου
923 1227 973 1263 τὴν

187 1267 294 1301 ἡμέραν
310 1267 370 1294 καθ’
386 1268 419 1302 ἢν
430 1269 477 1295 καὶ
487 1269 517 1295 τὺ
527 1270 643 1304 πατέρες
659 1271 800 1298 καλεῖσθαι
815 1273 971 1306 ἀπώλεσαν,

186 1311 308 1346 ἀφανοῦς
324 1313 407 1339 αὑτοῦ
421 1314 580 1349 γενομένου.

222 1403 271 1430 ΙΖ’.
301 1404 422 1432 Ταῦταό
439 1407 553 1442 Μάρκος
581 1407 702 1440 ἀκούσας
731 1409 822 1440 ιννεὺς
851 1410 972 1445 ἐγεγόνει

188 1449 235 1476 επὶ
252 1450 331 1481 πολὺ,
351 1451 399 1478 καὶ
424 1452 492 1486 μετὰ
519 1452 608 1479 ταῦτα
629 1453 758 1489 δακρύων
775 1455 972 1490 ὑποπλησθεὶς,

185 1493 247 1525 τοὺς
262 1495 309 1522 τοῦ
327 1496 421 1528 παιδὸς
435 1498 524 1530 γονεῖς
536 1497 674 1533 παράγειν
686 1498 726 1529 είς
737 1497 767 1525 τδ
782 1499 865 1532 μέσον
882 1499 970 1534 ἠξίουν

184 1540 238 1567 τῶν
249 1540 276 1567 δι
287 1542 499 1577 εἰσεληλυθότων
513 1543 555 1575 τίς
569 1544 586 1577 ἡ
603 1543 687 1577 πολλὴ
702 1542 774 1578 αὕτη
787 1543 842 1570 τῶν
864 1543 972 1580 θρήνων

1032 310 1116 337 ﬁliuni
1132 315 1195 338 octo
1212 310 1266 346 jam
1290 316 1378 337 annos
1403 313 1496 336 natum
1516 309 1692 344 accipientes,
1713 309 1746 336 ad
1769 317 1812 338 me

1030 355 1185 389 adducunt,
1204 363 1286 390 quem
1310 362 1361 390 ego
1387 353 1518 389 magistro
1538 355 1656 388 primum
1680 362 1814 390 gramma-

1031 402 1091 430 ticis
1114 401 1312 429 instituendum
1334 400 1428 428 trado:
1451 399 1551 427 deinde
1579 400 1667 435 ipsum
1698 401 1813 428 tondens

1029 456 1061 476 ac
1075 449 1101 475 in
1118 447 1247 476 Ecclesia:
1261 447 1416 482 collegium,
1438 446 1482 474 eui
1505 453 1633 480 praesum,
1667 446 1812 477 asciscens,

1029 493 1057 521 in
1084 493 1269 521 archidiaconi
1295 493 1348 520 mei
1372 492 1455 520 ﬁdem
1492 491 1645 524 committo,
1680 491 1812 518 mandans

1030 544 1060 566 ut
1083 547 1164 574 quam
1189 539 1316 566 celeriter
1339 538 1399 566 ﬁeri
1415 542 1516 573 posset,
1533 537 1561 564 in
1586 536 1706 564 divinam
1725 536 1813 571 legem

1029 589 1157 612 accurate
1187 584 1368 612 incumberet.
1397 583 1449 617 Qui
1477 583 1514 611 ita
1543 588 1601 611 tum
1629 588 1731 611 natura
1760 581 1814 613 ad-

1029 631 1118 667 jutus,
1147 634 1204 658 tum
1238 629 1341 661 studio,
1357 629 1433 657 brevi
1450 630 1478 657 in
1496 629 1625 657 omnibus
1641 628 1727 656 evasit
1747 635 1815 656 eon-

1029 677 1153 711 spicuus,
1183 680 1213 703 ut
1243 683 1324 704 nemo
1340 683 1389 711 per
1432 675 1589 703 universam
1621 673 1742 701 Siciliam
1774 673 1813 700 illi

1029 721 1230 756 comparandus
1255 721 1438 749 inveniretur.
1471 720 1565 755 Itaque
1589 726 1658 757 puer
1687 718 1729 746 vel
1759 717 1815 745 dte.

1028 769 1118 795 monis
1150 767 1263 799 invidia.
1278 767 1320 796 vel
1347 768 1441 795 nescio
1456 774 1510 802 qua
1535 767 1618 794 sortis
1644 765 1814 800 malignitate

1028 821 1105 846 usus,
1132 813 1218 841 oculis
1230 813 1332 841 nostris
1358 817 1469 849 repente
1493 812 1608 844 tollitur,
1637 819 1689 839 nec
1717 815 1812 846 postea

1029 863 1102 886 tanta
1115 860 1176 895 ejus
1196 859 1337 887 calamitas
1359 859 1448 887 cuivis
1478 858 1607 890 innotuit,
1634 865 1722 892 neque
1748 864 1814 886 sane

1029 905 1177 940 quidquam
1206 905 1240 932 de
1269 905 1316 932 illo
1339 905 1365 932 in
1381 905 1454 932 hunc
1481 911 1568 939 usque
1586 904 1660 931 diem
1681 903 1761 931 nobis
1771 905 1814 930 est

1027 951 1184 986 proditum;
1205 955 1343 986 utcunque
1368 951 1522 978 universam
1536 949 1657 978 Siciliam
1684 948 1730 976 diu
1744 948 1814 976 mul~

1028 1000 1142 1031 tumque
1162 995 1326 1028 obierlmus,
1354 995 1440 1022 nihilo
1462 995 1524 1031 plus
1549 995 1674 1025 invenire
1700 999 1749 1022 aut
1772 993 1815 1021 di—

1025 1048 1102 1069 scere
1116 1041 1264 1076 quivimus.
1300 1040 1434 1074 Quocirca
1483 1048 1534 1068 nos
1564 1040 1659 1068 itidem
1686 1040 1815 1068 inconso-

1027 1086 1103 1114 labili
1128 1093 1212 1121 prope
1229 1086 1302 1114 illius
1328 1093 1411 1114 causa
1437 1086 1539 1119 dolore]
1559 1086 1726 1118 cruciamur,
1743 1085 1812 1112 nihil

1029 1132 1110 1160 nobis
1123 1132 1257 1159 hactenus
1274 1133 1354 1166 (quae
1371 1132 1418 1159 Dei
1433 1132 1496 1166 Opt.
1511 1132 1580 1159 Max.
1600 1132 1729 1159 voluntas
1744 1131 1813 1166 fuit)

1028 1178 1198 1212 exploratum
1228 1185 1300 1205 esse.
1327 1178 1380 1205 Sed
1397 1186 1458 1206 eum
1476 1178 1584 1205 caeteris
1606 1177 1697 1205 'multo
1730 1177 1814 1205 vehe—

1027 1223 1148 1251 mentius
1163 1228 1306 1258 parentum
1324 1224 1384 1259 ejus
1399 1224 1483 1252 animi
1495 1224 1590 1251 dolore
1607 1223 1812 1255 conﬂictentur,

1028 1277 1102 1296 nunc
1125 1269 1252 1303 lugentes
1268 1268 1378 1301 adsunt,
1405 1269 1466 1304 ejus
1493 1268 1654 1296 memoriam
1677 1267 1812 1296 hodierno

1027 1314 1071 1342 die
1092 1313 1268 1347 celebraturi,
1297 1314 1324 1342 in
1347 1322 1402 1350 quo
1427 1319 1529 1350 patres,
1546 1315 1647 1343 amisso
1667 1314 1734 1348 ﬁlio,
1764 1322 1812 1348 ap-

1027 1359 1122 1394 pellari
1143 1358 1296 1386 desierunt.

1060 1404 1140 1432 XVlI.
1171 1404 1219 1433 llis
1259 1405 1370 1439 auditis,
1397 1406 1441 1433 ille
1464 1406 1510 1434 diu
1537 1407 1656 1443 elinguis
1691 1415 1723 1436 ae
1750 1411 1812 1444 post

1024 1449 1152 1485 lacrymis
1173 1450 1280 1484 plenus,
1299 1451 1327 1478 in
1350 1451 1470 1479 medium
1497 1452 1556 1480 illos
1581 1453 1693 1488 prodire
1721 1454 1811 1489 petiit.

1022 1500 1051 1522 et
1065 1503 1188 1530 quamam
1207 1496 1265 1524 hree
1283 1501 1366 1531 esset,
1390 1505 1439 1525 cur
1455 1502 1509 1525 tam
1525 1499 1646 1534 graviter
1667 1499 1810 1528 caaderen-

1023 1545 1079 1572 tur,
1100 1541 1288 1577 interrogavit.
1307 1542 1430 1577 Cumque
1452 1543 1481 1575 ii,
1506 1551 1562 1578 pra:
1592 1544 1704 1572 tristitia
1727 1552 1808 1579 qualn

185 1588 327 1624 σύγχυσις,
354 1591 444 1625 ἤρετο,
472 1590 520 1617 καὶ
538 1591 599 1618 ὂτου
616 1589 699 1617 ἕνεκα
721 1590 816 1622 δεινῶς
832 1591 903 1618 οὕτω
924 1592 971 1618 κό-

1026 1588 1174 1622 plurimum
1198 1588 1260 1616 illos
1279 1588 1460 1624 opprimente,
1488 1589 1647 1617 intercisum
1663 1597 1695 1617 ac
1724 1589 1811 1624 impe-

185 1644 305 1662 πεοιντο.
326 1635 386 1662 Τῶν
410 1636 437 1661 δὲ
465 1636 518 1663 ὑπὸ
544 1637 593 1671 τῆς
610 1637 680 1671 ἄγαν
696 1636 861 1672 συνεχούσης
873 1638 972 1669 αὐτοὺς

184 1681 303 1715 ἀθυμίας
320 1682 366 1708 καὶ
379 1682 428 1716 τὴν
454 1682 546 1717 φωνὴν
561 1681 656 1717 ὥσπερ
684 1683 901 1718 ιγκοπτομένων.
925 1684 972 1710 καὶ

186 1726 253 1760 μηδὲ
279 1726 328 1761 τὴν
352 1727 442 1754 αἰτίαν
470 1727 585 1761 φράζειν
616 1727 690 1761 αὐτῷ
705 1727 875 1762 δυναμένων,
899 1728 970 1763 ὁρῶν

184 1771 287 1802 ἐκεῖνος
311 1773 360 1807 τὴν
383 1772 431 1799 τοῦ
456 1773 559 1804 πάθους
577 1773 731 1808 ὑπερϐολὴν
761 1774 807 1800 καὶ
833 1774 892 1809 ἅμα
921 1774 971 1807 τὰς

183 1816 261 1852 ὄψεις
273 1819 469 1853 ἀκριϐέστερον
484 1818 622 1845 ἐπιϐαλὼν
634 1818 674 1852 τῷ
685 1819 822 1855 Χαρίτωνι
834 1821 882 1848 καί
895 1829 970 1853 τινας

183 1864 404 1898 ὑποφαινομένας
422 1864 484 1891 tam
499 1865 662 1900 ὁμοιότητας
673 1874 680 1881 ·
696 1863 730 1901 ἦν
743 1867 798 1901 γὰρ
824 1867 856 1901 δὴ
873 1867 966 1894 κάκεῖ-

184 1918 228 1941 νος
240 1910 289 1944 τήν
304 1918 332 1935 τε
348 1910 408 1944 tow
424 1910 498 1944 μάλα
514 1910 607 1943 καλὸς,
621 1911 668 1938 καὶ
681 1910 730 1946 τὴν
745 1911 843 1947 κώμην
854 1912 950 1944 ξανθός
961 1921 967 1928 ”

185 1957 243 1988 καὶ,
275 1956 419 1982 συνελόντα
436 1956 530 1991 φάναι,
551 1957 652 1993 ἀκριϐῆ
679 1957 799 1989 σώζοντα
816 1958 861 1985 τδν
883 1967 969 1993 χαρα-

183 2001 274 2036 κτῆρα
288 2002 459 2036 κατανοήσας
483 2002 530 2029 καὶ
555 2002 592 2034 ὼς
613 2003 664 2029 οὐκ
676 2003 709 2029 ἂν
721 2003 764 2038 εἴη
780 2003 810 2029 τὸ
819 2003 912 2030 λοιπον
927 2004 969 2029 ἑν-

182 2046 309 2080 δοιὰσιμα
327 2047 394 2080 πρὸς
405 2047 501 2074 ἑαυτὸν
515 2046 635 2082 είρηκώς
645 2053 652 2062 ·
671 2047 756 2078 Ἔδει,
777 2048 872 2081 φησὶν.
884 2048 968 2082 ὑμᾶς,

183 2091 303 2125 ἀδελφοὶ,
321 2091 360 2126 τῷ
370 2092 429 2126 Θεῷ
446 2092 553 2123 πάντως
573 2092 653 2126 χάριν
665 2091 817 2125 ὁμολογεῖν,
834 2092 848 2117 ὅ
862 2100 888 2118 τι
905 2092 969 2118 ποτὲ

185 2133 219 2159 ἂν
266 2133 294 2160 τὸ
313 2135 430 2169 συμΰάν,
446 2134 484 2169 τῷ
502 2136 558 2167 τοῖς
585 2135 714 2170 ἀρρήτοις
729 2135 813 2162 αὑτοῦ
837 2136 883 2163 καὶ
898 2137 968 2163 ἀκαο

184 2181 326 2212 caverit-ot;
339 2181 471 2215 κρίμασιν
481 2180 551 2207 οὕτω
564 2181 651 2208 πάντα
667 2181 851 2216 οἰκονομοῦντι
861 2182 949 2214 καλῶς
958 2190 966 2199 ⁸

183 2223 251 2251 ἀλλὰ
268 2225 305 2260 μὴ
324 2225 409 2256 οὕτως
423 2226 545 2260 ἀκρίτως
565 2226 671 2253 πενθεῖν
687 2226 723 2257 ὡς
739 2226 772 2253 ἂν
797 2226 968 2258 ἀπολωλότος

183 2266 248 2300 ὑμῖν
262 2267 312 2301 ἥδη
338 2265 385 2293 τοῦ
401 2267 508 2298 παιδός.
527 2267 558 2293 Et
577 2266 631 2302 γὰρ
656 2267 704 2293 καὶ
721 2266 786 2303 ὑμῖν
813 2269 968 2304 ἀποκέκρυ-

183 2320 250 2339 πται
269 2313 389 2344 πάντως,
406 2313 474 2340 ἀλλά
491 2321 522 2347 γε
539 2313 577 2348 τῷ
595 2312 654 2349 Θεῷ
676 2313 755 2353 δῆλός
772 2314 841 2341 ἐστι.
857 2313 967 2342 Τούτων

181 2358 195 2384 ό
209 2358 336 2392 Χαρίτων
365 2358 483 2390 ἀκούσας
509 2359 556 2385 καὶ
577 2358 665 2390 ἄλλως
687 2359 865 2393 παραμυθίας
887 2360 967 2387 ἕνεκα

183 2403 229 2428 τὸν
247 2402 326 2436 λόγον
349 2403 476 2438 εἰρῆσθαι
496 2403 632 2438 νομίζων·
650 2403 735 2430 Τοῦτο
757 2405 807 2440 μὲν
825 2403 883 2437 οῦν,
900 2406 965 2440 ἔφη,

184 2449 350 2484 πανάληθες·
366 2451 390 2476 εί
407 2451 460 2484 γὰρ
473 2450 542 2476 κατὰ
557 2450 670 2485 Γραφὴν
695 2450 761 2485 ᾅδης
780 2451 827 2478 καὶ
843 2451 967 2479 ἀπώλεια

185 2495 290 2529 φανερά
308 2496 382 2529 παρὰ
397 2496 501 2530 Κυρίῳ,
519 2496 577 2526 πῶς
592 2497 652 2530 οὐχὶ
672 2497 719 2523 καὶ
735 2497 764 2522 αἱ
786 2497 895 2532 καρδίαι
914 2497 967 2523 τῶν

184 2538 353 2573 ἀνθρώπους
385 2539 408 2564 εί
437 2539 524 2565 τοίνυν
554 2539 600 2566 καὶ
629 2540 792 2574 πεφόνευται
822 2540 852 2566 τὸ
873 2542 967 2567 τέκνον

185 2583 273 2618 ἡτῶν,
292 2584 349 2610 ἀλλ’
361 2582 408 2610 οῦν
421 2585 437 2618 ἡ
452 2584 548 2611 τούτου
561 2585 633 2620 ψυχὴ
647 2586 676 2611 ὲν
692 2586 770 2621 χερσὶ
784 2587 893 2618 πάντως
909 2588 967 2614 ἐστὶ

183 2629 230 2657 τοῦ
246 2630 324 2657 Θεοῦ.
341 2630 396 2656 Καὶ
409 2629 495 2656 ταῦτα
512 2631 560 2666 μὲν
574 2632 588 2658 ὁ
602 2633 737 2666 Χαρίτων.

218 2761 272 2788 IH'.
295 2761 325 2788 Ἦ
340 2761 368 2788 δὲ
384 2761 430 2788 τοῦ
451 2761 601 2798 Γρηγορίου
621 2761 722 2797 μήτηρ,
736 2763 774 2798 τῷ
790 2764 834 2790 τοῦ
854 2765 965 2802 Μᾷρκου

186 2809 300 2843 στόματι
318 2809 363 2835 τὸν
390 2808 528 2842 ὀφθαλμὸν
552 2808 732 2844 ἀπερείσασα,
757 2810 850 2841 ἀτενὲς
881 2811 964 2845 ἑώρα,

184 2854 293 2881 καὶοτδν
306 2854 384 2888 λόγον
401 2854 604 2890 προσδεχομένη
620 2854 669 2889 τὴν
692 2854 807 2889 καρδίαν
833 2856 965 2883 ἐπάλλετο

185 2901 236 2928 καῖ
248 2901 386 2938 μετέωρος
399 2900 443 2937 ἦν.
460 2899 526 2929 Εἶτα
552 2901 632 2930 πάλιν
646 2902 660 2928 ό
675 2902 802 2937 μοναχδς,
817 2902 911 2937 εἰπὼν,
928 2904 965 2936 ὡς

1023 1634 1108 1661 ditam
1123 1642 1219 1662 vocem
1247 1634 1391 1666 haberent.
1420 1642 1513 1670 neque
1542 1643 1651 1662 causam
1680 1635 1732 1670 ipsi
1756 1635 1808 1663 fari

1022 1683 1143 1714 possent,
1169 1687 1286 1707 cernens
1319 1679 1365 1707 ille
1389 1680 1501 1708 allectus
1531 1680 1744 1713 vehementiam,
1770 1681 1808 1708 si-

1022 1723 1134 1758 mulque
1156 1728 1284 1758 aspectus
1299 1723 1406 1759 (oculis
1430 1724 1457 1751 in
1471 1723 1645 1752 Charilonem
1660 1724 1808 1759 conjectis)

1021 1769 1178 1797 accuratius
1211 1769 1395 1804 perpendens,
1425 1769 1557 1805 quasdam
1586 1778 1640 1798 non
1677 1770 1809 1798 obscuras

1020 1814 1215 1842 similitudines
1239 1823 1270 1843 ac
1297 1815 1380 1842 veluti
1408 1814 1582 1843 characteres
1617 1815 1743 1850 agnovit:
1770 1816 1810 1843 si-

1020 1860 1129 1895 quidem
1151 1860 1208 1896 ipse
1223 1868 1333 1896 quoque
1360 1861 1437 1888 valde
1462 1861 1581 1888 decorus
1606 1867 1667 1889 erat
1683 1868 1809 1897 aspectu,

1020 1909 1049 1933 et
1069 1913 1146 1932 coma
1173 1904 1269 1938 ﬂavus,
1290 1913 1322 1933 ac
1339 1906 1390 1940 (ut
1413 1907 1509 1941 paucis
1535 1907 1705 1941 expediant)
1733 1913 1809 1935 certa

1020 1956 1172 1978 servantem
1199 1952 1275 1986 signa
1302 1951 1486 1986 perspiciens,
1512 1952 1636 1987 nihilque
1672 1953 1806 1987 reliquum

1020 2002 1090 2026 esse,
1112 1995 1185 2029 quod
1223 2003 1278 2022 non
1307 1997 1409 2032 optime
1436 1997 1595 2031 quadraret,
1628 2005 1720 2025 secum
1749 1999 1808 2032 ipse

1020 2040 1164 2074 colligens:
1193 2041 1315 2073 Praestat,
1350 2042 1449 2076 inquit,
1474 2050 1532 2076 vos,
1555 2043 1665 2080 fratres,
1694 2044 1808 2071 omnino

1019 2084 1076 2112 Deo
1102 2085 1205 2120 gratias
1227 2093 1318 2120 agere,
1343 2087 1568 2122 quandoquidem
1596 2089 1730 2122 quidquid
1756 2097 1806 2115 un-

1019 2135 1100 2162 quam
1138 2128 1248 2161 accidit,
1273 2129 1306 2156 ad
1330 2129 1422 2157 abdita
1449 2131 1524 2158 illius
1551 2134 1579 2157 et
1606 2131 1744 2166 incognita
1761 2133 1806 2167 ju-

1019 2172 1092 2200 dicia
1119 2173 1202 2209 (ipso
1219 2173 1304 2208 probe
1330 2175 1423 2202 omnia
1445 2175 1634 2210 gubernante)
1663 2180 1705 2202 est
1734 2176 1806 2204 refe-

1019 2218 1156 2245 rendnm:
1183 2226 1238 2246 non
1263 2224 1354 2246 autem
1375 2219 1416 2247 sie
1440 2220 1597 2248 inconsulto
1622 2220 1727 2256 lugere,
1750 2230 1804 2249 non

1019 2271 1099 2291 secus
1124 2271 1199 2295 sane,
1224 2271 1256 2291 ac
1279 2265 1302 2292 si
1328 2265 1401 2292 ﬁlius
1425 2269 1516 2293 vester
1541 2266 1619 2293 vobis
1638 2267 1803 2301 jampridem

1018 2318 1129 2346 pessum
1151 2310 1284 2343 abiisset;
1307 2311 1372 2338 licet
1390 2311 1465 2338 enim
1500 2311 1524 2339 is
1542 2319 1590 2339 vos
1608 2311 1701 2345 lateat,
1718 2313 1804 2340 nihilo

1020 2360 1111 2384 tamen
1133 2357 1226 2384 minus
1242 2356 1298 2384 Deo
1322 2361 1366 2384 est
1386 2356 1556 2385 manifestus.
1582 2356 1645 2385 Haec
1659 2365 1721 2385 cum
1734 2358 1804 2386 Cha-

1018 2403 1089 2430 riton
1135 2403 1268 2434 audisset,
1295 2410 1328 2430 ac
1357 2402 1492 2438 ejusmodi
1525 2403 1610 2430 verba
1637 2403 1680 2431 sui
1705 2411 1802 2431 conso-

1018 2448 1091 2475 landi
1117 2448 1205 2483 gratia
1229 2447 1287 2475 ﬁeri
1318 2448 1456 2476 incassum
1489 2449 1670 2476 arbitraretur
1695 2459 1702 2477 :
1733 2449 1802 2482 lloc,

1018 2495 1099 2522 Pater
1112 2493 1196 2528 (ait),
1224 2502 1318 2522 verum
1340 2502 1401 2522 esse
1428 2495 1541 2522 omnino
1556 2495 1669 2522 fateor‘:
1685 2494 1708 2522 si
1727 2495 1800 2522 enim

1017 2547 1050 2567 ex
1073 2539 1174 2566 divinis
1195 2538 1313 2574 Scriptis
1337 2539 1416 2566 inferi
1432 2544 1460 2566 et
1486 2539 1614 2566 interitus
1636 2539 1721 2566 Deum
1748 2546 1802 2566 non

1017 2585 1113 2617 latent,
1142 2584 1281 2620 quomodo
1310 2593 1364 2612 non
1384 2585 1466 2612 etiam
1488 2585 1630 2611 hominum
1655 2584 1740 2611 corda
1763 2584 1802 2612 illi

1016 2636 1097 2658 erunt
1114 2631 1274 2659 manifesta?
1296 2631 1414 2658 Proinde
1437 2630 1459 2658 si
1480 2635 1507 2657 et
1531 2630 1604 2657 (ilius
1630 2635 1727 2657 noster
1758 2629 1802 2656 in-

1018 2676 1101 2708 teriit,
1116 2677 1173 2711 ejus
1199 2676 1318 2703 animam
1333 2675 1429 2703 saltem
1452 2675 1499 2702 Dei
1520 2674 1647 2702 manibus
1666 2675 1801 2703 contineri

1016 2722 1183 2749 credendum
1200 2727 1252 2750 est.
1275 2723 1362 2757 Atque
1377 2722 1510 2748 hactenus
1532 2720 1642 2756 quidem
1657 2720 1798 2749 Chariton.

1052 2768 1144 2795 XVlll.
1166 2767 1252 2795 Porro
1268 2767 1391 2802 Gregorii
1409 2771 1495 2794 mater
1506 2766 1538 2794 ad
1553 2774 1585 2794 os
1599 2766 1681 2794 Marci
1698 2766 1794 2794 oculos

1016 2813 1156 2849 adjicicns,
1175 2813 1256 2841 iixius
1273 2812 1454 2840 intuebatur:
1481 2819 1511 2840 ac
1534 2811 1668 2847 ejusmodi
1692 2819 1797 2839 sermo-

1017 2867 1079 2886 nem
1107 2858 1232 2890 audiens,
1264 2857 1354 2884 animo
1386 2865 1528 2892 suspensa,
1557 2857 1640 2885 corde
1673 2856 1796 2884 nutabat.

1017 2903 1120 2933 Deinde
1137 2911 1198 2931 eum
1215 2903 1367 2932 monachus
1382 2902 1494 2932 dixisset
1518 2908 1593 2932 recte
1609 2910 1672 2932 cun:
1686 2902 1807 2932 illorum.
