2077 3148
191 183 245 216 213

669 184 755 215 VITA
777 183 804 214 S.
828 182 1019 212 GREGORll
1041 183 1310 214 AGRIGENTINI.

1750 179 1806 211 2M

190 239 380 274 πραιουμοθα
393 247 401 255 '
417 239 464 266 καὶ
490 238 594 274 ταύτην
610 239 810 276 περιελθόντες,
830 239 876 266 τὸν
893 239 976 266 παῖδα

1031 246 1121 268 nostro
1143 241 1285 268 oculorum
1310 240 1404 268 sensui
1418 240 1584 272 obtulerant,
1609 238 1753 271 edicimus,
1776 242 1806 265 et

189 286 258 320 πρὸς
286 285 393 312 τδ.τοῦ
420 285 499 318 ἁγίου
532 286 670 320 μάρτυρος
694 285 839 313 Ἰουλιανοῦ
854 285 910 319 ναῷ
939 286 972 320 τῇ

189 329 345 363 ἀναγνώσει
372 330 571 366 προσκείμενον
597 330 726 366 εὕρομεν,
741 331 788 357 καὶ
812 331 976 364 προσειπόν-

189 384 236 406 τες
267 376 318 401 καὶ
341 375 544 410 ἀσπασάμενοι,
573 376 729 408 διδάξαντές
755 385 785 402 τε
808 376 842 402 τὰ
859 376 976 410 φανέντα

191 423 257 456 ήμίν
274 422 365 449 πάντα
378 422 426 448 καὶ
441 421 506 457 παρ’
532 423 638 449 ἐκείνου
654 423 734 450 πάλιν
748 423 781 449 τὰ
793 423 901 449 ἐκείνου
929 430 977 457 μς-

194 467 363 501 μαθηκότες,
380 468 521 503 χαίροντες
534 468 665 503 χαίροντα
691 467 906 502 παραλαϐόντες.
930 467 978 501 μέ-

193 521 239 547 χρι
254 512 309 539 τῶν
329 513 410 547 ίερῶν
423 513 623 548 ἀπηνέγκαμιν
638 514 740 546 τόπων,
753 513 833 547 λόγου
849 523 878 540 τε
893 513 977 545 δεξιό-

192 565 254 590 τητι
276 558 323 583 καὶ
354 557 412 592 βίου
435 557 610 593 λαμπρότητι
633 558 694 584 καθ’
721 557 768 589 οὓς
797 557 830 584 ἂν
858 557 976 591 γένοιτο,

193 603 300 633 πάντας
315 603 384 638 πρὸς
400 603 498 629 ἑαυτὸν
512 603 714 637 ἐπισπώμενον.
729 603 822 630 Ταῦτα
837 603 885 630 τοῦ
900 603 978 638 Μάρ-

194 656 243 674 κου
256 648 435 680 διεξελθόντος
447 649 553 682 γίνεται
564 658 590 675 τι
605 649 684 683 λόγου
701 650 748 676 καὶ
765 650 876 684 μνήμης
889 649 976 680 ἄξιον.

194 693 231 719 Τὸ
258 693 308 728 μὲν
325 693 379 729 γὰρ
395 694 497 728 πλῆθος
514 695 586 721 ᾶπαν
601 692 646 722 οἶά
661 703 715 720 τινι
739 694 856 730 βακχείᾳ
870 696 904 729 τῇ
920 694 979 729 διη-

194 739 275 773 γήσει
304 739 491 774 κεκινημένοι,
511 741 572 767 λίαν
606 749 634 766 τε
668 741 816 775 σκιρτῶσιν
847 740 896 775 ἡδὺ
931 741 978 767 καὶ

195 785 268 819 μέγα
283 785 410 820 κροτοῦσι
427 785 474 812 καὶ
487 785 536 821 τὴν
560 785 652 821 φωνὴν
671 786 787 820 αἴρουσι,
811 785 875 821 βοῆς
889 794 919 812 τε
934 785 979 812 τὸν

194 829 265 863 ἀέρα
281 829 447 864 πληροῦντες
463 830 509 856 καὶΙ
528 829 566 865 τῷ
587 830 731 865 παραδόξῳ
746 830 792 857 τοῦ
819 830 980 865 πράγματος

194 874 422 909 εὐχαριστοῦντες
445 875 514 909 ἅμα,
537 876 584 902 καὶ
604 875 635 901 τὸ
654 875 701 902 τοῦ
725 875 792 902 Θεοῦ
821 875 979 908 δοξάζοντες

194 919 290 954 ὄνομα.
305 919 359 946 Καὶ.
375 919 447 946 οὓτω
465 920 514 955 μὲν
531 919 562 946 τὸ
583 920 683 955 πλῆθος
697 920 791 954 κοινὴν
808 920 977 956 εὐφροσύνην
995 917 1014 944 Β

193 964 225 991 τδ
241 966 358 1000 πρᾶγμα
371 965 528 999 ποιούμενοι
542 974 548 981 ·
564 966 588 991 οἱ
605 967 633 992 δέ
651 974 683 999 γε
696 965 743 992 τοῦ
758 965 910 1000 Γρηγορίου
924 973 978 991 ποι-

193 1010 274 1044 τέρες
306 1010 405 1045 μικροῦ
432 1010 479 1036 καὶ
504 1010 543 1041 είς
568 1009 695 1036 ἔκστασιν
712 1011 745 1045 τῇ
772 1010 909 1044 ὑπερεολῇ
930 1009 980 1043 τῆς

194 1056 296 1090 ἡδονῆς
313 1054 391 1091 ἧκον,
412 1056 460 1081 καὶ
479 1055 628 1090 ἡμιθνῆτες
653 1055 692 1085 είς
723 1054 774 1089 γῆν
800 1054 979 1081 κατέπιπτον.

201 1102 376 1127 Ἐκστατικδν
391 1101 445 1135 γὰρ
460 1100 556 1134 ὥσπερ
581 1100 700 1134 ἀμετρία
715 1099 815 1134 λύπης,
838 1099 923 1129 οὕτως
937 1099 981 1125 οὖ-

195 1147 241 1173 sev
257 1145 338 1183 ἦττον
351 1147 398 1173 καὶ
411 1146 503 1182 ἡδονὴ,
516 1147 563 1175 καὶ
574 1146 694 1178 κίνδυνος
703 1146 834 1177 πολλάκις
849 1146 879 1178 ἐξ
891 1146 981 1181 ἀμφο-

195 1193 284 1227 τέρων
299 1193 426 1226 ὲπῆλοεν.

232 1238 274 1265 κ’.
293 1237 358 1265 Εἶτα
372 1238 439 1273 προς
452 1237 498 1264 τοῦ
510 1239 623 1274 Μάρκου
642 1238 834 1270 διαναστάντες
846 1239 892 1265 καὶ
904 1238 981 1274 μόλις

193 1285 301 1311 ἑαυτῶν
314 1284 463 1319 γενόμενοι,
475 1284 643 1319 διηπίστουν,
661 1285 707 1311 καὶ
725 1285 804 1310 τοῦτο
823 1284 851 1310 δὲ
867 1285 920 1310 ἀπὸ
932 1285 981 1318 τῆς

194 1331 282 1364 χαρᾶς
296 1329 359 1361 ίσως
372 1329 443 1356 κατὰ
457 1329 486 1356 τὸ
503 1330 573 1364 ίερὺν
586 1330 674 1363 λόγιον
682 1329 722 1362 τὸ,
736 1330 796 1356 Ἔτι
807 1329 979 1356 διαπιστοῦν-

194 1384 250 1402 των
261 1375 351 1402 αὐτῶν
363 1375 416 1402 ἀπὸ
432 1375 482 1410 τῆς
490 1376 586 1413 χαρᾶς,
602 1376 662 1402 ὅθεν
678 1375 722 1402 καὶ
734 1376 824 1402 πίστιν
835 1375 914 1411 ᾔτουν
926 1375 980 1403 τῶν

195 1421 362 1454 λεγομένων,
381 1421 502 1456 ὡσπερεὶ
511 1421 626 1453 δεδιότες
639 1421 676 1457 μὴ
691 1423 739 1448 καὶ
748 1420 838 1459 ὄναρῇ
855 1423 887 1449 τὰ
901 1422 981 1456 λεγό-

198 1473 268 1500 μενα
280 1472 286 1479 ·
303 1465 361 1497 καὶ,
376 1466 481 1497 Ὄντως
510 1467 524 1492 ό
548 1468 623 1499 παῖς,
643 1467 721 1501 φασὶ,
736 1467 769 1502 ζῇ
785 1468 799 1493 ό
813 1468 957 1502 ἡμέτερος,
967 1468 981 1494 ό

198 1511 357 1546 μονογενὴς,
368 1512 381 1538 ό
399 1509 542 1546 φίλτατος;
562 1512 591 1538 'U
607 1512 645 1544 δὲ,
660 1513 707 1539 καὶ
719 1513 770 1547 ζῇν
784 1513 830 1539 καὶ
844 1513 935 1544 καλῶς
951 1514 980 1540 ὲν

195 1554 255 1589 Θεῷ
281 1555 330 1589 ζῇν
347 1555 477 1588 ἔφασκεν.
498 1556 559 1582 Ἰνα
573 1556 602 1582 δὲ
620 1556 703 1591 μηδὲν
719 1557 872 1591 ἀμφίϐολον
886 1557 981 1589 αὐτοῖς

195 1598 224 1636 ᾖ,
243 1602 290 1627 καὶ
309 1601 358 1636 τὴν
380 1602 488 1636 μορφὴν
515 1602 686 1637 ὑπέγραψεν,
718 1603 761 1629 ὅτι
782 1603 890 1633 νεανίας
922 1604 981 1630 lati

197 1647 300 1681 σφόδρα
311 1648 401 1679 καλὸς,
415 1648 460 1674 καὶ
474 1647 512 1683 τῷ
523 1648 607 1683 πατρὶ
618 1648 689 1675 πάνυ
701 1648 865 1682 παρεοικὼς,
877 1649 981 1684 πυρρὸς

197 1691 228 1718 sb
247 1691 358 1726 χρῶμα,
384 1693 448 1724 τοὺς
474 1693 631 1728 ὀφθαλμοὺς
654 1693 784 1728 χαροπὺς,
815 1694 865 1730 τὴν
889 1694 981 1728 φωνὴν

197 1737 256 1763 λίαν
273 1737 419 1774 ήδυμελὴς,
439 1739 486 1765 καὶ
509 1739 558 1774 τὴν
585 1739 670 1774 ἀκοὴν
697 1739 770 1773 ὀξύς.
795 1739 861 1766 Εἶτα
879 1740 927 1767 καὶ
947 1739 981 1766 τὰ

196 1781 243 1808 τοῦ
259 1783 340 1818 ἦθους
356 1783 472 1810 καθόσον
488 1784 552 1819 ἐνῆν
567 1784 679 1820 διεξῄει,
697 1784 735 1816 ὡς
748 1785 792 1811 ἀεὶ
806 1785 855 1820 μὲν
869 1785 980 1816 σύννους

197 1828 256 1853 ἐστὶ
271 1829 318 1855 καὶ
333 1829 548 1864 συνεσταλμένος
560 1831 607 1856 καὶ
620 1830 695 1857 κάτω
709 1830 804 1863 νεύων,
816 1831 878 1862 τοὺς
891 1831 919 1858 δὲ
932 1832 982 1867 τῆς

197 1873 287 1907 ψυχῆς
305 1873 463 1907 ὀφθαλμοὺς
480 1874 536 1902 ἀνω
553 1873 650 1901 τείνων
670 1875 718 1901 καὶ
734 1874 867 1902 πάντοθεν
884 1883 982 1909 συγκε-

199 1918 380 1952 κροτημένος,
395 1920 459 1954 περὶ
480 1919 529 1950 τὰς
541 1919 617 1951 θείας
632 1919 659 1946 δὲ
678 1919 788 1955 Γραφὰς
807 1920 981 1951 ἐσπουδακὼς

198 1963 242 1990 ἀεὶ
256 1965 302 1990 καὶ
318 1964 403 1998 ταχὺς
422 1965 472 1999 μὲν
487 1965 522 1991 τὰ
537 1965 643 2000 χρηστά
661 1966 707 1992 καὶ
723 1967 812 1992 εἰπεῖν
832 1967 879 1993 καὶ
899 1965 980 1992 ἀκοῦ-

199 2017 257 2040 σαι,
273 2007 372 2042 βραδὺς
390 2008 417 2034 δὲ
435 2009 567 2044 προέσθαι
581 2011 671 2045 ῥῆμα·
691 2010 793 2044 φαῦλον
810 2011 838 2037 δέ
854 2020 879 2037 τι
894 2011 982 2037 εἰπεῖν

198 2053 216 2087 ἢ
231 2053 346 2079 ἀκοῦσαι
360 2053 390 2079 τδ
402 2054 466 2088 παρ’
484 2055 556 2081 ἆπαν
570 2055 620 2081 οὐκ
630 2055 752 2087 ἀνεκτὸς,
770 2055 887 2089 γέλωτος
903 2054 983 2090 εῐπερ

170 2089 176 2095 ’
199 2106 243 2129 τις
262 2097 383 2133 κρατῶν,
402 2099 470 2133 πρὸς
485 2099 514 2126 δὲ
536 2100 582 2126 καὶ
604 2100 698 2131 πόνοις
719 2100 855 2131 συντόνοις
866 2089 982 2135 ἀσκήσει

200 2143 401 2177 προσκείμενος
419 2143 585 2179 τραχυτάτῃ.
605 2143 698 2170 Ταῦτα
711 2144 758 2170 καὶ
777 2143 812 2170 τὰ
826 2143 928 2170 τούτων
942 2144 982 2170 ἐτι

199 2188 285 2215 πλείω
301 2189 349 2215 τοῦ
368 2189 488 2223 μοναχοῦ
504 2190 568 2224 περὶ
591 2188 638 2215 τοῦ
653 2189 805 2224 Γρηγορίου
822 2189 979 2222 διεξιόντος,

1025 294 1085 320 quae
1108 287 1141 313 ad
1155 286 1230 314 illum
1246 290 1341 314 contra
1358 286 1540 321 pertinerent,
1559 285 1651 312 omnia
1665 282 1808 319 cognosci-

1026 339 1096 359 mus.
1110 332 1179 359 Tum
1193 332 1257 363 laeti,
1273 333 1363 359 laetum
1379 331 1469 366 ipsum
1483 331 1658 365 accipientes.
1674 329 1708 357 ad
1729 336 1807 356 saera

1027 377 1085 405 loca
1107 378 1281 410 deduximus.
1297 382 1352 405 tam
1366 377 1514 405 verborum
1535 376 1709 408 dexteritate,
1725 383 1807 410 quam

1027 424 1172 457 splendore
1189 431 1307 455 morum,
1326 430 1421 450 omnes
1447 422 1481 449 ad
1507 429 1535 449 se
1553 421 1717 448 trahentem.
1739 420 1807 447 Cum

1028 469 1085 496 haec
1102 469 1207 496 Marcus
1220 469 1412 504 percurrisset,
1429 476 1474 496 res
1490 467 1614 502 quaedam
1633 466 1745 500 contigit
1762 473 1802 493 co-

1028 515 1149 550 gnitione
1162 519 1243 550 atque
1259 515 1390 542 memoria
1404 515 1496 549 digna.
1523 512 1664 548 Siquidem
1679 512 1809 539 universa

1031 561 1189 592 multitudo,
1210 560 1261 587 hoc
1287 567 1412 588 sermone
1429 565 1557 594 tanquam
1576 558 1680 585 insania
1694 557 1810 592 quadam

1029 607 1142 641 percita,
1157 607 1265 634 exsilire
1281 607 1358 634 valde
1374 614 1405 634 ac
1419 606 1539 642 jucunde
1555 605 1702 632 admodum
1731 605 1810 639 plau-

1029 653 1093 680 dere
1109 653 1206 688 coepit;
1223 653 1329 680 sublata
1347 653 1409 680 item
1426 660 1493 681 voce
1512 659 1602 680 aerem
1625 651 1743 678 clamore
1760 651 1812 677 im-

1029 697 1145 731 plentes,
1159 697 1213 724 Deo
1229 697 1265 724 ob
1285 704 1340 724 rem
1355 701 1408 723 tam
1424 696 1613 724 admirandam
1629 695 1731 730 gratias
1745 702 1811 729 age-

1029 743 1112 774 bant,
1127 743 1241 778 ejusque
1256 751 1358 771 nomen
1382 743 1460 770 miris
1476 742 1608 769 laudibus
1622 741 1811 769 cumulabant.

1030 788 1118 823 Atque
1134 788 1199 816 hinc
1217 789 1327 822 quidem
1344 788 1492 816 multitudo
1515 795 1612 823 magna
1628 787 1812 815 communiter

1030 834 1139 869 perfusa
1156 835 1262 867 Letitia,
1279 839 1335 862 tum
1361 835 1512 870 praesertim
1535 839 1662 869 parentes
1676 832 1811 868 Gregorii,

1031 888 1087 915 pra;
1101 881 1251 915 voluptatis
1271 880 1394 908 ubertate
1409 889 1424 908 a
1439 879 1592 908 constantia
1608 879 1708 906 mentis
1719 878 1812 906 desci-

1029 934 1102 957 vere.
1118 927 1146 953 in
1157 931 1313 961 terramque
1326 926 1495 954 semimortni
1508 925 1680 954 ceciderunt.
1692 924 1727 952 Ut
1736 925 1810 952 enim

1031 971 1225 998 immoderatus
1246 972 1325 998 dolor
1347 972 1509 1007 plerumque
1528 971 1556 998 in
1581 975 1723 1006 stuporem
1744 970 1811 1005 agit,

1030 1016 1070 1043 sic
1098 1017 1276 1044 nihilominus
1299 1018 1447 1051 voluptatis
1470 1017 1630 1052 magnitudo
1651 1017 1776 1044 homines
1797 1023 1813 1043 ι

1032 1066 1121 1088 mente
1136 1061 1277 1089 discedere
1291 1062 1439 1096 compellit,
1461 1067 1490 1089 ut
1503 1062 1630 1096 utrinque
1645 1069 1725 1097 grave
1741 1061 1814 1097 peri-

1031 1106 1123 1134 culum
1138 1107 1295 1142 impendere
1308 1111 1424 1135 constet.

1067 1239 1126 1266 XX.
1146 1239 1205 1266 Mox
1220 1246 1312 1266 coram
1331 1239 1422 1266 Marco
1446 1243 1632 1274 assurgentes,
1655 1239 1755 1273 vixque
1770 1239 1812 1266 sui

1032 1289 1172 1318 compotes
1193 1285 1268 1316 facti,
1295 1285 1376 1312 dictis
1400 1285 1492 1317 ﬁdem,
1518 1285 1599 1319 idque
1622 1285 1736 1312 fortasse
1758 1292 1814 1318 prae

1032 1329 1131 1364 gaudio
1146 1330 1230 1364 (juxta
1249 1330 1341 1357 divina
1368 1330 1480 1365 scripta)
1501 1338 1508 1356 :
1534 1330 1630 1358 Adhuc
1645 1335 1735 1357 autem
1759 1330 1813 1358 illis

1031 1383 1084 1401 non
1096 1374 1271 1402 credentibus
1281 1383 1335 1409 pra:
1358 1375 1468 1409 gaudio,
1478 1383 1531 1402 non
1539 1375 1686 1402 habebant.
1698 1375 1814 1403 Proinde

1033 1421 1169 1448 dictorum
1187 1420 1279 1451 fidem,
1294 1421 1407 1456 perinde
1422 1426 1504 1455 atque
1531 1420 1625 1447 isthzee
1640 1420 1723 1447 verba
1740 1427 1814 1447 som-

1032 1466 1107 1493 nium
1125 1470 1225 1498 essent,
1243 1466 1301 1501 tieri
1325 1467 1375 1494 sibi
1403 1466 1588 1501 postulabant.
1612 1465 1814 1500 Numquidnam

1032 1511 1102 1538 filius
1128 1515 1222 1539 noster
1233 1513 1400 1546 unigenitus,
1415 1512 1610 1540 dilectissimus
1622 1512 1709 1539 vivit‘l
1723 1511 1757 1540 At
1769 1511 1814 1539 ille

1032 1556 1106 1582 lume
1122 1556 1191 1583 bene
1206 1557 1338 1591 beateque
1355 1557 1382 1584 in
1402 1558 1457 1584 Deo
1474 1557 1566 1584 vivere
1582 1557 1662 1584 dixit.
1687 1557 1723 1585 Ut
1746 1563 1814 1584 vero

1032 1601 1100 1628 nihil
1117 1601 1179 1633 illis,
1195 1601 1230 1628 de
1251 1609 1306 1636 quo
1321 1602 1502 1637 ambigerem,
1527 1603 1742 1636 relinqueretur,
1759 1602 1816 1629 for-

1032 1653 1103 1672 mam
1127 1647 1188 1681 ejus
1213 1646 1326 1679 edinxit,
1343 1647 1544 1674 adolescentem
1559 1647 1634 1674 illum
1653 1654 1719 1674 sane
1733 1653 1815 1680 quam

1032 1691 1162 1718 decorum
1185 1697 1290 1726 patrem
1304 1693 1381 1720 valde
1401 1693 1503 1720 referre
1526 1701 1618 1725 suum,
1641 1693 1734 1720 colore
1760 1692 1814 1719 ful-

1033 1744 1108 1769 vum,
1133 1737 1276 1772 pulchrum
1291 1738 1395 1769 oculos,
1411 1738 1540 1772 prazdulei
1559 1745 1634 1770 voce,
1660 1737 1749 1764 acutis
1767 1745 1815 1764 au-

1033 1783 1109 1810 ribus
1124 1790 1201 1812 esse:
1225 1791 1256 1811 ac
1278 1784 1388 1811 demum
1405 1792 1495 1812 mores
1509 1784 1631 1819 ejusdem
1656 1791 1705 1818 per
1722 1783 1815 1810 omnia

1032 1829 1200 1858 recensebat.
1223 1829 1308 1863 Quam
1325 1829 1369 1857 ille
1386 1829 1516 1864 prudens,
1539 1837 1620 1864 quam
1638 1828 1737 1859 sciens.
1761 1827 1817 1854 hu-

1033 1874 1090 1900 mili
1104 1874 1164 1901 loco
1181 1875 1297 1909 positus,
1317 1875 1416 1902 mentis
1431 1875 1526 1902 oculos
1541 1875 1568 1902 in
1593 1875 1679 1902 cmlos
1694 1874 1814 1904 tolleret,

1033 1927 1064 1946 ac
1077 1919 1197 1954 undique
1222 1920 1364 1947 favorabili
1384 1925 1515 1956 exceptus
1541 1921 1648 1955 plausu,
1668 1921 1696 1947 in
1722 1920 1815 1947 divina

1033 1965 1134 2000 scripta
1151 1974 1258 2000 semper
1273 1967 1456 1994 incumberet.
1472 1967 1512 1994 Ae
1526 1966 1604 1993 velox
1617 1965 1729 2000 quidem
1745 1964 1814 1998 opti-

1033 2010 1085 2037 mis
1101 2009 1253 2044 quibusque
1267 2015 1323 2037 tum
1338 2010 1494 2045 loquendis,
1509 2015 1566 2037 tum
1582 2008 1739 2039 audiendis,
1751 2015 1814 2035 cum

1033 2053 1135 2088 alioqui
1153 2054 1247 2081 tardus
1269 2055 1303 2082 ad
1318 2055 1485 2090 loquendum
1501 2055 1593 2082 foret:
1614 2055 1733 2082 levitatis
1748 2061 1813 2081 vero

1033 2099 1183 2135 quamlibet
1205 2099 1358 2132 minimum,
1377 2108 1427 2127 nec
1449 2100 1540 2127 dicere
1562 2107 1614 2127 nec
1630 2099 1727 2126 audire
1744 2106 1818 2126 nun-

1033 2153 1113 2180 quam
1127 2145 1240 2173 omnino
1257 2145 1396 2173 sustinuit.
1414 2145 1507 2177 Risus,
1521 2152 1604 2179 quam
1618 2144 1665 2178 qui
1680 2144 1809 2176 maxime,

1034 2192 1177 2219 continens
1187 2195 1256 2218 erat.
1273 2191 1398 2219 Assiduis
1413 2195 1544 2225 praeterea
1556 2189 1708 2222 laboribus,
1722 2197 1815 2224 asper-

197 2234 294 2269 ήδονῆς
310 2236 322 2260 ό
342 2235 469 2268 σύλλογος
490 2233 653 2269 ἐπληροῦτο,
670 2236 717 2261 καὶ
738 2235 793 2266 τοῖς
825 2235 947 2268 γονεῦσιν
964 2234 978 2260 ὁ

1034 2238 1162 2272 τίηιοείιυο
1175 2237 1362 2265 exercitationi
1376 2236 1506 2264 haerebat.
1523 2236 1591 2264 Cum
1606 2236 1663 2264 haec
1676 2240 1758 2270 atque
1772 2235 1818 2262 his
1854 2250 1858 2254 ~

196 2279 244 2306 τοῦ
261 2280 356 2312 παιδὸς
373 2279 483 2311 ἔπαινος
498 2279 558 2306 ἀντὶ
573 2280 621 2307 τοῦ
635 2280 729 2311 παιδὸς
745 2280 784 2312 εἰς
802 2279 978 2315 παραμυθίαν

197 2326 356 2353 καθίστατο,
375 2326 500 2353 Ἐὂόκουν
523 2326 578 2361 γὰρ
593 2325 674 2352 αὑτὸν
691 2326 794 2353 ἐκεῖνον
816 2327 894 2361 όρᾷν,
909 2325 980 2353 οὕτω

198 2372 271 2407 σοιφῆ
287 2373 337 2407 τῆς
348 2373 452 2399 ἐκείνου
463 2372 553 2407 ψνχῆς
567 2371 713 2402 ἀκούοντες
727 2372 787 2407 ῐχνη
802 2380 832 2398 τε
847 2372 893 2398 καὶ
912 2381 981 2406 γνω-

201 2418 329 2452 ρίσματσ..
348 2418 402 2444 Καὶ
415 2418 449 2444 τὰ
462 2418 512 2452 μὲν
532 2417 594 2444 κατ’
611 2418 708 2449 αὐτοὺς
721 2415 772 2444 ὧδέ
793 2426 830 2451 πη
849 2416 931 2452 εἶχεν.
948 2418 979 2443 Οί

198 2460 228 2487 δὲ
260 2462 373 2495 μοναχοὶ
400 2461 509 2496 ἡμέρας
531 2461 590 2488 ὲκεί
621 2461 801 2495 διαγαγόντες
819 2463 904 2496 τρεῖς,
931 2462 980 2496 τὴν

199 2506 306 2534 ἑαυτῶν
326 2507 491 2541 πορεύεσθαι
513 2507 718 2541 διεγνώκεισαν,
745 2506 793 2534 καὶ
824 2508 863 2537 εἰς
888 2507 980 2533 πλοῖον

200 2551 491 2587 ὲμϐάντες.¹ὲπιφόρου
518 2553 645 2587 τυχόντες
675 2552 841 2586 πνεύματος,
867 2552 911 2578 διὰ
935 2560 982 2578 ’τα-

199 2598 280 2632 χέων,
293 2598 322 2624 ὲν
338 2597 473 2631 Πανόρμῳ
487 2607 517 2624 τε
534 2598 777 2633 προσορμιζονται,
790 2598 918 2624 κάκεῖθεν
933 2598 981 2634 τὴν

200 2644 317 2678 πατρίδα
337 2643 450 2678 Ῥώμην
477 2644 576 2670 καὶτὸ
608 2645 712 2670 ἑαυτῶν
743 2644 982 2679 καταλαμϐάνουσι

200 2690 420 2725 φροντιστήριον.
451 2690 506 2716 Καὶ
532 2689 636 2721 τούτοις
660 2690 710 2725 μὲν
735 2690 855 2716 τοιοῦτον
873 2691 903 2717 τὸ
933 2691 982 2725 τῆς

201 2734 285 2768 ἀποδη
291 2735 355 2769 μίας
371 2735 469 2770 πέρας.

235 2780 300 2807 Kft'.
321 2780 351 2807 '0
371 2781 399 2809 δέ
417 2790 448 2814 γε
467 2781 626 2817 Γρηγόριος,
639 2783 788 2816 ὑπομείνας
808 2782 981 2817 ἐνἸροσολύ-

201 2833 271 2858 μοις,
285 2825 321 2856 ὡς
335 2826 478 2860 προλαϐὼν
491 2828 504 2853 ό
521 2826 598 2859 λόγος
615 2826 746 2862 ἐδήλωσε.
768 2827 814 2853 καὶ
827 2828 870 2854 τὸν
884 2828 980 2854 ἑαυτοῦ

200 2871 300 2907 δρόμον
312 2871 425 2907 τρέχων,
444 2873 544 2909 μᾶλλον
561 2872 589 2899 δὲ
622 2873 664 2900 ἀεὶ
691 2872 773 2900 νικῶν
800 2873 896 2900 ἑαυτὸν
934 2874 981 2900 καὶ

1032 2283 1111 2317 longe
1133 2283 1234 2317 majora
1251 2283 1402 2309 monachus
1416 2283 1584 2316 loqueretur,
1608 2282 1653 2309 illa
1671 2281 1812 2308 hominum

1032 2329 1185 2363 frequentia
1199 2328 1301 2355 laetitiis
1321 2329 1449 2362 omnibus
1469 2328 1591 2359 incessit,
1608 2328 1740 2362 puerique
1755 2327 1815 2353 laus

1033 2374 1191 2409 parentibus
1206 2381 1255 2409 pro
1276 2373 1332 2400 filio
1347 2374 1375 2401 in
1392 2374 1606 2402 consolationem
1631 2374 1718 2402 steiit.
1734 2373 1811 2400 illum

1033 2419 1120 2454 ipsum
1136 2419 1208 2446 enim
1233 2419 1332 2447 intueri
1359 2419 1536 2453 videbantur,
1562 2420 1605 2448 sic
1628 2421 1688 2455 ejus
1711 2418 1812 2447 indicia

1032 2464 1115 2492 animi
1130 2469 1211 2499 atque
1227 2465 1340 2499 vestigia
1356 2465 1499 2493 manifesta
1516 2466 1713 2500 percipiebant.
1728 2465 1767 2492 Ac
1777 2464 1812 2492 de

1034 2511 1075 2537 his
1087 2510 1198 2544 quidem
1222 2511 1364 2538 hactenus.
1391 2511 1476 2539 Porro
1499 2511 1624 2539 monachi
1651 2510 1741 2538 triduo
1757 2510 1813 2537 illic

1033 2556 1202 2588 commorati,
1229 2556 1280 2584 iter
1288 2565 1370 2585 suum
1388 2558 1513 2592 persequi
1532 2558 1718 2585 instituerunt.
1736 2556 1811 2589 Quo-

1033 2602 1111 2628 circa
1136 2601 1226 2628 navim
1258 2601 1418 2635 subeuntes,
1447 2602 1581 2629 Panormo
1614 2601 1812 2628 secundissimo

1033 2646 1252 2674 vento‘celeriter
1263 2647 1466 2682 applicuerunt.
1476 2647 1554 2674 Illinc
1563 2647 1675 2674 Romam
1690 2647 1812 2681 patrium

1032 2691 1119 2719 solum
1128 2698 1206 2718 suum
1219 2698 1354 2726 suumque
1366 2691 1486 2725 ipsorum
1498 2690 1692 2718 monasterium
1703 2695 1810 2725 petunt.

1034 2737 1066 2764 Et
1082 2737 1104 2764 is
1118 2737 1228 2772 quidem
1246 2745 1340 2764 eorum
1358 2737 1605 2771 peregrinationem
1618 2736 1682 2763 finis
1693 2737 1810 2771 excepit.

1067 2783 1138 2810 xxa.
1158 2782 1306 2817 Gregorius
1320 2790 1385 2810 vero
1397 2782 1591 2818 Hierosolymis
1606 2782 1649 2817 (ut
1664 2790 1753 2810 sermo
1764 2791 1812 2810 su-

1034 2827 1126 2861 perius
1147 2826 1288 2859 indicavit)
1305 2826 1449 2858 exsistens,
1467 2834 1632 2862 cursumque
1648 2835 1729 2855 suum
1747 2835 1814 2855 con<

1035 2873 1137 2907 ficiens,
1154 2873 1220 2910 quin
1236 2873 1327 2910 potius
1338 2874 1458 2909 seipsum
1470 2873 1592 2902 vincens.
1605 2881 1754 2909 secumque
1765 2873 1815 2901 des
