2077 3148
736 148 758 162 ’⁸-

250 169 304 202 215

868 170 1010 202 MENSIS
1032 170 1247 203 NOVEMBER.

1813 168 1864 201 216

248 228 366 256 certans,
382 222 514 251 diaconus
527 232 543 252 a
562 224 718 260 patriarcha
744 224 862 254 Macario
877 226 1007 261 deligitur
1021 233 1026 252 :

1084 227 1150 260 πρὸς
1166 226 1261 253 ἑαυτὸν
1275 225 1475 260 ἁμιλλώμενος,
1492 226 1617 256 διάκονος
1640 224 1714 258 παρὰ
1737 223 1784 251 τοῦ
1812 233 1866 250 πα-

247 278 263 297 ι
278 278 333 306 quo
345 269 425 298 divus
438 269 586 306 Gregorius
600 276 781 299 commeatum
797 271 935 300 Olivarum
954 278 1032 298 mon-

247 315 292 347 tis,
308 316 477 350 Petrumque
495 315 522 342 in
541 316 588 344 illa
615 321 716 344 sancta:
740 317 860 344 civitatis
883 317 1030 344 solitudine

245 361 402 396 degentium
417 361 594 389 visendorum
612 364 697 397 gratia
713 363 801 398 petiit,
820 363 898 396 cujus
913 370 974 390 cum
986 370 1030 389 ar‘

245 405 329 433 bitrio
343 406 396 434 hoc
412 407 501 441 ipsum
517 409 733 443 permitteretur,
748 409 811 439 iter.
830 417 884 444 quo
898 410 986 437 l'ertur
1001 409 1029 436 in

245 451 406 480 interiorem
423 458 557 486 eremhm,
573 455 740 490 aggreditur.
760 455 884 490 Cumque
901 461 956 482 tres
970 454 1030 482 dies

245 496 300 524 iter
327 497 448 530 fecisset,
476 499 509 526 ad
534 505 636 528 sextam
663 500 719 528 fere
742 501 836 528 horam
864 501 1027 528 monachum

246 543 387 571 consuetis
410 549 551 572 vacantem
570 546 698 580 precibus
721 547 842 581 reperit:
863 555 944 582 quem
966 554 1028 574 cum

246 589 432 622 convenisset,
446 589 472 616 in
484 597 693 626 sermonemque
705 591 866 619 familiarem
877 592 1028 625 incidisset,

245 633 354 666 quando
369 633 413 660 ille
426 634 494 662 nihil
509 635 601 663 minus
618 636 691 664 hunc
704 636 793 671 ipsum
808 637 917 664 virtutis
933 637 1031 671 depre-

245 676 378 706 henderat
399 684 559 713 amatorem,
577 681 604 708 in
627 681 689 709 vitae
705 689 797 709 secum
815 682 1027 710 contubernium

244 723 362 758 accepit.
380 724 478 752 Verum
493 733 554 753 cum
567 730 628 761 post
641 727 736 762 viginti
748 727 807 754 dies
818 735 872 754 una
888 734 948 754 cum
960 727 1030 754 Gre-

243 769 321 804 gorio
341 770 404 798 illac
415 770 469 798 iter
479 770 593 803 faceret.
610 772 710 805 locum,
729 772 756 799 in
772 780 827 807 quo
842 772 967 800 monachi
981 772 1030 799 do-

244 813 378 842 micilium
396 815 511 851 dumque
536 817 632 851 palmae
661 821 749 851 erant,
764 817 915 845 indicavit:
931 818 1029 852 ingens

244 859 299 892 hic,
313 868 330 887 o
343 861 490 895 ﬁli(locum
505 861 591 897 digito
607 862 728 897 signans,
743 863 866 890 subdidit
882 863 949 896 ille),
965 863 1027 890 the-

1086 271 1218 305 τριάρχου
1233 271 1377 306 Μακαριου
1394 273 1600 306 χειροτονεῖται,
1616 270 1646 296 ὃν
1663 271 1694 303 δὴ
1721 269 1838 301 ἀξιώσας
1851 270 1865 295 ὁ

1085 318 1156 349 θεῖος
1179 317 1339 352 Γρηγόριος.
1352 318 1423 344 τότε
1442 317 1504 352 ὅρος
1527 318 1581 343 τῶν
1605 317 1702 343 ἐλαιῶν
1733 316 1796 341 [δεῖν
1818 315 1865 342 καὶ

1084 365 1146 394 τοὺς
1162 364 1233 390 κατὰ
1246 364 1294 397 τὴν
1314 363 1416 397 ἔρημον
1439 365 1487 397 τῆς
1514 364 1593 395 ἁγῑας
1617 363 1718 391 πόλεως
1742 361 1865 394 Πατέρας

1084 410 1248 443 περιελθεῖν,
1266 410 1314 435 καὶ
1328 410 1490 444 ἐπιτραπεὶς
1510 409 1623 442 ἄρχεται
1653 408 1704 440 τῆς
1726 406 1786 432 ἥδιιῦ
1815 406 1864 438 τῆς

1084 456 1130 481 ἐπὶ
1156 456 1205 489 τὴν
1219 456 1357 490 ὲνδοτέραν
1376 456 1509 489 φερούσης
1531 455 1644 489 ἔρημον.
1678 453 1798 486 Ἡμέρας
1836 451 1864 477 δὲ

1083 503 1114 536 τῇ
1132 502 1271 537 ὁδοιπορίᾳ
1296 503 1369 536 τρεῖς
1388 501 1525 532 διανύσας,
1542 499 1633 534 σχεδᾶν
1661 507 1710 524 που
1726 498 1790 531 περὶ
1815 497 1863 528 τὴν

1083 549 1166 583 ἕκτην
1181 548 1255 582 ὥραν
1277 547 1482 580 καταλαμϐάνει
1496 547 1556 572 τινὰ
1572 545 1686 580 μοναχὴν
1707 544 1754 573 τὰς
1783 543 1864 575 συνή-

1084 594 1140 625 θεις
1154 593 1237 628 εὐχὰς
1250 594 1420 628 ποιούμενον.
1436 592 1529 626 Τούτῳ
1541 592 1572 626 δὴ
1596 591 1792 624 συγγενόμενος
1816 589 1864 615 καὶ

1084 643 1123 673 εἰς
1143 641 1241 675 λόγους
1257 640 1341 667 ἐλθὼν
1356 641 1416 667 ἐπεὶ
1444 641 1569 671 κάκεῖνος
1583 639 1664 665 αὑτὸν
1688 637 1865 670 ἐγνωὰρετῆς

1084 687 1177 721 ἄκρως
1193 685 1436 720 μεταποιούμενον.
1461 685 1517 718 μεθ’
1533 683 1628 710 ἑαυτοῦ
1644 681 1863 715 παραλαμϐάνει.

1089 732 1133 757 Ἐν
1151 732 1269 766 ἡμέραις
1288 731 1316 757 δὲ
1327 731 1416 757 εἴκοσι
1433 731 1483 766 τὴν
1502 730 1586 765 αὐτὴν
1600 729 1711 755 ὁδεύσας
1727 728 1764 762 τῷ
1793 727 1866 760 Γρη-

1083 777 1178 812 γορξῳ,
1196 777 1316 803 δείκνυσι
1329 777 1410 803 τόπον
1428 775 1502 810 αύτῷ
1514 784 1574 802 τινα
1590 772 1648 808 ὲνῷ
1663 773 1747 806 σκηνή
1766 781 1794 798 τε
1815 781 1864 806 μο-

1086 823 1166 858 ναχοῦ
1183 821 1227 857 ἦν,
1241 823 1287 852 καὶ
1300 822 1346 849 δύο
1363 822 1484 856 φοίνικες
1500 822 1682 854 ἐπεφύκεσαν.
1699 819 1800 845 Τοῦτον
1815 817 1863 843 αὖ·

1084 870 1122 905 τῷ
1138 870 1176 903 τῷ
1187 869 1310 904 δακτύλῳ
1327 869 1417 901 δείξας
1432 869 1478 895 καὶ
1499 867 1594 898 εἰπὼν,
1612 865 1755 897 Ἐνταῦθα,
1785 864 1862 898 φησι,

242 914 341 934 saurus
354 912 397 935 est
409 907 531 940 abditus,
545 915 644 943 nempe
659 909 864 937 exercitationis
881 909 961 936 laude
980 916 1026 943 pa-

1081 916 1103 943 ῶ
1133 917 1193 948 παῖ,
1219 916 1308 950 μέγας
1342 915 1528 949 ἐγκέκρυπται
1556 912 1704 948 θησαυρὸς,
1733 911 1819 945 μέγας
1832 911 1861 936 ὲν

245 957 286 980 ter
300 954 543 987 eminentissimus,
559 960 688 990 tuusque,
701 955 729 983 id
746 956 800 984 nisi
813 957 870 991 ipse
880 956 1024 989 detrectes,

242 1003 366 1027 servator
379 1001 498 1032 futurus.
517 1002 635 1030 Proinde
650 1002 760 1035 accede,
773 1007 800 1030 et
815 1003 926 1037 pulsans
942 1002 1023 1035 fores,

243 1045 351 1073 obviam
367 1047 417 1074 tibi
428 1047 606 1082 prodeuntem
619 1048 751 1082 habebis;
762 1049 834 1083 quod
847 1049 868 1076 si
885 1049 1025 1083 psallendo

243 1091 431 1124 distinebitur,
446 1097 556 1120 cantum
570 1101 632 1121 cum
647 1095 705 1127 illo,
720 1094 786 1122 foris
804 1094 926 1129 alioquin
940 1100 1024 1127 stans,

244 1143 430 1171 prosequere;
447 1144 508 1165 cum
527 1145 592 1165 vero
607 1138 722 1166 canendi
740 1138 821 1166 finem
840 1138 946 1171 fecerit,
961 1139 1026 1167 hinc

242 1181 290 1208 tibi
304 1189 375 1209 cura:
384 1182 431 1214 sit.
443 1183 590 1218 quominus
602 1183 652 1210 hac
665 1184 722 1218 ipsa
733 1184 875 1211 frustreris
888 1185 1024 1218 indagine.

243 1225 302 1254 “sec
324 1234 390 1255 sane
416 1235 478 1256 cum
501 1229 546 1256 ille
567 1229 691 1262 dixisset,
717 1234 844 1265 essetque
865 1230 1026 1264 Gregorium

242 1273 423 1306 amplexatus,
438 1273 574 1302 discessit.

279 1318 362 1346 XXII.
381 1319 418 1346 At
438 1326 504 1346 vero
525 1327 587 1346 cum
604 1319 650 1348 hic
677 1320 755 1348 ﬂexis
783 1319 908 1355 genibus.
934 1321 1028 1348 oculos

241 1372 352 1391 sursum
378 1364 407 1391 in
421 1364 521 1391 caelum
539 1365 648 1397 tollens,-
674 1369 790 1396 orasset,
807 1373 921 1400 seseque
937 1366 1028 1393 crucis

243 1409 323 1444 signo
339 1409 554 1444 prmmuniisset,
571 1409 687 1437 ﬁdenter
702 1411 887 1445 gradiebatur.
904 1411 1028 1446 Cumque

243 1454 277 1480 ad
302 1454 394 1481 locum
410 1455 589 1489 pertingeret,
605 1459 748 1484 canentem
763 1457 841 1492 quasi
857 1457 964 1484 turbam
978 1465 1027 1484 au-

243 1499 334 1526 divit:
351 1500 400 1527 sed
415 1508 477 1528 cum
493 1502 607 1536 propius
623 1502 793 1534 accessisset,
809 1510 864 1529 non
881 1507 937 1530 tum
955 1502 1026 1529 mul-

244 1543 402 1578 titudinem,
420 1545 467 1573 sed
480 1547 563 1574 veluti
578 1551 635 1575 tres
648 1551 778 1575 canentes
793 1547 898 1580 audire,
914 1548 967 1575 sibi
986 1548 1025 1575 vi-

243 1597 291 1617 sus
304 1594 356 1618 est.
370 1590 461 1624 Quare
483 1591 581 1620 timore
598 1593 752 1628 perculsus,
768 1593 802 1621 ad
816 1594 927 1629 januam
944 1593 1028 1621 silens

241 1637 498 1672 appropinquabat;
515 1639 561 1666 sed
576 1639 621 1667 ille
633 1646 696 1667 cum
709 1645 819 1667 cantum
836 1640 910 1667 intus
921 1640 1029 1674 exples-

240 1686 294 1714 set,
311 1689 360 1716 per
378 1687 552 1711 transennam
568 1685 715 1719 aspiciens,
731 1693 799 1713 voce
813 1686 972 1718 Gregorium
987 1686 1029 1712 in-

240 1726 380 1755 clamavit.
399 1726 449 1755 Hic
463 1736 527 1756 vero
553 1729 640 1756 multo
652 1730 737 1765 magis
749 1731 784 1757 ob
801 1730 921 1757 nominis
934 1731 1028 1765 appel-

240 1771 370 1798 lationem
396 1772 593 1806 pertimescere
620 1774 714 1808 ctepit.
735 1778 763 1801 et
787 1774 893 1802 vocanti
919 1782 1026 1809 parens,

241 1815 404 1851 ingreditur,
422 1824 537 1852 seseque
552 1818 679 1854 lacrymis
694 1826 726 1846 ac
738 1819 888 1846 sudoribus
903 1820 1028 1846 circum-

240 1860 330 1894 fusus,
355 1862 430 1890 illius
449 1863 487 1890 ad
511 1864 595 1898 pedes
621 1865 749 1900 proiecit.
776 1865 900 1900 Cumque
921 1866 955 1893 ab
981 1873 1026 1899 eo,

241 1906 327 1934 Deum
339 1912 369 1934 ut
378 1915 428 1943 pro
440 1916 469 1936 se
481 1914 586 1941 oraret,
596 1911 730 1945 petiisset,
742 1911 849 1946 sibique
860 1911 925 1938 illud
937 1911 1027 1946 ipsum

239 1953 393 1986 praestitum
415 1959 498 1988 esset,
516 1955 589 1989 apud
603 1963 697 1983 senem
720 1960 916 1990 commoratur,
933 1965 1027 1991 gram-

240 1999 427 2033 maticamquc
446 2003 474 2027 et
491 2000 626 2035 quidquid
643 2006 786 2036 poetarum
806 2001 884 2029 libris
898 2003 1025 2030 contine-

240 2047 295 2075 tur.
313 2044 479 2072 rhetoricam
499 2046 575 2078 item,
596 2047 844 2085 ac‘philosophiam
863 2047 947 2080 illam,
964 2056 1025 2083 quae

239 2089 334 2116 animo
352 2094 379 2117 et
394 2091 626 2126 contemplatione
638 2092 759 2119 cernitur
776 2093 848 2127 (nam
864 2100 924 2127 qua:
936 2093 964 2120 in
979 2101 1023 2121 rc-

239 2143 300 2162 ium
314 2136 422 2164 actione
437 2141 573 2168 versatur,
588 2138 643 2174 jam
659 2138 764 2173 pridem
783 2138 939 2172 didicerat),
955 2139 1024 2167 edo-

238 2185 326 2208 cetur.
345 2181 485 2216 Siquidem
500 2191 582 2210 senex
600 2183 634 2210 ab
663 2183 706 2210 his
719 2184 848 2211 omnibus
861 2183 930 2211 belle
947 2192 1025 2219 para-

238 2231 283 2254 tus
307 2232 378 2259 erat,
409 2228 620 2263 litterarumque
649 2228 804 2256 Graecarum
830 2230 971 2258 doctorem
996 2238 1026 2259 se

239 2272 386 2305 praestabat
396 2273 538 2300 eximium.
555 2274 621 2300 Tam
639 2273 740 2301 all‘abre
754 2274 902 2308 Gregorius
918 2275 1027 2302 littera-

242 2324 302 2344 rum
321 2317 423 2344 divitiis
438 2322 545 2350 auctus,
563 2327 614 2346 nec
627 2319 725 2347 minori
753 2327 861 2347 morum
876 2324 958 2355 atque
969 2321 1028 2348 vir-

241 2362 320 2394 tutis,
334 2363 490 2391 accessione
506 2364 585 2396 facta,
617 2364 655 2392 illi
678 2365 882 2392 adhaerescebat
905 2375 912 2393 :
929 2373 943 2392 a
959 2374 1027 2401 quo,

240 2416 363 2443 quasnam
388 2417 417 2437 se
442 2411 599 2438 vexationes
629 2411 765 2438 invasurae
786 2415 888 2442 essent.
913 2411 1027 2439 edoctus

239 2456 309 2489 (crat
334 2455 408 2482 enim
430 2455 541 2484 divinus
567 2457 611 2484 ille
636 2456 679 2484 vir
698 2456 770 2483 inter
794 2461 891 2483 caetera
916 2457 1026 2484 venturi

239 2500 393 2537 praescius),
408 2509 506 2529 rursus
533 2501 568 2529 ad
586 2509 663 2529 sacra
676 2502 734 2529 loca
752 2502 863 2536 pergit:
880 2502 907 2528 in
925 2502 1026 2537 quibus

237 2553 299 2574 cum
314 2554 363 2580 per
375 2555 476 2574 annum
492 2547 615 2579 vixisset,
631 2546 706 2574 illinc
719 2547 745 2573 in
762 2546 931 2573 Antiochiam
948 2546 1024 2575 abit:

236 2593 307 2627 apud
322 2601 404 2628 quam
417 2601 522 2621 moram
538 2593 659 2625 trahens,
680 2599 781 2619 annum
798 2591 890 2619 itidem
906 2600 1026 2620 commo«

235 2642 313 2665 ratus
328 2643 380 2666 est.
397 2639 522 2672 Cumque
542 2641 618 2666 esset
635 2638 728 2672 plures
741 2637 866 2665 eruditos
883 2645 1024 2667 sermones

236 2684 447 2718 interpietatus,
470 2693 519 2713 nec
535 2692 638 2720 paucos
662 2684 721 2718 ipse
736 2684 947 2719 composuisset,
965 2692 1023 2712 om-

235 2729 317 2756 ni‘ms
331 2728 375 2756 sui
394 2730 577 2756 admiratione
602 2730 713 2764 injecta,
731 2729 764 2756 ad
781 2736 906 2764 magnam
928 2737 960 2757 ac
977 2738 1021 2757 re-

235 2775 306 2809 giam
334 2774 508 2802 Constantini
525 2775 666 2802 civitatem
684 2775 839 2803 concessit:
857 2776 967 2811 quando
981 2776 1021 2805 di-

234 2820 300 2847 vina
315 2819 392 2848 illum
410 2821 522 2848 omnino
533 2821 703 2856 providentia
717 2829 750 2849 eo
762 2821 947 2856 compelleret,
963 2827 991 2850 el
1003 2830 1018 2850 a

1043 1576 1064 1607 C

1078 962 1193 997 ἀσκήσει
1216 961 1307 995 πατὴρ
1320 960 1367 987 καὶ
1391 960 1449 990 σὸς,
1478 960 1501 985 εἰ
1533 959 1622 993 θέλῃς,
1650 957 1752 991 σωτήρ.
1784 954 1864 982 Ἀλλὰ

1078 1007 1186 1041 πρόσιθι
1197 1007 1243 1033 καὶ
1251 1007 1334 1040 κόψας
1342 1007 1391 1040 τὴν
1400 1005 1494 1038 Θύραν,
1504 1003 1575 1036 ἕξεις
1587 1003 1667 1030 αύτδν
1679 1002 1862 1029 ὑπακούοντα.

1081 1053 1130 1079 “Av
1147 1052 1175 1079 δέ
1187 1061 1219 1086 γε
1239 1051 1350 1086 ψάλλων
1366 1051 1497 1086 τυγχάνῃ.
1514 1050 1618 1083 πλήρου
1643 1049 1691 1075 σὺν
1713 1047 1787 1082 αὒτῷ
1815 1047 1864 1081 τὴν

1078 1097 1149 1133 ᾠδὴν
1161 1097 1248 1128 ἑστὼς
1264 1097 1373 1129 ἔξωθεν·
1397 1097 1442 1122 καὶ
1461 1096 1529 1129 μετὰ
1545 1095 1575 1121 τὸ
1598 1094 1763 1124 παύσασθαι,
1776 1093 1816 1119 σοὶ
1834 1091 1864 1118 τὸ

1079 1144 1203 1170 ἐντεῦθεν
1219 1143 1321 1178 μελέτω
1333 1143 1408 1174 ὅπως
1422 1142 1472 1176 τῆς
1489 1142 1577 1176 θήρας
1597 1141 1632 1175 μὴ
1654 1140 1816 1174 διαμάρτῃς·
1833 1138 1862 1164 Ὀ

1081 1189 1140 1224 μὲν.
1159 1188 1278 1214 τοσαῦτα
1296 1187 1382 1214 εἰπὼν
1399 1187 1447 1213 καὶ
1461 1187 1505 1212 τὸν
1519 1186 1671 1221 Γρηγόριον
1699 1184 1821 1213 demissi:
1836 1193 1864 1209 ε-

1079 1243 1133 1266 νος,
1148 1233 1289 1268 ἀνεχώρει.

1116 1319 1182 1347 KB’.
1201 1320 1230 1346 Ὀ
1240 1319 1268 1346 δὲ
1282 1319 1316 1346 τὰ
1328 1321 1429 1353 γόνατα
1441 1319 1546 1350 κλίνας,
1564 1319 1628 1350 τοὺς
1652 1318 1680 1345 δὲ
1709 1316 1865 1351 ὀφθαλμοὺς

1079 1366 1129 1400 τῆς
1145 1365 1265 1397 διανοίας
1280 1366 1335 1392 ἅνω
1348 1365 1414 1400 πρὸς
1432 1365 1546 1398 οὐρανδν
1559 1365 1649 1394 τείνας
1669 1363 1714 1390 καὶ
1747 1371 1865 1397 προσευ-

1081 1411 1207 1445 ξάμενος,
1223 1411 1261 1445 τῷ
1272 1412 1352 1447 τύπῳ
1365 1420 1394 1437 τε
1412 1411 1458 1437 τοῦ
1477 1410 1596 1444 σταυροῦ
1630 1409 1863 1444 σφραγισάμενος,

1081 1456 1180 1491 ἐχώρει
1203 1457 1324 1492 Θαρῤῶν,
1343 1457 1389 1483 καὶ
1405 1456 1519 1490 πλησίον
1533 1455 1580 1482 τοῦ
1594 1456 1677 1481 τόπου
1705 1454 1863 1487 γενόμενος,

1080 1502 1196 1537 ἤκουσεν
1216 1502 1311 1537 ὥσπερ
1333 1502 1413 1537 ὖχλου
1435 1502 1506 1533 τινὸς
1526 1501 1645 1537 ᾅδοντος.
1683 1500 1812 1533 Ἐγγῑσας
1836 1500 1864 1526 δὲ

1080 1547 1286 1581 πλησιέττερον,
1301 1547 1361 1581 οὐχὶ
1375 1547 1496 1582 πλήθους
1514 1547 1585 1577 τότε,
1615 1546 1672 1572 ἀλλ’
1692 1546 1753 1572 ὅσον
1779 1545 1864 1578 τριῶν

1078 1592 1233 1627 ψαλλόντων
1244 1593 1357 1628 ἀκήκοε.
1370 1593 1422 1619 Τὸν
1437 1592 1486 1627 μὲν
1499 1590 1545 1619 οὖν
1559 1591 1618 1622 δέος
1634 1589 1702 1625 εἶχε,
1722 1591 1768 1616 καὶ
1787 1590 1865 1623 παρὰ

1078 1639 1128 1674 τὴν
1153 1639 1239 1673 θύραν
1267 1638 1379 1666 σιωπῶν
1404 1638 1538 1672 εἱστήκει.
1570 1637 1600 1664 '0
1627 1637 1667 1669 δὲ,
1690 1636 1784 1670 ἐπειδὴ
1814 1635 1864 1670 τὴν

1079 1684 1149 1720 ᾠδὴν
1164 1685 1237 1711 ἔνδον
1249 1684 1378 1716 τελέσειε,
1389 1683 1564 1718 παρακύπτει
1578 1683 1629 1716 τῆς
1639 1683 1734 1717 θύρας.
1745 1683 1792 1708 καὶ
1809 1690 1865 1715 φω-

1081 1731 1122 1755 νεῖ
1132 1730 1229 1763 λέγων·
1244 1729 1386 1764 Γρηγόριε.
1405 1729 1434 1754 '0
1451 1728 1478 1754 δὲ
1492 1728 1540 1755 καὶ
1568 1727 1668 1762 μᾶλλον
1685 1727 1731 1753 ἐπὶ
1755 1728 1786 1761 τῇ
1814 1726 1862 1752 τοῦ

1080 1774 1213 1808 ὀνόματος
1226 1774 1322 1808 κλήσει
1341 1773 1529 1807 καταπλαγεὶς
1543 1773 1590 1799 καὶ
1603 1772 1642 1806 τῷ
1662 1771 1790 1798 καλοῦντι
1804 1779 1864 1797 πει-

1079 1820 1167 1854 σθεὶς,
1180 1820 1309 1847 εἰσελθὼν
1325 1819 1493 1854 προσπίπτει
1508 1820 1564 1850 τοϊς
1587 1819 1681 1845 τούτου
1715 1818 1788 1850 ποσὶ,
1817 1817 1864 1843 δά-

1079 1867 1162 1901 κρυσί
1171 1875 1200 1892 τε
1225 1867 1273 1893 καὶ
1290 1866 1385 1900 ἱδρῶσι
1396 1865 1618 1901 περιρρεόμενος,
1633 1864 1679 1890 καὶ
1695 1864 1778 1898 εὐχὴν
1791 1864 1864 1896 ἐξαί-

1078 1912 1220 1946 τούμενος.
1233 1911 1331 1946 Τυχὼν
1343 1911 1370 1937 δὲ
1390 1911 1440 1945 τῆς
1453 1910 1537 1944 εὐχῆς
1556 1910 1630 1944 μένει
1655 1909 1730 1944 napi
1752 1909 1789 1944 τῷ
1815 1909 1862 1943 γέ-

1079 1965 1161 1991 ροντι,
1174 1956 1221 1983 καὶ
1233 1958 1299 1989 παρ’
1310 1956 1384 1991 αὐτῷ
1397 1956 1441 1982 διὰ
1455 1955 1593 1988 τεττάρων
1611 1954 1680 1981 ἐτῶν
1699 1963 1862 1990 γραμματι-

1076 2001 1128 2036 κήν
1141 2008 1170 2026 τε
1185 2000 1353 2031 παιδεύεται,
1372 2000 1420 2026 καὶ
1433 2000 1483 2026 ὅσα
1494 1998 1547 2024 τῶν
1560 1999 1691 2032 ποιητῶν,
1713 1998 1862 2033 ῥητορικήν

1075 2046 1163 2072 τεκαὶ
1180 2045 1339 2080 φιλοσοφίας
1361 2046 1423 2071 ὅσον
1436 2044 1467 2070 τὺ
1496 2043 1675 2078 θεωρητικόν·
1703 2043 1732 2069 τὺ
1757 2043 1810 2077 γὰρ
1830 2042 1863 2076 δὴ
1884 2064 1890 2069 .

1076 2091 1227 2126 πρακτικὸν
1235 2091 1284 2126 ἤδη
1296 2091 1343 2117 καὶ
1352 2089 1484 2124 προλαὸον
1495 2090 1640 2124 ὲξήσκητο,
1656 2097 1689 2114 πε
1695 2098 1728 2113 πα
1735 2087 1820 2114 ίδευτο
1833 2087 1862 2113 δὲ

1076 2139 1124 2166 καὶ
1134 2139 1168 2165 τὰ
1174 2139 1289 2165 τοιαῦτα
1299 2139 1312 2163 6
1320 2140 1409 2172 γέρων
1418 2137 1530 2169 ἱκανῶς,
1546 2137 1593 2163 καὶ
1603 2136 1688 2169 λόγων
1696 2135 1860 2168 Ἑλληνικῶν

1076 2184 1165 2219 ἄκρως
1173 2183 1330 2214 διδάσκαλος
1339 2181 1382 2217 ἦν.
1395 2182 1519 2208 Τοσαῦτα
1528 2181 1602 2216 παρὰ
1611 2181 1705 2207 τούτου
1713 2180 1862 2215 Γρηγόριος

1042 2236 1064 2264 ῃ
1083 2231 1146 2265 περὶ
1158 2230 1203 2256 τὴν
1213 2230 1292 2263 λόγον
1307 2228 1452 2262 κερδάνας,
1470 2227 1519 2254 οὐκ
1530 2227 1608 2260 ὀλεγα
1631 2226 1658 2252 δὲ
1677 2227 1722 2252 καὶ
1742 2226 1798 2260 {siqu
1815 2225 1861 2252 καὶ

1078 2276 1128 2310 τῆς
1144 2275 1245 2309 ἀρετῆς
1258 2274 1441 2307 ἀπονάμενος,
1458 2272 1659 2305 συνταξάμενος
1693 2270 1767 2304 αὐτῷ
1793 2270 1861 2305 μετὰ

1077 2321 1174 2352 ταῦτα,
1186 2317 1235 2346 καῖ
1247 2319 1309 2349 τοὺς
1323 2317 1608 2352 ἑκδεξομένουςαύτὸν
1618 2316 1785 2351 πειρασμοῡς
1797 2313 1861 2348 παρ’

1076 2365 1160 2392 αὐτοῦ
1175 2365 1310 2400 διδαχθείς
1321 2372 1329 2380 '
1351 2362 1384 2398 ἢν
1400 2364 1453 2397 γὰρ
1468 2363 1534 2397 πρὸς
1548 2363 1605 2392 τοῖς
1618 2362 1709 2390 ἄλλοις
1726 2362 1773 2387 καὶ
1790 2369 1859 2393 προ-

1077 2411 1193 2447 φητικδς
1211 2411 1225 2436 ό
1241 2411 1312 2441 θεῖος
1324 2410 1405 2444 ἀνήρ’
1423 2409 1470 2434 ἐπὶ
1484 2409 1548 2439 τοὺς
1576 2407 1665 2441 ἱεροὺς
1688 2406 1787 2436 τόπους
1813 2405 1862 2431 καὶ

1079 2455 1158 2489 αὖθις
1189 2458 1281 2492 φοιτᾷ,
1310 2456 1356 2482 καὶ
1389 2454 1495 2485 τούτοις
1522 2453 1693 2488 ἐπιδιατρίψας
1725 2452 1858 2482 ἐνιαυτὸν,

1078 2503 1183 2530 ἐκεῖθεν
1199 2504 1238 2534 εἰς
1258 2502 1423 2536 Ἀντιόχειαν
1434 2501 1538 2526 instar
1558 2500 1606 2525 καὶ
1622 2499 1686 2533 παρ’
1698 2498 1767 2533 αὐτῇ
1780 2498 1860 2524 πάλιν

1078 2549 1202 2576 ἐνιαυτὸν
1221 2548 1268 2575 ἕνα
1294 2547 1483 2581 διαγενόμενος
1513 2545 1609 2580 σχολῆς
1636 2553 1665 2570 τε
1699 2544 1859 2577 λαϐόμενος,

1077 2596 1125 2622 καὶ
1140 2595 1193 2621 τῶν
1209 2593 1382 2628 δογματικῶν
1400 2592 1486 2626 λόγων
1501 2591 1616 2622 πολλοὺς
1632 2590 1683 2624 μὲν
1715 2590 1860 2622 ἀναγνοὺς,

1078 2643 1127 2670 οὐκ
1140 2642 1245 2676 ὀλίγους
1257 2641 1285 2667 δὲ
1299 2641 1345 2667 καὶ
1357 2639 1437 2670 αὖτις
1454 2639 1611 2672 ἐκθέμενος,
1624 2638 1671 2663 καὶ
1697 2637 1787 2669 Οαῦμα
1810 2636 1861 2662 πᾶ-

1078 2697 1120 2715 σιν
1133 2687 1286 2718 ἀπολιπὼν,
1301 2687 1339 2718 εἰς
1369 2685 1417 2721 τὴν
1433 2685 1553 2719 μεγάλην
1574 2684 1653 2709 πόλιν
1672 2683 1718 2708 καὶ
1738 2681 1861 2716 βασιλίδα

1076 2734 1124 2769 τὴν
1144 2733 1350 2760 Κωνσταντίνου
1367 2732 1461 2766 χωρεῖ,
1479 2731 1527 2764 τῆς
1542 2730 1598 2756 ἄνω
1609 2729 1715 2758 πάντως
1728 2727 1861 2762 Προνοίας

1075 2780 1156 2807 αὑτὸν
1178 2779 1346 2812 ἅπαγούσης,
1370 2779 1408 2808 εις
1427 2778 1459 2811 ἢν
1483 2777 1514 2811 δὴ
1541 2775 1644 2810 ἐκλήθη
1664 2774 1739 2806 τάξιν
1765 2773 1860 2807 ὥσπερ

1075 2823 1307 2858 προὸιὸαςούεης.

246 2869 353 2898 caeteris
368 2869 479 2905 quidem
497 2869 589 2898 mundi
604 2869 677 2898 curis
688 2869 865 2902 abstractum,
884 2869 916 2896 ad
933 2877 1032 2898 munus
1047 2870 1123 2904 illud,
1137 2870 1171 2898 ad
1185 2871 1256 2906 quod
1273 2871 1427 2899 obeundum
1442 2875 1552 2898 vocatus
1573 2869 1670 2899 fuerat.
1692 2867 1858 2895 hortaretur-
