2077 3148
248 154 301 186 219

856 151 998 182 MENSIS
1019 151 1234 182 NOVEMBER.

1814 145 1868 177 22⁵)

251 211 337 240 minio
353 210 454 243 redire,
469 209 599 244 illiucque
617 209 753 244 proficisci
769 210 932 236 maturabat.
949 210 1030 237 Paret

1088 209 1201 243 (ὡρησιν
1212 207 1391 235 ἐπισπεύδων.
1411 206 1536 232 Πείθεται
1551 205 1572 231 δ’
1583 203 1630 234 οὖν
1642 205 1716 240 ὅμως
1739 204 1787 230 καὶ
1807 204 1866 232 κατ’

250 258 335 285 nihilo
348 257 450 289 secius,
476 259 504 283 et
521 263 614 283 coram
631 254 822 290 archipraesule
838 255 952 289 positus,
968 261 1031 281 cum

250 299 372 327 moribus
390 304 464 326 esset
490 299 667 333 tranquillus,
684 303 796 334 aspectu
807 299 989 329 venerandus.
1005 302 1034 325 et

249 345 364 380 alloquii
384 346 519 372 suavitate
536 345 648 372 Sirenas
667 345 738 372 haud
754 344 880 371 fabulose
893 344 1032 378 loquendo

248 392 391 419 vinceret:
409 391 446 418 ita
472 391 549 418 illum
573 391 750 418 vehementer
774 390 907 420 devinxit.
925 390 1033 424 sibique

251 441 338 463 totum
366 435 525 466 obstrinxit,
553 438 580 461 ut
609 434 668 461 sine
697 434 743 460 illo
765 434 841 460 nullo
867 439 946 468 pacto
971 441 1036 460 con-

250 482 349 510 sistere
364 481 455 514 vellet,
472 481 554 515 idque
569 480 595 507 in
610 479 715 515 primis,
730 480 793 514 quia
810 479 877 507 nihil
896 487 910 506 a
928 479 1034 514 sapien-

251 528 326 555 tibus
349 526 564 562 proponebatur,
586 525 659 560 quod
689 533 745 552 non
778 525 823 552 ille
854 533 949 559 magna
971 532 1032 552 cum

251 573 448 609 perspicuitate
469 579 501 598 ac
517 571 549 598 ad
568 571 789 606 persuadendum
815 570 966 605 aptitudine
992 571 1034 598 in-

252 621 460 652 terpretaretur.
486 615 604 642 Proinde
629 615 722 650 viginti
755 615 811 642 illic
833 615 891 642 dies
912 622 1036 643 commo-

251 668 339 693 ratus,
365 661 528 696 interimque
552 668 614 687 cum
640 660 784 695 sapientia,
810 663 867 686 tum
898 657 1042 694 singulari'

252 707 462 735 mansuetudine
492 714 523 733 ac
550 706 682 733 modestia
714 705 884 732 admirabilis
907 705 1036 732 otnnibus

252 754 372 785 habitus,
390 753 508 780 abeundi
526 760 622 780 rursus
638 753 722 779 verba
736 752 811 778 fecit.
839 751 891 779 Sed
908 759 970 778 cum
987 758 1035 785 pa-

253 799 374 826 triarcha
395 798 481 825 nollet
502 798 589 832 ipsum
605 797 753 828 dimittere,
769 797 835 832 quin
859 796 932 823 omni
958 796 1033 823 illum

252 845 344 872 studio
367 844 488 871 retinere
519 844 667 875 niteretur,
693 843 759 870 alias
784 850 882 870 causas
904 843 1034 875 atterens,

1083 255 1146 288 ὕψιν
1160 254 1298 288 παραστὰς
1305 253 1342 288 τῷ
1354 253 1430 287 ἀρχιε
1437 254 1477 289 ρεί
1489 252 1518 278 τὸ
1529 250 1726 287 ἦθοςῖγαληνδς,
1735 251 1764 276 τὺ
1774 250 1868 286 σχῆμα

1086 300 1194 333 σεμνξς,
1209 301 1263 329 τοῖς
1282 299 1371 331 λόγοις
1396 298 1431 323 τὰ
1449 297 1580 333 σειρήνων
1596 296 1627 322 τὸ
1646 296 1683 330 μὴ
1706 295 1788 330 μῦθον
1799 294 1869 323 εἶναι

1086 344 1180 373 νικῶν,
1195 343 1265 370 οὕτω
1279 344 1419 377 κατάκρας
1439 342 1520 369 αὑτὸν
1544 339 1599 367 εἷλε
1614 341 1661 367 καὶ
1683 341 1744 367 ὅλον
1767 340 1865 367 ἑαυτοῦ

1085 390 1242 424 ἐποιήσατο,
1271 390 1308 420 ὡς
1337 388 1399 423 μηδ’
1425 388 1457 414 ἂν
1482 387 1508 413 εἴ
1530 396 1556 413 τι
1581 387 1628 413 καὶ
1644 386 1749 420 γένοιτο
1772 387 1868 413 τούτου

1092 436 1157 462 ποτε
1170 435 1253 470 χωρὶς
1269 435 1350 461 αὐτὸν
1367 434 1531 461 καθεστάναι
1555 432 1699 467 βούλεσθαι
1719 441 1725 447 ·
1747 434 1794 458 καὶ
1818 433 1864 467 μά-

1087 481 1156 508 λιπο’
1171 482 1212 507 ὅτι
1229 481 1311 515 μηδὲν
1331 480 1385 506 τῶν
1403 478 1631 513 προϐαλλομένων
1647 480 1722 512 παρά
1746 478 1800 504 τῶν
1822 479 1868 504 ἐπὶ

1095 527 1177 561 σοφίᾳ
1193 526 1407 560 θαυμαζομένων
1422 523 1467 560 ἦν,
1489 525 1502 551 ὃ
1519 524 1556 559 μὴ
1579 525 1647 559 μετὰ
1674 525 1765 558 πάσης
1789 525 1871 557 αὐτὸς

1096 573 1194 598 ἐπέλυε
1226 571 1374 605 σαφηνείας
1404 571 1452 597 καὶ
1474 570 1662 605 πιθανότητος.
1701 570 1794 601 Οὖτως
1818 569 1866 597 οὖν

1089 617 1177 642 ἐκεῖσε
1194 616 1257 645 ὅλας
1274 615 1378 650 ἡμέρας
1390 615 1529 648 διαγαγὼν
1545 614 1643 647 εἴκοσι,
1659 614 1868 648 θαυμαζόμενος

1090 660 1142 687 ὑπὸ
1154 661 1261 688 πάντων
1282 660 1330 695 τῆς
1352 668 1381 686 τε
1401 660 1498 694 σοφίας
1510 660 1558 687 καὶ
1576 661 1625 694 τῆς
1636 659 1704 693 ἄγαν
1723 660 1871 691 ἐπιεικείας

1088 707 1134 733 καὶ
1153 706 1336 741 μετριότητος,
1347 705 1408 732 ὁδοῦ
1425 706 1505 732 πάλιν
1530 706 1676 740 ἐμέμνητο.
1687 705 1808 742 suae:
1830 706 1867 740 μὴ

1087 753 1201 786 ἐφεῖναι,
1216 752 1283 778 ἀλλὰ
1291 752 1364 787 πάσῃ
1375 753 1481 786 μηχανῇ
1492 752 1617 786 κατέχειν
1628 751 1708 778 αὐτον
1716 752 1729 776 6
1742 751 1872 786 πατριάρ-

1089 807 1140 833 χης
1154 799 1293 833 ἠϐούλετο,
1311 798 1393 830 ἄλλας
1414 807 1444 824 τε
1458 798 1544 832 λέγων
1570 798 1658 828 αἰτίας
1681 799 1727 824 καὶ
1756 798 1871 824 anc/,1:

1090 844 1173 878 πολλὴ
1186 843 1239 870 τῶν
1252 843 1473 878 Μονοθελητῶνὴ
1496 844 1613 879 αῖρεσις,
1636 844 1715 877 μόνος
1740 844 1768 870 δὲ
1793 840 1872 873 οὗτος

252 890 353 924 quibus
382 890 421 917 illi
456 889 652 916 remanentium
684 893 756 916 esset
782 888 1029 922 (Monotbelitarum

1088 889 1201 923 εὐχερῶς
1228 889 1353 924 ῥηγνύειν
1371 889 1420 920 τὰς
1450 890 1560 915 ἐκείνων
1579 889 1682 919 πλοκὰς
1698 889 1789 919 luna;
1804 888 1864 914 τότε

253 936 326 962 enim
338 935 451 962 haeresis
467 935 615 969 plurimum
630 939 686 961 tum
703 934 840 969 serpebat,
858 938 885 961 et
904 934 948 961 hic
959 934 1034 961 solus

255 989 341 1008 nexus
356 982 462 1008 illorum
476 981 554 1008 facile
567 980 733 1015 perfringere
747 980 875 1015 poterat),
889 985 944 1006 tum
956 987 1033 1012 sane,

254 1027 320 1055 licet
344 1026 455 1058 invitus,
479 1033 620 1053 remanere
633 1030 675 1052 est
703 1033 858 1060 persuasus.
883 1025 941 1052 .Iarn
968 1033 1033 1053 vero

255 1072 358 1106 ubique
373 1072 405 1099 ad
428 1072 529 1099 bellum
547 1072 745 1099 conclamatum
760 1076 829 1104 erat,
851 1071 884 1098 ab
900 1079 952 1098 una
971 1071 1033 1106 qui-

253 1119 316 1146 dem
332 1123 405 1153 parte
420 1118 544 1153 Sergius,
559 1118 691 1153 Pyrrhus,
707 1117 816 1149 Paulus,
835 1121 861 1144 et
874 1116 970 1152 Cyrus,
983 1117 1031 1151 qui

251 1165 306 1199 jam
327 1165 448 1192 haeretici
467 1164 596 1191 declarati
618 1163 745 1190 fuerant:
770 1163 803 1189 ab
817 1162 901 1189 altera
916 1162 1032 1196 quicun-

253 1217 306 1244 que
321 1210 445 1237 hmresim
460 1211 637 1240 detestantes,
652 1216 703 1242 pro
721 1215 784 1234 vera
800 1208 899 1241 pietate
913 1208 1032 1235 stabant.

252 1255 312 1290 Ipse
330 1263 394 1282 vero
409 1263 492 1290 prave
516 1255 676 1287 sentientes,
691 1254 756 1281 licet
770 1253 864 1288 procul
881 1253 971 1281 adhuc
987 1261 1035 1287 po-

1087 934 1118 968 δὴ
1149 934 1197 960 καὶ
1234 934 1306 961 ἄκων
1343 934 1476 961 ἐπείθετο.
1515 933 1570 960 Καὶ
1599 934 1786 967 συνεκροτεῖτο
1823 933 1872 968 μὲν

1088 980 1139 1015 ήδη
1167 979 1335 1015 πανταχόθεν
1358 980 1372 1005 6
1398 979 1513 1014 πόλεμος
1539 979 1592 1005 τῶν
1617 979 1666 1013 μὲν
1691 979 1804 1013 Σεργίου
1841 988 1873 1005 τε

1088 1028 1135 1054 καὶ
1153 1028 1270 1064 Πύρρου,
1299 1028 1405 1054 Παύλου
1443 1036 1474 1054 τε
1504 1027 1550 1053 καὶ
1577 1027 1667 1061 Κύρου
1708 1026 1762 1052 τῶν
1789 1034 1873 1052 κακο-

1087 1073 1169 1104 δόξων
1179 1074 1388 1106 ἀφηγουμένων,
1402 1073 1455 1099 τῶν
1465 1073 1612 1108 ὀρθοδᾶξων
1623 1072 1651 1098 δὲ
1664 1072 1743 1098 πάλιν
1755 1072 1811 1098 ὅσοι
1823 1072 1872 1105 τῆς

1090 1116 1206 1152 ἀληθοῦς
1215 1117 1355 1148 εὐσεϐείας
1365 1118 1530 1152 ἀντείχοντο.
1543 1118 1628 1149 Αὐτὸς
1639 1117 1667 1143 δὲ
1681 1116 1871 1151 καὶ-πόρρωθεν

1085 1162 1125 1188 ἐτι
1137 1163 1198 1194 τοὺς
1216 1163 1376 1196 κακοδόξους
1391 1163 1561 1198 ὑπάρχοντας
1583 1164 1638 1194 τοῖς
1661 1163 1869 1198 ἀκροῦολισμοῖς

1088 1207 1226 1242 ἐτρέπετο,
1242 1208 1337 1242 λόγους
1353 1209 1416 1243 περὶ
1427 1209 1455 1235 τ),
1467 1209 1558 1243 δόγμα
1576 1209 1692 1241 συνθεὶς,
1706 1208 1753 1235 καὶ
1770 1208 1873 1242 γέλωτα

1088 1253 1217 1279 πάντατὰ
1231 1253 1340 1279 ἐκείνων
1349 1253 1489 1287 ἀποδείξας
1503 1255 1550 1279 καὶ
1562 1254 1662 1288 ἀκριΰῆ
1679 1253 1830 1288 φλήναςον.

253 1303 332 1330 sitos.
356 1302 466 1328 intortis
491 1300 661 1334 vibratisque
689 1299 787 1334 jaeulis
811 1300 932 1334 tugabat,
954 1299 1038 1326 variis
1057 1299 1129 1326 circa
1143 1299 1240 1334 dogma
1272 1301 1445 1328 sermonibus
1480 1300 1574 1332 editis,
1590 1300 1691 1335 quibus
1705 1307 1799 1328 omnes
1814 1300 1877 1332 illo_

254 1355 312 1373 rum
325 1347 468 1380 opiniones
487 1345 560 1372 risus
572 1349 599 1372 et
616 1352 706 1372 meras
717 1352 777 1372 esse
791 1352 875 1378 nugas
885 1345 1088 1372 evidentissime
1102 1345 1313 1372 demonstrabat.
1671 1350 1692 1365 ν

289 1392 372 1419 XXV.
392 1392 489 1418 Postea
503 1397 568 1416 vero
583 1398 663 1424 quam
681 1390 782 1417 bellum
795 1397 938 1424 erumpere
951 1390 1037 1424 palam

255 1437 348 1470 coepit.
374 1441 432 1463 tum
457 1436 594 1462 haereseos
613 1435 666 1462 viri
687 1435 824 1470 principes
846 1439 1039 1466 oecurrerunt,

256 1487 313 1508 tum
338 1489 371 1508 ex
389 1481 442 1512 his.
458 1481 506 1516 qui
531 1485 603 1507 recta
621 1481 746 1515 dogmata
764 1481 950 1513 sectabantur,
967 1488 1039 1515 prae-

255 1527 403 1554 stantiores
425 1527 491 1553 illuc
515 1526 715 1553 conﬂuxerunt.
733 1526 855 1553 Aderant
877 1526 1038 1559 Antiochiae,

1126 1390 1190 1419 KE’.
1202 1391 1278 1418 Ἐπεὶ
1286 1391 1315 1417 δέ
1331 1392 1378 1418 καὶ
1393 1391 1492 1426 ἡμάχη
1513 1399 1638 1425 φανερως
1650 1390 1812 1425 ἐρρήγνυτο,
1829 1394 1877 1420 καὶ

1088 1438 1217 1472 ἀπήντων
1235 1437 1284 1471 μὲν
1306 1438 1331 1464 ol
1355 1437 1536 1472 αἰρεσιάρχαι,
1561 1436 1704 1471 συνέρρεον
1723 1436 1750 1462 δὲ
1778 1437 1824 1462 καὶ
1850 1438 1874 1464 οι

1089 1483 1142 1509 τῶν
1158 1483 1305 1517 ὀρθοδόξων
1328 1483 1474 1517 πρόμαχοι,
1492 1482 1583 1517 παρῆν
1607 1481 1656 1516 μὲν
1676 1482 1690 1508 ὁ
1704 1482 1752 1516 τῆς
1775 1482 1875 1508 Ἀντιο-

1087 1529 1174 1564 χείας,
1191 1529 1281 1562 παρῆν
1300 1528 1329 1554 δὲ
1349 1529 1362 1555 ὁ
1382 1529 1430 1562 τῆς
1450 1527 1661 1562 ’Δλεξανδρείας,
1685 1527 1775 1563 παρῆν
1794 1527 1838 1554 καὶ
1859 1529 1877 1555 ὸ

255 1571 426 1598 Alexandria:
441 1578 473 1598 ac
495 1571 754 1606 Hierosolymorum,
782 1571 918 1605 simulque
942 1578 1036 1598 omnes

1088 1574 1142 1600 τῶν
1167 1574 1359 1609 Ἰεροσολύμων
1385 1573 1533 1609 πρόεδρος,
1561 1573 1628 1608 ὁμοῦ
1658 1573 1707 1605 τῆς
1736 1573 1823 1609 Ἐῲας
1848 1574 1876 1600 οἱ

256 1615 374 1643 Orientis
407 1616 545 1650 pra-sides,
566 1615 686 1650 itemque
708 1616 741 1643 ab
763 1615 909 1643 Occidente
933 1623 1038 1648 omnes,

256 1667 355 1696 prteter
375 1662 468 1688 Romae
497 1661 670 1696 antiquioris,
697 1666 724 1688 et
744 1661 876 1689 Sardiniae
901 1662 1038 1696 praesules.

258 1707 324 1742 (llos
341 1707 415 1734 enim
431 1708 520 1742 gravis
538 1707 650 1734 morbus
668 1707 739 1734 intra
760 1708 829 1735 lines
843 1707 1039 1742 continuerat.)

257 1753 291 1780 At
317 1753 457 1780 Romanus
481 1753 619 1780 hominem
644 1754 729 1780 sacris
756 1753 867 1780 Litteris
891 1753 1039 1785 crttditum,

257 1799 302 1834 qui
318 1806 380 1826 suas
394 1801 468 1825 vires
482 1798 618 1833 impleret,
638 1798 795 1825 destinavit.
814 1798 962 1833 Gregorius
977 1805 1041 1825 vero

259 1845 284 1871 in
298 1844 422 1872 Sardonii
440 1845 529 1871 locum
545 1844 677 1871 suffectus
692 1848 744 1870 est.
759 1844 891 1876 Quocirca
904 1851 965 1870 cum
982 1851 1040 1869 ma-

257 1897 339 1924 gnum
358 1889 404 1916 illo
432 1889 477 1916 die
497 1891 598 1924 (utpar
615 1890 684 1924 erat)
706 1889 739 1916 de
754 1889 838 1916 sacris
857 1889 966 1916 Litteris
983 1896 1042 1916 cer.

258 1941 346 1962 tamen
363 1940 452 1962 Ortum
469 1939 551 1966 esset,
574 1935 635 1962 aliis
651 1935 762 1969 quidem
777 1943 878 1967 rerum,
902 1935 962 1962 aliis
977 1943 1041 1962 vero

255 1981 401 2007 verborum
419 1981 518 2007 ﬁducia
533 1979 621 2013 fretis,
637 1980 703 2007 dum
725 1980 845 2007 haeretici
864 1981 918 2007 acri
931 1988 962 2008 ac
978 1988 1041 2007 sua-

255 2027 327 2054 sorio
354 2026 473 2060 quodam
496 2033 632 2058 sermone,
652 2033 706 2060 quo
732 2025 876 2052 veritatem
903 2026 1042 2052 occultare

254 2072 447 2106 opinabantur,
465 2076 599 2104 utuntur;
618 2072 662 2099 ille
676 2080 737 2099 vere
751 2064 899 2106 generosus
914 2079 946 2097 ac
963 2071 1042 2097 inex-

254 2118 409 2152 pugnabilis
427 2117 529 2152 lingua,
544 2124 597 2151 qua
613 2121 668 2143 tum
683 2116 773 2143 divina
788 2116 940 2150 opitulante
956 2115 1043 2149 gratia

257 2163 406 2205 plurimum
423 2164 568 2190 roboratus
587 2167 639 2195 est,
654 2164 694 2190 sic
708 2170 805 2189 eorum
824 2168 910 2188 nexus
931 2164 1004 2187 tanta
1017 2160 1043 2186 vi

1063 1616 1192 1656 ξπάντες
1206 1620 1255 1654 τῆς
1282 1619 1417 1654 Ἐσπέρας
1447 1620 1494 1646 καὶ
1520 1616 1594 1646 οὗτοι
1623 1619 1722 1650 πάντες
1746 1619 1810 1646 ἄνευ
1825 1619 1875 1646 τοῦ

1090 1668 1139 1701 τῆς
1155 1666 1340 1701 πρεσϐυτέρας
1365 1665 1490 1700 Ῥώμης,
1519 1665 1630 1692 καὶτοῦ
1655 1665 1701 1692 τὸν
1723 1665 1752 1691 ἐν
1775 1664 1873 1700 Σαρδοῖ

1093 1710 1188 1744 θρόνον
1208 1711 1313 1744 ἔχοντος
1337 1717 1344 1726 ·
1374 1709 1484 1740 τούτους
1509 1709 1564 1744 γὰρ
1591 1709 1668 1740 νόσος
1698 1708 1796 1743 βαρεῖα
1819 1709 1877 1736 τῶν

1093 1756 1174 1791 ὁρίων
1191 1755 1255 1781 εἵσω
1267 1756 1400 1790 κατεῖχεν.
1430 1755 1500 1781 Ἀλλ’
1513 1755 1526 1780 ὸ
1545 1755 1595 1789 μὲν
1625 1754 1676 1788 τῆς
1701 1755 1811 1789 Ῥώμης
1828 1755 1875 1781 τὸν

1091 1802 1149 1828 ἀντ’
1167 1800 1251 1828 αὑτοῦ
1267 1801 1434 1835 συνεροῦντα
1456 1802 1513 1830 τοῖς
1529 1800 1621 1836 ὀρθοῖς
1639 1800 1729 1834 λόγοις
1752 1801 1871 1835 ἔπεμπε.

1092 1847 1240 1881 Γρηγόριος
1262 1848 1290 1874 δὲ
1313 1847 1358 1873 τὸν
1387 1847 1434 1873 τοῦ
1468 1847 1594 1881 Σαρδῴου
1622 1846 1705 1873 τόπον
1737 1846 1872 1881 ἐπλήρου.

1093 1893 1198 1927 Πολλῆς
1222 1893 1268 1919 οὖν
1300 1893 1386 1926 λόγων
1415 1892 1503 1927 πάλης
1532 1892 1603 1919 κατὰ
1634 1891 1738 1926 ταύτην
1763 1891 1796 1927 δὴ
1824 1891 1873 1926 τὴν

1093 1939 1200 1972 ἡμέραν
1218 1938 1254 1969 ὼς
1273 1938 1297 1964 εἰ
1312 1938 1486 1972 κινουμένης,
1511 1937 1627 1964 καὶτῶν
1651 1937 1700 1972 μὲν
1722 1938 1778 1968 τοῖς
1800 1945 1874 1971 πρα-

1092 1990 1180 2017 γμασι
1203 1982 1233 2008 τὸ
1251 1982 1362 2018 θαρρεῖν
1380 1983 1505 2016 ἐχόντων,
1521 1983 1574 2008 τῶν
1585 1982 1613 2009 δὲ
1637 1983 1693 2014 τοῖς
1707 1983 1812 2017 ῥήμασι
1825 1981 1874 2007 καὶ

1095 2028 1168 2062 δεινῇ
1190 2028 1243 2055 τῶν
1270 2028 1416 2062 αἱρετικῶν
1440 2029 1472 2062 τῇ
1502 2028 1679 2063 πιθανολογίᾳ
1710 2027 1873 2062 χρωμένων,

1095 2075 1142 2100 καὶ
1156 2074 1243 2109 ταύτῃ
1263 2073 1393 2108 βλάπτειν
1409 2073 1457 2107 τὴν
1473 2073 1601 2108 ἀλήθειαν
1618 2074 1762 2108 οἰομένων,
1786 2074 1800 2100 ὀ
1815 2081 1876 2107 γεν‹

1095 2122 1167 2152 ναίος
1184 2121 1268 2152 ὅντως
1289 2122 1391 2152 ἐκεῖνος
1405 2121 1452 2147 καὶ
1469 2121 1520 2156 τὴν
1539 2120 1663 2154 γλῶτταν
1684 2121 1874 2155 ἀπρόσμαχος,

1095 2165 1155 2191 τότε
1167 2165 1199 2200 δὴ
1213 2166 1259 2191 καὶ
1276 2165 1376 2199 μᾶλλον
1401 2165 1486 2200 αὐτὴν
1505 2165 1657 2200 στομωθεὶς
1682 2166 1714 2199 τῇ
1745 2163 1875 2199 συνεργίᾳ

253 2210 384 2237 orationis
399 2214 426 2237 et
443 2209 541 2236 ardore
560 2210 671 2243 spiritus
697 2207 788 2242 fregit,
813 2213 843 2234 ut
865 2214 913 2234 eos
938 2206 984 2240 qui
1003 2206 1036 2233 di-

1096 2210 1145 2245 τῆς
1162 2210 1283 2244 χάριτος,
1306 2210 1376 2236 οὓτω
1391 2210 1442 2241 τὰς
1459 2211 1572 2236 ἐκείνων
1595 2210 1756 2244 συμπλοκὰς
1785 2209 1874 2235 διελὺε

253 2256 331 2283 cendi
346 2255 427 2283 laude
450 2255 597 2289 plurimum
621 2252 795 2288 praestabant,
813 2257 902 2279 mutos
923 2252 1034 2278 omnino

1089 2263 1152 2281 σατο
1164 2255 1279 2290 δυνάμει
1294 2254 1373 2288 λόγου
1391 2255 1438 2280 καὶ
1451 2254 1604 2289 πνεύματος
1617 2255 1664 2281 καὶ
1676 2254 1765 2285 οὕτως
1785 2254 1873 2287 ἀφώ-

254 2301 394 2333 reddcret,
421 2306 448 2328 et
469 2308 565 2327 eorum
584 2300 691 2334 linguas
713 2300 822 2333 penitus
838 2298 946 2326 auferre
963 2297 1039 2324 vide-

254 2350 338 2378 retur,
355 2353 386 2373 ac
402 2345 420 2373 ii
434 2350 562 2380 praeterea
580 2345 631 2379 ipsi
648 2344 772 2376 silentes,
798 2350 857 2371 sese
877 2343 964 2369 victos
978 2349 1038 2370 esse

254 2391 415 2418 faterentur.
435 2391 528 2425 Itaque
551 2390 660 2416 Patrum
680 2389 791 2424 quidem
816 2387 937 2420 synodus
959 2387 1038 2421 plauc

253 2437 345 2468 debat,
362 2436 552 2464 litereticorum
572 2443 637 2462 vero
658 2434 816 2467 multitudo,
827 2433 885 2465 alii,
900 2437 928 2460 et
943 2433 961 2459 ii
975 2433 1036 2466 qui-

253 2485 316 2512 dem
344 2483 518 2514 illustriores,
539 2481 664 2517 deposito
688 2487 791 2512 errore,
815 2479 917 2506 nostris
943 2478 1034 2505 adhae-

253 2530 414 2560 rescebant:
431 2529 476 2555 alii
493 2535 559 2555 vero
583 2526 694 2562 plurimi
716 2529 827 2560 propter
842 2523 1036 2551 verecundiam

252 2576 424 2604 iu’medium
447 2574 555 2609 prodire
581 2581 635 2600 non
661 2571 809 2598 audebant.
834 2570 912 2597 Hunc
933 2568 1036 2596 exitum

252 2621 371 2658 synodus
397 2621 502 2649 habuit.
528 2619 660 2652 solusque
680 2616 827 2650 Gregorius
844 2622 892 2648 per
914 2613 1037 2641 omnium

253 2674 312 2700 ora,
326 2670 353 2693 ct
366 2666 519 2701 praesertim
534 2660 658 2691 Patrum.
676 2661 815 2688 volitabat.

290 2754 383 2783 XXVI.
404 2758 439 2782 At
453 2754 514 2780 aliis
528 2757 585 2780 tum
608 2749 817 2780 admirantibus,
834 2753 890 2775 tttm
908 2753 969 2775 vota
987 2756 1037 2783 pro

254 2802 302 2828 il‘o
315 2801 489 2831 facientibus,
501 2795 678 2831 arrhipracsul
693 2803 786 2822 Secum
800 2795 875 2822 illum
890 2794 1036 2828 accipiens,

255 2847 287 2877 ad
313 2853 402 2881 regem
426 2844 558 2872 adducit:
575 2842 634 2875 Hic,
649 2850 693 2870 rex
712 2841 812 2877 optime
836 2841 961 2875 (dicens),
981 2840 1036 2874 hic,

1088 2309 1150 2332 νους
1166 2302 1264 2332 αὐτοὺς
1281 2301 1344 2332 τοὺς
1361 2300 1463 2335 σφόδρα.
1489 2302 1554 2335 περὶ
1580 2301 1610 2327 τὸ
1636 2301 1726 2334 λέγειν
1751 2299 1874 2333 ἑτοίμους

1087 2347 1241 2382 εἰργάσατο,
1257 2346 1294 2378 ὼς
1308 2347 1353 2372 καὶ
1368 2346 1450 2378 αὐτὰς
1464 2346 1538 2377 δόξαι
1554 2347 1646 2381 σχεδὸν
1660 2346 1750 2372 αὐτῶν
1762 2346 1810 2372 καὶ
1821 2344 1872 2376 τὰς

1085 2392 1208 2426 γλώττας
1222 2392 1368 2424 περιελεῖν,
1386 2392 1432 2418 καὶ
1447 2391 1485 2427 τῷ
1502 2393 1606 2427 σιωπᾷν
1633 2392 1733 2423 αὐτοὺς
1754 2391 1873 2422 ἐκείνους

1085 2438 1132 2472 τὴν
1144 2435 1229 2473 ἧτταν
1253 2437 1403 2472 ὁμολογεῖν.
1419 2437 1450 2464 'H
1472 2437 1521 2472 μὲν
1532 2435 1577 2464 οὖν
1594 2437 1700 2469 σύνοδος
1713 2437 1767 2464 τῶν
1787 2437 1874 2463 Πατέ-

1087 2491 1141 2520 ρων
1165 2484 1304 2520 ἐκρότουν,
1318 2484 1335 2518 ἡ
1350 2483 1378 2509 δὲ
1392 2482 1446 2509 τῶν
1461 2483 1606 2517 αἱρετικῶν
1615 2483 1718 2518 πληθὺς
1734 2483 1757 2509 οἱ
1771 2481 1873 2517 μὲντῆς

1086 2530 1189 2563 πλάνης
1206 2528 1435 2564 μεταϐαλλόμενοι
1449 2527 1641 2563 προσεχώρουν
1651 2529 1706 2559 τοῖς
1715 2528 1871 2562 ἡμετέροις,

1086 2576 1131 2603 καὶ
1143 2575 1196 2602 τῶν
1204 2574 1410 2609 ἐπισημοτέρων
1428 2573 1529 2600 πολλοί·
1544 2574 1567 2599 οἱ
1576 2574 1604 2600 δὲ
1621 2573 1704 2609 πολλῇ
1716 2575 1749 2608 τῇ
1759 2572 1871 2608 αἰσχύνῃ

1086 2619 1455 2648 συνεκαλύπτοντο.Τοιοῦτον
1462 2620 1494 2654 δὴ
1506 2620 1535 2645 τὸ
1549 2619 1631 2654 πέρα;
1642 2619 1692 2654 τῆς
1702 2618 1811 2645 συνόδου
1821 2618 1871 2644 λα-

1086 2666 1186 2699 6σ’σης
1199 2666 1288 2699 μόνος.
1304 2664 1454 2699 Γρηγόριος
1470 2665 1498 2690 ἐν
1516 2665 1572 2696 τοῖς
1591 2664 1719 2690 ἁπάντων
1740 2663 1871 2697 στόμασιν

1085 2710 1118 2747 ἦν
1126 2710 1263 2737 καὶπολλὰ
1270 2711 1301 2744 δὴ
1309 2710 1364 2736 τῶν
1371 2710 1498 2744 Πατέρων
1505 2710 1553 2744 μὲν
1560 2708 1869 2744 ὑπερεκπληττομὲνων.

1124 2757 1195 2790 K1,”.
1216 2757 1276 2782 Τὼν
1305 2756 1333 2782 δὲ
1360 2756 1408 2782 καὶ
1433 2755 1661 2790 ὑπερευχομένων
1677 2754 1797 2786 αὑτοῦ,6
1821 2754 1870 2787 ἀρ-

1090 2804 1199 2839 χιερεὺς
1232 2802 1293 2837 μεθ’
1319 2802 1418 2828 ἑαυτοῦ
1446 2801 1536 2827 λαϐὼν
1563 2801 1631 2835 πρὸς
1651 2800 1697 2826 τὸν
1719 2798 1871 2834 κρατοῦντα

1087 2850 1202 2885 εἰσάγει,
1220 2846 1314 2882 Οὗτος,
1329 2848 1426 2882 λέγων,
1444 2847 1457 2873 ὁ
1475 2846 1601 2883 ἀριστεὺς
1622 2845 1743 2882 βασιλεῦ,
1762 2842 1837 2876 οὗτος
1857 2842 1871 2869 ό
