2077 3148
235 131 289 162 223

836 133 982 166 MENSIS
1002 136 1130 168 NOVEM
1137 139 1221 169 BER.

1808 147 1862 181 εει

235 190 414 219 Crescentino
431 190 553 223 stabant,
569 191 624 218 ait:
638 190 730 219 Unum
747 191 866 227 aliquem
881 201 914 220 ex
930 201 1020 221 omm-

1080 195 1136 230 ἔφη,
1154 197 1201 222 ἕνα
1214 197 1268 224 τῶν
1284 197 1392 224 πάντων
1408 197 1437 230 ὃς
1453 199 1517 234 ὑμῖν
1541 199 1580 231 εἰς
1595 201 1741 235 ἀρέσκειαν
1766 203 1858 238 ἀφορῐ.

235 237 304 268 bus,
328 235 374 269 qui
397 235 477 263 vobis
499 236 577 263 cordi
603 236 690 271 magis
711 237 762 269 sit,
786 237 929 266 unanimes
949 239 1022 266 desi-

233 286 324 318 gnate.
340 282 477 309 Caeterum
494 283 646 317 prudenter
664 282 702 310 illi
716 283 784 311 nihil
805 285 1020 319 responderunt,

234 329 301 363 quin
325 329 497 356 tumultuose
517 334 647 364 agentes,
671 330 721 364 ipsi
745 330 816 357 inter
839 339 867 358 se
889 332 1023 359 conviciis

235 376 354 410 turpiter
371 377 553 403 lacessebant.
570 377 685 410 Propter
698 377 898 411 imprudentem
914 378 1022 405 illorum

235 422 400 449 seditionem
424 421 582 456 indignatus
604 423 741 456 pontifex.
761 423 868 450 illorum
889 424 1023 458 postulata

235 467 316 495 irrita
338 468 412 495 fecit.
429 468 529 495 Verum
551 473 613 503 post
627 468 749 495 triduum
772 469 889 503 Euplum
905 476 936 496 ac
951 468 1024 497 Cita—

236 515 355 541 ritonem
370 521 513 541 accersens
530 514 592 541 illos
606 515 715 541 consilii
729 514 770 541 sui
785 515 932 550 participes
947 515 1022 543 facit.

236 558 343 587 llursus
358 560 397 587 illi
417 559 464 586 Dei
486 560 617 594 placitum
641 564 812 595 exspectare,
833 565 861 588 et
880 568 961 596 quem
978 561 1024 590 ille

237 606 382 633 manifeste
398 605 588 640 approbasset,
606 606 680 634 hunc
700 607 796 634 itidem
817 615 879 635 sese
895 608 1025 636 dixerunt

235 653 348 687 eligere.

271 697 391 725 XXVIII.
427 697 612 730 Quamobrem
644 706 707 726 cum
741 700 863 735 pontifex
893 701 1024 736 penderet

234 744 330 771 animi.
349 744 488 778 Deumque
504 745 623 772 assiduis
637 745 767 780 precibus
781 753 883 779 oraret,
901 752 930 774 ut
943 755 1024 782 quem

234 789 260 817 is
280 790 419 824 probaret.
441 790 570 817 eumdem
591 791 766 826 perspicuum
783 792 892 820 coalitus
912 793 1024 826 faceret,

236 836 306 863 duos
327 836 453 863 homines
482 844 532 870 per
558 836 678 870 quietem
711 837 763 864 sibi
785 837 854 864 vidit
884 839 1023 871 assistere,

236 883 328 916 specie
341 889 373 908 ac
389 882 463 909 cultu
484 882 608 916 corporis
626 883 765 916 apostolos
788 884 958 915 referentes.
976 886 1022 919 qui

237 934 267 954 se
283 927 309 954 in
328 927 402 954 hunc
421 927 530 954 modum
549 928 600 954 visi
618 932 682 954 sunt
698 929 818 963 alloqui:
834 929 890 957 Cur
903 930 938 957 ob
954 930 1024 957 invi-

235 979 295 1000 cem
315 973 508 1001 dissidentium
529 975 734 1001 contentionem
758 975 850 1002 animo
870 976 1022 1004 cruciaris?

236 1019 304 1047 Nam
324 1020 370 1053 qui
393 1019 426 1046 ad
450 1024 491 1052 te,
519 1024 550 1047 ut
572 1020 722 1055 eligantur,
740 1021 775 1048 ab
797 1021 892 1048 iisdem
912 1022 1022 1049 adducti

237 1070 318 1095 sunt,
339 1065 390 1091 hoc
408 1073 492 1092 onere
509 1070 592 1100 atque
607 1071 706 1092 conatu
734 1066 944 1101 haudquaquam
959 1072 1025 1095 sunt

237 1111 322 1149 digni.
340 1111 374 1138 At
388 1112 498 1145 quidam
516 1112 586 1138 alius
601 1117 642 1138 est
656 1112 683 1138 in
699 1112 766 1138 urbe
778 1113 886 1147 hospes,
905 1112 948 1140 \‘ir
963 1121 1023 1141 tuo-

237 1157 314 1184 ribus
330 1162 444 1185 ornatus
460 1165 492 1184 ae
508 1158 563 1184 Deo
579 1158 694 1190 chartis;
716 1157 847 1192 Gregorio
866 1165 966 1184 nomen
981 1163 1025 1186 est

237 1203 285 1230 illi.
302 1203 352 1230 Hic
365 1203 513 1237 aliquando
535 1204 563 1230 in
577 1203 630 1230 divi
647 1204 725 1231 Saba
741 1204 907 1231 monasterio
925 1204 1025 1238 hospes

236 1249 306 1283 eg't:
321 1249 367 1276 sed
384 1256 446 1275 cum
463 1249 547 1276 hosce
566 1249 639 1276 viros
655 1249 803 1277 adventare
818 1250 852 1276 ad
871 1250 966 1277 urbem
983 1250 1022 1277 in-

237 1293 349 1323 lolii-xit.
362 1295 450 1320 mttlto
461 1294 546 1328 magis
564 1301 593 1320 se
604 1295 763 1326 occultavit,
776 1303 807 1322 ac
820 1303 893 1322 nunc
909 1295 936 1322 in
950 1303 1026 1323 sacra

238 1339 292 1365 diri
311 1340 437 1366 Mercurii
457 1340 514 1366 aede
531 1340 598 1366 latet
613 1341 749 1367 occttltus.
766 1340 845 1367 Hunc
861 1348 981 1369 accerse.
999 1346 1027 1368 et

238 1386 379 1420 Agrigenti
400 1385 530 1412 Ecclesiae
549 1386 709 1420 praefectura
728 1387 900 1421 insignitum.
917 1387 942 1414 in
956 1387 1028 1414 Sici-

239 1433 302 1459 liam
318 1432 406 1466 primo
419 1439 527 1466 quoque
538 1437 661 1467 tempore
677 1433 874 1464 transmittito;
891 1438 933 1460 est
951 1434 1024 1460 enim

239 1477 282 1504 vir
298 1485 359 1504 cum
376 1477 531 1504 sacerdotio
543 1477 652 1512 dignus,
667 1483 723 1504 tum
737 1478 861 1513 regendae
877 1479 915 1505 illi
930 1479 1026 1506 Eccle-

239 1523 287 1550 sia:
310 1523 427 1550 maxime
458 1523 583 1550 idoneus.
608 1523 657 1550 His
683 1524 779 1555 dictis.
803 1525 938 1558 simulque
962 1533 1024 1551 cum

238 1568 415 1596 lineamentis
434 1570 510 1596 illum
531 1569 655 1604 corporis
678 1570 861 1600 indicassent.
884 1570 918 1597 ab
939 1571 1026 1598 oculis

239 1613 324 1646 elapsi
341 1618 416 1640 sunt.
433 1613 520 1641 Simul
540 1621 571 1641 ac
590 1622 653 1641 vero
673 1623 769 1642 somno
790 1614 835 1641 ille
850 1615 958 1642 solutus
972 1620 1026 1647 est,

238 1660 338 1686 timore
361 1667 393 1686 ac
411 1659 511 1694 gaudio
531 1659 667 1694 perfusus,
688 1667 750 1686 eum
769 1660 861 1687 “areo
879 1661 1027 1693 monacho,

240 1712 302 1738 qua:
326 1705 377 1732 sibi
403 1713 451 1739 per
479 1705 566 1732 visum
600 1710 805 1740 apparuerant,
831 1706 1027 1732 communit-at.

239 1749 327 1776 Porro
337 1749 380 1775 hic
393 1754 453 1775 erat
464 1749 571 1776 Marcus
584 1750 639 1781 illc,
656 1758 737 1783 quem
752 1749 885 1784 Gregorio
899 1750 1027 1775 comitem

241 1794 351 1822 itineris
362 1795 485 1826 missum,
496 1803 527 1822 ae
540 1795 638 1822 drinde
649 1796 762 1822 Romam
774 1795 800 1822 in
814 1795 930 1829 patrium
941 1794 1029 1821 solum

241 1848 383 1867 reversum
402 1841 497 1873 fuisse,
515 1842 641 1876 superior
651 1849 742 1868 sermo
757 1841 966 1868 demonstravit.
980 1840 1031 1867 llic

239 1887 362 1920 pontifici
389 1888 440 1914 hoc
460 1889 546 1915 risum
573 1883 744 1922 gratulatus,
770 1887 876 1913 monuit
902 1891 1031 1921 oportere

242 1931 318 1957 illum
332 1933 408 1964 juxta
429 1933 559 1959 visionem
579 1939 669 1966 agere.
686 1931 755 1958 Tum
776 1932 885 1965 quidam
905 1931 1030 1965 explora-

242 1980 298 2004 tum
325 1978 473 2005 mittuntur
495 1978 546 2004 viri
572 1978 688 2009 selecti,
715 1978 816 2011 quique
843 1977 917 2003 illum
945 1977 1030 2010 probe

238 2025 353 2052 norant,
373 2029 406 2048 ac
427 2021 482 2048 duo
503 2026 634 2056 praterea
655 2021 792 2057 episcopi,
814 2022 860 2055 qui
877 2029 890 2046 a
912 2021 1030 2048 concilio

239 2070 318 2093 antea
333 2066 436 2093 reversi
450 2066 570 2095 fuerant.
584 2067 686 2100 quibus
700 2068 769 2094 a‘ter
780 2067 891 2102 quidam
904 2067 1031 2093 sacerdos

238 2111 277 2138 illi
290 2112 416 2146 cognitus
427 2119 520 2139 eomes
533 2112 654 2140 additur.
672 2113 702 2140 lli
733 2113 812 2140 simul
835 2113 1030 2139 monasterium

240 2155 296 2182 diri
319 2157 396 2183 Suhie
419 2158 623 2192 quamprimum
646 2158 749 2184 adeunt
767 2167 772 2184 :
790 2158 836 2184 ubi
850 2157 1032 2191 intelligentes

240 2201 317 2228 illum
336 2202 420 2229 biduo
436 2208 515 2230 antea
531 2199 686 2238 e'gressum.
702 2203 735 2229 ad
754 2197 883 2237 templum
901 2211 961 2230 sese
976 2203 1030 2230 divi

242 2247 369 2274 iiercurii
385 2249 544 2280 centulisse.
560 2249 625 2276 illuc
639 2253 778 2275 maturant
794 2249 940 2283 proficisci,
955 2257 1032 2276 cutti-

243 2300 298 2326 que
324 2293 388 2319 inde
412 2301 473 2320 mox
500 2293 686 2327 digressurum
712 2293 867 2320 inveniunt.
895 2293 945 2326 Qui
970 2292 1032 2320 illos

242 2337 352 2364 eminus
373 2338 564 2371 conspicatus,
590 2343 617 2365 et
643 2339 755 2373 quinam
777 2343 879 2371 essent,
904 2339 938 2365 de
964 2339 1032 2366 facie

242 2391 405 2418 agnoscens,
432 2391 463 2410 ac
483 2384 612 2417 demum,
631 2385 695 2419 quid
718 2392 732 2411 a
753 2392 783 2412 se
801 2385 920 2416 vellent,
940 2387 1032 2420 conje-

243 2435 337 2468 ctans,
364 2428 391 2456 in
418 2428 528 2455 hortum
553 2428 621 2455 sein
650 2429 748 2456 mediis
769 2429 887 2464 plantis,
914 2429 1031 2464 fugiens,

244 2475 364 2502 abdidit.

279 2521 376 2548 XXIX.
412 2520 481 2549 Cum
511 2527 578 2548 vero
611 2519 650 2548 illi
681 2527 696 2547 a
723 2522 870 2555 praeposito
900 2521 1032 2549 domicilii

244 2569 367 2603 ejusdem
391 2568 552 2603 Gregorium
580 2567 682 2595 acriter
706 2571 881 2602 repeterent,
909 2568 983 2595 hunc
1011 2569 1033 2595 si

247 2615 412 2645 dimitteret,
433 2614 554 2649 graviter
574 2613 758 2647 interminati,
780 2613 824 2641 ille
844 2614 935 2641 animo
953 2620 1035 2648 atque

247 2660 411 2694 cogitatione
423 2667 585 2694 suspensus,
601 2660 636 2686 ab
648 2659 785 2694 episcopis
797 2667 880 2687 mora:
895 2661 1034 2694 paululum

247 2705 419 2740 impetravit.
448 2713 499 2732 nec
515 2706 593 2740 prius
610 2706 759 2740 acquievit,
774 2705 861 2733 donec
880 2706 1034 2733 universam

248 2752 361 2779 domum
377 2751 583 2779 accuratissime
596 2757 736 2780 scrutatus
747 2752 950 2786 perlustrasset.
965 2752 1037 2779 llor-

250 2801 307 2824 tum
326 2796 419 2825 itidem
436 2796 549 2830 obiens,
571 2803 598 2826 et
616 2798 712 2826 oculos
733 2798 879 2826 arboribus
896 2798 1036 2833 adjiciens,

233 2894 258 2908 γ’

253 2843 374 2872 medium
388 2843 443 2873 illis
456 2843 586 2886 obrutum
601 2853 632 2876 ac
649 2845 803 2876 latitantem
818 2843 917 2873 cernit.
933 2844 1037 2872 Accur-

1075 249 1150 269 σατε.
1173 242 1216 273 Ὠς
1229 242 1259 269 δὲ
1272 243 1348 270 οὐδὲν
1371 244 1556 280 ἀπεκρίναντο
1577 247 1696 278 συνετὸν,
1720 244 1777 273 ἀλλ’
1803 249 1862 276 ὲθοτ

1075 287 1173 323 ρύῦουν
1189 288 1288 323 μᾶλλον
1304 289 1351 316 καὶ
1371 289 1535 325 ἀσχημόνως
1555 290 1679 325 ἀλλήλοις
1698 291 1862 327 ἐλοιδόρουν,

1075 333 1143 368 προς
1159 333 1207 368 τὴν
1218 334 1312 369 ἀναιδῆ
1328 335 1422 361 στάσιν
1441 335 1533 362 αὐτῶν
1544 336 1701 371 χαλεπήνας
1709 338 1722 363 ό
1734 337 1859 374 πάππας,

1073 378 1184 410 τούτους
1199 379 1367 414 ἀπελαθῆναι
1383 380 1502 408 κελεύει.
1527 381 1596 408 Μεθ’
1613 382 1718 417 ἡμέρας
1732 383 1761 410 δὲ
1784 385 1859 418 τρεῖς

1073 423 1137 455 τοὺς
1150 425 1215 458 περὶ
1230 425 1335 451 Εὗπλον
1348 426 1395 452 καὶ
1407 426 1553 460 Χαρίτωνα
1564 427 1682 460 συγκαλέ
1688 435 1747 459 σας.
1764 437 1862 455 κοινω-

1074 469 1137 501 νοὺς
1161 469 1236 504 αὐτῷ
1249 471 1298 505 τῆς
1312 470 1426 505 γνώμης
1439 471 1536 499 ἐποίει.
1563 471 1597 499 Οἱ
1613 471 1642 498 δὲ
1657 472 1707 507 τὴν
1730 471 1778 498 τοῦ
1793 471 1861 502 Θεοῦ

1076 515 1166 550 ψῆφον
1186 517 1234 543 καὶ
1250 515 1328 549 αὖθις
1356 518 1468 553 κρατεῖν
1492 518 1607 552 ἔφησαν,
1631 519 1679 545 καὶ
1707 518 1737 546 δν
1759 519 1862 550 ἐκεῖνος

1075 563 1206 597 ἐμφανῶς
1218 563 1386 599 δοκιμάσειε,
1399 564 1494 592 τοῦτον
1506 564 1539 600 δὴ
1556 565 1604 592 καὶ
1623 565 1801 600 χειροτονεῖν.

1112 695 1183 722 κιιι.
1207 695 1251 721 Ἐν
1266 695 1362 731 ἀπόρῳ
1376 696 1466 722 τοίνυν
1480 696 1494 723 ὁ
1508 697 1624 729 πάππας
1651 697 1799 732 γενόμενος
1815 701 1862 725 καὶ

1075 740 1121 767 τοῦ
1137 740 1204 766 Θεοῦ
1225 740 1357 771 συντόνως
1372 741 1508 776 δεόμενος,
1534 741 1564 774 ἐξ
1581 741 1696 776 οὐρανοῦ
1717 742 1797 777 δῆλον
1816 751 1862 776 γε-

1077 785 1170 812 νέσθαι
1187 786 1232 812 τὸν
1249 786 1323 821 αὐτῷ
1341 786 1462 821 δόκιμον,
1474 786 1541 822 δναρ
1572 787 1633 822 ὁρᾷ,
1656 786 1702 813 δύο
1727 788 1804 820 τινὰς
1818 788 1865 816 ἇν-

1076 831 1141 866 δρας
1158 831 1323 863 επιστάντας
1342 831 1426 866 αὐτῷ·
1445 832 1622 859 ἀποστολικὸν
1638 830 1713 868 δὲξῆν
1728 833 1758 860 τὸ
1771 834 1864 868 σχῆμα

1041 873 1061 901 Β
1077 878 1180 910 τούτοις
1199 879 1247 905 καὶ
1264 879 1280 913 ἡ
1295 878 1412 913 ἀναϐολή
1428 887 1436 895 ’
1456 879 1482 906 οἳ
1496 881 1543 906 καὶ
1564 879 1632 916 πρὸς
1652 881 1734 907 αὐτὸν
1742 880 1865 917 ἐῴκεσαν

1079 925 1180 958 λέγειν,
1197 924 1230 952 Ti
1245 925 1313 959 δῆτα
1329 925 1403 962 λύπῃ
1419 926 1469 961 τὴν
1483 926 1573 962 ψυχὴν
1595 927 1726 962 ὲπλήγεις
1745 929 1795 963 τῆς
1810 928 1866 955 τῶν

1081 971 1282 1003 στασιαζόντων
1295 972 1373 999 ἓνεκε
1397 972 1576 1007 φιλονεικίας.
1605 970 1686 1000 Οὗτοι
1713 974 1742 1001 δέ
1770 983 1813 1002 σοι
1838 975 1864 1002 οἱ

1081 1017 1146 1050 παρ’
1163 1017 1254 1043 αὐτῶν
1273 1018 1476 1052 προσαγόμενοι
1492 1019 1561 1054 πρὸς
1576 1019 1745 1055 χειροτονίαν
1763 1021 1865 1054 ἥκιστα.

1079 1062 1126 1089 τοῦ
1142 1063 1341 1097 ἐγχειρήματος
1362 1063 1430 1095 ἄξιοι
1447 1072 1454 1079 ·
1470 1064 1550 1095 ἄλλος
1569 1064 1597 1090 δέ
1612 1065 1654 1096 τίς
1678 1066 1753 1092 ἔστιν
1781 1066 1810 1092 ὲν
1831 1067 1864 1100 τῇ

1082 1108 1159 1134 πόλει
1182 1108 1268 1143 ταύτῃ
1295 1108 1372 1141 ξένος
1399 1108 1477 1143 ἀνὴρ,
1492 1109 1539 1135 τὸν
1556 1109 1662 1145 πρόπον
1678 1111 1792 1145 κόσμιος
1818 1111 1866 1137 καὶ

1081 1153 1120 1188 τῷ
1144 1153 1203 1188 Θεῷ
1228 1154 1324 1187 φίλος·
1342 1155 1356 1189 ή
1378 1154 1473 1188 κλῆσις
1503 1155 1578 1190 αὺτῷ
1602 1156 1763 1191 Γρηγόριος.
1781 1153 1865 1188 Οὗτος

1083 1199 1162 1234 μέχρι
1179 1199 1229 1233 μέν
1255 1208 1327 1232 τινος
1351 1199 1390 1235 τῷ
1415 1200 1462 1226 τοῦ
1480 1200 1561 1234 ἁγίου
1591 1201 1665 1227 Σάεα
1690 1201 1866 1237 μοναστηρῑῳ

1081 1244 1290 1278 ὲπιξενούμενος
1315 1242 1350 1280 ἦν
1370 1252 1379 1261 ο
1405 1245 1466 1271 ἐπεὶ
1490 1245 1519 1272 δὲ
1537 1246 1600 1278 τοὺς
1628 1246 1730 1281 ἄνδρας
1755 1246 1866 1278 τούτους

1081 1289 1199 1324 ἥκοντας
1213 1289 1326 1324 ἔμαθεν,
1343 1290 1384 1316 ἔτι
1399 1291 1446 1316 καὶ
1463 1290 1565 1324 μᾶλλον
1581 1291 1741 1327 ἀπέκρυψεν
1759 1291 1865 1324 ἑαυτὸν,

1083 1336 1128 1362 καὶ
1143 1335 1190 1361 vim
1202 1336 1233 1361 τὸ
1251 1336 1299 1362 τοῦ
1316 1336 1394 1369 ἀγίου
1417 1335 1519 1371 Ἑρμοῦ
1541 1337 1665 1371 σεμνεῖον
1691 1337 1750 1372 ἔχει
1771 1337 1867 1364 τοῦτον

1085 1382 1149 1416 παρ’
1167 1382 1257 1415 ἑαυτῷ
1282 1383 1474 1417 κρυπτόμενον
1487 1390 1493 1398 ·
1511 1383 1597 1418 ὅνπερ
1622 1383 1654 1417 δὴ
1675 1383 1867 1418 μετακαλεσά-

1083 1437 1162 1462 μενος
1179 1429 1225 1454 καὶ
1242 1428 1292 1462 τῆς
1312 1428 1536 1464 Ἀκραγαντίνων
1552 1429 1710 1464 ἐγχειρίσας
1721 1429 1774 1464 τὴν
1786 1437 1868 1464 προε-

1085 1474 1161 1509 ζρίαν
1182 1475 1211 1506 ἐς
1233 1475 1360 1501 Σικελίαν
1388 1475 1430 1502 ὅτι
1448 1475 1563 1510 τάχιστα
1587 1477 1681 1510 πέμπε
1703 1484 1710 1492 ο
1734 1475 1794 1502 ἔστι
1812 1475 1866 1511 γὰρ

1082 1521 1130 1546 καὶ
1145 1521 1298 1555 ἱερωσύνης
1316 1521 1391 1553 ἄξιος
1404 1522 1418 1547 ὁ
1431 1521 1512 1555 ἀνὴρ,
1541 1521 1589 1548 καὶ
1610 1521 1648 1556 τῷ
1669 1522 1765 1556 τοιῷδε
1791 1522 1866 1556 τόκῳ

1082 1566 1200 1600 μάλιστα
1228 1567 1440 1602 προσαρμόζων.
1470 1566 1563 1593 Ταῦτα
1587 1567 1712 1598 εἰπόντες
1738 1567 1786 1594 καὶ
1807 1566 1867 1602 ἅμα

1081 1613 1127 1638 τὶν
1142 1612 1225 1639 αὑτοῦ
1239 1613 1406 1647 χαρακτῆρα
1429 1613 1479 1646 τῆς
1505 1613 1614 1648 μορφῆς
1641 1614 1866 1647 παραδείξαντες,

1083 1659 1197 1691 ἀφανεῖς
1224 1659 1410 1692 ἐγεγόνεισαν.
1454 1658 1500 1689 Ὦς
1524 1659 1552 1684 δὲ
1577 1659 1625 1685 τοῦ
1652 1659 1737 1685 ὕπνου
1762 1659 1866 1691 λέλυτο,

1083 1704 1167 1737 φόϐου
1183 1704 1231 1730 καὶ
1248 1705 1335 1738 χαρᾶς
1358 1703 1467 1738 πλήρης
1494 1703 1542 1736 ὢν,
1567 1703 1608 1738 τῷ
1629 1704 1740 1739 μοναχῷ
1761 1705 1869 1739 Μάρκῳ

1083 1749 1220 1777 κοινοῦται
1236 1749 1287 1785 τὴν
1305 1749 1378 1782 ὄψιν.
1403 1749 1434 1775 '0
1449 1749 1562 1784 Μάρκος
1580 1749 1609 1776 δὲ
1625 1747 1701 1779 οὗτος
1715 1748 1748 1785 ἧν
1764 1750 1794 1777 ὃν
1816 1750 1867 1785 ήδη

1083 1795 1189 1830 φθάσας
1206 1796 1220 1822 ὁ
1233 1795 1311 1829 λόγος
1324 1795 1363 1829 τῷ
1386 1795 1535 1831 Γρηγορίῳ
1566 1795 1758 1830 συνοδοιπόρον
1782 1794 1870 1829 ὲγνὼο

1084 1849 1144 1876 ρισε
1162 1841 1324 1876 πεμφθῆναι
1339 1841 1415 1875 παρὰ
1428 1839 1508 1873 Θεοῦ,
1526 1840 1575 1867 xai
1599 1840 1668 1874 προς
1678 1840 1727 1874 τὴν
1751 1838 1869 1873 πατρίδα

1089 1887 1198 1921 Ῥώμην
1215 1885 1293 1917 αὖθις
1315 1886 1502 1919 ἀνασωθῆναι.
1525 1886 1580 1912 Kai
1599 1885 1629 1916 ὃς
1645 1884 1790 1920 συνησθεὶς
1819 1884 1870 1917 τῆς

1082 1932 1171 1966 ὅψεως
1194 1932 1234 1967 τῷ
1262 1932 1396 1967 ἀρχιερεῖ,
1426 1933 1470 1958 ὅτι
1493 1930 1574 1965 τάχος
1605 1930 1720 1965 παρῄνει
1746 1930 1816 1955 κατὰ
1836 1929 1870 1955 τὰ

1081 1979 1214 2014 ὁραθέντα
1227 1980 1323 2005 ποιεῖν.
1343 1978 1399 2005 Καὶ
1423 1978 1581 2012 πέμπονται
1596 1977 1628 2011 δὴ
1657 1976 1729 2002 κατὰ
1755 1976 1871 2008 ζήτησιν

1083 2025 1180 2059 ἄνδρες
1207 2025 1342 2059 ἔκκριτοι,
1367 2025 1414 2050 καὶ
1438 2024 1496 2058 ἅμα
1524 2023 1620 2049 τοῦτον
1642 2021 1733 2053 καλῶς
1756 2021 1870 2051 εἰδότες,

1082 2073 1128 2098 δύο
1146 2081 1176 2098 τε
1200 2072 1255 2098 τῶν
1279 2072 1450 2103 ἐπισκόπων,
1474 2071 1498 2097 oi
1519 2069 1573 2096 ἀπὸ
1596 2069 1646 2103 τῆς
1675 2068 1784 2094 συνόδου
1804 2067 1871 2101 πρό-

1082 2126 1161 2150 τερον
1179 2118 1351 2152 ἀφικόμενοι,
1367 2116 1414 2143 καί
1436 2125 1477 2148 τις
1501 2115 1596 2150 ἕτερος
1608 2114 1622 2141 ὁ
1637 2114 1660 2140 is
1668 2114 1730 2148 ρεὺς
1753 2113 1800 2139 καὶ
1820 2113 1871 2138 αὖ·

1083 2165 1127 2194 τος
1140 2163 1213 2197 αὑτῴ
1228 2162 1376 2196 γνώριμος.
1394 2158 1475 2188 Οὗτοι
1488 2160 1595 2195 πρῶτον
1621 2160 1650 2186 ὲν
1666 2158 1705 2193 τῷ
1722 2157 1770 2184 τοῦ
1791 2157 1869 2191 ἁγίου

1048 2217 1070 2244 ι)
1084 2209 1157 2235 Σάδα
1176 2207 1349 2242 μοναστηριῳ
1363 2207 1521 2240 γενόμενοι,
1534 2205 1582 2231 καὶ
1599 2204 1734 2239 μαθόντες
1757 2203 1798 2228 ὅτι
1811 2202 1870 2228 δυσὶ

1084 2252 1216 2287 πρότερον
1229 2251 1346 2286 ἡμέραις
1359 2249 1476 2281 ἐξελθὼν
1490 2251 1530 2280 εἰς
1540 2248 1589 2284 τὴν
1602 2247 1648 2274 τοῦ
1666 2246 1748 2280 ἁγίου
1768 2245 1870 2280 Ἐρμοῦ

1085 2298 1184 2333 μετέϐη
1201 2297 1296 2331 μονὴν,
1311 2297 1370 2322 ἐκεῖ
1377 2296 1424 2321 καὶ
1434 2291 1506 2322 οὗτοι
1522 2294 1622 2329 σπουδῇ
1635 2293 1869 2328 παραγεγονότες.

1084 2344 1259 2379 εὑρίσκουσιν
1273 2343 1324 2377 ἤδη
1336 2341 1464 2368 κάκεῖθεν
1479 2341 1611 2376 ἐκχωρεῖν
1627 2339 1766 2374 μέλλοντα·
1781 2338 1810 2368 ὃς
1823 2337 1870 2363 καὶ

1088 2387 1225 2423 μακρόθεν
1240 2387 1339 2417 αὐτοὺς
1353 2385 1518 2419 θεασάμενος
1529 2385 1575 2411 καὶ
1587 2385 1684 2414 οἵτινες
1702 2381 1757 2409 εἷεν
1771 2384 1802 2409 ἐκ
1819 2382 1869 2416 τῆς

1083 2433 1170 2468 ὅψεως
1185 2431 1327 2465 ἀναγνοὺς,
1336 2432 1383 2457 καὶ
1391 2429 1537 2464 συμϐαλὼν
1549 2430 1562 2455 ὂ
1572 2437 1598 2455 τι
1611 2429 1758 2464 βούλοιντο,
1768 2427 1814 2453 τοῦ
1825 2427 1872 2460 κή-

1084 2489 1135 2507 που
1144 2479 1256 2514 δραμὼν
1269 2477 1400 2511 ἐνδοτέρω
1413 2476 1494 2510 μέσον
1503 2475 1557 2502 τῶν
1568 2475 1659 2509 φυτῶν
1669 2473 1870 2508 ὑπεκρύπτετο.

1120 2524 1185 2552 ΚΘ’.
1214 2523 1294 2549 Ἐπεὶ
1318 2522 1346 2548 δὲ
1374 2518 1450 2548 οὗτοι
1472 2521 1511 2556 τῷ
1537 2519 1691 2556 προεστῶτι
1714 2520 1763 2552 τῆς
1787 2517 1872 2552 μονῆς

1088 2570 1282 2605 προσελθόντες
1298 2569 1343 2596 τδν
1360 2567 1511 2603 Γρηγόριον
1527 2567 1645 2602 ἰσχυρῶς
1660 2566 1781 2600 ἀπῄτουν
1791 2585 1798 2596 ,
1823 2563 1873 2589 καὶ

1085 2617 1139 2644 οὐδ’
1154 2617 1187 2644 ἀν
1203 2617 1228 2643 εἰ
1240 2624 1265 2642 τι
1283 2616 1390 2649 γένοιτο
1407 2614 1535 2649 μεθήσειν
1544 2613 1625 2640 αὐτὸν
1641 2612 1743 2645 ἔλεγον,
1759 2612 1787 2637 ὲν
1801 2611 1874 2644 ἀμη-

1086 2664 1161 2698 χάνῳ
1176 2662 1315 2692 καταστὰς
1329 2662 1442 2693 ἐκεῖνος,
1473 2661 1521 2687 καὶ
1546 2659 1646 2694 μικρὸν
1676 2659 1785 2691 ὑφεῖναι
1809 2656 1874 2686 τοὺς

1087 2709 1255 2740 ἐπισκόπους
1271 2707 1497 2741 ἐξαιτησάμενος,
1514 2707 1564 2732 οὐκ
1582 2705 1769 2737 ἀνίει,-ττάντα
1790 2703 1872 2729 τόπον

1086 2756 1136 2790 τῆς
1155 2754 1238 2789 μονῆς
1253 2753 1369 2788 περιιὼν
1388 2753 1436 2779 καὶ
1459 2751 1685 2787 διερευνώμενος.
1710 2750 1753 2781 Ὠς
1777 2749 1805 2775 δὲ
1823 2747 1871 2773 καὶ

1089 2800 1214 2835 περἰτδν
1242 2799 1332 2834 κῆπον
1358 2799 1487 2832 ἐγένετο,
1516 2797 1564 2824 καὶ
1590 2796 1800 2832 περιεργότερον
1824 2792 1872 2818 τὶν

1090 2845 1230 2881 ὀφθαλμὸν
1245 2846 1301 2877 τοῖς
1316 2845 1412 2880 φυτοῖς
1429 2843 1592 2875 ὲπέῧαλλεν,
1607 2843 1658 2878 ὁρᾷ
1674 2842 1756 2877 μέσον
1780 2837 1871 2867 αὐτῶν
