2077 3148
257 144 310 175 Ξὲὗ

869 136 1014 166 MENSIS
1033 135 1255 167 NOVEM'BER.

1822 137 1877 170 235

257 209 324 230 vero
335 200 475 234 exemplar
490 204 549 225 sese
579 196 634 224 illis
651 195 713 224 vitae
738 198 821 222 recte
842 194 1044 222 constituendae

1097 193 1213 228 δέχεται.
1225 193 1281 229 Πρὸ
1296 193 1325 221 δὲ
1339 194 1443 222 τούτων
1459 194 1538 227 αὐτὸς
1549 191 1583 230 ἦν
1599 195 1690 228 αὐτοῖς
1705 196 1881 233 παράδειγμα

256 246 470 284 pulcherrimum
491 245 549 279 ipse
563 242 721 279 prwstabat,
737 241 777 269 sic
793 241 896 273 vivens,
913 245 940 267 ut
953 240 1042 267 oratio

256 292 383 328 superius
399 290 541 323 indicavit,
557 290 679 325 seipsum
693 292 798 316 tantum
822 287 1042 322 supereminens,

255 343 417 372 tantumque
432 336 575 370 utriusque
585 335 649 362 vita
663 334 783 362 medium
800 341 894 368 agens,
910 336 1043 367 quantum

255 383 308 412 sibi
322 391 370 417 per
386 381 528 418 dignitatis
553 380 741 409 excellentiam
759 379 866 407 licebat.
892 378 956 405 Post
985 377 1043 405 haec

256 430 340 457 etiam
354 430 429 456 viros
440 428 495 457 illis
509 432 568 455 tum
597 427 765 458 sacerdotes,
788 430 844 452 tum
871 423 1010 454 diaconos,
1027 431 1043 450 a

257 475 358 510 quibus
372 474 463 502 divina
477 478 505 501 et
519 480 581 508 quae
602 473 674 499 ultra
690 479 740 499 nos
756 475 830 503 sunt,
842 473 1041 505 peragerentur

231 532 238 542 ι
258 520 411 553 constituit,
426 526 495 555 quos
503 519 542 546 illi
558 518 694 546 intuentes
707 517 910 551 imitantesque,
927 515 954 542 in
970 515 1043 542 viros

257 566 362 593 virtute
389 564 555 593 clarissimos
583 563 740 591 evaderent.
769 561 841 589 inter
871 561 922 588 hos
950 567 1044 587 sacros

257 612 332 639 viros
346 610 500 645 complures
517 610 568 636 viri
585 612 746 644 przestantes
760 607 884 639 fuerunt,
898 606 925 632 in
939 605 1041 640 quibus

258 657 398 689 Erasmus,
428 654 585 683 Platonicus
614 661 646 681 ac
683 652 878 686 Philadelphus
904 650 1043 686 pracipue

259 702 379 730 illustres
393 701 511 733 nituere,
527 700 574 735 qui
591 707 654 727 cum
666 698 713 727 illo
725 698 875 734 plurimum
887 701 1039 729 versantes,

257 754 290 775 ac
304 748 362 783 ejus
372 749 466 778 vitam,
489 745 579 781 quoad
596 745 654 772 ﬁeri
682 749 799 780 poterat,
830 743 989 778 ellingentes
1011 750 1042 769 ac

255 793 453 828 exprimentes,
468 792 589 827 insignes
604 794 634 818 ut
644 791 691 826 qui
706 793 825 817 maxime
841 789 915 824 apud
928 795 1040 816 omnem

257 838 453 873 rempublicam
469 838 533 866 facti
553 841 627 865 sunt.
655 837 717 864 Haec
730 843 796 863 sane
808 834 1041 871 quemadmodum

255 885 442 920 exposuimus,
458 884 496 911 ita
536 891 565 911 se
583 883 731 911 habebant.

290 931 432 960 XXXVIII.
451 930 596 958 Nonnullis
632 934 694 965 post
726 928 824 956 diebus
842 935 904 955 cum
924 928 957 954 D.
975 926 1043 955 Gre-

255 978 348 1014 gorius
362 977 500 1004 civitatem
526 976 628 1007 obiret,
661 982 715 1010 quo
734 973 910 1001 miseratione
931 977 1044 1009 paterna

255 1027 371 1060 aegrotos
387 1023 527 1055 inviseret,
549 1022 602 1049 alia
619 1021 730 1054 quidem
747 1027 808 1047 cum
833 1026 959 1051 numero,
987 1024 1044 1046 tum

256 1068 444 1105 magnitudine
459 1068 572 1104 majora,
598 1074 678 1102 quam
693 1071 724 1094 ut
737 1066 825 1093 oratio
838 1065 1044 1101 complectatur,

257 1116 330 1143 edita
343 1118 418 1142 sunt.
439 1114 494 1141 Sed
507 1121 604 1145 unum,
632 1112 706 1147 quod
732 1111 847 1139 auribus
872 1111 974 1138 vestris
1003 1113 1045 1137 est

257 1164 364 1196 gratum
380 1159 512 1189 futurum,
529 1158 687 1192 largiamur.
705 1157 822 1184 Sabinus
849 1155 961 1191 quidatn
982 1161 1045 1189 pre-

255 1206 349 1242 sbyter
379 1204 488 1232 ﬁliolam
501 1203 642 1239 pulchram
657 1202 768 1238 quidem
794 1209 825 1229 ac
839 1201 917 1228 valde
944 1200 1045 1235 gratio-

256 1260 314 1281 sam
328 1252 435 1285 habuit,
451 1255 580 1279 caeterum
596 1249 692 1277 morbo
707 1249 840 1276 diuturno
857 1248 912 1283 jam
931 1253 1045 1281 oppres-

257 1306 325 1331 sam,
341 1305 402 1333 qua:
412 1304 509 1324 novem
525 1296 604 1323 annis
613 1302 722 1322 movere
737 1301 766 1322 se
776 1300 917 1328 nunquam
929 1292 1042 1319 omnino

257 1348 395 1379 potuerat.
418 1343 443 1370 Is
456 1349 518 1369 cum
543 1341 654 1368 beatum
685 1340 774 1366 virum
797 1346 829 1365 ea
857 1340 1045 1364 transeuntem

258 1388 391 1421 audisset,
417 1386 491 1414 illam
520 1393 573 1413 una
591 1391 654 1412 cum
685 1391 768 1411 uxore
799 1383 838 1410 uti
864 1382 1044 1410 inanimatam

259 1433 396 1468 quoddam
405 1432 512 1468 pondus
527 1435 591 1458 ante
619 1429 785 1457 vestibulum
799 1428 936 1464 exposuit.
964 1428 1045 1463 (illac

259 1478 333 1506 enim
354 1477 395 1504 vir
416 1484 530 1512 magnus
555 1475 608 1503 iter
639 1474 762 1502 facturus
791 1473 878 1508 erat.)
895 1472 954 1505 Quo
981 1473 1045 1500 illuc

260 1527 417 1559 appetente,
449 1521 546 1557 puellae
573 1525 660 1548 mater
677 1520 723 1554 (ut
739 1527 798 1547 mos
825 1523 867 1547 est
886 1519 1043 1553 matribus)

259 1568 322 1597 ﬁliae
329 1568 516 1605 pulcbitudine
527 1575 558 1595 ac
572 1571 651 1594 etate
666 1566 789 1594 ﬂorentis
800 1572 893 1593 casum
904 1565 1043 1598 miserata,

257 1622 317 1644 tum
332 1615 510 1643 vehementer
525 1614 591 1642 ﬁere
605 1621 636 1642 ac
656 1620 780 1645 currere,
797 1619 912 1647 seseque
930 1612 1044 1648 hujusce

258 1663 345 1699 patris
363 1662 397 1690 ad
412 1661 495 1696 pedes
508 1661 654 1696 projicere.
684 1660 730 1687 Ille
759 1659 824 1694 quid
845 1665 914 1694 opus
931 1658 1045 1684 haberet

259 1710 446 1743 percontatus,
476 1713 586 1733 causam
615 1705 721 1737 didicit,
747 1706 861 1740 ejusque
893 1710 925 1730 ac
951 1703 1045 1730 Sabini

259 1753 442 1782 calamitatem
474 1752 631 1783 miseratus,
670 1750 766 1785 positis
803 1749 919 1785 genibus
946 1751 1044 1782 oravit,

260 1799 355 1826 dicens
371 1807 378 1825 :
397 1798 510 1825 Domine
535 1797 600 1824 Jesu
629 1796 748 1829 Christe,
776 1796 848 1823 Deus
870 1799 976 1825 noster.
992 1803 1040 1829 ne,

262 1851 366 1880 quaeso,
394 1848 501 1870 avertas
523 1842 616 1869 oculos
627 1849 641 1868 a
653 1841 780 1877 precibus
791 1840 863 1868 servi
882 1840 932 1872 tui,
947 1847 1046 1875 meque

263 1888 345 1916 hodie
359 1888 492 1915 humilem
506 1887 618 1919 exaudi,
636 1891 717 1921 atque
732 1887 802 1914 hanc
817 1886 936 1922 puellam
960 1885 1046 1921 gratia

262 1942 295 1963 ac
309 1935 428 1970 potentia
445 1933 581 1962 tuisancti
606 1932 726 1968 Spiritus
743 1932 850 1967 erigens
875 1932 971 1959 invise.
999 1931 1046 1960 llis

262 1980 354 2012 dictis,
367 1979 497 2012 surrexit,
513 1986 545 2005 ac
555 1978 633 2013 signo
646 1978 735 2005 crucis
749 1978 866 2012 puellam
889 1978 1044 2013 obsignans,

261 2026 292 2054 1n
308 2024 496 2052 nominc‘Jesu
509 2024 611 2051 Christi
626 2023 702 2059 (ait)
719 2031 844 2058 exsurge,
869 2027 896 2050 ct
910 2027 951 2050 sta
964 2029 1058 2057 super_

261 2070 346 2106 pedes
364 2074 435 2097 tuos.
453 2069 515 2096 lltec
528 2069 572 2096 ille
590 2068 670 2100 dixit,
683 2073 710 2095 et
725 2068 814 2103 puella
830 2068 957 2103 protinus
981 2076 1045 2094 sur-

260 2115 342 2147 rexit,
378 2119 460 2149 atquc
488 2114 641 2149 singulares
659 2113 807 2140 immortali
844 2113 899 2139 Deo
926 2112 1045 2139 universi

262 2160 362 2195 gratias
373 2165 488 2195 egerunt
504 2168 511 2193 ;
527 2159 621 2187 aderat
630 2159 704 2186 enim
715 2163 812 2186 cuncta
825 2158 942 2185 civitatis
955 2158 1048 2186 multi-

1095 239 1249 271 κάλλιστον,
1272 239 1344 266 οὕτω
1361 239 1436 274 βιοὺς
1452 240 1489 272 ὡς
1503 241 1517 267 ό
1532 241 1677 276 προλαϐὼν
1691 242 1775 276 ἔδειξε
1789 244 1879 279 λόγος,

1097 284 1198 319 μᾶλλον
1215 284 1243 311 δὲ
1259 285 1388 312 τοσοῦτον
1401 285 1564 320 ὑπερϐαλὼν
1578 287 1675 315 ἑαυτὸν
1688 289 1736 315 καὶ
1751 290 1881 318 τοσοῦτον

1094 329 1183 361 δείξας
1211 330 1345 366 ἐκατέρου
1362 330 1420 365 βίου
1432 331 1464 357 τὺ
1479 331 1562 365 μέσον
1586 332 1649 359 ὅσον
1665 330 1698 368 ἦν
1724 334 1771 360 καὶ
1787 334 1817 360 τὸ
1831 335 1882 370 τῆς

1097 375 1173 407 ἀξίας
1190 376 1330 411 διάφορον.
1346 377 1424 404 Μετὰ
1440 376 1469 403 δὲ
1484 377 1588 404 τούτων
1610 378 1656 404 καὶ
1671 379 1772 414 ἄνδρας
1789 381 1884 414 αὐτοῖς

1094 421 1203 456 ἐφίστη,
1232 421 1323 457 ἱερέας
1338 430 1366 448 τε
1385 422 1432 448 καὶ
1443 422 1599 455 διακόνους,
1614 425 1662 450 καὶ
1675 421 1716 455 οἷς
1728 425 1762 452 τὰ
1775 424 1835 453 θεῖά
1853 435 1883 453 τε

1102 469 1148 494 καὶ
1160 468 1230 503 ὑπὲρ
1245 469 1319 503 ἡμᾶς
1332 470 1447 500 ἀνεῖται,
1458 469 1526 504 πρδς
1542 469 1589 502 οὓς
1598 471 1719 497 κάκεῖνοι
1736 471 1883 506 βλέποντες

1093 514 1141 540 καὶ
1156 513 1312 548 ζηλοῦντες,
1336 514 1417 550 ἄκροι
1443 515 1492 550 τὴν
1508 516 1607 551 ἀρετὴν
1620 516 1733 551 ἔμελλον
1745 518 1884 554 ἀποϐήσε-

1095 559 1168 586 σθαι.
1183 559 1294 586 Τούτων
1305 561 1361 586 τῶν
1386 560 1466 596 ῑερῶν
1481 561 1588 596 ἀνδρῶν
1603 563 1648 588 καὶ
1666 561 1740 590 ἄλλοι
1756 564 1806 598 μὲν
1819 565 1882 590 ἐπι-

1096 605 1192 638 φανεῖς
1219 605 1405 640 κατέστησαν,
1423 607 1453 632 έν
1468 606 1561 637 αὐτοῖς
1586 606 1614 633 δὲ
1634 606 1738 639 τούτοις
1763 609 1884 642 μάλιστα

1093 650 1230 684 διαφανῶς
1243 650 1409 686 ἐξέλαμψαν,
1427 652 1565 688 Ἐρασμός
1586 661 1616 680 τε
1637 654 1684 680 καὶ
1710 653 1884 686 Πλατώνικος

1094 697 1140 723 καὶ
1148 696 1324 732 Φιλάδελφος,
1335 697 1363 724 οί
1374 706 1404 732 γε
1421 698 1497 733 αὐτῷ
1511 699 1558 726 καὶ
1574 699 1608 726 τὰ
1625 699 1739 727 πλεῖστα
1756 701 1884 733 συνόντες

1094 742 1142 769 καὶ
1159 744 1199 774 είς
1211 744 1272 770 ὅσον
1292 744 1355 779 ἐνῆν
1369 745 1416 771 τὸν
1440 745 1546 772 ἐκείνου
1562 745 1620 780 βίον
1645 746 1884 781 ἀποματτόμενοι,

1093 788 1294 824 ἐπισημότατοι
1308 790 1384 825 παρὰ
1401 790 1474 827 πάσῃ
1486 792 1519 826 τῇ
1539 791 1660 827 πολιτείᾳ
1673 793 1814 827 γεγόνασι.
1828 793 1884 820 Καὶ

1094 837 1181 861 ταῦτα
1195 834 1246 870 μὲν
1259 835 1346 867 οὕτως
1357 836 1524 871 ἐπράττετο.

1130 921 1194 950 AH'.
1211 923 1280 950 Μεθ’
1296 924 1404 959 ήμέρας
1419 924 1447 951 δέ
1463 934 1541 957 τινας
1558 925 1608 961 τὴν
1623 926 1700 953 πόλιν
1727 926 1774 954 τοῦ
1789 936 1881 962 μακα-

1096 966 1155 1001 ρίου
1170 969 1334 1003 περιιόντος,
1357 970 1400 1005 ἐφ’
1419 967 1442 1004 ᾧ
1465 971 1528 1002 τοὺς
1545 972 1574 998 ὲν
1599 971 1688 1004 νόσοις
1716 972 1883 1008 σπλάγχνοις

1096 1015 1240 1048 πατρικοῖς
1266 1015 1481 1050 ἐπισκέψασθαι,
1499 1017 1546 1044 καὶ
1576 1017 1644 1044 ἄλλα
1668 1019 1718 1053 μὲν
1742 1019 1884 1046 τετέλεστο

1097 1060 1229 1093 μεγαλεῖα
1242 1061 1362 1096 κρείττω
1377 1062 1459 1096 λόγου
1478 1063 1517 1097 τῷ
1533 1071 1562 1089 τε
1580 1063 1678 1098 πλήθει
1700 1064 1749 1091 καὶ
1776 1064 1816 1099 τῷ
1832 1074 1882 1100 με·

1095 1104 1181 1138 γέθει,
1197 1105 1226 1131 ἓν
1246 1105 1275 1132 δὲ
1290 1106 1321 1141 δὴ
1343 1106 1389 1133 καὶ
1403 1108 1473 1140 τόδε,
1499 1108 1513 1134 ὃ
1527 1109 1587 1139 ταῖς
1611 1108 1760 1145 ὑμετέραις
1787 1111 1884 1142 ἀκοαῖς

1095 1151 1257 1185 χαρίσομαι.
1284 1152 1397 1184 Σαδῖνός
1425 1161 1468 1184 τις
1495 1153 1704 1189 πρεσϐύτερος,
1736 1155 1884 1191 θυγάτριον

1097 1195 1168 1231 ῑχων
1183 1197 1233 1232 τὴν
1244 1197 1294 1232 μὲν
1306 1197 1381 1233 ὥραν
1396 1199 1444 1226 καὶ
1460 1199 1531 1226 πάνυ
1546 1199 1690 1235 λαμπρὰν,
1706 1200 1776 1235 νόσῳ
1789 1201 1817 1228 δὲ
1829 1202 1880 1237 ἢδη

1096 1243 1267 1279 παρειμένην
1281 1246 1386 1280 χρονίᾳ,
1414 1246 1462 1272 καὶ
1477 1246 1518 1281 ἐφ’
1535 1247 1605 1279 ὅλοις
1623 1247 1701 1274 ἐννέα
1722 1248 1833 1284 χρόνοις
1851 1249 1884 1276 τὸ

1097 1290 1229 1325 παράπαν
1244 1291 1387 1325 κινηθῆναι
1403 1291 1440 1328 μὴ
1451 1292 1617 1328 δυναμένην,
1631 1294 1727 1329 ἐπειδὴ
1740 1295 1884 1330 περιιόντα

1099 1334 1214 1360 ἐπύθετο
1227 1334 1273 1361 τὸν
1288 1336 1436 1371 μακάριον,
1459 1336 1604 1370 ἐξαγαγὼν
1631 1337 1691 1372 ἅμα
1714 1340 1748 1374 τῇ
1771 1341 1884 1372 γυναικὶ

1096 1380 1134 1411 ὠς
1149 1380 1247 1416 φόρτον
1258 1380 1363 1416 ἄψυχον
1379 1382 1482 1417 ταύτην
1497 1383 1552 1418 πρὸ
1565 1382 1612 1409 τοῦ
1631 1384 1756 1416 πυλῶνος
1777 1385 1862 1412 ἐτίθει
1876 1393 1884 1401 ’

1097 1426 1201 1453 ἐκεῖθεν
1222 1427 1276 1462 γὰρ
1303 1427 1400 1462 ἔμελλε
1423 1429 1470 1455 καὶ
1487 1430 1501 1456 ό
1517 1429 1604 1464 μέγας
1620 1429 1769 1466 διέρχεθαι.
1791 1432 1837 1464 Ὠς
1855 1431 1884 1458 δὲ

1097 1473 1190 1509 δήκαὶ
1215 1474 1253 1509 τῷ
1269 1475 1344 1510 τόπῳ
1368 1475 1492 1510 ἢγγιζον,
1507 1477 1524 1512 ή
1542 1477 1635 1513 μήτηρ
1648 1478 1698 1514 τῆς
1714 1480 1810 1513 κόρης,
1838 1475 1883 1506 οἷα

1096 1519 1125 1545 δὲ
1140 1520 1174 1545 τὰ
1190 1520 1318 1556 μητέρων
1346 1522 1393 1547 καὶ
1411 1521 1497 1549 ταῦτα
1519 1522 1656 1558 θυγατρὸς
1674 1524 1805 1559 τοιαύτης
1833 1525 1883 1551 άν-

1097 1563 1196 1600 θούσης
1216 1565 1277 1601 ὥρα
1293 1574 1323 1593 τε
1353 1567 1402 1594 καὶ
1421 1568 1529 1603 νεότητι
1551 1569 1622 1597 πάνυ
1649 1570 1801 1605 περιπαθὲς
1819 1571 1885 1598 ἀνα-

1096 1609 1252 1644 κλαύσασα,
1266 1612 1312 1639 καὶ
1326 1613 1480 1648 δραμοῦσα,
1496 1614 1598 1650 ἑαυτὴν
1612 1616 1670 1647 τοῖς
1680 1617 1777 1643 τούτου
1798 1625 1884 1652 προσ-

1098 1657 1186 1690 ρίπτει
1203 1657 1293 1685 ποσίν.
1316 1658 1347 1685 '0
1362 1659 1389 1685 δὲ
1401 1659 1546 1694 ἐρωτήσας
1563 1656 1593 1687 οὗ
1608 1661 1707 1695 δέοιτο,
1720 1663 1767 1689 καὶ
1781 1662 1831 1695 τὴν
1845 1664 1885 1689 αξ-

1097 1701 1159 1728 τίαν
1176 1702 1281 1737 μαθὼν,
1305 1705 1498 1741 κατοικτείρας
1514 1714 1544 1732 τε
1569 1708 1673 1743 ταύτην
1695 1709 1743 1735 καὶ
1773 1709 1885 1735 Σαῦἰνον

1096 1748 1144 1783 τῆς
1162 1750 1315 1784 συμφορᾶς,
1336 1750 1392 1782 θεὶς
1409 1751 1444 1778 τὰ
1468 1752 1570 1786 γόνατα
1584 1754 1756 1790 προσηύξατο
1774 1755 1860 1790 λέγων
1874 1762 1882 1770 ι

1097 1792 1182 1827 Κύριε
1206 1793 1292 1828 Ἰησοῦ
1305 1795 1418 1830 Χριστὲ,
1448 1796 1463 1822 ὸ
1476 1797 1543 1830 Θεὸς
1557 1799 1646 1834 ήμῶν,
1672 1800 1748 1826 ἔπιδε
1766 1801 1816 1827 καὶ
1836 1800 1884 1828 νῦν

1097 1838 1143 1865 ἐπὶ
1158 1839 1208 1873 τὴν
1233 1841 1388 1876 προσευχὴν
1408 1841 1457 1868 τοῦ
1473 1842 1566 1870 δούλου
1586 1852 1633 1871 σου
1644 1865 1652 1880 ,
1669 1846 1716 1872 καὶ
1731 1846 1885 1874 ἒπὰκουσόν

1099 1890 1149 1917 μου
1161 1883 1208 1910 τοῦ
1218 1884 1349 1911 ταπεινοῦ
1365 1886 1498 1922 σήμερον,
1516 1888 1563 1915 καὶ
1574 1888 1723 1924 ἐπίσκεψαι
1739 1891 1789 1925 τὴν
1801 1891 1884 1918 παῖδα

1097 1928 1200 1964 ταύτην
1213 1930 1368 1966 ἀναστήσας
1380 1932 1465 1967 αὐτὴν
1481 1934 1514 1968 τῇ
1531 1934 1622 1969 χάριτι
1637 1935 1685 1962 καὶ
1694 1935 1808 1971 δυνάμει
1832 1937 1881 1964 τοῦ

1099 1975 1232 2009 παναγίου
1251 1984 1298 2002 σου
1314 1977 1485 2013 Πνεύματος.
1508 1979 1602 2008 Ταῦτα
1617 1981 1702 2008 εἰπὼν
1718 1983 1766 2008 καὶ
1790 1983 1884 2010 διανα-

1099 2020 1165 2052 στὰς
1179 2021 1218 2056 τῷ
1234 2022 1341 2058 σημείῳ
1354 2024 1401 2050 τοῦ
1424 2025 1541 2061 σταυροῦ
1559 2027 1705 2062 σφραγίζει
1722 2028 1772 2063 τὴν
1787 2029 1883 2064 κόρην,

1098 2066 1144 2092 καὶ
1159 2067 1188 2093 ὲν
1203 2067 1242 2103 τῷ
1252 2068 1364 2104 ὀνόματι
1376 2070 1424 2097 τοῦ
1440 2071 1560 2107 Χριστοῦ
1576 2072 1649 2107 λέγει
1660 2081 1668 2089 ·
1689 2083 1698 2100 ι
1714 2074 1824 2110 Ἔγειρε
1836 2076 1884 2102 καὶ

1099 2110 1178 2156 στῆθι
1196 2113 1242 2138 ἐπὶ
1255 2114 1317 2146 τοὺς
1336 2115 1420 2148 πόδας
1438 2124 1496 2144 σου.
1512 2126 1521 2143 ι
1543 2117 1636 2150 Οὕτως
1657 2120 1672 2145 ό
1693 2120 1742 2154 μὲν
1759 2118 1850 2147 εἷπεν·
1868 2121 1885 2156 ή

1098 2154 1126 2181 δὲ
1139 2155 1279 2200 ἀνίστατο,
1297 2159 1344 2185 καὶ
1357 2160 1517 2196 εὐχαριστία
1532 2163 1608 2190 πᾶσα
1635 2163 1674 2198 τῷ
1687 2163 1745 2200 Θεῷ
1760 2154 1884 2199 ἀνεπέμέ

261 2206 339 2239 tudo,
363 2213 423 2240 quae
440 2206 529 2232 virum
544 2209 669 2232 sanctutn
693 2204 729 2232 ob
746 2211 778 2232 ea
796 2211 856 2238 qua:
881 2203 915 2230 ab
926 2204 984 2238 ipso
1000 2203 1044 2230 lie-

1100 2199 1235 2230 τιετο.Ἷ-1ν
1249 2205 1304 2239 γὰρ
1314 2205 1344 2231 τὺ
1357 2205 1457 2242 πλῆθος
1474 2208 1548 2235 ἅπαν
1563 2210 1613 2244 τῇς
1629 2210 1733 2243 πόλεως
1750 2212 1884 2247 ἑπόμενον

260 2251 338 2284 bant,
355 2251 535 2278 admiratione
553 2254 603 2283 ,ut
629 2258 679 2285 par
692 2253 760 2282 erat,
787 2249 922 2284 perculsa,
948 2256 1048 2283 seque-

262 2297 354 2324 batur.
373 2296 497 2331 Cumque
516 2296 672 2324 universam
692 2296 830 2322 civitatem
843 2296 1047 2330 pertransisset,

262 2336 455 2376 omnibusque,
482 2350 543 2376 qute
571 2342 623 2368 illis
651 2342 710 2369 usui
734 2346 837 2373 essent,
854 2341 1046 2376 prospexisset,

261 2388 296 2429 ad
307 2387 451 2415 ecclesiam
484 2395 546 2414 cum
570 2387 756 2415 ecclesiastico
779 2392 851 2415 coetu
879 2389 1046 2416 revertitur:

261 2433 416 2468 divinisque
429 2434 548 2468 peractis
567 2432 719 2467 sacriﬁciis,
748 2433 934 2460 ecclesiastico
949 2433 1045 2467 coetui,

261 2478 352 2506 viduis
385 2486 418 2506 ac
446 2479 559 2513 pupillis
583 2479 710 2506 omnibus
745 2487 867 2506 mensam
897 2479 1046 2514 apposuit;

261 2524 360 2559 quibus
374 2523 442 2559 ipse,
456 2524 504 2550 vili
520 2523 660 2550 accinctus
683 2531 782 2558 panno,
799 2531 852 2550 una
870 2531 933 2550 cum
959 2524 1048 2551 tribus

261 2570 392 2602 diaconis,
407 2570 440 2596 de
454 2569 557 2605 quibus
574 2568 741 2595 mentionem
763 2568 888 2601 fecimus,
922 2567 1047 2603 Erasmo,

259 2615 440 2650 Philadelpho
458 2619 484 2642 ct
507 2614 658 2648 Platonico,
673 2613 855 2642 ministrabat.
872 2614 967 2650 Neque
983 2621 1049 2642 vero

262 2660 336 2687 illius
348 2665 434 2687 mater
446 2660 480 2687 ab
507 2659 643 2695 ejusmodi
668 2659 822 2688 ministerio
851 2660 944 2687 aberat
960 2667 966 2691 ;
981 2660 1048 2694 quin

261 2706 321 2740 ipsa
342 2713 394 2732 una
411 2713 473 2732 cum
503 2706 621 2738 ancillis,
647 2708 784 2741 quotquot
810 2704 935 2738 aderant,
957 2705 1049 2733 viduis

260 2753 348 2786 pedes
358 2751 465 2779 iiiarum
482 2753 609 2786 lavando,
620 2759 652 2779 ac
669 2760 750 2779 omne
764 2752 874 2787 pietatis
885 2751 1048 2786 obsequium

260 2797 426 2832 praestando,
444 2799 643 2827 ministrabant.
659 2798 697 2832 In.
712 2799 765 2826 hoc
782 2802 874 2826 autent
903 2798 1051 2833 Gregorius

261 2841 457 2876 incumbebat,
486 2849 515 2871 ut
545 2845 630 2872 sacris
660 2845 782 2872 initiatos
815 2849 873 2871 tum
902 2844 935 2870 ad
962 2844 1050 2871 virtu-

1100 2247 1140 2282 τῷ
1153 2248 1236 2283 ἁγίῳ,
1247 2251 1295 2276 καὶ
1309 2251 1365 2282 τοῖς
1383 2252 1429 2279 ὑπ’
1444 2253 1525 2280 αὐτοῦ
1547 2255 1701 2290 γινομένοις
1711 2277 1718 2290 ,
1742 2257 1779 2289 ὡς
1797 2259 1882 2291 εἰκὸς,

1100 2292 1326 2329 ἐκπληττόμενον.
1342 2297 1434 2324 Πᾶσαν
1444 2298 1472 2325 δὲ
1489 2298 1538 2335 τὴν
1552 2300 1629 2328 πόλιν
1644 2303 1795 2337 περιελθὼν
1808 2324 1816 2336 ,
1836 2304 1884 2331 καὶ

1100 2339 1168 2366 πᾶσι
1183 2340 1217 2367 τὰ
1236 2341 1302 2375 πρὸς
1317 2342 1367 2377 τὴν
1382 2344 1477 2378 χρείαν
1494 2347 1688 2382 παρεσχηκὼς,
1709 2349 1748 2380 εἰς
1772 2350 1821 2384 τὴν
1835 2351 1883 2376 ικ-

1099 2384 1212 2418 κλησίαν
1225 2385 1314 2419 αὖθις,
1328 2387 1436 2424 σύναμα
1460 2390 1499 2425 τῷ
1520 2391 1615 2427 κλήρῳ
1638 2394 1725 2420 παντὶ
1744 2395 1882 2427 ἐπάνεισι,

1100 2430 1147 2457 καὶ
1158 2431 1207 2466 τὴν
1221 2431 1297 2460 θείαν
1312 2433 1485 2469 λειτουργίαν
1507 2437 1686 2471 ἐπιτελέσας,
1720 2440 1760 2474 τῷ
1784 2441 1884 2476 ἐκκλη-

1101 2479 1232 2513 σιαστικῷ
1250 2487 1280 2505 τε
1303 2479 1490 2516 πληρώματι,
1516 2483 1564 2509 καὶ
1584 2484 1683 2518 χήραις
1709 2486 1810 2518 πάσαις
1836 2487 1884 2514 καὶ

1100 2522 1228 2558 ὀρφανοῖς
1243 2525 1383 2560 τραπέζας
1404 2528 1548 2563 παραθεὶς,
1565 2530 1647 2562 αὐτὸς
1661 2531 1782 2567 διηκόνει
1799 2533 1884 2567 ῥάκος

1099 2567 1279 2604 διεζωσμένος
1301 2571 1359 2606 ἅμα
1379 2574 1434 2605 τοῖς
1465 2577 1677 2610 μνημονευθείσι
1699 2580 1773 2613 τρισὶ
1793 2580 1884 2606 διακό-

1101 2623 1167 2648 νοις,
1187 2617 1327 2653 Ἑράσμῳ,
1346 2619 1503 2656 Φιλαδέλφῳ
1523 2622 1624 2658 καὶτῷ
1645 2623 1821 2660 Πλσιτωνὶκῳ.
1846 2628 1883 2653 οὐ

1102 2660 1154 2696 μήν
1183 2662 1273 2698 οὑδὲή
1301 2665 1391 2698 μήτηρ
1406 2665 1489 2692 αὑτοῦ
1516 2667 1566 2701 τῆς
1595 2669 1723 2703 τοιαύτης
1753 2671 1883 2704 ἐργασίας

1100 2707 1321 2742 ἁπελιμπάνετο,
1350 2710 1417 2738 ἀλλὰ
1440 2713 1489 2739 σὺν
1517 2714 1585 2749 αὐτῇ
1602 2716 1648 2741 καὶ
1664 2716 1724 2742 ὅσαι
1741 2718 1794 2743 τῶν
1809 2719 1886 2753 θερα-

1101 2755 1232 2782 παινίδων
1262 2757 1386 2792 ὑπῆρχον
1407 2761 1468 2791 ταῖς
1495 2760 1593 2795 χήραις
1612 2762 1830 2796 ἐξυπηρετοῡντο
1848 2772 1886 2790 νι-

1102 2800 1218 2826 πτουσαί
1238 2809 1266 2827 τε
1279 2804 1341 2834 τοὺς
1355 2804 1439 2836 πόδας
1453 2806 1554 2837 αὐτῶν,
1570 2807 1617 2833 καὶ
1632 2808 1681 2842 τὴν
1695 2808 1777 2843 ἄλλην
1795 2810 1885 2836 πᾶσαν

1102 2845 1250 2881 θεραπείαν
1263 2849 1476 2884 προσφέρουσαι.
1490 2850 1591 2887 Ἔργον
1604 2852 1631 2879 δὲ
1647 2851 1681 2889 ἦν
1692 2854 1731 2889 τῷ
1742 2855 1883 2891 Γρητορὲιρ
