2077 3148
177 164 230 199 237

656 165 745 195 \‘lTA
763 164 793 194 S.
814 163 1005 194 GREGORII
1026 164 1298 196 AGRIGENTINL

1747 169 1802 202 238

176 225 242 257 τοὺς
257 223 305 251 τοῦ
323 224 427 260 κλήρου
446 223 590 260 ῥυθμίζειν
606 223 673 258 πρὸς
697 223 799 258 ἀρετὴν
815 223 850 249 τὰ
863 222 924 249 θεῖά
938 231 967 248 τε

1021 228 1087 255 tem,
1104 227 1162 250 tum
1177 222 1211 250 ad
1225 223 1335 258 eloquia
1347 223 1440 252 divina
1453 226 1621 259 meditanda,
1631 226 1804 259 informaret.

176 271 401 306 παρασκευάζειν
425 271 576 307 ἑκμελετᾷν
589 270 679 304 λόγια,
693 271 741 298 καὶ
757 269 795 301 ὡς
807 266 863 296 οἶόν
875 277 904 295 τε
917 269 964 295 τὸν

180 318 243 354 νρῦν
255 319 346 345 αὐτῶν
360 318 554 345 ἀναπτύσσειν.

211 363 272 392 ΛΘ’.
306 363 375 391 Ἀλλ’
402 364 464 390 ἐπεὶ
496 363 627 390 ἀδύνατον
652 359 687 397 ἦν
713 360 784 390 οὕτω
803 361 954 397 φιλοπόνως

178 409 307 445 μετιόντα
337 411 387 444 τὴν
420 409 532 444 ἀρετὴν,
555 409 602 436 τὸν
626 409 673 435 τοῦ
705 408 825 444 πονηροῦ
839 407 966 442 δαίμονος

177 455 273 489 φθόνον
290 454 508 490 διαφυγεῖν,ὦρα
517 454 564 480 νῦν
578 454 696 486 ἐξειπεῖν
711 454 777 485 οἵοις
799 453 966 488 περιπίπτει

177 502 351 535 πειρασμοῖς.
366 500 480 532 Σαϐῖνος
512 500 566 536 γὰρ
580 501 626 526 καὶ
640 500 846 535 Κρισκεντϊνος,
857 498 903 530 οὒς
918 499 966 525 καὶ

175 547 190 573 ό
203 546 281 580 λόγος
311 546 418 581 φθάσας
433 545 569 581 ἐδήλωσεν
593 546 646 572 ὑπὸ
657 545 704 572 τοῦ
717 545 836 580 πλήθους
860 546 899 576 εἰς
917 545 966 580 τὴν

176 592 332 627 ἐπισκοπὴν
361 590 590 626 προὸισάζεσθαι,
616 587 690 617 οὗτοι
721 590 768 616 ἐπὶ
782 590 813 616 τό
826 590 891 616 αὐτὸ
906 598 968 617 συν-

178 635 312 666 ελθόντες,
329 635 376 661 καὶ
385 635 426 666 εἰς
441 634 594 670 συμῆάσεις
607 636 795 670 χωρήσαντες,
815 634 900 661 πάλαι
913 635 967 670 γὰρ

175 682 301 716 διάφοροι
323 680 554 716 καθειστήκεσαν,
586 681 658 712 Ἕως
675 680 741 707 πότε
757 681 848 716 ἡμεῖς,
864 680 966 714 ελεγον,

178 728 408 762 ὑποταγησόμεθα
423 727 461 762 τῷ
472 727 550 761 γόητι
573 727 661 762 τούτῳ
686 727 734 754 καὶ
761 728 912 763 φαρμακῷ,
937 728 968 760 ὃς

179 775 305 809 μαγείαις
327 774 386 809 ἅμα
412 774 457 801 καὶ
476 774 612 807 τεθρείαις
631 773 725 809 ὲξιστᾷ
739 775 803 805 τοὺς
821 775 968 808 εὐηθεστέ-

179 829 243 856 ρους
273 820 327 848 τῶν
358 821 454 854 ξένων,
475 820 549 852 ὅπως
576 820 769 855 διαπεφευγὼς
788 821 843 848 τῶν
861 821 968 848 ἐνθένδε

179 868 261 903 μάγῳ
277 868 331 894 τινὶ
357 867 519 903 παρέμεινε.
533 867 661 894 κάκεῖθεν
685 867 776 894 πᾶσαν
789 868 968 902 κακοτεχνίαν

179 914 338 950 ἱξήντλησι,
370 913 479 939 πλανῶν
505 913 568 943 τοὺς
597 913 769 949 ἀνθρώπους,
803 911 848 940 οἷα
872 912 901 939 δὲ
921 915 969 941 καὶ

177 960 270 996 Σίμων
281 961 384 990 ἐκεῖνος
403 959 508 994 δαίμων
520 959 703 994 ὲξανθρὼπων
717 959 969 995 γενόμενος.’ορᾷ;

179 1006 234 1041 γὰρ
250 1006 287 1037 ὡς
307 1005 364 1032 οὐθ’
379 1005 449 1036 ὅλως
468 1005 554 1032 ἐσθίει
566 1005 629 1032 οὔτε
643 1005 727 1037 πίνει,
742 1005 757 1033 ὅ
772 1006 819 1032 καὶ
833 1006 856 1032 oi
870 1005 968 1038 δαίμο-

179 1061 224 1084 νες
238 1052 336 1088 κομιδῆ
357 1051 464 1078 ποιοῦσι
479 1059 488 1084 ;
510 1051 604 1078 Ταῦτα
616 1051 683 1086 πρδς
701 1047 833 1086 ἀλλήλους
847 1050 970 1082 εἰπόντες

179 1098 438 1134 προσλαμῦᾰνονται
472 1097 534 1132 μεθ’
564 1096 669 1124 ἑαυτῶν
696 1096 805 1124 καὶτοῦ
821 1097 923 1131 κλήρου
934 1105 971 1122 τι-

179 1145 228 1176 νάς
241 1152 248 1158 ·
264 1142 441 1169 ὑποσπῶνται
453 1142 481 1168 δὲ
496 1143 543 1169 καὶ
563 1141 610 1168 τοῦ
623 1141 689 1168 λαοῦ
708 1142 789 1177 μέρος
799 1142 849 1169 οὐκ
867 1142 970 1176 ὀλίγον,

181 1188 229 1213 καὶ
257 1188 351 1222 ὅρκοις
381 1186 512 1221 ἀλλήλους
536 1185 808 1221 κατεμπεδώσαντες,
833 1187 925 1222 δρᾶμα
944 1196 970 1213 τι

181 1230 394 1262 συσκευάζονται
401 1231 450 1266 τῆς
459 1230 506 1257 τοῦ
517 1230 691 1265 κεκινηκοτός
700 1231 798 1262 αὐτοὺς
808 1231 875 1267 πρὸς
883 1231 970 1259 ταῦτα

181 1276 360 1312 κακοτεχνίας
386 1275 509 1308 ἐπάξιον.
538 1276 694 1310 ’Δκολὰιπῳ
726 1277 779 1312 γάρ
791 1284 844 1304 τινι
861 1278 970 1311 γυναικὶ

180 1321 388 1356 προτελθόντες,
404 1321 453 1356 τὴν
468 1320 543 1357 ὤραν
559 1322 737 1356 περικαλλεῖ,
754 1321 873 1358 τοῦνομα
887 1323 969 1349 E1580-

179 1368 253 1399 κίαν,
274 1367 321 1393 καὶ
345 1367 448 1402 ταύτην
473 1367 612 1402 χρήμασιν
631 1367 841 1400 ἀναπείσαντες,
855 1367 905 1402 φεῦ
921 1368 970 1402 τῆς

179 1413 317 1445 ἀναιδείας
331 1413 338 1439 l
359 1413 406 1439 τοῦ
423 1413 575 1440 ἐπισκόπου
607 1414 751 1440 κατειπεῖν
765 1414 968 1448 ἀναγκάζουσιν

176 1459 216 1490 ὡς
236 1458 290 1494 ἄρα
310 1458 353 1494 εἴη
371 1458 457 1494 αὐτὴν
490 1457 631 1492 ὶγνωκώς.
661 1458 707 1490 Ὧς
721 1458 768 1485 οὖν
785 1459 908 1494 ἧρτυσαν
919 1458 969 1494 τὴν

180 1504 337 1539 ἐπιϐουλὴν,
361 1503 474 1539 ἐζήτουν
501 1504 596 1538 καιρόν
616 1503 678 1530 καθ’
697 1503 727 1530 όν
743 1504 775 1531 ἂν
791 1505 856 1532 είσω
867 1504 969 1540 ταύτην

179 1549 341 1585 παραδύσαι
360 1549 407 1576 τοῦ
426 1550 604 1577 ὲπισκοπείου
631 1550 803 1585 δυνήσονται.
820 1551 907 1586 Ὥραν
922 1548 968 1577 οὖν

181 1597 350 1630 φυλάξαντες
383 1596 444 1622 καθ’
462 1596 495 1631 ἣν
511 1598 525 1623 ό
542 1596 629 1632 μέγας
653 1597 746 1631 μέσων
775 1597 880 1623 νύκτων
912 1597 970 1632 ἅμα.

178 1645 237 1675 τοῖς
248 1643 339 1678 τρισὶν
361 1642 477 1673 ἐκείνοις
512 1643 692 1672 οἰκειοτάτοις
714 1641 770 1669 τῶν
788 1642 919 1669 διακόνων
931 1644 971 1675 εἰς

180 1690 227 1716 τὸν
241 1690 304 1716 ναδν
332 1687 441 1724 κατῄει,
464 1689 514 1720 τὰς
528 1689 656 1723 συνήθεις
679 1688 844 1715 ὲπιτελέσων
876 1689 969 1724 εὐχάς.

186 1735 232 1762 Ἐν
247 1735 333 1771 ταύτῃ
351 1734 383 1770 δὴ
397 1736 536 1770 χρήμασιν
553 1735 578 1761 oi
601 1734 740 1761 ἐπίϐουλοι
752 1735 816 1766 τοὺς
829 1734 970 1770 θυρωροὺς

180 1782 398 1817 ὑποφθείραντες
414 1799 423 1812 ,
448 1781 606 1815 εἰσάγουσιν
633 1781 673 1813 εἰς
692 1781 738 1807 τὸν
769 1782 816 1808 τοῦ
850 1781 970 1816 μεγάλου

181 1828 358 1856 κοιτωνίσκον
373 1828 422 1864 τὴν
449 1827 545 1862 κόρην,
573 1827 621 1853 καὶ
643 1827 672 1853 ὲν
689 1827 777 1864 γωνίᾳ
794 1828 890 1854 ίστὼσι
909 1829 969 1863 μιᾷ.

186 1876 219 1902 '0
232 1875 272 1909 δὲ,
285 1875 346 1902 ἐπεὶ
364 1875 413 1906 τὰς
434 1875 516 1909 εὐχὰς
544 1874 594 1909 ἢδη
617 1873 764 1905 τελέσειεν,
789 1873 867 1909 ἀνῄει
886 1882 914 1900 τι
930 1875 970 1905 εἰς

183 1921 268 1948 αὐτὸν
281 1921 328 1947 καὶ
341 1919 445 1955 βιϐλίον
471 1920 518 1946 ἐπὶ
541 1920 638 1955 χεῖρας
652 1919 740 1946 λαϐὼν
756 1919 802 1946 τὸν
818 1920 875 1954 βίον
887 1927 972 1954 προσ-

182 1967 298 2002 εχόντως
320 1966 388 2002 διῄει
401 1965 448 1992 τοῦ
470 1966 567 1992 πολλοῦ
589 1966 634 1992 τόν
661 1974 692 1992 τε
705 1966 784 1999 λόγον
800 1966 847 1992 καὶ
861 1965 971 2000 τρόπον,

189 2013 312 2040 Ἰωάννου
331 2012 377 2039 τοῦ
400 2011 593 2047 Χρυσοστόμου
615 2012 698 2046 φημί.

219 2104 263 2132 Μ’.
285 2103 317 2132 'H
345 2104 374 2131 δὲ
401 2104 434 2138 δὴ
463 2103 533 2139 κόρη
562 2103 602 2134 εἰς
636 2102 719 2129 ὕπνον
748 2101 810 2138 ἄρτι
843 2103 972 2137 κατενεχι

180 2152 261 2178 Gelon
270 2150 367 2187 βαθὺν,
386 2149 442 2177 οὔτ’
457 2149 548 2185 ἐκείνη
572 2149 617 2175 τὸν
634 2149 721 2184 μέγαν
735 2147 880 2176 ἀνελθόντα
893 2148 974 2182 tiqu

181 2207 242 2225 κεν.
262 2196 331 2224 Οὔτε
351 2197 430 2224 πάλιν
449 2196 530 2227 αὐτὸς
550 2195 600 2231 τὴν
628 2196 713 2230 κόρην
734 2195 819 2230 ἑώρα.
833 2194 918 2221 Πόθεν
941 2195 974 2221 ἂν

1015 275 1167 304 eorumque
1180 275 1288 302 sensus,
1303 276 1385 304 quam
1399 272 1618 301 commodissime
1640 278 1743 309 posset.
1760 281 1809 302 ex-

1015 316 1147 351 plicaret.

1052 360 1173 388 XXXIX.
1193 359 1247 388 Sed
1260 361 1369 396 quando
1381 361 1440 388 fieri
1456 369 1511 389 non
1524 367 1625 397 potest,
1639 371 1805 400 quemquam

1018 411 1071 435 tam
1087 407 1183 435 sedulo
1197 408 1327 436 virtutem
1343 409 1509 441 consectari,
1524 413 1554 435 ut
1570 409 1658 437 hostis
1671 411 1807 438 daemonis

1016 453 1138 481 declinet
1150 453 1294 487 invidiam,
1319 455 1402 482 instat
1421 463 1506 487 nunc,
1522 459 1562 488 ut,
1577 463 1639 491 qua
1653 456 1730 483 illum
1750 462 1810 484 ten-

1017 498 1138 526 tationes
1181 500 1343 533 invaserint,
1388 508 1595 536 persequamur.
1629 501 1747 530 Sabinus
1777 510 1810 530 ac

1016 544 1223 579 Crescentinus,
1238 554 1308 581 quos
1321 547 1449 581 superius
1464 555 1479 574 a
1495 547 1673 575 multitudine
1701 548 1810 580 episco-

1017 599 1067 626 pos
1079 591 1238 628 designatos
1256 592 1340 620 fuisse
1355 593 1616 626 demonstravimus,
1630 594 1723 627 ambo,
1739 594 1809 622 inito

1019 636 1134 669 foedere,
1159 637 1397 673 conspirant(diu
1420 639 1493 666 enim
1516 637 1627 666 mutuas
1654 639 1810 668 simultates

1018 682 1188 717 gesserant),
1207 683 1357 718 Quousque
1388 691 1438 711 nos
1451 684 1611 719 (dicentes)
1628 685 1693 713 huic
1710 686 1813 721 impos-

1020 728 1073 755 tori
1100 732 1182 762 atque
1210 728 1332 756 veneﬁco
1360 729 1549 765 subjiciemur,
1569 731 1616 766 qui
1641 731 1742 765 ignaris
1772 739 1804 759 ac

1019 773 1232 808 simplicioribus
1259 774 1418 803 hominibus
1461 775 1671 804 admirationem
1703 778 1809 812 praesti-

1019 819 1072 855 giis
1085 827 1117 848 ac
1129 820 1290 855 imposturis
1302 821 1404 848 excitat
1418 821 1430 848 τ
1446 822 1488 849 An
1504 822 1663 858 ignoramus
1675 824 1806 858 quemad-

1021 866 1132 894 modum
1145 866 1211 894 hinc
1226 866 1366 902 effugerit,
1381 872 1409 895 et
1421 875 1484 895 cum
1500 869 1620 904 quodam
1639 877 1718 904 mago
1730 877 1809 897 man-

1021 912 1097 943 serit,
1114 920 1197 947 aquo
1224 913 1356 940 nefariam
1388 913 1459 941 hanc
1485 919 1513 942 et
1545 914 1698 943 maleﬁcam
1720 920 1810 943 artem

1022 956 1123 989 hausit,
1157 966 1211 993 qua
1241 958 1400 986 hominibus
1441 960 1527 988 instar
1564 961 1685 988 Simonis
1726 961 1810 994 illius,

1021 1001 1128 1030 daemon
1138 1009 1172 1029 ex
1187 1002 1344 1031 hominibus
1358 1004 1455 1037 factus,
1473 1005 1611 1040 imponit?
1625 1005 1685 1033 Non
1709 1008 1810 1039 cernis.

1021 1051 1052 1074 ut
1064 1055 1152 1083 neque
1167 1049 1280 1076 omnino
1292 1051 1428 1081 comedat.
1443 1058 1533 1086 neque
1549 1051 1635 1083 bibat,
1651 1052 1725 1087 quod
1751 1053 1810 1081 d2-

1022 1102 1117 1122 mones
1133 1095 1250 1123 subinde
1270 1095 1373 1123 faciunt
1387 1097 1398 1122 ’ἔ
1413 1096 1476 1124 Haec
1491 1097 1564 1125 inter
1578 1105 1609 1125 se
1621 1100 1810 1130 commentati.

1021 1147 1115 1167 secum
1137 1141 1219 1168 etiam
1248 1141 1364 1168 clericos
1384 1141 1518 1176 quosdam
1539 1142 1689 1175 asciscunt.
1706 1148 1734 1170 et
1755 1151 1810 1172 non

1020 1186 1146 1222 exiguam
1156 1187 1249 1222 populi
1269 1191 1373 1222 partem
1398 1188 1567 1220 convellunt,
1589 1188 1670 1218 fidem
1692 1190 1763 1218 inter
1781 1198 1812 1218 se

1018 1233 1211 1270 jusjurandum
1227 1233 1305 1266 dant,
1319 1233 1473 1268 captiosum
1486 1234 1658 1270 figmentum,
1667 1240 1738 1268 arte,
1751 1245 1812 1272 qua:

1019 1282 1055 1307 ad
1071 1280 1123 1308 hoc
1136 1280 1198 1307 illos
1217 1279 1385 1315 impellebat,
1402 1280 1535 1308 insidiosa
1559 1281 1672 1318 dignum
1694 1283 1812 1310 commi-

1020 1326 1175 1354 niscuntur.
1190 1325 1258 1353 Nam
1285 1326 1428 1354 mulierem
1462 1328 1608 1362 quamdam
1633 1329 1810 1364 impudicam,

1020 1371 1142 1406 aliaquin
1150 1371 1355 1407 pulchritudine
1368 1372 1514 1408 insignem,
1530 1372 1678 1401 Eudociam
1688 1375 1812 1408 nomine,

1020 1419 1190 1446 conveniunt
1207 1426 1214 1444 :
1232 1425 1314 1453 quam
1330 1418 1448 1452 pecunia
1486 1424 1645 1454 corruptam
1675 1419 1812 1448 inducunt

1021 1466 1116 1490 contra
1125 1461 1285 1497 episcopum
1299 1462 1379 1498 (proh
1390 1462 1479 1498 pudor
1488 1463 1509 1498 ί)
1519 1462 1606 1498 palam
1617 1471 1678 1492 sese
1691 1472 1752 1492 cum
1765 1465 1813 1493 illo

1021 1507 1205 1536 concubuisse
1224 1507 1410 1536 testimonium
1424 1508 1516 1536 dicere
1532 1510 1600 1544 ;qui
1617 1518 1679 1537 cum
1695 1510 1810 1545 perfidia

1020 1559 1048 1583 et
1061 1555 1141 1590 plena
1156 1554 1263 1582 subdoli
1280 1562 1313 1582 ac
1330 1555 1434 1583 versuti
1448 1555 1531 1583 animi
1549 1555 1664 1584 consilia
1682 1556 1811 1584 institue-

1023 1605 1099 1634 runt,
1123 1605 1258 1636 quatenus
1285 1601 1313 1628 in
1337 1601 1498 1636 episcopum
1530 1601 1604 1629 illam
1627 1602 1809 1630 insinuarent.

1021 1648 1113 1681 Quare
1129 1653 1238 1682 tempus
1267 1646 1426 1679 observant,
1442 1655 1496 1683 quo
1515 1648 1557 1675 vlr
1582 1655 1697 1684 magnus
1712 1649 1812 1676 mediis

1022 1693 1149 1721 noctibus
1167 1701 1221 1720 una
1240 1700 1304 1720 cum
1327 1693 1452 1721 diaconis
1477 1693 1532 1721 illis
1561 1694 1650 1722 tribus
1665 1694 1717 1722 sibi
1732 1695 1811 1722 fami-

1022 1739 1180 1768 liarissimis
1193 1739 1220 1767 in
1234 1740 1366 1775 templum
1378 1739 1411 1767 ad
1423 1744 1570 1767 consuetas
1588 1748 1684 1775 preces
1697 1741 1811 1768 descen-

1022 1787 1088 1814 dere
1114 1786 1230 1814 solebat.
1259 1786 1436 1814 lnsidiatores
1467 1786 1576 1814 interim
1606 1787 1734 1822 pecunia,
1748 1794 1811 1814 cum

1020 1834 1187 1869 ianitoribus
1202 1833 1380 1869 paciscuntur
1397 1839 1428 1861 ut
1446 1834 1564 1869 puellam
1581 1834 1609 1862 in
1631 1835 1731 1862 lectum
1759 1835 1811 1861 viri

1024 1882 1114 1917 magni
1125 1880 1288 1909 submittere
1300 1881 1391 1912 liceat,
1406 1885 1434 1908 et
1463 1881 1512 1917 ipsi
1541 1882 1568 1908 in
1592 1882 1692 1917 angulo
1716 1882 1810 1908 consi-

1023 1929 1102 1956 dunt.
1119 1928 1177 1961 ille,
1192 1928 1290 1956 solutis
1315 1928 1453 1964 precibus,
1481 1928 1641 1955 cubiculum
1669 1928 1748 1962 petit,
1776 1927 1811 1954 li-

1024 1974 1157 2008 brumque
1170 1982 1251 2002 manu
1263 1975 1446 2009 prehendens.
1460 1975 1543 2002 vitam
1554 1974 1668 2002 Joannis
1678 1974 1811 2010 Chrysos~

1025 2018 1101 2050 tomi,
1120 2021 1150 2045 ut
1164 2018 1230 2045 clari
1245 2019 1357 2052 litteris,
1388 2020 1425 2046 ita
1442 2019 1566 2046 moribus
1580 2022 1609 2046 et
1624 2018 1735 2054 ingenio
1755 2026 1813 2045 ma—

1024 2063 1101 2094 ximi,
1115 2063 1299 2091 attentissime
1312 2064 1460 2099 percurrit.
1554 2098 1558 2100 γ

1059 2109 1116 2136 XL.
1129 2109 1215 2137 Porro
1227 2109 1315 2144 puella
1337 2110 1492 2138 arctissimo
1508 2111 1590 2146 paulo
1616 2113 1680 2137 ante
1711 2116 1808 2136 somno

1025 2154 1146 2188 detenta,
1162 2162 1251 2190 neque
1281 2155 1338 2190 ipsa
1354 2156 1440 2183 \‘irum
1464 2163 1592 2191 magnum
1617 2154 1813 2182 ascendentem

1025 2201 1121 2234 sensit,
1151 2208 1239 2236 neque
1270 2209 1366 2229 rursus
1392 2201 1452 2237 ipse
1467 2202 1585 2237 puellam
1612 2201 1694 2229 vidit.
1723 2201 1812 2232 Unde,

182 2244 232 2271 καὶ
244 2243 407 2270 ὑπώπτευσε
419 2242 528 2277 καθαρᾷ
555 2240 670 2277 τοιαύτῃ
685 2241 758 2276 ψυχῇ
769 2242 816 2267 καὶ
828 2240 970 2275 παρθένος,

1026 2247 1163 2279 obsecro,
1182 2247 1276 2274 isthauc
1308 2247 1442 2275 innocens
1469 2253 1498 2275 et
1525 2247 1698 2275 immaculata
1723 2246 1813 2274 anima

183 2290 377 2326 κρυπτομένην
393 2288 431 2320 ὡς
443 2285 500 2314 οἷόν
530 2295 560 2313 τε
580 2287 627 2314 καὶ
640 2287 776 2314 δ.αλαθεῐν
793 2286 970 2322 βουλομένην.

189 2336 220 2363 ’0
241 2336 291 2370 μὲν
303 2333 350 2362 οὖν
364 2334 437 2361 οὕτω
452 2334 523 2368 μετὰ
537 2334 586 2369 τὴν
600 2333 753 2367 ἀνάγνωσιν
769 2333 814 2359 ἐπὶ
830 2333 878 2364 τὰς
890 2332 972 2359 ἑωθι-

183 2383 232 2414 νὰς
246 2381 343 2417 καθῄει
367 2381 447 2407 πάλιν
463 2380 534 2415 ᾠδάς
547 2387 553 2395 ⁸
578 2379 640 2406 ἐπεὶ
654 2379 683 2406 δὲ
705 2380 752 2406 καὶ
769 2379 871 2410 ταύτας
903 2378 972 2414 πλη-

184 2429 275 2465 ρώσας
291 2428 368 2464 ἀνῄει
388 2428 496 2462 σό.αμα
508 2427 547 2462 τῷ
561 2427 654 2462 κλήρῳ
671 2426 754 2452 παντὶ
771 2425 818 2452 καὶ
837 2426 892 2456 τοῖς
911 2432 973 2450 συν-

184 2475 294 2503 ελθοῦσι
315 2474 362 2501 τοῦ
391 2474 519 2510 πλήθους,
550 2471 610 2500 εἶτα
641 2473 689 2499 καὶ
709 2473 853 2506 παραινεῖν
880 2472 972 2502 αὐτοῖς

186 2521 288 2556 ἧρξατο
299 2521 333 2546 τὰ
349 2521 480 2554 σωτήρια,
508 2519 554 2545 καὶ
583 2518 692 2552 ἕτοιμος
715 2515 749 2552 ἧν
763 2517 811 2544 καὶ
823 2517 904 2543 θείων
930 2517 974 2543 λον

188 2568 255 2602 γίων
272 2565 425 2600 ἀναγνώσει
440 2566 489 2596 τὰς
509 2565 622 2591 ἐκείνων
637 2564 735 2600 θρέψαι
748 2563 849 2599 ψυχὰς,
877 2562 973 2596 ὥσπερ

188 2616 289 2641 εῐῠιστο
304 2611 366 2639 καθ’
385 2611 506 2645 ἑκάστην
528 2612 625 2642 ποιεῖν,
653 2611 752 2637 αὐτίκα
764 2611 788 2636 oi
802 2611 865 2644 περὶ
883 2610 971 2644 Κρισ-

188 2662 319 2691 κεντίνον,
337 2658 439 2694 θηρίων
454 2657 532 2691 δίκην
545 2657 649 2692 ἀγρίων
665 2657 737 2683 ἔνδον
750 2656 973 2687 συνεισπεσόντες

188 2708 236 2742 τῆς
247 2715 276 2733 τε
306 2706 389 2741 κόρης
410 2704 655 2738 ὲπιλαμὸἁνονται,
678 2704 724 2730 καὶ
745 2705 785 2734 εἰς
804 2703 834 2728 τὸ
870 2702 973 2737 πλῆθος

188 2754 327 2788 ἐξάγουσι,
358 2752 422 2786 βοῆς
446 2751 505 2785 ἃμα
517 2751 564 2777 καὶ
592 2750 707 2784 θορύϐου
734 2749 781 2775 καὶ
801 2748 924 2783 ταραχῆς
939 2748 974 2774 τὰ

190 2802 277 2826 πάντα
293 2798 469 2833 πληροῦντες.
482 2797 511 2834 'Q
525 2797 654 2830 ἀσελγὴς,
668 2796 681 2820 ό
697 2796 807 2829 ἐναγὴς,
825 2796 838 2821 ό
854 2795 973 2827 ἀνάξιος,

190 2848 214 2872 οι
235 2845 328 2880 μιαροὶ
353 2844 391 2879 τῷ
408 2844 475 2875 ὃντι,
493 2843 563 2869 κατὰ
576 2843 623 2868 τοῦ
649 2842 751 2877 σφόδρα
768 2842 889 2876 καθαροῦ
908 2843 975 2876 κρά-

192 2892 293 2926 ζοντες,
320 2892 367 2918 καὶ
389 2892 447 2926 ἅμα
464 2890 502 2925 τῷ
528 2889 628 2923 πλήθει
642 2889 691 2921 τὴν
717 2888 829 2923 ἑταίραν
843 2888 974 2923 παραδει⁹

1022 2291 1153 2328 suspicari
1168 2291 1264 2319 habuit
1285 2291 1403 2328 puellam
1425 2295 1509 2327 prout
1534 2295 1642 2327 poterat
1665 2291 1810 2322 occultari,

1022 2341 1051 2365 et
1066 2338 1198 2365 libentem
1224 2336 1279 2365 illic
1294 2337 1412 2365 latenter
1438 2338 1592 2372 conjectam
1613 2345 1643 2365 se
1665 2337 1786 2364 voluisse
1800 2336 1813 2363 ἲ

1021 2383 1068 2411 Ille
1085 2384 1167 2418 igitur
1188 2387 1249 2418 post
1263 2383 1408 2411 lectionem
1419 2382 1453 2411 ad
1469 2383 1619 2410 matutinas
1647 2383 1742 2410 laudes
1771 2382 1814 2409 ire

1022 2429 1172 2462 contendit,
1188 2429 1288 2464 quibus
1310 2429 1437 2463 expletis,
1466 2436 1519 2456 una
1550 2436 1612 2456 cum
1634 2429 1709 2456 omni
1733 2434 1813 2455 sacro

1022 2475 1130 2507 ordine,
1147 2482 1178 2501 ac
1194 2475 1253 2502 aliis
1272 2482 1305 2502 ex
1321 2474 1422 2509 populo
1442 2474 1637 2502 comitantibus
1651 2473 1812 2501 revertitur.

1023 2520 1092 2547 Tum
1123 2520 1228 2548 hortari
1253 2520 1324 2551 illos.
1356 2527 1388 2548 ac
1415 2520 1546 2548 salutaria
1584 2527 1696 2547 monere
1718 2518 1813 2553 coepit.

1024 2566 1147 2601 illudque
1171 2566 1323 2599 laborabat,
1336 2571 1375 2599 ut,
1393 2567 1467 2602 quod
1500 2566 1616 2602 Singulis
1635 2565 1693 2593 fere
1716 2565 1814 2592 diebus

1024 2620 1103 2648 agere
1119 2617 1311 2646 consueverat,
1329 2620 1425 2640 eorum
1439 2613 1546 2640 animos
1556 2611 1711 2639 divinarum
1725 2610 1814 2638 Litte-

1024 2667 1114 2686 rarum
1126 2659 1242 2687 lectione
1253 2660 1387 2687 reliceret.
1409 2658 1478 2686 Tum
1497 2658 1714 2686 Crescentiniani
1728 2658 1814 2684 instar

1024 2705 1144 2733 ferarum
1159 2706 1309 2741 agrestium
1337 2707 1484 2738 irruentes,
1514 2706 1633 2740 puellam
1665 2703 1814 2739 arripiunt,

1024 2759 1138 2786 eamque
1150 2759 1242 2780 coram
1253 2752 1354 2786 p0pulo
1376 2756 1510 2784 statuunt,
1526 2751 1658 2782 clamore.
1679 2751 1812 2778 turbatio-

1025 2805 1069 2829 ne,
1088 2804 1119 2824 ac
1138 2798 1255 2824 tumultu
1269 2798 1362 2825 omnia
1388 2797 1525 2832 implent:
1544 2797 1680 2832 Improbe,
1697 2797 1814 2824 sceleste

1025 2851 1056 2872 ac
1068 2844 1254 2877 exsecrabilis,
1273 2845 1319 2880 qui
1333 2852 1395 2872 vere
1407 2845 1504 2872 nefarii
1516 2849 1605 2876 erant,
1618 2848 1712 2871 contra
1724 2844 1812 2869 virum

1026 2891 1139 2918 omnino
1165 2896 1292 2918 sanctum
1322 2892 1515 2925 vociferantes,
1543 2891 1612 2919 nihil
1639 2891 1731 2917 minus
1753 2896 1814 2916 sese
