2077 3148
254 187 307 220 243

869 188 1011 220 MENSIS
1032 190 1251 222 NOVEMBER.

1829 186 1882 218 2H

255 244 403 277 addebant,
415 244 487 280 quod
505 245 539 273 de
551 246 677 273 custodia
689 254 777 282 nuper
789 246 928 274 acciderat
944 255 950 273 ε
966 246 1038 282 quod

1097 249 1224 284 ιαθιστᾷν
1234 256 1242 263 ·
1259 248 1285 274 εί
1305 247 1327 275 δ’
1342 244 1400 278 οὖν,
1413 246 1481 274 ἀλλὰ
1493 245 1523 273 τό
1533 254 1566 281 γε
1593 244 1678 281 χωρὶς
1693 244 1804 270 συνόδου
1819 244 1885 278 xpl-

252 296 316 317 cum
334 294 388 317 tam
405 298 533 326 magnum
546 292 697 326 praesertim
712 297 795 325 esset,
811 300 846 320 ne
873 293 912 320 illi
928 293 1041 328 quidem

251 335 444 364 necessitatem
457 332 498 364 s'ui
510 338 660 365 excusandi
675 339 759 366 tribui
772 343 920 374 oportere:
938 338 1041 374 alioqui

251 382 274 409 si
306 382 366 410 sine
389 383 508 411 concilio
532 384 736 420 iudicarentur,
755 385 815 412 fore
846 385 969 412 omnium
989 385 1043 412 ini-

253 429 418 464 quissimum
446 431 616 458 asserebant.
637 431 701 459 Haec
732 431 908 459 multitudine
934 431 1043 459 concla-

254 480 359 510 mante,
374 477 511 505 exarchus
530 478 620 512 palam
640 478 806 513 perterritus
827 483 879 505 est.
908 477 1042 511 Quocirca

253 521 289 549 de
300 521 365 549 sede
376 523 506 554 surrexit.
521 522 643 558 dixitque
659 523 692 550 ad
708 523 865 558 pontiﬁcem
878 524 1042 558 maximum,

253 575 309 603 quo
322 568 356 595 de
368 568 419 596 hac
431 572 486 596 tota
496 576 577 596 causa
588 574 777 605 cognosceret,
791 568 894 597 referre
904 574 1041 604 oportere.

253 614 288 642 Ut
303 620 406 646 tamen,
423 622 484 642 cum
498 615 563 642 illuc
573 616 733 647 accesserit,
758 615 864 650 aliquid
895 616 983 644 relatu
1001 615 1044 643 di-

253 667 335 694 gnum
355 660 464 693 habeat,
487 660 621 688 Sabinum
654 669 686 688 ae
705 661 918 689 Crescentinum
947 661 1043 689 adesse

249 705 339 739 jubet,
355 706 528 742 puellamque
539 715 633 735 coram
649 707 716 742 ipsis
741 713 932 743 percontatur.
956 716 991 736 an
1010 715 1042 736 ea

252 759 314 786 qute
342 752 380 779 illi
410 752 445 780 de
477 753 612 789 ejusmodi
647 754 759 782 homine
777 755 948 787 nuntiarant,
978 763 1043 783 vera

252 798 366 826 omnino
381 803 483 827 essent.
499 799 546 827 llla
559 807 626 827 vero
639 799 751 828 fatetur.
766 800 826 833 Quo
834 800 918 832 dicto,
934 801 1044 835 impuro

254 845 343 872 aﬁlata
355 845 546 880 spiritu,humi
562 846 736 879 trahebatur,
753 846 953 881 confestimque
966 847 1044 882 juxta

254 891 306 918 viri
321 891 407 918 sancti
436 897 573 927 prostrata
598 892 682 927 pedes
712 892 886 926 miserabilis,
913 892 1045 920 dentibus

255 937 385 969 stridens,
411 942 494 972 atque
514 945 562 964 ore
591 945 702 972 spumas
727 945 811 974 agens
835 938 1043 973 procumbebat.

255 982 325 1010 Tum
336 983 437 1018 eosqui
452 983 578 1016 aderant,
591 988 681 1010 tantus
696 988 810 1018 repente
826 987 916 1011 terror
932 984 1045 1016 invasit,

257 1033 287 1056 ut
301 1029 370 1056 nihil
389 1033 520 1063 praeterea
548 1029 575 1056 in
594 1029 674 1056 ﬁdem
704 1029 840 1057 dictorum
862 1029 897 1057 ab
926 1030 1046 1057 exarcho

254 1075 432 1110 quaerendum
444 1082 505 1102 esse
516 1075 731 1107 arbitrarentur.
743 1068 896 1109 praesertim
907 1075 953 1110 qui
965 1079 1046 1102 erant

254 1129 321 1149 sana
333 1125 436 1154 mente,
451 1128 540 1156 neque
550 1122 642 1149 animo
672 1121 751 1149 valde
777 1122 966 1150 cazeutiebant.
998 1122 1046 1150 Sa-

253 1166 359 1193 biniani
389 1174 455 1193 vero
471 1166 590 1202 improbi
601 1166 777 1201 sycophanta:
802 1166 893 1193 virum
910 1166 1045 1202 insignem

253 1212 323 1240 nihil
348 1213 441 1246 veriti,
457 1213 671 1244 cavillabantur.
690 1212 855 1248 aiebantque
873 1221 880 1239 :
895 1213 965 1246 Quid
985 1213 1047 1240 aliis

255 1258 372 1286 testibus
382 1258 549 1294 indigemus.
562 1258 673 1294 quando
685 1259 720 1286 de
736 1259 879 1286 voluntate
907 1267 958 1287 sua
971 1259 1046 1286 Deus

254 1312 306 1331 nos
330 1310 383 1331 tam
401 1304 546 1332 manifeste
563 1304 696 1332 certiores
714 1304 817 1332 faciat?
832 1304 928 1333 Omnia
940 1305 1048 1339 praesti-

255 1348 307 1384 giis
335 1349 521 1381 ascribehant,
550 1353 578 1376 et
606 1349 804 1376 miraculorum
842 1350 898 1376 vim
927 1349 1047 1377 divinam

256 1395 437 1429 imposturam
450 1395 636 1429 appellabant.
653 1395 688 1422 At
705 1395 799 1422 Sabini
816 1402 884 1422 uxor
899 1403 954 1422 una
984 1403 1046 1422 eum

257 1440 326 1472 ﬁlia,
343 1447 405 1475 quae
421 1447 491 1467 eaea
503 1440 642 1475 surdaque
657 1441 738 1475 paulo
749 1445 813 1468 ante
826 1440 926 1472 fuerat,
940 1448 972 1468 ac
986 1440 1046 1475 ple-

257 1491 336 1525 rique
356 1489 401 1517 alii
414 1497 448 1517 ex
464 1489 508 1522 iis,
526 1490 572 1524 qui
585 1489 673 1517 sanati
689 1489 810 1524 fuerant,
836 1490 870 1518 ad
901 1490 975 1517 beati
994 1490 1047 1518 viri

257 1537 341 1572 pedes
352 1544 413 1564 sese
426 1536 521 1564 ﬁentes
532 1538 684 1573 proiecere,
697 1541 725 1564 et
739 1544 773 1564 ne
785 1541 880 1564 contra
890 1544 920 1564 se
932 1537 968 1565 ob
980 1537 1048 1564 alio-

257 1591 317 1610 rum
341 1583 466 1611 convicia
482 1591 514 1610 ac
536 1583 727 1618 petulantiam,
743 1583 947 1619 impiorumque
962 1584 1046 1611 male-
1059 1593 1082 1625 ρ

256 1629 406 1657 dicentiam
431 1635 608 1664 acceptarum
634 1629 797 1664 iniuriarum
823 1630 1041 1665 indignationem

257 1679 411 1706 exsereret,
426 1674 620 1701 obseerahant.
641 1673 726 1700 Porro
738 1673 836 1701 eadem
851 1673 947 1702 Sabini
965 1682 1045 1705 uxor.

255 1718 326 1754 iusta
343 1718 378 1746 de
403 1726 486 1746 causa
512 1719 666 1754 indignata,
680 1719 769 1746 virum
786 1727 866 1747 suum
880 1723 957 1748 torve
973 1720 1048 1755 aspi-

257 1773 331 1798 cere,
343 1772 376 1792 ae
392 1764 495 1792 acriter
510 1765 653 1800 increpare
675 1766 768 1800 cmpit,
798 1769 826 1792 et
837 1765 928 1793 dicere
943 1774 950 1792 :
968 1765 1039 1794 Hinc

258 1809 373 1842 facesse,
400 1810 526 1842 sceleste,
553 1810 621 1837 mihi
640 1814 669 1837 et
687 1810 736 1838 tibi
747 1811 799 1846 ipsi
823 1811 926 1846 pariter
949 1811 1047 1839 insidi-

259 1861 330 1883 ator.
347 1855 472 1884 Hmecine
487 1856 592 1883 homini
617 1856 752 1888 beneﬁce.
768 1857 857 1892 deque
871 1857 951 1884 nobis
976 1857 1048 1892 opti-

259 1908 304 1928 me
323 1902 433 1933 merito,
459 1903 506 1936 qui
535 1903 594 1929 solo
624 1909 749 1929 sermone
777 1903 887 1929 ﬁliolam
919 1908 1041 1930 nostram

258 1947 371 1975 sanitati
397 1949 530 1981 restituit,
558 1948 691 1976 beneﬁcia
721 1949 981 1984 rependis?Neque
1008 1955 1046 1983 te,

1093 295 1187 321 νεσθαι
1201 295 1255 321 τῶν
1264 295 1372 321 πάντων
1391 293 1484 327 ἔλεγον
1498 291 1676 319 ἀδικώτατον.
1697 288 1818 316 Τοιαῦτα
1835 288 1884 315 τοῦ

1093 339 1216 375 πλήθους.
1227 340 1355 375 βοῶντος,
1370 341 1384 366 ό
1401 339 1514 373 ἔξαρχος
1537 336 1656 373 φανερὸς
1669 333 1704 371 ἦν
1726 334 1885 369 κατάφοϐος

1093 385 1233 420 γεγονώς·
1266 385 1328 413 ὅθεν
1353 386 1401 412 καὶ
1432 384 1481 411 τοῦ
1503 383 1554 419 μὶν
1572 383 1694 418 βήματος
1710 380 1881 414 ἐξανίστατο,

1093 432 1163 466 πρὸς
1178 433 1206 459 δὲ
1219 432 1266 459 τδν
1277 432 1393 459 πάππαν
1407 430 1556 466 ἀναφέρειν
1568 430 1659 457 πάντα
1672 428 1728 454 δεῖν
1751 427 1884 461 ἔφασκεν.

1095 478 1191 513 Ὅμως
1209 478 1253 504 ἵνα
1278 477 1326 504 καί
1348 486 1374 504 τι
1388 477 1612 512 παραγενόμενος
1634 474 1704 510 πρὸς
1736 472 1820 500 αὑτὸν
1831 472 1886 499 ἁπ-

1093 523 1238 557 αγγέλλειν
1266 523 1322 558 ἔχοι
1339 543 1348 556 ,
1366 522 1480 550 Σαὸῑνόν
1495 530 1525 548 τε
1537 522 1586 548 καὶ
1611 520 1808 556 Κρισκεντῖνον
1819 525 1886 552 προ-

1095 569 1285 605 καλεσάμενος
1315 568 1387 596 me:
1414 569 1563 604 πρόσωπον
1586 565 1676 593 αὐτῶν
1693 564 1743 599 τὴν
1770 564 1884 597 ἑταίραν

1093 616 1200 651 ἠρώτα,
1229 615 1260 642 Et
1274 615 1363 650 ἀληθῆ
1379 623 1410 649 γε
1424 614 1511 641 ταῦτα
1537 613 1617 647 φησὶ,
1645 611 1718 646 ἅπερ
1738 607 1812 637 οὗτοι
1837 607 1885 634 τοῦ

1093 662 1189 697 ἀνδρὸς
1204 661 1447 695 καταγγέλλουσιν.
1466 660 1500 686 Ἢ
1515 659 1554 691 δὲ,
1572 658 1638 689 Nai,
1652 657 1730 692 φησὶ.
1753 656 1801 682 καὶ
1828 654 1887 689 ἅμα

1094 707 1133 742 τῷ
1150 708 1222 743 λόγῳ
1249 707 1362 742 πονηρῷ
1389 705 1527 740 πνεύματι
1557 705 1723 739 κατάσχετος
1745 702 1885 736 γεγονυῖα,

1094 755 1168 789 τῇγῇ
1185 752 1397 789 πῳσηρῤάχθη,
1409 752 1512 786 ἐλεεινή
1530 759 1559 778 τε
1579 750 1655 786 παρὰ
1667 749 1729 779 τοὺς
1743 747 1790 775 τοῦ
1806 746 1886 781 ἁγίου

1095 802 1178 833 πόδας
1203 801 1284 833 εὐθὺς
1311 800 1412 833 ἔκειτο,
1442 800 1584 833 τετριγυῖα
1612 797 1676 828 τοὺς
1702 796 1823 827 ὀδόντας,
1839 794 1888 820 καὶ

1097 846 1186 880 ἀφρὸν
1210 845 1257 872 τοῦ
1299 845 1432 880 στόματος
1468 843 1656 870 ἀποπτύουτα.
1700 842 1771 875 Πρὸς
1799 839 1888 866 ταῦτα

1096 892 1181 927 φρίκη
1191 893 1254 923 τοὺς
1266 891 1387 926 ὁρῶντας
1415 890 1562 925 ἐλάμϐανε,
1577 889 1624 915 καὶ
1644 888 1724 915 πλέον
1743 887 1827 922 μηδὲν
1845 887 1886 917 είς

1099 938 1190 964 πίστιν
1203 937 1258 964 τῶν
1273 937 1427 970 λεγομένων
1435 936 1526 970 ἠξίου-ι
1543 936 1636 970 ζητεῖν
1651 935 1695 960 τὸν
1710 934 1824 969 ἔξαρχον
1840 932 1889 960 καὶ

1099 984 1219 1019 μάλιστα
1234 992 1265 1017 γε
1292 984 1349 1009 ὅσοι
1362 983 1391 1009 τὸ
1403 982 1523 1013 συνειδὸς
1550 980 1626 1015 ὑγιὲς
1652 977 1738 1015 εἶχον,
1755 980 1802 1006 καὶ
1826 979 1889 1013 οίιχὶ

1098 1031 1169 1057 πάνυ
1195 1031 1245 1065 τὴν
1266 1029 1354 1064 ψυχὴν
1373 1028 1543 1062 ἐτύφλωττον
1572 1028 1597 1054 οἱ
1616 1027 1646 1054 δὲ
1667 1027 1732 1061 περὶ
1749 1025 1794 1052 τὸν
1805 1025 1890 1052 Σα6ῖ‹

1097 1084 1142 1102 νον
1158 1076 1252 1111 μιαροὶ
1280 1075 1459 1109 συκοφάνται,
1481 1073 1549 1108 μηδὲ
1571 1073 1618 1100 τὸν
1637 1071 1776 1106 περιφανῆ
1794 1070 1889 1097 τοῦτον

1097 1122 1266 1153 αἰδεσθέντες
1282 1121 1404 1156 ἔλεγχον.
1416 1121 1471 1147 Καὶ
1487 1121 1513 1146 τί
1527 1121 1581 1155 γὰρ
1601 1118 1635 1146 ἂν
1659 1118 1724 1146 ἄλλο
1740 1118 1787 1144 καὶ
1801 1116 1889 1148 εἷπον,

1096 1167 1183 1199 οὕτως
1197 1167 1250 1194 ὑπδ
1265 1166 1333 1193 Θεοῦ
1359 1165 1442 1193 αὑτοῦ
1468 1164 1764 1201 καταμαρτυροὺμενοι
1787 1163 1890 1199 μαγείᾳ

1096 1215 1127 1242 τὺ
1142 1215 1196 1241 πᾶν
1225 1214 1338 1244 ἐδίδουν,
1365 1213 1412 1239 καὶ
1440 1213 1570 1247 γοητείαν
1599 1212 1648 1246 τὴν
1665 1209 1890 1246 θαυματουργίαν

1097 1261 1222 1288 ἐκάλουν.
1244 1261 1276 1286 'H
1292 1259 1320 1286 δὲ
1339 1258 1386 1286 τοῦ
1416 1258 1531 1285 Σαῦίνου
1549 1258 1618 1293 γυνὴ
1643 1258 1702 1292 ἅμα
1719 1258 1752 1292 τῇ
1773 1255 1890 1291 θυγατρὶ

1099 1307 1146 1334 καὶ
1159 1308 1173 1332 ὁ
1204 1306 1269 1333 ποτὲ
1283 1305 1380 1336 ἄλαλος
1403 1305 1451 1332 καὶ
1467 1304 1570 1339 κωφὸς,
1598 1304 1644 1331 καὶ
1655 1303 1730 1330 ἄλλοι
1743 1302 1798 1329 τῶν
1806 1302 1890 1336 Θερα-

1099 1352 1253 1379 πευθέντων
1281 1353 1384 1387 συχνοὶ,
1397 1351 1588 1387 προσέπιπτον
1603 1359 1633 1377 τε
1651 1351 1708 1381 τοῖς
1725 1349 1774 1376 τοῦ
1798 1356 1890 1383 μακα-

1100 1399 1158 1435 ρίου
1176 1400 1238 1426 ποσὶ
1250 1398 1402 1430 κλαίοντες,
1420 1398 1467 1425 καὶ
1496 1398 1580 1434 μηδὲν
1596 1397 1689 1428 αὐτοῖς
1714 1395 1889 1431 μνησικακῆ-

1100 1454 1145 1472 σαι
1161 1445 1210 1480 τῆς
1239 1445 1340 1480 ἑτέρων
1375 1444 1470 1472 ἕνεκεν
1484 1444 1636 1480 παροινίας,
1657 1444 1725 1478 μηδὲ
1738 1443 1787 1477 τῆς
1807 1442 1892 1476 βλασς

1099 1491 1205 1527 φημίας
1221 1491 1276 1518 τῶν
1291 1490 1399 1517 ἀσεὸὦν
1425 1490 1542 1517 ἐδέοντο.
1560 1491 1594 1516 Ἡ
1608 1490 1636 1516 δέ
1654 1498 1685 1523 γε
1704 1488 1819 1524 ῥηθεῖσα
1842 1487 1890 1514 τοῦ

1099 1538 1214 1566 Σαϐίνου
1238 1537 1307 1572 γυνὴ
1337 1537 1421 1572 ὀργῆς
1455 1536 1608 1571 πλησθεῖσα
1632 1535 1742 1565 δικαίας
1771 1533 1820 1560 καὶ
1849 1532 1891 1568 τῷ

1098 1585 1201 1621 ταύτης
1213 1584 1290 1619 ἀνδρὶ
1303 1583 1406 1619 σφόδρα
1416 1583 1515 1619 πικρόν
1527 1592 1553 1610 τι
1564 1583 1611 1610 καὶ
1627 1582 1741 1617 μανικὸν
1756 1581 1889 1617 βλέψασα,

1104 1630 1251 1666 Ἀπόστηθί
1283 1639 1347 1664 μου,
1377 1629 1464 1664 ἔλεγε,
1482 1629 1566 1664 μιαρὲ
1588 1630 1634 1656 καὶ
1650 1629 1712 1664 ἐμοὶ
1729 1628 1776 1655 καὶ
1797 1626 1892 1662 σαυτῷ

1097 1675 1235 1709 ὲπίὸουλε,
1252 1674 1282 1707 ὃς
1306 1675 1353 1702 τὸν
1368 1675 1448 1710 ἡμῶν
1470 1675 1582 1708 σωτῆρα
1600 1674 1649 1700 καὶ
1663 1673 1823 1707 εὐεργέτην,
1845 1672 1893 1699 τὴν

1096 1723 1168 1758 λόγῳ
1186 1722 1259 1757 μόνῳ
1270 1723 1302 1748 τὸ
1312 1721 1461 1756 Θυγάτριον
1485 1721 1564 1756 ήμῶν
1580 1720 1790 1756 θεραπεύσαντα
1800 1719 1892 1746 τοιοὺ-

1097 1777 1155 1800 soi;
1177 1768 1299 1804 ήμείψω,
1329 1769 1378 1795 καὶ
1410 1767 1472 1794 οὐδὲ
1501 1766 1590 1794 ταῦτά
1617 1775 1658 1793 σοι
1691 1765 1893 1800 βλέποντι,νῖιν

1100 1815 1186 1846 ἄθλιε.
1207 1815 1336 1850 μετάνοια
1350 1814 1397 1841 τὶν
1409 1814 1539 1848 λογισμὶν
1557 1814 1756 1849 ἐπεισέρχεται.
1772 1812 1894 1839 Τοιαῦτα

1100 1861 1150 1895 τῆς
1178 1861 1309 1895 γυναικὸς
1335 1860 1470 1894 λεγούσης
1486 1860 1500 1886 ὁ
1532 1860 1646 1890 Σαϐῖνος
1671 1859 1722 1894 τήν
1748 1867 1777 1885 τε
1796 1857 1893 1894 χροιὰν

1101 1906 1197 1942 ἦμειὸε
1214 1906 1260 1933 καὶ
1278 1906 1308 1932 τὸ
1323 1906 1469 1941 πρόσωπον
1485 1905 1558 1940 αὐτῷ
1575 1905 1732 1937 συνέπιπτε,
1747 1905 1793 1930 καὶ
1824 1903 1894 1934 ὅλως

1102 1953 1209 1987 ἄφωνος
1234 1951 1279 1987 ἦν,
1314 1953 1354 1983 είς
1384 1950 1478 1977 τοῦτον
1503 1950 1535 1985 δὴ
1562 1951 1612 1986 τῆς
1641 1951 1719 1985 δίκης
1735 1949 1891 1984 προϐάτης.

258 1993 366 2026 infelix,
393 1993 457 2021 talia
477 1997 656 2021 contuentem
674 2000 749 2021 nunc
776 1994 831 2021 ulla
848 1994 1043 2028 cogitationum
1083 1996 1239 2025 istiusmodi
1256 1997 1353 2025 'subit
1378 1996 1566 2030 poenitentia?
1610 1995 1671 2023 llaac
1698 2002 1762 2022 eum
1792 1993 1895 2021 mulier

257 2044 483 2076 persequeretur,
499 2039 618 2066 Sabinus
631 2032 752 2067 colorem
774 2040 899 2072 mutavit,
929 2048 1013 2076 seque
1031 2042 1058 2069 in
1080 2047 1180 2070 ttrram
1211 2043 1321 2079 abiecit,
1357 2043 1433 2071 vocis
1448 2043 1560 2070 omnino
1572 2049 1670 2076 expers
1682 2040 1770 2069 tactus
1783 2050 1790 2068 :
1803 2047 1894 2075 usque

257 2092 291 2113 eo
310 2085 399 2112 divina
414 2093 474 2112 sese
486 2084 606 2112 vindicta
624 2085 734 2112 extulit.

292 2131 386 2159 XLIII.
413 2132 450 2158 Ex
476 2139 532 2166 quo
546 2138 611 2159 vero
625 2132 762 2159 exarchus
783 2131 852 2160 nihil
870 2132 940 2160 ultra
953 2138 1046 2162 contra

257 2186 288 2206 se
305 2177 482 2205 statuendum
501 2177 607 2210 habuit,
631 2185 729 2205 rursus
742 2178 784 2205 vir
800 2179 898 2206 beatus
912 2180 939 2206 in
952 2185 1048 2207 custo-

257 2224 332 2252 diam
350 2224 493 2259 conjcctus
508 2228 560 2255 est,
585 2223 675 2250 donec
690 2224 820 2251 universa
835 2225 894 2253 haec
918 2225 1042 2260 pontiﬁci

1138 2132 1203 2160 Ml".
1225 2133 1302 2159 Ἐπί-ἱ
1327 2132 1412 2166 μτβὲν
1436 2130 1509 2166 εἶχεν
1523 2132 1536 2157 ὁ
1558 2130 1670 2165 ἔξαρχος
1702 2129 1768 2163 παρ’
1794 2128 1891 2154 ἑαυτοῦ

1103 2178 1308 2214 ἀποφήνασθαι,
1328 2177 1406 2208 αὖθις
1432 2178 1445 2203 ὁ
1469 2177 1605 2212 μακάριος
1627 2176 1758 2210 ὥρμησεν
1777 2175 1823 2201 ἐπὶ
1841 2175 1892 2209 τὴν

1101 2225 1224 2261 εἱρκτήν,
1246 2224 1344 2260 μέχρις
1360 2224 1392 2250 ἂν
1409 2223 1442 2249 τὰ
1462 2223 1522 2250 κατ’
1537 2223 1619 2249 αὐτὸν
1634 2222 1673 2257 τῷ
1706 2223 1806 2256 πάππα
1818 2230 1892 2255 γνω-

259 2277 332 2297 max.
348 2273 491 2304 perspecta
506 2269 614 2296 ﬁerent.
636 2268 774 2296 Caeterum
799 2270 845 2297 ille
869 2271 994 2305 pratibat.
1021 2276 1045 2299 et

1104 2271 1154 2298 στα
1168 2271 1312 2304 γένωνται,
1331 2270 1428 2305 προῄει
1449 2270 1477 2297 δὲ
1502 2269 1604 2301 παντὸς
1615 2268 1690 2303 αὐτῷ
1701 2269 1747 2294 τοῦ
1771 2268 1892 2303 πλήθους

261 2313 411 2342 universus
440 2315 560 2349 populus
578 2314 817 2350 subsequebatur,
833 2315 908 2343 hunc
935 2317 1048 2351 quidem

260 2359 386 2387 maximis
405 2360 545 2392 laudibus,
562 2361 792 2396 quadruplatores
807 2369 873 2390 vero
885 2362 948 2391 illos
965 2363 1049 2390 innu-

258 2406 344 2433 meris
365 2405 541 2433 contumeliis
568 2411 743 2440 prosecutus.
766 2407 826 2435 Jam
857 2415 924 2436 vero
951 2417 1049 2444 vesper

259 2451 420 2479 advenerat.
445 2451 565 2479 Proinde
578 2459 641 2478 cum
655 2453 709 2487 iam
725 2458 798 2481 esset
819 2453 975 2487 decretum,
1003 2457 1048 2482 vi-

258 2505 319 2524 rum
343 2500 470 2524 sanctum
495 2496 530 2524 ad
557 2497 714 2531 pontiﬁcem
739 2498 860 2533 mittere,
887 2499 976 2527 visum
1006 2505 1048 2528 cst

258 2545 378 2572 exarcho
393 2544 560 2580 intempesta
582 2549 676 2577 nocte,
705 2545 834 2574 universo
862 2549 964 2584 populo
983 2549 1048 2575 dor-

258 2590 370 2623 miente,
390 2599 439 2626 per
454 2595 573 2626 portam,
590 2599 644 2626 qua
661 2592 782 2620 tenditur
798 2595 832 2622 ad
857 2603 943 2629 mare,
971 2595 1048 2623 hunc

259 2637 328 2663 clam
345 2644 361 2664 e
392 2637 502 2664 civitate
531 2638 689 2672 deducere;
711 2639 944 2668 animadverterat
974 2641 1047 2669 enim

259 2682 465 2710 multitudinem
484 2684 521 2714 id.
538 2684 559 2711 si
574 2684 740 2717 rescivisset,
756 2693 809 2713 non
826 2687 1023 2721 permissuram
1039 2696 1044 2714 :

260 2728 333 2762 quod
363 2736 429 2756 sane
461 2738 494 2758 cx
512 2731 648 2759 sententia
673 2732 785 2760 cecidit.
800 2732 868 2759 Nam
886 2733 993 2760 oeculte
1010 2732 1048 2760 ci-

258 2774 343 2802 vitate
358 2783 484 2810 egressus
498 2783 550 2805 est.
573 2778 607 2806 At
624 2783 752 2814 parentes
767 2779 828 2812 ejus
845 2779 947 2814 (neque
969 2779 1045 2806 enim

260 2821 332 2855 quod
348 2822 429 2850 ﬁebat
445 2824 617 2860 ignorabant)
649 2825 734 2852 ﬁlium
763 2825 863 2853 ﬁentes
878 2833 910 2852 ac
941 2825 1046 2852 lamen—

261 2873 350 2897 tantes
363 2872 546 2906 sequebantur
560 2882 566 2899 :
585 2878 613 2900 et
630 2873 694 2901 licet
710 2882 744 2901 ex
765 2874 798 2900 iis
814 2881 876 2908 qua:
899 2877 1048 2908 praecesse-

261 2919 333 2944 runt.
348 2917 409 2944 auis
426 2917 523 2946 horum
540 2918 650 2946 futurus
675 2919 736 2947 ﬁnis
754 2925 838 2952 esset,
865 2919 903 2946 uti
922 2918 1046 2954 ejusdem

1103 2317 1286 2352 ὲφεπομὲνου,
1315 2316 1363 2342 καὶ
1374 2317 1420 2342 τὸν
1441 2316 1490 2350 μὲν
1507 2315 1659 2350 εὐφημίαις
1678 2314 1802 2349 μυρίαις,
1827 2314 1891 2345 τοὺς

1099 2363 1128 2389 δὲ
1140 2362 1313 2397 συκοφάντας
1329 2361 1440 2392 πολλαῖς
1453 2362 1515 2393 ταῖς
1541 2360 1639 2395 ’ύὸρεσι
1657 2359 1813 2394 βάλλοντος.
1828 2359 1892 2385 Ἐσ-

1101 2412 1187 2445 πέρας
1212 2408 1241 2435 δὲ
1256 2408 1306 2444 ’ήδη
1328 2407 1548 2442 καταλαϐούσης,
1577 2405 1672 2441 ἐπειδὴ
1705 2406 1815 2432 δέδοκτο
1843 2405 1890 2431 τον

1102 2456 1236 2491 μακάριον
1255 2455 1322 2490 πρὸς
1336 2455 1382 2481 τὸν
1398 2454 1516 2480 πάππαν
1533 2453 1732 2487 ἀποσταλῆναι.
1758 2450 1888 2478 συνεϐού-

1099 2503 1160 2529 λευε
1175 2501 1214 2536 τῷ
1229 2501 1336 2535 ὲξαρχῳ
1351 2501 1421 2535 ἀωρὶ
1444 2499 1498 2526 τῶν
1514 2499 1630 2532 νυκτῶν,
1646 2499 1690 2525 καὶ
1704 2498 1750 2524 τοῦ
1769 2498 1890 2532 πλήθους

1099 2546 1268 2583 ⁴Ιχρεμοῦντος
1298 2545 1410 2578 παντὸς,
1433 2545 1476 2571 διὰ
1495 2544 1545 2578 τῆς
1568 2544 1704 2580 φερούσης
1716 2544 1760 2571 διὰ
1770 2544 1821 2580 τήν
1837 2543 1888 2570 Θα-

1099 2595 1199 2622 λατταν
1223 2593 1321 2627 πύλης,
1339 2591 1428 2626 λάθρα
1443 2591 1492 2625 τῆς
1500 2592 1603 2623 πόλεως
1619 2592 1713 2619 τοῦτον
1729 2592 1888 2625 ἐξαγαγεῖν

1099 2641 1156 2677 ᾔδει
1167 2641 1219 2675 γὰρ
1231 2640 1269 2671 ὡς
1277 2640 1327 2666 οὐκ
1343 2638 1458 2673 ἡσυχίαν
1469 2638 1524 2671 ἕξει
1532 2639 1562 2665 τὸ
1574 2639 1674 2673 πλῆθος
1685 2638 1847 2671 αίοθόμενον
1859 2646 1865 2652 ·
1875 2636 1889 2663 ὃ

1098 2688 1130 2723 δὴ
1147 2687 1194 2714 καὶ
1209 2686 1280 2713 κατὰ
1299 2686 1414 2721 γνώμην
1439 2685 1601 2720 ἐπράττετο,
1618 2685 1664 2711 καὶ
1678 2684 1752 2720 ἐξῄει
1763 2684 1889 2720 κρυφίως

1098 2734 1148 2767 τῆς
1163 2733 1276 2764 πόλεως.
1300 2731 1373 2758 Ἡδὲ
1397 2731 1490 2766 μήτηρ
1517 2731 1591 2758 καὶό
1607 2731 1710 2765 πατὴρ,
1738 2730 1798 2757 οὐδὲ
1833 2731 1888 2765 γὰρ

1099 2777 1242 2808 κάκείνους
1254 2776 1383 2803 ἐλάνθανε
1407 2776 1438 2802 τὸ
1455 2776 1610 2810 γινόμενον,
1635 2775 1743 2802 εἵποντο
1757 2774 1797 2809 τῷ
1824 2774 1886 2809 υἱῷ,

1099 2823 1239 2855 κλαίοντές
1253 2833 1282 2850 τε
1298 2827 1405 2858 πικρῶς
1419 2825 1465 2850 καὶ
1482 2824 1690 2858 ὀλοφυρόμενοι,
1702 2823 1751 2850 καὶ
1768 2821 1824 2850 οἷον
1837 2822 1888 2857 μὶν

1098 2872 1173 2897 ἔσται
1188 2871 1218 2897 τὸ
1236 2871 1333 2905 πέρας.
1345 2871 1377 2897 ἐκ
1399 2870 1452 2897 τῶν
1465 2869 1514 2905 ἤδη
1529 2870 1693 2904 φθασάντων
1707 2869 1798 2901 καλῶς
1808 2867 1887 2896 εἰκά-

1099 2919 1200 2951 ζοντες,
1312 2917 1341 2944 δὲ
1365 2914 1406 2944 οἷα
1429 2918 1517 2950 γονεῖς
1533 2917 1571 2952 τῷ
1605 2917 1695 2952 ἀδήλῳ
1707 2917 1756 2952 τὴν
1769 2915 1888 2952 καρδίαν
