2077 3148
170 170 227 205 245

653 175 743 206 VITA
765 175 793 206 S.
815 172 1010 205 GREGORII
1032 175 1304 208 AGRIGENTINI.

1741 175 1796 207 246

168 228 380 264 διαδονοῦμενοι.
407 229 479 256 Ἀλλ’
507 230 521 258 ὀ
537 230 672 267 μακάριος
703 231 757 258 τῶν
777 240 806 258 τε
833 229 977 266 δακρύων,

1027 234 1160 267 amilares,
1175 234 1261 269 probe
1276 232 1456 268 conjicerent,
1487 232 1676 264 nihilomlnu's,
1692 236 1721 259 ut
1750 239 1797 266 pa-

168 276 300 311 hmpdto
325 275 425 304 παύειν
440 276 550 309 αὐτοὺς,
570 277 618 304 καὶ
638 278 754 313 ἡσυχίαν
768 277 845 311 ἄγειν
857 276 959 310 παραί-

169 331 222 356 νει,
243 323 291 350 καλ¹
313 323 407 360 ἐπειδὴ
419 323 489 358 πρὸς
504 323 543 359 τῷ
560 323 678 360 αἰγιαλῷ
693 325 817 360 ἠγγισεν,
830 322 961 358 εὔχεσθαι

173 369 274 405 μᾶλλον
292 369 364 405 ὑπὲρ
388 369 473 396 αὑτοῦ
496 370 668 404 παραινέσας
696 370 756 404 μετ’
771 368 905 404 εὐθυμίας
921 367 961 403 τῷ

172 413 259 449 πλοίῳ
281 413 422 440 ἐπέϐαινε.
437 414 579 450 Συνεισῄει
595 414 623 441 δὲ
639 414 714 450 αὐτῷ
728 414 783 441 τῶν
811 414 861 449 μὲν
873 414 961 440 ἄλλων

170 459 261 491 obiici;
276 460 316 486 ὅτι
330 459 367 494 μὴ
383 459 463 494 μόνος
495 460 682 493 Πλατωνικὸς,
701 459 731 491 ὃς
762 459 838 494 αὑτῷ
853 458 902 485 καὶ
926 457 961 484 τὰ

173 506 242 541 πρὸς
272 505 424 541 ὑπηρεσίαν
446 506 607 533 καθίστατο.
630 506 682 532 Τὸν
704 506 733 533 δὲ
753 505 892 532 ἀπόπλουν
911 504 962 539 ἤδη

174 551 311 579 ποιεῖσθαι
328 552 444 587 μέλλων,
457 552 544 579 πολλὰ
563 553 656 584 αὐτοτς
667 552 732 587 περὶ
748 552 799 586 τῆς
813 551 963 586 ἐκκλησίας

175 599 282 626 καὶτοῦ
313 599 444 634 ποιμνίου
471 599 682 634 διεμαρτύρετο,
703 599 742 630 ὡς
757 598 796 633 τῷ
811 597 871 633 Θεῷ
884 597 965 632 λόγον

177 645 232 672 τῶν
247 646 286 677 sic
296 645 382 680 αὐτὴν
400 645 598 681 πραττομένων
614 645 773 680 ὑφέξοντας.
797 645 829 672 οι
845 645 873 671 δε
898 644 965 679 μηδὲ

176 693 250 720 οὕτω
262 693 312 729 τῆς
327 695 460 729 πονηρίας
477 693 604 727 ὑφέντες,
618 691 652 729 ἦν
665 692 720 727 γὰρ
746 692 777 727 δὴ
798 692 845 719 καὶ
858 693 871 719 ὁ
892 691 967 727 ἔξαρ-

178 748 224 775 χος
235 736 291 771 οἶος
310 740 375 774 περὶ
393 740 462 767 αὐτὰ
487 740 572 776 μηδὲν
597 739 651 766 τῶν
678 738 856 773 συκοφαντῶν
870 739 967 772 διαφέ-

179 795 236 821 ρειν
248 786 284 814 τά
301 794 329 812 τε
351 786 418 814 ἄλλα
443 787 500 818 τοῖς
522 786 687 822 κατηγόροις
708 785 824 817 ἐτίθετο,
847 785 895 811 καὶ
906 784 966 812 τότε

179 832 410 868 ἀποκρινάμενος,
439 831 543 867 Μηδεὶς
564 831 634 858 ἔστω
661 839 704 857 σοι
727 831 806 864 λόγος
834 830 968 866 περὶτῆς

185 877 360 914 Ἐκκλησίας,
375 879 469 913 φησὶν,
485 875 507 904 ὦ
527 877 661 913 Γρηγόριε
673 885 680 892 ·
696 876 817 909 τοιοῦτος
831 876 886 912 γὰρ
900 877 967 912 ἡμῖν

1010 285 1112 312 rentes,
1128 287 1220 307 rerum
1239 277 1436 307 incertitudine
1458 277 1542 305 corde
1569 277 1714 306 nutabant.
1744 276 1796 306 Ve-

1010 335 1072 354 rum
1090 326 1199 354 divinus
1211 325 1251 353 vir
1269 325 1334 354 llere
1359 325 1420 352 illos
1434 323 1607 359 prohibebat,
1625 328 1738 358 tutoque
1765 330 1798 351 ac

1011 375 1073 402 lwto
1094 374 1186 401 animo
1201 380 1262 401 esse
1286 372 1461 400 hortabatur.
1481 370 1534 398 Ubi
1551 378 1616 398 vero
1635 371 1716 397 littus
1731 377 1797 404 pro-

1012 421 1075 456 pius
1102 419 1228 456 contigit,
1249 427 1297 447 eos
1321 423 1350 446 ut
1372 425 1422 454 pro
1448 425 1476 446 se
1507 421 1628 447 orarent,
1657 420 1797 450 precatus.

1013 467 1140 496 alacriter
1164 474 1263 494 navem
1278 465 1449 500 conscendit.
1467 464 1552 492 Porro
1572 463 1744 490 Platonicum
1758 469 1799 489 se-

1013 522 1075 542 cum
1088 514 1195 546 habuit,
1218 517 1349 548 praeterea
1366 511 1515 544 neminem,
1531 509 1579 545 qui
1593 514 1622 537 et
1646 509 1714 544 ipse.
1740 515 1800 543 quae

1014 561 1047 589 ad
1061 559 1263 596 navigationem
1287 559 1442 587 necessaria
1464 561 1554 589 erant,
1576 556 1665 584 eidem
1697 555 1801 582 instru-

1015 612 1101 635 xerat.
1120 606 1188 635 Cum
1202 613 1268 634 vero
1278 605 1334 640 jam
1353 612 1383 632 se
1397 602 1562 638 navigationi
1579 606 1653 630 esset
1674 601 1802 629 commis-

1015 662 1107 686 surus,
1126 653 1240 680 multum
1257 651 1290 679 de
1302 650 1434 682 Ecclesia,
1453 649 1542 684 deque
1558 655 1639 684 grege
1663 648 1724 675 illos
1751 647 1802 674 im-

1017 702 1122 738 plorata
1144 699 1198 728 ﬁde
1219 699 1372 726 obtestatus
1389 701 1452 725 est:
1484 703 1582 730 nempe
1597 702 1647 729 pro
1662 692 1802 724 omnibus.

1018 748 1044 776 in
1059 747 1161 783 quibus
1177 750 1271 774 contra
1287 745 1374 779 ipsam
1389 743 1487 771 saevire
1503 748 1535 769 ac
1557 741 1675 776 grassari
1706 745 1801 774 perre-

1018 794 1120 825 xerint,
1138 792 1195 820 Deo
1208 791 1345 819 rationem
1361 797 1422 818 esse
1450 787 1617 816 reddituros.
1647 785 1677 812 Hi
1695 793 1728 812 ne
1760 785 1802 812 sic

1018 838 1128 875 quidem
1140 845 1155 864 a
1170 836 1291 872 nequitia
1307 837 1496 869 temperarunt
1516 840 1564 860 sua
1581 841 1587 858 :
1602 830 1738 866 siquidem
1753 837 1805 858 nec

1019 882 1155 912 exorchus
1178 882 1236 917 ipse
1264 882 1292 909 in
1314 881 1374 916 ejus
1392 886 1474 908 causa
1501 886 1515 905 a
1540 876 1719 912 aequissimis
1748 875 1803 903 illis

180 924 295 960 εὕρηται
324 925 383 951 ἀντὶ
413 924 461 951 σοῦ
480 925 547 960 πρὸς
568 925 598 951 ὃν
614 924 676 952 οὐδὲ
690 924 744 951 τῶν
756 923 863 959 ὲχθρῶν
877 923 967 954 οὐδεὶς

1027 929 1180 958 nominibus
1196 928 1345 963 quidquam
1373 926 1429 953 fere
1451 924 1581 956 distabat,
1609 930 1672 950 cum
1699 921 1804 956 alioqui

179 970 236 1004 εχει
255 978 280 996 τι
297 969 530 1005 προφασίσασθαι.
554 970 647 997 Ταῦτα
660 969 688 996 δὲ
713 969 779 1005 περί
795 976 870 1001 τινος
887 968 964 1003 ἔλεγε

180 1016 294 1042 Λευκίου
317 1015 468 1050 αίρετικοῦ,
481 1015 510 1047 ὃς
539 1018 604 1050 περὶ
629 1016 678 1050 τὴν
694 1015 764 1051 ἑῴαν
779 1014 912 1047 πολλάκις
925 1014 964 1049 τῷ

181 1062 325 1097 Γρηγορίῳ
348 1061 403 1088 τῶν
429 1061 591 1095 παραδόξων
615 1061 709 1088 ἕνεκεν
735 1060 787 1096 τῆς
812 1061 970 1096 οἰκονομίας

182 1107 302 1144 Χριστοῦ
323 1107 466 1143 δογμάτων
499 1107 652 1142 διαλεχθεὶς
670 1108 717 1134 καὶ
731 1108 897 1140 τοσαυτάκις
913 1109 973 1135 ἐπι-

184 1153 342 1189 στομηοεὶς,
368 1154 496 1190 διάφορος
513 1153 564 1189 μὲν
575 1153 649 1189 αὺτῷ
675 1154 706 1181 ὲκ
719 1154 817 1181 πολλοῦ
836 1154 972 1189 ἐγεγόνει,

184 1201 244 1227 τότε
261 1200 289 1226 δὲ
301 1200 375 1235 παρά
388 1208 441 1227 τινι
458 1200 647 1236 κρυπτόμενος
661 1200 715 1227 τῶν
726 1201 778 1236 τῆς
797 1201 910 1233 πόλεως,
926 1201 972 1228 τόν

186 1255 216 1274 τι
231 1255 358 1274 κυκεωνα
369 1246 464 1274 τοῦτον
480 1248 529 1282 τῆς
549 1246 676 1281 διαόολῆς
688 1247 769 1278 αὐτὸς
782 1244 816 1282 ἦν
826 1248 839 1273 ὀ
853 1247 891 1282 τῷ
902 1247 974 1282 Γρη-

185 1293 270 1328 γορίῳ
282 1293 392 1328 κιρνῶν,
409 1294 465 1324 τοῖς
479 1293 662 1327 συκοφάνταις
677 1293 807 1327 ὗποφυείς
819 1294 865 1320 καὶ
885 1294 974 1320 πᾶσαν

185 1338 276 1370 αὐτοῖς
293 1338 432 1370 ὑποτιθεὶς
445 1338 495 1374 τὴν
508 1338 611 1375 σκηνὴν
625 1338 673 1365 τοῦ
694 1339 831 1374 δράματος
844 1335 866 1373 ᾦ
878 1339 909 1374 δὴ
928 1340 975 1365 καὶ

185 1385 245 1412 τότε
267 1385 303 1411 τὰ
319 1384 368 1418 τῆς
386 1385 537 1419 ἑπισκοπῆς
565 1385 741 1420 ἐνεχείριζον.
765 1385 837 1411 Ἀλλ’
870 1384 895 1411 οἱ
924 1386 975 1420 μὲν

185 1430 304 1458 τοσαῦτα
318 1431 442 1463 εἰπόντες
471 1431 565 1458 πλέειν
590 1431 755 1467 ἀπέπεμπον
767 1441 774 1447 ·
802 1432 826 1459 οἱ
839 1432 867 1458 δὲ
879 1431 911 1467 δὴ
923 1431 976 1458 τῶν

193 1478 414 1514 Ἀκραγαντίνων
429 1478 563 1514 ἄρχοντές
580 1487 610 1506 τε
633 1479 682 1506 καὶ
712 1479 743 1506 τὺ
756 1479 850 1506 λοιπὸν
862 1478 975 1514 πλῆθος,

187 1525 280 1562 ιπειδὴ
310 1526 374 1561 περὶ
400 1525 451 1562 τὴν
472 1525 510 1553 ἕω
526 1525 598 1553 κατὰ
608 1526 658 1561 τὴν
675 1526 799 1561 φυλακὴν
821 1525 978 1561 ἀοροιαθέν-

186 1579 243 1604 τες,
270 1571 308 1607 μὴ
326 1570 431 1607 εὕροιεν
457 1571 501 1598 τδν
519 1571 683 1607 Γρηγόριον,
713 1572 832 1608 ἤρξαντο
843 1572 977 1606 ταράττε-
991 1583 1015 1615 c

190 1617 251 1645 σθαι
277 1619 324 1644 καὶ
349 1618 459 1653 θρηνεῖν
477 1638 485 1651 ,
517 1619 564 1646 καλ
589 1619 749 1653 νομίσαντες
779 1619 872 1653 κρύφα
898 1618 979 1645 αὑτὸν

189 1663 361 1698 ὰνῃρεῖσθαι,
388 1663 482 1690 στάσιν
513 1663 585 1690 κατά
598 1672 627 1690 τε
645 1663 692 1690 τοῦ
724 1663 841 1698 ἐξάρχου
870 1662 978 1689 καὶτοῦ

190 1709 310 1745 πονηροῦ
337 1709 477 1745 συνεδρίου
504 1709 625 1745 χαλεπὴν
644 1710 776 1745 ἀνῆπτον.
799 1709 855 1736 Καὶ
872 1709 980 1744 πρῶτον

193 1753 244 1789 μὲν
273 1754 327 1789 πῦρ
342 1754 482 1787 λαϐόντες,
499 1755 653 1789 ὑφάπτουσι
672 1755 734 1786 τοὺς
753 1755 845 1786 οἴκους
862 1754 917 1781 τῶν
934 1763 980 1780 συ-

193 1800 333 1834 κοφαντῶν
362 1800 477 1827 Σαϐίνου
507 1802 554 1828 καὶ
580 1801 793 1836 Κρισκεντένου·
827 1799 924 1827 ἔπειτα
952 1799 981 1827 δὶ

195 1845 243 1872 καὶ
253 1845 351 1877 αὐτοὺς
381 1846 503 1877 ἐκείνους
517 1846 623 1881 ὁρμῶσι
645 1846 878 1882 διαχειρίσασθαι.
903 1845 981 1872 Ἀλλ’

193 1887 267 1917 οὗτοι
285 1891 335 1925 μὲν
349 1892 388 1922 είς
420 1891 468 1926 τὴν
489 1892 638 1927 ἐκκλησίαν
660 1893 901 1928 προσπεφευγότες
926 1892 982 1918 δια-

193 1936 279 1971 δρῶσι
295 1936 340 1962 τὴν
353 1936 486 1964 κίνδυνον.
510 1938 618 1970 Φθάσας
635 1938 689 1974 γὰρ
703 1939 718 1965 ὁ
735 1939 864 1973 Χαρίτων
873 1937 903 1964 τὸ
914 1938 982 1972 πλῆ-

195 1982 241 2013 θος
254 1982 324 2009 κατὰ
348 1982 431 2014 πόδας
463 1983 553 2014 αὐτοῖς
570 1983 704 2019 ἑπόμενον
724 1983 812 2019 εἴργει
834 1985 864 2010 τὸ
881 1983 918 2019 μὴ
936 1984 983 2010 καὶ

194 2028 241 2061 τοῦ
255 2028 329 2064 ἱεροῦ
359 2028 433 2055 ἔνδον
460 2029 558 2061 αὑτοῦς
586 2030 756 2064 ἀποσφάξαι,
767 2031 816 2057 σὺν
831 2031 880 2066 βοῇ
898 2030 982 2066 πολλῇ

195 2075 241 2101 καὶ
258 2075 335 2109 μόλις
352 2075 451 2106 αὐτοὺς
464 2075 512 2101 τοῦ
531 2076 729 2111 ἐγχειρήματος
742 2075 916 2108 ἀποπαύσας.
930 2076 984 2103 Καὶ

194 2120 229 2148 τὲ
246 2120 296 2156 μὲν
310 2121 359 2155 τῆς
389 2121 510 2152 στάσεως
537 2118 588 2148 ὦδε
612 2123 643 2148 τὸ
661 2121 747 2158 πέρας
766 2119 835 2157 εἶχε.
855 2122 983 2148 Καταλα-

196 2165 288 2197 6όντος
302 2166 329 2192 δὲ
340 2165 387 2192 τοῦ
399 2165 478 2200 ἁγίου
491 2167 540 2202 τὴν
563 2166 674 2202 Ῥώμην
686 2167 699 2194 6
715 2167 832 2199 πάππας
855 2167 906 2202 τὴν
923 2168 983 2193 ἐπι⁴

197 2212 295 2247 στολὴν
321 2211 467 2246 δεξάμενος
483 2211 531 2239 τοῦ
560 2213 677 2248 ἐξάρχου
693 2213 738 2240 καὶ
751 2213 785 2240 τὰ
800 2213 983 2248 γεγραμμένα

198 2258 408 2292 ἀναλεξάμενος,
426 2258 549 2293 Θάμὸους
578 2259 636 2294 ἄμα
656 2259 702 2286 καὶ
717 2259 803 2293 θυμοῦ
819 2259 983 2294 πληρωθεὶς,
1001 2249 1023 2277 θ

199 2304 245 2331 καὶ
274 2305 339 2339 μηδὲ
357 2305 397 2337 είς
420 2304 481 2340 ὄψιν
499 2304 586 2332 ἐλθεῖν
604 2305 679 2341 αὐτῷ
700 2306 745 2332 τὸν
760 2306 839 2339 ἅγιον
855 2305 985 2338 ἀξιώσας,

197 2350 307 2387 ᾷκριτον
323 2351 432 2378 ἐκέλευε
448 2351 598 2388 συρόμενόν
607 2361 635 2378 τε
647 2352 694 2378 καὶ
706 2350 885 2388 ὑϐριζόμενον
895 2353 928 2388 τῇ
937 2361 988 2386 φυ-

199 2396 268 2432 λακῇ
279 2396 459 2429 δίδοσθαι,τάς
473 2406 501 2424 τε
518 2399 612 2432 χεῖρας
624 2397 691 2425 ἀλλὰ
709 2398 759 2433 μὲν
775 2399 823 2425 καὶ
833 2398 897 2430 τοὺς
905 2399 987 2430 πόδας

200 2443 299 2477 σίδηρα
312 2443 493 2476 διαδεθὲντας,
504 2444 532 2470 '0
541 2444 569 2470 δὲ
579 2444 626 2471 καὶ
639 2444 723 2476 οὕτως
737 2444 987 2480 ὲμπαροινούμενος

201 2489 248 2516 καὶ
261 2489 396 2524 τῇεὶρκτῇ
410 2489 610 2524 ὲμϐαλλόμενος
635 2490 681 2517 καὶ
698 2490 918 2525 δεσμούμενοςὲν
938 2491 990 2517 πᾶ-

203 2543 245 2562 σιν
261 2534 351 2569 ἐαυτῷ
371 2534 471 2569 ὁμοίως
488 2533 532 2571 ἦν,
549 2535 598 2562 καὶ
613 2535 742 2563 ὑπόθεσιν
764 2537 796 2563 οὺ
821 2536 923 2572 μικράν
941 2537 991 2571 τὴν

203 2581 316 2616 ἀτιμίαν
335 2580 384 2615 τῆς
411 2580 478 2614 πρὸς
500 2580 566 2607 Θεὸν
582 2581 699 2609 ἐποιεῖτο
722 2581 909 2616 εὐχαριστίας.
933 2581 991 2609 Ἰνα

203 2627 232 2654 δὲ
249 2627 295 2653 καὶ
321 2626 421 2661 μᾶλλον
449 2626 636 2662 ἀπαράκλιτος
706 2627 827 2662 ἀνιαροῖς
854 2626 991 2659 τοσούτοις

204 2671 484 2707 περιστοιχιζόμενος,
514 2671 574 2698 οὐδὲ
597 2672 643 2698 τὸν
668 2672 791 2699 διάκονον
817 2673 891 2708 αὐτῷ
921 2673 990 2700 Illa-

203 2719 317 2746 τωνικὸν
333 2719 373 2750 είς
384 2719 434 2754 τὴν
450 2717 574 2753 φυλακὴν
584 2718 659 2752 εἴων,
673 2718 730 2745 ἀλλ’
747 2719 832 2754 ἑτέρῳ
850 2720 904 2746 τινὶ
914 2720 988 2755 τόπῳ

204 2766 327 2792 κάκεῖνον
341 2764 576 2799 ἐγχατακλείουσι.

1019 975 1220 1004 adelatoribus
1245 978 1301 1001 tum
1328 972 1411 1007 iudex
1437 975 1512 999 esset
1535 970 1669 998 delectus.
1694 967 1804 995 Nullum

1021 1022 1070 1049 tibi
1086 1021 1205 1056 posthaec
1220 1020 1308 1053 (dixit)
1323 1018 1439 1054 Grcgori
1454 1017 1536 1045 liceat
1555 1016 1590 1044 de
1608 1015 1729 1043 Ecclesia
1746 1021 1807 1042 ser-

1022 1075 1132 1095 monem
1146 1066 1266 1098 habere;
1290 1066 1379 1093 virum
1394 1065 1467 1092 enim
1488 1062 1625 1099 ejusmodi
1649 1062 1677 1088 in
1702 1061 1741 1087 tui
1767 1059 1808 1087 lo-

1023 1120 1085 1140 cum
1100 1111 1320 1146 subrogavimus,
1338 1110 1365 1137 in
1381 1116 1464 1144 quem
1480 1115 1514 1135 ne
1528 1106 1680 1134 adversarii
1693 1104 1807 1140 quidem

1024 1158 1127 1194 aliquid
1149 1157 1250 1185 habent
1279 1157 1400 1191 culpare.
1432 1154 1494 1182 llaec
1522 1157 1612 1181 autem
1640 1152 1674 1179 de
1698 1150 1809 1178 Eleusio

1024 1203 1142 1238 quodam
1160 1202 1289 1229 haeretico
1303 1200 1421 1232 dicebat,
1435 1198 1482 1234 qui
1498 1198 1526 1225 in
1543 1197 1657 1226 Oriente
1682 1203 1810 1230 saepenu-

1024 1257 1101 1277 mero
1127 1257 1189 1276 cum
1210 1247 1343 1283 Gregorio
1360 1246 1394 1274 de
1424 1243 1594 1273 admirandis
1621 1241 1807 1278 dogmatibus,

1025 1296 1114 1330 deque
1130 1303 1260 1326 munere.
1281 1293 1352 1329 quod
1365 1291 1502 1323 Christus.
1520 1291 1567 1318 Dei
1582 1289 1668 1318 Patris
1685 1289 1711 1316 in
1727 1288 1811 1316 terris

1026 1341 1144 1376 legatum
1180 1347 1281 1375 agens,
1312 1339 1431 1371 obierat,
1467 1336 1601 1364 acerrime
1645 1333 1810 1369 disputaret,

1026 1394 1091 1414 cum
1121 1385 1208 1412 nihilo
1238 1385 1329 1412 secius
1369 1384 1450 1419 plane
1484 1388 1625 1416 repressus
1655 1380 1689 1407 ab
1721 1387 1753 1406 eo
1780 1386 1811 1406 ac

1028 1433 1116 1460 victus
1136 1432 1241 1459 fuisset.
1258 1431 1308 1458 Hic
1326 1430 1491 1465 jampridem
1519 1429 1610 1456 eidem
1637 1425 1811 1455 admirabilis

1029 1478 1193 1509 habebatur,
1216 1478 1294 1512 isque
1310 1481 1366 1503 tum
1385 1475 1457 1511 apud
1472 1475 1560 1502 civem
1584 1473 1731 1510 quemdam
1749 1472 1815 1499 lati-

1031 1525 1115 1555 tabat,
1143 1524 1190 1559 qui
1213 1522 1384 1550 delatoribus
1417 1522 1590 1556 conjunctus,
1621 1519 1693 1547 hanc
1713 1522 1812 1546 contu-

1030 1571 1118 1598 melisa
1139 1570 1278 1605 potionem
1303 1567 1437 1603 Gregorio
1463 1567 1563 1594 callide
1589 1558 1813 1595 commiscuerat,

1032 1617 1140 1651 illisque
1167 1622 1277 1643 omnem
1310 1619 1388 1641 actus
1426 1619 1546 1644 scenam,
1569 1611 1622 1638 hoc
1636 1614 1691 1642 est,
1718 1607 1814 1643 ﬂagitii

1032 1663 1174 1690 materiam
1191 1667 1272 1697 atque
1301 1660 1454 1695 subiectum
1473 1658 1656 1690 ministrarat,
1683 1654 1728 1683 cui
1756 1659 1814 1682 tum

1031 1710 1070 1738 illi
1092 1709 1282 1745 episcopatum
1310 1705 1551 1735 conerediderant.
1573 1703 1620 1731 His
1648 1702 1741 1736 dictis,
1767 1709 1816 1728 na-

1032 1759 1197 1795 vigationem
1215 1757 1260 1784 ille
1282 1755 1377 1784 subiit.
1395 1752 1569 1789 Agrigentini
1591 1758 1657 1779 vero
1674 1749 1725 1777 viri
1742 1749 1817 1784 priu-

1031 1806 1107 1841 cipes
1121 1812 1174 1832 una
1188 1811 1250 1832 cum
1265 1803 1369 1838 reliqua
1383 1799 1570 1831 multitudine,
1584 1805 1647 1826 eum
1663 1796 1816 1825 custodiam

1032 1858 1139 1880 summo
1160 1858 1239 1878 mane
1253 1849 1326 1877 facto
1342 1848 1449 1884 agmine
1465 1846 1620 1882 petiissent,
1636 1851 1726 1878 neque
1748 1842 1818 1870 Gre-

1033 1899 1139 1934 gOrium
1173 1895 1346 1932 reperiisent,
1365 1894 1476 1921 turbare
1500 1891 1603 1923 omnia,
1625 1889 1818 1921 commiscere,

1033 1952 1065 1973 ac
1079 1942 1224 1971 lamentari
1240 1945 1393 1976 ceperunt.
1410 1939 1606 1967 Existimantes
1630 1941 1723 1964 autem
1741 1934 1819 1961 illum

1034 1990 1103 2018 clam
1120 1987 1154 2014 de
1171 1986 1262 2013 medio
1290 1985 1441 2017 sublatum,
1470 1983 1617 2010 tumultum
1646 1988 1678 2008 ac.
1707 1977 1821 2007 seditio-

1034 2040 1096 2060 nem
1109 2036 1204 2059 contra
1217 2029 1376 2061 exarcltum,
1387 2030 1500 2064 ejusque
1509 2034 1675 2056 assessorem
1685 2023 1823 2052 molestis-

1035 2079 1132 2107 simam
1147 2077 1313 2105 excitarunt.
1335 2074 1375 2103 Ac
1391 2074 1510 2109 primum
1528 2072 1640 2108 quidem
1666 2070 1760 2098 Sabini
1789 2077 1821 2097 ac

1034 2123 1205 2153 Crescentini
1223 2121 1456 2158 schphantarum
1474 2119 1571 2147 domus
1587 2116 1756 2149 incendunt;
1773 2115 1822 2144 de-

1035 2169 1098 2197 inde
1126 2168 1187 2196 illos
1204 2167 1278 2203 ipsos
1310 2165 1466 2194 iutcrlicere
1490 2163 1630 2196 adoritur;
1669 2161 1715 2190 sed
1743 2161 1760 2188 ii
1788 2161 1821 2189 ad

1036 2216 1182 2245 ecclesiam
1199 2215 1264 2250 fuga
1288 2221 1349 2242 sese
1365 2211 1531 2248 recipientes
1554 2209 1708 2246 periculum
1734 2208 1821 2236 decli-

1037 2267 1150 2290 narunt.
1168 2261 1271 2289 Verum
1301 2259 1433 2288 Chariten
1465 2257 1551 2286 turbae
1573 2256 1634 2284 illos
1652 2254 1823 2290 insequentis

1036 2307 1161 2342 vestigiis
1176 2307 1318 2338 insistens,
1333 2304 1435 2337 eﬂ‘eeit,
1461 2311 1495 2332 ne
1528 2304 1599 2331 intra
1622 2301 1752 2336 templum
1776 2300 1823 2335 ju-

1036 2353 1207 2390 gularentur,
1233 2352 1278 2379 vix
1292 2351 1353 2378 illos
1369 2357 1469 2385 magno
1488 2350 1607 2377 clamore
1629 2347 1662 2375 ab
1685 2345 1822 2382 ejusmodi

1038 2399 1170 2436 petitione
1186 2405 1218 2425 ac
1234 2397 1338 2425 insultu
1362 2397 1559 2431 comprimens.
1589 2394 1683 2428 Itaque
1709 2391 1823 2420 seditio-

1038 2453 1099 2472 nem
1115 2444 1249 2480 cjusmodi
1268 2443 1331 2471 linis
1345 2442 1463 2476 excepit.
1479 2441 1548 2469 Cum
1563 2447 1629 2468 vero
1649 2438 1692 2466 vir
1711 2441 1824 2466 sanctus

1038 2491 1153 2519 Romam
1175 2489 1364 2524 pervenisset,
1391 2486 1512 2523 pontifex
1532 2494 1616 2519 max.,
1640 2482 1760 2517 acceptis
1788 2482 1823 2510 ab

1037 2537 1157 2565 exarcho
1172 2535 1284 2568 litteris,
1306 2535 1396 2570 iisque
1418 2541 1480 2569 quae
1494 2533 1529 2560 ab
1557 2532 1618 2566 ipso
1633 2529 1824 2558 scribebantur

1039 2581 1165 2617 cognitis,
1181 2579 1365 2608 admiratione
1378 2586 1412 2606 ac
1432 2579 1472 2606 ira
1494 2578 1601 2612 plenus,
1629 2583 1684 2603 non
1707 2578 1749 2602 est
1764 2581 1826 2609 pas-

1038 2635 1085 2656 sus
1099 2628 1187 2653 virum
1215 2630 1340 2654 sanctum
1369 2624 1499 2660 suiipsius
1522 2623 1600 2651 adire
1626 2620 1822 2658 praesentiam;

1039 2675 1106 2710 quin
1121 2673 1203 2701 etiam
1223 2671 1325 2700 indicta
1339 2678 1422 2699 causa
1439 2674 1559 2697 tractum
1574 2669 1650 2697 illum
1664 2671 1746 2702 atque
1757 2674 1824 2694 con-

1043 2720 1189 2748 tumeliose
1204 2718 1326 2750 illusum,
1343 2716 1472 2744 manibus
1491 2719 1622 2751 praeterea
1651 2713 1825 2749 pedibusque

1043 2772 1139 2796 catena
1163 2765 1296 2796 vinctum,
1326 2764 1355 2791 in
1384 2770 1524 2791 carcerem
1551 2760 1752 2797 conjiciendum
1776 2759 1827 2786 im-

205 2812 320 2848 peravit.
345 2812 479 2839 Caeterum
510 2810 556 2838 ille
579 2809 700 2838 ludibrio
723 2815 778 2837 tam
797 2811 915 2846 turpiter
941 2813 1063 2846 habitus,
1097 2813 1123 2840 in
1158 2818 1352 2845 carceremque
1383 2817 1415 2837 ac
1435 2808 1552 2837 vinculis
1580 2807 1761 2842 mancipatus,
1783 2806 1826 2833 ni-

205 2859 353 2888 uilominus
368 2857 496 2886 omnibus
517 2857 545 2885 in
565 2857 650 2885 rebus
662 2857 705 2885 sui
718 2857 818 2885 similis
839 2865 902 2886 esse
947 2861 1078 2894 perrexit,
1102 2864 1185 2894 atque
1213 2857 1379 2885 contumelia
1418 2857 1445 2884 in
1488 2864 1612 2892 magnam
1656 2853 1822 2890 agendarum

207 2909 261 2935 deo
278 2906 430 2942 gratiarum
453 2905 626 2934 occasionem
647 2913 714 2935 usus
726 2911 778 2935 est.
797 2905 832 2934 Ut
845 2913 910 2935 vero
925 2906 1135 2941 consolationis,
1161 2911 1200 2935 tot
1237 2906 1437 2941 circumseptus
1472 2904 1615 2938 molestiis,

1655 2901 1741 2936 magis
1780 2907 1828 2928 ex-
