2082 3153
245 195 294 226 ἳῦἸ

846 191 986 220 MENSIS
1008 190 1228 221 NOVEMBER.

1811 183 1866 214 268

244 251 329 277 Tltllﬂl.
346 249 440 275 Postea
455 255 519 273 vero
550 254 630 281 quam
660 246 809 281 Gregorius
823 255 874 273 una
894 254 955 273 eum
973 246 1030 280 rpi-

1090 246 1206 272 Ἔπειτα
1217 245 1263 271 καὶ
1277 243 1428 279 Γρηγορῐου
1436 243 1493 274 τοῖς
1506 242 1666 273 ἐπισκόποις
1680 241 1853 268 συνεισελθὸν

244 293 333 328 scopis
345 292 442 318 urbem
458 292 598 326 ingressus
611 296 664 324 est,
682 291 799 318 maxima
814 291 840 318 in
858 291 933 317 illum
953 291 1025 325 regis

243 337 387 366 hilaritatis
402 345 433 364 ac
448 337 644 364 benevolentiae
657 336 820 372 significatio
833 336 947 368 exstitit,
964 343 1025 362 nam

241 390 270 413 et
301 384 371 412 solio
400 390 527 418 surgens,
554 391 617 410 eum
644 383 803 417 complexus
834 382 1023 409 osculabatur.

242 432 343 459 V‘erum
363 430 508 457 enimvero
523 436 583 456 cum
599 428 636 455 illi
664 436 718 454 non
733 428 833 454 mullos
850 432 910 462 post
927 427 986 454 dies
1001 427 1028 453 in

243 483 364 504 mentem
383 475 602 503 venissctuovas
621 473 810 500 sacerdotibus
823 473 895 508 leges
910 473 1028 506 sancire,

244 532 306 559 qua:
318 523 401 551 etiam
421 521 539 557 posteris
553 526 609 548 tum
623 525 697 552 tuta,
717 524 774 547 tum
804 521 886 546 utiles
903 520 1030 546 videren-

245 575 299 601 tur,
317 569 498 604 patriarcham
526 572 626 594 etcum
647 566 734 600 ipsum
751 565 843 592 divum
870 564 1029 600 Gregorium

244 615 400 645 accersitos,
422 612 624 640 communicato
639 611 766 642 consilio,
782 610 847 644 quid
865 609 936 637 facto
960 617 1029 644 opus

244 663 326 690 esset,
346 658 466 685 consulit
479 666 486 684 :
499 657 546 691 qui
564 663 620 683 rem
633 663 749 690 persanc
767 655 931 682 laudabilem
962 655 1030 687 fore,

245 713 277 732 ac
287 709 363 732 recte
378 704 412 732 de
426 703 558 737 religione
583 702 769 730 sentientibus
801 701 896 727 utilem
912 699 1030 727 afﬁrma-

246 755 320 778 runt.
333 751 410 785 lique
425 758 487 776 cum
503 755 612 776 sacrum
625 747 722 782 jejunii
740 752 846 782 tempus
861 746 1030 779 advenisset,

247 796 318 822 hanc
347 793 528 828 provinciam,
558 792 620 827 ipso
648 798 711 826 rege
735 790 762 817 in
779 790 924 817 consilium
938 797 1030 816 secum

247 839 382 869 adhibito,
400 840 558 871 suscepere,
574 841 712 869 novasque
737 839 766 861 et
781 841 872 861 sacras
904 834 978 868 leges
993 833 1032 860 illi
1050 854 1051 857 η

247 887 406 912 sanxerunt.

283 929 342 956 LX.
358 929 466 955 Interea
479 935 546 954 vero
561 926 709 960 Gregorius
737 932 879 953 sermones
908 924 1033 952 doctrina
1048 925 1071 955 B

249 983 281 1003 ac
297 975 397 1010 pietate
414 973 541 1004 refertos,
571 973 666 1007 plures
695 971 801 998 edidit:
834 970 903 997 alios
918 970 1030 1005 quidem

249 1023 277 1050 in
306 1028 411 1049 sacram
454 1019 551 1055 jejunii
583 1017 814 1049 observationem,
838 1017 907 1043 alios
936 1016 962 1042 in
984 1016 1036 1042 Pe-

251 1074 323 1095 trum
347 1071 376 1094 et
410 1066 558 1096 Andream,
581 1073 613 1091 ac
627 1064 796 1099 pluresitem
827 1062 896 1089 alios
920 1069 1034 1096 compo-

249 1114 305 1142 suit
322 1121 329 1140 :
347 1112 394 1147 qui
408 1117 464 1139 tum
491 1110 618 1141 artificio,
632 1114 689 1136 tum
703 1109 820 1136 utilitate
833 1107 982 1142 plurimum
998 1107 1036 1134 illi

251 1159 338 1188 laudis
353 1159 516 1186 attulerunt.
544 1156 596 1184 Ubi
621 1164 686 1183 vero
709 1155 821 1182 domum
837 1154 981 1181 discedere
1010 1154 1036 1180 in

250 1206 371 1233 animum
390 1204 508 1235 induxit,
524 1201 631 1237 rogavit
655 1202 745 1228 locutu
763 1201 815 1228 sibi
840 1200 868 1226 in
897 1199 1037 1234 Agrigenti

206 1256 212 1262 '
250 1252 370 1283 civitate,
384 1250 411 1277 in
423 1256 476 1284 quo
489 1248 608 1282 episcopi
621 1246 786 1274 domicilium
795 1250 975 1275 construeret,
990 1245 1038 1271 im-

251 1297 356 1332 pertiri.
377 1295 627 1328 Cuirextauquam
656 1292 804 1327 acciperet,
830 1298 885 1317 non
903 1294 1037 1324 erogaret,

251 1345 289 1370 ita
304 1346 432 1377 prompte
455 1347 487 1366 ac
517 1339 643 1365 hilariter
671 1337 804 1371 elargitus
830 1340 882 1368 est,
900 1339 932 1362 ut
946 1339 1039 1369 optata

252 1389 327 1416 illius
343 1391 550 1420 supergressus,
569 1383 713 1409 dimidium
741 1382 779 1408 illi
807 1381 946 1416 Agrigenti
971 1380 1040 1407 civi-

254 1435 318 1461 tatis
328 1433 386 1461 dari
410 1431 534 1467 jusserit,
548 1437 603 1464 quo
616 1436 666 1464 pro
683 1428 762 1455 libito
780 1431 915 1454 uteretur.
936 1425 1039 1453 Deinde

253 1478 424 1512 amplexatus
449 1476 536 1504 illum.
554 1480 707 1508 rogansque
724 1481 758 1499 ne
773 1472 816 1499 sui
833 1471 1040 1498 oblivisceretur

254 1532 323 1551 neve
350 1525 508 1558 gravaretur
523 1527 572 1555 pro
588 1527 618 1546 se
631 1519 716 1545 Deum
735 1517 854 1552 precari,
874 1516 992 1543 dimisit.
1005 1515 1040 1542 At

254 1577 320 1597 vero
336 1576 369 1595 ne
399 1567 493 1602 regina
519 1565 629 1601 quidem
647 1564 720 1591 circa
747 1564 837 1590 virum
851 1567 975 1589 sanctum
992 1569 1037 1588 se-

253 1617 333 1652 gnius
348 1615 445 1641 aﬂ‘ecta
463 1613 521 1640 visa
536 1616 588 1639 est.
603 1611 670 1638 Nam
687 1614 715 1637 et
734 1610 792 1644 ipsa
808 1616 870 1636 cum
896 1607 1038 1635 didicisset

253 1661 413 1696 GregOrium
436 1659 554 1686 amicum
582 1658 638 1684 Deo
668 1664 700 1683 ac
727 1655 939 1690 perfamiliarem
964 1661 1036 1684 esse,

254 1704 522 1734 consent-.tucamiili
550 1701 732 1729 reverentiam
758 1700 868 1731 detulit,
890 1706 922 1726 ac
958 1697 1037 1724 donis

254 1760 337 1788 quam
360 1752 449 1786 potuit.
479 1747 760 1784 magnificentioribus
787 1745 923 1773 demereri
958 1745 1034 1771 illum

256 1803 355 1825 conata
370 1802 421 1822 est.
437 1795 609 1827 Quapropter
623 1798 750 1826 egressus
768 1790 834 1816 urbe
864 1788 1036 1816 Constantini

257 1845 371 1871 Romam
387 1841 524 1876 profectus
540 1843 592 1865 est.
606 1838 656 1865 Ubi
675 1845 689 1864 a
701 1836 830 1871 pontiﬁce
853 1843 925 1862 max.
942 1842 1038 1870 magna

258 1887 412 1916 reverentia
428 1886 588 1918 'susceptus,
602 1883 779 1917 Agrigentum
806 1888 861 1908 non
875 1881 961 1907 multo
978 1886 1039 1914 post

257 1934 412 1967 adnavigat,
441 1931 553 1966 quicum
579 1929 633 1955 duo
654 1928 772 1959 diaconi,
800 1933 830 1954 ut
849 1927 874 1954 in
898 1927 1039 1962 proprium

258 1981 333 2007 illum
347 1979 535 2013 episc0patum
549 1975 734 2006 restituerent,
750 1974 824 2001 missi
843 1978 918 2001 sunt.
951 1974 1038 2001 Porro

257 2031 285 2053 et
301 2026 356 2052 illic
376 2028 430 2051 tam
449 2023 544 2057 ingens
560 2021 612 2048 viri
625 2020 711 2048 sancti
727 2020 798 2054 apud
826 2027 922 2048 omnes
936 2020 1038 2047 conﬂa-

257 2078 303 2099 tur
319 2069 497 2100 dcsiderium,
521 2072 551 2094 ut
580 2067 652 2093 illius
676 2067 776 2093 virtute
802 2074 857 2093 non
888 2066 1037 2093 obscurum

256 2116 442 2145 testimonium
474 2113 598 2145 fecerint,
624 2112 688 2139 dum
717 2112 761 2146 pia
795 2112 872 2146 plebs
897 2112 1038 2145 universa,

255 2164 429 2194 cunctosque
446 2157 564 2193 populus
580 2163 659 2184 extra
691 2156 831 2182 civitatem
848 2156 963 2189 egressi,
980 2159 1037 2182 tum

256 2205 394 2238 laudibus,
417 2209 475 2231 tum
503 2202 590 2229 sacris
614 2201 798 2233 cantionibus,
824 2204 851 2227 ut
877 2209 931 2228 non
960 2201 1039 2228 facile

257 2255 358 2286 quanta
372 2257 434 2277 cum
447 2248 586 2282 voluptate
599 2245 711 2278 dixeris,
724 2245 833 2272 obviam
850 2245 889 2272 illi
902 2245 1038 2280 prodiere.

294 2295 363 2321 LXI.
375 2293 448 2326 Quid
463 2292 497 2319 ad
515 2292 572 2318 bzec
586 2291 666 2317 divus
674 2290 846 2324 Gregorius?
867 2290 931 2317 lllos
944 2298 1040 2318 omnes

257 2341 352 2368 esculo
366 2343 460 2365 sancto
474 2337 632 2364 humaniter
650 2335 746 2368 ambit,
775 2343 807 2362 ac
818 2335 932 2370 singulis
945 2344 1043 2363 manus

258 2386 413 2420 imponens,
442 2382 512 2408 bene
542 2380 672 2408 omnibus
700 2381 875 2414 precabatur.
905 2382 940 2408 At
969 2382 1040 2416 patri

256 2431 355 2460 obvius
367 2429 467 2460 factus,
486 2426 606 2461 primum
634 2425 746 2459 quidem
769 2426 829 2461 ejus
854 2425 970 2461 pedibus
998 2434 1044 2454 se-

257 2479 347 2514 ipsum
365 2473 476 2510 abiecit,
492 2480 554 2500 mox
567 2479 722 2506 assurgens,
748 2471 922 2506 brachiisque
945 2472 1042 2499 collum

257 2524 316 2559 eius
324 2519 510 2551 circumdans,
525 2517 729 2553 amplexabatur
745 2525 752 2544 :
765 2523 796 2543 ut
807 2517 932 2552 laerymae
945 2518 1044 2544 utrius-

259 2577 313 2604 que
357 2566 446 2594 oculis
473 2565 583 2594 elicitaz,
614 2562 779 2598 agendarum
809 2562 863 2589 Deo
893 2563 1040 2597 gratiarum

260 2612 445 2641 communiter
458 2610 567 2637 occasio
579 2609 688 2635 fierent.
701 2607 759 2635 lloc
786 2608 875 2642 ipsum
904 2616 967 2644 erga
986 2617 1043 2635 ma-

261 2664 330 2686 trem
351 2665 402 2685 usu
417 2656 469 2683 sibi
488 2655 596 2682 venisse
611 2654 755 2689 comperit.
773 2653 874 2681 Verum
897 2655 971 2681 enim
985 2656 1044 2688 ejus

261 2703 416 2739 discipulus
428 2706 498 2734 erat,
510 2701 556 2736 qui
574 2704 703 2736 parentes
726 2707 783 2735 pm
810 2700 938 2727 omnibus
950 2701 1043 2727 colen-

259 2751 310 2778 dos
323 2749 462 2785 prmcepit.
477 2749 590 2774 Demum
611 2747 706 2773 urbem
722 2747 874 2781 ingressus,
898 2753 952 2772 non
969 2747 1043 2780 prius

260 2795 525 2829 domiciliumpetiit,
547 2801 601 2821 non
615 2793 747 2826 templum
770 2791 866 2818 ridere
899 2792 1041 2824 sustinuit,

260 2849 311 2868 nec
334 2841 378 2867 vix
398 2840 512 2868 alterum
539 2841 649 2868 oculutn
681 2839 803 2874 adjecit:
833 2838 880 2865 sed
901 2838 1043 2866 confestim

263 2887 369 2921 abiens,
384 2887 589 2915 tabernaculum
615 2895 696 2914 suum
723 2894 804 2913 muro
827 2889 934 2920 septum
966 2892 1043 2913 extra

1083 299 1140 321 τος,
1153 291 1166 316 ὀ
1180 289 1308 325 βασιλεὺς
1323 289 1372 324 τὴν
1386 289 1454 324 πρὸς
1469 288 1551 314 αὑτὸν
1567 287 1673 314 ἐδείκνυ
1697 287 1865 321 φιλοφροσύ-

1083 346 1146 372 νην,
1172 336 1219 363 καὶ
1240 335 1288 362 τοῦ
1308 335 1404 370 θρόνου
1427 335 1576 368 ἐξαναστὰς
1600 334 1749 368 περιέϐαλέ
1766 343 1796 360 τε
1821 334 1871 360 καὶ

1083 382 1288 418 κατησπάζετο.
1311 381 1438 416 Ἥμσρῶν
1453 381 1481 407 δέ
1504 389 1584 407 τινων
1597 380 1807 414 διαγενομένων,
1829 380 1871 410 είς

1084 429 1147 455 νοῦν
1160 428 1234 464 αὺτῷ
1260 428 1389 463 βάλλεται
1409 427 1486 459 νέους
1510 427 1578 462 πρὸς
1604 427 1658 453 τῶν
1678 427 1773 461 ἱερέων
1796 428 1872 452 ἐκτε-

1084 474 1166 510 θῆναι
1179 475 1308 506 κανόνας,
1333 474 1360 501 οἳ
1385 474 1502 505 καὶτοῖς
1523 473 1593 508 μετὰ
1606 473 1702 505 ταῦτα,
1735 471 1804 506 ὁμοῦ
1823 472 1871 506 μὲν

1084 521 1229 554 ἀσφαλεῖς,
1257 520 1325 556 ὁμοῦ
1337 521 1366 547 δὲ
1385 520 1432 547 καὶ
1447 519 1581 554 ὠφέλιμοι
1599 519 1718 552 δόξουσι.
1747 518 1799 545 Τὸν
1824 517 1871 544 οὖν

1086 565 1262 601 πατριάρχην
1294 565 1557 601 μεταπεμψάμενος,
1590 565 1638 591 καὶ
1662 564 1743 590 αὑτὸν
1767 563 1799 598 δὴ
1825 563 1871 589 τὸν

1086 611 1159 638 θεῖον
1171 611 1331 647 Γρηγόριον,
1347 611 1546 644 κοινολογεῖται
1567 610 1633 644 περὶ
1654 609 1702 636 τοῦ
1721 609 1872 644 προκειμέ-

1088 665 1149 683 νου·
1164 657 1189 683 οἳ
1209 658 1256 683 καὶ
1276 658 1347 684 πάνυ
1360 657 1478 692 χρηστὸν
1495 654 1565 683 εἶναι
1582 655 1613 682 τὸ
1630 656 1748 689 πρᾶγμα
1757 655 1806 682 καὶ
1816 656 1872 686 τοῖς

1088 703 1242 740 ὀρθοδὸξοις
1273 703 1413 737 ὠφέλιμον
1448 703 1613 737 εἰρηκότες,
1644 701 1693 728 τοῦ
1723 700 1796 735 ἱεροῦ
1822 701 1872 733 τῆς

1089 750 1217 784 νηστείας
1234 749 1440 779 καταλαϐόντος
1457 747 1568 782 καιροῦ,
1585 746 1632 773 τοῦ
1650 747 1732 773 πόνου
1756 746 1870 781 εἴχοντο,

1090 794 1403 829 συνεπιλαμϐανομινου
1419 794 1510 824 αὐτοῖς
1527 794 1574 820 καὶ
1588 792 1635 819 τοῦ
1650 792 1793 828 βασιλέως.
1819 792 1873 818 Καὶ

1090 842 1178 872 οὕτως
1199 842 1224 868 ol
1240 841 1291 876 μὲν
1306 841 1371 872 τοὺς
1393 840 1471 871 νέους
1488 840 1536 867 καὶ
1558 839 1649 874 ἱεροὺς
1664 839 1781 869 κανόνας
1799 839 1873 865 ἐκτί-

1090 887 1194 914 θενται,

1122 932 1161 959 ζ’.
1184 933 1213 959 '0
1230 932 1257 958 δέ
1272 941 1303 966 γε
1318 931 1390 963 θεῖος
1415 931 1567 966 Γρηγόριος
1595 930 1658 963 τοὺς
1685 932 1874 966 δογματικοὺς

1087 978 1141 1004 τῶν
1157 978 1244 1012 λόγων
1259 978 1410 1010 συντάττει,
1422 978 1484 1010 τοὺς
1497 979 1537 1009 εἰς
1547 978 1597 1013 τὴν
1611 978 1690 1012 ἁγίαν
1703 987 1875 1012 τεσσαρακο-

1088 1024 1165 1059 στὴν,
1187 1024 1232 1051 καὶ
1248 1024 1311 1055 τοὺς
1326 1024 1366 1056 εἰς
1384 1023 1485 1058 Πέτρον
1501 1024 1573 1058 φημὶ
1591 1024 1638 1050 καὶ
1656 1024 1797 1059 Ἀνδρέαν.
1810 1032 1875 1051 συν-

1087 1068 1179 1103 τίθησι
1191 1069 1218 1094 δὲ
1229 1069 1277 1096 καὶ
1289 1068 1403 1099 πολλοὺς
1412 1068 1537 1103 ἑτέρους,
1549 1069 1607 1103 ἅμα
1622 1070 1672 1104 μὲν
1685 1069 1752 1105 πρὸς
1763 1070 1877 1104 τέχνην,

1088 1115 1144 1149 ἅμα
1155 1115 1183 1141 δὲ
1201 1115 1247 1141 καὶ
1259 1114 1328 1148 πρὸς
1342 1113 1478 1148 ὠφέλειαν
1491 1114 1642 1146 ὲπαινετῶς
1658 1114 1780 1150 ἔχοντας.
1797 1115 1877 1142 Ἐπεὶ

1088 1160 1116 1187 δὲ
1131 1160 1178 1186 καὶ
1190 1160 1239 1194 τῆς
1251 1160 1316 1194 πρὸς
1329 1160 1364 1185 τὰ
1372 1161 1461 1186 οἰκεῖα
1476 1159 1615 1194 φερούσης
1628 1160 1777 1195 ἐμέμνητο,
1789 1161 1876 1196 ᾔτησε

1089 1204 1134 1230 τὸν
1149 1204 1303 1239 κρατοῦντα
1318 1204 1418 1238 χωρίον
1434 1204 1509 1238 αὑτῷ
1536 1205 1566 1230 ὲν
1591 1205 1625 1239 τῇ
1654 1205 1876 1240 Ἀκραγαντίνων

1089 1248 1210 1282 δοθῆναι,
1230 1249 1258 1274 ἐν
1270 1246 1292 1282 ᾧ
1306 1249 1336 1275 τὸ
1351 1249 1528 1274 ὲπισκοπείον
1538 1249 1724 1284 οἰκοδομήσει.
1743 1251 1772 1276 ’0
1799 1250 1877 1284 βασι-

1089 1293 1152 1326 λεὺς
1183 1293 1241 1326 οὖν,
1266 1293 1361 1328 ὥσπερ
1388 1293 1536 1328 λαμϐάνων
1555 1293 1670 1328 μᾶλλον,
1691 1295 1752 1330 οὐχὶ
1776 1295 1875 1328 διδοὺς,

1090 1339 1162 1366 οὕτω
1178 1339 1327 1374 προθύμως
1342 1338 1402 1373 ἅμα
1421 1339 1470 1365 καὶ
1490 1339 1640 1373 φιλοτίμως
1659 1339 1767 1365 δίδωσιν
1791 1341 1878 1375 ὑπερ-

1090 1384 1141 1415 ϐὰς
1153 1385 1199 1411 καὶ
1211 1385 1260 1418 τὴν
1273 1385 1393 1419 αἰτησιν.
1409 1384 1507 1411 Δίδωσι
1523 1384 1576 1420 γὰρ
1596 1384 1670 1419 αύτῷ
1684 1386 1715 1411 τὸ
1727 1385 1815 1419 ἥμισυ
1827 1385 1878 1419 τῆς

1090 1430 1312 1465 Ἀκραγαντίνων
1343 1430 1463 1463 πόλεως,
1492 1430 1611 1457 κελεύων
1647 1431 1722 1462 ὅπως
1750 1431 1876 1466 βούλοιτο

1090 1477 1222 1512 χρῆσθαι.
1244 1474 1313 1503 Εἶτα
1330 1476 1380 1502 καὶ
1395 1477 1589 1510 ἀσπασάμενος
1599 1477 1679 1503 αὐτὸν
1693 1479 1739 1505 καὶ
1751 1478 1878 1513 αἰτήσας,

1092 1523 1204 1557 μνήμης
1229 1530 1260 1548 τε
1283 1522 1330 1548 καὶ
1345 1522 1432 1556 εὐχῶν
1452 1521 1508 1548 τῶν
1529 1522 1599 1557 ὑπὲρ
1613 1523 1695 1549 αὐτοῦ
1712 1525 1748 1558 μὴ
1769 1525 1880 1559 ἀμελῶς

1091 1569 1165 1602 ἔχειν
1178 1569 1296 1601 ἀφῆκεν.
1320 1567 1389 1594 Οὐδὲ
1407 1568 1423 1602 ὴ
1445 1567 1551 1602 βασιλὶς
1570 1567 1758 1603 ρᾳθυμότερύν
1774 1578 1798 1596 τι
1813 1570 1880 1604 περὶ

1096 1615 1143 1640 τὸν
1157 1613 1235 1647 ἅγιον
1250 1613 1338 1648 ἐφάνη
1353 1612 1514 1648 διακειμένη
1528 1622 1536 1629 ·
1553 1614 1622 1641 ἀλλὰ
1640 1615 1687 1642 καὶ
1699 1615 1769 1650 αὐτὴ
1793 1615 1879 1650 ἄνδρα

1093 1660 1222 1696 μαθοῦσα
1249 1660 1296 1687 τὸν
1319 1660 1472 1694 Γρηγόριον
1487 1659 1527 1693 τῷ
1542 1659 1601 1694 Θεῷ
1617 1662 1875 1695 προσῳκειωμένον,

1093 1707 1176 1738 σέϐας
1189 1715 1218 1732 τε
1230 1706 1260 1732 τὸ
1270 1706 1412 1741 προσῆκον
1428 1706 1573 1740 ἀπονέμει,
1589 1707 1636 1732 καὶ
1647 1706 1744 1741 δώροις
1763 1707 1801 1738 ὡς
1819 1705 1877 1734 οἷόν

1091 1761 1122 1778 τε
1142 1752 1291 1787 θεραπεύει
1305 1751 1520 1786 μεγαλοψύχως.
1545 1751 1677 1784 Ἐξελθὼν
1695 1753 1723 1779 δὲ
1738 1753 1787 1788 τῆς
1803 1754 1880 1780 Κων-

1094 1798 1246 1829 σταντίνου,
1264 1797 1312 1824 καὶ
1331 1798 1381 1832 τὴν
1402 1796 1513 1832 Ῥώμην
1536 1797 1709 1830 καταλαϐὼν,
1736 1799 1784 1825 καὶ
1800 1798 1879 1834 παρὰ

1091 1843 1139 1869 τοῦ
1161 1844 1262 1870 πάππα
1285 1844 1333 1869 καὶ
1353 1842 1433 1874 αὖθις
1458 1842 1617 1876 σεϐασμίως
1641 1843 1815 1878 ὑποδεχθεὶς,
1836 1845 1878 1876 εἰς

1098 1889 1273 1923 ’Δκρᾶγαντα
1288 1887 1461 1923 περαιοῦται.
1488 1888 1735 1922 Συνεκπέμπονται
1752 1889 1780 1915 δὲ
1802 1889 1878 1924 αὺτῷ

1092 1935 1140 1960 καὶ
1156 1934 1202 1960 δύο
1217 1934 1273 1960 τῶν
1284 1934 1428 1965 διακόνων,
1446 1933 1484 1964 ὡς
1501 1934 1541 1964 εἰς
1557 1933 1607 1968 τὴν
1627 1934 1695 1960 ἰδίαν
1717 1935 1798 1961 αὑτὸν
1815 1936 1879 1961 ἐπι-

1093 1980 1199 2014 σκοπὴν
1223 1980 1463 2012 ἀποκαταστῆσαι.
1492 1979 1600 2006 Γίνεται
1617 1977 1663 2006 οὖν
1681 1980 1727 2007 καὶ
1746 1982 1763 2016 ὴ
1785 1982 1877 2008 ἐκεῖσε

1092 2025 1140 2051 τοῦ
1160 2025 1298 2059 μακαρίου
1308 2023 1400 2057 ἄφιξις
1411 2023 1483 2050 οὕτω
1501 2023 1602 2056 καλῶς,
1618 2025 1655 2056 ὡς
1667 2026 1707 2057 εις
1725 2027 1878 2061 μαρτύριον

1093 2071 1224 2105 γενέσθαι
1240 2070 1292 2105 τῆς
1310 2070 1412 2104 ἀρετῆς
1429 2070 1538 2096 ἐκείνου
1559 2070 1608 2097 καὶ
1623 2071 1672 2105 τῆς
1695 2072 1741 2098 τοῦ
1757 2073 1878 2108 πλήθους

1096 2115 1250 2150 φιλοθεῖας,
1280 2115 1328 2142 ἅτε
1352 2114 1399 2140 τοῦ
1423 2114 1489 2141 λαοῦ
1517 2115 1616 2146 παντὸς
1640 2116 1756 2152 πρὸτῆς
1775 2117 1879 2148 πόλεως

1094 2160 1306 2194 ἐξεληλυθότων,
1326 2160 1373 2186 καὶ
1389 2159 1506 2194 ψαλμοῖς
1525 2160 1583 2193 ἅμα
1598 2162 1645 2186 καὶ
1671 2161 1755 2195 ἱεροῖς
1771 2163 1878 2198 ᾇσμασι

1097 2203 1160 2237 μεθ’
1184 2204 1251 2238 ὅσης
1274 2204 1324 2230 οὐκ
1346 2203 1380 2230 ἂν
1403 2204 1491 2235 εῐποις
1503 2205 1551 2239 τῆς
1565 2204 1662 2239 ἡδονῆς
1676 2206 1726 2241 τὴν
1755 2207 1879 2243 ὑπαντὴν

1058 2262 1078 2289 D
1094 2249 1176 2275 αὑτοῦ
1193 2251 1376 2284 ποιουμένων.

1128 2295 1189 2323 ΞΝ.
1211 2296 1244 2322 Τί
1261 2296 1308 2322 οὖν
1329 2297 1343 2322 ὁ
1360 2296 1431 2327 θεῖος
1447 2297 1613 2332 Γρηγόριος;
1632 2297 1701 2330 Τοὺς
1717 2299 1766 2334 μὲν
1780 2300 1878 2331 ἄλλους

1097 2341 1201 2373 πάντας
1222 2341 1364 2376 φιλήματι
1388 2350 1418 2368 τε
1434 2343 1503 2378 ἁγιῳ
1517 2343 1739 2378 φιλοφρονεῖται,
1758 2346 1806 2371 καὶ
1828 2346 1877 2377 τὰς

1095 2388 1190 2422 χεῖρας
1212 2387 1319 2418 ἐπιθεὶς
1342 2387 1462 2422 ἑκάστῳ,
1491 2388 1541 2421 τὴν
1564 2389 1690 2424 εὐλογίαν
1711 2390 1820 2417 δίδωσι·
1837 2392 1879 2426 τῷ

1097 2433 1126 2459 δὲ
1142 2433 1228 2467 πατρὶ
1243 2431 1400 2468 προσελθὼν
1416 2433 1512 2467 πρῶτα
1529 2434 1579 2468 μὲν
1605 2435 1658 2466 τοῖς
1677 2436 1756 2462 ποσὶν
1771 2437 1878 2464 ἐκείνου

1095 2477 1192 2504 ἑαυτὸν
1209 2476 1385 2510 καταϐάλλει,
1402 2475 1462 2503 εἶτα
1483 2477 1628 2510 διαναστὰς
1640 2479 1686 2506 τὸν
1700 2480 1835 2515 τράχηλον
1847 2490 1879 2508 τι

1095 2521 1255 2556 περιϐάλλει
1282 2521 1330 2547 καὶ
1358 2521 1579 2555 κατασπάζεται,
1604 2522 1641 2553 ὡς
1667 2524 1833 2559 ἀμφοτέροις
1848 2527 1880 2560 ή-

1095 2568 1175 2602 δονῆς
1190 2568 1310 2603 δάκρυον
1324 2567 1379 2593 τῶν
1394 2567 1541 2602 ὀφθαλμῶν
1575 2569 1702 2595 ἐκπεσεῖν
1717 2571 1763 2596 καὶ
1785 2572 1879 2606 κοινὴν

1095 2612 1221 2645 γενέσθαι
1238 2613 1305 2647 πρὸς
1321 2612 1387 2638 Θεὸν
1404 2613 1455 2647 τὴν
1487 2613 1674 2648 εὐχαριστίαν.
1700 2615 1736 2640 Τὸ
1759 2616 1826 2641 αὐτὸ
1850 2617 1879 2642 δὲ

1095 2659 1141 2684 καὶ
1156 2657 1203 2684 ἐπὶ
1217 2660 1250 2693 τῇ
1272 2658 1357 2693 μητρὶ
1374 2658 1489 2692 γίνεται.
1505 2659 1638 2694 Μαθητής
1654 2660 1708 2694 γὰρ
1725 2659 1758 2694 ἦν
1770 2661 1878 2695 ἀληθῶς

1094 2704 1200 2731 ἐκείνου
1226 2705 1273 2730 τοῦ
1297 2705 1402 2738 πατέρα
1434 2712 1463 2730 τε
1487 2705 1534 2730 καί
1563 2707 1668 2739 μητέρα
1699 2707 1879 2736 κελεύσαντος

1094 2750 1275 2784 διαφερόντως
1291 2750 1384 2784 τιμᾷν.
1411 2748 1477 2775 Εἶτα
1500 2748 1549 2783 τὴν
1571 2750 1648 2776 πόλιν
1666 2751 1806 2781 εἰσελθὼν,
1827 2752 1879 2778 οὐκ

1094 2798 1133 2828 είς
1149 2797 1178 2824 τὺ
1191 2797 1364 2823 ὲπισκοπεῐον
1377 2796 1503 2830 ἀνῆλθεν,
1515 2795 1577 2821 οὐδὲ
1603 2796 1632 2822 τὸ
1659 2797 1722 2823 ναὸν
1737 2799 1879 2830 ἐθεάσατο,

1094 2843 1143 2877 οὐχ
1171 2842 1258 2878 ἑτέρῳ
1277 2843 1330 2868 τινὶ
1361 2842 1454 2877 σχεδὸν
1480 2843 1526 2868 τὸν
1550 2842 1627 2876 ὖμμα
1645 2843 1787 2876 ἐπέϐαλεν,
1809 2844 1880 2870 ἀλλὰ

1095 2888 1222 2915 ἀπελθὼν
1236 2889 1347 2920 εὐθέως,
1360 2888 1478 2923 πήγνυσι
1490 2888 1538 2923 τὴν
1552 2888 1634 2914 αὑτοῦ
1651 2889 1752 2925 σκηνὴν
1766 2889 1818 2922 ἔξω
1830 2889 1877 2915 τοῦ
