2082 3153
249 170 302 200 26)
795 172 1028 202 MARTYHIUM
1049 173 1076 203 S.
1099 173 1299 205 MERCURII.
1804 175 1856 207 270

250 225 391 252 εἰδωλικοῦ
411 226 477 253 ναοῦ
498 227 616 261 ἐχόμενα
643 229 690 255 τοῦ
717 230 833 264 τείχους.
860 230 907 256 καὶ
922 225 955 264 ἦν
972 230 1031 255 ἐκεῖ
1048 230 1068 260 Α

1048 230 1068 260 Α
1082 229 1291 257 simulacrorum
1325 232 1453 266 templum
1471 233 1538 265 ﬁxit,
1566 232 1612 260 ubi
1629 239 1691 260 cum
1706 233 1860 260 multitudi-

249 270 465 305 διανυκτερεύων
500 272 548 299 καὶ
570 275 790 309 προσευχόμενος
813 276 861 302 σὺν
878 275 960 302 παντὶ
990 275 1029 310 τῷ

1082 282 1115 301 ne
1132 275 1158 301 in
1172 283 1268 310 preces
1296 276 1468 310 incumbens,
1483 277 1544 313 vigil
1556 278 1742 313 pemoetabat.
1759 279 1862 306 Deinde

249 316 358 350 πλήθει.
375 314 442 344 Εἶτα
458 318 604 346 ἀντίτυπον
621 321 763 356 τραπέζης
777 321 857 355 ἁγίας
871 321 1026 356 σχεδιάσας,

1081 321 1191 349 caeleste
1218 322 1387 356 convivium,
1407 328 1488 358 prout
1517 326 1617 359 potuit,
1652 331 1861 360 repraesentans,

247 362 284 394 ὡς
294 360 352 398 εἶχε
367 363 413 390 τὸν
423 365 514 397 τίμιον
527 367 615 392 ἐκεῖσε
628 367 745 402 σταυρὸν
759 368 865 403 ἁνυψοτ.
888 369 944 395 Καὶ
959 368 1029 394 οὓτω

1080 367 1264 394 venerandam
1279 367 1336 394 illic
1360 375 1471 395 crucem
1497 368 1595 396 erexit.
1621 368 1713 404 Itaque
1730 370 1862 398 dmmoni-

247 410 309 440 ταῖς
330 411 398 445 πρὸς
414 411 481 438 Θεὸν
497 415 667 448 προσευχαῖς
688 414 750 446 τοὺς
769 414 810 449 τῷ
825 415 960 450 είδωλικῲ
972 415 1029 450 ναῷ

1080 413 1143 445 bus,
1157 413 1203 447 qui
1219 413 1431 440 simulacrorum
1461 413 1562 448 templo
1590 414 1783 448 praesidebant,
1809 417 1863 451 piil

246 455 442 490 ἐφεδρεύοντας
457 457 589 493 δαίμονας
605 458 747 492 ἐξελάσας,
767 460 961 495 ἀνῳκοδόμησε
981 461 1028 488 καὶ

1079 466 1142 493 erga
1158 458 1244 485 Deum
1275 458 1405 493 precibus
1425 457 1587 493 proﬂigatis,
1615 458 1745 493 templum
1769 460 1863 488 readi-

246 502 450 538 περιεκὸσμησε
485 505 531 530 τὸν
561 505 638 537 ναὸν,
672 507 717 532 καὶ
746 506 832 541 ὄνομα
859 506 932 541 αὑτῴ
973 507 1028 534 τῶν

1080 503 1183 536 ﬁcavit,
1198 511 1230 531 ac
1242 503 1370 538 plurimis
1387 503 1559 531 ornamentis
1569 503 1709 535 decoram,
1721 505 1746 531 ei
1776 505 1863 532 maxi-

247 546 385 580 μεγίστων
400 549 447 575 καὶ
465 550 622 585 κορυφαίων
646 551 782 586 ἐπέθηκεν
800 553 959 579 ἀποστόλων
971 574 978 585 ,
1000 554 1028 580 ὲν

1079 559 1186 578 morum
1198 558 1229 578 ac
1241 551 1396 586 principum
1406 551 1594 586 apostolorum
1610 558 1711 578 nomen
1743 551 1841 579 indidit
1855 561 1862 584 ;

244 589 268 624 ᾧ
282 592 330 618 καὶ
339 594 387 625 τὰς
401 597 535 630 μυστικὰς
556 597 678 624 ἐπετέλει
693 597 828 633 λατρείας,
845 599 892 624 καὶ
905 599 1028 633 γλῶτταν

1078 601 1106 624 ct
1119 597 1146 623 in
1160 605 1214 632 quo
1229 597 1343 632 mystica
1359 597 1494 625 sacriﬁcia
1508 597 1655 629 oﬁerebat,
1690 596 1807 632 linguam
1825 597 1863 624 si-

245 637 304 672 ἄμα
323 641 370 666 καὶ
387 642 466 677 χεῖρα
481 642 609 678 ὃαψηλῶς
627 644 754 679 ἀνοίγων,
770 645 816 671 καὶ
833 644 921 676 διδοὺς
945 645 1027 680 ἄρτον

1079 643 1135 670 mul
1153 647 1182 670 et
1209 651 1318 670 manum
1333 643 1444 678 opipare
1458 644 1595 678 aperiens,
1621 643 1801 678 pnebensque
1815 651 1863 678 pa-

244 684 290 710 τὸν
306 686 356 717 τὰς
379 687 495 722 καρδίας
519 689 683 724 στηρίζοντα
709 690 757 717 καὶ
778 690 901 724 ἀγγέλων
920 691 1028 726 άληθῶς

1078 696 1152 719 nem,
1169 697 1223 723 quo
1239 688 1322 716 corda
1343 688 1526 722 reﬁciuntur;
1550 697 1661 724 panem,
1676 689 1800 724 inquam,
1815 689 1862 723 qui

244 729 327 764 ἄρτον
352 731 417 758 ὄντα
437 741 466 759 τε
491 734 538 760 καὶ
561 735 765 769 ὀνομαζόμενον
786 737 833 762 καὶ
858 736 912 762 τῶν
938 736 1027 772 ψυχὰς

1079 741 1108 760 re
1127 734 1208 760 simul
1221 738 1248 761 ct
1260 734 1371 761 nomine
1393 735 1553 769 angelorum
1563 734 1675 766 dicitur,
1689 741 1787 769 panem
1800 741 1863 761 esu-

247 775 403 804 πεινώντων
438 779 619 813 ὲμπιπὶῶντα
642 781 687 806 καὶ
706 780 741 807 δι’
765 782 927 817 ἀμφοτέρων
944 783 1026 816 θερα-

1079 781 1182 807 rientes
1211 780 1316 808 animas
1332 784 1514 814 saturantem,
1530 781 1660 816 utrinque
1673 779 1768 808 mundi
1780 780 1861 808 Crea-

245 820 337 847 πεύων
353 822 399 849 τὸν
414 824 561 851 κτίσαντα.

549 844 561 851 η.
1080 830 1167 853 torem
1180 827 1371 853 venerabatur.

284 866 329 892 'Ev
345 867 451 900 τούτοις
465 870 549 896 αὑτοῦ
562 871 762 905 διαπρέποντος
772 874 819 899 καὶ
830 874 912 900 καλοῦ
927 875 1026 907 παντὸς
1044 901 1062 907 _

1044 901 1062 907 _
1114 870 1143 897 ln
1162 871 1204 898 his
1231 876 1323 899 autem
1339 871 1385 899 ille
1416 870 1555 904 honestis}
1571 870 1694 899 moribus
1722 877 1754 899 ac
1785 876 1860 899 recte

242 909 297 938 οἷον
313 913 466 948 ἀρχέτυπον
494 917 540 941 τὸν
554 901 651 942 ἑαυτοῦ
669 901 862 952 προστιθέντος
885 919 942 954 βίον
959 901 1026 946 01:0:
1042 901 1063 928 Β

1042 901 1063 928 Β
1078 916 1156 943 factis
1167 924 1358 951 perseverans,
1374 917 1457 944 vitam
1489 924 1568 945 suam
1595 917 1689 944 decOri
1706 923 1738 944 ac
1752 916 1859 944 honesti

244 958 327 993 μονῆς
340 967 371 984 τε
391 960 437 985 καὶ
454 961 648 996 μακροθυμίας
675 964 762 998 μέτρα
779 964 966 997 διδάσκοντος,
987 965 1026 992 In

1076 966 1205 996 tanquam
1233 962 1372 997 exemplar
1395 962 1540 994 exhibens,
1567 963 1689 990 lenitatis
1718 962 1802 990 animi
1829 970 1860 989 ac

241 1003 270 1029 δὲ
301 1006 348 1031 καὶ
371 1007 532 1041 πειρασμῶν
555 1007 603 1034 καὶ
623 1010 773 1043 καρτερίας
790 1010 828 1045 τῷ
843 1011 903 1037 καθ’
932 1011 1027 1038 ἑαυτὸν

1076 1007 1225 1042 patientiae,
1241 1008 1311 1035 addo
1323 1008 1406 1035 etiam
1439 1009 1466 1035 in
1478 1008 1602 1036 adversis
1630 1009 1796 1039 tolerantiae,
1809 1016 1860 1036 suo

243 1051 434 1085 ὑποδείγματι,
447 1052 476 1078 ὲν
490 1053 556 1079 πᾶσι
571 1054 662 1085 καλοῖς
671 1055 829 1082 κατακλείει
842 1056 888 1083 τὸν
902 1056 959 1091 βίον
978 1058 1026 1084 καὶ

1075 1053 1161 1088 ipsius
1177 1053 1345 1081 documento
1357 1054 1445 1089 legem
1474 1054 1604 1081 omnibus
1626 1055 1733 1081 indixit.
1760 1054 1859 1089 Sicque

243 1097 312 1130 πρὸς
324 1096 370 1122 τὸν
388 1097 558 1131 ποθούμενον
586 1098 704 1133 Χριστὸν
732 1100 854 1135 ὲκδημεϊ,
881 1099 904 1135 ᾧ
924 1101 1024 1136 πρέπει

1075 1098 1172 1126 dicbus
1185 1106 1218 1126 ac
1240 1099 1388 1126 virtutibus
1409 1104 1516 1131 auctus,
1534 1100 1640 1127 mortali
1660 1100 1717 1127 vita
1748 1100 1860 1134 perfun-

249 1142 330 1176 τιμὴ,
341 1141 414 1174 δόξα,
429 1143 600 1178 μεγαλοσύνη
614 1151 644 1170 τε
666 1144 713 1171 καὶ
733 1145 956 1180 μεγαλοπρέπεια
975 1146 1023 1173 νῦν

1076 1148 1148 1176 ctus,
1163 1144 1196 1171 ad
1210 1143 1412 1178 optatissimum
1425 1144 1565 1171 Christum
1591 1144 1738 1179 emigravit
1754 1152 1760 1170 :
1776 1152 1858 1179 quem

244 1188 292 1214 καὶ
311 1189 354 1220 εἰς
368 1188 431 1221 τοὺς
450 1189 552 1221 αἰῶνας
567 1189 623 1216 τῶν
633 1190 749 1217 αίώνων.
768 1191 864 1226 Ἀμήν.

1076 1188 1156 1216 decet
1169 1189 1267 1221 honor,
1274 1189 1372 1225 gloria,
1385 1190 1545 1224 majestaset
1554 1189 1766 1224 magniﬁcentia,
1786 1197 1859 1218 nunc

1075 1239 1103 1261 et
1117 1234 1145 1262 in
1158 1235 1257 1262 saecula
1267 1234 1439 1262 saeculorum.
1452 1235 1550 1263 Amen.

1033 1320 1827 1332 ..δ-η-εοοῌ--ῌ-η

860 1405 1246 1463 CERTAMEN

299 1590 302 1605 .
454 1525 532 1602 S.
594 1526 1090 1605 MARTYRIS
1147 1529 1636 1607 MERCURII.

513 1662 567 1694 (Ap.
585 1663 684 1689 Snrium
699 1666 727 1689 ad
741 1666 805 1690 diem
818 1665 849 1689 ‘25
859 1666 1018 1694 Novembris;
1031 1668 1114 1690 textus
1128 1667 1226 1692 Gra‘cns
1238 1675 1285 1692 non
1300 1672 1378 1693 exstat
1392 1670 1415 1693 in
1426 1677 1473 1693 mss
1496 1669 1562 1693 l‘at‘is
1577 1674 1582 1698 θ

274 1818 294 1844 l.
316 1818 471 1853 imperante
489 1819 535 1846 illo
555 1823 678 1853 tempore
694 1818 775 1846 Decio
789 1825 817 1846 ct
831 1819 972 1847 Valeriano
990 1820 1017 1847 in
1032 1826 1053 1854 (ζ
1068 1821 1115 1856 μή
1133 1823 1159 1848 in
1173 1822 1292 1854 vincula,
1311 1822 1410 1850 deinde
1427 1824 1512 1851 variis
1536 1825 1680 1852 tormentis
1701 1825 1812 1860 subjici,
1826 1830 1854 1852 et

237 1871 332 1898 magna
351 1863 418 1891 urbe
436 1864 521 1891 [tertia
535 1864 554 1891 ii
569 1864 708 1892 communi
721 1864 833 1892 decreto
848 1869 1017 1896 statuerunt,
1070 1866 1092 1893 si
1107 1866 1147 1893 sic
1162 1867 1273 1901 quidem
1299 1867 1382 1895 fuerit
1399 1876 1557 1903 persuasus,
1583 1877 1638 1897 non
1655 1870 1729 1897 leves
1744 1878 1758 1898 a
1775 1871 1853 1898 nobis

239 1913 265 1935 ut
280 1916 374 1937 onmes
393 1910 581 1937 sacrificarent
595 1915 623 1937 et
642 1909 695 1937 diis
716 1910 843 1938 libarent.
862 1910 1018 1938 Convocato
1070 1912 1189 1940 honores
1213 1918 1405 1948 consequetur.
1439 1914 1487 1942 Sin
1521 1920 1612 1943 autem
1645 1916 1852 1947 contradixerit.

236 1961 301 1989 ergo
329 1959 385 1981 toto
407 1959 515 1988 senatu,
538 1956 564 1983 ei
582 1961 776 1990 exposuerunt.
795 1963 856 1990 quae
879 1956 1018 1982 communi
1070 1964 1132 1993 post
1147 1960 1231 1988 multa
1246 1966 1390 1995 tormenta,
1408 1970 1473 1990 ense
1496 1963 1601 1991 subibit
1613 1964 1790 1998 supplicium,
1805 1968 1853 1990 aut

236 2008 371 2027 consensu
399 2008 414 2028 a
436 2009 464 2028 se
482 2001 590 2028 decreta
615 2002 743 2029 fuerant:
758 2006 785 2028 et
799 2009 861 2028 cum
877 2009 925 2028 eos
940 2001 1018 2028 inve-
1070 2004 1098 2038 in
1115 2007 1198 2033 maris
1207 2006 1372 2040 profundum
1383 2008 1512 2041 jacietur.
1528 2013 1576 2036 aut
1590 2009 1688 2036 avibus
1699 2015 1724 2035 et
1736 2009 1851 2036 canibus

235 2046 342 2072 nissent
358 2053 414 2072 suae
432 2046 558 2073 assentiri
572 2046 722 2078 sententiae,
739 2052 834 2080 magna
850 2044 939 2071 aﬁ'ecti
955 2048 1020 2071 sunt
1070 2050 1179 2078 dabitur
1197 2052 1388 2080 devorandum
1405 2054 1541 2089 ρηηείρυε
1561 2062 1627 2081 νει-ο
1641 2055 1663 2081 εί
1681 2054 1784 2081 fuerim
1810 2054 1853 2081 in".

235 2090 338 2117 Ιίυιίίίδ·
356 2090 452 2117 διδιίῖη
473 2098 538 2126 8³⁸30
559 2090 658 2117 “ueris
677 2089 860 2124 ίωρθτὲιοτίίε
876 2097 937 2116 cum
951 2089 1018 2116 5Ub'
1070 2097 1144 2124 venti
1160 2097 1243 2132 aliqui
1258 2105 1291 2125 ex
1309 2099 1439 2134 religione
1453 2099 1682 2127 Christianorum.
1696 2099 1747 2132 Qui
1760 2105 1851 2126 autem

238 2135 386 2169 scriptione
400 2139 522 2168 senatus,
536 2136 678 2170 jusserunt
691 2143 723 2162 ea
742 2136 852 2170 exponi,
868 2143 929 2170 qua:
945 2143 1019 2164 com-
1070 2140 1169 2169 divinis
1184 2143 1286 2170 nostris
1299 2143 1417 2171 decretis
1432 2144 1596 2174 obedierint.
1615 2145 1746 2172 maximos
1764 2144 1852 2172 bono-

237 2182 358 2210 muniter
379 2183 419 2210 eis
432 2183 490 2210 visa
513 2183 622 2210 fuerant
639 2188 667 2210 et
685 2183 801 2219 proponi
824 2184 849 2210 in
873 2183 1017 2218 Capitolio,
1071 2194 1113 2214 res
1127 2192 1155 2214 et
1171 2188 1242 2215 dona
1258 2194 1472 2223 consequentur.
1486 2189 1579 2217 Valete
1592 2189 1760 2217 feliciSsime.

235 2235 351 2263 quarum
371 2229 423 2256 hoc
437 2233 479 2256 est
492 2229 668 2264 exemplum:
1104 2233 1136 2260 ll.
1157 2234 1301 2269 Proposito
1319 2242 1384 2270 ergo
1409 2235 1500 2263 edicto
1527 2236 1713 2271 imperatorio,
1741 2241 1854 2264 contur-

269 2275 454 2310 lmperatores
485 2275 708 2310 triumphatores,
735 2275 864 2308 viclorcS,
891 2276 1016 2310 Augusti.
1070 2279 1132 2307 bata
1148 2279 1199 2308 fuit
1218 2284 1274 2308 tota
1286 2281 1394 2315 civitas,
1416 2283 1488 2317 quod
1506 2283 1532 2310 in
1551 2287 1606 2310 tota
1630 2284 1740 2311 civitate
1756 2284 1852 2311 fuisset

234 2321 272 2356 pii
295 2321 393 2349 Decius
409 2326 437 2349 et
459 2321 620 2348 Valerianus
641 2321 723 2348 simul
748 2329 809 2348 cum
838 2326 933 2348 senatu
961 2322 1017 2349 haec
1068 2326 1236 2360 propositum
1249 2327 1363 2362 impium
1379 2328 1432 2356 hoc
1443 2329 1795 2358 edictum.Acciditantcin
1811 2335 1850 2360 ut.

234 2368 372 2394 communi
388 2368 502 2395 consilio
517 2376 524 2394 :
541 2369 607 2394 Cum
631 2367 746 2394 deorum
764 2367 897 2395 beneﬁcia
911 2372 937 2395 cl
955 2376 1014 2395 mu-
1068 2379 1129 2398 cum
1147 2372 1192 2399 illo
1207 2377 1329 2408 tempore
1343 2374 1444 2401 bellum
1457 2374 1552 2402 fuisset
1567 2383 1582 2402 a
1601 2375 1729 2402 Barbaris
1746 2380 1850 2402 motum

234 2421 301 2440 nera
313 2414 498 2444 didicerimus,
511 2417 538 2440 ct
550 2413 631 2440 simul
646 2414 728 2440 etiam
743 2413 868 2440 fruamur
891 2414 1015 2446 victoria,
1068 2417 1199 2446 adversus
1228 2419 1375 2452 Romanos,
1401 2426 1529 2454 ρει-πεηι
1561 2421 1739 2455 imperatores
1771 2428 1850 2447 suum

233 2467 294 2494 qum
316 2460 396 2487 nobis
416 2460 450 2487 ab
468 2460 534 2495 ipsis
556 2460 618 2487 data
643 2465 685 2487 est
709 2460 842 2487 adversus
868 2459 1013 2487 inimicos:
1032 2498 1046 2501 Α
1067 2465 1230 2496 exercitum,
1256 2469 1286 2491 ut
1309 2465 1368 2492 acie
1387 2473 1449 2493 cum
1465 2466 1508 2493 eis
1522 2465 1848 2501 conﬁigerent,juLenlcs

233 2506 301 2541 quin
314 2507 396 2534 etiam
412 2507 485 2535 aeris
503 2507 709 2542 temperatione.
725 2511 752 2534 et
764 2515 844 2534 omne
859 2514 945 2542 genus
958 2507 1014 2534 fru-
1032 2498 1053 2526 υ
1068 2511 1189 2537 numeris
1205 2510 1331 2542 militum,
1346 2511 1392 2545 qui
1408 2515 1488 2538 erant
1504 2511 1531 2538 in
1543 2498 1670 2538 omnibus
1680 2498 1848 2541 ciritntibus,

233 2558 327 2580 ctuum
342 2552 517 2580 abundantia.
534 2554 601 2580 Cum
615 2561 662 2581 eos
676 2561 741 2589 ergo
758 2553 939 2581 didicerimus
953 2560 1014 2581 esse
1064 2560 1093 2583 ut
1108 2556 1267 2583 venirentin
1284 2557 1425 2584 auxilium.
1442 2557 1479 2583 Ex
1496 2557 1529 2584 iis
1544 2561 1646 2588 autem,
1668 2556 1714 2590 qui
1731 2556 1766 2582 ab
1781 2563 1848 2583 una-

234 2600 423 2627 benefactores
437 2603 465 2627 et
479 2607 511 2626 ea
538 2600 711 2634 suppeditare
727 2608 786 2635 quae
807 2604 872 2627 sunt
887 2600 914 2626 in
937 2606 1014 2626 com-
1063 2608 1172 2636 quaque
1185 2602 1296 2629 civitate
1315 2605 1342 2629 et
1360 2602 1470 2636 regione
1485 2601 1633 2628 veniebant
1646 2600 1681 2627 ad
1702 2601 1774 2627 hunc
1788 2601 1849 2628 bel.i

233 2654 314 2673 mune
331 2645 406 2672 utilia
422 2654 429 2672 :
445 2652 476 2672 ea
489 2645 522 2672 de
537 2653 619 2680 causa
633 2653 689 2673 uno
703 2646 814 2674 decreto
828 2646 1013 2678 decernimus,
1064 2652 1234 2682 apparatum.
1247 2647 1322 2674 venit
1334 2647 1416 2674 etiam
1428 2647 1500 2682 legio
1514 2653 1610 2673 eorum
1623 2646 1669 2680 qui
1685 2645 1847 2672 dicebantur
1868 2654 1874 2665 '-

234 2697 264 2720 ut
277 2692 368 2719 omnis
381 2691 503 2718 conditio
518 2691 667 2718 liberorum
685 2697 713 2719 et
726 2699 879 2724 servorum,
895 2691 1013 2718 militum
1063 2692 1213 2720 Martenscs
1232 2693 1282 2728 iul.
1299 2691 1465 2728 Fretenses].
1483 2692 1530 2727 qui
1553 2697 1616 2719 sunt
1632 2691 1683 2718 sub
1695 2691 1782 2726 prima
1798 2692 1850 2719 Ar-

232 2742 261 2765 et
287 2739 463 2772 privatorum,
488 2737 542 2764 diis
566 2737 703 2772 expiantia
734 2738 850 2765 oﬁerant
873 2737 1016 2770 sacriﬁcia,
1066 2738 1168 2768 mcnia,
1185 2737 1236 2764 sub
1253 2738 1365 2764 tribuno
1381 2737 1490 2764 nomine
1506 2736 1665 2764 Saturnino.
1684 2736 1850 2771 Egrediente

233 2783 406 2818 procidentcs
419 2788 446 2810 et
465 2783 661 2818 supplicantes.
679 2783 706 2810 Si
720 2784 781 2818 quis
795 2788 885 2810 autem
900 2783 1018 2810 voluerit
1067 2789 1158 2810 autem
1175 2783 1208 2809 ad
1222 2783 1324 2809 bellum
1338 2782 1429 2812 Decio,
1442 2781 1558 2816 degebat
1571 2781 1663 2809 Romae
1678 2781 1848 2809 Valerianus.

234 2829 356 2856 divinum
383 2834 507 2857 nostrum
530 2831 635 2865 jnssum
662 2830 774 2860 violare,
806 2831 852 2864 qui
878 2830 1015 2857 communi
1066 2828 1219 2856 Commisso
1236 2836 1302 2855 vero
1317 2828 1389 2855 inter
1403 2829 1541 2855 Romanos
1558 2831 1586 2854 et
1598 2827 1732 2854 Barbaros
1746 2827 1850 2862 pnelio.

234 2875 368 2902 sententia
386 2880 427 2902 est
440 2884 455 2903 a
469 2875 548 2903 nobis
565 2876 714 2911 expositus,
730 2883 791 2902 cum
807 2876 934 2911 jnbemus
949 2883 1017 2903 con-
1068 2875 1177 2902 dunuit
1194 2874 1336 2902 conﬂictus
1360 2875 1440 2909 longo
1466 2878 1597 2909 tempore.
1624 2872 1851 2901 Pcrmanentibus
