2082 3153
210 170 259 201 271

823 169 964 200 MENSIS
982 169 1111 200 NOVEM
1118 169 1202 199 BER.

1776 169 1831 200 272

210 232 299 256 autem
318 226 393 253 iisin
417 226 461 252 illa
479 227 681 259 congressione,
701 226 828 260 apparuit
850 226 919 254 visio
934 226 1030 256 θυι-Α
1043 233 1124 252 suum
1152 224 1320 260 praetorium.
1347 224 1463 257 Quidam
1491 229 1583 252 autem
1611 233 1643 252 ex
1672 226 1833 259 proceribus

211 273 271 299 dam
285 279 318 298 ex
340 272 445 306 legione
466 271 653 305 Martensium,
678 272 726 306 qui
751 275 815 298 sunt
837 271 888 298 sub
907 272 993 306 prima

213 319 354 350 Armenia,
372 318 483 345 nomine
497 317 649 351 Mercurio;
664 318 800 353 apparuit,
816 317 936 352 inquam,
951 317 993 344 vir

211 364 321 398 quidam
339 363 456 398 ingentis
468 363 676 398 magnitudinis,
699 363 812 390 indutus
826 362 895 390 albis
912 364 994 390 vesti-

209 410 271 441 bus,
293 409 319 436 in
335 409 449 437 dextera
457 417 538 437 manu
553 415 649 437 tenens
661 409 857 444 rhomphazam,
874 413 901 436 et
913 409 938 436 ei
954 409 995 436 di-

209 463 293 482 cens:
313 455 351 482 Ne
365 456 472 489 timeas,
492 463 527 483 ne
543 455 691 488 formides;
708 463 768 483 sum
793 455 865 482 enim
883 455 993 487 missus,

210 506 241 528 ut
256 502 305 529 tibi
320 510 399 537 opem
414 503 508 535 feram,
523 507 549 530 et
563 508 588 529 te
604 502 715 529 reddam
738 502 880 529 victorem.
896 500 995 535 Accipe

209 556 276 584 ergo
290 549 361 576 hanc
369 548 717 584 rhomphaam,etirruein
731 548 882 579 Barbaros;
894 552 994 575 etcum

209 596 322 628 viceris,
338 603 372 623 ne
387 595 557 623 obliviscaris
573 595 678 623 Domini
692 595 740 622 Dei
765 595 815 622 lui.
829 595 877 622 llle
892 598 994 627 autem,

209 648 237 669 ut
253 643 299 676 qui
321 650 335 669 a
351 649 380 669 se
399 642 580 674 discessisset,
595 641 767 669 existimabat
786 649 846 668 esse
863 649 946 668 unum
961 648 995 667 ex

209 689 383 724 principibus
404 688 586 724 imperatoris.
603 688 689 721 Quam
705 695 767 715 cum
789 688 950 722 accepisset,
967 691 995 714 et

210 741 239 761 se
264 734 414 766 incitasset,
442 733 573 767 impetum
600 732 666 760 fecit
685 733 712 759 in
734 732 881 763 Barbaros,
906 732 995 766 iisque

209 779 314 810 fractis,
332 785 429 805 eorum
446 785 537 811 regem
553 777 665 810 occidit,
681 782 710 805 et
721 778 821 805 multos
832 777 911 809 alios,
927 777 995 804 adeo

211 829 240 850 ut
255 823 392 850 defessum
407 828 479 850 esset
494 823 519 850 ei
534 823 688 856 brachium,
704 827 732 850 et
742 831 776 850 ex
793 824 924 858 sanguine
936 823 996 858 ejus

211 869 302 896 manui
322 869 474 896 adhaereret
491 869 659 904 rhomphtca.
690 868 790 904 Sicque
808 868 861 896 fusi
870 873 897 896 et
911 868 994 903 fugati

211 921 274 943 sunt
288 915 398 942 Barbari
414 915 587 942 avitomanis.

246 961 291 988 III.
311 961 388 987 ’func
402 960 514 993 Decius,
534 968 596 987 cum
610 960 768 989 rescivissct
781 960 917 995 singulare
938 960 997 994 ejus

211 1011 361 1038 certamen.
376 1014 438 1033 eum
457 1007 619 1034 accersitum
634 1006 746 1034 donavit
760 1006 891 1042 dignitate
902 1006 999 1034 ducto-

211 1051 248 1078 ris
269 1052 415 1083 exercitus,
441 1051 612 1078 constituens
637 1056 667 1078 ut
687 1056 818 1086 prmesset
844 1050 952 1084 castris,
970 1054 998 1078 et

210 1097 360 1125 arbitratus
382 1097 480 1124 Decius
503 1105 532 1125 se
554 1097 668 1124 deorum
691 1097 864 1132 providentia
886 1104 902 1123 a
926 1095 998 1122 bello

209 1144 295 1170 fuisse
325 1143 505 1178 superiorem,
523 1143 601 1170 valde
625 1143 785 1175 laetabatur;
802 1147 905 1170 etcum
926 1141 998 1168 mili-

212 1189 286 1215 tibus
311 1188 427 1215 multum
461 1192 601 1223 erogasset
616 1188 750 1223 pecuniae,
775 1193 998 1222 unumquemque

211 1233 286 1261 misit
300 1234 328 1261 in
340 1234 430 1261 locum
441 1241 521 1261 suum
535 1242 541 1260 :
558 1233 616 1268 ipse
629 1237 720 1260 autem
732 1233 888 1268 ingrediens
904 1239 1000 1259 unam-

209 1287 347 1315 quamque
364 1280 519 1312 civitatem,
539 1286 639 1314 magna
658 1278 776 1306 faciebat
790 1279 926 1311 con‘vivia,
945 1279 1000 1305 Ito-

210 1333 281 1352 mam
297 1324 487 1360 proficiscens.
505 1323 564 1351 Una
587 1327 679 1350 autem
694 1328 774 1350 nocte
788 1330 849 1349 cum
867 1322 1000 1349 dormiret

209 1371 265 1397 dux
278 1371 428 1402 exercitus,
445 1370 478 1396 ad
491 1377 556 1396 eum
569 1369 676 1396 accedit
688 1369 800 1403 angelus
814 1368 841 1395 in
858 1368 956 1403 prima,
972 1367 1000 1395 in

210 1424 264 1451 qua
280 1419 455 1450 apparuerat,
471 1414 558 1449 ﬁgura
572 1423 579 1442 :
595 1420 623 1441 et
633 1418 736 1449 puncto
751 1414 812 1449 ejus
826 1414 922 1446 latere,
936 1420 999 1441 eum

211 1461 353 1488 excitavit.
370 1461 417 1488 Ille
432 1467 507 1492 vero,
534 1467 596 1487 cum
611 1468 674 1488 eum
686 1460 809 1492 vidisset,
823 1459 919 1486 timore
933 1458 1000 1486 alle-

211 1512 282 1539 ctus,
310 1506 410 1533 mansit
432 1511 536 1533 mntus.
564 1506 635 1533 Dicit
659 1506 684 1533 ei
710 1505 842 1540 angelus:
871 1504 998 1537 Mercuri,

213 1558 350 1580 memento
366 1552 432 1588 quid
458 1552 508 1580 tibi
537 1552 653 1580 dixerim
682 1552 710 1579 in
737 1551 865 1579 conﬂictu
890 1551 996 1586 praelii:
1013 1567 1036 1598 ο

213 1599 281 1627 Vide
303 1607 337 1626 ne
355 1599 525 1627 obliviscaris
542 1599 649 1626 Domini
664 1598 712 1626 Dei
729 1598 777 1626 tui.
797 1597 910 1633 Oportet
924 1598 997 1624 enim

212 1654 237 1674 te
256 1654 303 1680 pro
320 1646 379 1680 ipso
403 1651 510 1673 certare
534 1645 666 1681 legitime,
690 1649 718 1672 et
734 1652 863 1672 coronam
878 1644 1000 1671 victoriae

211 1693 337 1727 accipere
355 1692 382 1718 in
396 1692 515 1727 glorioso
539 1699 624 1726 regno
647 1698 711 1718 cum
734 1691 836 1718 sanctis
859 1691 998 1718 omnibus.

212 1738 276 1765 IIa-c
292 1744 354 1765 cum
369 1736 491 1770 dixisset,
507 1737 618 1764 evanuit
629 1736 752 1771 angelus.
764 1736 812 1763 Ille
822 1740 924 1769 autem,
937 1743 999 1763 cum

215 1784 248 1810 ad
267 1791 297 1811 se
331 1783 460 1810 rediisset
480 1787 508 1810 et
524 1787 596 1810 esset
611 1782 782 1816 recordatus,
799 1783 854 1809 Deo
868 1782 923 1817 egit
937 1790 999 1817 gra-

216 1828 275 1856 tias.
298 1828 407 1855 Sciebat
429 1828 501 1856 enint
524 1836 539 1855 a
560 1828 711 1863 majoribus
726 1827 807 1855 ﬁdem
829 1827 1001 1855 Christiano-

215 1883 287 1902 rum.
304 1874 371 1901 Nam
385 1878 462 1909 pater
475 1874 535 1909 ejus
554 1874 718 1907 Gordianus,
734 1882 796 1901 cum
818 1879 891 1902 esset
906 1874 999 1909 primi-

213 1921 379 1955 ceriusvejus
394 1920 519 1956 legionis,
534 1928 605 1956 stepe
624 1920 750 1948 dicebat:
768 1920 868 1948 Beatus
881 1925 931 1952 est,
955 1920 999 1955 qui

216 1966 282 2001 Regi
299 1966 406 1993 cmlesti
425 1966 540 2000 militat;
557 1966 583 1994 ei
600 1966 673 1993 enim
693 1965 777 1994 donat
791 1974 903 2001 regnum
915 1967 999 1994 catio-

216 2020 287 2039 rum.
305 2012 351 2039 Ille
367 2011 440 2039 enim
456 2012 513 2039 Rex
525 2012 612 2039 verbo
626 2012 718 2038 omnia
732 2016 773 2039 est
787 2011 935 2039 fabricatus
949 2021 956 2039 :
970 2016 999 2039 et

213 2058 260 2085 ille
278 2062 331 2090 est,
354 2057 400 2092 qui
420 2062 461 2084 est
485 2058 562 2085 vivos
580 2062 607 2085 et
628 2062 752 2085 mortuos
771 2058 957 2093 judicaturus,
972 2062 1000 2086 et

214 2103 364 2138 unicuique
385 2103 544 2130 redditurus
562 2103 712 2130 secundum
730 2111 778 2130 sua
797 2111 879 2138 opera
893 2104 912 2130 ι.
930 2103 999 2131 Cum

211 2149 245 2176 ad
268 2157 297 2176 se
323 2157 388 2184 ergo
415 2149 552 2181 rediisset,
577 2154 604 2176 et
627 2149 714 2184 patris
736 2149 884 2184 verborum
904 2149 1000 2176 memi-

213 2197 310 2227 nisset,
328 2200 355 2222 et
379 2195 580 2222 considerasset
598 2195 742 2226 visionem.
761 2203 822 2230 quae
844 2195 896 2222 sibi
915 2203 1000 2230 appa-

1044 279 1107 298 cum
1119 275 1230 298 accusat
1240 270 1313 305 apud
1326 270 1528 305 imperatorem,
1545 272 1657 298 dicens:
1674 271 1720 298 P.e
1737 272 1832 298 trium-

1045 317 1143 352 phator
1167 321 1196 344 et
1217 317 1315 348 victor,
1332 324 1346 343 a
1363 316 1417 344 diis
1442 317 1567 352 probate.
1595 321 1624 344 ut
1653 316 1831 344 adniinistres

1045 362 1203 396 imperium,
1217 361 1329 396 dignare
1341 360 1447 396 placide
1462 369 1504 388 me
1520 362 1625 389 audire.
1642 362 1692 395 Qui
1711 369 1726 389 a
1740 368 1831 389 vestra

1046 407 1222 442 itnperatoria
1242 412 1284 435 est
1309 407 1459 435 honoratus
1479 408 1600 440 dextera,
1624 414 1652 436 et
1677 408 1722 435 cui
1745 409 1831 443 gloria

1046 453 1099 480 fuit
1111 453 1213 481 tributa
1230 462 1244 480 a
1259 458 1350 481 vestro
1363 454 1488 488 imperio,
1501 453 1574 488 quod
1589 462 1632 481 res
1645 454 1831 481 Romanorum

1047 499 1152 532 placide
1169 505 1197 526 et
1220 499 1366 533 tranquille
1384 498 1566 531 administrat,
1589 499 1612 525 is
1635 506 1691 526 non
1707 499 1759 525 fuit
1785 507 1834 526 no-

1046 543 1150 571 biscum
1160 544 1186 571 in
1196 544 1296 579 templo
1305 551 1407 578 magna:
1415 543 1515 575 Dianae,
1523 544 1684 571 sacriﬁcium
1692 543 1835 571 oblaturus

1046 596 1096 623 pro
1115 596 1205 616 vestra
1217 589 1348 623 potentia.
1366 588 1439 615 Dixit
1454 589 1604 623 imperator
1619 597 1625 616 :
1638 588 1704 622 Quis
1719 588 1764 615 hic
1773 588 1834 615 est?

1047 635 1120 662 Dixit
1134 635 1247 662 Catulus
1271 635 1445 662 consularis:
1466 635 1622 663 Mercurius
1643 643 1724 670 quem
1743 635 1835 669 magni

1047 681 1152 708 fecistis
1175 686 1202 708 et
1217 681 1336 708 ornastis
1362 681 1479 708 diversis
1505 681 1696 716 dignitatibus.
1722 681 1746 708 Is
1766 681 1835 708 alios

1047 735 1156 761 quoque
1172 727 1284 758 evertit,
1306 734 1340 754 ne
1356 726 1424 754 deos
1437 728 1546 754 colant:
1562 727 1665 754 exitum
1679 731 1772 754 autem
1787 734 1836 753 ve-

1047 774 1090 801 bis
1106 774 1232 801 ostendet
1245 775 1305 809 ejus
1328 775 1362 801 ad
1386 781 1436 801 vos
1454 773 1608 808 responsio.
1625 773 1697 800 Dixit
1711 772 1809 800 Decius
1825 782 1832 799 :

1046 820 1143 854 Aliqua
1161 819 1274 847 fortasse
1290 820 1317 846 in
1329 826 1393 847 eum
1415 824 1505 846 motus
1518 819 1632 852 invidia,
1651 819 1709 846 haec
1722 819 1750 845 in
1763 825 1826 846 eum

1047 865 1156 893 locutus
1177 873 1225 898 es;
1244 865 1292 892 sed
1319 870 1345 892 te
1365 871 1420 892 non
1436 865 1557 898 audiam,
1575 864 1628 891 nisi
1651 871 1684 892 eo
1700 868 1834 899 praesente

1050 919 1113 939 vera
1139 909 1304 946 cognovero,
1337 911 1390 938 lide
1419 917 1511 938 autem
1542 910 1683 945 d2gniores
1705 910 1834 945 judicabo

1051 957 1197 984 testimonii
1211 957 1316 989 oculos,
1335 964 1416 992 quam
1431 964 1522 984 aures.
1540 956 1610 983 Tace
1633 964 1707 991 ergo,
1732 961 1758 983 et
1772 964 1850 983 cum_

1048 1010 1082 1030 eo
1097 1003 1203 1030 nullum
1217 1003 1332 1030 verbum
1350 1003 1462 1037 loquere
1474 1022 1480 1034 ,
1496 1006 1524 1030 et
1540 1002 1563 1029 si
1579 1002 1764 1030 calumniandi
1776 1003 1836 1037 qui-

1049 1048 1110 1076 dem
1127 1049 1218 1075 animo
1236 1056 1302 1075 usus
1317 1048 1344 1075 in
1356 1056 1419 1075 eum
1438 1048 1496 1076 haec
1510 1049 1623 1080 dixeris,
1640 1057 1695 1076 non
1710 1049 1769 1076 leve
1784 1049 1833 1075 da-

1049 1094 1092 1122 bis
1116 1093 1290 1129 supplicium.
1316 1093 1365 1121 Sin
1392 1099 1482 1121 autem
1506 1102 1572 1121 vera
1598 1095 1776 1129 apparuerint
1801 1103 1832 1122 ea

1049 1147 1110 1174 quae
1124 1147 1139 1166 a
1156 1144 1181 1166 te
1195 1139 1267 1166 dicta
1291 1143 1365 1171 sunt,
1380 1147 1395 1165 a
1411 1147 1454 1166 me
1475 1139 1594 1166 honores
1609 1143 1638 1166 et
1654 1140 1724 1166 dona
1739 1148 1836 1167 conse—

1049 1184 1153 1219 queris,
1169 1188 1199 1211 ut
1212 1184 1259 1218 qui
1274 1183 1436 1210 benevolum
1449 1183 1477 1210 in
1493 1183 1559 1210 deos
1570 1188 1598 1210 et
1611 1184 1638 1210 in
1652 1191 1703 1210 nos
1713 1184 1833 1210 animum

1049 1229 1213 1257 ostenderis.
1228 1229 1379 1263 Imperator
1395 1233 1487 1256 autem
1500 1229 1582 1265 jussit
1591 1237 1654 1257 eum
1666 1230 1758 1257 venire
1773 1237 1835 1257 cum

1050 1283 1094 1308 eo,
1113 1283 1168 1310 quo
1185 1283 1234 1309 par
1251 1279 1310 1302 erat
1327 1275 1442 1302 honore.

1087 1321 1119 1349 V.
1139 1321 1208 1348 Cum
1234 1321 1258 1348 is
1271 1329 1362 1349 autem
1389 1323 1559 1355 accessisset,
1583 1323 1650 1350 dixit
1666 1323 1691 1350 ei
1714 1323 1833 1350 Decius:

1050 1366 1109 1394 Non
1124 1374 1175 1402 ego
1195 1371 1219 1394 te
1235 1367 1286 1394 hac
1309 1368 1402 1395 ornavi
1419 1368 1561 1403 dignitate,
1581 1374 1607 1396 te
1630 1370 1769 1396 exercitus
1785 1369 1835 1396 du-

1051 1415 1154 1439 ctorem
1169 1413 1339 1440 constituens
1356 1421 1447 1440 coram
1465 1415 1594 1442 omnibus
1611 1415 1680 1442 meis
1705 1415 1836 1449 principi-

1050 1457 1112 1491 bus,
1128 1463 1272 1493 propterea
1287 1459 1360 1494 quod
1377 1460 1423 1487 Dei
1435 1460 1574 1487 voluntate
1586 1468 1600 1487 a
1620 1467 1645 1488 te
1661 1461 1764 1488 victum
1778 1462 1836 1488 fue-

1051 1503 1087 1531 rit
1113 1504 1236 1538 prazlium
1256 1505 1266 1531 ἶ
1291 1505 1432 1538 Quomodo
1453 1511 1555 1538 autem,
1583 1514 1672 1533 meum
1701 1506 1834 1533 honorem

1051 1548 1130 1576 nihili
1144 1549 1258 1582 ducens,
1280 1551 1410 1585 accepisti
1426 1551 1536 1578 modum
1549 1552 1695 1586 quemdam
1712 1553 1836 1588 maligni-

1053 1595 1126 1627 tatis,
1144 1600 1172 1622 et
1190 1595 1228 1622 vis
1244 1603 1320 1623 meos
1331 1596 1451 1624 honores
1467 1597 1543 1624 nihili
1560 1598 1690 1632 pendere,
1704 1599 1768 1626 deos
1780 1607 1834 1626 non

1051 1639 1178 1672 adorans,
1194 1641 1329 1676 sicutjam
1344 1642 1436 1669 audivi
1453 1642 1488 1670 ab
1502 1643 1662 1677 aliquibus?
1678 1643 1836 1671 GenerOsus

1051 1691 1141 1713 autem
1165 1687 1268 1715 Christi
1292 1688 1382 1722 miles,
1399 1697 1462 1716 cum
1486 1690 1683 1717 convenienter
1697 1691 1734 1722 ei,
1761 1692 1835 1726 quod

1052 1733 1118 1760 dicit
1133 1734 1281 1768 Apostolus
1292 1735 1314 1767 ',
1328 1740 1450 1764 veterem
1474 1737 1597 1764 exuisset
1619 1737 1757 1765 hominem
1773 1746 1835 1765 cum

1051 1782 1108 1808 suis
1123 1782 1288 1816 actionibus,
1306 1783 1395 1810 induit
1411 1791 1523 1816 novum,
1540 1785 1587 1820 qui
1603 1789 1645 1812 est
1669 1791 1776 1813 creatus
1792 1794 1836 1814 sc—

1051 1827 1172 1855 cundum
1195 1828 1280 1855 Deum
1304 1837 1355 1864 per
1373 1829 1549 1864 baptismum,
1572 1836 1600 1858 et
1624 1831 1794 1859 confidenter
1808 1833 1834 1860 ei

1052 1872 1138 1900 dixit:
1159 1874 1182 1900 Α
1196 1882 1239 1901 me
1252 1874 1316 1902 tolle
1334 1875 1408 1902 hunc
1424 1880 1502 1903 tuum
1527 1877 1670 1905 honorem.
1694 1877 1750 1913 Ego
1762 1879 1834 1905 enim

1052 1925 1117 1952 non,
1133 1923 1163 1946 ut
1187 1920 1318 1950 arbitror.
1337 1921 1370 1948 ad
1397 1921 1422 1948 id
1448 1922 1508 1949 veni
1527 1930 1559 1949 ex
1579 1923 1684 1957 debito,
1698 1925 1754 1958 qui,
1772 1924 1836 1951 Bar-

1051 1964 1131 1991 baros
1149 1965 1175 1991 in
1192 1965 1264 1992 bello
1277 1966 1390 1992 vicerim
1410 1975 1457 2001 per
1477 1967 1621 1994 Dominum
1640 1976 1730 1995 meum
1742 1969 1834 1996 Jcsum

1050 2009 1202 2037 Christum.
1228 2011 1280 2038 Sed
1299 2012 1391 2047 accipe
1405 2020 1465 2046 qua:
1490 2020 1505 2039 a
1530 2018 1565 2043 te,
1591 2019 1621 2040 ut
1645 2014 1749 2047 dixisti,
1769 2015 1835 2041 mihi

1051 2055 1112 2082 data
1127 2061 1201 2084 sunt.
1232 2067 1241 2083 ι
1257 2057 1352 2085 Nudus
1366 2058 1438 2085 enim
1465 2066 1591 2092 egressus
1615 2067 1675 2086 sum
1699 2067 1732 2087 ex
1756 2065 1835 2087 utero

1052 2103 1147 2130 matris
1163 2111 1240 2137 mete,
1255 2103 1345 2132 nudus
1357 2105 1441 2132 etiam
1459 2111 1582 2132 revertar
1605 2106 1632 2132 in
1656 2106 1732 2133 illum
1753 2114 1836 2133 mun-

1052 2148 1116 2175 dum
1129 2149 1149 2175 ³.
1165 2158 1175 2174 ι

1089 2193 1203 2222 \'I.Cum
1216 2195 1307 2230 itaque
1318 2197 1438 2224 exuisset
1446 2197 1546 2230 lenam,
1555 2197 1714 2225 etsolvisset
1728 2205 1835 2229 zonam,

213 2245 317 2273 ruerat,
337 2245 518 2275 compunctus
534 2248 551 2267 a
569 2244 670 2268 sancto
692 2240 809 2275 Spiritu,
833 2240 918 2275 cmpit
936 2248 998 2268 cum
1016 2245 1037 2274 ι)
1050 2238 1115 2273 iecit
1130 2239 1163 2265 ad
1180 2239 1263 2274 pedes
1278 2241 1461 2276 imperatoris,
1472 2243 1591 2270 clamans
1602 2247 1630 2270 et
1644 2243 1757 2269 dicens:
1771 2243 1836 2270 Sum

212 2287 339 2322 lacrymis
351 2286 474 2313 confiteri
489 2291 518 2314 et
543 2286 659 2315 dicere:
685 2287 735 2314 Ilei
761 2287 828 2313 mihi
853 2287 1001 2322 peecatori,

212 2332 286 2368 quod
301 2339 361 2359 cum
374 2339 462 2359 essem
478 2339 570 2359 ramus
581 2333 763 2367 germinanlis
779 2333 894 2365 arboris,
906 2333 1002 2360 exarui

212 2389 267 2408 non
281 2380 385 2407 habens
403 2379 522 2407 radicem
539 2379 587 2407 Dei
602 2379 775 2414 cognitionis.

247 2427 293 2454 IV.
315 2427 385 2453 Dum
407 2425 465 2460 ipse
479 2430 571 2452 autetn
588 2425 645 2452 haec
661 2425 778 2458 diceret,
793 2424 894 2452 missus
907 2428 950 2452 est
967 2424 1002 2452 ab

213 2473 379 2508 imperatore
403 2471 573 2499 silentiarius
585 2478 647 2498 cmn
667 2471 793 2506 plurimis
808 2471 880 2503 aliis,
896 2475 926 2497 ut
937 2478 1000 2498 eum

213 2522 342 2545 vocarent
361 2517 395 2545 ad
424 2519 629 2552 imperatorem.
647 2515 715 2544 Cum
741 2517 764 2544 is
787 2523 852 2543 vero
869 2523 897 2543 se
919 2523 1003 2543 excu-

212 2568 311 2596 sassnt,
327 2563 481 2598 imperator
493 2562 601 2590 distulit
614 2562 772 2589 concilium.
788 2561 836 2590 Die
852 2566 943 2589 autem
957 2568 1002 2588 se-

213 2610 307 2643 quenti
326 2617 389 2636 cum
413 2615 511 2635 rursus
525 2607 645 2635 accersit
668 2607 829 2642 imperator,
846 2611 876 2634 ut
897 2607 1003 2634 veniret

214 2662 275 2682 cum
293 2663 335 2688 ro,
352 2662 407 2689 quo
421 2661 471 2689 par
485 2659 537 2685 est,
554 2654 668 2681 honore.
681 2652 749 2680 Cum
764 2653 785 2680 is
803 2657 894 2680 autem
909 2660 1003 2680 acces-

216 2700 309 2733 :isset,
324 2700 440 2728 dimisso
459 2701 514 2735 jam
544 2701 672 2733 concilio,
693 2699 759 2726 dicit
784 2699 809 2726 ei
830 2699 998 2733 imperator:

214 2747 314 2773 I-Zauius
336 2746 416 2773 sinul
438 2746 464 2773 in
483 2746 612 2782 templum
632 2746 734 2777 Diana',
751 2749 779 2772 et
802 2744 949 2771 oderantus
972 2744 998 2771 ei

213 2791 388 2819 sacriﬁcium.
414 2793 530 2819 Sanctus
551 2799 616 2818 vero
644 2800 673 2818 sc
703 2791 868 2826 reprimens,
896 2788 944 2815 ivit
970 2789 997 2815 in

249 2891 254 2905 ¹
273 2889 350 2918 iiom.
365 2899 393 2924 i:,
411 2892 436 2918 G.

475 2892 484 2906 ’
496 2892 596 2927 lipht‘s.
609 2901 643 2924 tv,
662 2892 709 2918 Ἡ.
751 2893 760 2909 ¹
775 2891 826 2917 .l..l.-
844 2904 861 2922 ι,
878 2891 921 2916 L2|.

1051 2284 1356 2320 Christianus;audite,
1369 2295 1465 2315 omnes
1482 2297 1489 2315 :
1504 2289 1570 2316 Sum
1586 2289 1768 2316 Christianus.
1787 2290 1838 2317 De-

1051 2330 1111 2356 cius
1124 2337 1215 2357 autem
1230 2331 1313 2359 simul
1330 2337 1358 2359 et
1380 2333 1422 2360 ira
1438 2334 1515 2360 valde
1536 2334 1667 2368 percitus,
1683 2340 1710 2362 et
1727 2335 1834 2362 dicendi

1050 2375 1205 2403 libertatem
1218 2377 1380 2413 admiratus,
1391 2379 1504 2414 ejusque
1517 2381 1722 2415 pulchritudine
1736 2387 1763 2408 et
1779 2390 1836 2408 ma-

1050 2421 1193 2456 gnitudine
1220 2422 1425 2458 obstupefactus
1441 2445 1448 2457 ,
1475 2426 1558 2460 jussit
1595 2435 1658 2454 cum
1683 2428 1781 2461 conjici
1807 2427 1835 2454 in

1051 2467 1215 2500 custodiam,
1245 2469 1358 2497 dicens:
1386 2471 1436 2498 Hic
1465 2472 1547 2500 homo
1571 2481 1624 2500 non
1652 2474 1837 2501 consideravit

1051 2519 1103 2540 nec
1120 2514 1258 2542 intellexit
1275 2515 1418 2543 honorem.
1444 2517 1496 2544 Sed
1514 2519 1537 2545 si
1560 2519 1678 2546 senserit
1704 2521 1835 2554 probrum

1052 2563 1081 2585 et
1097 2559 1288 2594 ignominiam,
1307 2566 1374 2596 puto
1391 2563 1458 2595 fore,
1475 2569 1505 2590 ut
1517 2573 1579 2591 eum
1595 2565 1629 2592 ad
1649 2566 1720 2600 piam
1742 2566 1835 2592 tradu-

1053 2612 1112 2632 cam
1136 2606 1342 2641 cogitationem.
1359 2608 1427 2634 Cum
1454 2609 1476 2636 is
1491 2615 1581 2637 autem
1606 2611 1788 2639 abduceretur
1807 2613 1834 2638 in

1052 2650 1217 2683 custodiam,
1234 2651 1377 2679 laetabatur
1400 2660 1501 2690 martyr
1515 2660 1543 2682 et
1565 2656 1728 2688 exsultabat,
1747 2657 1833 2683 Deum

1052 2696 1168 2727 laudans
1181 2701 1209 2724 et
1235 2698 1348 2733 gloriam
1365 2699 1390 2726 ei
1415 2701 1547 2728 tribuens.
1573 2702 1658 2729 Nocte
1685 2708 1775 2730 autem
1792 2704 1837 2730 i'lta

1054 2742 1169 2776 angelus
1186 2743 1293 2771 Domini
1310 2745 1334 2772 ei
1348 2750 1470 2780 apparet,
1488 2748 1600 2774 dicens:
1619 2747 1746 2780 Conlide,
1765 2749 1836 2776 Mer-

1052 2789 1124 2822 curi,
1142 2795 1168 2817 et
1187 2798 1221 2818 ne
1250 2791 1363 2825 timeas;
1386 2793 1467 2820 crede
1488 2794 1514 2820 in
1532 2794 1688 2827 Dominum,
1706 2803 1787 2830 quem
1805 2803 1836 2823 es
