2082 3153
237 213 291 246 2'13

783 210 1018 244 MARTYRIUM
1038 210 1069 240 S.
1091 210 1300 243 MERCURII.

1795 217 1827 246 ΞΤ
1834 218 1850 248 ί

236 272 387 301 confessus.
403 269 464 305 Ipse
489 270 563 298 enim
590 273 682 305 potest
700 274 725 298 te
746 270 881 298 redimere
896 277 927 296 ex
943 266 1018 294 omni
1036 266 1055 294 Α
1072 266 1168 295 fuisset
1184 269 1295 303 quidem
1309 273 1421 298 tactum.
1444 270 1516 299 Dixit
1532 272 1650 300 Decius:
1679 273 1726 301 Est
1746 275 1862 301 omnino

235 318 390 345 atﬂictione.
409 316 519 344 Visione
536 321 628 343 autem
650 317 740 351 angeli
757 316 836 343 valde
851 316 902 343 fuit
919 314 1019 342 conﬁr-

236 368 338 390 malus.

274 409 330 436 Vll.
355 410 402 437 Die
420 418 485 437 vero
498 408 622 444 sequenti
637 415 698 435 cum
715 407 889 443 prtesedisset
902 406 1019 440 impera-

236 457 280 480 tor
296 454 322 480 in
341 455 481 487 tribunali,
500 456 583 490 jussit
601 462 666 482 eum
686 454 757 486 sisti,
773 458 800 480 et
826 453 893 480 dicit
907 452 951 479 ei:
971 451 1019 477 llic

239 499 327 526 honor
341 504 366 527 te
385 500 465 527 decet
493 505 605 535 propter
621 505 696 526 tuum
715 499 863 533 pessimum
885 497 1018 524 animum.

238 545 311 573 Dixit
325 551 427 581 martyr
441 555 448 573 :
468 546 509 574 Me
523 546 601 573 decet
618 545 662 572 hic
678 545 782 576 honor;
802 543 931 579 accepisti
945 543 1019 570 enim

237 598 269 618 ea
284 599 344 625 qua:
362 596 545 626 praetereunt:
565 598 613 626 pro
630 590 663 618 iis
686 594 777 617 autem
802 590 944 624 accipiam,
960 595 1021 622 qua:

237 642 400 672 permanent
422 637 449 664 in
466 642 608 665 aeternum.
625 636 695 663 Dixit
711 637 876 670 imperator:
893 635 941 661 Dic
954 633 1021 660 ntihi

237 690 323 717 genus
339 687 414 709 tuum
439 687 466 710 et
492 682 621 717 patriam.
639 682 711 709 Dixit
738 680 909 709 Mercurius:
936 679 964 707 Si
982 679 1022 706 vis

238 730 307 756 scire
328 737 412 764 genus
437 737 535 756 meum
548 735 575 756 et
601 730 729 764 patriam,
744 727 833 755 dicam
854 726 922 753 tibi:
941 726 1022 753 Pater

239 783 316 802 meus
327 775 472 802 vocabatur
484 775 647 806 Gordianus,
661 775 761 810 Scytha
785 781 904 809 genere;
924 773 1023 800 milita-

239 821 284 848 bat
311 828 377 848 vero
405 822 432 848 in
460 822 566 856 legione
596 821 784 848 Martensium.
817 820 907 847 Patria
931 824 1022 846 autem

240 873 310 897 mea,
325 867 357 894 ad
370 875 451 902 quam
467 875 592 902 propero,
605 871 647 894 est
658 866 777 894 celestis
791 865 951 896 Jerusalem,
963 871 1024 899 qua:

239 916 281 938 est
298 911 397 938 civitas
414 911 494 946 Regis
503 911 634 939 calestis.
649 908 720 938 Dixit
732 914 822 937 autem
838 909 952 936 Decius:
967 908 1024 936 Hoc

239 964 273 984 ne
288 957 397 984 nomine
411 962 521 984 vocatus
534 965 564 984 es
580 965 594 984 a
608 957 778 991 parentibus.
792 963 827 983 an
847 955 875 982 in
891 954 1013 982 exercitu

238 1002 390 1037 appellatus
407 1002 479 1029 fuisti
495 1002 664 1030 Mercurius?
683 1002 758 1029 Dixit
777 1006 881 1036 martyr
893 999 1026 1028 :‘Militiae

238 1053 255 1072 a
269 1045 379 1073 tribuno
392 1051 507 1073 vocatus
521 1054 580 1073 sum
593 1046 754 1074 Mercurius.
770 1045 843 1073 Dixit
856 1045 1004 1080 imperator
1018 1053 1024 1071 :

239 1090 296 1118 Cur
316 1099 371 1118 non
395 1091 463 1118 facis
480 1091 551 1118 sicut
571 1093 677 1127 jussum
693 1092 745 1118 iuit
767 1091 894 1118 omnibus
909 1089 1027 1117 homini-

242 1137 303 1169 bus,
319 1141 346 1164 et
364 1136 431 1164 deos
446 1136 556 1168 adoras.
581 1137 700 1171 priorem
717 1141 792 1164 tuum
807 1136 939 1163 honorem
957 1135 1028 1162 reci.

241 1182 340 1216 piens?
355 1182 477 1210 mavisne
499 1182 568 1209 mori
580 1182 607 1208 in
622 1182 784 1210 tormentis?
798 1182 846 1209 Die
858 1182 923 1213 cito,
939 1181 1028 1208 sciens

241 1231 268 1255 te
280 1235 340 1255 esse
357 1232 482 1254 vocatum
498 1232 650 1263 propterea.
676 1227 747 1254 Dixit
770 1227 941 1255 Mercurius:
957 1226 1026 1260 Ego,

242 1277 272 1300 ut
286 1273 390 1305 dixisti,
414 1274 475 1301 ideo
494 1273 566 1305 veni,
585 1277 615 1300 ut
631 1278 658 1300 te
679 1273 826 1305 vincerem,
843 1277 872 1300 et
887 1272 1027 1299 diabolum

244 1319 335 1346 omnis
349 1319 407 1346 vitii
423 1319 610 1351 inventorem;
628 1323 656 1346 et
675 1326 805 1346 coronam
823 1319 944 1346 victoria:
957 1317 1029 1345 acci-

242 1365 314 1399 piam
329 1366 363 1392 ab
377 1366 539 1400 agonothela
553 1365 617 1392 Jesu
629 1365 740 1393 Christo
752 1365 868 1392 Domino
883 1371 953 1391 meo.
967 1364 1028 1391 Noli

241 1417 307 1444 ergo
320 1410 426 1438 tardare
440 1417 490 1437 nec
502 1409 631 1437 diﬂ‘erre:
648 1409 695 1437 sed
711 1410 736 1436 in
753 1417 796 1436 me
811 1409 965 1443 imple,qute
980 1408 1029 1435 tibi

243 1455 358 1483 veniunt
379 1457 405 1483 in
431 1460 562 1483 mentem.
586 1455 678 1482 Habeo
696 1455 769 1482 enim
792 1455 903 1482 loricam
920 1453 982 1480 tidci
1001 1457 1029 1480 et

243 1501 378 1537 clypeum,
393 1509 442 1536 per
453 1509 514 1536 qua:
524 1501 630 1528 vincam
642 1508 751 1528 omnem
767 1499 952 1527 inventionem
967 1506 1027 1533 qua:

245 1547 376 1574 adversus
389 1555 431 1574 nte
444 1547 597 1582 excogitata
610 1551 638 1574 et
651 1551 723 1574 mota
740 1546 832 1573 fuerit.

279 1592 347 1622 Vill.
369 1593 445 1620 Tunc
462 1593 530 1620 dixit
545 1593 693 1628 imperator
708 1592 749 1619 ira
764 1592 880 1626 plenus:
895 1590 1028 1624 Quoniam

244 1639 313 1667 dicis
330 1643 355 1666 te
373 1639 471 1666 habere
497 1638 608 1666 loricam
625 1638 688 1666 ﬁdei
707 1642 735 1666 et
751 1637 885 1674 clypeum,
905 1637 989 1672 jubeo
1003 1642 1030 1664 te

245 1684 348 1712 nudum
364 1684 472 1712 extendi
490 1684 522 1711 ad
537 1690 656 1719 quatuor
671 1683 756 1718 palos,
771 1689 799 1710 et
815 1682 959 1710 sublimem
974 1682 1031 1709 tolli

245 1739 259 1757 a
278 1735 360 1757 terra.
375 1730 442 1756 Cum
460 1729 511 1756 hoc
529 1734 619 1757 autem
634 1729 736 1757 factum
758 1733 840 1759 esset,
860 1729 927 1755 dicit
947 1729 1033 1763 impe-

245 1780 339 1802 rator:
357 1775 407 1803 Ubi
424 1779 487 1802 sunt
499 1782 574 1800 arma
588 1778 633 1801 tua
646 1773 762 1801 bellica?
774 1773 826 1800 Per
836 1773 930 1800 Jovem
945 1772 1031 1799 maxi-

245 1828 319 1848 mum
338 1821 451 1847 deorum
466 1820 545 1847 valde
562 1819 637 1847 fuisti
652 1824 792 1847 extensus.
807 1819 924 1846 Sanctus
938 1823 1030 1845 autem

247 1866 407 1899 Mercurius,
426 1866 453 1893 in
468 1865 568 1893 caelum
578 1866 724 1901 aspiciens,
738 1866 824 1893 dixit:
841 1865 953 1892 Domine
967 1864 1032 1892 Jesu

245 1913 362 1944 Christe,
383 1913 424 1939 ter
437 1919 516 1947 opem
541 1919 622 1939 servo
638 1917 695 1939 tuo.
715 1912 822 1939 Rursus
839 1911 920 1946 jussit
945 1911 1032 1944 impe-

246 1963 320 1986 rator
343 1962 424 1987 acuto
447 1958 538 1994 gladio
562 1957 651 1986 scindi
680 1958 740 1992 ejus
763 1964 872 1991 corpus,
887 1961 914 1983 et
939 1960 1033 1990 postea

245 2006 335 2041 ignem
358 2006 496 2033 substerni
515 2009 545 2032 ut
568 2005 627 2040 ipse
644 2004 774 2039 paulatim
801 2007 938 2030 ureretur.
964 2001 1034 2028 Sau—

245 2048 335 2084 guinis
362 2054 453 2076 autetu
483 2049 660 2076 multitudine
692 2055 776 2083 rogus
798 2047 850 2073 fuit
871 2046 1032 2074 exstinctus.

246 2095 364 2122 Sanctus
376 2103 442 2122 vero
467 2094 530 2121 l‘orti
544 2099 573 2121 et
597 2101 729 2129 generoso
751 2093 842 2120 animo
855 2092 962 2120 ferebat
980 2094 1031 2119 hoc

247 2144 425 2167 tormentum.
442 2140 539 2167 Decius
553 2144 644 2167 autem
659 2139 741 2174 jussit
756 2146 820 2166 eum
835 2138 917 2170 solvi,
938 2145 972 2165 ne
992 2138 1032 2164 ci-

247 2187 302 2214 tius
319 2190 483 2218 moreretur,
508 2190 534 2213 et
550 2186 578 2213 in
593 2185 708 2220 quadam
731 2184 850 2212 obscura
871 2183 953 2210 domo
973 2188 1032 2211 tuto

247 2231 362 2258 includi.
383 2231 452 2258 Eum
468 2232 560 2265 itaque
580 2235 733 2265 portantes,
750 2230 925 2265 projecerunt
941 2229 968 2256 in
984 2230 1031 2256 do-

1072 313 1207 346 dicturus,
1223 315 1350 343 Christus
1372 324 1449 344 meus
1467 325 1510 344 tne
1524 319 1641 346 curavit.
1659 319 1802 348 Neminem
1819 322 1861 348 in-

1074 360 1234 388 troduxistis
1249 361 1295 396 qui
1312 369 1375 388 eum
1388 367 1498 390 curaret
1510 363 1536 390 in
1554 365 1698 393 custodia?
1713 366 1752 393 Illi
1766 371 1860 394 autem

1073 406 1098 433 ei
1122 407 1272 434 dixerunt:
1295 408 1347 434 Per
1372 413 1491 435 vestram
1519 409 1679 443 potentiam.
1708 419 1768 445 qua:
1791 413 1862 447 regit

1075 452 1232 479 universum
1260 453 1352 480 orbem
1379 457 1469 485 terrae,
1500 461 1581 480 nemo
1609 462 1671 482 etttn
1698 463 1731 483 ne
1758 458 1863 491 aspexit

1073 495 1195 530 quidem,
1225 496 1387 532 putabamus
1411 497 1485 524 enim
1516 505 1578 525 eum
1603 505 1664 526 esse
1689 500 1863 536 moriturum.

1073 542 1216 574 Quomodo
1242 547 1333 570 autem
1363 550 1445 571 sanus
1468 547 1496 570 et
1525 544 1621 571 valens
1645 552 1719 572 nunc
1741 546 1864 576 assistat.

1074 586 1223 614 nescimus.
1243 586 1317 614 Dixit
1331 587 1480 622 imperator
1494 597 1501 615 :
1515 588 1611 616 Videte
1625 594 1713 617 artem
1729 590 1862 625 magicam

1074 633 1306 661 Christianorum.
1332 635 1382 668 Qui
1413 635 1471 662 heri
1496 636 1606 670 quidem
1629 636 1776 670 putabatur
1802 644 1863 664 esse

1075 685 1209 710 mortuus.
1228 679 1309 708 hodie
1343 680 1432 708 adstat
1453 689 1547 709 sanus.
1571 682 1659 709 Iratus
1682 683 1772 717 itaque
1796 683 1865 710 dixit

1075 725 1100 752 ei
1115 734 1121 752 :
1137 725 1204 758 Quis
1229 730 1254 752 te
1271 727 1397 753 curavit?
1414 726 1460 753 dic
1485 734 1547 754 cum
1567 727 1693 754 veritate.
1718 727 1785 754 Nam
1803 728 1863 754 sine

1076 770 1219 805 prtestigiis
1233 775 1260 797 et
1275 775 1332 798 arte
1350 772 1453 806 magica
1477 780 1529 799 non
1547 778 1613 807 puto
1636 777 1661 800 te
1679 773 1762 800 fuisse
1785 780 1865 800 cura-

1078 820 1145 843 tum.
1170 816 1242 842 Dixit
1255 821 1368 843 sanctus
1385 816 1557 845 Mercurius:
1581 817 1658 845 Sicut
1677 818 1754 852 prius
1769 817 1863 849 dixisti

1078 862 1184 893 nolens,
1201 862 1334 890 Dominus
1359 867 1451 890 noster
1466 863 1545 891 Jesus
1558 863 1693 896 Christus,
1711 871 1792 891 verus
1807 871 1864 894 me-

1078 908 1158 936 dicus
1175 908 1329 936 animarum
1342 913 1370 936 et
1381 917 1537 944 corporum,
1554 909 1610 944 ipse
1626 917 1668 936 me
1681 910 1797 937 curavit.
1815 910 1865 943 Ve-

1078 954 1180 981 neﬁcos
1201 959 1305 984 autem.
1329 960 1358 982 et
1381 955 1573 988 incantatores,
1598 960 1624 983 et
1647 955 1768 983 sortibus
1793 956 1864 986 divi—

1076 1004 1173 1027 nantes
1187 1000 1268 1027 simul
1283 1008 1345 1028 cum
1368 1001 1401 1028 iis
1417 1001 1463 1035 qui
1480 1002 1596 1029 adorant
1615 1002 1773 1035 simulacra,
1787 1001 1865 1029 abdi-

1077 1050 1130 1077 cat,
1148 1053 1248 1081 eosque
1269 1047 1386 1074 vinculis
1410 1047 1517 1082 ligatos,
1541 1047 1623 1074 tradit
1638 1047 1691 1083 igni
1715 1049 1860 1083 gehennw.

1078 1095 1223 1127 propterea
1236 1092 1308 1126 quod
1325 1100 1379 1119 non
1396 1099 1567 1128 agnoverunt
1581 1101 1675 1120 verum
1701 1093 1798 1125 Deum,
1817 1095 1864 1127 qui

1078 1137 1142 1165 fecit
1165 1137 1249 1173 ipsos.
1265 1138 1338 1165 Dixit
1354 1138 1521 1173 imperator:
1537 1138 1643 1173 Corpus
1665 1144 1741 1166 tuum
1768 1147 1865 1166 rursus

1078 1192 1237 1212 consumam
1250 1185 1402 1220 suppliciis.
1419 1185 1566 1212 Videamus
1577 1190 1679 1217 autem,
1693 1193 1726 1212 an
1746 1190 1771 1212 te
1786 1190 1866 1212 curet

1077 1229 1204 1257 Christus
1221 1234 1294 1262 tuus,
1319 1237 1399 1265 quem
1415 1230 1563 1257 conﬁteris.
1592 1231 1664 1258 Dixit
1690 1230 1862 1258 Mercurius:

1078 1275 1166 1303 Credo
1186 1276 1211 1302 in
1230 1275 1374 1302 Dominum
1394 1283 1485 1302 meum
1511 1275 1604 1303 Jesum
1619 1275 1768 1307 Christum,
1792 1277 1866 1310 quod

1079 1328 1249 1356 quaecunque
1266 1320 1333 1348 mihi
1350 1321 1476 1349 intuleris
1492 1321 1636 1356 supplicia,
1658 1329 1711 1348 non
1730 1326 1807 1356 potes
1821 1329 1865 1348 tne

1079 1367 1180 1402 injuria
1197 1367 1315 1394 adicere.
1339 1367 1397 1402 Ipse
1422 1367 1494 1394 enim
1519 1367 1609 1395 dixit:
1627 1377 1637 1393 ‹
1654 1367 1744 1395 Nolite
1770 1369 1865 1395 timere

1079 1419 1138 1444 eos,
1158 1413 1204 1446 qui
1217 1419 1318 1446 corpus
1333 1412 1483 1440 occidunt:
1500 1412 1618 1439 animam
1635 1418 1725 1441 autem
1740 1421 1793 1440 non
1806 1422 1867 1448 pos-

1079 1457 1300 1489 suntoccidere;
1321 1457 1368 1484 sed
1384 1465 1446 1484 eum
1473 1457 1567 1485 timete
1590 1459 1692 1492 potius,
1717 1460 1762 1493 qui
1779 1463 1869 1494 potest

1080 1504 1198 1531 animam
1210 1508 1238 1530 et
1248 1510 1347 1537 corpus
1362 1503 1475 1538 perdere
1491 1503 1517 1530 in
1531 1503 1653 1539 gehenna
1664 1505 1674 1521 ⁸
1687 1514 1694 1532 :
1713 1515 1722 1530 ι
1738 1505 1784 1540 qui
1801 1510 1862 1539 post

1080 1554 1196 1577 mortem
1213 1555 1257 1576 me
1278 1555 1374 1576 rursus
1387 1547 1530 1576 suscitabit
1549 1549 1575 1576 in
1591 1550 1707 1577 terribili
1733 1549 1778 1577 die
1791 1551 1859 1585 justi

1042 1614 1065 1643 ε
1079 1596 1187 1633 judicii.

1118 1643 1152 1671 Χ.
1171 1643 1239 1672 Cum
1257 1648 1348 1672 autem
1360 1648 1570 1679 torquereturet
1581 1647 1706 1671 ureretur
1718 1650 1867 1678 generosus

1082 1694 1194 1724 martyr,
1209 1696 1258 1723 pro
1273 1689 1370 1716 nidore
1394 1689 1486 1716 suavis
1502 1689 1612 1721 quidam
1628 1688 1695 1715 odor
1712 1692 1865 1714 aromatum

1081 1735 1210 1762 manabat
1225 1742 1258 1762 ex
1272 1735 1332 1770 ejus
1348 1742 1473 1770 corpore.
1488 1734 1556 1762 Cum
1574 1734 1597 1762 is
1611 1741 1676 1761 vero
1695 1733 1791 1761 luisset
1805 1741 1868 1760 cru—

1082 1780 1180 1813 ciatus,
1207 1785 1234 1808 et
1260 1787 1295 1808 ne
1316 1779 1492 1815 ingemuisset
1511 1780 1634 1814 quidem,
1658 1779 1727 1806 dixit
1747 1779 1865 1806 Decius:

1082 1827 1135 1854 Ubi
1155 1831 1196 1854 est
1220 1831 1283 1854 tuus
1307 1826 1448 1854 medicus?
1464 1826 1542 1854 Nunc
1556 1825 1656 1857 veniat,
1679 1830 1707 1853 et
1729 1830 1754 1852 te
1779 1829 1866 1852 curet.

1081 1873 1177 1900 Dixisti
1201 1873 1285 1905 enim,
1303 1872 1376 1908 quod
1401 1873 1487 1900 etiam.
1506 1876 1566 1906 post
1594 1876 1708 1899 mortem
1736 1875 1826 1905 potest
1842 1874 1868 1896 te

1082 1919 1227 1946 suscitare.
1244 1918 1318 1946 Dixit
1333 1922 1444 1946 sanctus
1459 1917 1612 1945 Mercurius
1625 1927 1632 1944 :
1651 1917 1714 1947 Fac.
1728 1916 1801 1951 quod
1819 1923 1868 1943 ve:

1082 1963 1126 1990 lis.
1145 1963 1234 1991 Habes
1247 1968 1410 1998 potestatem
1433 1963 1558 1997 corporis
1573 1963 1637 1995 mei,
1655 1963 1754 1989 anima:
1777 1967 1867 1991 autem

1084 2009 1164 2035 Deus.
1181 2008 1261 2041 Nam,
1275 2009 1325 2036 etsi
1341 2016 1441 2044 corpus
1450 2016 1540 2035 nteum
1555 2008 1703 2040 interierit,
1725 2012 1869 2042 permanet

1082 2053 1174 2081 anima
1201 2061 1272 2086 mea,
1294 2054 1321 2081 in
1337 2062 1417 2088 quam
1435 2061 1490 2081 non
1514 2053 1589 2082 cadit
1608 2053 1746 2081 interitus.
1762 2052 1869 2080 Rursus

1079 2097 1158 2132 jubet
1173 2098 1321 2132 imperator
1342 2105 1404 2125 eum
1421 2098 1551 2132 suspendi
1570 2098 1750 2132 praecipitem,
1765 2102 1793 2125 et
1807 2097 1869 2131 ejus

1082 2144 1153 2171 collo
1176 2143 1280 2178 alligari
1306 2143 1502 2179 gravissimum
1515 2143 1654 2178 lapidem:
1682 2147 1711 2170 ut
1735 2150 1750 2170 a
1775 2143 1866 2177 lapide

1082 2188 1241 2222 sudor-atus,
1257 2189 1314 2217 cito
1328 2194 1493 2217 moreretur.
1508 2189 1537 2217 In
1551 2189 1636 2224 gratia
1651 2192 1742 2216 autent
1762 2188 1868 2216 Domini

1083 2235 1262 2264 conﬁrmatus
1283 2241 1397 2272 martyr,
1414 2236 1496 2272 longe
1509 2241 1631 2270 tempore
1645 2236 1746 2263 mansit
1763 2236 1791 2263 in
1810 2240 1868 2262 tor-

247 2276 414 2308 munclﬂam.
440 2283 501 2310 fl“aa
525 2283 637 2310 Parum
667 2275 785 2302 habebﬂl
809 2274 1029 2308 respirationem:
1048 2284 1069 2312 D
1085 2286 1186 2309 mento.
1205 2281 1272 2309 Cum
1289 2282 1403 2310 vidisset
1417 2289 1483 2309 vero
1503 2283 1600 2310 Decius
1615 2290 1677 2309 eum
1691 2282 1752 2309 torti
1770 2287 1797 2308 et
1810 2290 1867 2308 ma-

245 2323 434 2350 existimantes
452 2322 510 2349 fore
526 2325 555 2349 ut
571 2322 652 2356 paulo
667 2326 727 2356 post
743 2325 908 2348 moreretur.
925 2320 971 2347 Illa
984 2327 1032 2347 au.

246 2373 300 2396 tem
319 2373 400 2396 nocte
417 2368 443 2395 ei
453 2372 565 2403 apparet
583 2367 696 2403 angelus
711 2366 829 2399 Domini,
848 2366 962 2394 dicens:
980 2365 1033 2392 Pax

245 2414 305 2447 tibi,
320 2421 451 2449 generose
464 2414 582 2445 athleta;
597 2418 626 2440 et
637 2421 700 2440 eum
718 2412 838 2440 reddidit
851 2419 960 2443 sanum,
974 2420 1025 2438 cu-

246 2466 310 2485 rans
321 2460 430 2486 vulnera
445 2459 503 2494 ejus
518 2459 650 2493 corporis.
664 2458 732 2485 adeo
744 2461 774 2484 ut
789 2462 923 2492 surgeret,
937 2460 965 2484 ct
978 2457 1036 2491 glo-

247 2505 314 2532 riam
330 2504 460 2531 redderet
475 2505 540 2536 Deo,
557 2505 604 2538 qui
624 2504 649 2530 ei
665 2508 839 2538 apparuerat.

282 2550 327 2578 1X.
349 2551 452 2578 Rursus
465 2558 530 2584 ergo
545 2551 642 2578 Decius
652 2550 734 2585 jussit
753 2558 814 2577 eum
824 2549 902 2583 sisti;
914 2554 952 2581 et,
969 2557 1031 2576 cum

246 2605 308 2624 eum
337 2597 460 2629 vidisset,
487 2597 575 2623 dixit:
602 2597 654 2630 Qui
681 2602 807 2624 mortuus
831 2595 883 2623 fuit
909 2604 925 2623 a
950 2596 1032 2623 nobis

247 2645 363 2677 ablatus,
380 2644 518 2679 quomodo
533 2652 606 2672 nunc
622 2652 671 2680 per
683 2652 712 2672 se
734 2644 876 2672 ambulat?
893 2644 964 2671 forte
983 2652 1032 2672 nec

247 2690 364 2717 vibicem
377 2689 486 2724 quidem
504 2689 586 2717 habet
601 2690 628 2716 in
639 2697 690 2717 suo
703 2697 826 2724 corpore.
840 2689 926 2718 Jussit
941 2695 1032 2717 autem

247 2737 423 2768 satellitibus,
442 2742 472 2763 ut
499 2736 635 2763 viderent.
661 2736 701 2763 Illi
717 2744 782 2763 vero
803 2736 828 2763 ei
851 2737 965 2763 dicunt:
983 2737 1034 2763 l’er

247 2781 446 2809 divinissitnatn
476 2787 549 2809 tuatu
574 2781 714 2817 pietatem,
738 2789 836 2816 corpus
859 2781 940 2809 habet
962 2781 1031 2809 adeo

247 2828 404 2861 delicatum,
414 2833 441 2856 ct
454 2830 527 2856 omni
539 2828 778 2865 tnaculalvacutun,
791 2829 905 2864 perinde
918 2837 948 2857 ac
959 2829 980 2857 si
997 2838 1029 2856 ne

305 2921 312 2935 δ
327 2919 421 2946 Matth.
440 2927 463 2949 κ,
481 2919 525 2946 28.

1082 2335 1136 2361 gno
1149 2327 1241 2354 anitno
1259 2327 1389 2355 resistere
1409 2326 1563 2357 tormentis.
1578 2330 1606 2353 et
1621 2326 1689 2353 nihil
1705 2334 1787 2360 grave
1803 2334 1867 2353 cum

1082 2376 1203 2404 tangere,
1229 2372 1311 2406 jussit
1335 2371 1447 2405 quidem
1471 2370 1591 2406 lapidem
1615 2370 1724 2400 devolvi
1755 2370 1788 2396 ab
1809 2371 1869 2405 ejus

1081 2417 1173 2444 collo:
1200 2415 1292 2443 aﬂerri
1316 2420 1407 2442 autem
1434 2415 1570 2450 ﬂagellum
1594 2415 1642 2442 teri
1670 2415 1820 2448 alligatum.
1840 2421 1868 2440 et

1082 2469 1144 2488 eum
1173 2461 1266 2489 tanditt
1293 2460 1432 2496 ﬂagellari,
1459 2460 1548 2488 donec
1572 2461 1632 2496 ejus
1653 2460 1763 2494 sanguis
1781 2459 1867 2486 solum

1084 2507 1218 2542 impleret.
1237 2507 1282 2534 ille
1298 2511 1389 2534 autem
1404 2507 1482 2542 plane
1497 2507 1607 2533 adamas
1625 2506 1753 2540 perstitit,
1769 2512 1798 2531 se
1815 2506 1870 2531 lor-

1082 2555 1145 2581 titer
1159 2561 1266 2589 gerens,
1289 2558 1316 2580 et
1335 2552 1450 2580 dicens:
1471 2552 1528 2586 Ago
1552 2550 1605 2578 tibi,
1616 2551 1726 2586 gratias,
1744 2550 1865 2581 Domine,

1081 2600 1153 2635 quod
1169 2608 1212 2626 me
1227 2607 1276 2633 pro
1291 2604 1338 2626 tuo
1353 2598 1463 2625 nomine
1477 2597 1606 2632 dignatus
1625 2596 1663 2623 sis
1680 2595 1772 2631 ﬂagris
1788 2597 1864 2623 ςιωιί.

1117 2646 1151 2673 XI
1162 2665 1169 2672 .
1190 2645 1258 2673 Cum
1275 2650 1364 2672 autem
1379 2645 1552 2678 cognovisset
1567 2643 1714 2677 imperator
1731 2650 1793 2669 eum
1805 2650 1867 2670 esse

1082 2691 1160 2726 plane
1181 2689 1356 2720 immobilem.
1380 2694 1407 2716 et
1429 2687 1590 2722 persuaderi
1609 2695 1663 2714 non
1689 2695 1778 2722 posse,
1798 2692 1828 2714 ut
1851 2696 1866 2715 a

1082 2746 1130 2765 sua
1142 2738 1328 2764 ditnoveretur
1340 2735 1484 2766 sententia,
1500 2739 1651 2761 convocato
1662 2733 1779 2761 conclio
1791 2735 1866 2768 (pro-

1085 2783 1197 2819 perabat
1220 2782 1293 2809 euim
1317 2781 1356 2808 irc
1390 2780 1525 2816 Romam),
1543 2780 1604 2806 tulit
1629 2780 1735 2807 incum
1759 2785 1867 2807 senten-

1086 2829 1161 2862 tiam,
1181 2827 1293 2855 dicens:
1311 2825 1485 2859 Mercurium,
1502 2825 1547 2860 qui
1572 2825 1637 2853 deos
1660 2824 1728 2853 nihil
1749 2824 1826 2854 fecit,
1839 2828 1872 2853 et
