2082 3153
216 211 268 242 275

830 208 974 239 MENSIS
994 209 1215 239 NOVEMBER.

1777 205 1829 236 276

213 263 397 292 venerandum
410 262 552 291 decretum
570 267 671 291 nostra:
685 263 903 292 mansuetudinis
918 264 995 292 nihili
1011 269 1031 298 Α
1050 265 1141 292 Facite
1154 265 1226 300 quod
1243 264 1321 291 vobis
1341 264 1392 292 fuit
1419 264 1593 299 imperatum,
1610 263 1678 290 nihil
1694 268 1828 290 cunctan-

213 311 326 346 putavit,
335 309 414 344 jubet
428 309 473 344 pia
489 313 584 337 nostra
600 310 720 344 potentia
734 310 796 338 duci
812 310 839 337 in
854 311 992 344 regionem

211 354 413 390 Cappadocum,
427 359 456 382 et
478 355 504 382 ei
528 360 611 390 caput
631 355 767 390 amputari
789 355 821 382 ad
839 355 994 390 exemplum

211 400 371 428 multorum.
387 399 454 428 Nam
465 400 620 436 quicunque
635 401 738 428 resistit
749 401 917 436 imperatori,
934 405 995 436 post

213 447 299 475 multa
323 451 459 475 tormenta
481 447 643 482 subjicietur
665 447 746 482 gladii
765 448 908 483 supplicio.
925 448 993 475 Cum

212 495 306 528 itaque
316 501 378 521 eum
393 494 562 528 accepissent
574 494 594 521 ii
609 493 710 528 quibus
723 494 810 522 fuerat
824 495 993 527 mandatum,

213 540 352 568 duxerunt
375 540 486 572 animal,
504 545 531 567 et
556 545 697 575 portantes
712 548 786 573 eum,
806 541 994 576 imposuerunt

213 586 337 613 vinctum
358 586 485 620 utrinque
512 585 609 617 valide,
635 589 694 613 erat
710 586 784 612 enim
800 593 900 621 corpus
921 595 993 614 mar-

213 632 281 666 tyris
296 631 442 658 admodum
461 631 635 661 dissolutum.
650 631 684 659 Et
699 631 840 660 venientes
862 632 888 659 in
902 633 993 659 diver-

212 677 327 707 sorium.
346 685 408 704 eum
424 677 524 704 sensim
547 677 726 711 deponenles,
754 677 891 705 faciebant
915 678 992 712 quie-

211 729 298 749 scere.
313 721 412 756 Sicque
429 728 491 749 cum
511 721 606 756 paucis
625 721 722 749 diebus
739 722 846 756 longum
861 722 913 749 iter
930 729 995 749 con-

211 767 349 798 fecissent,
364 771 500 793 venerunt
510 766 672 794 Caesaream.
689 767 727 794 Ad
740 775 801 794 eum
813 771 904 795 autem
917 775 994 795 acce-

209 814 276 840 dens
289 812 430 845 Dominus,
444 812 513 839 dixit
526 821 532 839 :
546 812 675 843 Mercuri.
687 812 818 840 adesdum
833 818 860 840 et
871 813 992 848 quiesce.

209 859 327 885 Cursum
340 858 553 891 consummasti,
573 858 654 885 ﬁdem
669 859 796 891 servasti,
811 859 904 894 accipe
916 867 994 886 coro-

211 911 272 930 nam
295 909 347 931 ture
362 904 566 931 decertationis.
583 903 769 931 Constitutum
793 903 866 930 enim
892 909 945 936 est,
964 909 993 931 ut

1047 316 1096 338 tes.
1113 311 1245 338 Dominus
1262 314 1364 342 autem,
1379 310 1426 344 qui
1446 315 1525 337 vocat
1539 316 1634 336 omnes
1646 309 1679 335 ad
1693 309 1829 343 paeniten,

1047 356 1121 389 tiam,
1139 362 1187 383 vos
1202 363 1310 390 quoque
1325 363 1376 382 sua
1394 356 1480 390 gratia
1496 354 1661 389 dignabitur.
1678 354 1745 381 Nam
1765 361 1828 381 eum

1038 402 1081 429 lsit
1097 401 1184 433 dives,
1205 401 1308 429 affatim
1325 400 1409 429 donat
1424 400 1495 428 bona
1510 408 1559 428 sua
1574 401 1607 427 iis
1622 399 1667 434 qui
1681 399 1826 427 accedunt.

1046 447 1108 475 Haec
1124 455 1186 475 cum
1203 447 1326 480 dixisset,
1346 450 1429 481 caput
1450 446 1502 473 fuit
1522 446 1547 473 ei
1563 450 1743 480 amputatum,
1762 453 1829 472 con—

1045 498 1252 528 summatusque
1275 492 1327 520 fuit
1343 494 1370 519 in
1385 491 1557 520 confessione
1573 491 1728 519 Servatoris
1741 491 1828 518 nostri

1046 540 1102 567 Dei.

1080 585 1138 612 ΧΗ.
1161 586 1271 613 Factum
1287 589 1329 613 est
1343 589 1445 617 autem,
1461 584 1533 619 quod
1554 589 1654 619 praeter
1669 583 1827 619 Opinionem

1045 636 1096 663 est,
1128 631 1175 658 Dei
1204 631 1365 658 miraculum
1390 630 1492 658 mensis
1513 629 1675 657 Novembris
1697 629 1828 656 vicesimo

1045 677 1151 711 quinto.
1165 677 1230 704 Post
1243 677 1301 712 ejus
1316 676 1581 704 consummationem
1597 676 1697 702 factum
1714 678 1756 702 est
1766 682 1828 702 cor-

1045 731 1096 758 pus
1121 725 1246 758 martyris
1266 723 1359 750 album
1384 723 1455 750 sicut
1481 722 1538 753 nix,
1563 721 1690 749 emittens
1717 728 1828 748 suavem

1046 770 1156 797 odorem
1174 767 1374 804 ung'uentorum
1393 774 1421 797 et
1436 768 1574 796 suiﬁtuum
1587 787 1594 800 ,
1611 772 1640 795 et
1652 771 1761 802 propter
1776 767 1828 794 hoc

1045 815 1152 850 signum
1177 815 1254 842 multi
1281 815 1342 843 facti
1366 819 1430 842 sunt
1449 813 1606 842 Christiani.
1639 814 1828 848 Deposuerunt

1045 865 1136 888 autem
1149 865 1274 888 sanctum
1286 861 1313 887 in
1331 861 1390 887 loco
1406 860 1516 895 insigni,
1533 859 1579 886 ubi
1593 859 1661 886 ﬁunt
1678 859 1768 886 multa
1780 867 1829 885 cu-

1046 907 1163 933 rationes
1181 906 1216 933 ad
1236 906 1349 940 gloriam
1369 906 1416 933 Dei
1436 906 1536 937 Patris,
1562 912 1590 932 et
1613 905 1719 932 Domini
1739 904 1827 931 nostri

213 953 241 974 Iu
257 948 301 976 hic
316 949 524 976 consummeris.
541 949 642 984 Martyr
664 955 755 977 autem
774 949 929 977 Servatoris
954 951 993 977 vi~
1011 940 1032 967 Β
1045 951 1110 978 Jesu
1123 950 1236 983 Christi,
1261 951 1341 978 simul
1357 958 1420 978 cum
1436 953 1530 977 sancto
1553 950 1670 985 Spiritu,
1686 950 1714 976 in
1729 949 1828 978 saecula

212 992 289 1020 sione
305 994 508 1027 corroboratus,
528 994 595 1022 dicit
610 994 654 1026 iis,
675 995 721 1030 qui
739 999 818 1022 erant
832 1003 894 1023 cum
909 995 968 1030 ipso
985 1004 992 1023 :

843 1072 963 1080 ..ου-ς-

1048 996 1220 1024 saeculorum.
1237 997 1334 1024 Amen.

966 1072 1144 1079 ——_'-

855 1154 1173 1198 ΜΑΡΤΥΡΙΟΝ

459 1246 528 1273 ΤΗΣ
546 1246 646 1272 ΑΙἸΑΣ
667 1245 725 1272 ΚΑΙ
743 1246 964 1274 ΚΑΛΛΙΝΙΚΟΥ
992 1246 1322 1274 ΜΕΓΑᾹΟΜᾹΡΤΥΡΟΣ
1342 1246 1411 1272 ΤΟΥ
1429 1245 1582 1273 ΧΡΙΣΤΟΥ

727 1317 1310 1385 ΑΠςΑΤΕΡΙΝΗΣ.

337 1506 700 1552 MARTYRIUM
739 1505 980 1552 SANCTJE
1016 1506 1092 1550 ET
1132 1506 1355 1550 MAGNIE
1392 1506 1698 1551 MARTYBIS

725 1604 1350 1683 AECATERINAE.

656 1732 754 1762 (Sui-ius
763 1733 792 1756 ad
811 1732 876 1756 diem
889 1731 989 1756 25Nov.
999 1739 1005 1760 ;
1017 1732 1100 1757 Grmce
1114 1739 1144 1757 ex
1166 1733 1220 1757 cod.
1233 1740 1275 1757 ms.
1299 1733 1357 1757 υἰἓό
1371 1734 1379 1763 )

243 1874 434 1911 Limperante
462 1875 546 1911 impio
570 1875 708 1903 Maxentio
738 1877 789 1912 (ί),
819 1876 978 1904 universum

1079 1876 1117 1901 A'.
1154 1875 1347 1907 Βασιλεύοντος
1380 1875 1427 1902 τοῦ
1452 1876 1635 1903 ἁσεόεατάτου
1665 1877 1826 1910 Μαξεντίου,

209 1921 354 1957 imperium
375 1922 558 1949 Romanorum
575 1922 791 1956 amplectebatur
804 1922 917 1957 impium
934 1923 992 1950 cul-

208 1971 264 1995 tum
285 1968 450 1995 daemonum.
466 1968 491 1996 Is
507 1968 581 1996 enim
602 1968 772 1996 Alexandriae
791 1967 950 2003 praesidens}
963 1969 990 1995 in

207 2014 314 2042 excelso
340 2019 368 2042 et
380 2014 489 2041 sublimi
512 2014 654 2046 tribunali,
677 2014 767 2042 emisit
795 2014 847 2042 hoc
876 2014 989 2049 impium

206 2059 338 2090 edictum,
357 2063 387 2086 ut
404 2067 500 2087 omnes
523 2059 615 2091 simul,
637 2059 682 2094 qui
697 2063 775 2087 erant
796 2059 823 2086 in
839 2059 899 2094 ejus
913 2063 991 2093 pote-

206 2110 274 2133 state
298 2113 330 2133 ac
354 2106 479 2139 ditione,
510 2105 664 2134 simulacris
690 2104 888 2133 sacriﬁcarent.
914 2103 990 2132 Unde

205 2152 287 2178 etiam
307 2159 354 2185 per
370 2152 530 2179 universum
550 2152 703 2179 Romanum
729 2150 875 2186 imperium
902 2150 991 2177 mani-

204 2197 273 2225 festa
288 2197 411 2230 fuerunt,
428 2205 488 2232 quae
512 2197 620 2224 decreta
640 2196 761 2229 fuerant,
783 2195 883 2222 litteris
906 2194 944 2221 ita
961 2202 991 2222 se

203 2243 393 2270 habentibus:
419 2242 571 2278 Imperator
595 2242 748 2270 Maxentius
771 2241 917 2273 omnibus,
943 2241 989 2275 qui

204 2292 268 2314 sunt
285 2288 312 2314 in
327 2295 385 2314 mea
398 2287 511 2319 ditione,
539 2288 666 2315 salutem.
696 2287 821 2322 Magnum
849 2286 989 2314 cousecuti

204 2324 368 2360 beneﬁcium
382 2340 396 2359 a
409 2332 523 2360 deorum
538 2332 719 2366 benignitate,
739 2331 825 2359 veluti
841 2331 988 2366 quamdam

203 2379 287 2413 hujus
312 2378 504 2405 muniﬁcentia
537 2379 807 2410 remunerationem,
832 2377 990 2405 censuimus

204 2433 254 2453 nos
268 2425 312 2453 eis
325 2428 453 2460 oportere
467 2424 567 2452 ot‘l‘erre
585 2424 730 2452 sacriﬁcia.
753 2426 853 2452 Omnes
868 2431 943 2458 ergo,
965 2424 996 2451 si.

203 2472 261 2499 ﬁeri
282 2476 383 2507 potest,
399 2470 433 2498 ad
451 2478 501 2498 nos
513 2471 665 2503 venientes,
678 2471 814 2498 ostendite
829 2474 948 2498 vestram
960 2469 987 2496 in

204 2526 316 2553 magnos
343 2519 409 2546 deos
431 2517 668 2549 benevolentiam;
696 2517 812 2545 scientes
840 2517 912 2552 quod
940 2516 987 2551 qui

204 2564 254 2591 hoc
270 2569 395 2592 nostrum
411 2564 531 2591 edictum
558 2563 766 2597 contempserit,
777 2567 805 2590 et
830 2563 863 2590 ad
877 2563 958 2590 aliam
973 2571 988 2590 a

205 2610 282 2636 nobis
298 2609 463 2644 prohibitam
482 2608 619 2643 aspexerit
647 2608 827 2644 religionem,‘
839 2612 868 2636 et
883 2609 992 2636 excidet

206 2655 240 2681 ab
255 2655 313 2690 ipsa
330 2663 425 2690 magna
441 2655 556 2682 deorum
568 2655 770 2689 benevolentia,
785 2660 813 2684 et
829 2655 990 2691 subjicietur

204 2709 218 2727 a
236 2701 317 2728 nobis
331 2701 408 2728 malis
423 2701 562 2729 extremis.

239 2833 271 2860 ll.
290 2831 357 2861 Cum
372 2834 413 2861 hat
430 2834 527 2863 littera:
542 2835 568 2862 in
587 2841 697 2862 omnem
721 2838 830 2869 partem
848 2834 986 2868 pervasis-

1055 1921 1129 1947 πᾶσα
1147 1921 1164 1956 ἡ
1185 1921 1238 1947 τῶν
1268 1921 1412 1957 Ῥωμαίων
1443 1921 1514 1958 ἀρχὴ
1540 1922 1590 1957 τῆς
1615 1922 1749 1958 βδελυρᾶς
1772 1924 1828 1950 τῶν

1052 1966 1188 2001 δαιμόνων
1200 1967 1369 1994 ἀντεποιεῖτο
1386 1968 1546 2003 θρησκείας.
1564 1965 1650 2001 Οὗτος
1666 1969 1732 2004 γὰρ,
1760 1978 1828 2005 προ-

1048 2013 1164 2044 καθίσας
1191 2014 1232 2045 εἱς
1246 2013 1453 2048 ’Δλεξάνδρειαν
1466 2015 1512 2041 ἐπὶ
1528 2015 1650 2050 βήματος
1671 2015 1773 2052 ὑψηλοῦ
1798 2025 1828 2044 τε

1046 2059 1093 2084 καὶ
1110 2058 1249 2093 μετεώρου
1265 2058 1345 2085 τοῦτο
1360 2059 1392 2095 δὴ
1413 2060 1444 2086 τὺ
1464 2060 1595 2092 δυσσεϐὲς
1616 2061 1727 2094 ἐξέθετο
1745 2063 1828 2096 πρόσ-

1045 2111 1140 2138 ταγμα
1164 2105 1210 2131 τοῦ
1235 2105 1340 2137 πάντας
1371 2105 1440 2140 ὁμοῦ
1454 2106 1517 2138 τοὺς
1539 2106 1592 2132 ὑπὸ
1607 2107 1656 2142 τὴν
1674 2108 1756 2134 αὐτοῦ
1769 2117 1827 2135 κει-

1047 2149 1146 2183 μένους
1169 2150 1296 2183 ἐξουσίαν
1324 2151 1421 2183 θυσίας
1444 2152 1500 2182 τοῖς
1527 2152 1648 2184 εἰδώλοις
1667 2154 1804 2181 ἐπιτελεῖν
1818 2162 1826 2170 ·

1044 2194 1106 2221 ὅθεν
1123 2196 1172 2222 καὶ
1195 2196 1334 2231 πανταχοῦ
1351 2197 1400 2232 τῆς
1421 2197 1580 2233 Ῥωμαῖκῆς
1606 2199 1695 2234 ἀρχῆς
1720 2200 1827 2235 φανερὰ

1045 2240 1160 2276 καθίστη
1185 2241 1220 2268 τὰ
1235 2243 1385 2278 δεδογμένα
1407 2245 1571 2279 γράμμασιν
1593 2244 1701 2278 ἔχουσιν
1717 2245 1803 2277 οὕτως
1818 2253 1827 2261 ·

1044 2286 1178 2318 Βασιλεὺς
1197 2287 1350 2319 Μαξέντιος
1370 2289 1437 2315 πᾶσι
1458 2290 1516 2320 τοῖς
1537 2289 1589 2316 ὑπὸ
1603 2290 1653 2324 τὴν
1666 2290 1736 2325 ἐμὴν
1751 2291 1827 2324 ἐξου-

1045 2332 1106 2358 σίαν
1122 2333 1239 2367 χαίρειν.
1265 2333 1396 2368 Μεγάλης
1422 2335 1583 2370 εὐεργεσίας
1602 2336 1679 2370 παρὰ
1699 2334 1750 2371 τῆς
1773 2336 1826 2362 τῶν

1045 2377 1115 2404 θεῶν
1130 2378 1276 2413 εὐμενείας
1300 2380 1492 2415 τετυχηκότες,
1505 2380 1543 2412 ὥς
1558 2389 1619 2406 τινα
1634 2381 1685 2415 τῆς
1698 2381 1827 2416 τοιαύτης

1043 2423 1132 2450 αὐτῶν
1148 2423 1356 2459 μεγαλοδωρεᾶς
1371 2425 1500 2460 ἀμοιϐὴν,
1518 2427 1684 2460 προτφέρειν
1693 2426 1826 2461 ᾠήθημεν

1042 2469 1090 2501 τὰς
1119 2469 1213 2501 θυσίας
1225 2471 1326 2502 αὐτοῖς.
1345 2471 1448 2502 Πάντες
1472 2472 1629 2507 τοιγαροῦν,
1651 2473 1675 2500 ει
1700 2473 1824 2505 δυνατὸν,

1043 2514 1197 2548 φθάσαντες
1226 2515 1279 2547 ἕως
1308 2516 1399 2550 ήμῶν,
1427 2516 1477 2551 τὴν
1509 2517 1573 2552 περὶ
1597 2518 1661 2549 τοὺς
1690 2519 1826 2553 μεγάλους

1041 2559 1119 2592 Θεοὺς
1143 2561 1252 2587 εὔνοιαν
1277 2561 1355 2596 ὑμῶν
1385 2562 1567 2595 ἐπιδείξασθε,
1595 2565 1696 2596 εἰδότες
1733 2565 1772 2596 ὼς
1809 2565 1825 2590 ὁ

1040 2606 1070 2632 τὸ
1104 2607 1224 2633 τοιοῦτον
1246 2607 1324 2641 ήμῶν
1352 2607 1491 2642 διάταγμα
1514 2609 1662 2643 παρορῶν,
1687 2611 1736 2637 καὶ
1757 2610 1825 2646 πρὸς

1041 2651 1137 2686 ἑτέραν
1159 2652 1392 2687 ἀπηγορευμένην
1414 2653 1482 2687 ἡμῖν
1500 2654 1643 2681 ἀπονεύων
1662 2655 1824 2690 θρησκείαν,

1041 2697 1128 2732 αὐτῆς
1141 2706 1170 2724 τε
1196 2699 1246 2733 τῆς
1276 2699 1397 2734 μεγάλης
1423 2699 1477 2725 τῶν
1507 2699 1578 2726 Θεῶν
1598 2701 1758 2728 ἐκπεσεῖται
1785 2711 1825 2734 φι-

1042 2742 1230 2777 λανθρωπίας,
1258 2745 1305 2770 καὶ
1322 2745 1388 2780 παρ’
1402 2744 1482 2780 ἡμῶν
1499 2747 1595 2777 κακοῖς
1621 2748 1678 2778 τοῖς
1698 2748 1825 2783 ἐσχάτοις

1043 2788 1274 2824 ὑποϐληοήσεται.

1079 2836 1116 2862 Β¹.
1135 2836 1245 2863 Τούτων
1267 2837 1322 2864 τῶν
1336 2837 1508 2872 γραμμάτων
1526 2840 1666 2874 πανταχοῦ
1681 2840 1824 2874 ﬁuntsed:-

238 2915 274 2949 (l)
293 2915 451 2944 Maximinus
470 2917 614 2953 legendum
633 2926 639 2946 ;
655 2917 677 2945 is
700 2916 772 2945 enim
788 2915 980 2949 fuitOricntis,
1004 2917 1153 2947 Maxentius
1164 2919 1332 2952 Occidentis,
1353 2921 1509 2955 imperator.
