2082 3153
260 163 312 195 ‘277

792 166 1027 197 MARTYRIUM
1048 167 1078 196 S.
1096 166 1338 201 CATHARIN/E.

1830 173 1886 209 2'78

261 222 398 256 τηκὸτων,
422 219 456 256 ἦν
471 221 538 249 ἰδεῖν
553 221 706 258 συρρέοντα
723 222 814 258 πλήθη
828 223 897 259 πρδς
911 223 993 250 αὑτὸν
1007 221 1047 258 τῷ

1110 228 1170 257 .ent,
1200 225 1405 254 licebatvidere
1423 227 1607 256 conﬂuentem
1633 229 1667 257 ad
1686 229 1774 265 ipsum
1793 231 1886 257 multi-

262 267 338 301 φόϐῳ
351 266 406 292 τῶν
417 266 548 300 ἀπειλῶν,
569 267 625 294 τῶν
640 267 690 302 μὲν
705 268 831 303 πρόϐατα
848 269 895 294 καὶ
921 268 985 303 βόας
999 268 1052 294 ἐπ.

262 314 419 348 αγομένων,
439 314 495 340 τῶν
518 313 546 340 δὲ
560 314 607 341 καὶ
622 313 737 350 ὀρνίθων
751 315 820 349 γένη
842 314 964 346 ποικίλα⁷
980 314 1051 341 ὥστε

262 359 352 391 οὐδεὶς
391 360 505 395 εὐτελὴς
531 357 576 394 ἦν,
608 360 676 387 ἀλλὰ
703 360 769 394 περὶ
802 361 851 395 τὴν
876 360 1052 395 παρασκευὴν

263 406 366 437 πάντες
388 406 508 440 δγίνοντο
526 406 576 440 τῆς
602 406 708 438 θυσίας.
725 407 794 436 Τοὺς
819 406 869 442 μὲν
888 407 942 441 γὰρ
967 406 1051 432 πλου-

264 451 339 481 σίους
357 452 463 486 μεγάλα
478 451 536 483 ζῶα
554 452 623 487 πρὸς
639 452 689 487 τὴν
702 452 816 488 τελετὴν
837 452 937 487 ὥριστο
962 453 1050 487 ἄγειν,

266 497 352 532 μικρά
366 497 394 524 δὲ
406 498 472 529 τοὺς
488 498 618 533 πένητας,
632 498 670 530 ὡς
687 499 795 533 ἑκάστῳ
809 499 827 534 ἦ
844 507 873 524 τε
892 499 953 534 χεὶρ
972 499 1053 525 εὐπο-

265 543 337 577 ροίη,
352 543 398 569 καὶ
413 544 429 578 ἡ
444 543 511 578 πρὸς
524 544 587 574 τοὺς
601 544 679 575 θεοὺς
706 543 798 570 εὖνοια
824 544 891 579 ἔχοι.
925 545 1052 570 Μάλιστα

264 590 293 616 δὲ
307 590 406 621 αὐτοὺς
421 590 533 623 ἠρέθιζε
550 590 619 626 πρὸς
632 591 789 626 φιλοτιμίαν
812 592 825 617 ὀ
845 591 971 625 βασιλεὺς
989 590 1052 617 ταύ-

267 644 331 671 ρους
341 635 495 663 καταθῦσαι
519 637 610 672 φέρων
624 637 705 668 αὐτὸς
720 638 818 664 ἑκατὸν
831 639 880 664 καὶ
891 638 1050 672 τριάκοντα.

267 682 382 709 Πάντων
395 682 488 708 τοίνυν
505 683 533 709 ὲν
553 683 744 718 Ἀλεξανδρείᾳ
759 684 826 718 παρ’
839 683 922 710 αὐτον
939 683 1053 717 συνελη-

265 728 384 755 λυθότων
416 728 559 763 ὑπερήσθη
590 730 624 764 τῇ
650 728 842 764 πολυπληθεία
866 729 914 755 τοῦ
937 738 966 756 τε
986 729 1051 755 λαοῦ

266 774 312 799 καὶ
338 773 392 800 τῶν
420 773 535 806 θυσιῶν,
558 774 606 800 καὶ
633 773 755 808 τοσούτῳ
783 773 895 808 μᾶλλον,
920 773 957 803 ὡς
986 773 1053 807 μηδὲ

266 821 363 855 καιρὸν
381 820 475 855 ἕτερον
492 821 659 855 ἀναμεῖναι,
679 819 737 846 ἀλλ’
758 820 860 847 αὐτίκα
880 828 911 846 τε
935 820 1054 855 ἀναστῆ-

267 875 322 898 ναι,
342 867 391 893 καὶ
414 868 494 901 τάχει
519 867 644 902 χωρῆσαι
671 866 740 902 πρὸς
763 868 810 894 τὸν
839 867 902 893 ναὸν
931 865 977 892 τοῦ
1005 866 1051 892 καὶ

267 913 352 946 αὐτὴν
367 913 419 948 ἤδη
438 912 488 947 τὴν
505 913 602 939 θυσίαν
623 913 789 939 διατελέσαι.
807 913 937 947 Ἐτρεχον
955 912 983 938 δὲ
1003 913 1051 938 σὺν

266 960 340 994 αὐτῴ
357 962 437 993 γένος
465 959 538 986 ἅπαν
555 959 605 985 καὶ
630 958 723 994 ἡλικία
752 959 846 990 πᾶσα,
869 959 925 984 ὅσοι
947 965 977 983 τε
1003 957 1053 991 τῆς

267 1006 366 1041 βουλῆς
384 1004 455 1041 ἦσαν
479 1006 527 1032 καὶ
543 1006 597 1031 τῶν
617 1006 645 1031 ὲν
668 1005 751 1037 τέλει,
775 1004 823 1031 καὶ
851 1005 909 1030 ὅσοι
933 1003 987 1030 τῶν
1008 1004 1053 1029 εὑ-

266 1053 353 1079 τελῶν
376 1054 424 1078 καὶ
448 1053 576 1087 ἀσήμων,
603 1051 637 1077 τὰ
661 1051 730 1085 πρὸς
753 1051 804 1085 τὴν
823 1051 919 1076 θυσίαν
935 1051 1054 1081 ἕκαστος

270 1097 497 1131 ἐπικομιζόμενοι
515 1105 522 1112 ”
541 1096 578 1127 ὡς
610 1095 844 1130 στενοχωρεϊσθαι
863 1096 914 1130 μὲν
940 1095 992 1121 ὑπὸ
1008 1094 1055 1121 τοῦ

269 1142 389 1177 πλήθους
406 1142 462 1168 τῶν
486 1143 546 1168 ἐκεῖ
569 1141 739 1178 συρρεόντων
759 1142 846 1177 αὐτήν
869 1150 897 1168 τε
915 1141 964 1177 τὴν
979 1142 1057 1168 πόλιν

270 1188 318 1214 καὶ
334 1188 380 1214 τὸν
396 1188 471 1220 ναδν,
489 1187 683 1222 περιηχεῖσθαι
698 1187 725 1213 δὲ
741 1186 794 1213 ὑπὸ
808 1186 858 1221 τῆς
884 1187 939 1212 τῶν
952 1187 1058 1219 ἀλόγων

272 1233 350 1265 ζώων
367 1233 431 1268 βοῆς
445 1234 495 1268 τὴν
510 1233 602 1268 κύκλῳ
619 1233 786 1268 περίχωρον,
801 1234 834 1268 τῇ
848 1233 875 1259 δὲ
889 1233 943 1259 τῶν
957 1233 1058 1260 θυσιῶν

271 1279 368 1314 κνίσσῃ
380 1280 425 1306 καὶ
440 1279 523 1306 αὑτὸν
537 1279 699 1314 μολύνεσθαι
716 1279 762 1305 τὸν
779 1280 863 1314 ἀέρα.

318 1369 357 1396 Γ’.
373 1369 483 1396 Τούτων
501 1369 571 1396 οὕτω
594 1369 774 1404 τελουμένων,
786 1370 854 1404 γυνή
876 1377 918 1400 τις
935 1369 1059 1404 εὐσεϐὴς,

271 1415 322 1450 τὴν
351 1415 446 1449 κλῆσιν
469 1414 645 1449 Αἰκατερίνα,
677 1414 725 1441 νέα
736 1415 785 1449 τὴν
803 1414 919 1449 ἡλικίαν,
933 1413 983 1449 τὴν
999 1414 1061 1448 ὖψιν

272 1461 449 1495 περικαλλὴς,
464 1461 497 1487 ὲκ
523 1460 664 1494 βασιλικοῦ
680 1460 775 1494 γένους
785 1460 957 1495 προηγμένη,
969 1460 1061 1486 πᾶσαν

273 1506 425 1533 ἐπελθοῦσα
443 1507 562 1542 γραφὴν,
584 1506 634 1540 τὴν
655 1506 707 1538 ἔξω
729 1513 758 1532 τε
777 1506 824 1532 καὶ
838 1505 888 1540 τὴν
902 1505 963 1531 καθ’
975 1505 1059 1540 ἡμᾶς,

1105 271 1226 298 tudinem
1242 277 1315 299 metu
1331 272 1466 300 minarum
1480 282 1487 299 :
1503 281 1620 308 quarum
1636 275 1682 302 alii
1702 275 1813 310 quidem
1836 276 1886 303 ad-

1103 316 1240 345 ducebant
1264 325 1330 345 oves
1351 322 1378 345 et
1395 318 1494 351 boves;
1519 319 1564 346 alii
1589 324 1680 347 autem
1696 321 1770 348 varia
1785 329 1884 356 genera

1102 362 1204 390 arium.
1224 362 1317 398 Neque
1329 367 1387 390 erat
1404 363 1475 391 ullus
1490 364 1630 397 immunis,
1645 366 1779 394 sederant
1789 374 1888 394 omnes

1104 408 1200 435 intenti
1214 408 1241 435 in
1260 413 1391 443 apparatu
1410 409 1548 437 sacrificii.
1566 410 1632 437 Nam
1649 411 1697 445 qui
1713 416 1792 439 erant
1806 411 1886 440 valde

1103 452 1212 484 divites.
1235 454 1415 481 constitutum
1433 459 1502 485 erat,
1525 459 1554 481 ιιι
1572 462 1669 490 magna
1686 455 1814 482 animalia
1830 455 1887 482 ad-

1103 498 1237 526 ducerent
1258 499 1291 526 ad
1316 499 1479 527 sacriﬁcium
1499 507 1505 527 :
1525 507 1609 534 parva
1632 503 1721 526 autem
1737 507 1886 534 pauperes,

1104 550 1186 580 prout
1210 545 1360 580 unicuique
1386 546 1568 580 suppetebant
1593 545 1747 576 facultates,
1771 550 1801 572 et
1828 551 1888 572 erat

1105 591 1320 627 uniuscujusque
1338 592 1364 619 in
1383 592 1450 620 deos
1472 592 1673 620 benevolentia.
1698 591 1738 619 Ad
1763 591 1887 627 magniﬁ-

1104 638 1221 665 centiam
1247 643 1337 665 autem
1359 646 1407 666 eos
1432 639 1549 666 maxime
1571 638 1704 665 incitabat
1727 639 1887 672 imperator.

1104 684 1221 711 aﬂ‘erens
1237 684 1270 711 ad
1289 685 1497 712 sacriﬁcandum
1515 689 1625 711 centum
1648 690 1675 712 ct
1700 684 1811 718 triginta
1829 687 1888 710 tau-

1104 737 1159 757 ros.
1185 730 1253 757 Cum
1286 738 1381 758 omnes
1408 739 1473 764 ergo
1510 730 1543 757 ad
1581 731 1669 765 ip5um
1697 729 1890 757 convenissent.

1104 775 1307 809 Alexandriam,
1328 777 1405 804 valde
1429 777 1536 804 lelatus
1555 781 1607 807 est.
1625 776 1722 804 videns
1737 775 1890 803 multitudi-

1106 831 1167 850 nem
1182 824 1276 858 populi
1291 829 1318 850 et
1333 824 1540 853 sacriﬁciorum.
1561 823 1630 850 adeo
1651 827 1681 849 ut
1698 829 1749 850 nec
1770 822 1886 849 alterum

1107 871 1214 901 tempus
1228 869 1402 902 exspectarit,
1420 868 1468 895 sed
1489 869 1614 903 protinus
1629 867 1790 898 surrexerit,
1805 871 1832 894 et
1853 867 1891 893 ci—

1105 913 1208 940 tissime
1222 914 1254 940 ad
1271 916 1401 949 templum
1416 915 1590 950 processerit,
1606 919 1633 941 et
1645 914 1733 948 ipsum
1750 912 1887 948 peregerit

1104 958 1280 985 sacriﬁcium.
1303 960 1370 987 Cum
1385 968 1418 988 co
1435 965 1524 988 autem
1545 961 1674 988 currebat
1698 967 1778 987 onme
1805 966 1891 994 genus

1106 1008 1133 1031 et
1147 1005 1235 1031 omnis
1247 1010 1321 1037 mtas,
1337 1012 1364 1032 et
1385 1006 1531 1034 universus
1548 1011 1669 1038 senatus,
1684 1010 1712 1033 et
1723 1013 1819 1032 omnes
1834 1012 1891 1031 ma-

1106 1049 1245 1084 gistratus,
1273 1051 1403 1085 plebsque
1428 1055 1456 1078 et
1484 1052 1581 1086 vulgus
1605 1052 1757 1082 hominum,
1780 1059 1840 1085 qua:
1857 1051 1889 1077 ad

1107 1096 1271 1123 sacriﬁcium
1303 1097 1496 1131 pertinebant',
1523 1098 1711 1132 unusquisque
1736 1097 1856 1124 aﬂ'crens
1884 1105 1890 1122 :

1107 1142 1177 1169 adeo
1192 1147 1221 1169 ut
1234 1147 1345 1177 propter
1366 1142 1570 1170 multitudinem
1586 1150 1694 1174 eorum,
1711 1142 1757 1176 qui
1772 1141 1894 1169 conﬂuc-

1109 1188 1184 1219 bant,
1210 1194 1323 1223 angusta
1347 1182 1420 1216 esset
1440 1190 1499 1224 ipsa
1520 1189 1628 1220 civitas,
1658 1193 1803 1223 angustum
1824 1193 1893 1215 tem-

1109 1235 1184 1270 plum
1206 1243 1214 1263 :
1236 1236 1355 1263 clamore
1381 1243 1446 1263 vero
1467 1235 1611 1263 brutorum
1633 1235 1815 1262 animantium
1840 1234 1895 1261 cir«

1108 1285 1283 1308 cumsonaret
1298 1286 1352 1308 tota
1377 1282 1451 1316 regio
1471 1281 1648 1308 circumcirca
1663 1290 1669 1307 :
1686 1280 1782 1307 nidore
1801 1286 1894 1308 autem

1108 1325 1305 1352 sacriﬁciorum
1323 1325 1379 1360 ipse
1397 1333 1506 1360 quoque
1520 1333 1566 1352 aer
1584 1326 1756 1352 intleerctur.

1145 1371 1190 1398 Ill.
1203 1371 1271 1398 Cum
1288 1372 1345 1398 haec
1359 1371 1399 1398 sic
1417 1371 1524 1403 ﬁerent,
1539 1371 1637 1398 mulier
1650 1371 1773 1405 quautam
1790 1370 1834 1404 pla
1845 1377 1895 1396 no-

1111 1416 1183 1442 mine
1211 1415 1378 1449 lEcalarina,
1406 1419 1484 1442 aetate
1507 1416 1627 1451 juvenis,
1654 1415 1769 1450 pulchra
1792 1415 1894 1450 specie,

1111 1468 1171 1496 quae
1195 1468 1281 1495 genus
1311 1460 1430 1487 ducebat
1455 1467 1489 1488 ex
1516 1460 1648 1494 sanguine
1680 1460 1766 1494 regio,
1784 1467 1894 1487 omnem

1112 1511 1202 1533 autem
1225 1510 1252 1533 et
1269 1511 1409 1533 externam
1426 1511 1455 1533 et
1474 1511 1596 1534 nostram
1613 1506 1777 1540 scripturam
1803 1505 1894 1540 perle-

272 1553 325 1579 ὑπὸ
355 1553 466 1584 πολλαῖς
497 1552 689 1587 θεραπαινίσιν
709 1553 748 1583 είς
775 1552 825 1586 τὴν
857 1551 1059 1587 Ἀλεξάνδρειαν

1113 1556 1197 1586 gerat,
1214 1551 1306 1578 multis
1319 1551 1426 1578 ancillis
1443 1551 1572 1578 comitata
1585 1551 1701 1586 degebat
1712 1550 1894 1581 Alexandriae,

272 1598 403 1632 διάγουσα
411 1597 454 1634 ἦν,
464 1599 493 1625 ὲν
508 1598 593 1629 οἴκοις
605 1598 677 1624 οὕτω
692 1598 844 1632 βασιλικοῖς
861 1598 1060 1633 ταμιευομένη,

274 1644 392 1679 Χριστὸν
420 1644 501 1678 μόνον
524 1644 612 1670 εἰδυῖα
635 1643 753 1678 νυμφίον
765 1663 773 1676 ,
793 1644 839 1669 καὶ
855 1644 894 1676 τῷ
910 1643 960 1678 τῆς
974 1643 1062 1679 ψυχῆς

274 1691 350 1724 αὑτῷ
370 1689 470 1721 κάλλος
494 1689 627 1724 τηροῦσα,
653 1689 699 1716 καὶ
726 1689 799 1724 μόνῳ
822 1690 868 1716 τὸν
893 1689 986 1724 ἔρωτα
1010 1689 1062 1724 τῆς

276 1737 392 1772 καρδίας
408 1737 577 1762 divin-roum.
604 1735 679 1770 Δῦτη
701 1734 896 1770 χαλεπώτατον
913 1735 985 1762 οὓτω
1000 1734 1062 1766 τοὺς

276 1782 437 1816 ἀνθρώπους
457 1782 588 1815 ναυάγιον
618 1781 817 1816 ὑπομένοντας,
846 1782 893 1808 καὶ
920 1783 984 1816 περὶ
1008 1780 1062 1808 τῶν

277 1828 399 1862 ἐσχάτων
426 1827 635 1858 κινδυνεύοντας
663 1827 710 1853 καὶ
732 1826 937 1860 ἀπολλυμένους
957 1826 1062 1860 ὁρῶσα,

277 1874 323 1899 καὶ
338 1874 431 1904 δεινῶς
449 1874 498 1908 τὴν
513 1873 602 1908 ψυχὴν
613 1871 738 1899 παθοῦσα
753 1872 800 1899 καὶ
815 1872 885 1908 ὑπὲρ
896 1872 943 1898 τοῦ
962 1871 1063 1898 Δεσπό-

277 1928 324 1946 του
342 1918 490 1953 ζηλώσασα
504 1938 511 1951 ,
529 1919 591 1945 τότε
610 1918 732 1953 μάλιστα
746 1918 792 1945 τὸν
807 1917 852 1944 ἐπ’
873 1917 956 1944 αὑτὸν
980 1917 1063 1944 πόθον

278 1966 324 1992 καὶ
339 1966 385 1993 τὸν
403 1966 474 2001 ὑπὲρ
490 1966 539 2001 τῆς
556 1965 676 1997 πίστεως
690 1965 761 1999 ἔγνω
776 1965 858 1999 ζῆλον
875 1965 991 1999 φανερὸν
1011 1973 1063 1991 κα-

278 2013 467 2047 ταστήσασθαι
482 2012 530 2038 καὶ
547 2010 746 2046 παραλαῦοὗσα
761 2011 849 2042 ἐνίους
862 2011 917 2036 τῶν
928 2010 1063 2044 θεραπόν-

279 2066 344 2090 των,
362 2057 463 2088 εὐθέως
479 2056 577 2092 ἐχώρει
594 2057 663 2091 πρὸς
677 2057 724 2082 τὴν
739 2056 801 2083 ναὺν
814 2075 822 2088 ,
841 2056 870 2082 ἑν
887 2052 908 2090 ᾧ
921 2056 951 2082 τὸ
963 2056 1064 2091 πλῆθος

280 2105 349 2137 μετὰ
376 2102 423 2129 τοῦ
453 2103 585 2137 βασιλέως
605 2101 778 2134 θυσιάζοντες
799 2100 880 2137 ἦσαν,
904 2103 950 2128 καὶ
977 2103 1064 2129 στᾶσα

278 2148 346 2184 πρὸς
366 2150 398 2184 τῇ
415 2148 490 2184 φλιᾷ,
509 2145 583 2174 εἷλκε
600 2147 648 2182 μὲν
661 2147 710 2178 τὰς
725 2147 779 2174 τῶν
793 2147 882 2174 ἄλλων
898 2147 974 2181 ὄψεις
994 2147 1064 2182 πρὸς

279 2194 379 2228 ὲιυτὴν
394 2193 490 2224 κάλλος
505 2193 646 2227 ἀμήχανον
661 2190 738 2225 οὖσα,
755 2192 800 2218 καὶ
815 2191 864 2227 τὴν
876 2192 950 2219 ἔνδον
963 2193 1063 2228 ὡραιιὸ-

277 2247 345 2273 -ιητα
357 2226 404 2264 διὰ
422 2238 473 2273 τῆς
493 2226 580 2269 ἐκτὸς
590 2237 730 2272 μηνύουσα
744 2226 848 2272 ὅψεως(
865 2237 970 2273 Ἠρέμα
986 2226 1014 2265 δὲ
1030 2238 1063 2265 τὰ
1078 2226 1106 2254 n'

278 2283 388 2318 καθαρὰ
413 2283 491 2318 χείλη
518 2283 647 2318 διάρασα,
676 2282 748 2318 ἔχειν
768 2292 795 2309 τι
814 2283 868 2310 τῶν
891 2283 1063 2318 ἀναγκαίων,

278 2328 510 2364 ἐφη,>.αλῆσαιτῷ
527 2328 642 2363 βασιλεῖ.
659 2329 691 2355 Oi
701 2328 792 2355 τοίνυν
802 2329 848 2355 ἐπὶ
862 2329 1060 2363 τῶνςὰγγελιῶν

278 2375 438 2408 τεταγμένοι
446 2374 695 2409 προσαγγέλλουσιν
706 2374 740 2400 αὑ
747 2373 781 2409 τῷ
792 2375 826 2401 τὰ
835 2375 953 2410 περὶτῆς
962 2375 1066 2410 παρθέ-

280 2428 337 2446 νου.
363 2420 500 2446 Κάκείνου
514 2419 837 2455 προοτάξαντος,εῠθέως
846 2421 996 2454 εἰσάγεται,
1012 2422 1061 2448 καὶ

281 2465 368 2490 στᾶσα
379 2466 430 2500 πρὸ
438 2466 487 2500 τῆς
504 2465 628 2496 ἁναιδοῦς
638 2466 724 2500 ὕψεως
735 2465 783 2492 τοῦ
792 2466 937 2500 τυράννου,
946 2465 986 2491 ἔτι
1000 2466 1065 2497 περὶ

281 2512 331 2546 τὴν
340 2511 546 2538 θυσίανὲκείνου
559 2512 745 2547 σχολάζοντος,
765 2511 879 2538 τοιαῦτα
892 2511 960 2546 πρὸς
983 2512 1066 2538 αὐτὸν

282 2556 422 2591 σταθερῶς
449 2557 519 2582 πάνυ
545 2557 593 2582 καὶ
617 2556 780 2591 ἐλευθερίως
813 2556 964 2590 ἐφθέγγετο
984 2564 992 2572 ·

316 2601 353 2627 Δ⁷.
381 2599 480 2634 Ἐχρῆν
498 2600 548 2634 μέν
563 2608 592 2626 τε
611 2601 659 2626 καὶ
673 2600 782 2626 οἷκοθεν
798 2599 917 2626 συνιδεῖν
933 2600 981 2635 τὴν
995 2600 1067 2627 ἀπά-

281 2656 342 2684 την,
358 2644 380 2674 ὦ
397 2646 521 2682 βασιλεῦ,
543 2647 586 2674 ὃτι
614 2648 742 2682 φθαρτῶν
766 2647 920 2682 ἀνθρώπων
946 2647 1066 2678 εἰδώλοις

282 2691 326 2720 οἷα
352 2694 424 2725 θεοῖς
456 2693 564 2724 θυσίαις
592 2694 736 2726 ἐπιτελεῖς,
761 2694 809 2719 καὶ
838 2692 888 2727 τὴν
905 2692 1067 2727 Ἑλληνικὴν

282 2738 386 2774 ταύτην
409 2737 517 2774 μωρίαν
534 2738 583 2764 καὶ
606 2738 738 2773 αἰσχύνην
759 2737 908 2764 ἀποόαλεῖν
925 2746 932 2752 ·
958 2739 1019 2764 ἐπεὶ
1038 2738 1067 2764 δὲ

284 2785 371 2819 σκαιῷ
391 2784 551 2819 πειθόμενος
567 2783 689 2818 δαίμονι,
703 2783 770 2819 πρὸς
785 2783 857 2810 οὕτω
880 2783 1001 2818 φανερὰν
1021 2791 1067 2809 τυ-

283 2831 414 2864 φλώττεις
439 2830 581 2865 ἀλήθειαν,
611 2829 665 2856 ἔδει
695 2829 804 2860 πάντως
828 2829 891 2863 κᾶν,
923 2829 962 2864 τῷ
994 2829 1064 2864 παρ’

289 2877 364 2911 υμῶν
378 2877 452 2912 σοφῷ
466 2877 592 2912 Διοδώρῳ
616 2876 770 2910 πεισθέντα,
789 2876 891 2910 γνῶναι
911 2877 971 2908 τοὺς
990 2876 1055 2910 ὑμε-

1112 1602 1140 1624 ct
1164 1596 1203 1623 sic
1231 1596 1421 1624 aSServabatur
1451 1596 1478 1623 in
1507 1597 1611 1624 aedibus
1639 1596 1732 1630 regiis.
1758 1601 1786 1623 et
1808 1595 1895 1622 solum

1111 1642 1250 1669 Christum
1273 1647 1352 1669 norat
1377 1647 1517 1677 sponsum,
1537 1646 1566 1669 et
1591 1641 1618 1668 ei
1645 1642 1742 1668 anime
1769 1640 1898 1668 servabat

1113 1688 1354 1722 pulchritudinem,
1377 1693 1405 1715 et
1429 1688 1456 1715 in
1484 1695 1547 1715 eum
1573 1687 1662 1714 solum
1686 1691 1744 1714 erat
1767 1693 1815 1713 cor
1837 1685 1896 1720 ejus

1113 1743 1205 1762 amore
1229 1735 1435 1762 inﬂammatum.
1451 1734 1514 1761 Haec
1526 1734 1565 1762 sic
1579 1733 1676 1760 videns
1694 1732 1820 1759 homines
1834 1739 1897 1765 gra-

1112 1780 1253 1807 vissimum
1279 1779 1372 1806 subire
1388 1778 1571 1813 naufragium,
1597 1781 1626 1804 et
1642 1776 1737 1803 venire
1757 1775 1784 1802 in
1805 1779 1897 1802 extre-

1114 1832 1188 1852 mum
1210 1824 1336 1851 interitus
1352 1823 1518 1858 periculum,
1535 1822 1626 1849 animo
1650 1821 1770 1855 graviter
1788 1819 1896 1851 aﬁccta,

1113 1874 1141 1898 et
1156 1877 1206 1905 pro
1224 1869 1340 1896 Domino
1355 1869 1531 1895 annulatione
1549 1874 1581 1894 ac
1607 1866 1667 1893 zelo
1687 1865 1811 1896 incitata,
1832 1869 1898 1891 tunc

1113 1916 1230 1943 maxime
1241 1916 1337 1942 statuit
1348 1921 1427 1941 suum
1443 1913 1589 1940 ostendere
1613 1911 1792 1942 desiderium,
1809 1914 1838 1937 et
1853 1917 1898 1936 ar-

1115 1962 1225 1989 dentem
1243 1969 1292 1996 pro
1308 1961 1360 1988 ﬁde
1379 1961 1468 1987 zelum
1486 1967 1493 1986 :
1511 1963 1539 1986 et
1554 1965 1616 1986 cum
1637 1957 1785 1984 nonnullos
1803 1963 1897 1983 secum

1115 2007 1267 2042 accepisset
1290 2007 1416 2039 famulos,
1432 2005 1557 2040 protinus
1580 2005 1699 2039 profecta
1720 2007 1764 2030 est
1779 2003 1806 2029 in
1829 2006 1897 2029 tem-

1114 2053 1189 2088 plum
1201 2073 1207 2085 ,
1225 2053 1252 2080 in
1268 2060 1324 2087 quo
1338 2055 1397 2079 erat
1410 2051 1556 2078 multitudo
1571 2058 1634 2078 cum
1651 2057 1713 2084 rege
1727 2048 1896 2080 sacriﬁcans,

1114 2104 1142 2126 et
1153 2103 1228 2126 stans
1245 2099 1271 2125 in
1288 2097 1392 2129 limine,
1406 2097 1521 2124 aliorum
1536 2095 1647 2130 quidem
1662 2094 1754 2121 vultus
1765 2093 1798 2120 ad
1811 2100 1840 2120 se
1859 2098 1899 2120 at-

1115 2145 1250 2176 trahebat.
1276 2149 1306 2171 ut
1329 2151 1389 2178 quae
1410 2142 1510 2177 insigni
1536 2145 1609 2169 esset
1631 2140 1848 2176 pulchritudine,
1873 2144 1901 2166 et

1117 2194 1251 2220 internam
1269 2191 1387 2226 speciem
1412 2189 1574 2217 ostendebat
1592 2195 1642 2222 per
1656 2191 1808 2215 externam.
1831 2186 1900 2213 Sun-

1115 2239 1165 2267 sim
1182 2242 1273 2266 autem
1287 2245 1336 2265 sua
1355 2236 1456 2263 munda
1472 2235 1548 2263 labra
1566 2234 1702 2269 aperiens,
1725 2233 1794 2260 dixit
1808 2240 1837 2260 sc
1854 2238 1901 2259 na-

1116 2285 1183 2312 bere
1214 2283 1398 2311 necessarium
1422 2281 1536 2316 aliquid,
1558 2281 1629 2315 quod
1657 2280 1762 2307 diceret
1786 2279 1902 2313 impera~

1117 2331 1179 2358 tori.
1209 2330 1260 2363 Qui
1289 2330 1379 2364 itaque
1413 2328 1519 2355 nuntiis
1552 2327 1703 2354 referendis
1739 2332 1897 2360 praterant,

1116 2376 1273 2411 imperatori
1297 2375 1330 2402 de
1363 2374 1467 2409 virgine
1495 2373 1667 2400 aununtiant.
1701 2371 1825 2405 Cumque
1855 2371 1900 2396 ille

1113 2421 1250 2457 jussisset,
1271 2420 1362 2446 statim
1388 2418 1581 2446 introducitur.
1606 2416 1672 2449 Quae
1691 2423 1752 2442 cum
1780 2414 1900 2441 stetisset

1114 2477 1206 2496 coram
1223 2465 1373 2502 impudenti
1390 2470 1513 2500 tyranno,
1537 2471 1598 2491 cum
1620 2463 1664 2489 ille
1689 2462 1778 2488 adhuc
1793 2465 1900 2487 vacaret

1115 2514 1259 2547 sacriﬁcio,
1270 2516 1428 2540 constanter
1442 2511 1563 2546 etﬁlibere
1580 2509 1619 2536 sic
1634 2508 1659 2535 ei
1676 2511 1720 2535 cst
1734 2507 1822 2534 locuta
1835 2514 1841 2531 :

1151 2601 1194 2628 ιν.
1218 2600 1366 2635 Oportebat
1381 2597 1503 2633 quidem,
1528 2604 1545 2623 ο
1573 2595 1729 2630 imperator,
1758 2599 1785 2622 te
1808 2601 1840 2621 cr.
1857 2598 1898 2621 tc-

1116 2648 1175 2683 ipso
1190 2651 1262 2673 tuam
1278 2646 1370 2673 videre
1389 2644 1590 2678 dcccptioncm,
1605 2641 1679 2676 quod
1694 2641 1845 2671 hominum,
1868 2641 1895 2667 in

1115 2701 1185 2729 quos
1210 2693 1283 2720 cadit
1308 2692 1450 2721 interitus,
1481 2688 1654 2717 simulacris.
1685 2692 1813 2722 tanquam
1846 2686 1900 2713 diis

1115 2739 1206 2772 oﬁers,
1221 2736 1364 2768 sacriﬁcia,
1379 2739 1406 2762 et
1419 2734 1547 2768 gentilem
1569 2734 1639 2760 hanc
1651 2732 1794 2760 stultitiam
1809 2737 1837 2759 et
1852 2732 1900 2758 de~

1116 2784 1200 2811 decus
1223 2783 1351 2818 abjicere.
1378 2780 1512 2813 Quoniam
1539 2784 1632 2806 autem
1658 2779 1770 2806 sinistro
1799 2784 1900 2812 parens

1116 2829 1245 2860 (Ιιιιιιιοιιι,
1269 2828 1302 2855 ad
1328 2827 1396 2854 adeo
1421 2826 1590 2853 manifestam
1615 2825 1726 2852 ementis
1743 2825 1901 2852 veritatem,

1118 2879 1258 2911 oporteret
1284 2873 1395 2901 onutino
1419 2872 1533 2907 sapienti
1563 2872 1670 2904 saltem,
1693 2871 1740 2905 qui
1764 2875 1804 2896 cst
1829 2866 1905 2901 apud
