2082 3153
216 155 269 184 979

836 154 979 185 MENSIS
1000 154 1129 187 NOVEM
1135 157 1217 188 BER.

1786 161 1840 193 230

215 220 274 243 vo=,
292 209 410 238 Diodoro
430 209 598 242 credentem,
618 218 782 245 cognoscere
797 211 926 245 quidnam
942 211 998 237 sint

1052 213 1145 247 τέρους
1160 213 1237 245 θεοὺς
1255 214 1323 249 ὅπερ
1353 215 1406 242 sic).
1436 215 1482 243 καὶ
1519 217 1556 251 μὴ
1584 217 1676 249 ἁπλῶς
1702 216 1775 244 οὕτω
1793 218 1842 254 καὶ

214 258 299 286 vestri
321 257 368 288 dii,
387 260 414 283 et
432 265 486 283 non
502 261 556 283 tam
578 256 790 289 inconsiderate,
806 266 867 292 qua:
881 266 934 284 non
951 257 999 284 de—

214 308 284 331 cent.
301 302 369 330 velle
393 302 495 334 facere;
516 307 544 330 et
567 311 622 330 non
648 303 714 340 deos
739 309 834 338 putare
855 304 1001 331 simulacra

214 349 366 381 hominum,
392 348 437 383 qui
470 348 552 376 vitam
572 349 670 376 misere
692 349 831 377 ﬁnierunt.
860 349 907 376 Ille
928 350 1000 377 enim

213 394 280 422 dicit
305 399 333 422 et
358 394 425 422 deos
455 394 538 422 fuisse
564 394 700 427 homines,
728 400 755 422 et
775 399 887 430 propter
911 395 1001 430 aliqua

213 441 347 468 beneﬁcia
380 441 536 468 nominatos
567 440 650 468 fuisse
684 440 860 483 immortales.
902 441 1002 468 Scribit

213 493 305 516 autem
330 488 403 523 ipsos
427 495 536 522 quoque
556 487 689 515 habuisse
714 488 838 522 proprias
860 488 1000 515 nominum

213 535 422 570 appellationes,
439 537 467 561 et
484 535 632 569 imperasse
653 534 817 568 quibusdam
835 534 995 569 regionibus

214 586 242 608 et
258 580 426 608 civitatibus.
442 579 511 607 Dicit
525 587 590 607 vero
601 580 728 607 homines
745 579 875 614 deceptos
893 581 1001 615 ignora-

215 626 299 658 tione,
325 634 372 654 eos
390 633 502 653 vocasse
522 625 597 657 deos,
620 630 647 652 et
666 626 792 653 retulisse
808 626 835 653 in
854 634 1000 654 numerum

214 672 419 699 immortalium.
443 671 528 700 Porro
556 676 648 699 autem
673 672 743 700 alius
760 679 869 707 quoque
892 672 1002 707 sapiens

213 718 285 753 apud
305 726 354 745 vos
369 726 402 745 ex
416 718 459 751 iis,
476 718 522 753 qui
537 719 759 753 conscripserunt
775 718 912 749 historias,
927 717 996 744 dixit

215 765 294 792 illum
327 764 439 792 Sarrum
467 763 604 791 invenisse
630 765 749 799 primum
779 772 823 792 res
848 764 1000 799 gentilium.

215 810 268 837 l‘los
296 810 378 842 cnim,
405 810 451 844 qui
484 809 582 844 priscis
612 810 791 845 temporibus,
823 814 870 837 aut
896 810 1004 838 fortitu-

213 856 295 889 dinis,
321 860 369 883 aut
389 856 525 888 amicitiae,
542 860 587 884 aut
611 856 726 892 alicujus
754 857 865 884 alterius
891 857 1000 884 virtutis

211 911 303 937 opus,
331 903 444 938 d‘gnum
472 902 546 937 quod
579 903 717 930 memoria:
756 903 922 932 mandetur.
951 908 999 930 aut

214 949 240 975 i:|
258 948 329 984 quod
353 948 475 976 studium
494 948 660 982 conferatur,
683 949 875 982 ostenderunt,
899 949 1001 977 diritur

213 995 365 1022 honorasse
384 994 481 1021 statuis
498 1002 530 1022 ac
544 995 708 1022 simulacris.
730 995 780 1028 Qui
798 999 888 1022 autem
906 996 991 1029 majo-

216 1046 277 1065 rum
297 1042 415 1065 mentem
440 1037 600 1072 ignoraruut
619 1038 733 1072 posteri,
758 1037 829 1072 quod
850 1045 897 1065 eos
912 1038 999 1065 solum

212 1084 351 1112 memoriae
376 1083 474 1119 gratia,
496 1088 526 1111 ut
551 1084 597 1119 qui
624 1091 681 1112 rem
698 1084 818 1118 aliquam
833 1084 997 1111 laudabilem

211 1132 334 1159 fecerant
361 1131 554 1163 honorasscnt,
581 1130 676 1166 eisque
699 1130 832 1166 imagines
854 1135 881 1158 et
895 1135 1000 1158 statuas

213 1178 380 1210 posuissent,
393 1177 427 1205 ad
444 1177 575 1205 homines
593 1178 716 1205 interitui
732 1182 759 1205 et
774 1177 886 1205 omnino
901 1177 1001 1204 simili-

210 1224 262 1251 bus
277 1224 410 1251 obnoxios
431 1223 625 1251 ati'ectionihus
648 1228 825 1251 accesserunt
842 1233 848 1250 :
870 1228 898 1250 et
917 1227 945 1249 ut
961 1223 1001 1250 eis

210 1271 309 1296 tierent
323 1269 468 1301 sacriﬁcia,
492 1269 668 1303 honoresque
683 1268 864 1299 haberentur,
889 1273 916 1294 et
941 1268 1001 1295 dies

210 1315 270 1341 testi
291 1315 508 1346 celebrarentur,
526 1314 718 1349 prmilerunt.
740 1313 793 1340 Eos
819 1318 908 1340 \ester
933 1320 1002 1347 quo-

210 1368 264 1394 que
283 1361 392 1394 sipiens
407 1361 575 1388 Plutarchus
599 1359 768 1387 Cheronaaus
789 1359 890 1393 arguit,
905 1359 1000 1386 dicens

210 1414 258 1433 eos
274 1406 404 1433 indum-re
426 1413 547 1434 errorem
568 1405 728 1440 imaginum,
759 1405 863 1440 quibus
890 1408 999 1439 oportet

212 1455 238 1477 te
256 1458 365 1484 quoque
382 1458 412 1476 cr
430 1450 506 1483 dere,
521 1458 536 1477 ο
555 1451 715 1486 imperator.
734 1450 794 1478 Non
813 1451 886 1477 enim
901 1449 1000 1477 alienis

211 1495 334 1526 omnino,
352 1496 398 1523 sed
417 1496 470 1523 tuis
491 1496 602 1527 credes,
622 1501 650 1524 et
667 1504 719 1523 non
736 1501 789 1523 tam
818 1496 917 1523 multas
939 1495 1001 1522 ani-

213 1548 272 1568 mas
292 1541 423 1568 inducere
441 1542 467 1569 in
494 1546 648 1570 extremum
673 1541 831 1569 barathrum
858 1541 997 1569 interitus.
1014 1555 1035 1584 ε

212 1587 265 1613 Pro
280 1587 379 1621 quibus
399 1587 455 1622 ipse
481 1587 581 1616 misere
603 1588 664 1615 lues
684 1596 791 1623 poenas,
817 1593 846 1615 et
863 1593 996 1615 aeternum

212 1633 319 1660 subibis
353 1634 530 1669 supplicium,
558 1634 722 1669 gehennam,
757 1635 881 1669 inquam,
916 1633 995 1668 ignis,

211 1687 271 1712 quae
290 1687 429 1714 nunquam
442 1680 554 1713 desinit,
575 1681 622 1708 sed
643 1682 775 1716 majorem
789 1688 898 1714 semper
918 1680 996 1707 ﬂam-

211 1733 283 1752 mam
296 1725 422 1753 aecendit
451 1726 498 1753 llis
515 1733 580 1761 ergo
594 1727 782 1761 persuaderis,
800 1734 816 1754 ο
833 1727 995 1761 imperator.

210 1777 236 1798 et
253 1779 399 1806 persuasus
414 1779 531 1806 agnosce
543 1779 637 1799 verum
652 1773 734 1799 Deum
751 1772 851 1804 solum,
862 1772 909 1807 qui
922 1772 998 1799 dedit

212 1818 262 1845 tibi
292 1818 345 1845 hoc
373 1817 539 1852 imperium,
565 1823 594 1846 et
619 1822 751 1853 prmterea
774 1818 862 1853 ipsam
890 1826 999 1854 quoque

211 1864 295 1890 vitam
317 1863 444 1898 prwbuit.
467 1863 519 1896 Qui
546 1871 608 1891 cum
636 1868 709 1891 esset
733 1863 803 1892 Deus
825 1869 946 1892 aeternus
965 1869 995 1892 et

213 1908 387 1941 immortalis,
408 1914 521 1944 propter
541 1917 590 1937 nos
615 1909 698 1937 homo
713 1917 821 1944 qn0que
842 1911 930 1938 factus
944 1915 997 1944 est,

215 1963 383 1990 crneemque
396 1960 424 1982 et
436 1960 551 1983 mortem
563 1955 657 1990 elegit,
671 1963 720 1983 nos
735 1955 838 1983 faciens
854 1964 966 1991 surgere
981 1965 995 1984 a

211 2005 298 2027 morte
312 2001 516 2033 inohedientim,
536 2005 563 2029 et
579 2006 608 2028 ut
621 2002 680 2036 ipse
700 2002 762 2034 scit,
786 2006 910 2029 nostram
924 2011 996 2036 pro-

209 2054 311 2074 curans
330 2048 457 2075 salutem.
485 2047 509 2075 ls
529 2052 557 2075 et
579 2056 687 2082 eorum,
698 2048 744 2083 qui
758 2054 862 2081 errant,
876 2054 917 2077 est
932 2049 997 2078 Ser-

208 2098 298 2125 vator.
314 2098 342 2122 et
361 2101 409 2121 eos
428 2101 497 2129 quos
513 2094 630 2130 poenitet
661 2095 779 2130 benigne
803 2100 830 2123 et
845 2095 996 2124 clementer

207 2147 250 2166 em
257 2137 317 2174 ipit.

244 2186 276 2214 V.
297 2186 338 2214 Ad
354 2186 411 2215 haec
428 2187 468 2214 ira
487 2187 616 2223 impletur
629 2187 782 2216 Maxentius
798 2187 996 2224 [Maximinus],

207 2238 236 2261 et
253 2241 314 2261 cum
331 2233 441 2262 fervens
464 2234 574 2269 sanguis
595 2234 629 2262 ad
648 2242 696 2261 cor
713 2234 773 2270 ejus
786 2234 924 2262 modicum
947 2235 996 2262 af—

208 2280 344 2312 ﬂuxisset,
360 2288 410 2307 vox
427 2289 538 2316 quoque
553 2281 578 2308 ei
593 2281 645 2308 fuit
661 2280 807 2312 exstincta,
830 2285 858 2308 et
873 2289 924 2308 nec
944 2289 996 2316 po-

209 2325 263 2352 tuit
288 2324 400 2359 quidem
425 2325 537 2352 omnino
558 2325 735 2360 respondere.
757 2325 827 2352 Cum
847 2329 938 2353 autem
961 2325 996 2353 ad

208 2378 238 2397 se
253 2370 297 2397 vix
313 2369 422 2397 tandem
446 2369 584 2401 rediisset,
607 2373 634 2396 et
659 2377 719 2403 qua:
739 2377 754 2396 a
779 2375 899 2406 martyre
922 2371 995 2398 diota

207 2416 327 2449 fuerant,
342 2415 458 2444 vidisset
472 2423 532 2443 esse
545 2415 675 2443 validiora
687 2436 694 2448 ,
710 2424 794 2450 quam
810 2421 840 2444 ut
855 2422 951 2444 contra
964 2425 996 2445 ea

208 2463 262 2490 dici
287 2467 398 2497 posset,
414 2462 493 2489 Nunc
513 2461 637 2496 quidem,
654 2462 754 2497 inquit,
770 2471 786 2490 ο
802 2464 910 2496 mulier,
937 2465 997 2492 sine

208 2515 340 2543 peragere
353 2508 518 2536 sacrificium
531 2515 539 2540 ;
551 2507 632 2542 paulo
648 2513 708 2543 post
720 2512 811 2536 autem
825 2509 859 2537 de
875 2510 918 2542 iis,
936 2520 997 2546 qum

209 2555 290 2588 dicis,
309 2555 453 2582 audiemus
472 2553 607 2589 apertius.
623 2553 738 2581 Peracto
761 2562 826 2589 ergo
848 2557 994 2590 sacriﬁcio,

209 2604 237 2627 et
253 2601 322 2628 festo
335 2609 384 2635 per
405 2600 464 2628 hmo
487 2600 578 2627 soluto
591 2619 598 2631 ,
623 2600 650 2627 in
672 2601 773 2635 regiam
792 2609 928 2635 reversus,
951 2611 997 2630 ac-

209 2647 293 2673 cersit
320 2647 439 2674 beatam.
469 2646 616 2681 Postquam
641 2651 732 2674 autem
757 2655 789 2674 ea
811 2649 898 2675 astitit
921 2657 928 2675 :
948 2650 996 2678 Dic

209 2692 300 2724 nobis,
324 2692 424 2726 inquit,
442 2700 565 2727 quaenam
585 2701 625 2726 es,
651 2697 698 2721 aut
723 2701 848 2728 quamam
874 2699 938 2722 sunt
963 2704 995 2723 ea

208 2737 303 2767 verba,
321 2745 381 2772 qua:
401 2746 431 2765 es
455 2738 535 2766 nobis
558 2739 672 2767 locuta?
698 2740 745 2767 llla
761 2745 852 2768 autem
869 2741 995 2774 :Nescis,

209 2781 309 2816 inquit,
325 2790 341 2808 o
359 2782 518 2817 imperator,
542 2791 668 2819 quaenam
683 2793 734 2820 ego
757 2786 830 2813 sim?
848 2785 913 2812 Sum
941 2787 995 2814 tilia

210 2828 393 2862 imperatoris,
407 2830 453 2865 qui
468 2835 494 2858 te
512 2833 651 2866 praecessit
669 2841 675 2859 :
691 2839 776 2859 vocor
797 2837 890 2860 autem
915 2832 995 2860 Λεω-

211 2874 308 2902 teriua.
335 2875 399 2902 Sum
425 2885 491 2905 vero
515 2879 664 2907 exercitata
693 2879 718 2906 in
747 2879 820 2905 outni
850 2878 994 2913 disciplina

1053 259 1221 293 ἀλλογίστως
1246 260 1359 287 τοιαῦτά
1385 270 1414 288 τε
1441 262 1609 297 ἀσχημονεῖν
1639 262 1767 293 ἑλέσθαι1
1795 263 1842 289 καὶ

1054 305 1133 338 θεοὺς
1161 307 1294 341 νομίζειν,
1326 308 1449 340 ἐλεεινῶς
1477 308 1522 335 τὸν
1547 308 1604 342 βίον
1628 308 1842 336 καταλυσάντων

1053 352 1207 388 ἀνθρώπων
1223 352 1330 379 εἴδωλα.
1349 353 1418 387 Φησὶ
1435 354 1488 388 γὰρ
1509 355 1622 386 ἐκεῖνος,
1639 354 1800 389 ἀνθρώπους
1812 364 1840 382 τι

1053 399 1116 428 τοὺς
1144 398 1221 427 Θεοὺς
1240 397 1311 425 εἶναι
1342 399 1429 432 λέγων
1445 400 1490 426 καὶ
1515 400 1550 426 δι’
1573 400 1735 434 εὐεργεσίας
1765 401 1840 433 τινὰς

1053 443 1204 476 ἀθανάτους
1237 445 1437 480 ὀνομασθῆναι.
1474 446 1588 481 Ἰστορεί
1621 446 1649 472 δὲ
1677 447 1725 473 καὶ
1759 446 1840 479 ἰδίαις

1056 489 1155 520 αὐτοὺς
1194 490 1335 525 ὀνομάτων
1359 491 1505 525 ἐσχηκέναι
1545 491 1755 526 προσηγορίας,
1793 491 1841 518 καί

1052 541 1133 559 τινων
1158 534 1239 568 ἄρξαι
1267 535 1364 570 χωρῶν
1394 544 1422 562 τε
1451 536 1499 562 καὶ
1524 537 1636 563 πόλεων.
1670 536 1780 572 Ἀγνοίᾳ
1812 537 1840 563 δὲ

1055 580 1242 614 πλανηθέντας
1260 582 1328 616 φησὶ
1341 583 1404 614 τοὺς
1423 582 1585 616 ἀνθρώπους
1601 582 1679 614 θεούς
1693 591 1723 609 τε
1743 583 1841 614 αὐτοὺς

1054 626 1168 653 καλέσαι
1193 627 1239 653 καὶ
1267 628 1419 659 ἀθανασίας
1441 629 1600 663 περιϐαλεῖν
1614 628 1762 662 ἀξιώματι.
1786 630 1842 656 Καὶ

1053 672 1134 704 ἄλλος
1150 673 1178 699 δὲ
1196 674 1279 708 σοφὸς
1293 674 1358 709 παρ’
1373 675 1440 709 ὑμῖν
1457 674 1539 702 πάλιν
1557 674 1612 701 τῶν
1632 675 1755 710 ἱστορίαν
1771 684 1840 710 γραο

1053 718 1162 753 ψάντων
1179 719 1224 746 τὸν
1244 721 1348 755 Σεροὺχ
1373 721 1478 747 ἐκεῖνον
1497 721 1583 755 ἔφησε
1606 721 1718 756 πρῶτον
1737 722 1772 748 τὰ
1792 722 1840 748 τοῦ

1059 765 1237 800 Ἑλληνισμοῦ
1266 766 1397 801 ἐξευρεῖν.
1426 768 1497 798 Τοὺς
1529 768 1584 802 γὰρ
1611 768 1641 793 ὲν
1670 769 1727 799 τοῖς
1756 768 1840 794 πάλαι

1054 811 1159 847 χρόνοις
1189 812 1206 847 ἢ
1241 813 1355 847 ἀνδρίας
1385 813 1401 849 ἢ
1433 813 1537 847 φιλίας,
1563 814 1619 840 εἴτε
1647 814 1719 843 τινὸς
1744 814 1841 848 ἑτέρας

1053 858 1154 893 ἀρετῆς
1174 858 1255 893 ἔργον
1276 860 1385 894 μνήμης
1406 859 1482 891 ἀξιον
1499 861 1547 886 καὶ
1566 859 1686 894 σπουδῆς
1705 860 1841 892 ἐπιδειξα-

1054 904 1152 939 μένους
1168 903 1292 940 ἀνδριᾶσι
1308 905 1415 938 λέγεται
1432 906 1479 931 καὶ
1496 905 1607 938 στήλαις
1618 904 1744 938 τιμῆσαι.
1766 905 1798 931 Οἱ
1813 905 1841 931 δὲ

1056 950 1126 984 μετά
1140 949 1226 977 ταῦτα
1238 970 1244 981 .
1261 950 1310 985 τὴν
1324 951 1377 976 τῶν
1395 950 1536 985 προγόνων
1556 950 1743 985 ἀγνοήσαντες
1765 950 1838 984 γνὼ-

1054 1003 1118 1030 μην,
1147 995 1194 1021 καὶ
1228 995 1269 1021 ὅτι
1295 996 1407 1030 μνήμης
1434 995 1516 1022 ἕνεκα.
1547 996 1627 1030 μόνον
1656 995 1777 1027 αὐτοὺς,
1797 996 1836 1027 ὡς

1051 1039 1194 1066 ἐπαινετόν
1213 1047 1238 1065 τι
1254 1040 1371 1074 πρᾶγμα
1398 1039 1594 1074 πεποιηκότας,
1620 1039 1767 1074 ἐτίμησαν,
1794 1039 1841 1066 καὶ

1050 1084 1214 1119 ἀνδριάντας
1234 1085 1327 1115 αὐτοῖς
1347 1085 1393 1110 καὶ
1412 1084 1514 1119 στήλας
1530 1084 1698 1119 ἀνέστησαν,
1714 1085 1751 1115 ὡς
1773 1084 1840 1111 ἀθα-

1051 1130 1143 1161 νάτοις
1177 1129 1248 1161 θεοῖς
1281 1130 1339 1161 τοῖς
1368 1129 1565 1164 ὸμοιοπαθέσιν
1595 1129 1753 1164 ἀνθρώποις
1794 1129 1842 1155 καὶ

1052 1174 1184 1210 φθαρτοῖς
1216 1174 1442 1210 προσετέθησαν,
1469 1174 1517 1200 καὶ
1544 1174 1640 1204 θυσίας
1672 1175 1765 1205 αὐτοῖς
1794 1174 1842 1201 καὶ

1052 1220 1136 1255 τιμὰς
1153 1220 1201 1246 καὶ
1219 1220 1390 1255 πανηγύρεις
1406 1221 1603 1255 ἐπενοήσαντο,
1624 1219 1736 1251 Τούτοις
1748 1219 1776 1246 δὲ
1794 1220 1841 1245 καὶ

1051 1268 1064 1292 ὁ
1081 1267 1163 1301 σοφὸς
1177 1267 1254 1300 ὑμῶν
1268 1267 1444 1301 Πλούταρχος
1461 1267 1474 1293 ὁ
1498 1267 1659 1302 Χαιρωνεὺς
1682 1265 1841 1300 ἐπιμέμφε-

1051 1322 1107 1346 ται,
1127 1313 1232 1348 πλάνην
1249 1313 1415 1347 ἀγαλμάτων
1430 1313 1529 1343 αὐτοὺς
1545 1312 1725 1348 παρεισάγειν
1742 1311 1840 1344 λέγων,

1050 1357 1090 1391 οἷς
1109 1359 1162 1394 χρὴ
1179 1358 1327 1393 πεισθῆναι
1347 1359 1393 1384 καὶ
1410 1358 1450 1388 σὲ,
1468 1357 1595 1393 βασιλεῦ.
1612 1357 1670 1384 Οὐκ
1691 1356 1842 1392 ἀλλοτρίοις

1052 1405 1106 1440 γὰρ
1127 1405 1247 1437 πάντως,
1273 1403 1341 1430 ἀλλὰ
1365 1405 1421 1434 τοῖς
1449 1403 1558 1435 οἰκείοις
1582 1403 1771 1438 ὲπειθόμενος.
1793 1402 1842 1428 καὶ

1054 1450 1091 1486 μὴ
1107 1450 1196 1485 ψυχὰς
1208 1449 1344 1480 τοσαύτας
1362 1450 1401 1478 εἰς
1422 1448 1538 1483 ἔσχατον
1552 1448 1688 1484 βάραθρον
1703 1446 1842 1478 ἀπωλείας

1050 1497 1191 1531 κατάγειν,
1217 1495 1254 1524 ὢν
1284 1496 1364 1528 αὐτὸς
1388 1496 1474 1531 δήπηυ
1500 1496 1550 1531 τὴν
1578 1496 1710 1528 κόλασιν,
1741 1493 1842 1524 ἀθλίως

1052 1544 1174 1578 ὑφέξεις,
1202 1543 1250 1568 καὶ
1275 1541 1387 1568 κόλασιν
1410 1541 1538 1567 οὐδέποτε
1553 1540 1702 1574 λήγουσαν,
1723 1538 1781 1565 ἀλλ’
1798 1539 1840 1565 ἀεὶ

1056 1591 1168 1625 μείζονα
1201 1597 1244 1615 σοι
1271 1588 1322 1622 τὴν
1350 1586 1397 1614 τοῦ
1414 1586 1500 1621 πυρὸς
1516 1586 1692 1612 ἀνάπτουσαν
1718 1585 1840 1619 γέενναν.

1054 1635 1168 1666 Τούτοις
1178 1633 1225 1661 οὖν
1238 1634 1375 1669 πείσθητι,
1390 1631 1569 1666 βασιλεῦ,καὶ
1585 1631 1707 1662 πεισθεὶς
1722 1630 1841 1663 ἐπίγνω-

1054 1681 1079 1707 θι
1097 1681 1162 1707 Θεὸν
1179 1679 1266 1714 ἁληθῆ
1279 1679 1358 1714 μόνον
1377 1678 1422 1703 τὸν
1435 1677 1570 1703 δεδωκότι
1584 1685 1624 1702 σοι
1640 1675 1689 1710 τὴν
1706 1675 1842 1709 βασίλειον

1053 1727 1156 1761 ταύτην
1173 1725 1280 1761 ἀρχὴν,
1301 1723 1414 1757 προσέτι
1433 1723 1461 1749 δὲ
1478 1722 1564 1749 καὺτδ
1581 1722 1611 1748 τὸ
1631 1721 1680 1755 ζῇν
1699 1718 1841 1754 παρασχὸ-

1056 1781 1147 1806 μενον,
1163 1772 1190 1803 ὃς
1205 1772 1269 1801 Θεὸς
1280 1771 1317 1798 ὢν
1330 1771 1414 1801 ἀΐδιος
1427 1771 1476 1796 καὶ
1488 1768 1621 1798 ἀθάνατος
1635 1766 1682 1793 καὶ
1697 1765 1841 1800 ἅνθρωπος

1055 1820 1168 1853 ὕστερον
1190 1819 1298 1852 ἐγένετο
1314 1818 1347 1844 δι’
1365 1817 1441 1852 ἡμᾶς
1457 1817 1504 1842 καὶ
1522 1813 1640 1849 σταυρδν
1653 1813 1701 1839 καὶ
1722 1812 1840 1838 θάνατον

1054 1866 1151 1898 sane,
1175 1865 1221 1891 τοῦ
1240 1865 1356 1891 θανάτου
1387 1863 1435 1896 τῆς
1450 1862 1593 1896 παρακοῆς
1610 1859 1684 1894 ἡμᾶς
1700 1857 1819 1884 ἀνιστῶν
1831 1877 1839 1889 ,

1054 1913 1103 1939 καὶ
1125 1912 1162 1943 ὼς
1176 1911 1257 1942 αὐτὸς
1273 1908 1327 1937 οἶδε
1346 1910 1395 1945 τὴν
1412 1909 1551 1943 σωτηρίαν
1565 1905 1840 1942 πραγματευόμενος.

1053 1955 1139 1990 Οῧτσς
1156 1958 1204 1985 καὶ
1217 1958 1270 1985 τῶν
1293 1956 1478 1990 πλανωμένων
1502 1954 1560 1980 ἐστὶ
1574 1953 1682 1988 Σωτὴρ,
1709 1951 1755 1978 καὶ
1777 1951 1840 1982 τοὺς

1055 2003 1254 2040 μετανοοῦντας
1285 2003 1374 2038 ἠπίως
1399 2001 1470 2028 πάνυ
1495 2000 1542 2026 καὶ
1570 1997 1715 2034 προσηνῶς
1743 1995 1840 2023 ὺποδέυ

1052 2060 1140 2087 κεται.

1090 2185 1129 2212 Ε’.
1151 2184 1222 2219 Πρὸς
1243 2184 1329 2210 ταῦτα
1349 2183 1432 2218 ὀργῆς
1456 2183 1469 2210 ὁ
1486 2182 1636 2213 Μαξέντιος
1659 2177 1837 2213 ὑποπίμπλα-

1013 2234 1036 2264 D
1052 2241 1108 2264 ται,
1126 2231 1175 2258 καὶ
1194 2230 1242 2257 τοῦ
1262 2231 1349 2265 θυμοῦ
1368 2230 1415 2257 ἐπὶ
1437 2230 1522 2265 μέσην
1537 2228 1610 2263 αὐτῷ
1632 2225 1838 2262 γαταρρεὐσαν-

1052 2287 1099 2310 τος
1123 2278 1173 2314 τὴν
1202 2277 1329 2313 καρδίαν,
1359 2276 1476 2310 ἐσΰέσθη
1506 2284 1535 2302 τε
1563 2274 1638 2309 αὑτῷ
1657 2274 1674 2308 ὴ
1695 2272 1771 2307 φωνὴ
1792 2270 1839 2297 καὶ

1052 2326 1115 2353 οὐδὲ
1131 2325 1335 2360 ἀποκρίνασθαι
1350 2325 1418 2356 ὅλως
1436 2321 1519 2358 εἶχεν.
1539 2323 1603 2357 Ὀψὲ
1619 2322 1646 2348 δὲ
1660 2322 1706 2347 καὶ
1719 2319 1839 2355 βραδέως

1051 2370 1219 2405 ἀνενεγκὼν,
1246 2370 1308 2397 ἐπεὶ
1327 2371 1419 2404 πάσης
1443 2369 1607 2399 ἀντιθέσεως
1624 2366 1786 2402 ἰσχυρότερα
1804 2364 1839 2391 τὰ

1052 2418 1105 2445 ὑπὸ
1128 2417 1179 2453 τῆς
1209 2417 1350 2452 μάρτυρος
1378 2416 1514 2450 είρημένα
1535 2413 1601 2446 εἶδε,
1632 2414 1680 2440 νῦν
1696 2413 1745 2449 μὲν
1759 2413 1840 2438 ἔασον

1051 2465 1125 2500 ἡμᾶς
1137 2484 1143 2495 ,
1165 2464 1229 2498 ἔφη,
1245 2464 1339 2497 γύναι,
1353 2462 1402 2498 τὴν
1420 2461 1515 2488 θυσίαν
1531 2461 1687 2487 ἐπιτελέσαι
1702 2468 1709 2474 ⁸
1731 2459 1789 2494 μετ’
1806 2457 1837 2484 οὐ

1052 2511 1120 2537 πολὺ
1135 2510 1164 2536 δὲ
1198 2509 1365 2544 σαφέστερον
1384 2508 1449 2543 περὶ
1476 2504 1513 2535 ὧν
1536 2507 1628 2537 λαλεῖς
1653 2504 1838 2540 ἀκουσόμεθα.

1051 2554 1234 2589 Τελεσθείσης
1261 2552 1307 2580 οὖν
1336 2554 1385 2588 τῆς
1415 2553 1523 2585 θυσίας,
1548 2553 1596 2580 καὶ
1610 2551 1741 2586 λυθείσης
1769 2549 1839 2585 μετὰ

1051 2602 1138 2628 ταῦτα.
1170 2601 1220 2634 τῆς
1250 2600 1358 2635 ἑορτῆς,
1394 2598 1550 2625 ἐπανελθὼν
1574 2599 1614 2629 εἰς
1638 2596 1673 2624 τὰ
1701 2596 1838 2631 βασίλεια,

1052 2648 1251 2682 μετάπεμπτον
1269 2648 1343 2672 ποιεῖ
1368 2646 1417 2680 τὴν
1450 2644 1603 2681 μακαρίαν,
1628 2644 1706 2670 Ἐπεὶ
1735 2643 1763 2669 δὲ
1791 2642 1839 2668 καὶ

1052 2695 1188 2729 παρέστη.
1204 2694 1272 2720 Εἰπὲ
1285 2695 1362 2729 ἡμῖν,
1379 2693 1444 2728 ἔφη,
1461 2693 1503 2724 τίς
1520 2690 1556 2725 εἴ,
1574 2692 1622 2719 καὶ
1639 2693 1713 2723 τίνες
1724 2691 1748 2717 oi
1764 2690 1838 2724 λόγοι

1050 2739 1098 2770 οὓς
1113 2740 1249 2774 ὲλάλησας
1274 2740 1344 2774 πρὸς
1360 2740 1435 2774 ἡμᾶς
1449 2748 1456 2772 ;
1483 2739 1515 2766 'H
1531 2739 1560 2765 δέ
1578 2747 1585 2753 ·
1603 2739 1660 2764 Οὐκ
1671 2735 1766 2769 οἶσθα,
1789 2736 1839 2770 βαν

1051 2785 1137 2818 σιλεῠ,
1166 2786 1227 2820 ἣτις
1244 2787 1322 2820 ἐγὼ;
1344 2785 1397 2813 Τοῦ
1419 2786 1472 2821 πρὸ
1496 2785 1543 2812 σοῦ
1563 2784 1695 2819 βασιλέως
1712 2783 1836 2817 θυγάτηρ

1050 2832 1108 2866 είμί
1124 2840 1131 2847 ·
1145 2832 1353 2867 Δίκατερίναηδὲ
1372 2833 1511 2867 κέκλημαι
1530 2839 1538 2846 ⁴
1559 2831 1685 2866 ἣσκημαι
1703 2830 1731 2856 δὲ
1744 2829 1836 2855 πᾶσαν

1051 2879 1186 2913 meum,
1204 2880 1355 2915 ῥητορικῆς
1370 2880 1417 2907 καὶ
1432 2879 1610 2914 φιλοσοφίας,
1626 2877 1798 2913 γεωμετρίας
1806 2884 1835 2902 τε
