2082 3153
196 174 247 207 2ξι1

731 177 966 210 MARTYRIUM
986 180 1017 211 S.
1038 180 1281 216 CATHARlN/E.

1766 187 1819 219 2R2

197 235 244 261 καὶ
259 232 313 259 τῶν
332 232 420 261 ἄλλων
436 232 610 269 ἐπιστημῶν.
619 232 701 260 Ἀλλὰ
717 235 783 270 παρ’
799 235 875 262 οὐδὲν
889 236 976 261 ἐκεῖνα

1032 238 1177 268 rhetorica:
1202 246 1229 268 et
1255 241 1444 277 pliil050phim,
1461 245 1618 280 geometriae
1646 249 1673 273 et
1699 245 1815 274 aliarum

198 279 298 314 θεμένη
325 278 426 312 πάντα,
454 277 536 316 ἦλθον
565 280 758 314 νυμφευθῆναι
784 281 824 316 τῷ
853 281 981 317 ἀθανάτῳ

198 325 309 360 νυμφίῳ
339 326 451 361 Χριστῷ
489 326 533 353 διὰ
571 327 618 353 τοῦ
649 327 792 361 προφήτου
822 327 980 362 λαλήσαντι,

201 381 211 398 ‹
239 372 344 399 Ἀπολῶ
357 374 407 407 τὴν
424 373 520 406 σοφίαν
540 373 595 399 τῶν
616 373 723 407 σοφῶν,
740 375 786 401 καὶ
803 374 850 409 τὴν
873 374 982 401 σύνεσιν

197 419 252 446 τῶν
269 419 388 445 συνετῶν
406 419 542 453 ἀθετήσω.
561 428 571 444 ι
804 441 808 444 .

232 465 277 498 ς’.
305 464 358 490 Τοῦ
385 464 412 490 δὲ
438 464 571 498 βασιλέως
591 465 636 491 ἐπὶ
660 467 713 496 τοῖς
743 467 849 500 ῥηθεῖσι
877 468 982 502 Θαυμά-

198 519 307 540 σαντος,
323 508 382 535 εῐτα
397 511 443 536 καὶ
457 510 635 544 ἀτενέστερον
647 511 715 546 πρὸς
731 512 816 546 αὐτὴν
828 513 979 545 ἁπιδὸντος,

197 556 243 582 καὶ
261 555 399 590 οἰηθέντος
425 555 462 590 μὴ
490 555 561 582 εἶναι
581 557 686 590 ταύτην
708 559 774 590 μίαν
795 558 848 584 τῶν
875 559 981 591 γένεσιν

197 601 253 627 ἀπὸ
268 601 319 635 γῆς
335 601 502 635 ἐσχηκότων,
527 601 594 628 ά).λά
608 611 670 629 τινα
691 603 746 629 τῶν
763 604 833 630 Θεῶν
847 604 981 632 ὀπτασίαν

197 648 264 682 ὀρᾷν
279 648 308 673 ὲν
322 647 467 682 ἀνθρώπου
484 649 604 682 σχήματι
629 648 836 685 διαλεγομένην,
850 650 922 678 οὕτω
935 653 982 678 καὶ

198 692 340 725 οξηθέντος
352 693 398 718 καὶ
415 692 483 728 πρὸς
496 693 578 719 αὑτὸν
593 694 874 729 παραφθεγξαμένου,
895 698 912 727 ἡ
926 705 980 731 μα-

197 737 281 772 καρία
309 738 355 763 τὸν
381 738 459 771 λόγον
488 738 661 766 ὑπολασοῦσα
694 741 761 776 φησὶ
790 743 858 776 πρὸς
875 743 981 768 αὐτόν·

204 781 326 816 ’Λληοῶς
344 782 447 815 me“,
466 781 488 809 ὦ
508 783 630 818 βασιλεῦ.
646 785 779 819 Δαίμονες
797 787 851 822 γὰρ
866 786 912 818 οὓς
924 788 981 814 ὀνο-

199 828 294 862 μάζεις
323 828 402 859 Θεοὺς
426 829 514 861 ὄντες,
544 830 713 865 δαιμονικοῖς
741 833 814 866 ὑμᾶς
840 833 981 868 φάσμασιν

198 873 337 905 ἀπατῶσι,
353 876 400 900 καὶ
417 875 485 910 πρὸς
503 876 649 909 ἀσέλγειαν
669 877 860 909 ἐκκαλοῦνται.
880 880 927 906 καὶ
939 881 980 911 είς

196 920 314 952 ἀτόπους
341 922 490 956 ἐπιθυμίας
519 923 710 957 ἐμϐάλλουσιν.
745 925 814 957 Ἐγὼ
833 926 882 958 δὲ,
901 927 980 952 ὁποία

195 975 238 996 τις
258 966 291 993 ἂν
307 965 339 1000 ὦ,
363 967 428 1002 χοῦς
442 969 501 1001 εἰμι
515 970 562 995 καὶ
583 970 686 1004 πηλὸς,
703 971 742 1002 είς
759 971 887 1006 τοιαύτην
904 972 981 1006 παρὰ

195 1014 242 1040 τοῦ
261 1015 329 1041 Θεοῦ
346 1015 499 1042 ’κλασθεῖσα
518 1017 637 1051 μορφὴν,
665 1018 713 1044 καὶ
729 1020 762 1053 τῇ
786 1019 868 1045 αὐτοῦ
896 1020 981 1046 εἰκόνι

195 1061 365 1096 τετιμημὲνη
380 1070 387 1076 ·
402 1062 473 1088 ὥστε
493 1064 541 1089 καὶ
559 1063 715 1097 θαυμάζειν
733 1065 835 1097 μᾶλλον
855 1065 981 1092 ἐντεῦθεν

195 1109 244 1142 τὴν
271 1107 367 1140 σοφίαν
392 1108 438 1134 τοῦ
454 1109 625 1142 δημιουργοῦ
651 1110 805 1144 προσήκει,
834 1111 930 1146 ὅτιπερ
952 1113 981 1138 ὲν

194 1153 281 1188 πηλῷ,
310 1155 356 1180 καὶ
375 1154 463 1186 οὕτως
483 1155 589 1181 εὐτελεῖ
601 1157 633 1190 τῇ
654 1156 705 1192 ὕλῃ
723 1157 853 1183 τοσοῦτον
871 1157 981 1192 ἴσχυσεν

194 1199 347 1232 ἔξασκῆσαι
362 1200 470 1232 κάλλος.
496 1201 554 1236 Ἐφ’
574 1199 613 1233 οἷς
630 1202 798 1237 δυσχεράνας
811 1203 824 1229 ὁ
840 1203 978 1238 βασιλεὺς,

195 1245 240 1277 Μὴ
268 1245 332 1278 λέγε
362 1246 426 1277 τοὺς
456 1246 534 1277 θεοὺς
559 1246 663 1278 κακῶς,
682 1247 746 1281 ἔφη,
772 1247 926 1279 ἀθανάτους
949 1257 980 1275 τε

194 1290 293 1322 αὐτοὺς
311 1292 400 1323 ὄντας,
418 1293 466 1318 καὶ
488 1292 565 1324 δόξαν
586 1292 720 1319 ἀθάνατον
737 1294 860 1328 ἔχοντας.
888 1295 941 1321 Καὶ
962 1295 978 1329 ὴ

194 1335 298 1371 μάρτυς
311 1344 317 1351 ·
336 1337 470 1372 [εὑρήσεις
489 1339 540 1372 ἄρα
555 1339 601 1365 καὶ
618 1339 661 1370 σὺ,
678 1339 772 1373 φησὶν,
787 1336 808 1366 ὦ
825 1340 948 1374 βασιλεῦ,
965 1341 979 1367 ὅ

192 1389 218 1407 τι
245 1381 310 1408 ποτέ
334 1383 402 1408 εἰσιν
427 1383 452 1409 οι
489 1383 547 1410 οεοί
577 1392 635 1416 σου,
670 1385 752 1419 μόνον
776 1387 800 1412 ει
827 1386 877 1421 τὴν
893 1387 978 1421 ἀχλὺν

191 1427 241 1461 τῆς
257 1428 367 1463 ἀπάτης
381 1429 515 1464 ἐθελήσῃς
533 1430 684 1457 ἀποῦαλείν
701 1439 709 1447 ο
725 1431 865 1467 ἐπιγνώσῃ
885 1433 913 1459 δὲ
929 1433 977 1460 καὶ

191 1473 237 1500 τὸν
253 1473 338 1509 ἀληθῆ
354 1475 432 1507 Θεὸν,
446 1476 521 1507 ὅστις
535 1477 610 1502 ἐστὶν
625 1476 762 1509 ἀθάνατος
776 1479 821 1504 καὶ
835 1479 931 1509 ἀΐδιος,
947 1475 976 1506 οὗ

192 1520 239 1546 καὶ
249 1519 334 1554 ὄνομα
352 1521 434 1555 μόνον
454 1521 662 1557 λαλούμενον,ἢ
680 1523 726 1549 καὶ
741 1523 857 1558 σταυρὸς
883 1525 913 1550 ἐν
938 1524 976 1559 τῷ

1032 285 1219 313 scientiarum.
1249 288 1302 314 Sed
1322 288 1365 314 illa
1391 289 1482 316 omnia
1508 291 1588 318 nihili
1613 291 1734 325 ducens,
1753 294 1816 320 veui

1032 335 1062 357 ut
1077 331 1262 366 despondercr
1280 333 1427 362 immortali
1447 343 1548 370 sponso
1567 337 1687 370 Christo,
1712 339 1758 373 qui
1776 339 1817 366 lo-

1031 381 1112 404 cutus
1125 383 1168 405 est
1183 386 1231 412 per
1247 379 1408 412 prophetam
1425 389 1430 406 :
1447 380 1562 407 Perdant
1585 383 1749 416 sapientiam
1776 382 1832 410 sa?

1031 425 1164 459 pientum.
1183 430 1210 452 et
1229 426 1400 458 prudentiam
1418 427 1587 461 prudentum
1621 429 1774 462 reprobabo
1797 431 1817 457 ¹.

1066 471 1110 498 Vl.
1126 470 1194 498 Cum
1210 475 1300 498 autem
1318 471 1467 506 imperator
1481 472 1634 498 admiratus
1649 479 1734 507 eSset,
1758 483 1818 508 qua:

1031 517 1103 545 dicta
1117 517 1235 548 fuerant.
1253 522 1281 544 et
1297 517 1322 544 in
1337 525 1396 544 eam
1409 518 1543 545 intentius
1555 519 1695 546 deﬁxisset
1710 521 1817 550 oculos.

1031 567 1058 590 et
1085 563 1269 590 existimasset
1291 571 1350 590 eam
1379 571 1433 590 nou
1452 571 1513 591 esse
1539 568 1621 591 utinm
1643 572 1675 591 ex
1692 565 1736 596 iis,
1757 574 1818 600 quae

1032 613 1102 635 nam
1115 614 1180 635 sunt
1200 617 1215 635 e
1233 613 1323 641 terra;
1347 609 1392 636 sed
1409 616 1438 635 se
1457 609 1571 636 deorum
1588 610 1707 644 aliquam
1724 611 1818 638 videre

1032 654 1164 682 visionem
1179 675 1186 687 ,
1202 655 1359 690 loquentem
1375 655 1401 682 in
1419 655 1514 682 habitu
1531 655 1652 683 humano
1674 666 1680 684 :
1700 665 1761 684 cum
1778 657 1818 684 sic

1032 705 1210 735 putasset.et
1225 709 1285 728 eam
1307 709 1450 736 perperam
1471 707 1544 729 esset
1569 703 1714 738 allocutus,
1739 703 1818 730 beata

1031 753 1186 772 sermonem
1201 746 1357 781 excipiens,
1373 747 1439 774 dicit
1451 748 1496 776 ei:
1515 748 1584 776 Vere
1598 749 1703 781 dixisti,
1726 757 1742 776 ο
1767 750 1814 776 im-

1032 797 1152 827 perator.
1169 793 1309 820 Diemoues
1330 794 1414 825 enim,
1439 802 1509 828 quos
1525 794 1592 822 deos
1618 795 1754 827 nominas.
1773 803 1818 822 re-

1033 846 1096 865 vera
1120 846 1168 866 vos
1190 839 1305 873 speetris
1326 839 1467 874 decipiunt
1493 840 1688 872 daemoniacis,
1717 846 1745 868 ct
1770 849 1818 868 vos

1033 888 1182 918 provocant
1205 884 1238 910 ad
1257 884 1400 911 libidinem
1422 890 1449 912 et
1473 886 1723 920 intemperanliam.
1740 892 1767 914 et
1783 887 1817 914 ad

1034 930 1152 956 nefarias
1166 929 1309 964 impellunt
1320 930 1494 965 cupiditates.
1508 931 1564 966 Ego
1575 937 1666 959 autem
1681 933 1819 967 cujusiuo-

1033 975 1168 1008 dicunque
1192 983 1274 1007 sum,
1300 983 1359 1002 sum
1387 977 1477 1010 pulvis
1501 981 1529 1004 et
1549 977 1647 1009 lutum,
1674 978 1763 1005 ellicta
1790 978 1817 1004 in

1033 1020 1103 1046 hanc
1125 1020 1257 1052 formam,
1279 1024 1307 1047 et.
1329 1022 1389 1056 ejus
1418 1021 1550 1049 honorata
1567 1023 1696 1058 imagine.
1720 1024 1818 1056 Quam-

1032 1065 1126 1091 obrem
1153 1065 1216 1092 hinc
1239 1066 1325 1100 magis
1346 1068 1474 1093 convenit
1496 1067 1627 1095 admirari
1653 1070 1816 1102 sapientiam

1031 1112 1148 1146 opillcis,
1162 1111 1234 1146 quod
1249 1112 1276 1138 in
1294 1112 1351 1138 luto
1363 1117 1391 1139 et
1407 1113 1434 1139 in
1451 1113 1563 1139 materia
1584 1118 1637 1140 tam
1653 1115 1699 1141 vili
1719 1119 1817 1149 polue-

1032 1158 1068 1185 rit
1081 1163 1182 1184 tantom
1201 1163 1344 1184 exstruere
1363 1158 1608 1192 pulchritudinem.
1623 1159 1689 1192 Qum
1705 1161 1816 1195 quidem

1030 1209 1101 1237 aegre
1114 1202 1205 1229 ferens
1231 1203 1486 1236 ilnperatoeroli,
1509 1204 1609 1238 inquit,
1627 1205 1680 1232 diis
1703 1206 1818 1233 maledi-

1031 1255 1104 1279 cere,
1131 1248 1177 1283 qui
1205 1253 1233 1275 οι
1263 1249 1314 1282 ipsi
1342 1253 1407 1275 sunt
1431 1249 1618 1282 immortales,
1647 1255 1674 1277 et
1701 1251 1814 1286 gloriam

1031 1294 1132 1320 habent
1148 1294 1341 1321 immortalem.
1359 1295 1459 1329 Martyr
1480 1300 1571 1322 autem
1587 1304 1593 1322 :
1612 1296 1752 1327 Invenies,
1773 1297 1817 1324 in-

1029 1339 1104 1374 quit,
1125 1343 1152 1365 tu
1178 1347 1298 1373 quoque,
1325 1347 1341 1365 ο
1365 1340 1525 1374 imperator,
1541 1340 1672 1375 quidnam
1693 1346 1757 1368 sunt
1778 1342 1815 1369 dii

1028 1386 1079 1418 tui,
1092 1386 1115 1412 si
1132 1386 1200 1412 velis
1217 1385 1306 1412 solum
1334 1389 1408 1412 tuam
1431 1385 1550 1420 abjicere
1565 1393 1712 1420 parumper
1736 1387 1817 1414 dccc-

1028 1432 1166 1466 ptionem,
1193 1439 1289 1458 verum
1307 1439 1419 1466 quoque
1443 1431 1530 1458 Deum
1554 1439 1696 1467 agnosces,
1712 1432 1758 1467 qui
1774 1437 1816 1460 est

1027 1482 1147 1505 aeternus
1168 1481 1196 1505 et
1224 1477 1405 1510 immortalis;
1433 1478 1512 1512 cujus
1534 1478 1576 1506 vel
1599 1479 1688 1506 solum
1714 1486 1814 1506 nomen

1028 1523 1254 1558 pronuntiatum.
1285 1524 1327 1550 vel
1354 1531 1423 1551 crux
1448 1525 1530 1551 etiam
1558 1524 1670 1559 figurata
1690 1525 1717 1551 iu
1739 1532 1814 1556 acre.

191 1565 254 1600 ἀέρι
268 1566 488 1600 διατυπούμενος
509 1567 634 1601 φυγάδας
651 1577 699 1594 σου
713 1569 776 1600 τοὺς
796 1570 874 1601 οεοὺς
890 1571 975 1606 ἀπερ-

1030 1573 1091 1595 tuos
1107 1569 1174 1595 deos
1187 1569 1270 1596 vertit
1289 1569 1315 1595 in
1330 1569 1432 1604 fugam.
1452 1569 1480 1595 Si
1495 1569 1562 1596 velis
1583 1574 1685 1600 autem,
1712 1569 1755 1596 vel
1780 1577 1815 1596 ex

190 1611 316 1645 γάζεται,
326 1612 358 1638 El
368 1612 394 1638 δὲ
407 1611 508 1646 βούλει,
520 1613 568 1639 καὶ
589 1615 711 1649 φανερὰν
724 1615 776 1641 ἀπὸ
788 1615 837 1650 τῆς
846 1616 975 1651 ἀληθείας

191 1657 242 1692 τὴν
258 1658 396 1691 ἀπόδειξιν
410 1659 595 1693 ποιησόμεθα.

225 1701 261 1730 Ζ’.
285 1703 475 1736 ’Υποπτεύσας
491 1704 585 1731 τοίνυν
610 1706 624 1731 ό
648 1705 778 1741 βασιλεὺς
796 1708 846 1743 τὴν
867 1709 976 1736 ἐλευθε-

191 1749 253 1785 ρίαν
267 1751 316 1784 τῆς
331 1749 473 1785 μάρτυρος
488 1751 525 1786 μὴ
542 1754 658 1787 περιστῇ
675 1754 810 1781 πάντοθεν
825 1756 906 1783 αὑτὸν
928 1757 976 1784 καὶ

189 1796 314 1831 κατάσχῃ
336 1798 396 1829 ταῖς
423 1797 606 1830 ἀποδείξεσιν,
632 1799 714 1832 αὐτὸς
730 1800 758 1826 δὲ
772 1801 974 1837 ἀποκρίνασθαι

189 1840 237 1868 καὶ
253 1841 456 1878 ἀνθυποφέρειν
469 1844 520 1869 οὐκ
537 1843 606 1878 ἔχων
619 1845 714 1872 ἑαυτόν
727 1854 756 1872 τε
774 1847 900 1883 φανερῶς
927 1849 975 1875 καὶ

189 1888 252 1919 τοὺς
269 1889 388 1920 οἰκείους
404 1889 519 1925 αἰσχύνῃ
537 1890 625 1923 θεοὺς,
639 1892 744 1924 ἐκεῖνος
754 1893 802 1928 μὲν
818 1895 878 1920 οὐδὲ
890 1895 973 1930 ψιλὴν

188 1933 239 1968 τὴν
255 1934 390 1968 ἀκρόασιν
415 1936 605 1971 καταδέχεται,
633 1938 896 1974 Προσποεησάμενος
923 1942 971 1968 ἁν-

190 1979 266 2012 άξιον
278 1979 349 2007 εἶναι
365 1983 475 2015 γυναικὶ
496 1983 669 2017 διαλέγεσθαι
689 1986 926 2021 προσαχοήσονται
946 1988 974 2014 δέ

190 2033 232 2051 σοι
248 2026 312 2061 παρ’
330 2027 397 2061 ἐμοῦ
413 2028 539 2062 ῥήτορες,
553 2026 615 2055 εἷπε
628 2049 635 2061 ,
647 2029 738 2056 πάντα
758 2039 805 2057 σου
823 2031 904 2066 λόγον
926 2032 974 2059 καὶ

189 2072 324 2107 πρότασιν
344 2074 415 2107 μετὰ
443 2074 546 2109 πολλῆς
565 2075 616 2109 τῆς
634 2077 794 2110 περιουσίας
822 2078 975 2106 ἀνασκευά-

189 2118 292 2151 ζοντες,
310 2119 395 2152 ὅπως,
415 2120 542 2154 ἀκριϐῶς
559 2121 605 2147 καὶ
624 2122 693 2157 αὐτὴ
709 2123 908 2158 καταμαθοῦσα
925 2128 975 2160 τὴν

188 2164 242 2191 τῶν
274 2165 390 2192 οἰκείων
417 2165 620 2200 προϐλημάτων
645 2169 804 2202 ἀσθένειαν,
841 2170 910 2205 πρδς
944 2171 974 2197 τὸ

190 2210 331 2245 συμφέρον
366 2211 526 2247 nomen;
560 2214 608 2240 καὶ
632 2213 671 2249 τῷ
695 2215 823 2250 ἡμετέρῳ
859 2216 974 2251 πεισθῇς

1029 1616 1085 1650 ipsa
1103 1615 1217 1642 veritate
1241 1619 1362 1650 apertam
1382 1615 1514 1642 faciamus
1537 1615 1812 1642 demonstrationem.

1064 1707 1121 1735 Vll.
1139 1707 1207 1734 Cum
1226 1707 1319 1740 itaque
1344 1705 1503 1740 imperatori
1526 1710 1652 1740 suspecta
1671 1704 1767 1732 fuisset
1781 1705 1815 1732 li-

1028 1754 1123 1782 bertas
1146 1753 1291 1788 martyris,
1319 1753 1483 1785 tiinerctque
1506 1759 1539 1778 ne
1562 1759 1591 1778 se
1611 1751 1731 1785 undique
1757 1751 1813 1777 cir-

1028 1801 1211 1831 cumsisteret,
1227 1803 1253 1826 et
1277 1797 1736 1832 implicaretdemonstrationibus,
1755 1797 1813 1831 ipse

1028 1853 1120 1874 autem
1146 1854 1200 1872 non
1225 1849 1318 1879 posset
1342 1843 1510 1878 respondere
1525 1847 1553 1870 et
1568 1843 1708 1874 resistere,
1729 1850 1813 1876 seque

1028 1898 1056 1921 et
1074 1900 1139 1920 suos
1156 1891 1222 1919 deos
1248 1895 1342 1925 aperto
1370 1890 1506 1916 dedecore
1529 1889 1659 1920 afﬁceret,
1683 1889 1740 1924 ipse
1754 1889 1814 1923 qui.

1028 1940 1090 1967 dem
1106 1947 1156 1966 nec
1173 1946 1233 1965 eam
1252 1942 1358 1964 tantum
1373 1936 1470 1963 audire
1493 1937 1619 1965 sustinet.
1637 1943 1694 1970 pra:
1718 1942 1747 1962 se
1771 1936 1812 1961 l'c-

1028 1993 1092 2013 rens
1108 1993 1160 2012 non
1178 1984 1287 2014 decere,
1303 1987 1333 2010 ut
1347 1990 1408 2009 cum
1422 1981 1524 2009 femina
1540 1981 1690 2008 dissereret
1707 1989 1713 2007 ε
1727 1980 1765 2007 ΑιΙ
1786 1985 1813 2006 te

1027 2036 1119 2058 autem
1134 2051 1141 2062 ,
1164 2029 1274 2062 inquit,
1298 2036 1313 2055 a
1339 2036 1381 2055 mc
1410 2027 1582 2054 adducentur
1606 2031 1739 2057 oratores,
1765 2025 1812 2060 qui

1029 2082 1125 2104 omnes
1140 2079 1200 2102 tuas
1212 2075 1335 2102 rationes
1357 2078 1383 2100 et
1399 2072 1602 2108 propositiones
1617 2072 1727 2098 abunde
1747 2079 1813 2098 con-

1026 2121 1178 2149 futabunt:
1202 2123 1232 2146 ut
1255 2127 1318 2146 eum
1352 2123 1380 2145 tu
1407 2125 1518 2152 quoque
1543 2116 1652 2144 abunde
1681 2116 1813 2143 didiceris

1028 2173 1138 2196 tuorum
1156 2168 1312 2202 dogmatum
1337 2165 1552 2192 imbecillitatem
1565 2184 1572 2196 ,
1596 2163 1713 2198 aspicias
1731 2163 1764 2190 ad
1786 2162 1812 2189 id

1026 2214 1099 2250 quod
1124 2219 1165 2241 est
1190 2204 1274 2246 utilc,‘
1295 2217 1323 2240 et
1346 2216 1440 2238 nostro
1465 2217 1562 2246 pareas
1588 2209 1718 2245 dogmati.
1750 2209 1814 2236 Παῖς

188 2255 316 2290 δόγματι.
339 2256 433 2283 Ταῦτα
449 2254 510 2282 εἷπε
522 2277 529 2290 ,
549 2258 596 2284 καὶ
617 2258 666 2294 τὴν
685 2261 734 2294 μὲν
750 2249 831 2294 ἁγίαν
849 2261 901 2287 ὑπὸ
923 2249 974 2296 φυ-

1028 2249 1111 2293 dixit,
1127 2264 1155 2286 et
1172 2263 1294 2286 sanctam
1319 2258 1429 2293 quidem
1451 2256 1530 2291 jubet
1549 2256 1654 2283 servari
1672 2256 1699 2282 in
1716 2260 1812 2282 custo-

190 2301 261 2336 λακῆ
290 2302 436 2337 τηρεῖσθαι
465 2304 651 2338 προστάττειπ,
674 2305 756 2338 αὐτὸς
787 2306 815 2332 δὲ
843 2307 880 2338 ὡς
903 2306 975 2343 εἶχεν

188 2345 278 2379 εὐθὺς,
299 2347 438 2383 ἐκτίθησιν
463 2350 606 2386 ἐπιστολὴν
631 2351 746 2386 ἔχουσαν
761 2353 847 2385 οὕτως
865 2362 871 2369 ·
891 2354 974 2381 Βασι-

188 2392 250 2424 λεὺς
271 2394 434 2427 Μαξέντιος.
457 2398 526 2423 πᾶσι
556 2399 615 2429 τοῖς
630 2398 684 2424 ὑπὸ
698 2399 748 2433 τὴν
763 2399 833 2434 ἐμὴν
848 2399 975 2432 ἐξουσίαν

187 2439 305 2473 χαίρειν.
332 2440 409 2467 Ὅσοι
435 2441 482 2468 τοῦ
516 2438 674 2477 σοὲρωτάτου
701 2444 771 2471 θεῶν
801 2445 902 2479 Ἑρμοῦ
926 2447 975 2482 τῆς

189 2482 317 2518 προνοίας
335 2486 454 2521 ἐτύχετε,
491 2489 540 2519 τὰς
554 2490 646 2521 αἰτίας
663 2490 713 2525 τῆς
732 2491 860 2524 γνώσεως
877 2493 975 2520 ἐπικα-

185 2530 334 2565 λεσάμενοι
359 2531 473 2565 μούσας,
497 2533 588 2560 ἔλθετε
618 2536 713 2570 μέχρις
738 2537 827 2572 ἡμῶν,
844 2538 874 2564 τὸ
889 2539 973 2572 φανὲν

185 2577 253 2612 ἡμῖν
269 2577 301 2603 ἐκ
313 2585 385 2608 τινος
397 2577 435 2609 ὠς
451 2578 522 2605 ἔοικε
541 2581 665 2615 μηχανῆς
692 2583 848 2616 σοφώτατον
862 2584 973 2618 γύναιον

187 2622 287 2650 θᾶττον
301 2624 539 2658 ὲπιστομίσοντες,
556 2626 593 2661 μὴ
607 2627 672 2658 τοὺς
689 2628 824 2662 μεγάλους
848 2629 974 2665 διαχλευ-

187 2668 264 2701 άζειν
282 2669 373 2702 θεοὺς,
394 2669 463 2705 μηδὲ
477 2671 581 2705 μύθους
596 2673 630 2699 τὰ
649 2673 714 2708 περὶ
729 2675 820 2702 αὐτῶν
833 2676 972 2710 ἡγεῖσθαι,

186 2715 240 2743 ὑπὸ
266 2715 373 2751 πιθανῷ
395 2717 433 2752 τῷ
455 2717 550 2752 ψεύδει
570 2719 803 2755 καλυπτομένους.
824 2723 902 2749 Οὕτω
918 2724 972 2760 γὰρ

187 2762 219 2788 ἂν
233 2763 283 2797 τήν
298 2771 328 2788 τε
343 2763 460 2798 πάτριον
477 2764 556 2799 ὑμῶν
577 2765 676 2799 σοφίαν
698 2767 798 2798 πάντες
814 2768 971 2804 θαυμάσον-

185 2815 239 2838 ται,
258 2809 304 2835 καὶ
324 2809 404 2844 ἡμεῖς
423 2810 472 2846 τὴν
493 2811 631 2846 ὑμετέραν
648 2812 712 2847 περὶ
733 2812 764 2839 τὸ
783 2813 871 2848 λέγειν
888 2814 970 2842 δύνα-

243 2901 318 2927 ‘l.a.
337 2909 408 2932 μιν,
430 2901 469 2928 H.

1023 2310 1087 2338 dia:
1105 2310 1162 2344 ipsc
1187 2312 1277 2335 autem
1300 2307 1390 2334 statim
1411 2306 1512 2333 emittit
1533 2304 1676 2340 epistolam
1701 2302 1728 2329 in
1754 2301 1812 2329 haec

1022 2356 1105 2383 verba
1124 2365 1129 2382 :
1146 2354 1299 2389 imperator
1312 2352 1466 2380 Maxentius
1488 2351 1499 2388 [
1514 2348 1694 2384 Maximinus]
1720 2348 1810 2375 omni-

1024 2402 1086 2433 bus,
1111 2402 1157 2436 qui
1181 2404 1244 2428 sunt
1269 2407 1335 2426 mem
1358 2398 1472 2425 ditionis
1496 2397 1623 2424 salutem.
1647 2395 1811 2428 Quicunque

1024 2448 1137 2476 deorum
1182 2444 1377 2481 sapientissimi
1417 2442 1545 2470 Mercurii
1576 2448 1672 2469 curam
1696 2439 1810 2474 geritis.

1025 2493 1159 2522 invocatis
1177 2492 1270 2523 Musis,
1284 2499 1344 2525 qua:
1367 2495 1431 2517 sunt
1453 2496 1544 2517 causa:
1569 2486 1747 2522 cognitionis,
1763 2491 1812 2510 ve-

1026 2541 1082 2567 nite
1107 2539 1139 2566 ad
1168 2546 1217 2565 nos
1241 2545 1347 2572 usque,
1377 2535 1586 2570 sapientissimae
1612 2530 1782 2559 mulierculae
1801 2548 1810 2561 ,

1024 2594 1085 2621 quae
1107 2585 1186 2612 nobis
1215 2584 1299 2612 veluti
1320 2591 1352 2610 ex
1378 2582 1495 2618 quadam
1517 2580 1643 2607 machina
1668 2576 1810 2612 apparuit,

1021 2640 1053 2660 os
1064 2631 1243 2662 obs‘ructuri,
1255 2638 1290 2656 ne
1308 2637 1420 2664 magnos
1436 2628 1503 2655 deos
1519 2626 1642 2656 irrideat,
1659 2630 1748 2658 neque
1769 2623 1809 2650 fa-

1021 2679 1099 2705 bulas
1113 2685 1173 2704 esse
1196 2680 1284 2711 putet,
1309 2683 1370 2710 qua:
1394 2675 1445 2702 sub
1470 2674 1540 2700 falso
1558 2676 1689 2707 teguntur
1706 2669 1808 2704 proba—

1020 2724 1079 2752 bili.
1104 2723 1149 2750 Sic
1163 2722 1235 2749 enim
1251 2726 1277 2748 et
1293 2721 1409 2756 patriam
1423 2719 1585 2754 sapientiam
1601 2724 1698 2745 oumes
1720 2715 1809 2742 admi-

1020 2770 1166 2799 rabuntur,
1190 2773 1218 2794 et
1245 2774 1294 2794 nos
1317 2770 1435 2792 vestram
1467 2763 1576 2792 dicendi
1599 2762 1755 2790 facultatem
1780 2766 1808 2788 et

1020 2819 1107 2842 artem
1145 2812 1307 2844 laudantes,
1339 2816 1366 2838 ct
1398 2814 1538 2845 acceptam
1580 2808 1730 2839 habentes,
1759 2813 1809 2832 vos
