2082 3153
258 172 312 203 283

881 167 1023 198 MENSIS
1045 167 1262 198 NOVEMBER.

1833 164 1886 195 284

258 227 364 262 magnis
387 225 468 252 donis
495 223 746 253 remunerabimus.
768 223 837 251 Cum
859 230 899 250 ea:
917 231 983 257 ergo
1001 222 1064 252 Ιὶι-⁴

1115 230 1147 248 ιιν
1162 221 1209 248 καὶ
1222 221 1321 255 τέχνην
1333 218 1530 253 ἀποδεξάμενοι
1539 218 1670 254 μεγάλαις
1683 218 1758 253 ὑμᾶς
1769 220 1885 255 δωρεαῖς

259 279 324 301 tera:
339 273 412 299 brevi
426 280 474 307 per
488 276 574 299 totum
588 279 669 298 suum
683 270 871 305 pervasissent
887 270 1045 304 imperium,

258 325 447 348 convenerunt
462 320 496 346 ad
514 320 603 354 ipsum
618 318 700 346 electi
716 326 832 345 numero
848 317 1046 352 quinquaginta

259 369 400 397 oratores.
419 366 466 399 qui
489 370 568 391 erant
606 372 684 391 acres
713 364 745 390 ad
783 362 996 394 inveniendum,
1021 366 1050 389 et

259 411 375 437 multum
394 411 520 437 valebant
546 410 572 436 in
601 409 728 436 dicendo.
752 409 826 441 Quos
839 417 899 434 cum
926 408 1050 443 proxime

260 456 400 484 sistendos
427 461 551 483 curasset
580 455 731 483 Maxentius
765 454 986 491 [Maximinus],
1021 458 1051 481 ut

262 502 448 530 familiaritate
465 510 513 530 eos
528 503 613 537 magis
626 506 737 529 acueret
751 507 778 529 et
795 501 925 528 incitaret
945 511 950 528 :
964 501 1030 533 Quae
1043 521 1050 533 ,

263 548 363 583 inquit.
381 556 396 575 a
419 548 498 575 nobis
517 548 550 575 ad
573 555 621 575 vos
637 547 726 574 misszc
743 551 807 574 sunt
831 547 941 577 litterae,
966 546 1052 581 signi-

264 593 383 620 l‘tcarunt
408 601 516 620 causam
540 594 622 620 vestri
651 594 705 620 httc
729 593 874 620 adventus.
897 593 953 620 Vos
988 600 1053 628 ergo

264 639 381 673 pulchre
396 639 521 673 vosipsos
552 639 654 673 parctis
667 643 694 665 et
708 638 863 666 instruatis.
875 639 969 672 Neque
980 638 1054 673 quod

264 684 301 711 sit
324 683 481 710 adversaria
505 683 628 714 letttina.
659 684 771 718 segnius
798 689 846 710 aut
871 684 1055 718 negligentius

264 730 383 757 veniatis
400 730 433 756 ad
452 735 591 756 certamen
603 750 610 762 ,
628 730 674 757 sed
694 735 823 764 tanquam
841 734 937 756 contra
962 730 1055 757 [οι-Πε-

265 776 367 802 simum
393 775 593 806 adversarium.
617 783 753 808 generoso
774 780 802 802 et
822 776 930 802 excelso
952 775 1055 808 animo,

264 826 368 849 etcum
386 822 461 848 omni
482 827 616 857 apparatu
641 823 667 849 in
686 829 746 849 eam
767 821 923 856 insurgatis.
944 821 1011 848 Nulli
1035 822 1057 848 si

265 867 392 893 viceritis
407 866 535 901 quidem,
563 875 616 894 nun
635 867 799 894 videbimini
826 867 921 894 multis
944 875 1055 902 parvum

266 912 389 939 erexisse
415 916 557 946 tropzeutn.
600 913 648 940 Sin
675 919 785 946 autem,
804 914 876 948 quod
902 913 991 944 absit,
1010 921 1057 942 vos

269 957 342 984 vim-i
361 958 525 993 contigerit.
547 966 674 993 magnum
692 959 812 986 dedecus
838 959 916 986 vobis
930 959 1058 986 consilia—

271 1003 346 1034 bitis,
363 1008 390 1030 et
405 1004 563 1031 ridebiiniui
581 1005 615 1032 ab
635 1005 775 1032 omnibus.
797 1005 970 1039 Aspicientes
984 1006 1057 1032 enim

271 1050 304 1076 ad
321 1058 428 1080 sexum,
442 1051 515 1085 quod
546 1052 582 1078 sit
606 1051 716 1082 mulier,
731 1059 792 1078 eain
814 1059 875 1078 esse
899 1052 1060 1079 existimant

272 1095 299 1122 in
318 1095 435 1122 dicendo
452 1096 633 1129 imbecillam,
649 1102 676 1124 et
697 1097 758 1132 ejus
779 1097 946 1131 eloquentire
970 1097 1060 1124 nullas

271 1150 333 1168 esse
352 1142 424 1169 vires
451 1142 631 1174 arbitrantur,
658 1151 775 1177 eamque
808 1144 878 1170 nihil
895 1151 1060 1178 generosum

272 1195 305 1214 ac
320 1187 390 1214 forte
408 1195 489 1222 posse
506 1192 554 1214 aut
571 1187 672 1219 facere,
690 1193 738 1214 aut
755 1187 858 1215 dicere.
872 1188 929 1222 Ego
957 1192 1060 1220 autem,

274 1238 304 1260 ut
319 1233 366 1267 qui
382 1233 441 1267 ejus
456 1237 612 1259 accuratam
637 1233 753 1260 habeam
775 1233 986 1267 experientiam,
1001 1234 1062 1268 opi—

277 1287 327 1305 nor
344 1279 377 1305 ab
394 1286 426 1304 ea
443 1278 597 1305 secundum
613 1278 737 1304 futurum
762 1277 914 1310 Platonem,
931 1279 978 1312 qui
1003 1278 1064 1305 tulit

276 1324 380 1358 primas
406 1328 497 1358 partes
525 1323 678 1357 sapientim.
698 1323 806 1356 Vosque
830 1324 870 1350 sic
895 1323 975 1350 velim
1004 1331 1066 1350 esse

276 1374 396 1403 paratos,
414 1368 527 1402 perinde
545 1377 577 1394 ac
593 1368 616 1394 si
630 1367 765 1395 adversus
778 1368 854 1395 illum
869 1368 958 1403 ipsum
971 1369 1066 1397 essetis

277 1414 456 1441 decertaturi.
473 1414 519 1441 Est
535 1414 608 1440 enim
624 1414 736 1447 melius,
759 1422 856 1448 magna
875 1419 1066 1450 exspectantes

279 1460 404 1487 invenire
421 1460 537 1492 minora,
557 1467 640 1494 quam
658 1468 742 1494 parva
766 1464 919 1494 sperantes,
944 1460 1067 1488 incidere

279 1506 307 1533 in
325 1506 452 1534 leniora.

1098 266 1284 301 ἀμειψόμεθα.
1310 266 1373 293 Τῶν
1392 265 1566 300 γραμμάτων
1607 265 1697 292 τοίνυν
1721 267 1815 293 πᾶσαν
1837 268 1886 303 τὴν

1099 314 1145 340 ὑπ’
1161 314 1243 340 αὐτὸν
1260 314 1349 348 ἀρχὴν
1366 314 1396 339 ὲν
1421 312 1508 347 ὀλίγῳ
1530 311 1731 348 περιελθόντων
1754 313 1887 348 συνῆλθον

1100 361 1169 397 προς
1192 361 1273 388 αὑτὸν
1296 361 1327 393 ὲξ
1351 360 1485 395 ἓπιλογῆς
1503 361 1549 386 τὸν
1571 359 1688 395 ἀριθμὸν
1716 361 1888 394 πεντήκοντα

1102 408 1228 443 ῥήτορες,
1250 407 1322 439 ὀξεῖς
1348 415 1378 432 τε
1404 407 1498 441 νοῆσαι
1525 407 1573 433 καὶ
1597 407 1684 432 εἰπεῖν
1711 406 1889 434 ἱκανώτατοι.

1103 453 1158 479 Καὶ
1173 453 1288 484 τούτους
1311 452 1456 486 ἐγγυτάτω
1476 452 1726 487 παραστησάμενος
1747 453 1762 478 ὁ
1780 453 1889 485 Μαξέν-

1103 507 1160 530 τιος
1187 499 1231 525 ἴνα
1255 499 1302 525 καὶ
1325 498 1406 525 πλέον
1427 498 1573 534 παραθήξῃ
1586 500 1647 530 ταῖς
1662 498 1830 531 οἱκειὼσεσι,
1854 500 1890 526 Τὸ

1103 545 1172 580 παρ’
1188 544 1280 580 ἡμῶν,
1297 544 1360 580 ἔφη,
1377 544 1495 580 γράμμα
1511 543 1637 579 πεμφθὲν
1653 545 1722 579 πρὸς
1744 545 1818 579 ὑμᾶς
1832 545 1892 580 ἐδή-

1103 592 1174 618 λωσε
1189 591 1238 626 τὴν
1253 591 1344 618 αἰτίαν
1359 591 1406 626 τῆς
1422 590 1538 617 ἐνταῦθα
1557 590 1635 625 ὑμῶν
1649 591 1780 624 ἀφίξεως.
1799 591 1893 626 Παρα-

1105 637 1274 664 σκευάσασθε
1287 636 1332 663 οὖν
1352 636 1482 672 ἰσχυρῶς,
1505 636 1551 663 καὶ
1568 636 1618 672 μὴ,
1633 636 1674 662 ὃτι
1692 635 1760 670 θῆλυ
1775 636 1805 662 τὸ
1818 638 1893 663 ἀντι-

1109 684 1277 719 μαχόμενον,
1294 683 1444 720 ἀργότερόν
1465 692 1524 714 πως
1545 684 1585 713 εἰς
1603 683 1650 709 τδν
1666 683 1762 717 ἀγῶνα
1777 683 1793 718 ἢ
1810 683 1894 718 ρᾳθυ-

1109 730 1224 765 μότερον
1249 730 1426 765 ἀπαντήσητε
1440 749 1448 761 ,
1465 729 1524 756 ἀλλ’
1538 729 1575 760 ὡς
1592 730 1663 764 πρὸς
1686 729 1894 764 ἀνταγωνιστὴν

1107 775 1295 809 ἀνδρειότατον
1315 774 1388 801 οὕτω
1411 775 1544 809 γενναίως
1560 775 1609 801 καὶ
1629 775 1704 809 πάσῃ
1730 776 1895 809 παρασκευῇ

1107 821 1282 856 διανάστητε.
1296 821 1466 856 Νικήσαντες
1484 821 1534 856 μὲν
1548 821 1602 856 γὰρ
1617 822 1647 847 οὐ
1661 821 1733 855 μέγα
1750 820 1897 854 στήσεσθαι

1111 869 1169 899 τοῖς
1194 867 1300 900 πολλοῖς
1324 867 1414 899 δόξετε
1442 867 1573 902 τρόπαιον
1589 866 1658 892 εἰδὲ
1683 867 1730 892 καὶ
1745 866 1899 901 ἡττηθῆναι

1109 915 1181 949 ὑμᾶς
1193 914 1295 949 συμϐῇ,
1309 914 1377 949 ὅπερ
1393 913 1561 948 ἀπεύχομαι,
1578 913 1699 948 μεγάλην
1721 912 1755 939 ἂν
1768 911 1899 947 αἰσχύνην

1109 962 1176 986 πᾶσι
1207 961 1253 987 καὶΙ
1271 960 1377 994 γέλωτα
1408 960 1515 993 δφλοιτε
1533 966 1542 976 ⁸
1563 959 1635 994 πρὸς
1660 959 1715 994 γὰρ
1741 959 1793 993 τὴν
1820 958 1899 991 φύσιν

1108 1006 1227 1041 ὁρῶντες
1255 1007 1297 1033 ὅτι
1325 1006 1404 1041 γυνὴ,
1429 1005 1531 1040 ἀσθενῆ
1563 1005 1610 1031 καὶ
1642 1005 1687 1031 τὸν
1711 1005 1794 1038 λόγον
1815 1005 1899 1038 αὐτῆς

1112 1053 1337 1088 ὑπολαμῦάνουσι
1362 1053 1410 1079 καὶ
1433 1052 1484 1087 τὴν
1510 1052 1588 1086 ἰσχὺν
1611 1049 1701 1084 εἶναι,
1717 1051 1765 1077 καὶ
1779 1051 1854 1077 οὐδὲν
1869 1050 1900 1076 ἂν

1111 1101 1238 1134 γενναῖον
1263 1099 1351 1134 αὐτὴν
1379 1099 1439 1125 οὐδὲ
1465 1098 1591 1133 ἀνδρικὸν
1611 1096 1674 1124 οὗτε
1691 1097 1799 1131 πρᾶξαι
1826 1105 1900 1128 ποτε,

1111 1144 1176 1171 οὔτε
1193 1145 1281 1171 εἰπεῖν
1302 1144 1462 1178 δυνηθῆναι.
1485 1143 1557 1176 Ἐγὼ
1576 1143 1604 1169 δὲ
1622 1143 1659 1173 ὡς
1683 1142 1786 1176 ἀκριϐῆ
1807 1143 1901 1176 πεῖραν

1113 1191 1198 1225 αὐτῆς
1211 1190 1348 1225 ἐσχηκὼς,
1365 1191 1413 1216 καὶ
1428 1189 1510 1216 αὑτὸν
1524 1188 1556 1215 ἄν
1571 1197 1616 1223 μοι
1630 1188 1702 1215 δοκῶ
1717 1189 1751 1215 τὰ
1764 1188 1901 1222 δευτερεῖα

1112 1237 1215 1271 ταύτης
1235 1237 1308 1270 ἔχειν
1331 1235 1377 1262 τὸν
1403 1235 1439 1262 τὰ
1453 1235 1548 1270 πρῶτα
1560 1236 1610 1267 τῆς
1625 1235 1723 1268 σοφίας
1745 1234 1902 1268 ἀπενεγκάο

1117 1290 1197 1318 μενον
1214 1282 1357 1314 Πλάτωνα,
1374 1281 1421 1307 καὶ
1441 1281 1515 1315 ὑμᾶς
1538 1280 1636 1315 ὥσπερ
1651 1280 1685 1306 ἃν
1701 1281 1725 1306 sl
1740 1279 1811 1314 πρὸς
1825 1278 1902 1306 αὑτὸν

1115 1329 1219 1353 ἐκεῖνον
1234 1327 1306 1353 οὕτω
1321 1326 1584 1361 παρασκευάζεσθαι
1601 1325 1673 1358 ἀξιῶ
1693 1333 1700 1340 ”
1720 1325 1829 1360 βέλτιον
1849 1325 1901 1358 γὰρ

1119 1373 1227 1408 μεγάλα
1253 1372 1464 1407 προσδοκῶντας
1492 1372 1624 1398 ἐλάττονα
1654 1373 1756 1407 εὑρεῖν,
1786 1372 1903 1407 ἥμικρὰ

1117 1419 1283 1450 ἐλπίσαντας
1301 1418 1487 1454 ἰσχυροτέροις
1502 1418 1674 1452 περιπεσεῖν.

316 1553 381 1580 Vill.
398 1553 439 1580 Ad
455 1553 513 1580 haec
529 1553 598 1580 dixit
615 1561 687 1581 u-nus
704 1561 737 1581 ex
751 1553 921 1587 oratoribus,
939 1553 985 1588 qui
1007 1559 1064 1581 erat

1155 1554 1197 1580 ΗΕ
1217 1552 1289 1588 Πρὸς
1304 1551 1392 1579 ταῦτα
1405 1549 1445 1584 εἷς
1461 1551 1518 1579 τῶν
1535 1552 1659 1588 ρητόρων
1675 1552 1688 1578 ό
1705 1551 1759 1579 τῶν
1773 1552 1827 1578 σὺν
1839 1551 1908 1587 αὐτῷ

279 1599 396 1626 eximius
423 1599 495 1626 inter
508 1606 617 1631 omnes,
633 1599 681 1634 qui
697 1603 778 1626 erant
802 1607 865 1626 cum
887 1599 954 1633 ipsis
971 1608 979 1626 :
994 1598 1067 1626 Con-

279 1648 439 1671 sentaneum
466 1648 519 1675 est.
535 1652 551 1670 ο
568 1644 733 1678 imperator,
763 1644 820 1671 hmc
842 1644 880 1670 ita
903 1652 932 1672 sc
954 1644 1067 1676 habere,

279 1694 307 1716 et
332 1690 528 1723 intelligentem
543 1697 606 1717 esse
631 1690 792 1722 mulierem,
809 1695 838 1717 et
854 1689 928 1716 acuti
955 1689 1068 1724 ingenii.

282 1736 335 1763 Sed
356 1744 409 1763 non
425 1737 534 1764 videtur
549 1736 616 1763 ﬂlllll
641 1736 710 1768 fore,
726 1741 756 1763 ut
773 1736 909 1763 sustineat
925 1737 1019 1763 venire
1041 1736 1069 1763 in

283 1787 461 1817 (antispectum
473 1782 603 1814 oratoris,
622 1790 655 1810 ne
667 1782 732 1809 dum
751 1786 780 1809 ut
797 1790 860 1809 cum
870 1790 903 1809 eo
919 1782 992 1809 ineat
1007 1790 1068 1810 cer-

285 1833 375 1855 tamen
393 1828 599 1863 disputationis,
616 1833 644 1856 et
660 1833 709 1856 aut
728 1829 831 1863 aliquid
854 1833 1001 1864 proponat,
1024 1833 1072 1856 aut

284 1879 413 1908 opponat.
429 1874 500 1907 Quid
523 1879 566 1901 est
579 1874 655 1902 enim
671 1874 771 1901 mulier
784 1874 818 1902 ad
842 1878 928 1902 artem
955 1874 1072 1902 rhetori-

283 1925 343 1946 cam
356 1918 367 1945 ’ἶ
379 1918 476 1946 Veniat
496 1923 587 1946 tamen
605 1919 695 1946 solum
707 1939 715 1952 ,
729 1924 755 1947 te
769 1919 885 1954 jubente
895 1939 904 1952 ,
919 1923 946 1946 et
965 1920 1072 1947 videbis

284 1973 346 2000 quae
361 1965 492 2000 deinceps
515 1971 734 2000 consequuntur.
759 1965 828 1994 Cum
845 1974 911 2001 ergo
934 1971 1071 1993 oratorem

283 2011 354 2038 adeo
370 2012 506 2039 tumidutn
520 2011 636 2039 vidisset
647 2012 800 2039 Maxentius
815 2012 993 2048 [Maximinus
1001 2012 1023 2048 ],
1037 2012 1072 2040 ad

284 2058 453 2092 voluptatem
470 2063 497 2086 et
510 2058 632 2086 lmtitiam
647 2059 738 2086 statim
755 2058 808 2086 fuit
823 2066 974 2086 conversus
984 2079 991 2092 ,
1008 2066 1072 2093 spe—

284 2112 349 2131 rans
369 2105 471 2132 stultus
491 2104 612 2140 linguam
631 2104 700 2132 adeo
716 2103 948 2140 intemperantem
971 2109 999 2132 et
1022 2112 1072 2131 au-

283 2150 380 2178 dacetn
406 2158 598 2185 persuasuram
622 2150 723 2186 linguae
749 2150 899 2177 moderatae
926 2154 955 2177 et
988 2150 1074 2184 plenae

284 2196 428 2230 sapientia.
443 2196 525 2224 Jubet
538 2204 606 2231 ergo
624 2200 688 2223 ante
707 2203 736 2223 se
755 2195 817 2223 sisti
833 2200 994 2230 martyrem.
1010 2195 1073 2222 Col-

1123 1599 1237 1626 πάντων
1266 1598 1473 1633 διαφορώτατος
1502 1596 1590 1626 εἶπεν,
1616 1599 1696 1630 Εἰκὸς
1719 1599 1793 1625 οὕτω
1827 1598 1907 1625 ταῦτα

1122 1646 1205 1680 ἔχειν,
1221 1642 1244 1672 ὦ
1262 1645 1386 1680 βασιλεῦ,
1404 1646 1452 1672 καὶ
1467 1645 1581 1680 συνετήν
1594 1653 1654 1671 τινα
1667 1645 1716 1679 τὴν
1731 1646 1851 1678 γυναῖκα
1864 1644 1908 1671 καὶ

1120 1692 1247 1726 ἀγχίνουν
1268 1688 1348 1718 εἶναι.
1373 1691 1444 1717 Ἀλλ’
1468 1691 1498 1717 οὐ
1509 1692 1585 1717 δοκεῖ
1604 1692 1736 1726 μοικατά
1760 1693 1907 1727 πρόσωπον

1121 1739 1234 1774 ῥήτορος
1264 1737 1348 1772 αὐτὴν
1372 1737 1461 1763 ἐλθεῖν
1490 1737 1652 1772 ὑπομείναι,
1677 1737 1714 1773 μὴ
1737 1738 1778 1764 ὅτι
1804 1747 1836 1772 γε
1860 1737 1904 1764 καὶ

1121 1783 1200 1817 λόγον
1220 1784 1347 1818 συνᾶραι,
1365 1783 1413 1810 καὶ
1428 1783 1468 1813 εἰς
1481 1782 1630 1817 προτάσεις
1648 1783 1722 1818 αὺτῷ
1736 1782 1783 1809 καὶ
1803 1783 1906 1810 ἀντιθέ-

1123 1837 1180 1861 σεις
1211 1829 1352 1865 χωρῆσαι.
1382 1829 1415 1856 Τί
1435 1829 1488 1864 γάρ
1517 1829 1576 1855 ἐστι
1606 1830 1675 1864 γυνὴ
1708 1827 1782 1865 πρὸςΔ
1813 1831 1907 1864 τέχνην

1124 1876 1283 1911 ῥητορικήν
1298 1884 1306 1907 ;
1324 1875 1418 1910 Ὅμως
1427 1875 1527 1902 ἐλθέτω
1545 1875 1625 1910 μόνον
1647 1875 1695 1902 σοῦ
1720 1875 1908 1906 κελεύσαντος,

1123 1921 1171 1947 καὶ
1191 1921 1254 1955 ὕψει
1269 1920 1304 1947 τὰ
1331 1921 1379 1947 ἐπὶ
1401 1921 1518 1952 τούτοις.
1541 1921 1593 1947 Τὸν
1612 1922 1718 1956 ῥήτορα
1734 1921 1827 1948 τοίνυν
1841 1921 1908 1947 οὕτω

1125 1967 1234 2002 μεγάλα
1259 1967 1391 2001 φυσῶντα
1415 1966 1478 1993 ἰδὼν
1494 1967 1508 1993 ὁ
1532 1967 1693 1999 Μαξέντιος,
1722 1967 1790 2002 πρὸς
1815 1966 1908 2002 ἡδονὴν

1124 2013 1206 2045 εὐθὺς
1232 2014 1279 2040 καὶ
1314 2012 1486 2049 φαιδρότητα
1515 2013 1720 2048 μετεϐάλλετο,
1749 2014 1866 2046 ιλπὶσας
1895 2014 1909 2039 ό

1125 2059 1239 2094 μάταιος
1272 2058 1425 2085 ἀκόλαστον
1450 2058 1522 2085 οὕτω
1549 2059 1597 2085 καὶ⁸
1624 2058 1755 2094 θρασεῖαν
1788 2059 1910 2093 γλῶτταν

1126 2103 1240 2138 ὲπιεικῆ
1272 2103 1320 2130 καὶ
1349 2102 1512 2138 φιλοσοφίας
1539 2103 1680 2137 γέμουσαν
1701 2104 1793 2130 πεῖσαι
1811 2103 1908 2138 ψυχήν.

1125 2149 1303 2184 Παραστῆναι
1319 2149 1409 2176 τοίνυν
1436 2148 1512 2183 αὐτῷ
1537 2148 1644 2175 κελεύει
1671 2148 1720 2184 τὴν
1750 2149 1905 2184 μακαρίαν,

1127 2194 1285 2220 συνείλκετο
1317 2192 1346 2219 δὲ
1369 2193 1418 2219 καὶ
1446 2191 1549 2228 πλῆθος
1574 2192 1672 2227 ἀθρόον
1699 2193 1739 2223 et;
1770 2193 1836 2219 Θέαν
1863 2191 1907 2218 τοῦ

284 2242 354 2270 lecta
371 2250 480 2277 quoque
505 2243 595 2271 fuerat
616 2242 748 2278 frequens
765 2242 933 2275 multitudo,
957 2249 1062 2269 concur

1127 2239 1234 2273 ἀγῶνος
1248 2238 1459 2273 ὲπιδραμόντες,
1471 2237 1543 2264 ὥστε
1560 2237 1656 2272 μαθεῖν
1672 2237 1806 2272 ὁπότερον
1831 2237 1910 2272 μέρος

285 2296 350 2316 rens
375 2289 410 2316 ad
435 2290 625 2324 spectaculum
653 2289 824 2322 certaminis,
845 2292 876 2316 ut
898 2288 1017 2321 scirent,
1041 2295 1073 2316 ex

286 2338 348 2362 utra
372 2340 449 2369 parte
478 2341 563 2363 staret
587 2335 717 2367 victoria,
738 2334 867 2362 Nondum
891 2339 1075 2371 pervenerant

285 2382 319 2408 ad
335 2382 486 2408 custodiam
508 2381 544 2413 ii,
560 2381 608 2415 qui
628 2381 697 2415 jussi
713 2380 825 2408 fuerant
848 2388 908 2408 eam
924 2381 1074 2415 adducere,

285 2434 348 2454 cum
361 2427 476 2460 angelus
489 2425 596 2453 Domini
611 2426 636 2452 ei
657 2432 808 2459 apparens:
825 2424 886 2452 Noli
902 2425 1010 2457 timere,
1026 2425 1074 2459 ait,

233 2475 236 2478 ‘
286 2471 334 2498 Dci
348 2471 449 2506 puella.
467 2470 537 2498 Ecce
553 2470 628 2497 enitn
640 2474 739 2505 prater
754 2473 829 2496 tuam
844 2470 1007 2504 sapientiam
1024 2470 1074 2498 tibi

287 2518 399 2545 dabitur
416 2525 430 2544 a
448 2517 504 2544 Deo
518 2517 653 2551 sapientia
666 2536 674 2548 ,
696 2520 725 2543 et
741 2516 921 2550 persuadebis
938 2516 1072 2551 quinqua-

286 2564 361 2599 ginta
387 2563 556 2591 oratoribus.
585 2562 680 2596 Neque
702 2561 791 2589 solum
808 2562 989 2596 persuadebis
1001 2583 1008 2596 ,
1026 2562 1074 2590 sed

286 2615 313 2637 et
330 2611 414 2645 ipsos,
439 2613 467 2636 et
489 2609 590 2635 multos
616 2608 696 2641 alios,
713 2608 761 2643 qui
779 2612 844 2635 sunt
866 2615 928 2635 cum
957 2608 1016 2640 eis,
1041 2609 1075 2635 ad

287 2655 373 2682 Deum
396 2655 527 2683 adduces.
550 2654 654 2682 Deinde
681 2659 709 2682 tu
733 2661 843 2689 quoque
869 2655 924 2682 eris
949 2654 1076 2682 redimita

289 2709 390 2728 corona
411 2701 547 2736 martyrii.
575 2701 638 2729 lltec
656 2701 704 2729 ille
718 2700 830 2736 quidem
855 2707 918 2728 cum
943 2700 1074 2732 dixisset,

288 2746 366 2774 abiit.

325 2791 371 2820 IX.
395 2791 463 2820 Cum
486 2800 546 2821 eam
570 2797 663 2821 autem
686 2791 860 2828 accepissent
876 2789 895 2817 ii
909 2810 916 2823 ,
935 2789 983 2824 qui
1000 2788 1077 2817 missi

288 2839 408 2872 fuerant,
423 2839 564 2868 adducunt
578 2840 611 2867 ad
630 2839 751 2867 tribunal
768 2835 956 2872 imperatoris.
972 2835 1006 2862 Et
1021 2838 1076 2861 sta-

289 2885 336 2913 tim
357 2885 481 2922 egregius
505 2886 551 2916 ille
574 2891 687 2920 orator,
713 2888 795 2920 quem
830 2883 906 2918 prius
935 2881 1053 2908 diximus
1069 2901 1075 2913 ,

1126 2285 1176 2320 τὴν
1210 2284 1330 2312 νικῶσαν
1360 2284 1517 2311 ἀποίσεται.
1547 2282 1633 2310 Οὔπω
1662 2283 1712 2317 τὴν
1738 2282 1863 2318 φυλακὴν
1888 2282 1910 2308 οἱ

1125 2331 1241 2365 ἀγαγεῖν
1255 2329 1339 2365 αὐτὴν
1352 2329 1555 2364 ἀπεσταλμένοι
1567 2328 1786 2370 κατέλαὸον,.καὶ
1798 2327 1912 2362 ἄγγελος

1125 2375 1160 2412 ἦν
1177 2377 1246 2412 αὐτῇ
1264 2376 1378 2407 ἐπιστὰς
1393 2375 1452 2409 καὶ,
1471 2375 1517 2410 Μὴ
1540 2374 1635 2410 φοὸοὖ,
1656 2376 1673 2410 ἡ
1696 2375 1759 2406 παῖς
1775 2374 1822 2401 τοῦ
1834 2373 1912 2405 Θεοῦ,

1126 2419 1222 2449 εἷπενυ
1238 2422 1293 2448 ἰδοὺ
1318 2421 1373 2456 γὰρ
1397 2420 1541 2455 δοθήσεται
1565 2428 1607 2446 σοι
1634 2419 1716 2454 σοφία
1736 2420 1783 2446 ἐπὶ
1809 2421 1842 2454 τῇ
1875 2419 1907 2452 σῇ

1128 2469 1210 2503 σοφία
1240 2468 1318 2503 παρὰ
1350 2467 1429 2499 Θεοῦ,
1457 2467 1506 2493 καὶ
1522 2467 1630 2498 πείσεις
1656 2466 1719 2498 τοὺς
1746 2467 1911 2499 πεντήκοντα

1127 2515 1256 2550 ῥήτορας.
1290 2514 1328 2540 υὺ
1344 2513 1450 2545 πείσεις
1474 2514 1503 2540 δὲ
1523 2513 1603 2548 μόνον
1630 2513 1737 2546 ἀπλῶς,
1766 2513 1834 2540 ἀλλά
1866 2511 1913 2537 καὶ

1126 2561 1225 2591 αὐτοὺς
1251 2559 1299 2586 καὶ
1326 2559 1440 2590 πολλοὺς
1460 2560 1508 2585 σὺν
1525 2559 1735 2594 αὐτοίςὲτὲρους
1765 2557 1913 2593 προσάξεις

1127 2606 1196 2642 Θεῷ.
1215 2605 1282 2633 Εἶτα
1303 2606 1350 2633 καὶ
1365 2606 1434 2641 αὐτῇ
1463 2606 1509 2632 τὸν
1531 2605 1578 2632 τοῦ
1608 2606 1759 2640 μαρτυρίου
1782 2605 1913 2639 στέφανον

1127 2651 1269 2686 ἀναδήσει.
1284 2651 1378 2677 Ταῦτα
1398 2652 1412 2677 ὁ
1429 2650 1481 2685 μὲν
1496 2649 1583 2677 εἰπὼν
1603 2650 1701 2685 ᾤχετο.

1164 2785 1203 2813 Θ’.
1232 2785 1370 2817 Λαϐόντες
1383 2785 1411 2812 δὲ
1429 2785 1514 2821 αὐτὴν
1526 2786 1550 2812 οἰ
1568 2785 1774 2820 ἀπεσταλμένοι
1785 2784 1824 2819 τῷ
1839 2783 1916 2819 βασι-

1129 2831 1196 2866 λικῷ
1219 2832 1392 2867 προσάγουσι
1421 2831 1533 2866 βήματι.
1558 2831 1611 2857 Καὶ
1637 2831 1736 2857 αὐτίκα
1755 2831 1768 2856 ό
1791 2828 1914 2864 γενναῖῦς

1131 2879 1224 2914 ῥήτωρ
1239 2879 1351 2912 ἐκεῖνος,
1368 2878 1398 2904 ὃν
1409 2877 1555 2912 προλαϐὼν
1569 2878 1582 2903 δ
1601 2877 1679 2911 λόγος
1697 2877 1826 2912 ἐδήλωσε,
1844 2873 1914 2910 pit/1
