2082 3153
183 204 233 235 ‘285

721 206 953 236 MARTYRIUM
974 206 1003 236 S.
1026 204 1265 235 CATHARlN/E.

1757 209 1812 240 236

186 260 294 294 βλέπων
309 259 357 286 καὶ
373 259 487 295 σοϐαρὸν
501 259 698 296 φθεγγόμενος,
721 261 758 288 Σὺ
773 260 808 292 sl.
829 261 923 295 φησιν,
949 260 967 295 ή

1021 264 1096 287 torve
1114 259 1234 292 intuens,
1250 263 1278 287 ct
1295 259 1412 294 superbe
1430 260 1544 296 loquens
1558 270 1564 289 :
1582 261 1623 289 Tu
1638 269 1668 290 es
1682 283 1690 296 ,
1707 263 1808 298 inquit.

185 305 386 339 ἀναισχύντως,
400 305 473 332 οὕτω
485 307 533 332 καὶ
548 306 653 341 ιταμῶς
667 307 708 338 si;
722 307 786 337 τοὺς
797 307 875 338 Θεοίις
889 306 969 342 ἡμῶν

185 351 382 384 ἐξυϐρίζουσα;
413 352 468 378 Καὶ
492 352 627 387 ἡμάρτυς
657 353 751 388 πράως
774 354 890 388 μάλιστα
923 353 970 380 καὶ

184 394 318 429 κοσμίως,
349 395 420 429 Ἐγώ
440 397 509 430 ειμι,
522 397 704 432 ἀπεκρίνατο,
725 398 795 433 πλὴν
818 398 869 424 οὐκ
894 399 972 424 ἀναι-

185 441 320 476 σχύντως,
347 442 384 473 ὡς
405 442 486 473 αὐτὸς
513 443 592 477 ἔφης.
611 444 657 470 καὶ
674 444 788 477 ίταμῶς.
807 444 925 478 μετρίως
942 443 971 470 δὲ

186 487 289 521 μᾶλλον
305 487 481 523 ἐφθεγξάμην
500 489 547 514 καὶ
570 489 735 524 φιλαληοῶς.
760 491 814 516 Καὶ
829 491 842 515 ό
858 491 950 524 ῥήτωρ
962 511 969 522 ,

185 533 244 559 Τῶν
270 533 396 567 μεγάλων
419 534 553 569 ποιητῶν,
571 536 650 568 φησὶ,
675 535 752 566 θεοὺς
768 535 883 569 ὑψηλοὺς
901 535 972 561 ὲκεί-

184 587 244 609 νους
266 578 452 612 ὀνομαζόντων
469 598 476 610 ,
503 579 562 611 πῶς
585 580 652 615 αὐτὴ
676 581 722 606 καὶ
744 580 866 614 γλῶτταν
886 583 971 612 κινεῖς

186 624 250 651 κατ’
269 623 359 650 αὐτῶν
376 626 423 650 καὶ
445 625 514 656 ὅλως
534 625 775 660 ἀποθρασύνεσθαι
801 627 834 652 τὰ
858 626 972 653 τοιαῦτα

183 669 298 702 τολμᾷς,
312 669 402 695 καίτοι
429 677 471 701 γε,
490 669 528 700 ὡς
544 669 558 695 ὀ
575 670 653 704 λόγος
666 671 733 705 ἔχει,
749 671 798 705 τῆς
811 671 912 698 τούτων
928 679 972 698 σο-

184 712 248 746 φίας
262 713 307 738 καὶ
319 713 389 746 αὐτῇ
411 713 579 747 γευσαμένη,
607 714 654 740 καὶ
668 715 717 749 τῆς
730 714 899 749 γλυκύτητος
913 723 971 741 κοι-

185 757 352 791 umquam;
386 758 543 790 Εὑσυνέτως
574 759 664 786 τοίνυν
700 761 792 794 ἐκείνη
818 760 864 786 τὸν
892 761 971 794 λόγον

185 804 370 837 ὑπολαϐοῦσα,
396 805 452 840 Τὴν
479 806 528 840 μὲν
551 805 649 840 σοφίαν
670 805 708 837 ὡς
724 806 771 832 τοῠ
794 806 873 841 ἐμοῦ,
892 808 969 842 φησὶ,

184 850 270 887 δῶρον
285 852 338 886 ἔχω
353 851 432 884 Θεοῦ,
453 851 482 883 ὃς
502 852 576 877 ἐστιν
595 851 610 885 ἡ
629 851 711 884 σοφία
726 852 802 886 καὶὴ
827 852 894 886 ζωὴ,
920 853 967 878 καὶ

184 896 213 922 ὃν
226 898 259 923 τὰ
274 897 416 932 φοϐεισθαι
431 897 478 924 καὶ
498 897 546 928 τὰς
560 897 642 924 αὑτοῦ
659 899 754 933 τηρεῖν
770 897 880 929 ἐντολὰς
899 898 968 933 ἀρχὴ

1021 313 1082 340 quae
1096 305 1162 333 deos
1176 310 1286 332 nostros
1303 310 1356 332 tam
1374 306 1548 340 impudenter
1558 311 1586 334 et
1603 307 1672 335 adeo
1690 308 1811 335 insolen-

1025 356 1067 378 ter
1080 351 1179 387 injuria
1196 351 1300 378 aﬂicis?
1322 351 1422 387 Martyr
1448 356 1540 380 autem
1557 353 1637 380 valde
1662 354 1761 382 leniter
1783 359 1811 381 et

1021 397 1126 431 placide
1142 397 1284 432 respondit
1299 405 1306 424 :
1320 396 1375 431 Ego
1390 404 1462 429 sum,
1483 397 1530 424 sed
1558 405 1612 424 non
1637 398 1812 433 impudenter

1020 447 1048 469 et
1074 442 1234 471 insolenter.
1257 446 1286 468 ut
1308 442 1410 472 dixisti.
1435 444 1482 469 sed
1513 443 1651 470 moderate
1667 445 1758 478 potius
1782 451 1810 472 et

1021 495 1085 514 vere
1099 495 1159 514 sum
1178 487 1278 514 locuta.
1304 487 1376 514 Dixit
1394 495 1458 513 vero
1482 493 1576 514 orator
1602 498 1608 515 :
1630 488 1698 515 Cum
1719 491 1808 524 magni

1021 538 1107 567 poetae
1122 533 1188 560 deos
1210 533 1280 560 altos
1308 533 1368 559 illos
1392 533 1543 563 nominent,
1569 534 1707 567 quomodo
1733 538 1760 560 tu
1781 534 1808 561 in

1020 585 1068 604 eos
1092 578 1212 611 linguam
1237 585 1346 608 moves.
1370 582 1398 604 et
1426 583 1479 604 tam
1505 577 1654 604 inSolenter
1673 578 1758 605 aniles
1781 578 1810 606 in

1020 630 1068 650 eos
1097 623 1251 650 insultare?
1270 624 1333 655 etsi,
1362 628 1390 650 ut
1414 623 1511 654 fertur,
1537 628 1564 649 ιιι
1580 631 1689 658 quoque
1712 631 1809 650 eorum

1020 669 1134 704 gustasti
1153 669 1329 703 sapientiam,
1345 672 1372 696 ct
1394 668 1468 695 fuisti
1484 670 1622 703 particeps
1645 668 1808 696 dulcedinis.

1021 714 1067 741 Illa
1082 718 1174 741 autem
1191 715 1341 748 prudenter
1358 714 1528 748 respondens
1545 725 1550 740 ε
1569 714 1662 740 Habeo
1676 714 1787 748 quidem
1799 734 1808 748 ,

1021 759 1120 794 inquit.
1144 760 1319 795 sapientiam,
1340 760 1413 787 sicut
1429 760 1481 786 mei
1498 760 1545 786 Dei
1562 759 1676 792 donum,
1697 760 1743 794 qui
1765 764 1820 788 est.

1020 807 1154 841 sapientia
1169 812 1196 834 et
1212 807 1279 839 vita,
1293 813 1319 834 et
1339 814 1420 842 quem
1440 807 1535 833 timere
1560 811 1587 833 et
1604 807 1664 840 ejus
1680 807 1809 835 mandata

1020 859 1142 883 servare.
1159 857 1201 879 est
1218 853 1324 880 initium
1341 852 1482 887 sapientia:
1507 852 1680 887 perfectioris
1702 858 1729 880 et
1753 861 1811 879 ma—

1018 897 1096 932 joris.
1115 898 1168 924 Res
1192 903 1283 925 autem
1307 902 1460 926 vestrorum
1479 897 1594 924 deorum
1618 905 1679 924 cum
1698 898 1752 924 sint
1770 897 1809 924 ri-

184 942 280 976 σοφίας
307 942 364 969 ἐστὶ
387 942 553 977 τελεωτέρας
582 942 630 968 καὶ
659 942 785 977 μείζονος
801 943 856 969 ·τὰ
870 943 899 969 δὲ
918 943 971 969 τῶν

1023 943 1130 974 diculze,
1146 949 1174 970 et
1190 944 1275 978 plena:
1289 945 1373 971 multa
1398 945 1570 978 deceptione.
1588 944 1710 970 nondum
1726 944 1808 970 ullam

184 988 326 1023 ὑμετέρων
356 987 426 1014 θεῶν
457 988 651 1021 καταγέλαστα
679 988 762 1020 ὅντα,
795 989 842 1014 καὶ
870 988 972 1023 πολλῆς

183 1035 302 1069 γέμίντα
320 1035 369 1067 τῆς
383 1034 491 1068 ἀπάτης
502 1053 509 1064 ,
529 1034 620 1060 οὐκέτι
639 1034 700 1059 οὐδὲ
715 1034 790 1065 ἀξίου
807 1034 878 1065 τινος
893 1034 971 1068 ἔτυχε

182 1080 280 1114 ψόγου.
300 1080 374 1114 Πλὴν
390 1079 448 1106 ἀλλ’
467 1079 528 1105 εἰπὲ
557 1080 623 1114 ἡμῖν
643 1080 716 1110 ὅστις
736 1087 783 1105 σου
807 1079 860 1106 τῶν
886 1081 972 1114 μεγά-

184 1125 248 1158 λων,
266 1125 302 1156 ὦς
318 1124 385 1159 φὴς,
399 1124 518 1159 ποιητῶν
532 1125 579 1151 καὶ
595 1125 669 1155 ὅπως
692 1123 770 1156 θεοὺς
787 1125 885 1156 αὐτοὺς
899 1125 972 1151 ἐπω-

183 1170 312 1205 νόμασεν.
337 1169 366 1196 ’0
380 1169 408 1196 δὲ
423 1169 516 1205 ῥήτωρ
532 1176 539 1184 ·
563 1169 661 1204 Πρῶτα
691 1169 740 1204 μὶν
771 1170 786 1196 ὸ
803 1170 970 1205 σοφώτατος,

185 1217 249 1251 ἔφη,
263 1217 384 1252 ποιητῶν
397 1217 532 1252 Ὅμηρος,
547 1217 727 1252 ἐπευχόμενος
743 1217 844 1243 οὕτωσὶ
876 1216 914 1251 τῷ
927 1216 969 1248 Δὶ,

185 1262 242 1290 Ξεῦ
255 1263 390 1296 κύδιστε,
405 1263 539 1298 μέγιστε,
552 1263 601 1289 καί
623 1261 766 1289 ἀθάνατοι
783 1263 844 1289 θεοὶ
860 1262 949 1289 ἄλλοι
961 1271 969 1279 ·

185 1309 280 1335 ἔπειτα
295 1310 324 1336 δὲ
341 1309 388 1336 καὶ
411 1310 425 1335 6
444 1309 623 1344 περίϐλεπτος
645 1309 763 1342 Ὀρφεὺς
784 1308 813 1334 ὲν
834 1309 868 1343 τῇ
886 1307 969 1334 aii-:06

184 1356 315 1391 Θεογονίᾳ
328 1355 464 1386 οὗτωιτως
481 1355 648 1390 εὐχαριστῶν
663 1354 702 1388 τῷ
716 1354 872 1385 Ἀπόλλωνι,
886 1353 908 1380 ὢ
919 1354 969 1380 ἃνα

185 1402 290 1437 Λητοῦς
311 1402 362 1433 υἱὲ,
381 1401 528 1436 ἑκατηϐόλε
549 1401 638 1433 Φοῖϐε,
658 1400 785 1436 κραταιέ,
808 1399 966 1435 πανδερκὲς,

184 1450 303 1483 ονητοῖσι
317 1451 365 1475 καὶ
377 1448 550 1475 ἀθανάτοισιν
567 1447 702 1480 ἀνάσσων,
725 1447 813 1474 Ἣέλιε
823 1446 968 1480 χρυσὲοσιν

185 1496 342 1531 ἀειρόμενει
359 1494 533 1529 πτερύγεσιν.
559 1493 639 1520 Οὕτω
657 1493 706 1528 μὲν
723 1492 770 1519 οὖν
785 1493 810 1518 οἱ
826 1492 968 1527 κράτιστοι

185 1542 231 1568 καὶ
256 1541 360 1576 πρῶτοι
383 1540 437 1566 τῶν
460 1539 580 1574 ποιητῶν
606 1538 709 1573 ἐτίμων
732 1546 763 1564 τε
796 1537 895 1569 αὐτοὺς
919 1537 967 1564 καὶ

184 1587 261 1618 θεοὺς
275 1585 404 1622 φανερῶς
425 1585 575 1615 ἀθανάτους
591 1584 718 1611 ἐκάλουν.
742 1583 818 1617 Μηδὲ
833 1583 968 1631 σίιτοινυν
981 1602 1003 1631 c

183 1633 236 1661 ιῑτιδ
250 1633 299 1668 τῆς
328 1632 437 1666 ἀπάτης
458 1629 629 1664 κλεπτομένη
651 1629 821 1664 προσανιχῃς
841 1625 885 1655 oin
909 1628 969 1663 θεῷ

183 1679 223 1714 τῷ
245 1678 449 1713 ὲσταυρομίνῳ,
473 1675 504 1702 δν
521 1675 582 1702 οὐδὲ
601 1675 656 1702 τῶν
676 1675 802 1701 παλαιῶν
820 1682 864 1706 τις
888 1674 969 1708 σοφὸν

183 1724 318 1759 ὀνομάσας
336 1723 502 1757 εὐρίσιιεται,
527 1721 591 1748 οὐδὲ
617 1721 641 1747 ει
661 1720 728 1752 Θεὸς
754 1719 863 1747 καλοῖτο
878 1719 966 1749 εἰδώς.

218 1769 247 1797 l'.
265 1770 321 1796 Καὶ
333 1770 350 1804 ἡ
373 1768 490 1803 μάρτυς
505 1767 568 1800 Ναὶ,
585 1767 665 1801 φησὶ,
688 1766 722 1793 τὰ
740 1766 804 1801 περὶ
823 1765 877 1792 τῶν
901 1766 970 1793 Θεῶν

185 1823 233 1842 σου
261 1814 348 1845 οὕτως
374 1813 448 1847 ἔχειν
464 1811 588 1846 ὁμολογῶ
603 1812 652 1838 καὶ
670 1811 720 1838 οὐκ
735 1812 769 1838 ἂν
791 1811 968 1846 ἀντείποιμι⁸

183 1860 241 1887 ἀλλ’
266 1859 358 1886 ἐκεῖνά
388 1867 440 1885 που
476 1858 606 1893 θήσομεν.
632 1856 756 1893 Ὄμηρος
784 1857 833 1891 μιν
859 1858 913 1892 γὰρ
939 1857 969 1885 ὃν

184 1907 331 1942 κράτιστον
361 1903 483 1939 ποιητῶν
504 1903 582 1938 ἔφης,
604 1904 686 1936 αὐτὸς
699 1904 805 1936 ἐκεῖνος
818 1904 901 1930 πάλιν
922 1904 970 1931 τὸν

185 1954 312 1989 μέγιστον
327 1951 455 1978 ἁπάντων
468 1950 536 1978 θεῶν
552 1959 599 1977 σου
628 1951 678 1978 Δία.
694 1950 801 1986 μυρίοις
823 1951 970 1978 ὑποϐάλλει

184 2000 239 2030 τοῖς
257 1998 425 2032 ἀτοπήμασι,
439 1998 476 2032 πῆ
492 1997 542 2030 μὲν
554 1996 676 2031 ψεύστην
702 1997 748 2023 καὶ
765 1997 880 2029 σκολιὴν,
899 2005 970 2023 πανι

183 2043 280 2078 οὗργόν
299 2051 329 2068 τε
351 2042 398 2068 καὶ
423 2041 568 2068 ἀπατεῶνα
583 2041 686 2074 καλῶν,
705 2041 743 2076 πῆ
763 2041 791 2067 δὲ
819 2041 870 2067 ὑπὸ
882 2041 971 2077 Ἤρας

185 2090 233 2116 καὶ
250 2088 416 2120 Ποσειδῶνος
429 2088 477 2115 καὶ
498 2087 625 2122 Ἀθηνᾶς,
641 2085 708 2122 παρ’
722 2087 813 2121 ὀλίγον
828 2086 971 2122 δεσμώτην

184 2135 340 2169 γενόμενον.
350 2134 380 2160 Ei
391 2133 446 2168 γὰρ
462 2132 500 2168 μὴ
514 2132 590 2167 παρὰ
603 2131 719 2163 Θέτιδος
733 2131 908 2167 κατεμηνύθη
922 2132 972 2168 τὴν

184 2181 344 2216 ἐπιϐουλὴν,
360 2180 408 2207 καὶ
426 2179 471 2206 τὸν
483 2179 596 2212 Αἰγαῖον
608 2177 720 2212 φύλακα
740 2178 790 2212 τῆς
801 2177 904 2209 οἰκείας
920 2185 972 2204 σω-

184 2228 282 2263 τηρίας
307 2226 504 2262 προύϐάλλετο,
528 2225 600 2260 τάχα
622 2233 663 2251 σοι
679 2224 733 2250 τῶν
761 2223 831 2250 θεῶν
854 2224 969 2250 καὶτῶν

1023 997 1073 1024 pro
1103 989 1210 1016 meritis
1234 994 1365 1017 assecuta:
1396 994 1461 1016 sunt
1489 989 1731 1024 vituperationem.
1755 989 1809 1016 Ve-

1023 1043 1082 1062 rum
1100 1031 1241 1062 eninivcro
1255 1035 1299 1062 die
1320 1035 1409 1065 nobis.
1422 1036 1548 1070 quisnam
1563 1044 1597 1062 ex
1614 1036 1668 1063 tuis
1692 1035 1808 1069 magnis,

1023 1084 1052 1107 ut
1065 1080 1143 1111 dicis,
1159 1081 1258 1115 poetis,
1277 1085 1305 1107 et
1319 1080 1458 1114 quomodo
1472 1081 1538 1108 deos
1553 1075 1627 1115 ipsos
1644 1081 1807 1107 nominavit?

1021 1124 1119 1152 Orator
1151 1131 1240 1152 autem
1260 1133 1267 1152 :
1287 1125 1407 1152 Primum
1433 1125 1555 1160 quidem,
1581 1125 1679 1159 inquit,
1701 1124 1810 1158 sapiens

1022 1175 1101 1204 poeta
1119 1169 1254 1197 Homerus
1277 1170 1372 1198 Jovem
1393 1178 1520 1205 precans.
1541 1171 1580 1197 sic
1597 1171 1663 1197 dicit
1680 1170 1810 1204 :Jupitcr

1020 1215 1239 1250 gloriosissime,
1262 1215 1398 1246 maxime,
1425 1219 1453 1242 et
1480 1215 1526 1241 alii
1554 1214 1591 1241 dii
1628 1214 1808 1241 immortales.

1022 1261 1125 1288 Deinde
1138 1261 1254 1296 insignis
1268 1268 1377 1295 quoque
1389 1260 1514 1294 Orpheus
1529 1261 1556 1287 in
1572 1268 1620 1287 sua
1639 1259 1807 1295 Theogonia,

1020 1307 1060 1334 sic
1075 1307 1177 1341 gratias
1195 1314 1279 1340 agens
1297 1306 1349 1333 deo
1373 1306 1503 1340 Apollini,
1521 1306 1587 1333 dicit
1605 1314 1612 1332 :
1628 1305 1650 1333 0
1667 1314 1714 1332 rex
1738 1305 1810 1332 illius

1021 1353 1143 1384 Latonis,
1157 1352 1264 1380 eminus
1281 1351 1393 1383 feriens,
1414 1355 1511 1386 potens
1528 1351 1639 1381 Phoebe.
1654 1351 1700 1386 qui
1718 1350 1810 1377 omnia

1020 1398 1150 1430 intueris,
1165 1403 1193 1425 et
1211 1398 1330 1432 imperas
1351 1397 1513 1425 mortalibus
1542 1402 1570 1424 et
1597 1397 1808 1430 immortalibus,

1020 1443 1084 1476 Sol,
1105 1444 1150 1478 qui
1175 1443 1202 1470 in
1221 1446 1306 1469 altum
1318 1443 1416 1477 pennis
1439 1443 1531 1470 aureis
1553 1442 1703 1470 extolleris.
1719 1442 1810 1477 Atque

1019 1490 1059 1518 sic
1085 1489 1196 1524 quidem
1228 1489 1447 1524 pneslantissimi
1481 1494 1509 1516 et
1536 1489 1616 1523 primi
1643 1496 1676 1515 ex
1705 1489 1806 1523 poetis,

1020 1534 1093 1569 ipsos
1122 1534 1303 1565 honorabant,
1329 1538 1357 1560 et
1379 1534 1446 1561 deos
1470 1537 1565 1568 aperte
1585 1533 1729 1560 vocabant.
1751 1533 1808 1560 Ne-

1019 1587 1072 1614 que
1090 1583 1117 1606 tu
1133 1587 1199 1614 ergo
1211 1579 1337 1614 decepta,
1352 1578 1514 1606 cruciﬁxum
1528 1579 1654 1606 attendas
1677 1583 1806 1613 tanquam

1022 1625 1118 1656 Deum,
1130 1632 1211 1659 quem
1227 1624 1319 1651 nullus
1335 1630 1369 1650 ex
1383 1622 1523 1650 veteribus
1537 1621 1648 1656 sapiens
1669 1622 1809 1648 invenitur

1020 1670 1186 1703 nominasse,
1199 1676 1288 1704 neque
1305 1669 1387 1702 scire,
1399 1675 1434 1696 an
1447 1671 1521 1696 esset
1534 1667 1616 1695 Deus.

1053 1759 1088 1787 Χ.
1104 1759 1206 1794 Martyr
1225 1765 1317 1786 autem
1339 1757 1407 1784 dicit
1425 1765 1431 1783 :
1449 1756 1504 1784 Res
1525 1756 1640 1784 deorum
1666 1755 1754 1783 fateor
1769 1755 1807 1784 ita

1019 1814 1049 1834 se
1064 1806 1184 1837 habere;
1201 1812 1291 1839 neque
1307 1803 1532 1831 contradixerim.
1549 1802 1602 1830 Sed
1626 1802 1671 1829 illa
1697 1801 1808 1837 adjicie-

1019 1858 1092 1878 mus.
1106 1850 1174 1878 Nam
1187 1848 1324 1877 Homerus
1338 1849 1461 1884 quidem,
1477 1856 1559 1883 quem
1571 1847 1663 1875 dixisti
1678 1853 1808 1882 praestau-

1020 1897 1156 1924 tissimum
1191 1899 1357 1930 poetarum,
1379 1895 1424 1922 ille
1439 1893 1498 1929 ipse
1530 1901 1628 1920 rursus
1660 1893 1809 1920 maximum

1019 1943 1141 1970 omnium
1157 1941 1272 1969 deorum
1299 1940 1405 1973 Jovem,
1427 1939 1677 1967 innumerabilibus
1694 1938 1809 1973 subiicit

1020 1987 1251 2018 absurditalibus,
1267 1987 1367 2014 alicubi
1389 1986 1500 2021 quidem
1524 1985 1684 2012 mendacem
1700 1988 1728 2011 et
1746 1991 1808 2018 per-

1020 2040 1148 2064 versum,
1173 2032 1335 2066 vairumque
1359 2039 1462 2058 vocans
1489 2035 1518 2058 et
1541 2031 1736 2064 deceptorem;
1759 2028 1807 2055 ali-

1020 2079 1085 2107 cubi
1100 2083 1191 2106 autem
1206 2085 1221 2104 a
1236 2077 1355 2109 Iunone,
1368 2076 1496 2112 Neptuno
1517 2080 1545 2103 et
1567 2076 1687 2102 Minerva
1711 2078 1811 2109 praeter

1021 2125 1154 2152 rationem
1168 2123 1323 2159 conjectum
1346 2122 1374 2149 in
1390 2122 1509 2149 vincula.
1526 2121 1584 2148 Nisi
1599 2121 1672 2147 enim
1700 2127 1714 2146 a
1738 2119 1812 2146 The-

1023 2171 1079 2200 tide
1093 2171 1119 2198 ei
1136 2170 1295 2205 signiﬁcata:
1307 2168 1424 2196 fuissent
1437 2166 1552 2197 insidiae,
1568 2169 1596 2193 et
1608 2165 1724 2200 Egeum
1740 2172 1810 2198 pra:-

1023 2217 1134 2245 i‘ecisset
1145 2216 1278 2244 custodiae
1294 2223 1350 2242 suae
1365 2213 1471 2246 salutis,
1486 2213 1601 2240 deorum
1619 2217 1647 2239 et
1666 2211 1811 2238 hominum

185 2259 290 2310 ἀνδρῶν
305 2275 320 2300 ὸ
332 2259 429 2309 πατὴρ
446 2272 543 2303 ὕπτιος
561 2271 650 2298 ἔκειτο
673 2271 794 2305 δέσμιος,
819 2269 971 2305 ἀϐοήθητος

1024 2270 1101 2300 pater
1114 2264 1184 2291 forte
1207 2262 1258 2289 tibi
1279 2261 1412 2297 iacuisset
1437 2260 1564 2294 supinus,
1581 2259 1699 2290 vinctus,
1720 2265 1734 2284 a
1751 2264 1813 2283 mu-

186 2320 239 2346 ὕπδ
259 2319 306 2346 δύο
317 2319 458 2353 γυναικῶν
473 2318 520 2345 καὶ
539 2316 705 2347 ποσειδῶνος
720 2315 971 2350 καταπαιζόμενος.

191 2366 222 2392 '0
244 2365 373 2400 μουσικὸς
395 2365 424 2391 δὲ
448 2364 530 2391 πάλιν
548 2362 666 2398 Ὀρφεὺς
687 2361 790 2396 πολλὴν
818 2361 894 2396 ὑμῶν
918 2361 973 2389 τῶν

186 2411 286 2442 αὐτοὺς
308 2409 464 2444 σεϐομένων
482 2409 529 2436 καὶ
545 2404 625 2440 οὗτος
653 2407 747 2435 ἄνοιαν
763 2407 811 2434 καὶ
827 2407 973 2442 παραπλη-

188 2456 249 2488 είαν
266 2455 481 2488 καταγινώσκει,
498 2455 545 2482 καὶ
561 2454 678 2488 μάλιστα
691 2451 749 2490 ἑνῇ
766 2453 850 2489 βίϐλῳ
866 2453 929 2488 περί
945 2460 973 2479 τε

187 2501 289 2533 αὐτῶν,
309 2500 347 2532 ὼς
365 2500 445 2535 ἔφης,
459 2500 513 2526 τῶν
535 2500 606 2527 θεῶν
621 2499 671 2534 τῆς
693 2500 774 2534 γονῆς
791 2499 837 2526 καὶ
858 2499 906 2533 τῆς
926 2498 973 2525 τοῦ

187 2548 292 2582 κόσμου
306 2545 460 2581 συνέγραψε
474 2545 600 2578 κτίσεως,
629 2545 701 2572 οὕτω
713 2545 771 2576 πῶς
783 2546 828 2571 καὶ
845 2544 910 2580 περὶ
925 2544 974 2579 τῆς

188 2591 326 2627 ὑμετέρας
349 2589 529 2625 ματαιότητος
546 2591 593 2616 καὶ
610 2590 659 2625 τῆς
683 2589 804 2624 ἀμαθίας
826 2589 974 2623 ὑποσημή·

189 2647 249 2670 νας,
266 2638 329 2664 οὔτε
341 2638 438 2668 κακοῖς
454 2637 685 2672 προοερχομένοις
701 2636 816 2671 νοῆσαι,
832 2635 896 2662 οὔτε
913 2636 974 2666 ποῖς

191 2685 263 2720 μᾶλα
276 2683 432 2719 προτρέψαι
444 2682 596 2717 κακότητος
604 2681 723 2717 ἔχουσιν,
739 2679 815 2716 ᾧτινι
832 2681 880 2708 καὶ
894 2681 975 2713 αὐτὸς

190 2729 268 2764 ὐμῶν
281 2730 295 2756 ὸ
309 2729 390 2763 σοφὸς
410 2728 621 2763 προσμαρτυρεῖ
640 2726 788 2762 Σοφοκλῆς.
806 2726 886 2752 Ἐστι
897 2725 974 2757 Θεὸς,

191 2774 286 2808 εἰπὼν,
304 2775 333 2806 ὃς
347 2774 464 2810 οὐρανὸν
479 2773 572 2805 ἔτευξε
585 2773 632 2799 καὶ
649 2773 730 2807 γαῖαν
744 2771 863 2808 μακρὰν.
878 2771 975 2798 πόντου

191 2829 220 2847 τε
231 2821 352 2857 χαροπδν
365 2819 446 2856 οἶδμα
457 2820 503 2846 καὶ
520 2819 628 2853 ἀνέμων
649 2818 720 2853 βίας.
734 2817 834 2852 Θνητοὶ
849 2816 877 2843 δὲ
891 2817 974 2843 πολυ-

162 2871 166 2874 “
193 2867 302 2903 κερδείῃ
316 2865 667 2903 πλανώμενοι,ἱδρυσάμεο;ι
684 2865 834 2900 πεμμάτιον
845 2862 975 2899 παραψυ-

194 2914 243 2948 χὰς
254 2914 300 2941 καὶ
314 2913 382 2941 οεῶι
413 2913 571 2948 ἀγάλματι,
587 2912 672 2946 ξύλων
682 2910 820 2938 mntem
833 2911 863 2936 ἐκ
875 2917 975 2945 ynno-

1022 2310 1137 2338 lieribus
1153 2313 1181 2335 et
1195 2307 1322 2342 Neptuno
1342 2307 1450 2334 illusus.
1469 2305 1576 2333 Rursus
1599 2303 1725 2338 Orpheus
1746 2309 1810 2329 mu—

1023 2356 1096 2384 sicus
1125 2362 1184 2386 vos.
1198 2355 1243 2389 qui
1261 2361 1309 2381 eos
1324 2353 1426 2384 colitis,
1441 2358 1546 2386 magna:
1558 2350 1684 2378 amentia:
1696 2349 1811 2376 damna-

1024 2403 1062 2430 vit
1084 2405 1111 2429 et
1139 2401 1272 2435 stuporis,
1297 2403 1325 2426 et
1348 2399 1464 2425 maxime
1491 2397 1518 2423 in
1541 2396 1628 2426 libro,
1652 2402 1752 2429 quem,
1777 2397 1808 2420 ut

1024 2448 1106 2479 dicis,
1120 2446 1231 2482 scripsit
1246 2445 1279 2473 de
1295 2449 1356 2472 ortu
1371 2444 1484 2471 deorum
1501 2447 1529 2470 et
1543 2441 1685 2470 creatione
1702 2439 1811 2472 mundi,

1024 2494 1064 2522 sic
1078 2498 1197 2521 vestram
1213 2491 1362 2518 vanitatem
1381 2489 1542 2524 significans
1558 2491 1586 2514 et
1608 2485 1790 2521 ignorantiam
1801 2504 1810 2517 ,

1024 2540 1092 2568 dicit
1111 2547 1118 2566 2
1142 2538 1237 2573 Neque
1263 2537 1415 2564 adventans
1440 2535 1540 2561 malum
1560 2533 1686 2560 homines
1707 2530 1811 2558 intelli-

1025 2589 1103 2622 gunt,
1118 2592 1207 2619 neque
1231 2591 1292 2610 eum
1307 2582 1462 2613 advenerit,
1478 2580 1579 2607 malum
1593 2582 1709 2613 possunt
1733 2584 1811 2603 aver-

1026 2619 1094 2658 tere.
1123 2629 1175 2657 Cui
1197 2629 1281 2656 etiam
1314 2626 1478 2661 astipulatur
1503 2624 1614 2658 sapiens
1642 2628 1734 2648 vester
1759 2619 1810 2646 So»

1025 2677 1148 2713 phocles.
1167 2675 1283 2702 dicens:
1300 2673 1348 2700 Est
1364 2673 1446 2702 Deus.
1469 2670 1518 2705 qui
1538 2668 1636 2696 caelum
1662 2666 1813 2694 fabricatus

1025 2727 1106 2751 estet
1120 2722 1229 2756 longam
1263 2724 1377 2751 terram,
1393 2723 1421 2744 et
1433 2715 1510 2751 ponti
1526 2715 1637 2750 glaucos
1651 2713 1750 2740 ﬂuctus
1760 2731 1768 2743 ,
1783 2714 1812 2738 et

1026 2774 1171 2796 ventorum
1190 2766 1345 2794 violentias.
1366 2763 1496 2791 Mortales
1510 2766 1602 2789 autem
1626 2759 1710 2787 corde
1731 2756 1812 2784 valde

1026 2820 1161 2848 errantes,
1175 2813 1352 2841 bellariorum
1369 2810 1517 2839 statuimus
1529 2807 1634 2838 solatia,
1651 2810 1679 2834 et
1694 2805 1810 2833 deorum

1028 2861 1180 2895 imagines,
1207 2867 1240 2887 ex
1267 2858 1348 2894 lignis
1373 2862 1401 2885 et
1428 2855 1566 2891 lapidibus
1594 2860 1660 2881 auro
1697 2852 1810 2878 structis

1029 2909 1138 2943 ﬁguras.
1169 2906 1216 2933 llis
1239 2909 1331 2933 autem
1359 2902 1559 2932 sacriﬁcantes,
1590 2904 1617 2926 et
1641 2898 1701 2925 dies
1726 2897 1815 2924 festos
