2082 3153
262 175 313 207 Ξ87

881 173 1023 204 MENSIS
1044 173 1251 204 NOVEMBER

1835 168 1892 200 288

264 242 350 262 novos
374 233 563 266 celebrantes,
585 238 732 269 propterea
754 240 805 260 nos
826 232 886 267 pios
911 239 970 260 esse
996 232 1045 259 du-

1104 232 1216 258 ιεὺκτων
1226 231 1437 264 τύπους,θυσίας
1451 231 1478 258 δὲ
1487 230 1592 263 τούτοις
1603 231 1649 258 καὶ
1659 231 1757 262 καινὰς
1775 230 1891 265 τεύχον-

263 287 360 307 ειηιυε.

296 326 343 353 XI.
363 326 441 359 Quod
462 331 553 354 autem
569 328 730 356 cruciﬁxum
757 336 791 356 ne
813 328 902 355 solum
925 326 1041 362 quidem

262 380 363 399 nomen
378 373 469 400 dixisti
483 373 584 401 habere
597 374 667 408 apud
681 380 797 406 veteres,
815 379 922 409 oportet
933 374 1044 408 quidem

263 425 317 444 non
336 426 396 445 esse
418 418 499 445 nimis
522 419 668 450 curiosum,
697 427 783 453 neque
801 419 834 447 de
852 427 886 446 eo
912 419 1047 446 humanas

264 463 381 490 scrutari
413 464 542 495 rationes,
570 464 643 499 quod
666 465 701 491 sit
733 465 804 492 Deus
830 470 925 497 verus,
955 464 1046 498 opifex

264 510 338 541 οωιῑ,
353 515 380 537 et
395 514 484 539 teme.
500 516 528 537 et
538 510 630 541 maris,
643 517 671 538 et
687 511 762 542 solis,
772 516 799 538 et
813 511 895 543 lunae,
914 515 942 537 et
957 515 1047 538 astro-

264 563 336 584 rum,
351 559 379 581 et
403 555 521 581 universi
540 555 679 582 hominum
695 556 814 589 generis,
837 556 1048 590 incomprehen-

264 600 570 633 sibilis,inscrutabilis,
604 601 982 634 interminatus}.ineﬂ'abilis.
1014 600 1048 628 Ut

264 654 330 672 vero
355 653 398 672 res
422 647 481 681 ejus
504 654 538 673 ex
560 646 659 673 vestris
682 654 792 681 quoque
815 646 975 674 confirmem
997 647 1049 681 (sic

266 691 339 718 cnim
356 691 438 719 fuerit
460 692 572 719 omnino
584 700 598 719 a
615 693 771 727 suspicione
787 692 906 719 alienum
924 692 1049 719 testimo-

264 736 364 768 nium),
382 737 445 763 audi
472 737 706 771 sapientissimam
734 738 806 766 inter
820 738 950 765 mulieres
965 738 1049 774 sibyl-

264 781 331 812 lam,
348 782 552 817 generationem
567 784 627 817 ejus
641 783 791 810 secundum
808 792 928 815 carnem,
947 789 974 811 et
989 785 1049 819 ejus

265 826 292 852 in
315 834 365 852 nos
382 827 581 860 providentiam
607 832 635 855 et
658 836 752 855 curam
773 829 938 856 ineﬂ'abilem
956 835 1049 864 aperte

265 871 475 906 signiﬁcantem.
509 873 537 900 Si
565 873 606 900 vis
625 878 729 906 autem,
752 874 811 908 ipsa
831 882 940 909 quoque
965 875 1048 902 verba

264 917 418 944 audiemus.
444 918 493 945 Vix
520 918 630 945 tandem
653 924 744 946 autem
766 906 862 947 veniet
885 906 995 955 quidam
1021 920 1049 947 in
1064 906 1087 936 Β

264 962 335 989 hanc
352 962 512 990 multiﬁdam
528 967 637 996 terram,
654 969 681 992 et
695 965 797 1000 absque
813 966 891 1000 lapsu
914 966 958 993 ﬁet
976 973 1049 993 caro.

265 1007 411 1034 lndefessis
430 1012 519 1034 autem
547 1009 671 1036 terminis
685 1010 836 1037 divinitatis
851 1011 939 1038 solvet
952 1019 1050 1038 corru-

266 1054 385 1086 ptionem
418 1053 594 1080 alfectionum
621 1054 874 1083 immedicabilium.
901 1056 932 1082 Et
952 1056 977 1082 ei
997 1056 1051 1083 erit

267 1098 373 1125 invidia
395 1099 421 1125 in
447 1099 589 1126 ineredulo
610 1103 722 1134 populo,
738 1106 766 1128 et
781 1101 807 1128 in
826 1101 880 1128 alto
896 1102 1050 1136 suspende-

267 1149 321 1173 lur.
338 1149 466 1179 tanquam
478 1153 541 1173 reus
557 1147 663 1174 mortis.
677 1146 739 1174 Haec
761 1152 853 1174 autem
869 1148 961 1175 omnia
982 1149 1053 1176 leni-

265 1194 307 1217 ter
321 1192 449 1225 patietur.
485 1192 550 1219 Vide
565 1200 675 1227 quoque
690 1198 779 1219 vatem
794 1201 809 1219 a
825 1194 967 1221 mendacio
982 1194 1051 1222 alie-

264 1244 330 1263 num
350 1237 516 1271 Apollinem.
533 1237 649 1264 oblitum
664 1239 751 1265 solitae
767 1245 823 1265 sua:
834 1239 1011 1266 obscuritatis
1024 1243 1052 1266 et

263 1283 448 1317 obliquitatis,
461 1287 490 1310 et
506 1284 618 1316 nudam,
639 1284 749 1311 etiamsi
766 1285 845 1316 nolit,
863 1285 990 1312 edentem
1005 1293 1052 1312 νεα

264 1328 386 1355 rit-atem.
417 1328 502 1360 Unus,
530 1329 628 1364 inquit,
655 1337 698 1356 me
711 1331 784 1364 cogit
804 1330 932 1361 ctelestis.
949 1330 995 1365 qui
1010 1336 1053 1359 est

263 1373 309 1400 lux
329 1374 473 1408 tripliciter
491 1374 638 1408 refulgens.
662 1374 714 1407 Qui
728 1383 797 1402 vero
811 1383 905 1409 passus
917 1381 959 1403 est
970 1376 1051 1409 Deus;

266 1426 321 1445 non
349 1427 429 1453 passa
452 1424 494 1446 est
518 1425 609 1446 autem
640 1420 697 1454 ipsa
725 1420 867 1448 divinitas.
896 1421 983 1448 Ambo
1009 1426 1053 1448 est

266 1464 352 1496 enim,
382 1470 410 1491 et
438 1466 547 1492 mortali
571 1473 696 1500 corpore.
728 1471 756 1494 et
784 1467 891 1494 alienus
915 1474 929 1493 a
955 1475 1052 1494 corru-

265 1514 295 1545 pt
307 1518 367 1537 ene.
390 1511 450 1544 Ipse
474 1512 528 1545 jam
557 1512 627 1538 Deus
654 1516 696 1539 est
709 1512 761 1544 vir,
788 1513 880 1539 omnia
907 1512 998 1540 ferens
1024 1513 1051 1540 in

265 1556 439 1586 mortalibus,
470 1564 591 1589 crucem,
628 1557 833 1589 contumeliam,
868 1558 1086 1602 sepulturam.c

263 1603 314 1636 Qui
340 1605 422 1631 etiam
449 1611 481 1631 ex
503 1604 658 1638 superciliis
682 1604 784 1631 calidas
808 1604 956 1636 aliquando
980 1605 1051 1632 ludit

263 1649 409 1684 lucrymas.
434 1650 485 1683 Qui
505 1651 626 1685 quinque
650 1651 734 1678 millia
759 1651 883 1685 implevit
899 1651 1049 1679 frumento.

264 1695 339 1722 Vi-lle
357 1696 429 1722 enim
451 1702 493 1723 est
510 1697 601 1723 divina
616 1696 749 1730 potentia,
772 1695 899 1723 Christus
913 1701 955 1723 est
974 1705 1050 1725 meus

264 1740 348 1772 Deus,
362 1741 409 1774 qui
435 1741 462 1767 in
478 1741 615 1775 lignol'uit
631 1746 769 1770 extensus.
791 1741 838 1775 qui
854 1746 987 1774 mortuus,
1004 1742 1051 1777 qui

266 1793 298 1812 ex
320 1785 499 1819 sepulturain
520 1785 619 1812 caelum
635 1789 676 1812 est
688 1785 820 1815 sublatus.

301 1829 358 1856 XII.
372 1829 433 1856 Hec
447 1829 531 1856 refert
543 1830 639 1864 Apollo
650 1830 718 1857 deus
736 1830 921 1871 tuusgetenim
931 1838 993 1858 cum
1004 1831 1050 1863 sit,

266 1879 309 1901 est
322 1882 420 1909 expers
448 1875 585 1909 principii,
612 1880 640 1902 et
665 1880 818 1905 coaeternus
840 1883 902 1903 cum
920 1877 986 1909 Deo,
1003 1876 1052 1911 qui

266 1921 370 1955 genuit,
389 1921 565 1955 principium,
583 1921 660 1948 radix
684 1926 712 1949 et
742 1921 803 1949 fons
826 1922 960 1949 bonorum
989 1923 1050 1950 uni-

266 1974 409 1994 versorum
423 1975 430 1999 ;
447 1971 476 1993 et
493 1975 554 1994 cum
568 1974 740 2002 quacunque
756 1971 830 1999 sunt,
841 1975 875 1995 ex
888 1968 975 1994 nihilo
987 1976 1051 2002 pro-

265 2010 400 2042 duxisset,
421 2018 509 2045 eaque
539 2016 651 2038 ornaret
676 2019 709 2039 ac
723 2017 841 2047 regeret,
856 2017 885 2040 et
899 2021 948 2040 sua
967 2021 1050 2040 manu

265 2057 428 2089 contineret,
450 2063 574 2084 nostrum
591 2065 678 2092 genus
691 2062 732 2085 est
746 2059 907 2090 fabricatus,
927 2063 956 2086 et
972 2059 1053 2087 nobis

265 2104 367 2130 multas
388 2103 446 2130 vias
472 2104 570 2130 muniit
585 2103 618 2130 ad
643 2104 769 2131 salutem.
797 2104 864 2132 Cum
889 2112 938 2132 eos
959 2109 1052 2132 autem

266 2149 380 2176 vidisset
408 2150 598 2184 supplantatos
623 2150 851 2185 transgressione,
870 2155 898 2177 et
927 2151 1052 2178 amisisse

266 2195 354 2229 ipsum
367 2200 447 2229 caput
459 2196 564 2227 salutis,
573 2204 670 2231 nempe
680 2196 878 2228 obedientiam,
891 2196 949 2231 ipse
957 2204 1052 2223 rursus

1101 286 1146 308 τες
1162 277 1347 312 πανηγύρεις,
1363 277 1505 304 εὐσέϐειαν
1530 275 1600 304 εἶναι
1618 276 1705 303 ταῦτα
1729 275 1890 310 νομίζομεν.

1138 323 1192 350 lA'.
1213 323 1274 349 Ὅτι
1296 322 1325 348 δὲ
1354 322 1400 349 τὸν
1423 322 1629 357 ἐσταυρωμένον
1646 322 1684 357 μὴ
1699 321 1778 356 ψιλοῦ
1794 322 1890 355 τυχεῖν

1100 367 1234 402 ὀνόματος
1257 368 1333 403 παρά
1358 369 1415 399 τοῖς
1429 368 1554 399 παλαιοῖς
1569 368 1633 402 ἔφη,
1660 367 1744 402 ἐχρῆν
1763 368 1814 401 μὲν
1837 375 1892 401 μη-

1099 414 1127 440 δὲ
1142 412 1373 449 περιεργάζεσθαι
1397 414 1444 440 καὶ
1455 414 1706 448 πολυπραγμονεῖν,
1722 411 1789 447 μηδὲ
1816 412 1892 445 λογι-

1100 460 1185 493 σμοὺς
1212 460 1326 495 ὲρευνᾷν
1351 459 1541 494 ἀνθρωπίνους
1562 459 1628 494 περὶ
1652 459 1749 490 αὑτοῦ,
1775 459 1816 490 ὡς
1832 459 1892 485 ἔστι

1103 506 1169 537 Θεὸς
1193 506 1296 540 ἀληθὴς
1315 506 1431 540 οὐρανοῦ
1455 505 1503 532 καὶ
1527 506 1578 539 γῆς
1602 505 1649 532 καὶ
1676 504 1816 537 θαλάσσης
1842 505 1893 531 καὶ

1100 551 1176 586 ἡλίου
1195 552 1242 577 καὶ
1259 551 1374 586 σελήνης
1393 552 1440 578 καὶ
1451 551 1574 586 ἀστέρων
1590 551 1636 578 καὶ
1656 550 1756 581 παντδς
1767 550 1816 577 τοῦ
1835 550 1892 576 τῶν

1103 597 1257 631 ἀνθρώπων
1273 599 1370 632 γένους
1399 597 1576 632 δημιουργὸς,
1593 597 1797 632 ἀκατάληπτος,
1810 597 1893 630 ἀνεξο

1100 651 1113 669 ε
1117 643 1254 678 ρεύνητος,
1262 644 1422 679 ἀπέραντος,
1430 643 1784 678 ἀνεξιχνίαστοςλάῤῥῃτος.
1794 641 1857 668 Ἵνα
1863 642 1893 668 δέ

1105 689 1196 716 σοιτά
1212 690 1278 724 περὶ
1302 689 1384 716 αὐτοῦ
1406 690 1453 716 καὶ
1475 689 1531 716 ἀπὸ
1548 688 1601 715 τῶν
1625 689 1769 722 ὑμετέρων
1785 688 1893 714 πιστώο

1104 743 1194 769 σωμαι
1210 743 1217 750 ·
1244 734 1317 761 οὕτω
1332 734 1385 770 γὰρ
1401 735 1434 761 ἂν
1458 735 1500 769 εἴη
1531 735 1640 765 πάντως
1662 734 1819 765 ἀνύποπτος
1844 733 1892 759 καὶ

1102 781 1273 815 ὴμαρτυρία
1292 788 1300 796 ν
1328 781 1378 815 τῆς
1411 781 1573 815 σοφωτάτης
1602 781 1632 807 ἐν
1647 780 1771 814 γυναιξὶν
1805 779 1892 806 ἄκουε

1105 826 1234 860 meum;
1251 826 1300 861 τὴν
1316 826 1388 853 κατά
1407 828 1496 861 σάρκα
1511 826 1640 861 γέννησιν
1655 825 1749 857 αὑτοῦ,
1770 825 1820 851 καὶ
1843 825 1893 860 τὴν

1104 872 1168 906 περὶ
1184 872 1258 906 ὑμᾶς
1270 872 1398 907 πρόνοιαν
1413 873 1460 898 καὶ
1470 872 1520 907 τὴν
1541 871 1646 906 ἄφατον
1662 871 1746 898 αὑτοῦ
1771 871 1894 906 κηδεμο-

1102 918 1161 944 νίαν
1186 918 1281 952 σαφῶς
1323 918 1576 952 ὑποσημαινούσης,
1604 919 1627 944 εί
1650 918 1740 953 βούλει
1763 917 1805 949 δὲ,
1843 918 1892 944 καὶ

1101 963 1192 990 αὐτῶν
1212 963 1410 998 ἐπακούσωμεν
1422 964 1476 990 τῶν
1491 964 1637 999 ῥημάτων.
1677 964 1742 998 Ὀψὲ
1759 963 1829 990 ποτέ
1849 972 1893 994 τις

1102 1010 1150 1035 ἐπὶ
1166 1009 1217 1043 τὴν
1245 1009 1392 1045 πολυσχιδῆ
1416 1009 1519 1044 ταύτην
1546 1009 1652 1036 ἐλάσειε
1677 1010 1740 1044 γῆν,
1756 1011 1805 1036 καὶ
1832 1009 1894 1043 δίχα

1103 1054 1262 1088 σφάλματος
1279 1055 1432 1089 γενήσεται
1447 1055 1532 1089 σὰρξ,
1549 1055 1703 1089 ἀκαμάτοις
1716 1055 1745 1081 δὲ
1762 1055 1893 1090 θεότητος

1103 1099 1190 1134 ὅροις,
1222 1100 1342 1127 ἀνιάτων
1365 1101 1461 1127 παθῶν
1491 1100 1567 1126 λύσει
1593 1101 1710 1135 φθοράν.
1727 1101 1784 1128 Καὶ
1806 1101 1895 1136 τούτῳ

1105 1147 1119 1173 ὁ
1134 1146 1230 1181 φθόνος
1246 1147 1394 1180 γενήσεται
1406 1147 1436 1179 ἐξ
1447 1147 1563 1174 ἀπίστου
1579 1147 1656 1179 λαοῦ,
1670 1148 1718 1174 καὶ
1737 1148 1808 1181 πρὸς
1826 1148 1894 1182 ὕψος

1107 1191 1334 1226 κρεμασθήσεται
1363 1193 1401 1223 ὡς
1431 1193 1548 1219 θανάτου
1569 1193 1727 1224 χατὰδικος.
1750 1193 1846 1220 Ταῦτα
1865 1194 1893 1221 δὲ

1102 1237 1192 1263 πάντα
1208 1237 1334 1263 πείσεται
1348 1238 1443 1272 πράως
1457 1246 1465 1254 ⁸
1485 1238 1534 1272 ὂρα
1553 1238 1581 1264 δέ
1604 1247 1646 1264 σοι
1657 1238 1704 1265 καὶ
1720 1239 1767 1265 τὸν
1782 1240 1890 1275 ἀψευδῆ

1105 1281 1203 1316 μάντιν
1231 1281 1400 1314 Ἀπόλλωνα,
1415 1281 1465 1317 τῆς
1482 1282 1613 1317 συνήθους
1629 1283 1766 1317 ἀσαφείας
1777 1286 1827 1310 καὶ
1843 1285 1894 1318 τῆς

1105 1327 1251 1362 λοξότητος
1275 1328 1490 1363 ἐπιλελησμένον
1503 1329 1550 1355 καὶ
1569 1329 1677 1364 γυμνὴν
1697 1329 1745 1364 τὴν
1759 1330 1894 1364 ἀλήθειαν

1102 1373 1260 1400 ἀναδιδόντα
1285 1374 1332 1400 καὶ
1348 1374 1385 1409 μὴ
1405 1374 1577 1408 βουλόμενον.
1610 1372 1658 1405 Εἷς
1677 1382 1722 1408 με,
1739 1376 1820 1409 φησι,
1840 1375 1897 1409 βια-

1104 1419 1181 1451 ζεται
1219 1420 1344 1454 οὐράνιος
1382 1421 1411 1451 ὃς
1442 1421 1501 1446 ἐστι
1529 1421 1585 1454 φῶς
1609 1420 1775 1455 τριλαμπές,
1805 1421 1841 1447 Ὀ
1865 1421 1894 1447 δὲ

1101 1465 1197 1492 παθὼν
1230 1466 1297 1497 Θεός
1329 1466 1388 1492 ἐστι
1424 1467 1471 1492 καὶ
1497 1467 1527 1493 οὒ
1552 1467 1649 1501 θεὸτης
1679 1467 1765 1493 πάθεν
1797 1467 1894 1502 αὐτή⁹

1102 1511 1186 1545 ἄμφω
1212 1512 1266 1547 γὰρ
1289 1512 1404 1546 βροτὸς,
1449 1511 1497 1538 καὶ
1529 1512 1677 1547 ἀμὸροτος.
1711 1514 1798 1544 Αὐτὸς
1831 1513 1897 1545 Θεὸς

1104 1554 1154 1590 ἠδη
1173 1555 1220 1581 καὶ
1235 1554 1317 1590 ἀνὴρ,
1342 1556 1433 1582 πάντα
1457 1556 1549 1589 ςτέρων
1571 1557 1604 1582 ἐκ
1627 1555 1744 1590 θνητοῖς,
1765 1557 1897 1592 σταυρὸν,

1106 1601 1197 1636 ὕὸριν,
1220 1601 1321 1636 ταφὴν,
1340 1601 1370 1632 ὃς
1394 1601 1442 1628 καὶ
1466 1601 1520 1628 ἀπὸ
1546 1601 1689 1635 βλεφάρων
1713 1602 1778 1628 ποτε
1796 1603 1897 1637 χεύατο

1103 1646 1209 1682 δάκρυα
1225 1647 1324 1682 θερμὰ,
1337 1647 1366 1678 ὃς
1377 1647 1458 1674 πέντε
1469 1647 1591 1682 χιλιάδας
1603 1648 1698 1683 πυρῶν
1716 1649 1822 1682 κῦρεσε.
1862 1649 1897 1675 Τὸ

1106 1693 1161 1727 γὰρ
1175 1693 1252 1719 θέλεν
1262 1692 1399 1728 ἄμϐροτος
1414 1693 1494 1726 ἀλκή.
1513 1692 1628 1726 Χριστὸς
1642 1692 1707 1723 Θεὸς
1724 1693 1790 1727 ἐμός
1808 1694 1896 1725 ἐστιν,

1105 1737 1135 1768 ὃς
1166 1738 1194 1764 ἐν
1220 1737 1291 1773 ξύλῳ
1322 1736 1500 1772 ἐξετανύσθη,
1524 1737 1553 1769 ὃς
1582 1736 1672 1769 θάνεν,
1699 1736 1728 1769 ὂς
1755 1738 1787 1764 ἐκ
1806 1739 1897 1773 ταφῆς

1105 1784 1146 1815 εἰς
1161 1785 1242 1812 πόλον
1254 1782 1337 1820 ὦρτο.

1142 1831 1196 1859 IB’.
1216 1831 1312 1857 Ταῦτα
1328 1830 1468 1857 Ἀπόλλων
1479 1830 1627 1862 διέξεισινὸ
1641 1830 1706 1861 Θεός
1715 1839 1762 1858 σου
1771 1838 1779 1846 ·
1793 1830 1896 1866 Κιῖριος

1106 1878 1161 1912 γὰρ
1177 1877 1349 1911 συνάναρχος
1366 1875 1403 1902 ὢν
1415 1876 1453 1910 τῷ
1466 1877 1654 1910 γεγεννηκότι,
1667 1876 1812 1908 συναῖδιος,
1822 1877 1895 1911 ἀρχὴ

1107 1924 1154 1951 καὶ
1169 1923 1234 1958 ῥίζα.
1259 1923 1307 1949 καὶ
1332 1922 1408 1957 πηγὴ
1430 1922 1484 1948 τῶν
1503 1922 1613 1956 ἀγαθῶν
1637 1923 1766 1949 ἁπάντων
1789 1923 1838 1950 καὶ
1862 1923 1896 1949 τὰ

1107 1970 1196 1996 πάντα
1220 1969 1251 2000 ἐξ
1275 1968 1326 1995 οὑκ
1347 1969 1432 1994 ὄντων
1448 1968 1627 2004 παραγαγὼν,
1649 1969 1698 1995 καὶ
1712 1969 1897 2004 κατακοσμῶν

1107 2014 1179 2040 αὐτὰ
1207 2014 1256 2040 καὶ
1281 2013 1437 2047 διακρατῶν
1453 2014 1501 2039 καὶ
1519 2013 1650 2048 συνέχων,
1666 2014 1754 2048 οἰκείᾳ
1776 2014 1850 2048 χειρὶ
1867 2013 1898 2040 τὸ

1107 2060 1248 2095 ἡμέτερον
1271 2059 1476 2094 ἐδημιούργησε
1500 2059 1590 2093 γένος,
1612 2059 1660 2085 καὶ
1683 2059 1783 2090 πολλὰς
1799 2058 1898 2093 ἔτεμεν

1106 2106 1173 2139 ἡμῖν
1183 2105 1223 2136 είς
1236 2104 1373 2140 σωτηρίαν
1391 2104 1478 2136 ὁδούς.
1501 2105 1581 2131 Ἐπεὶ
1601 2105 1629 2132 δὲ
1650 2105 1898 2137 ὑποσκελισθέντας

1108 2148 1163 2177 εἶδε
1180 2152 1213 2186 τῇ
1230 2150 1401 2186 παραὸάσει,
1415 2151 1463 2177 καὶ
1476 2150 1509 2177 τὸ
1524 2150 1674 2184 κεφάλαιον
1688 2151 1755 2178 αὐτὸ
1770 2153 1820 2186 τῆς
1841 2161 1897 2178 σω-

1106 2197 1217 2231 τηρίας,
1231 2197 1282 2231 τὴν
1298 2196 1431 2232 ὑπακοὴν,
1456 2197 1690 2231 ἀποίεόληκὸτας,
1703 2197 1733 2223 τὸ
1749 2197 1896 2231 κεφάλαιον

265 2241 331 2268 facit
349 2242 386 2273 id,
404 2242 476 2275 quod
497 2247 539 2269 est
555 2247 636 2277 caput
650 2242 758 2275 salutis;
773 2243 858 2277 etqui
872 2247 914 2269 est
931 2242 1052 2278 ejusdem

1108 2242 1190 2268 πάλιν
1216 2242 1299 2274 αὐτὸς
1320 2242 1370 2277 τῆς
1396 2242 1532 2277 σωτηρίας
1559 2242 1721 2276 ἐργάζεται,
1743 2243 1790 2269 καὶ
1807 2244 1820 2269 ὁ
1847 2243 1896 2277 τῆς

265 2290 380 2316 naturae,
394 2286 472 2321 cujus
483 2287 610 2320 pater,lit
623 2292 734 2321 propter
749 2294 800 2314 nos
813 2287 852 2318 id,
864 2287 938 2322 quod
953 2295 1013 2321 ego,
1026 2291 1055 2316 et

265 2337 390 2359 versatur
399 2333 480 2359 simul
491 2340 553 2359 cum
568 2332 739 2364 hominibus,
749 2337 778 2359 et
790 2332 848 2359 obit
859 2338 959 2360 terram
972 2333 1055 2360 casti-

264 2385 340 2412 gans.
368 2377 530 2410 admonens,
548 2378 661 2409 docens,
679 2378 771 2404 omnia
788 2378 892 2405 faciens
913 2383 941 2405 et
957 2386 1056 2413 procu-

266 2431 340 2450 rans.
371 2424 476 2451 Deinde
510 2423 593 2450 etiam
621 2423 696 2451 subit
720 2429 836 2458 mortem
863 2432 912 2458 pro
941 2425 1053 2459 ingratis

263 2468 392 2499 famulis,
430 2476 547 2502 eamque
579 2468 892 2502 ignominiosissimam,
925 2470 1055 2504 conspui-

266 2518 365 2547 turque
391 2519 420 2540 et
449 2513 576 2547 colaphis
597 2513 726 2545 caeditur,
747 2517 775 2540 et
798 2513 918 2540 sustinet
942 2513 1056 2541 Creator

264 2559 367 2591 omnia,
383 2567 444 2593 quae
455 2559 631 2585 condemnati
651 2567 658 2585 :
677 2562 706 2585 et
721 2557 792 2585 facta
813 2563 881 2586 sunt
896 2559 953 2586 haec
964 2559 1055 2586 omnia

265 2611 377 2639 propter
400 2613 461 2635 nos,
482 2609 512 2631 ut
528 2605 684 2631 solveretur
702 2605 790 2639 prima
804 2604 1011 2637 condemnatio,
1028 2609 1056 2633 et

265 2651 299 2677 de
313 2651 404 2678 medio
422 2651 566 2678 tolleretur
582 2651 704 2686 tyrannis
719 2650 833 2683 diaboli,
849 2656 876 2678 et
891 2651 953 2678 cmli
969 2656 1056 2686 porta:

267 2697 345 2725 nobis
360 2706 456 2725 rursus
475 2698 660 2733 aperirentur,
679 2706 749 2734 quas
763 2698 833 2726 male
851 2699 931 2726 nobis
955 2699 1054 2726 clausi-

267 2750 337 2770 mus.
364 2743 398 2770 Et
412 2752 463 2772 nec
486 2745 628 2779 hucusque
649 2745 761 2780 quidem
785 2745 861 2772 stetit
886 2753 894 2771 :
920 2744 969 2772 sed
993 2752 1055 2772 cum

266 2789 350 2816 etiam
368 2790 449 2817 tertio
466 2790 510 2819 die
527 2792 703 2824 surrexisset,
720 2796 748 2818 et
767 2791 794 2818 in
811 2790 897 2818 ccelos
909 2790 1055 2817 ascendis-

267 2839 319 2866 set,
342 2835 413 2863 unde
427 2837 513 2869 venit,
535 2837 701 2864 ineﬂabilem
722 2837 812 2864 sancti
837 2835 958 2870 Spiritus
975 2834 1055 2862 nobis

267 2880 378 2908 donavit
404 2883 529 2917 gratiam,
557 2889 582 2911 ι.τέ
603 2883 677 2910 misit
699 2883 860 2917 discipulos,
883 2880 957 2907 illius
975 2888 1053 2908 luan-

1108 2287 1195 2321 αὐτῆς
1212 2287 1251 2320 τῷ
1269 2287 1358 2321 Πατρὶ
1375 2287 1484 2320 φύσεως
1499 2286 1546 2319 ὢν,
1568 2288 1673 2320 γίνεται
1689 2287 1722 2313 δι’
1739 2287 1812 2321 ἡμᾶς
1828 2287 1897 2322 ὅπερ

1106 2332 1175 2365 ἐγὼ,
1201 2332 1250 2358 καὶ
1280 2331 1531 2366 συναναστρέφεται
1559 2332 1616 2363 τοῖς
1644 2332 1811 2367 ἀνθρώποις,
1848 2332 1897 2358 καὶ

1108 2377 1256 2413 περιπολεῖ
1272 2378 1321 2412 τὴν
1335 2378 1400 2412 γῆν,
1417 2378 1564 2410 παιδεύων,
1589 2378 1731 2411 νουθετῶν,
1747 2379 1894 2410 διδάσκων,

1107 2424 1199 2450 πάντα
1228 2423 1315 2449 ποιῶν
1353 2423 1424 2458 ὑπὲρ
1452 2423 1531 2457 ἡμῶν
1557 2423 1603 2449 καὶ
1621 2424 1895 2458 πραγματευόμενος.

1107 2469 1174 2497 Εἶτα
1202 2470 1250 2496 καὶ
1276 2469 1392 2496 θάνατον
1420 2468 1491 2503 ὑπὲρ
1510 2468 1564 2494 τῶν
1588 2469 1753 2503 ἀγνωμόνων
1782 2468 1897 2495 οἰκετῶν

1107 2515 1296 2549 καταδέχεται,
1311 2515 1359 2541 καὶ
1372 2514 1490 2541 θάνατον
1509 2514 1691 2540 ἐπονείδιστον
1708 2516 1756 2540 καὶ
1773 2515 1897 2548 ἐμπτύε-

1107 2567 1163 2592 ται,
1176 2559 1224 2586 καὶ
1238 2559 1395 2594 ραπίζεται,
1419 2557 1466 2584 καὶ
1485 2558 1537 2584 ὅσα
1556 2558 1610 2583 τῶν
1625 2557 1779 2584 καταδίκων
1797 2559 1810 2584 ὑ
1839 2559 1893 2592 Δη-

1110 2605 1239 2640 μιουργὸς
1277 2605 1419 2638 ὑπομένει.
1442 2604 1497 2630 Καὶ
1521 2603 1608 2629 ταῦτα
1633 2604 1723 2630 πάντα
1747 2604 1843 2637 γέγονε
1861 2603 1895 2629 δι’

1109 2651 1197 2687 ἡμᾶς,
1212 2651 1286 2681 ὅπως
1300 2651 1316 2684 ἡ
1333 2649 1429 2685 πρώτη
1446 2648 1580 2683 καταδίκη
1592 2648 1671 2683 λυθῇ,
1697 2648 1746 2674 καὶ
1765 2648 1896 2683 ἀναιρεθῇ

1108 2697 1157 2724 τοῦ
1171 2696 1296 2722 διαόόλου
1318 2696 1334 2730 ή
1356 2694 1497 2730 τυραννὶς,
1520 2695 1567 2721 καὶ
1582 2694 1716 2727 ἀνοιγῶσι
1729 2695 1813 2721 πάλιν
1831 2696 1896 2729 ἡμῖν

1108 2741 1222 2777 οὖρα.νοῦ
1245 2741 1338 2773 πύλαι,
1367 2741 1402 2772 ἀς
1428 2741 1520 2771 κακῶς
1548 2740 1656 2770 ἑαυτοῖς
1681 2740 1895 2774 ἀπεκλείσαμιν.

1106 2788 1161 2814 Καὶ
1177 2787 1237 2814 οὐδὲ
1266 2787 1348 2822 μέχρι
1372 2787 1476 2813 τούτων
1494 2787 1570 2820 ἔστη,
1589 2785 1658 2812 ἀλλὰ
1680 2786 1728 2812 καὶ
1744 2787 1895 2821 τριήμερος

1108 2833 1239 2866 ἀναστὰς,
1268 2835 1315 2860 καὶ
1343 2833 1466 2860 ἀνελθὼν
1493 2833 1532 2864 εις
1561 2833 1624 2864 τοὺς
1657 2832 1809 2867 οὐρανοὺς,
1834 2831 1894 2858 ὅθεν

1109 2880 1248 2915 ἐλήλυθεν,
1266 2879 1424 2914 Πνεὺματος
1439 2878 1484 2905 τοῦ
1505 2879 1582 2912 ἁγίου
1603 2878 1706 2912 ἄφατον
1720 2879 1786 2913 ἡμῖν
1801 2875 1893 2912 ἐχαρί-
