2082 3153
170 163 220 194 ’2'89

168 276 354 311 κηρύττοντας
378 277 505 309 ἐντολὰς,
526 277 614 304 πάντα
635 277 681 303 καὶ
704 277 802 308 αὐτοὺς
828 276 951 303 κίνδυνον

167 322 390 358 ἀναδεχομένους,
407 324 454 349 καὶ
471 323 667 358 καθημερινοῖς
683 323 807 354 θανάτοις
817 323 951 357 ἐγκαρτε-

169 369 292 403 ροῦντας,
309 368 377 395 ὥστε
396 369 441 395 τον
459 370 522 404 περὶ
536 369 626 404 ψυχῆς
667 369 732 404 ἡμῖν
753 368 868 395 θάνατον
901 369 951 394 ἑπ-

169 413 285 448 αμΰναι,
307 416 353 441 καὶ
381 416 532 449 ἀποστῆναι
560 417 650 441 πᾶσαν
669 415 778 450 ἀπάτην
790 415 879 450 ἡμῶν,
905 414 953 441 καὶ

167 461 216 494 τὴν
233 461 398 496 οἰκουμένην
414 460 490 496 αὐτῷ
503 460 679 495 παραστῆσαι
695 461 795 487 πᾶσαν.
807 461 857 487 Διὰ
874 460 952 486 τοῦτο

168 505 221 540 χρὴ
237 506 281 532 διά
299 507 409 533 πάντων
422 507 512 533 ἐλθεῖν
529 507 577 533 καὶ
591 507 676 542 ἡμᾶς,
693 507 742 533 καὶ
757 507 811 533 τῶν
825 506 952 541 παθημά-

167 558 223 577 των
242 551 318 586 αὐτῷ
346 552 523 586 κοινωνῆσαι,
545 554 704 587 συμφύτους
731 553 891 587 γενομένους
913 551 952 586 τῷ

167 597 323 632 ὁμοιώματι
351 598 399 624 τοῦ
427 598 554 631 θανάτου,
579 599 622 626 ἵνα
641 599 688 625 καὶ
711 599 762 632 τῆς
777 599 952 630 ἀναστάσεως

167 644 216 670 καὶ
230 646 279 679 τῆς
297 644 434 678 βασιλείας
449 645 524 680 αὐτῷ
537 646 757 680 κοινωνήσωμεν.
770 645 882 676 Τούτοις
905 644 952 671 οὶν

167 690 218 716 καὶ
249 690 277 716 σὲ
306 690 448 724 πεισθῆναι
473 693 620 725 προσήκει,
640 690 687 717 καὶ
703 690 784 716 αὐτὸν
805 690 952 724 ἐπιγνῶναι

167 735 235 762 θεὸν
256 735 356 770 ἀληθῆ,
371 735 418 762 καὶ
432 736 606 771 οἰκειωθῆναι
620 736 658 770 τῷ
676 735 782 769 λέγοντι
797 745 802 750 ·

168 781 270 813 πάντες
286 781 471 812 οἱκοπιῶντες
485 782 532 808 καὶ
556 781 776 816 πεφορτισμένοι,
798 781 874 815 κάγὼ
888 783 952 808 ἀνα-

169 826 271 853 παύσω
286 827 370 860 ὑμᾶς.
385 835 393 852 ι
412 826 442 852 Ei
457 826 485 852 δὲ
503 826 540 861 μὴ
551 827 667 861 τούτοις,
684 826 753 853 ἀλλὰ
765 827 820 858 τοῖς
831 827 882 853 ὑπὸ
898 828 952 854 τῶν

168 870 224 897 σῶν
247 870 318 896 θεῶν
332 879 362 897 τε
381 871 426 897 καὶ
443 870 562 906 ποιητῶν
578 871 733 906 εἰρημένοις
748 879 756 886 ·
778 871 886 902 πάντως
899 872 952 905 γάρ

169 925 210 943 σοι
230 916 276 943 καὶ
291 917 402 956 ὁροφὸς
416 916 543 949 Πλάτων,
558 917 606 943 καὶ
617 919 631 944 ὁ
647 916 777 952 μουσικὸς
795 917 922 952 Ὀρφεὺς,
939 917 952 942 ὁ

168 964 217 990 καὶ
231 963 325 998 ἄψυχα
337 965 371 998 τῇ
387 963 458 998 λύρᾳ
475 963 568 996 κινῶν,
581 963 618 995 ὡς
633 964 711 998 λόγος
727 972 734 978 ”
751 963 791 989 ἑτι
806 963 833 989 δέ
847 972 888 989 σοι
908 963 954 989 καὶ

168 1009 181 1033 ὁ
197 1009 320 1041 γενναῖος
336 1009 440 1039 ἐκεῖνος
459 1008 598 1034 Ἀπόλλων
613 1008 627 1034 ὁ
641 1008 764 1043 καθαρὸς
775 1029 782 1040 ,
807 1008 955 1043 διαρρήδην

170 1053 252 1080 αὐτὸν
267 1055 314 1080 καὶ
330 1054 444 1085 ἄκοντες
462 1053 661 1088 ἀνομολογοῦσι
677 1053 744 1079 Θεὶν
757 1072 765 1085 ,
783 1054 830 1080 καί
856 1061 882 1080 τι
907 1054 955 1079 καὶ

167 1099 260 1125 αὑτῶν
277 1098 442 1133 παρεδεῐχθη
465 1099 514 1133 τῆς
528 1098 658 1132 ἀληθείας
670 1107 678 1115 ο
694 1098 765 1125 ὥστε
785 1098 876 1124 πᾶσαν
898 1098 955 1129 τοῖς

168 1145 285 1170 ἀσεϐέσι
319 1145 457 1179 πρόφασιν
475 1143 683 1178 περιαιρεθῆναι
710 1143 858 1178 κᾱνέαὺτοὶ
881 1144 955 1178 ἐμω-

169 1190 324 1224 ράνθησαν,
348 1189 395 1215 καὶ
421 1189 568 1224 βλέποντες
585 1189 635 1223 οὐχ
656 1188 762 1224 ἐώρων,
778 1188 826 1215 καὶ
841 1188 956 1216 ἀκούονο

166 1242 216 1266 τες
233 1234 263 1260 οὐ
280 1235 419 1260 συνίεσαν.

204 1278 256 1306 II".
275 1279 385 1311 Τούτοις
398 1279 606 1314 καταπλαγέντα
627 1279 672 1306 τὶν
685 1268 786 1315 ῥήτορα
801 1279 848 1306 καὶ
870 1279 956 1314 αὐτὴν

167 1325 348 1360 ἑπισχεθέντα
371 1325 420 1359 τὴν
433 1325 555 1359 γλῶτταν
576 1326 590 1351 ὸ
614 1325 745 1356 Βασιλεὺς
777 1325 954 1360 θεασάμενος,

167 1371 239 1406 πρὸς
251 1370 297 1397 τδν
323 1370 468 1397 ὑπόλοιπον
484 1370 614 1404 σύλλογον
627 1370 683 1397 τῶν
694 1370 816 1406 ρητόρων
829 1372 957 1406 ἐπιστρα-

170 1416 232 1449 φεὶς
247 1416 414 1451 προσϐαλεῖν
432 1416 480 1442 καὶ
505 1416 603 1444 αὐτοὺς
625 1417 658 1451 τῇ
686 1416 805 1453 μάρτυρι
828 1417 956 1452 προετρέ-

169 1470 248 1488 πετο.
267 1462 298 1488 Οἱ
314 1462 343 1489 δι
357 1462 458 1493 εὐθέως
474 1461 681 1497 ἀπαγορεύουσι
701 1463 747 1488 τὸν
769 1463 875 1496 ἀγῶνα,
897 1463 956 1490 Οὐκ

168 1506 270 1541 ἔχομεν
283 1507 444 1539 ἀντιθεῖναι,
462 1508 598 1540 εἰπόντες,
617 1508 686 1543 πρὸς
699 1507 772 1543 ἅπερ
789 1508 857 1543 αὐτή
876 1517 952 1544 φησι,

822 746 831 762 ‹
851 736 951 769 Δεῦτε,

169 1552 294 1587 βασιλεῦ,
322 1553 370 1580 καὶ
393 1552 512 1587 μάλιστα
533 1554 575 1580 ὅτι
599 1553 646 1580 καὶ
666 1553 711 1580 τὸν
737 1554 853 1589 ἄριστον
876 1555 954 1590 ἡμῶν
968 1568 990 1598 C

167 1598 242 1626 οὕτω
253 1599 347 1631 δεινῶς
360 1599 407 1626 ὑπ’
417 1599 504 1634 αὐτῆς
517 1599 670 1635 ἡττημένον
682 1600 802 1635 ὁρῶμεν.
822 1601 955 1627 Ἐνταῦθα

167 1645 182 1670 ό
200 1645 354 1678 Μαξίντιος
369 1646 419 1672 οὐκ
442 1645 563 1678 ἐνεγκὼν
579 1645 627 1681 τὴν
645 1646 764 1681 μανίαν,
786 1646 892 1672 κελεύει
905 1646 954 1672 αὑ-

167 1692 234 1718 τίκα
252 1693 344 1728 πυράν
359 1691 430 1718 κατὰ
446 1692 532 1726 μέσην
547 1692 701 1726 ἀναφθῆναι
725 1692 774 1727 τὴν
797 1693 886 1725 πόλιν,
907 1692 956 1719 καὶ

169 1737 259 1772 ταύτῃ
275 1738 338 1769 τοὺς
355 1738 526 1772 πεντήκοντα
541 1738 660 1772 ῥήτορας
678 1738 860 1774 ὲμῦληθῆναι.
878 1739 909 1764 υἱ
927 1739 956 1766 δι

167 1782 218 1818 τῆς
236 1783 401 1816 ἀποφάσεως
422 1781 589 1812 ἀκούσαντες
604 1782 709 1817 ταύτης
735 1783 864 1810 πίπτουσι
887 1782 956 1817 πρὸς

169 1828 233 1859 τοὺς
253 1827 404 1862 μακαρίους
419 1827 526 1861 ἐκείνης
543 1827 640 1859 πόδας,
653 1828 701 1854 καὶ
716 1828 824 1863 θερμῶς
840 1829 955 1856 ἐκλιπα-

171 1873 252 1907 ροῦσι
276 1873 324 1899 καὶ
356 1873 509 1899 ίκετεύουσι
539 1873 751 1907 συγχωρηθῆναι
786 1873 835 1908 μὲν
863 1874 955 1906 αὐτοῖς

166 1920 245 1955 παρὰ
258 1919 304 1945 τοῦ
318 1918 425 1954 ἐκείνης
439 1918 518 1951 Θεοῦ,
536 1918 592 1954 ἠτι
613 1919 660 1945 καὶ
681 1918 710 1945 ἐν
747 1919 843 1954 ἀγνοίᾳ
867 1920 956 1956 ἡμάρο

167 1974 262 2001 τηται,
280 1964 480 1999 καταξιωθῆναι
495 1973 525 1991 τι
547 1965 647 1996 αὐτοὺς
663 1966 710 1991 καὶ
720 1965 766 1991 τοῦ
781 1965 852 1992 θείου
862 1966 957 1999 βαπτί-

168 2019 288 2047 σματος,
304 2011 351 2037 καὶ
367 2011 415 2044 τῆς
429 2010 534 2045 δωρεᾶς
549 2010 598 2037 τοῦ
617 2010 696 2044 ἁγίου
715 2011 885 2045 Πνεῦματος,
909 2012 957 2038 καὶ

167 2058 204 2090 ὡς
217 2057 334 2084 δυνατὸν
348 2056 444 2090 ἐκείνῳ
460 2056 646 2090 οίκειωθῆναι.
676 2057 747 2092 Πρὸς
757 2058 844 2084 ταῦτα
857 2057 956 2092 ἡδονῆς

169 2104 185 2138 ἡ
207 2103 316 2138 μάρτυς
341 2102 416 2132 θείας
441 2101 657 2136 ὑποπλησθεϊσα,
679 2102 829 2137 Μακάριοι,
859 2102 954 2137 φησὶν,

168 2149 256 2180 ὅντως
275 2149 336 2175 ἐστὲ
360 2148 412 2179 ὅτι,
436 2147 484 2174 τοῦ
510 2148 624 2179 σκότους
647 2148 792 2182 ἀφέμενοι,
823 2148 861 2183 τῷ
886 2148 956 2183 φωτὶ

168 2196 217 2230 τῆς
239 2194 371 2229 ἀληθείας
386 2193 604 2229 ἡκολουθήσατε,
631 2195 678 2220 καὶ
707 2194 886 2228 φθειρόμενον
909 2193 955 2220 ἐπὶ

167 2242 219 2276 γῆς
234 2241 348 2277 βασιλέα
361 2240 571 2272 καταλιπόντες,
586 2239 625 2274 τῷ
639 2240 668 2266 ὲν
682 2239 807 2275 οὐρανοῖς
822 2239 954 2275 ἀςθάρτῳ
971 2245 992 2273 ο

169 2288 216 2313 καὶ
234 2287 361 2322 ἀθανάτῳ
376 2286 483 2322 προσήλ
491 2286 563 2312 θετε.
579 2285 616 2312 Τὸ
630 2286 684 2320 γὰρ
698 2284 765 2321 πῦρ,
781 2285 795 2312 ὃ
811 2286 886 2320 παρὰ
899 2286 954 2312 τῶν

169 2332 278 2359 ασεδῶν
291 2332 394 2359 τούτων
408 2332 570 2367 ὴπείληται,
597 2331 745 2366 γενήσεταί
765 2339 826 2358 τινα
851 2331 953 2366 τρόπον

169 2380 236 2414 ὑμῖν
251 2380 300 2406 καὶ
319 2379 462 2413 βάπτισμα
476 2379 523 2405 καὶ
538 2377 640 2412 κλίμαξ
655 2379 694 2409 είς
707 2377 849 2412 οὐρανοὺς,
867 2377 893 2403 εί
911 2385 953 2408 τις

169 2423 262 2458 κηλὶς,
281 2422 306 2448 εἰ
324 2431 366 2453 τις
379 2422 464 2457 ῥύπος
477 2421 573 2448 τοῦτον
583 2420 780 2456 ἀποκαθαῖρον,
800 2421 848 2447 καὶ
858 2420 952 2457 ὥσπερ

167 2470 249 2498 τινας
277 2466 418 2500 διαφανεῖς
443 2467 562 2501 ἀστέρας
588 2466 663 2501 ὑμᾶς
683 2466 721 2498 ὼς
740 2467 822 2492 αὑτὸν
848 2467 954 2492 ἐκεῖνον

168 2512 275 2546 ἀνάγον
289 2512 336 2538 τὸν
354 2512 477 2546 βασιλέα,
493 2513 539 2538 καὶ
553 2512 722 2548 ἐπεράστους
742 2512 817 2547 αύτῷ
834 2513 881 2539 καὶ
904 2521 954 2538 πο-

169 2559 280 2589 θεινοὺς
294 2558 487 2592 ἐργαζόμενον.
504 2557 578 2592 Αὕτη
593 2559 642 2592 μὲν
654 2555 701 2584 οὖν
713 2558 852 2589 τοιαύταις
864 2558 953 2584 ἐλπίσι

169 2606 219 2631 καὶ
232 2604 442 2639 ὑποφωνήσεσιν
451 2603 635 2638 ὑπαλείψασα,
649 2604 734 2630 καὶτὸ
751 2604 859 2638 ἄμαχον
873 2604 954 2630 ὅπλον

169 2651 284 2685 ἑκάστῳ
296 2649 346 2684 τὴν
359 2648 406 2675 τοῦ
424 2648 543 2684 Χριστοῦ
560 2649 695 2682 σφραγῖδα
709 2648 876 2674 ἐπισαλοῦσα
894 2648 954 2684 μετ’

169 2695 346 2731 εὐχαριστίας
364 2695 409 2721 καὶ
429 2693 527 2729 ἡδονῆς
551 2693 662 2720 ἀπολύει
674 2693 742 2727 πρὸς
754 2694 784 2720 τὸ
793 2693 953 2729 μαρτύριον.

171 2741 378 2776 Παρηκολούθει
395 2740 422 2766 δὲ
441 2740 495 2775 ἀρα
510 2740 558 2765 καὶ
573 2741 633 2771 ταῖς
649 2740 758 2765 ἐλπίσιν
780 2740 797 2774 ἡ
817 2739 928 2769 ἔκϐασις
945 2746 952 2754 ·

170 2787 217 2814 καὶ
241 2785 446 2821 παραλαϐόντες
468 2784 568 2815 αὐτοὺς
586 2783 612 2809 οι
636 2783 810 2818 στρατιῶται,
828 2783 953 2818 βάλλουσι

173 2832 224 2867 μὲν
258 2831 402 2867 χαίροντας
432 2831 478 2856 ἐπὶ
500 2830 550 2864 τὴν
579 2829 685 2864 πυρὰν,
716 2829 952 2864 ἑπτακαιδεκάτην

206 2881 216 2896 ³
235 2880 313 2907 Rom.
330 2887 367 2911 Vl,
382 2879 407 2907 5.
447 2879 456 2894 ³
470 2878 563 2906 Matth.
583 2885 619 2910 τι,
634 2877 679 2904 28.

701 163 935 193 MARTYRIUM
956 162 984 193 S.
1007 164 1253 194 CATHAIilNzE.

169 239 233 257 uaso
258 231 350 266 χάριν,
381 231 428 258 καὶ
453 230 580 267 μαθητὰς
603 230 748 258 ἀπέστειλε
770 230 820 262 τὰς
843 213 955 257 ἐκείνου.

1005 231 1067 258 data
1089 232 1270 266 prmdicautes
1294 241 1300 259 :

1728 165 1786 197 290

1331 233 1378 267 qui
1392 233 1442 267 ipsi
1459 241 1567 269 quoque
1582 241 1663 260 omne
1679 232 1788 268 pericu-

1005 278 1060 304 lum
1078 277 1218 310 subibant,
1235 283 1262 306 et
1286 283 1402 305 mortem
1418 279 1540 314 quotidie
1557 280 1741 311 sustinebant,
1757 283 1788 306 ut

1004 325 1101 351 anima:
1126 330 1243 352 mortem
1271 333 1287 352 a
1314 325 1393 352 nobis
1422 324 1602 359 depelleret,
1625 330 1652 353 et
1673 333 1784 353 onmem

1004 377 1127 397 errorem
1142 379 1156 396 a
1177 370 1256 397 nobis
1271 370 1450 400 adducerent,
1469 376 1496 397 et
1519 370 1677 396 universum
1692 379 1723 397 or
1737 380 1786 397 ιιίιι

1006 421 1084 444 terra:
1101 417 1133 443 ad
1153 424 1215 443 eum
1238 416 1418 444 adducerent.
1444 416 1589 450 Propt-rca
1614 422 1720 450 oportet
1739 424 1788 443 nos

1006 469 1115 496 quoque
1143 462 1235 489 omnia
1255 462 1430 497 persuadere.
1443 466 1471 488 et
1493 469 1552 487 esse.
1567 462 1674 495 particit
1685 468 1714 488 ο.
1729 462 1753 496 ej
1768 470 1788 488 -s

1005 509 1232 542 perpessionum,
1261 509 1458 543 cmnplantatos
1492 507 1664 534 εἰηιίιίιηῖίηί
1693 508 1788 533 mortis

1005 555 1075 589 ejus.
1093 559 1122 581 ut
1135 555 1345 582 resurrectionis
1361 559 1387 582 et
1405 554 1481 588 regni
1499 553 1585 580 simus
1599 561 1662 579 eum
1676 561 1708 579 eo
1727 560 1790 587 paro

1007 600 1106 634 ticipes
1123 601 1142 627 '.
1180 599 1229 634 Opt
1240 604 1293 626 rtet
1307 607 1371 634 ergo
1388 604 1412 625 te
1429 606 1549 633 quoque.
1563 598 1605 624 his
1618 597 1788 632 persuaderi.

1005 650 1033 672 et
1047 645 1135 680 ipsum
1148 653 1240 672 verum
1255 645 1339 671 Deum
1357 651 1516 679 agnoscere,
1536 650 1563 670 et
1579 644 1604 670 ei
1625 643 1787 669 familiarem

1005 690 1087 722 eilici,
1101 691 1147 724 qui
1168 690 1236 717 dit-it
1254 698 1262 717 ε
1280 699 1289 716 ι
1307 690 1416 722 Venite,
1437 697 1532 716 omnes
1549 690 1595 724 qui
1613 690 1744 716 laboratis
1761 695 1789 716 et

1006 736 1112 763 onerati
1130 737 1208 768 estis,
1224 741 1250 763 et
1265 744 1315 771 ego
1333 735 1453 763 reﬁciam
1468 743 1516 762 vos
1533 735 1553 762 ⁸.
1573 745 1581 761 ι
1598 735 1675 768 Quod
1695 735 1717 762 si
1734 743 1788 762 non

1006 781 1059 813 his,
1089 786 1115 808 at
1140 782 1173 808 iis
1195 782 1303 812 saltent,
1324 789 1385 815 qua:
1399 781 1471 808 dicta
1495 785 1561 808 sunt
1581 789 1595 808 a
1620 781 1674 808 diis
1691 782 1744 808 luis
1760 786 1789 808 et

1006 826 1104 861 poetis.
1122 826 1240 854 Omnino
1254 827 1327 854 cnim
1340 827 1390 853 tibi
1404 831 1432 853 et
1454 826 1563 861 sapiens
1577 826 1664 858 Plato,
1682 833 1709 854 et
1729 834 1789 853 mu-

1006 872 1079 899 sicus
1094 871 1227 907 Orpheus,
1255 874 1301 907 qui
1325 880 1373 900 sua
1390 873 1457 908 lyra,
1485 876 1514 899 ut
1543 873 1640 905 fertur,
1660 872 1788 899 movebat

1004 918 1085 944 etiam
1099 919 1263 950 inanimata;
1280 924 1409 953 prieterea
1422 923 1513 946 autem
1533 919 1659 953 egregius
1676 927 1786 954 quoque

1005 962 1050 989 ille
1063 970 1147 996 purus
1161 962 1262 997 Apollo
1279 971 1342 990 eum
1357 964 1404 989 tibi
1419 963 1459 990 vel
1476 962 1551 989 inviti
1568 962 1743 995 conﬁtentur,
1760 968 1788 991 et

1004 1007 1129 1033 veritatis
1155 1007 1258 1041 aliquid
1285 1008 1319 1034 ab
1345 1008 1385 1034 eis
1405 1012 1447 1034 est
1472 1012 1624 1039 ostensum,
1652 1012 1681 1034 ut
1698 1009 1788 1036 omnis

1005 1050 1098 1085 impiis
1124 1052 1267 1078 tolleretur
1284 1053 1403 1084 occasio,
1415 1052 1521 1080 etiamsi
1552 1052 1604 1086 ipsi
1630 1057 1693 1080 sunt
1718 1053 1787 1080 infa-

1006 1097 1085 1129 tuati,
1098 1101 1126 1124 et
1150 1097 1276 1126 videntes
1289 1105 1342 1126 non
1365 1099 1506 1131 viderunt,
1529 1098 1714 1126 etaudieutes
1733 1107 1788 1127 non

1007 1143 1211 1172 intellexerunt.

1042 1277 1112 1305 Xlll.
1128 1277 1176 1304 llis
1195 1276 1372 1312 obstupuisse
1387 1282 1536 1310 oratorem,
1555 1283 1582 1305 et
1596 1278 1655 1312 eius
1669 1278 1788 1314 linguam

1005 1324 1087 1360 plane
1116 1324 1287 1351 obmutuisse
1316 1331 1376 1350 cutn
1404 1324 1517 1351 vidisset
1556 1325 1715 1359 imperator,
1753 1325 1788 1352 ad

1005 1370 1156 1397 oratorium
1187 1369 1323 1404 reliquum
1357 1374 1459 1397 cetqu
1475 1377 1637 1402 conversus,
1659 1371 1786 1397 hortatus

1005 1420 1056 1446 est,
1073 1419 1103 1442 ut
1118 1415 1168 1450 ipsi
1184 1423 1293 1449 quoque
1322 1415 1536 1450 aggrederentur
1564 1419 1720 1450 martyrem.
1749 1414 1788 1442 lli?

1005 1465 1096 1488 autent
1115 1460 1208 1488 statim
1223 1460 1378 1487 detractant
1403 1465 1554 1492 certatneu,
1569 1460 1692 1487 dicentes
1707 1471 1712 1486 :
1729 1460 1788 1487 Non

1006 1514 1165 1541 poesumns,
1179 1514 1196 1534 o
1213 1506 1372 1540 imperator,
1406 1505 1507 1541 aliquid
1523 1513 1663 1540 opponere
1693 1509 1788 1532 contra

1005 1559 1037 1578 ea
1049 1558 1109 1585 qua:
1120 1551 1186 1578 dicit
1202 1559 1208 1577 :
1224 1555 1251 1578 et
1265 1551 1393 1583 maxime,
1410 1551 1483 1586 quod
1497 1559 1559 1578 cum
1574 1551 1621 1585 qui
1651 1555 1693 1577 est
1718 1551 1789 1578 inler

1005 1603 1056 1623 nos
1069 1597 1318 1628 orastantissimus,
1334 1601 1386 1623 tam
1415 1597 1533 1631 graviter
1563 1596 1686 1623 videmus
1703 1597 1736 1623 ab
1755 1604 1787 1623 ea

1005 1647 1174 1676 superatum.
1217 1641 1294 1669 Tunc
1327 1641 1481 1669 Maxentius
1510 1649 1565 1670 non
1595 1647 1691 1676 potens
1715 1641 1788 1668 ferre

1005 1687 1137 1719 furorem,
1161 1687 1241 1722 jubet
1271 1687 1364 1715 statim
1402 1695 1499 1722 rogum
1516 1688 1627 1714 accendi
1642 1687 1669 1714 in
1700 1688 1789 1714 media

1006 1733 1129 1764 civitate.
1145 1733 1216 1760 etin
1237 1740 1301 1760 eum
1334 1733 1408 1768 injici
1433 1732 1631 1768 quinquaginta
1652 1738 1788 1762 oratores.

1006 1778 1046 1806 Illi
1062 1783 1168 1810 autem,
1201 1779 1252 1805 hac
1284 1778 1377 1805 audita
1406 1779 1554 1810 sententia,
1590 1778 1738 1813 procidunt
1755 1779 1788 1805 ιλιι

1006 1822 1080 1849 illius
1096 1822 1182 1849 beatae
1200 1822 1293 1857 pedes.
1307 1827 1336 1850 et
1362 1830 1422 1849 eam
1440 1823 1617 1850 vehementer
1643 1824 1790 1850 obsecrant

1006 1871 1033 1894 et
1047 1867 1213 1902 supplicant,
1229 1872 1259 1894 ut
1273 1867 1306 1894 ab
1318 1866 1391 1894 illius
1414 1867 1469 1894 Deo
1491 1866 1532 1894 eis
1549 1867 1748 1902 ignosceretur.
1764 1867 1789 1894 si

1007 1913 1071 1948 quid
1087 1913 1121 1940 ab
1135 1913 1175 1940 eis
1191 1917 1332 1948 peccatum
1354 1913 1391 1940 sit
1409 1912 1573 1947 ignorantia,
1605 1917 1633 1940 et
1650 1918 1677 1940 ut
1695 1913 1788 1939 divino

1007 1959 1186 1994 dignarentur
1200 1959 1335 1993 baptismo
1352 1964 1381 1986 et
1395 1958 1468 1986 dono
1490 1958 1577 1986 sancti
1613 1959 1738 1992 Spiritus,
1759 1964 1788 1987 et

1007 2004 1096 2039 quoad
1122 2005 1183 2039 ejus
1211 2005 1269 2032 ﬁeri
1286 2009 1388 2039 posset,
1406 2004 1447 2032 illi
1481 2005 1724 2039 conjungerentur.
1745 2005 1786 2031 Ad

1006 2049 1064 2076 haec
1077 2053 1178 2084 martyr
1191 2048 1282 2076 divina
1297 2050 1399 2084 repleta
1430 2050 1523 2077 laetitia
1538 2057 1545 2076 :
1574 2049 1658 2084 Estis,
1687 2050 1786 2084 inquit,

1005 2101 1070 2121 vere
1086 2094 1170 2127 beati,
1188 2094 1274 2129 quod,
1293 2095 1396 2122 relictis
1410 2094 1541 2126 tenebris,
1558 2095 1644 2122 secuti
1664 2096 1729 2122 estis
1746 2095 1786 2121 lu.

1005 2147 1064 2167 cem
1078 2139 1200 2167 veritatis
1214 2149 1221 2173 ;
1238 2144 1265 2166 et
1281 2139 1376 2166 relicto
1392 2147 1465 2174 rege,
1479 2140 1525 2174 qui
1539 2141 1564 2166 in
1580 2140 1661 2167 terris
1678 2140 1785 2172 interit,

1006 2185 1160 2212 accessistis
1176 2184 1209 2212 ad
1220 2184 1355 2219 eum,qui
1369 2188 1412 2212 est
1445 2184 1471 2210 in
1499 2184 1576 2211 ecelis
1603 2184 1638 2211 ab
1673 2185 1786 2212 imeritu

1006 2231 1113 2259 alienus
1124 2235 1153 2258 et
1172 2230 1346 2258 immortalis.
1362 2230 1436 2265 lgnis
1448 2229 1534 2261 cnim,
1550 2237 1631 2264 quem
1658 2229 1733 2264 impii
1746 2230 1784 2257 illi

1006 2277 1086 2304 vobis
1099 2281 1164 2304 sunt
1180 2276 1286 2308 minati,
1304 2276 1355 2303 erit
1373 2276 1575 2311 quodammodo
1590 2275 1667 2303 vobis
1700 2275 1789 2310 bapti-

1008 2330 1066 2350 sma
1081 2326 1109 2349 et
1121 2322 1200 2350 scala:
1214 2322 1247 2349 ad
1268 2322 1377 2354 cmlum,
1392 2321 1415 2348 si
1440 2329 1493 2356 qua
1510 2321 1545 2348 sit
1565 2322 1680 2353 macula,
1697 2321 1718 2349 si
1728 2329 1788 2356 quae

1007 2367 1114 2398 sordes,
1131 2375 1191 2395 eam
1209 2375 1375 2402 cxpurgans,
1395 2371 1424 2394 et
1441 2373 1569 2402 tanquam
1583 2367 1688 2394 lucidas
1705 2374 1788 2401 quas-

1008 2414 1071 2441 dam
1090 2414 1193 2446 stellas,
1222 2422 1271 2441 vos
1299 2415 1333 2441 ad
1351 2413 1426 2441 illurn
1455 2414 1543 2448 ipsum
1575 2420 1787 2448 regenti-ursum

1006 2460 1122 2492 ducens,
1145 2459 1305 2487 etelﬁciens
1319 2459 1456 2495 jucundos
1469 2464 1497 2486 et
1511 2459 1654 2486 amabiles.
1682 2458 1716 2485 Et
1729 2459 1787 2492 ipsa

1006 2506 1117 2541 quidem
1128 2513 1190 2533 eum
1206 2506 1247 2532 eis
1262 2506 1312 2532 hac
1325 2513 1373 2540 spe
1388 2509 1416 2533 et
1428 2512 1556 2532 sermone
1577 2505 1698 2531 animum
1711 2503 1787 2530 addi-

1005 2553 1102 2585 disset,
1114 2557 1142 2579 et
1161 2552 1310 2586 unicuique
1324 2559 1399 2579 arma
1429 2551 1659 2586 inexpugnabilia,
1688 2557 1787 2585 nempe

1006 2599 1110 2626 Christi
1130 2598 1312 2633 signaculum,
1343 2597 1513 2629 immisisset,
1546 2603 1609 2623 cum
1638 2595 1786 2630 gratiarum

1006 2643 1114 2671 actione
1131 2647 1158 2670 et
1171 2642 1265 2669 laetitia
1276 2642 1390 2669 dimittit
1405 2641 1438 2668 ad
1452 2640 1624 2676 martyrium.
1641 2639 1721 2674 Spem
1735 2646 1786 2666 au-

1007 2695 1059 2718 tem
1075 2692 1240 2716 consecutus
1252 2691 1533 2718 cslcvenlus,eteum
1545 2693 1592 2712 eos
1618 2684 1788 2719 accepissent

1007 2735 1117 2767 milites,
1139 2734 1215 2761 la:tos
1241 2733 1351 2768 quidem
1375 2732 1481 2768 jacinnt
1495 2732 1522 2759 in
1548 2731 1683 2758 ﬂammam
1717 2730 1787 2765 ignis

1006 2781 1124 2815 septimo
1141 2779 1248 2806 decimo
1266 2778 1370 2806 mensis
1382 2778 1552 2805 Novembris.
1562 2777 1679 2812 Vespere
1693 2780 1785 2803 autem

1005 2827 1116 2862 quidam
1128 2834 1160 2853 ex
1175 2825 1226 2861 piis
1240 2825 1341 2860 egressi
1352 2824 1386 2852 ad
1400 2823 1565 2859 colligendas
1580 2823 1722 2858 reliquias,
1742 2822 1783 2849 iu-
