2082 3153
279 128 326 158 £9)

903 123 1046 152 MENSIS
1066 122 1286 153 NOVEMBER.

1847 121 1899 152 22

261 184 378 211 veniunt
396 190 442 208 eas
457 189 537 208 sanas
548 185 578 207 et
597 180 697 212 salvas,
713 179 781 207 adeo
799 184 828 206 ut
842 186 893 206 nec
910 179 981 213 pilus
992 178 1055 213 qui—

1113 178 1257 212 Ἷοεμὸρίου
1280 177 1361 212 μηνδς
1394 176 1548 211 ἱσταμένου.
1573 176 1708 211 Ἐσπέρας
1721 177 1748 202 δέ
1763 185 1834 208 τινες
1844 177 1898 204 τῶν

261 230 323 257 dem
349 235 443 254 earum
475 234 489 253 a
507 226 617 253 ﬂamma
644 225 757 252 omnino
784 225 820 252 sit
849 229 1049 258 consumptus;

261 274 314 301 hoc
332 272 452 307 primum
469 272 576 306 signum
595 271 706 297 illorum
723 277 786 297 cum
802 270 858 297 Deo
873 269 1045 304 conjunctio-

260 319 314 349 nis.
330 318 472 353 praebente
491 316 676 344 Providentia.

1103 224 1233 256 εὺσεὸῶν,
1251 224 1296 250 ἐπὶ
1314 224 1364 258 τῆν
1399 223 1453 248 τῶν
1468 222 1600 257 λειψάνων
1618 222 1751 257 συλλογὴν
1773 222 1898 254 ἐξελθόν-

1101 279 1156 302 τες,
1174 270 1262 302 οὕτως
1277 270 1347 297 αὐτὰ
1363 268 1428 303 ὑγιῆ
1443 268 1488 294 καὶ
1503 268 1560 294 σῶα
1577 268 1760 303 εὑρῖσχουσιν,
1777 269 1814 299 ὡς
1831 270 1898 304 μηδὲ

1099 316 1179 351 τρίχα
1202 316 1305 342 τούτων
1336 316 1387 342 ὑπὸ
1419 316 1468 349 τῆς
1495 313 1593 348 φλογδς
1621 313 1688 344 ὅλως
1715 314 1898 348 ἀναλωθῆναι,

260 365 412 400 τεκμήριον
445 363 524 390 τοῦτο
550 363 657 398 πρῶτον
687 361 738 396 τῆς
768 361 880 389 ἐκείνων
908 364 976 397 πρὸς
997 362 1064 390 Θεδν
1095 362 1258 394 οίκειώσειυς
1275 363 1324 398 τῆς
1345 362 1472 398 προνοίας
1487 361 1706 396 παρασχομένης.
1724 360 1899 397 Εὐχαριστή·

260 418 357 443 σαντες
372 411 418 438 οὖν
432 411 472 446 τῷ
486 410 545 445 Θεῷ
564 410 596 435 τὰ
611 410 711 436 εἰκότα.

298 456 371 484 λιν.
390 457 458 483 Cum
471 463 546 490 ergo,
569 459 598 481 ut
611 462 660 489 par
673 458 744 484 erat,
774 452 831 478 Deo
858 451 980 485 egissent
996 457 1059 485 gra-

263 503 327 535 tias,
344 506 371 529 et
388 502 532 537 inopinato
545 500 678 527 miraculo
693 499 795 525 multos
823 497 1000 524 attraxissent
1024 495 1057 522 ad

263 548 430 583 agnitionem
442 547 573 577 veritatis,
581 553 627 572 eas
639 544 768 579 praeclare
777 547 905 569 etsancte
912 542 1059 576 deponunt

263 595 291 620 in
304 593 420 628 quodam
435 594 505 620 loco.
518 593 668 626 imperator
687 594 778 617 autem
798 589 950 616 Maxentius
963 587 1059 623 [Maxi-

263 639 366 675 minus]
381 645 465 666 totam
476 639 668 674 cogitationem
682 635 817 670 deligabat
845 635 872 662 in
899 639 1056 670 martyrem,

262 691 291 713 et
306 685 340 712 de
357 685 401 712 illa
414 689 473 712 erat
489 689 623 719 perpetuo
641 683 790 714 sollicitus,
809 686 839 708 ut
857 689 917 708 eam
933 681 1056 707 lucrare-

264 736 321 764 tur,
342 732 482 765 relipsam
498 738 593 757 curam
627 729 735 763 imperii
768 727 960 762 postponebat.
987 726 1056 753 Cum

264 777 358 812 itaque
370 778 394 804 vi
412 776 523 804 dicendi
537 781 565 803 et
584 774 820 809 disputationibus
836 773 1010 808 desperasset
1024 780 1054 799 se

265 831 326 851 eam
343 831 423 858 posse
462 823 606 854 inducere,
641 829 702 848 eam
731 819 872 846 blanditiis
898 819 1056 854 aggreditur

267 870 384 899 illicere.
400 873 428 896 et
456 867 530 902 apud
561 867 697 903 egregiam
729 872 879 902 martyrem
902 865 994 892 verbis
1009 869 1053 892 est

1149 450 1198 478 ΙΔ’.
1221 450 1276 477 Καὶ
1290 450 1405 482 πολλοὺς
1421 451 1459 486 τῷ
1478 451 1623 486 παραδόξῳ
1635 452 1681 478 τοῦ
1698 452 1839 487 θαύματος
1858 454 1900 484 είς

1112 496 1264 529 ἐπίγνωσιν
1280 496 1330 529 τῆς
1349 496 1479 531 ἀληθείας
1497 497 1738 532 ἐπισπασάμενοι,
1762 498 1900 533 λαμπρῶς

1112 543 1182 569 αὐτὰ
1213 543 1261 569 καὶ
1284 543 1366 574 ὁσίως
1397 543 1426 568 ἔν
1455 551 1508 569 τινι
1535 543 1609 578 τόπῳ
1640 543 1842 571 κατατιθέασιν.
1869 543 1899 571 '0

1115 588 1206 622 μέντοι
1223 588 1351 622 βασιλεὺς
1368 588 1519 620 Μαξὲντιος
1543 588 1604 620 ὅλος
1619 590 1682 623 περὶ
1701 590 1750 625 τὴν
1769 591 1900 625 μάρτυρα

1113 631 1184 669 εἶχε,
1213 635 1260 660 καὶ
1287 635 1397 669 φροντὶς
1429 633 1463 670 ἦν
1495 635 1569 670 αὐτῷ
1596 635 1712 670 διαρκὴς
1726 636 1828 670 ἐκείνη,
1852 636 1900 662 καὶ

1113 679 1184 706 ὧστε
1217 681 1346 714 κερδᾶναι
1375 681 1471 715 αὐτὴν,
1502 682 1643 715 πάρεργον
1670 681 1718 707 καὶ
1746 681 1796 717 τὴν
1820 681 1901 716 βασις

1111 725 1187 752 λείαν
1230 726 1314 761 αὐτὴν
1351 727 1482 752 ἐποιεῖτο.
1535 727 1589 752 Καὶ
1637 726 1706 761 δῆτα
1749 728 1899 762 ῥητορικὰς

1110 773 1236 806 ἀνάγκας
1265 773 1312 799 καὶ
1339 772 1426 799 πειθὼ
1453 773 1544 799 πᾶσαν
1579 774 1626 799 καὶ
1660 773 1710 803 τὰς
1733 773 1788 799 τῶν
1812 773 1900 807 λόγων

1113 819 1231 853 ἁμίλλας
1249 819 1453 854 ἀπαγορεύσας,
1469 820 1626 851 κολακείαις
1645 820 1797 852 ὑποκλέψαι
1815 820 1900 854 αὐτὴν

1112 865 1260 900 ἐπεχείρει,
1275 867 1334 905 κκαὶ
1361 865 1396 892 τὰ
1426 865 1540 892 τοιαῦτα
1564 868 1597 901 τῇ
1626 867 1738 902 γενναίᾳ
1765 866 1900 901 προσῆγε.

266 923 334 942 usus
345 915 501 950 ejusmodi:
518 914 608 941 Crede
626 913 704 945 mihi,
724 913 839 948 pulchra
855 913 921 943 lilia,
939 912 985 946 qui
1003 910 1055 937 tibi

1117 911 1246 946 Πείσθητί
1264 921 1318 946 μοι,
1331 911 1400 944 καλὴ
1415 912 1547 946 θύγατερ,
1562 910 1607 938 οἶα
1625 912 1796 948 φιλοστόργῳ
1811 912 1896 947 πατρί⁸

266 961 392 992 consulo,
410 966 539 994 tanquam
574 959 622 986 tibi
646 959 714 985 bene
729 958 825 985 volens
851 962 939 992 pater.
951 957 1055 991 Magnis

267 1007 322 1034 diis
342 1006 464 1033 sacriﬁca
480 1014 486 1038 ;
503 1006 622 1032 maxime
654 1009 745 1031 autem
775 1003 913 1030 Musarum
943 1002 1053 1037 prazsidi

266 1052 414 1084 Mercurio,
430 1059 444 1078 a
461 1059 516 1085 quo
535 1051 657 1086 profecta
670 1054 711 1077 est
737 1050 794 1076 [NEC
821 1055 866 1075 tua
880 1056 977 1083 magna
1008 1056 1056 1075 co-

267 1097 368 1133 gnitio,
386 1102 412 1124 et
434 1096 479 1131 qui
497 1102 522 1123 te
553 1100 669 1122 exornat
687 1099 760 1121 tanta
778 1094 889 1121 dicendi
912 1093 1010 1128 gratia,
1027 1097 1056 1120 et

267 1150 358 1170 meum
386 1147 475 1169 tecum
492 1141 609 1168 dividam
626 1140 877 1175 imperium,sciant
890 1140 925 1166 dii
938 1147 1034 1166 omnes
1049 1148 1056 1172 ;

266 1194 295 1217 et
310 1196 415 1216 mecum
437 1187 574 1215 babitabis
601 1187 629 1213 in
659 1187 743 1221 regia.
777 1186 826 1212 illa
856 1193 932 1218 vero,
955 1190 986 1212 ut
998 1192 1058 1219 qua:

268 1239 340 1262 esset
354 1241 453 1269 magno
465 1238 494 1260 et
510 1233 620 1260 excelso
632 1232 725 1259 animo
736 1232 770 1258 ad
782 1231 974 1265 excipiendam
988 1231 1058 1258 ami-

268 1288 365 1308 corum
382 1279 491 1306 dicendi
512 1278 719 1309 libertatem,et
736 1285 833 1304 rursus
860 1276 991 1304 acerrimi
1016 1276 1059 1303 in-

268 1326 344 1362 genii
371 1325 406 1352 ad
434 1323 692 1359 deprehendendam
729 1323 924 1353 adulationem,
952 1321 1059 1349 etiamsi

272 1371 392 1398 maxime
405 1373 600 1397 contexeretur
614 1368 699 1395 vafris
713 1372 742 1394 et
756 1368 839 1394 variis
872 1366 1034 1402 labyrinthis
1050 1373 1058 1391 :

270 1415 393 1450 Depone,
414 1413 516 1448 inquit.
542 1420 559 1439 0
588 1412 749 1446 imperator,
780 1410 937 1438 fictionem:
970 1416 1059 1444 neque

272 1462 376 1489 releras
392 1467 420 1488 et
434 1459 552 1486 imiteris
568 1459 661 1485 dolum
676 1457 776 1492 vulpis.
811 1457 866 1492 Ego
882 1457 955 1484 enim
976 1455 1059 1482 semel

270 1507 328 1534 dixi
342 1506 403 1539 tibi,
416 1513 458 1533 me
475 1512 535 1533 esse
553 1503 749 1534 Christianam,
779 1507 807 1530 et
835 1502 895 1529 reni
927 1506 957 1528 ut
971 1508 1060 1528 essem

271 1560 373 1587 sponsa
391 1551 495 1579 Christi
514 1559 520 1584 ;
537 1554 564 1576 et
586 1557 649 1576 eum
665 1548 753 1576 habeo
780 1548 869 1575 solum
882 1555 1012 1582 sponsum
1034 1552 1061 1573 et

271 1597 475 1628 consiliarium,
487 1600 515 1623 et
530 1599 721 1622 ornamentum
746 1594 921 1629 virginitatis,
950 1593 1061 1619 stolam-
1075 1579 1098 1610 θ

271 1651 326 1678 que
344 1642 467 1677 martyrii
482 1643 561 1675 longe
579 1639 695 1675 praefero
708 1639 798 1665 cuivis
825 1646 954 1672 purpura:
965 1638 1057 1672 regite.

272 1691 427 1723 Imperator
437 1693 530 1715 autem
546 1687 636 1714 adhuc
654 1694 711 1720 pra:
726 1693 753 1712 se
767 1685 867 1716 ferens,
884 1692 913 1711 se
940 1685 1000 1719 ejus
1012 1692 1060 1711 cu-

274 1742 330 1761 ram
363 1733 535 1768 gerere:Ne
562 1739 712 1767 eogasme,
739 1731 839 1765 inquit,
868 1730 910 1757 vel
941 1730 1058 1757 inritum

274 1780 346 1806 hanc
360 1783 433 1806 tuam
448 1778 607 1813 prmelaram
639 1785 790 1812 purpuraln
823 1776 922 1810 injuria
940 1775 1058 1803 allicere.

275 1824 322 1850 ille
335 1828 426 1850 autem
439 1831 447 1849 ι
461 1823 525 1854 Fac,
541 1822 639 1856 inquit,
653 1821 726 1856 quod
742 1821 820 1849 velis.
836 1821 902 1848 Nam
920 1829 968 1855 per
980 1821 1061 1853 hanc,

275 1877 337 1904 quae
350 1874 390 1896 est
401 1869 434 1895 ad
454 1873 562 1903 tempus
577 1872 604 1894 et
619 1867 674 1894 cito
702 1867 873 1898 dissolvitur.
901 1866 1062 1893 conciliabis

274 1915 342 1942 mihi
359 1922 449 1942 veram
472 1919 500 1942 et
528 1913 711 1940 immortalem
742 1913 876 1948 gloriam:
907 1917 936 1939 et
965 1919 1061 1946 magna

278 1967 391 1995 quaque
408 1960 471 1991 alia,
504 1963 535 1985 ut
560 1958 692 1990 arbitror,
715 1957 864 1984 multitudo
889 1961 916 1983 et
944 1957 1061 1983 maxime

275 2006 315 2033 tui
348 2005 450 2040 palatii,
464 2012 513 2040 per
530 2012 573 2031 me
587 2004 697 2031 Christo
725 2004 847 2034 credent.
876 2007 904 2030 el.
929 2003 980 2037 ipsi
994 2010 1064 2037 quo-

272 2060 328 2086 quc
341 2059 383 2079 me
398 2054 611 2086 prosequentur,
640 2049 674 2077 ad
705 2056 799 2077 sacros
827 2048 900 2075 illius
926 2048 1062 2075 thalamos

273 2099 418 2134 magniﬁce
433 2102 634 2126 transeuntem.

309 2145 369 2172 XV.
385 2145 447 2172 llam
460 2145 506 2172 illa
520 2144 632 2179 quidem
645 2142 715 2170 dixit
728 2151 734 2170 :
752 2143 824 2169 Deus
838 2146 930 2168 autem
942 2140 1060 2175 desuper

271 2191 380 2221 annuit,
395 2195 424 2217 et
443 2190 558 2217 deduxit
571 2189 604 2216 ad
632 2189 761 2216 effectum
781 2195 811 2215 ea
830 2195 890 2221 qure
917 2186 989 2213 dicta
1006 2187 1064 2212 I'ue-

1116 957 1328 991 συμὸουλεύοντι
1340 977 1348 990 ,
1365 958 1412 984 καὶ
1427 959 1484 989 τοῖς
1500 958 1630 993 μεγαλοις
1644 958 1724 985 θῦσαι
1741 959 1828 990 θεοῖς,
1845 960 1902 994 μά-

1111 1001 1190 1028 λιστα
1201 1001 1240 1037 τῷ
1248 1002 1301 1028 τῶν
1314 1002 1423 1037 μουσῶν
1431 1003 1522 1038 ἐφόρῳ
1536 1003 1634 1038 Ἐρμῇ,
1647 1004 1714 1038 παρ’
1723 1000 1753 1030 οὗ
1763 1012 1804 1030 σοι
1815 1004 1862 1030 καὶ
1870 1003 1901 1029 τὸ

1112 1047 1179 1074 πολὺ
1199 1048 1248 1082 τῆς
1276 1047 1402 1082 γνώσεως
1424 1047 1523 1081 τοῦτο,
1549 1050 1597 1076 καὶ
1631 1050 1706 1080 ὅστις
1737 1058 1766 1075 σε
1800 1049 1903 1076 τοσαύ-

1110 1102 1171 1125 ταις
1195 1094 1242 1120 ἐπὶ
1264 1094 1319 1120 τῶν
1341 1093 1427 1128 λόγων
1452 1095 1555 1130 χάρισι,
1579 1095 1626 1121 καὶ
1657 1095 1838 1130 συνδιὲλωμαί
1859 1104 1901 1122 σοι

1112 1139 1161 1175 τὴν
1175 1141 1224 1173 τῆς
1242 1141 1329 1175 ἀρχῆς
1350 1140 1486 1173 ἐξουσίαν,
1509 1141 1627 1168 ἴστωσαν
1649 1142 1674 1167 oi
1699 1141 1755 1167 θεοὶ
1787 1142 1898 1173 πάντες·

1113 1186 1160 1210 καὶ
1183 1187 1354 1220 συνοικήσεις
1381 1186 1440 1220 μετ’
1469 1187 1536 1221 ἐμοῦ
1559 1187 1595 1212 τὰ
1631 1187 1767 1222 βασίλεια,
1799 1187 1832 1213 'il
1859 1187 1901 1220 δὲ,

1116 1231 1301 1266 μεγαλόφρων
1344 1229 1411 1258 οὖσα
1431 1233 1516 1267 φίλων
1531 1242 1559 1259 τε
1581 1233 1765 1266 ἀποδέξασθαι
1790 1234 1901 1268 mpm-

1117 1276 1177 1302 σίαν
1191 1277 1238 1302 κα¹ι
1251 1277 1366 1311 ὀξυτάτη
1384 1279 1463 1305 πάλιν
1475 1279 1623 1306 κολακείαν
1639 1280 1746 1315 ἐχθρῶν
1759 1282 1898 1314 φωρᾶσαι,

1115 1322 1169 1348 κᾶν
1199 1323 1242 1348 ὅτι
1272 1323 1390 1358 μάλιστα
1417 1326 1508 1359 σοφοῖς
1533 1325 1668 1360 πλέκηται
1696 1326 1743 1352 καὶ
1769 1325 1902 1356 ποικίλοις

1114 1369 1169 1398 τοῖς
1179 1367 1356 1402 λαϐυρίνθοις,
1371 1370 1534 1402 Ἀποτίθεσο,
1546 1370 1669 1405 βασιλεῦ,
1682 1371 1747 1405 ἔφη,
1765 1371 1795 1397 τὺ
1808 1371 1902 1407 δρᾶμα

1128 1415 1175 1440 καὶ
1193 1414 1242 1449 τὴν
1259 1415 1372 1450 σκηνὴν,
1395 1417 1462 1451 μηδὲ
1489 1417 1519 1443 τὸ
1546 1417 1654 1451 δολερὸν
1684 1418 1734 1452 τῆς
1759 1417 1903 1448 ἀλώπεκος

1121 1458 1279 1492 ὑπεκρίνου.
1305 1460 1374 1494 Ἐγὼ
1387 1461 1439 1495 γὰρ
1457 1461 1531 1494 ἅπαξ
1547 1471 1588 1488 σοι
1602 1462 1679 1488 εἷπον
1692 1463 1744 1497 ἤδη
1764 1464 1805 1489 ὅτι
1833 1463 1904 1496 Χρι-

1117 1506 1211 1540 στιανὴ
1230 1507 1296 1540 εἰμι,
1314 1508 1360 1533 καὶ
1377 1505 1458 1541 ἦλθον
1483 1508 1676 1543 νυμφευθῆναι
1698 1508 1824 1543 Χριστῷ,
1853 1508 1903 1534 καὶ

1117 1550 1198 1577 αὑτὸν
1221 1552 1302 1586 μόνον
1317 1552 1385 1587 ἔχων
1401 1554 1518 1588 νυμφίον
1543 1554 1592 1581 καὶ
1616 1555 1771 1587 σύμϐουλον
1787 1555 1835 1581 καὶ
1856 1554 1903 1580 τὸν

1113 1597 1163 1630 τῆς
1196 1596 1345 1631 παρθενίας
1370 1598 1471 1632 κόσμον
1488 1598 1536 1625 καὶ
1546 1600 1595 1633 τὴν
1617 1599 1664 1625 τοῦ
1677 1600 1826 1634 μαρτυρέου
1843 1607 1905 1625 στο-

1113 1639 1162 1675 λὴν
1193 1641 1282 1675 πάσης
1312 1641 1454 1677 βασιλικῆς
1488 1643 1646 1678 ἁλουργίδας
1680 1644 1728 1670 καὶ
1759 1643 1904 1679 πορφύρας

1113 1686 1280 1722 τιμιωτέραν
1296 1687 1384 1722 πολλῴ
1401 1688 1519 1722 τίθεμαι.
1553 1689 1581 1715 '0
1598 1689 1727 1723 βασιλεὺς
1747 1691 1836 1715 τοίνυν
1861 1689 1904 1716 ἔτι

1115 1731 1245 1765 κήδεσθαι
1261 1732 1342 1767 δῆθεν
1360 1733 1445 1767 αὐτῆς
1457 1734 1702 1769 προσποιούμενος.
1717 1735 1763 1769 Μὴ
1776 1735 1902 1768 ἀναγκά-

1117 1784 1167 1810 σῃς
1183 1785 1226 1810 με,
1241 1776 1305 1811 ἔφη,
1327 1777 1376 1812 τὴν
1396 1778 1526 1812 λαμπράν
1550 1787 1596 1805 σου
1628 1780 1730 1815 ταύτην
1753 1780 1902 1814 ἁλουργίδα

1116 1822 1283 1856 καθυϐρίσαι
1299 1823 1345 1848 καὶ
1362 1823 1399 1858 μὴ
1419 1823 1592 1858 βουλόμενος.
1617 1824 1649 1851 'H
1662 1825 1691 1850 δὲ
1708 1826 1790 1857 ποίει,
1807 1827 1902 1860 φησιν,

1116 1867 1130 1893 ὅ
1143 1867 1243 1902 βούλει.
1263 1869 1313 1896 Διὰ
1326 1869 1381 1904 γὰρ
1397 1871 1446 1905 τῆς
1467 1871 1638 1906 προσκαίριυ
1655 1872 1758 1906 ταύτης
1772 1874 1818 1899 καὶ
1832 1873 1903 1906 ταχὺ

1116 1911 1250 1947 λυομένης
1266 1914 1354 1949 αληθῆ
1370 1923 1415 1948 μοι
1430 1915 1510 1947 δόξαν
1529 1915 1670 1950 πρίιξενεῖς
1684 1917 1731 1943 καὶ
1756 1917 1902 1948 ἀθάνατον,

1117 1959 1185 1986 πολὺ
1208 1960 1236 1985 δὲ
1261 1957 1339 1995 οἶμαι
1359 1962 1406 1987 καὶ
1420 1961 1485 1987 ἄλλο
1509 1963 1609 1996 πλῆθος
1639 1971 1684 1989 και
1707 1964 1825 1997 μάλιστα
1854 1964 1903 1991 τοῦ

1117 2007 1164 2033 σοῦ
1184 2007 1318 2033 παλατίου
1335 2007 1513 2034 πιστεύσουσι
1530 2009 1563 2034 δι’
1579 2010 1646 2043 ἐμοῦ
1659 2010 1698 2045 τῷ
1713 2011 1836 2046 Χριστῷ.
1853 2012 1903 2037 καὶ

1116 2053 1316 2088 προπέμψουσί
1332 2062 1376 2089 με,
1397 2056 1443 2080 καὶ
1456 2055 1534 2081 αὐτοὶ
1550 2056 1619 2090 πρὸς
1633 2057 1681 2087 τὰς
1698 2058 1774 2092 ἱερὰς
1796 2058 1903 2083 ἐκείνου

1118 2101 1259 2131 παστάδας
1277 2101 1499 2136 μεγαλοπρεπῶς
1514 2101 1711 2130 διαϐαίνουσιν.

1152 2146 1202 2174 iE'.
1219 2147 1315 2173 Ταῦτα
1331 2148 1346 2181 ἡ
1365 2148 1415 2181 μὲν
1429 2145 1505 2174 εἶπεν
1519 2157 1525 2163 ·
1540 2149 1652 2174 ἐπένευε
1679 2149 1707 2175 δὲ
1735 2150 1802 2181 Θεὸς
1831 2150 1903 2176 ἄνω-

1116 2192 1173 2224 θεν,
1199 2194 1246 2219 καὶ
1273 2194 1313 2224 είς
1347 2194 1434 2229 πέρας
1460 2194 1494 2220 τὰ
1523 2194 1656 2230 εἰρημένα
1680 2196 1772 2230 ἐξῆγε.
1797 2196 1904 2228 Μαξέν-

273 2241 348 2262 rant.
373 2235 527 2262 Maxentius
556 2238 650 2261 autem
681 2233 724 2260 his
758 2232 838 2259 valde
867 2232 963 2263 iratus,
979 2231 1059 2264 jubet

1117 2246 1171 2270 τιος
1185 2239 1213 2265 δὲ
1237 2239 1354 2272 ὀξύτατα
1378 2240 1499 2274 κινηθεὶς
1518 2241 1564 2266 ἐπὶ
1586 2241 1692 2273 τούτοις
1720 2242 1827 2268 κελεύει
1852 2242 1904 2276 τὴν

275 2286 422 2314 martyrem
436 2281 499 2306 exui
518 2280 601 2314 regali
627 2279 673 2305 illa
690 2286 824 2313 purpura,
837 2282 865 2303 ct
899 2277 981 2303 boum
1000 2284 1064 2303 ner-

273 2325 317 2352 vis
326 2325 391 2352 cadi
403 2325 604 2353 crudelissime.
614 2324 682 2351 Cum
691 2325 743 2352 hoc
757 2328 849 2350 autem
863 2323 963 2350 factum
980 2327 1063 2355 esset,

275 2377 305 2399 ut
321 2371 453 2406 jusserat,
485 2375 513 2398 et
534 2371 664 2405 martyris
693 2377 794 2402 corpus
811 2369 853 2396 vel
872 2369 934 2396 nive
949 2368 1064 2396 cadente

275 2417 465 2444 crebrioribus
490 2416 582 2451 ﬂagris
627 2416 850 2442 intolerabilibus
879 2416 948 2442 duas
982 2415 1064 2442 horas

274 2463 352 2490 valde
365 2462 480 2489 ca:ditur
494 2469 501 2493 ;
516 2467 545 2488 et
558 2469 621 2488 cum
650 2467 746 2488 venter
757 2461 837 2488 simul
856 2461 1061 2493 verberaretur,

273 2509 417 2537 lavabatur
434 2507 568 2542 virginale
581 2506 693 2541 quidem
711 2507 785 2534 illius
799 2514 898 2540 corpus
916 2507 1061 2541 sanguine,

272 2560 301 2584 et
312 2555 405 2582 multis
415 2562 449 2581 ex
465 2554 498 2581 iis
515 2555 562 2588 qui
574 2553 699 2584 aderant,
713 2557 807 2587 aperte
835 2553 944 2579 ciebant
975 2553 1063 2588 lacry-

274 2607 332 2627 mas
346 2609 353 2632 ;
366 2600 422 2634 ipsa
433 2604 524 2626 autem
540 2604 594 2625 tam
609 2603 766 2625 constanter
777 2602 802 2625 et
816 2598 921 2625 fortiter
928 2598 1065 2625 restiterat

274 2646 442 2672 intolerabili
453 2645 491 2672 illi
508 2649 536 2672 et
550 2645 705 2672 vehementi
721 2645 747 2671 vi
763 2644 882 2679 tyranni,
912 2650 941 2671 ut
965 2651 1064 2679 propc-

273 2692 386 2719 tnodum
413 2692 554 2720 videretur
580 2692 641 2727 ejus
665 2699 766 2726 corpus
804 2699 865 2718 esse
912 2691 1063 2726 lapideum,

273 2738 328 2764 nisi
346 2738 405 2772 ejus
422 2743 546 2766 naturam
559 2738 634 2765 ﬂuvii
647 2739 791 2773 sanguinis
816 2737 984 2771 argnissent.
1015 2736 1063 2763 Vix

275 2782 386 2809 tandem
400 2788 490 2810 autem
507 2784 564 2810 fera
579 2784 624 2810 illa
637 2783 780 2814 immunis,
796 2783 917 2817 caligans
945 2781 978 2808 ad
1007 2781 1065 2815 pla—

272 2835 368 2862 garum
380 2829 578 2862 spectaculum,
592 2833 739 2863 martyrem
756 2828 872 2855 includit
885 2827 913 2853 in
929 2827 1063 2857 custodia,

270 2873 372 2909 jubcns
386 2879 415 2900 ut
428 2882 459 2901 ca
478 2879 537 2902 tutu
555 2879 744 2902 asservaretur
761 2880 847 2908 usque
863 2873 895 2899 ad
910 2872 982 2899 diem
996 2872 1063 2898 duo-

1118 2284 1262 2320 βασιλικὴν
1281 2285 1388 2320 ἐκείνην
1403 2286 1548 2321 πορφύραν
1571 2287 1740 2321 ἀποδυθῆναι
1758 2288 1808 2323 τὴν
1831 2290 1904 2322 μάρ-

1115 2338 1196 2365 τυρα,
1209 2331 1256 2356 καὶ
1271 2329 1427 2366 βουνεὺροις
1444 2331 1577 2366 ὠμότατα
1589 2333 1812 2365 καταξαίνεσθαι.
1835 2334 1903 2360 Τού-

1115 2383 1163 2401 του
1185 2375 1225 2408 δὲ,
1239 2376 1276 2408 ὡς
1298 2377 1437 2408 ἐκέλευσε,
1452 2379 1612 2413 γενομένου,
1637 2380 1683 2404 καὶ¹
1699 2379 1747 2414 τῆς
1764 2380 1904 2414 μάρτυρες

1115 2422 1162 2448 ἐπὶ
1177 2421 1255 2448 δυσὶν
1273 2422 1347 2454 ὅλαις
1364 2422 1450 2458 ὥραις
1475 2423 1602 2459 καθαπερ
1626 2425 1682 2450 τισὶ
1720 2426 1814 2459 νιφασι
1842 2427 1904 2456 ταῖς

1116 2469 1315 2500 ἀνυποστάτοις
1342 2469 1472 2503 μάστιξιν
1502 2470 1620 2505 ἰσχυρῶς
1637 2472 1671 2497 τὰ
1686 2471 1759 2498 νῶτα
1786 2472 1832 2497 καὶ
1853 2471 1904 2506 τὴν

1116 2515 1220 2542 κοιλίαν
1237 2515 1306 2550 ὁμοῦ
1322 2516 1516 2550 τυπτομένης,
1537 2516 1647 2543 ἐλούετο
1668 2517 1718 2552 μὲν
1739 2518 1771 2544 τὸ
1799 2519 1905 2553 παρθε-

1115 2562 1189 2588 νικὺν
1203 2564 1292 2588 ἐκεῖνο
1316 2562 1396 2596 σῶμα
1420 2564 1477 2594 τοῖς
1498 2564 1610 2598 αἵμασι,
1637 2565 1684 2591 καὶ
1710 2565 1824 2596 πολλοὺς
1847 2565 1902 2591 τῶν

1115 2608 1257 2641 παρόντων
1285 2609 1325 2639 είς
1350 2608 1458 2644 δάκρυα
1488 2610 1596 2644 φανερὰ
1618 2611 1737 2645 κατῆγεν
1759 2618 1766 2625 ·
1791 2610 1860 2637 αὑτὴ
1873 2611 1904 2637 δὲ

1116 2653 1189 2680 οὓτω
1208 2654 1348 2689 σταθερὼς
1369 2657 1416 2681 καὶ
1443 2656 1576 2689 γενναίως
1595 2657 1665 2689 πρὸς
1688 2657 1738 2691 τὴν
1762 2657 1904 2692 ἀφόρητον

1116 2700 1223 2734 ἐκείνην
1235 2700 1283 2726 καὶ
1294 2701 1426 2734 ραγδαίαν
1442 2701 1567 2728 ἐνίστατο
1592 2703 1639 2728 τοῦ
1666 2703 1798 2737 τυράννου
1827 2703 1902 2738 βίαν,

1115 2745 1152 2775 ὡς
1170 2744 1268 2780 μικροῦ
1284 2747 1331 2772 καὶ
1359 2746 1460 2773 λίθινον
1489 2748 1664 2782 περικεῖσθαι
1689 2749 1768 2783 σῶμα
1799 2749 1902 2782 δοκεῖν,

1116 2791 1190 2826 εἰμὴ
1206 2792 1254 2826 τὴν
1273 2791 1356 2826 φύσιν
1373 2794 1397 2819 οί
1420 2795 1540 2828 ποταμοὶ
1562 2793 1609 2820 τοῦ
1630 2795 1748 2829 αἵματος
1774 2795 1901 2830 ἤλεγχον.

1123 2838 1186 2873 ὐψέ
1203 2838 1294 2873 μέντοι
1315 2840 1387 2866 καὶὸ
1403 2841 1541 2876 ἀνήμερος
1565 2841 1616 2877 θὴρ
1633 2843 1740 2874 ἐκεῖνος
1762 2844 1831 2879 πρὸς
1849 2845 1902 2878 τὴν

1117 2883 1170 2909 τῶν
1187 2884 1298 2918 πληγῶν
1316 2885 1380 2911 θέαν
1396 2887 1563 2920 ἰλιγγιάσας,
1579 2889 1689 2924 φυλακῇ
1710 2889 1758 2924 τὴν
1774 2890 1901 2924 μάρτυσι
