2082 3153
197 175 248 205 ἳῦῑ]

732 173 781 202 MA
789 171 966 202 RTYlllUM
988 171 1017 200 S.
1039 169 1283 200 CATHARII‘UE.

1763 172 1817 204 294

191 228 366 260 κατακλείει,
388 228 427 259 είς
441 227 598 262 δωδεκάτην
613 227 699 262 αὐτὴν
722 227 828 262 ἡμέραν
849 225 979 260 ἀσφαλῶς

1034 223 1177 254 decimam,
1193 228 1221 249 ut
1236 223 1400 255 consideret,
1418 225 1554 259 quomodo
1562 230 1590 254 et
1599 226 1762 261 quibusnam
1772 237 1818 264 ge‘

194 274 360 309 κατέχεσθαι
374 273 577 309 παραγγείλας,
589 274 663 304 Ἕως
675 272 708 299 ἂν
716 272 870 307 σκέψωμαι,
884 272 977 307 φησὶν,

192 321 267 352 ὅπως
279 319 364 355 αὐτὴν
381 319 428 346 καὶ
447 319 504 347 τισι
528 320 641 356 τρόποις
667 319 801 348 άναλώσω
829 319 978 345 κολάσεων.

193 363 257 401 Εῐχε
275 367 324 401 μὲν
340 363 387 392 οὖν
401 365 472 392 οὕτω
485 364 571 392 ταῦτα
585 373 592 380 ·
608 366 656 392 καὶ
670 367 686 402 ἠ
704 366 811 401 μάρτυς
824 366 857 401 τῇ
871 364 978 400 φυλακῇ

191 411 314 444 δοθεῖσα,
328 412 448 447 δευτέρῳ
463 412 545 438 πάλιν
560 413 723 447 ἱταμιεύετο
740 412 857 447 βήματι.

229 459 288 492 ις’.
314 457 460 492 Αὐγούστα
482 457 511 484 δὲ
544 459 560 493 ἡ
587 458 635 484 τοῦ
669 458 801 492 βασιλέως
825 456 978 490 Μαξεντίου

193 502 312 536 σύζυγος
345 503 378 529 τὰ
391 503 463 529 κατὰ
474 503 524 538 τὴν
538 503 666 538 μάρτυρα
685 502 823 537 πυθομένη
834 521 842 534 ,
866 501 913 528 καὶ
930 501 980 536 τὴν

191 547 281 583 ψυχὴν
310 548 378 583 αὐτῇ
404 548 519 582 φιλικῶς
545 555 574 574 τε
603 548 651 574 καὶ
675 547 783 578 οἰκείως
803 546 972 580 διατεθεῖσα,

193 593 288 620 ἐπόθει
304 594 352 620 καὶ
369 593 430 627 δψιν
444 593 554 627 ὲκεὶνης
585 592 648 619 ἰδεῖν
664 594 711 619 καὶ
726 592 836 627 ὁμιλίας
850 593 978 624 ἀκοῦσαι,

193 636 227 674 ἦς
239 639 287 666 καὶ
303 640 436 666 τοιούτων
464 639 585 666 ἀπέλαυε
597 638 785 674 διηγημάτων.
808 638 931 665 Ποθοῦσα
951 639 980 665 δὲ

193 685 244 711 οὐκ
260 683 405 720 ἐτύγχανε,
419 685 467 711 καὶ
481 682 516 720 ἦν
537 686 554 720 ὴ
575 685 623 711 τοῦ
648 684 819 720 ποθουμένου
845 685 980 719 ἁποτυχία

193 729 225 757 τδ
240 730 430 765 χαλεπώτατον
443 731 512 766 αὐτῇ
526 730 740 766 τῶνισυμφορῶν
754 732 801 757 καὶ
814 729 978 766 βαρύτατον.

195 777 352 804 Είσελθόντι
382 777 447 810 γοῦν
468 785 534 804 ποτε
558 785 597 812 τῳ
610 776 784 812 Πορφυρίωνι
800 776 868 811 πρὸς
884 776 978 809 αὐτὴν,

196 823 438 857 στρατοπεδάρχης
451 822 479 848 δὲ
491 820 568 853 οὗτος
580 819 614 857 ἦν
627 822 697 848 κατὰ
712 821 792 856 χεῖρά
813 829 842 848 τε
858 822 982 855 γενναιό-

194 877 288 901 τατος,
300 868 349 895 καὶ
364 868 465 902 ἄριστα
480 868 546 903 περὶ
568 868 705 903 πολέμους
726 867 954 902 γεγυμνασμένος
970 875 978 883 ·

1030 268 1143 296 aeribus
1166 267 1364 302 suppliciorum
1389 274 1449 295 eam
1464 275 1617 297 consumat.
1633 270 1695 298 Haec
1706 272 1816 306 quidem

1029 314 1067 341 ita
1077 321 1105 341 se
1120 312 1393 348 liabueruiit.Martyr
1404 321 1469 340 vero
1482 315 1606 348 conjecta
1623 316 1650 342 in
1665 323 1816 351 carcerem,

1030 366 1126 386 rursus
1144 359 1338 386 reservabatur
1352 359 1475 385 secundo
1493 359 1634 386 tribunali.

1066 447 1138 475 XVI.
1153 449 1272 482 Augusta
1294 453 1385 475 autent
1409 456 1477 475 uxor
1497 450 1669 483 imperatoris
1688 458 1750 478 cum
1769 460 1818 479 au-

1030 492 1126 520 diissct
1146 493 1179 520 de
1194 500 1325 528 martyre.
1339 499 1367 521 et
1391 499 1464 521 esset
1486 495 1578 522 animo
1610 495 1636 521 in
1659 503 1718 522 eam
1747 497 1816 525 bene

1032 538 1139 570 aﬂecta,
1157 539 1332 566 desiderabat
1359 539 1453 566 videre
1483 540 1542 573 ejus
1567 540 1675 567 facient.
1703 544 1732 567 cl
1755 550 1815 568 eam

1029 585 1123 611 audire
1140 585 1307 619 loquentem.
1328 584 1362 611 de
1377 593 1430 619 qua
1461 585 1524 612 talia
1541 586 1647 612 narrari
1663 587 1816 614 audiverat.

1029 630 1194 658 Desiderans
1216 636 1318 662 autem,
1347 631 1373 657 id
1404 631 1516 658 minime
1544 632 1762 666 assequebatur;
1790 638 1818 660 ct

1029 684 1084 704 non
1099 677 1218 712 assequi,
1236 677 1308 712 quod
1326 677 1508 709 desiderabat,
1529 683 1590 705 erat
1610 679 1634 705 ei
1652 679 1817 713 gravissima

1029 723 1181 750 calamitas.
1197 723 1264 750 Cum
1281 723 1314 749 ad
1336 731 1396 750 eam
1414 729 1505 750 autem
1522 724 1669 759 aliquando
1681 725 1820 759 ingressus

1029 768 1125 796 fuisset
1139 769 1290 804 Porphyrio
1316 769 1351 804 (is
1364 776 1430 796 vero
1446 773 1505 796 erat
1541 769 1595 796 dux
1611 770 1760 800 exercitus,
1789 775 1819 797 et

1030 823 1111 842 manu
1134 815 1309 844 fortissimus.
1325 819 1352 842 et
1371 814 1397 841 in
1415 814 1486 842 bello
1511 815 1614 849 optime
1637 816 1817 847 exercitatus,

1029 866 1057 887 et
1072 862 1098 888 in
1113 868 1146 888 eo
1160 861 1260 895 primas
1275 865 1366 894 partes
1384 860 1536 894 obtinens),
1551 868 1612 887 cum
1637 869 1702 896 ergo
1727 862 1816 896 impe-

195 913 257 949 (καὶ
294 915 338 942 διὰ
365 914 445 941 τοῦτο
474 915 522 942 καὶ
550 913 810 949 βασιλεὶΜαξεντίῳ
827 913 860 939 τὰ
875 913 979 948 μεγάλα

1036 907 1118 933 ratrix
1134 906 1280 940 aliquando
1303 913 1366 932 eum
1390 906 1479 932 solum
1501 906 1660 936 invenisset,
1686 911 1816 941 tanquam

195 961 381 996 ὡκειωμένος,
398 961 446 987 καὶ
460 961 527 996 παρ’
546 960 623 995 αὑτῷ
644 959 679 987 τὰ
693 959 788 994 πρῶτα
807 959 979 994 δυνάμενος.)

195 1007 290 1034 τοῦτον
321 1007 411 1034 τοίνυν
427 1007 444 1042 ἡ
467 1006 572 1041 βασιλ-ις
588 1015 653 1032 ποτε
681 1005 761 1040 μόνον
787 1005 916 1039 εὑροῦσα,
936 1005 982 1031 καὶ

197 1053 236 1085 ὡς
250 1053 407 1088 ἀπόρρητόν
419 1061 478 1079 τινα
495 1052 595 1086 πρᾶξιν
607 1051 735 1086 ἐκφέρειν
748 1050 822 1086 αὑτῷ
836 1050 982 1085 μέλλουσα,

197 1099 290 1133 ὅρκοις
307 1099 353 1125 τὸν
370 1097 554 1134 Πορφυρίωνα
568 1098 702 1133 πρότερον
718 1095 911 1130 ἁσφαλίζεται,
935 1095 984 1121 καὶ

196 1145 233 1172 τὰ
247 1144 331 1170 πιστὰ
346 1143 412 1178 παρ’
428 1143 532 1170 ἐκείνου
546 1142 690 1177 λαμϐάνει,
705 1141 776 1168 ὥστε
791 1141 894 1176 μηδένα
917 1141 982 1176 παρ’

199 1190 283 1217 αὐτοῦ
298 1190 396 1224 μαθεῖν
418 1189 448 1215 τὺ
474 1189 624 1223 μυστήριον
651 1195 659 1204 ο
683 1186 743 1213 εἶτα
764 1186 813 1221 τὴν
837 1186 984 1221 ἐπιθυμίαν

198 1235 285 1270 αὐτῷ,
299 1236 346 1262 καὶ
360 1233 673 1266 δπωςῑὲπύθει,λαθοῦσα
687 1233 800 1264 πάντας,
815 1233 847 1267 τῇ
865 1232 983 1267 μάρτυρι

199 1281 332 1315 ἐντυχεῖν,
350 1281 397 1306 καὶ
410 1280 460 1313 τῆς
473 1279 614 1314 μακαρίας
629 1278 738 1312 ἐκείνης
751 1277 868 1304 ἀκοῦσαι
890 1276 983 1310 φωνῆς

198 1327 334 1360 ἐπιφέρει.
344 1326 399 1352 Καὶ
407 1327 421 1352 ὁ
429 1325 601 1360 Πορφυρίων,
616 1324 686 1358 Ἐγώ
698 1332 749 1354 σοι,
757 1320 925 1355 ὦδέσποινα,
935 1331 985 1348 κα-

198 1371 340 1406 ταπράξω,
352 1371 430 1406 φησὶ,
445 1369 476 1396 τὸ
489 1369 656 1404 ποθούμενον
672 1369 755 1404 μόνον
771 1367 985 1403 ὲμπαράσκευός

201 1425 246 1451 μοι
263 1417 332 1452 πρὶς
345 1416 396 1451 τὴν
413 1415 534 1451 ἑσπέραν
548 1414 638 1449 γενοῦ.
657 1415 733 1441 Ἐπεὶ
743 1414 771 1440 δὲ
784 1414 831 1441 καὶ
847 1415 864 1449 ή
881 1414 985 1447 ἑσπέρα

199 1463 289 1498 παρῆν
309 1461 477 1498 παραλαϐὼν
493 1461 552 1496 ἅμα
567 1460 716 1491 διακοσίοις
730 1458 914 1494 στρατιώταις
935 1458 985 1492 τὴν

198 1509 359 1542 Δύγούσταν
388 1509 402 1534 ὀ
441 1506 614 1542 Πορφυρίων,
651 1505 697 1531 καὶ
729 1505 853 1540 χρήμασι
883 1503 986 1538 κλέψας

197 1555 262 1585 τοὺς
287 1553 496 1589 δεσμοφύλακας
512 1571 520 1584 ,
549 1551 704 1586 εἰσέρχεται
737 1551 786 1577 σὺν
812 1550 881 1585 αὐτῇ
916 1549 986 1584 πρὸς

197 1601 248 1636 τὴν
277 1599 426 1634 μακαρίαν.
462 1597 495 1624 Ἦ
523 1596 668 1631 Δύγούστα
692 1596 792 1627 τοίνυν,
823 1595 871 1631 τὴν
891 1595 985 1622 ποθει-

199 1643 249 1678 νὴν
266 1643 378 1677 ἐκείνην
392 1642 441 1677 τῆς
472 1641 611 1677 μάρτυρος
627 1640 687 1675 θψιν
711 1640 813 1673 ἰδοῦσα,
835 1639 884 1674 τὴν
899 1640 985 1666 ὲπανο

200 1688 302 1716 θούσαν
324 1696 354 1715 τε
371 1687 440 1722 αὐτῇ
456 1687 531 1714 θείαν
545 1687 626 1721 χάριν
638 1706 646 1718 ,
666 1686 714 1713 καὶ
739 1686 789 1721 τὴν
811 1685 987 1720 ἐκπεμπομέ-

198 1743 253 1770 νην
277 1733 384 1761 ὲκείθεν
411 1731 533 1767 ἀνθηρὰν
566 1731 663 1757 ἀκτῖνα
693 1729 912 1763 καταπλαγεῖσα,
940 1729 986 1755 πίο

198 1789 263 1808 πτει
290 1788 319 1806 τε
339 1777 409 1813 ταχὺ
422 1777 491 1813 πρὸς
516 1777 580 1808 τοὺς
603 1776 687 1808 πόδας
705 1775 801 1810 αὐτῆς,
830 1775 877 1802 καὶ
891 1774 986 1808 ἡδονῆς

198 1826 269 1861 αὐτῇ
307 1825 415 1858 δάκρυα
449 1823 589 1858 καταχέει,
621 1822 669 1848 καὶ¹
701 1822 790 1849 τοιάδε
836 1821 906 1856 μετὰ
937 1821 986 1847 δα-

198 1873 294 1907 κρύων
332 1871 482 1905 ἐφθέγγετο
506 1877 513 1885 ·
552 1868 611 1895 Νῦν
638 1868 774 1902 εὐδαίμων
799 1867 907 1902 άληθῶς
930 1866 987 1901 ἐγὼ

200 1918 251 1944 καὶ
265 1917 400 1952 βασίλεια,
426 1916 468 1943 ὅτι
486 1915 534 1942 καὶ¹
556 1915 685 1950 τοιαύτης
703 1914 767 1945 θέας
789 1913 922 1948 ὴξίωμαι,
940 1913 988 1939 καὶ

201 1961 243 1992 εἰς
263 1961 350 1994 πέρας
372 1959 493 1986 ἐκϐᾶσαν
513 1959 563 1995 ἤδη
592 1968 637 1994 μοι
663 1958 712 1993 τὴν
744 1958 896 1992 ἐπιθυμίαν
921 1957 986 1992 ὁρῶ.

209 2005 281 2039 Ἐγὼ
298 2005 352 2040 γὰρ
366 2005 412 2031 ἐπὶ
426 2005 469 2031 σοὶ
485 2004 530 2031 τὸν
554 2006 586 2031 εκ
609 2003 706 2030 πολλοῦ
733 2003 816 2029 πόθον
839 2002 988 2034 ὠδίνουσα,

202 2053 252 2079 καὶ
280 2051 351 2078 ὥστε
377 2050 427 2085 τῆς
454 2050 504 2085 σῆς
528 2050 616 2084 ὕψεως
644 2051 690 2075 καὶ
711 2050 762 2082 τῆς
788 2048 896 2083 ὁμιλίας
921 2049 990 2075 ἁπο-

203 2097 312 2129 λαῦσαι,
341 2095 420 2130 δούλη
435 2094 515 2128 Θεοῦ,
534 2095 582 2120 καὶ
604 2094 690 2127 αὐτὴν
716 2093 801 2127 ήδέως
829 2092 877 2126 τὴν
898 2092 988 2127 ψυχὴν

206 2143 276 2178 μετὰ
304 2142 355 2177 τῆς
375 2140 515 2178 βασιλείας
545 2139 714 2175 προιεμένη,
744 2137 791 2165 νῦν
818 2138 914 2172 ἔτυχον
939 2138 989 2172 τῆς

205 2191 326 2224 ἐφέσεως
342 2197 349 2204 ·
367 2188 398 2220 ἐξ
420 2185 453 2223 ἦς
471 2185 517 2213 οὖν
532 2186 579 2212 καὶ
608 2185 723 2216 θάνατος
745 2183 869 2211 ἐπελθὼν
896 2183 988 2211 οὐκέτι

208 2246 243 2272 με
259 2235 386 2271 λυπήσει,
401 2233 535 2268 τυχοῦσαν
553 2240 582 2259 τε
600 2228 637 2259 ὧν
651 2230 808 2266 ἐπεθύμουν
826 2230 874 2257 καὶ
896 2229 988 2261 καλῶς

207 2281 438 2317 ἁφοσιωσαμένην
462 2279 508 2306 τὸν
537 2279 638 2314 ἔρωτα.
664 2276 852 2311 Εὑφραίνομαι
874 2275 920 2302 οὖν
939 2276 988 2310 τὴν

208 2329 345 2364 καρδίαν,
375 2327 424 2354 καὶ
448 2326 498 2360 τὴν
524 2325 613 2360 ψυχὴν
636 2323 674 2354 ὡς
702 2323 799 2357 ἥδιστα
827 2321 993 2354 διατίθεμαι,

1031 953 1056 979 ei
1077 959 1203 978 arcanam
1237 951 1356 986 aliquam
1391 956 1534 978 narratura
1573 953 1708 979 actionem
1739 953 1818 987 prius

1031 997 1245 1032 Porphyrioncm
1281 997 1605 1032 astringit-jurejurando,
1621 1004 1649 1024 et
1674 998 1754 1025 fidem
1783 998 1819 1024 ab

1032 1042 1078 1069 illo
1101 1043 1209 1076 accipit,
1225 1042 1284 1069 fore
1311 1047 1341 1069 ut
1367 1043 1460 1070 nullus
1488 1042 1522 1068 ab
1540 1050 1574 1069 eo
1597 1043 1712 1070 resciret
1740 1051 1818 1070 arca-

1032 1094 1107 1114 num.
1125 1087 1227 1114 Deinde
1245 1087 1289 1114 illa
1305 1086 1330 1113 ei
1348 1087 1460 1121 exponit
1482 1094 1562 1114 suum
1590 1086 1770 1120 desiderium,
1790 1091 1819 1114 et

1031 1133 1262 1166 quemadmodum
1278 1132 1464 1164 desiderabat,
1481 1132 1664 1159 inscientibus
1676 1133 1817 1163 erunibus.

1032 1178 1178 1205 convanire
1201 1182 1359 1212 martyrem.
1384 1176 1453 1204 Cum
1484 1177 1591 1204 beatam
1619 1182 1710 1204 autem
1742 1177 1816 1203 illam

1032 1230 1127 1250 vocem
1150 1222 1308 1254 audivisset,
1327 1222 1476 1256 respondet
1495 1221 1669 1255 Porpliyrio:
1689 1221 1756 1256 Ego,
1779 1222 1820 1247 in-

1033 1269 1103 1303 quit,
1120 1276 1137 1295 o
1152 1268 1272 1299 domina,
1290 1268 1387 1294 faciam
1405 1267 1454 1293 tibi
1475 1267 1549 1301 quod
1576 1266 1737 1298 desideras;
1759 1271 1820 1292 esto

1033 1316 1121 1343 solum
1140 1319 1245 1350 parata.
1262 1313 1331 1341 Cum
1346 1321 1414 1341 vero
1427 1314 1538 1341 adesset
1555 1321 1678 1347 vespera,
1707 1318 1736 1340 et
1761 1314 1820 1339 Au-

1034 1365 1139 1396 gustam
1155 1359 1309 1394 accepisset
1327 1359 1483 1394 Porpltyrio
1500 1366 1562 1384 cum
1594 1358 1721 1385 ducentis
1749 1358 1823 1384 mili-

1035 1406 1120 1437 tibus,
1148 1405 1264 1440 pecunia
1290 1404 1429 1439 corruptis
1461 1404 1634 1436 custodibus,
1661 1411 1723 1430 cum
1762 1403 1820 1438 ipsa

1036 1451 1189 1487 ingreditur
1207 1451 1239 1477 ad
1252 1451 1371 1478 beatam.
1386 1450 1508 1485 Augusta
1522 1455 1613 1476 autem
1626 1458 1688 1476 eum
1706 1449 1821 1476 vidisset

1035 1497 1113 1524 illum
1139 1500 1262 1531 optatum
1293 1497 1399 1523 vultum
1426 1496 1571 1531 martyris,
1596 1495 1730 1522 admirata
1750 1495 1822 1521 divi-

1037 1551 1112 1574 nam,
1130 1550 1191 1577 ηυξ
1210 1542 1237 1568 in
1253 1549 1286 1569 ea
1302 1541 1428 1574 florebat,
1446 1542 1572 1576 gratiam,
1588 1546 1615 1568 et
1642 1541 1817 1576 splendidum

999 1577 1020 1606 (ἶ
1038 1590 1086 1624 qui
1104 1589 1181 1616 illinc
1207 1588 1394 1620 emittebatur,
1424 1588 1542 1619 radium,
1565 1588 1684 1622 procidit
1711 1588 1767 1614 cito
1786 1587 1821 1614 ad

1036 1637 1119 1673 pedes
1134 1638 1204 1672 ejus.
1229 1641 1256 1664 et
1269 1636 1294 1664 ei
1310 1635 1427 1663 ell'undit
1441 1636 1576 1670 lacrymas
1594 1635 1706 1666 laetitiae,
1720 1639 1749 1662 et
1761 1634 1820 1661 base

1035 1682 1124 1708 locuta
1139 1685 1181 1708 est
1197 1688 1258 1708 cum
1286 1680 1435 1715 lacrymis:
1458 1680 1536 1707 Nunc.
1563 1687 1615 1715 ego
1640 1687 1700 1707 sum
1726 1687 1821 1706 revera

1036 1727 1113 1755 beata
1128 1732 1156 1754 et
1183 1727 1352 1762 imperatrix.
1367 1726 1439 1760 quod
1468 1734 1528 1753 sum
1554 1726 1600 1752 tali
1628 1724 1737 1760 dignata
1758 1731 1821 1759 spe-

1036 1774 1151 1806 ctaculo,
1161 1777 1187 1800 et
1202 1773 1280 1800 video
1292 1780 1381 1800 meum
1393 1772 1558 1799 desiderium
1573 1776 1749 1798 consecutum
1761 1778 1822 1797 esse

1035 1820 1174 1850 effectum.
1190 1827 1241 1854 ego
1256 1819 1329 1846 enim
1351 1819 1455 1854 jamdiu
1480 1819 1519 1846 tui
1541 1825 1641 1852 magno
1664 1821 1758 1844 teneor
1772 1817 1821 1843 de-

1036 1866 1148 1897 siderio,
1165 1870 1193 1893 ut
1209 1871 1265 1898 tuo,
1294 1867 1416 1901 inquam,
1448 1865 1556 1893 fruerer
1571 1869 1685 1900 aspectu
1709 1868 1737 1891 et
1763 1871 1822 1891 ser-

1037 1919 1128 1944 mone,
1145 1920 1162 1938 o
1176 1919 1253 1939 serva
1272 1912 1319 1939 Dei
1333 1920 1340 1938 :
1357 1916 1385 1938 et
1400 1912 1443 1938 vel
1469 1911 1554 1946 ipsam
1576 1912 1692 1938 animam
1705 1910 1823 1937 libenter

1038 1959 1164 1985 amittens
1181 1965 1242 1984 cum
1257 1958 1384 1992 imperio,
1404 1965 1478 1984 nunc
1496 1965 1555 1983 sum
1571 1957 1657 1991 potita
1670 1956 1820 1982 desiderio.

1038 2003 1067 2030 Si
1078 2003 1209 2036 deinceps
1225 2010 1290 2036 ergo
1305 2003 1347 2029 vel
1367 2010 1440 2029 mors
1454 2002 1611 2034 accesserit,
1625 2009 1678 2028 non
1697 2008 1740 2027 me
1763 2007 1822 2026 am-

1039 2049 1111 2084 plius
1127 2048 1222 2074 dolore
1238 2047 1347 2078 alliciet,
1367 2052 1397 2074 ut
1410 2055 1471 2082 qua:
1486 2047 1537 2074 sim
1557 2051 1682 2073 assecuta
1698 2045 1724 2072 id
1749 2045 1823 2080 quod

1039 2092 1239 2124 desiderabam,
1263 2096 1291 2119 et
1312 2092 1400 2119 amori
1422 2099 1482 2118 meo
1514 2091 1707 2118 satisfecerim.
1734 2090 1824 2116 Laetor

1039 2147 1104 2175 ergo
1119 2138 1214 2171 corde,
1232 2142 1260 2166 et
1275 2139 1368 2165 animo
1383 2145 1444 2165 sum
1459 2137 1563 2172 optime
1579 2136 1687 2168 an‘ecta,
1703 2142 1756 2163 tam
1781 2137 1826 2171 ju-

1039 2186 1160 2213 cundum
1174 2185 1346 2220 splendorem
1374 2191 1407 2210 ex
1433 2188 1481 2210 tuo
1508 2182 1587 2210 vultu
1609 2181 1761 2217 accipiens.
1789 2182 1826 2208 Es

1042 2230 1134 2265 itaque
1163 2229 1241 2256 beata
1260 2232 1288 2256 et
1310 2228 1375 2255 felix
1408 2227 1508 2254 merito
1536 2227 1728 2259 existimanda,
1752 2227 1826 2261 quod

1043 2277 1155 2303 Christo
1169 2275 1327 2307 adhaeseris,
1344 2283 1359 2302 a
1374 2282 1429 2309 quo
1446 2278 1500 2301 tam
1517 2273 1602 2300 multa
1618 2276 1689 2301 dona
1711 2277 1739 2300 et
1758 2281 1828 2308 gra-

1047 2321 1092 2348 tia:
1105 2321 1155 2348 tibi
1172 2320 1392 2355 suppeditantur.

208 2376 327 2411 μάλιστα
352 2375 399 2401 καὶ
422 2371 679 2408 γλυκεῖανλοῠτως
705 2370 793 2404 αὐγὴν
836 2369 869 2395 ἐκ
893 2369 943 2404 τῆς
973 2369 1024 2404 σῆς
1050 2369 1138 2411 ὅψεως
1172 2368 1370 2404 ὑποδεχομένη.
1402 2367 1535 2403 Μακαρία
1571 2367 1660 2394 τοίνυν
1695 2365 1830 2401 ὑπάρχεις

207 2410 256 2449 καὶ
279 2419 398 2456 ζηλωτὴ,
413 2419 455 2445 δτι
473 2416 587 2451 τοιούτῳ
605 2414 826 2450 προσεκολλήθης
843 2413 965 2449 Χριστῷ,
986 2414 1052 2449 παρ’
1081 2410 1111 2441 οὗ
1143 2422 1184 2441 σοι
1215 2414 1316 2449 δωρεαὶ
1343 2412 1473 2440 τοσαῦται
1499 2411 1679 2448 χορηγοῦνται
1702 2412 1750 2438 καὶ
1779 2411 1833 2447 χά-

230 2476 296 2499 mg.

209 2478 296 2541 le‘Z":
316 2512 388 2547 Πρὸς
404 2510 490 2538 ταῦτα
505 2511 522 2546 ὴ
540 2510 645 2545 μάρτυς
658 2517 665 2524 ·
680 2508 813 2544 Μακαρία
828 2505 853 2534 ετ
872 2507 920 2534 καὶ
943 2507 986 2540 σὺ,

210 2557 232 2586 ὦ
248 2558 364 2594 βασιλὶς,
390 2557 453 2591 ἔφη,
469 2557 510 2583 ὅτι
535 2555 630 2591 θεωρῶ
655 2556 787 2589 στέφανον
814 2555 843 2580 ιν
867 2553 990 2587 ἀγγέλων

211 2606 291 2642 χερσὶ
306 2604 357 2639 τῆς
374 2604 424 2638 σῆς
448 2602 570 2637 κεφαλῆς
598 2599 869 2636 ὑπεραιωρούμενον,
892 2598 922 2624 δν
945 2598 993 2624 καὶ

214 2653 282 2688 μετά
299 2651 395 2686 τρίτην
413 2649 522 2684 ἡμέραν
535 2647 578 2674 διὰ
594 2647 642 2682 τῆς
660 2646 865 2681 περιμενούσης
890 2653 920 2670 σε
944 2653 992 2671 κου

212 2698 314 2728 λάσεως
331 2695 538 2729 ἀναδησαμένη,
554 2692 677 2728 πορεύσῃ
689 2693 756 2726 πρὸς
778 2692 824 2718 τὸν
841 2690 928 2726 ἀληθῆ
946 2689 993 2724 βα-

213 2743 290 2770 σιλέα
306 2743 438 2777 διηνεκῶς
456 2738 648 2776 βασιλεύουσα.
669 2737 749 2764 Ἀλλὰ
763 2737 837 2771 δειλή
850 2737 923 2771 ειμι,
941 2736 995 2770 ἔφη

217 2791 284 2824 πρὸς
308 2789 357 2824 τὴν
387 2787 527 2824 μακαρίαν
546 2787 562 2820 ἡ
582 2785 710 2821 βασιλὶς,
740 2786 786 2811 καὶ
813 2783 922 2810 δέδοικα
945 2783 996 2814 τὰς

218 2836 360 2870 βασάνους,
380 2834 498 2870 μάλιστα
511 2833 540 2859 δὲ
559 2833 606 2859 καὶ
623 2832 668 2858 τδν
684 2831 809 2866 βασιλέα,
832 2831 874 2856 ὅτι
888 2830 995 2865 ἀπηνής

215 2883 271 2909 ἐστι
283 2883 327 2909 καὶ
339 2881 487 2917 θηριώδης,
499 2880 546 2907 καὶ
557 2878 738 2914 ἀνθρωπίνοις
755 2876 896 2912 ἐντρυφῶν
910 2876 995 2911 αἵμα-

1077 2505 1158 2533 χνιι.
1187 2504 1228 2531 Ad
1253 2503 1311 2531 hate
1339 2502 1409 2530 dixit
1443 2506 1569 2536 martyr:
1597 2500 1638 2527 Tu
1663 2505 1773 2534 quoque
1798 2505 1830 2525 es

1040 2553 1130 2581 beata.
1147 2558 1164 2578 ο
1181 2549 1349 2585 imperatrix,
1374 2547 1447 2583 quod
1463 2548 1490 2574 in
1509 2547 1667 2581 angelorum
1696 2545 1826 2572 manibus

1051 2597 1132 2623 video
1146 2602 1275 2622 coronam
1300 2594 1339 2621 tui
1369 2593 1467 2628 capitis
1491 2593 1519 2619 in
1544 2591 1629 2618 altum
1650 2590 1762 2620 elatam,
1775 2596 1830 2623 qua

1043 2647 1105 2677 pOsl
1127 2641 1238 2668 tertium
1256 2640 1329 2667 diem
1345 2647 1395 2674 per
1413 2639 1450 2670 id,
1465 2637 1539 2672 quod
1558 2641 1584 2663 te
1601 2639 1702 2667 manet,
1722 2634 1828 2669 suppli-

1044 2689 1116 2716 eium
1149 2686 1286 2718 redimita,
1317 2684 1500 2720 proficisceris
1529 2682 1564 2710 ad
1592 2689 1687 2709 verum
1714 2681 1830 2715 Regem,

1045 2741 1162 2769 regnans
1190 2737 1334 2767 perpetuo.
1354 2729 1409 2756 Sed
1440 2736 1501 2755 sum
1523 2726 1628 2759 timida,
1650 2725 1717 2753 dicit
1741 2725 1830 2751 beata:

1043 2779 1214 2816 itnperatrix,
1241 2782 1270 2805 et
1292 2777 1375 2803 timeo
1400 2779 1560 2802 tormenta:
1585 2772 1703 2800 maxime
1734 2774 1830 2797 autem

1044 2829 1249 2861 imperatorem,
1263 2822 1337 2858 quod
1351 2822 1387 2850 sit
1401 2829 1490 2849 saavns
1512 2825 1541 2848 et
1565 2819 1703 2852 immanis,
1730 2822 1759 2844 et
1783 2815 1828 2842 in-

1045 2875 1128 2903 sultct
1160 2870 1331 2900 hominibus.
1361 2868 1462 2903 Martyr
1485 2872 1577 2895 autem
1611 2866 1677 2894 dicit
1716 2864 1762 2891 ei:
1785 2861 1829 2889 Sis
