  <div class='ocr_page' id='page_1' title='image "/cluster/home/n/w/nwhite01/storage/ocr_20150623/116/njp.32101077772984/217.png"; bbox 0 0 2082 3153; ppageno 0'>
   <div class='ocr_carea' id='block_1_1' title="bbox 231 140 285 169">
    <p class='ocr_par' dir='ltr' id='par_1_1' title="bbox 231 140 285 169">
     <span class='ocr_line' id='line_1_1' title="bbox 231 140 285 169; baseline -0.019 0"><span class='ocrx_word' id='word_1_1' title='bbox 231 140 285 169; x_wconf 73' lang='lat'><strong>99-5</strong></span> 
     </span>
    </p>
   </div>
   <div class='ocr_carea' id='block_1_2' title="bbox 849 133 1228 164">
    <p class='ocr_par' dir='ltr' id='par_1_2' title="bbox 849 133 1228 164">
     <span class='ocr_line' id='line_1_2' title="bbox 849 133 1228 164; baseline -0.003 0"><span class='ocrx_word' id='word_1_2' title='bbox 849 135 874 164; x_wconf 82' lang='grc' dir='ltr'>Μ</span> <span class='ocrx_word' id='word_1_3' title='bbox 881 135 991 164; x_wconf 72' lang='lat' dir='ltr'><strong>ENSIS</strong></span> <span class='ocrx_word' id='word_1_4' title='bbox 1013 133 1084 163; x_wconf 64' lang='lat' dir='ltr'><strong>t\0\&#39;</strong></span> <span class='ocrx_word' id='word_1_5' title='bbox 1091 134 1140 163; x_wconf 76' lang='grc' dir='ltr'><strong>ΕΜ</strong></span> <span class='ocrx_word' id='word_1_6' title='bbox 1147 134 1228 163; x_wconf 76' lang='lat' dir='ltr'><strong>BER.</strong></span> 
     </span>
    </p>
   </div>
   <div class='ocr_carea' id='block_1_3' title="bbox 1795 131 1847 163">
    <p class='ocr_par' dir='ltr' id='par_1_3' title="bbox 1795 131 1847 163">
     <span class='ocr_line' id='line_1_3' title="bbox 1795 131 1847 163; baseline 0.019 -1"><span class='ocrx_word' id='word_1_7' title='bbox 1795 131 1847 163; x_wconf 68' lang='lat'><strong>5&#39;86</strong></span> 
     </span>
    </p>
   </div>
   <div class='ocr_carea' id='block_1_4' title="bbox 228 187 1015 224">
    <p class='ocr_par' dir='ltr' id='par_1_4' title="bbox 228 190 1011 224">
     <span class='ocr_line' id='line_1_4' title="bbox 228 190 1011 224; baseline -0.006 -3"><span class='ocrx_word' id='word_1_8' title='bbox 228 196 301 222; x_wconf 91' lang='lat' dir='ltr'><strong>l.ono</strong></span> <span class='ocrx_word' id='word_1_9' title='bbox 313 192 420 224; x_wconf 83' lang='lat' dir='ltr'><strong>animo;</strong></span> <span class='ocrx_word' id='word_1_10' title='bbox 438 190 553 218; x_wconf 78' lang='lat' dir='ltr'><strong>habebis</strong></span> <span class='ocrx_word' id='word_1_11' title='bbox 570 191 644 218; x_wconf 89' lang='lat' dir='ltr'><strong>enim</strong></span> <span class='ocrx_word' id='word_1_12' title='bbox 661 190 801 218; x_wconf 77' lang='lat' dir='ltr'><strong>Christum</strong></span> <span class='ocrx_word' id='word_1_13' title='bbox 824 190 850 217; x_wconf 88' lang='lat' dir='ltr'><strong>in</strong></span> <span class='ocrx_word' id='word_1_14' title='bbox 865 190 947 217; x_wconf 88' lang='lat' dir='ltr'><strong>corde</strong></span> <span class='ocrx_word' id='word_1_15' title='bbox 963 194 1011 216; x_wconf 93' lang='lat' dir='ltr'><strong>tuo</strong></span> 
     </span>
    </p>
   </div>
   <div class='ocr_carea' id='block_1_5' title="bbox 1068 187 1843 224">
    <p class='ocr_par' dir='ltr' id='par_1_5' title="bbox 1068 187 1843 224">
     <span class='ocr_line' id='line_1_5' title="bbox 1068 187 1843 224; baseline -0.001 -9"><span class='ocrx_word' id='word_1_16' title='bbox 1068 198 1120 217; x_wconf 85' lang='grc' dir='ltr'>σιν,</span> <span class='ocrx_word' id='word_1_17' title='bbox 1140 190 1194 215; x_wconf 79' lang='grc' dir='ltr'><strong>Καὶ</strong></span> <span class='ocrx_word' id='word_1_18' title='bbox 1209 190 1225 224; x_wconf 83' lang='grc' dir='ltr'>ἡ</span> <span class='ocrx_word' id='word_1_19' title='bbox 1261 188 1376 222; x_wconf 81' lang='grc' dir='ltr'>μάρτυς,</span> <span class='ocrx_word' id='word_1_20' title='bbox 1409 188 1522 223; x_wconf 73' lang='grc' dir='ltr'>Θάρρει,</span> <span class='ocrx_word' id='word_1_21' title='bbox 1536 187 1603 223; x_wconf 67' lang='grc' dir='ltr'>φησί</span> <span class='ocrx_word' id='word_1_22' title='bbox 1617 196 1624 203; x_wconf 88' lang='grc'><strong>·</strong></span> <span class='ocrx_word' id='word_1_23' title='bbox 1641 187 1766 215; x_wconf 76' lang='grc' dir='ltr'><strong>σύνοικον</strong></span> <span class='ocrx_word' id='word_1_24' title='bbox 1788 189 1843 222; x_wconf 81' lang='grc' dir='ltr'>γὰρ</span> 
     </span>
    </p>
   </div>
   <div class='ocr_carea' id='block_1_6' title="bbox 228 235 1008 272">
    <p class='ocr_par' dir='ltr' id='par_1_6' title="bbox 228 235 1008 272">
     <span class='ocr_line' id='line_1_6' title="bbox 228 235 1008 272; baseline -0.008 -4"><span class='ocrx_word' id='word_1_25' title='bbox 228 240 409 268; x_wconf 69' lang='lat' dir='ltr'><strong>habitantem,</strong></span> <span class='ocrx_word' id='word_1_26' title='bbox 423 242 451 264; x_wconf 83' lang='lat' dir='ltr'><strong>et</strong></span> <span class='ocrx_word' id='word_1_27' title='bbox 474 244 527 263; x_wconf 92' lang='lat' dir='ltr'><strong>non</strong></span> <span class='ocrx_word' id='word_1_28' title='bbox 545 236 661 272; x_wconf 74' lang='lat' dir='ltr'><strong>attinget</strong></span> <span class='ocrx_word' id='word_1_29' title='bbox 675 241 852 269; x_wconf 86' lang='lat' dir='ltr'><strong>tormentum,</strong></span> <span class='ocrx_word' id='word_1_30' title='bbox 875 236 920 262; x_wconf 91' lang='lat' dir='ltr'><strong>hic</strong></span> <span class='ocrx_word' id='word_1_31' title='bbox 935 235 1008 262; x_wconf 92' lang='lat' dir='ltr'><strong>enim</strong></span> 
     </span>
    </p>
   </div>
   <div class='ocr_carea' id='block_1_7' title="bbox 227 281 1009 322">
    <p class='ocr_par' dir='ltr' id='par_1_7' title="bbox 227 281 1009 322">
     <span class='ocr_line' id='line_1_7' title="bbox 227 281 1009 322; baseline -0.005 -10"><span class='ocrx_word' id='word_1_32' title='bbox 227 290 377 322; x_wconf 80' lang='lat' dir='ltr'><strong>parumper</strong></span> <span class='ocrx_word' id='word_1_33' title='bbox 403 282 582 316; x_wconf 77' lang='lat' dir='ltr'><strong>castigabitur</strong></span> <span class='ocrx_word' id='word_1_34' title='bbox 594 286 670 308; x_wconf 91' lang='lat' dir='ltr'><strong>tuuin</strong></span> <span class='ocrx_word' id='word_1_35' title='bbox 688 290 798 316; x_wconf 81' lang='lat' dir='ltr'><strong>corpus,</strong></span> <span class='ocrx_word' id='word_1_36' title='bbox 823 287 851 308; x_wconf 94' lang='lat' dir='ltr'><strong>ct</strong></span> <span class='ocrx_word' id='word_1_37' title='bbox 867 281 1009 308; x_wconf 81' lang='lat' dir='ltr'><strong>immorta-</strong></span> 
     </span>
    </p>
   </div>
   <div class='ocr_carea' id='block_1_8' title="bbox 227 327 1008 362">
    <p class='ocr_par' dir='ltr' id='par_1_8' title="bbox 227 327 1008 362">
     <span class='ocr_line' id='line_1_8' title="bbox 227 327 1008 362; baseline -0.005 -6"><span class='ocrx_word' id='word_1_38' title='bbox 227 331 290 358; x_wconf 81' lang='lat' dir='ltr'><strong>liter</strong></span> <span class='ocrx_word' id='word_1_39' title='bbox 306 330 363 356; x_wconf 90' lang='lat' dir='ltr'><strong>illic</strong></span> <span class='ocrx_word' id='word_1_40' title='bbox 379 335 474 355; x_wconf 86' lang='lat' dir='ltr'><strong>rursus</strong></span> <span class='ocrx_word' id='word_1_41' title='bbox 486 328 616 362; x_wconf 82' lang='lat' dir='ltr'><strong>quiescet.</strong></span> <span class='ocrx_word' id='word_1_42' title='bbox 632 327 694 354; x_wconf 66' lang='lat' dir='ltr'><strong>Haec</strong></span> <span class='ocrx_word' id='word_1_43' title='bbox 709 335 770 354; x_wconf 90' lang='lat' dir='ltr'><strong>cum</strong></span> <span class='ocrx_word' id='word_1_44' title='bbox 785 332 878 354; x_wconf 85' lang='lat' dir='ltr'><strong>sancta</strong></span> <span class='ocrx_word' id='word_1_45' title='bbox 892 327 1008 358; x_wconf 95' lang='lat' dir='ltr'><strong>diceret,</strong></span> 
     </span>
    </p>
   </div>
   <div class='ocr_carea' id='block_1_9' title="bbox 227 372 1009 409">
    <p class='ocr_par' dir='ltr' id='par_1_9' title="bbox 227 372 1009 409">
     <span class='ocr_line' id='line_1_9' title="bbox 227 372 1009 409; baseline -0.006 -7"><span class='ocrx_word' id='word_1_46' title='bbox 227 375 368 409; x_wconf 86' lang='lat' dir='ltr'><strong>excipiens</strong></span> <span class='ocrx_word' id='word_1_47' title='bbox 383 374 556 408; x_wconf 84' lang='lat' dir='ltr'><strong>Porphyrio:</strong></span> <span class='ocrx_word' id='word_1_48' title='bbox 581 373 656 408; x_wconf 78' lang='lat' dir='ltr'><strong>Rogo</strong></span> <span class='ocrx_word' id='word_1_49' title='bbox 673 379 709 404; x_wconf 83' lang='lat' dir='ltr'><strong>te,</strong></span> <span class='ocrx_word' id='word_1_50' title='bbox 741 373 786 400; x_wconf 86' lang='lat' dir='ltr'><strong>dic</strong></span> <span class='ocrx_word' id='word_1_51' title='bbox 800 373 877 403; x_wconf 91' lang='lat' dir='ltr'><strong>mihi,</strong></span> <span class='ocrx_word' id='word_1_52' title='bbox 897 372 986 406; x_wconf 87' lang='lat' dir='ltr'><strong>inquit</strong></span> <span class='ocrx_word' id='word_1_53' title='bbox 1002 380 1009 398; x_wconf 88' lang='lat'>:</span> 
     </span>
    </p>
   </div>
   <div class='ocr_carea' id='block_1_10' title="bbox 227 417 1011 454">
    <p class='ocr_par' dir='ltr' id='par_1_10' title="bbox 227 417 1011 454">
     <span class='ocr_line' id='line_1_10' title="bbox 227 417 1011 454; baseline -0.006 -6"><span class='ocrx_word' id='word_1_54' title='bbox 227 421 298 454; x_wconf 81' lang='lat' dir='ltr'><strong>Quid</strong></span> <span class='ocrx_word' id='word_1_55' title='bbox 315 421 382 447; x_wconf 90' lang='lat' dir='ltr'><strong>mihi</strong></span> <span class='ocrx_word' id='word_1_56' title='bbox 402 420 478 447; x_wconf 86' lang='lat' dir='ltr'><strong>dabit</strong></span> <span class='ocrx_word' id='word_1_57' title='bbox 504 419 638 450; x_wconf 85' lang='lat' dir='ltr'><strong>Christus,</strong></span> <span class='ocrx_word' id='word_1_58' title='bbox 656 418 677 445; x_wconf 85' lang='lat' dir='ltr'><strong>si</strong></span> <span class='ocrx_word' id='word_1_59' title='bbox 706 419 731 445; x_wconf 93' lang='lat' dir='ltr'><strong>in</strong></span> <span class='ocrx_word' id='word_1_60' title='bbox 774 419 850 445; x_wconf 88' lang='lat' dir='ltr'><strong>illum</strong></span> <span class='ocrx_word' id='word_1_61' title='bbox 880 417 1011 444; x_wconf 89' lang='lat' dir='ltr'><strong>credam?</strong></span> 
     </span>
    </p>
   </div>
   <div class='ocr_carea' id='block_1_11' title="bbox 228 458 1011 499">
    <p class='ocr_par' dir='ltr' id='par_1_11' title="bbox 228 458 1011 499">
     <span class='ocr_line' id='line_1_11' title="bbox 228 458 1011 499; baseline -0.005 -7"><span class='ocrx_word' id='word_1_62' title='bbox 228 466 254 492; x_wconf 91' lang='lat' dir='ltr'><strong>ei</strong></span> <span class='ocrx_word' id='word_1_63' title='bbox 276 466 351 492; x_wconf 88' lang='lat' dir='ltr'><strong>enim</strong></span> <span class='ocrx_word' id='word_1_64' title='bbox 369 466 426 499; x_wconf 84' lang='lat' dir='ltr'><strong>ipse</strong></span> <span class='ocrx_word' id='word_1_65' title='bbox 450 472 557 498; x_wconf 84' lang='lat' dir='ltr'><strong>queque</strong></span> <span class='ocrx_word' id='word_1_66' title='bbox 588 464 643 498; x_wconf 88' lang='lat' dir='ltr'><strong>jaui</strong></span> <span class='ocrx_word' id='word_1_67' title='bbox 670 463 730 489; x_wconf 79' lang='lat' dir='ltr'><strong>volo</strong></span> <span class='ocrx_word' id='word_1_68' title='bbox 756 458 882 489; x_wconf 80' lang='lat' dir='ltr'><strong>militare.</strong></span> <span class='ocrx_word' id='word_1_69' title='bbox 911 462 1011 497; x_wconf 87' lang='lat' dir='ltr'><strong>Marlyr</strong></span> 
     </span>
    </p>
   </div>
   <div class='ocr_carea' id='block_1_12' title="bbox 231 507 1012 543">
    <p class='ocr_par' dir='ltr' id='par_1_12' title="bbox 231 507 1012 543">
     <span class='ocr_line' id='line_1_12' title="bbox 231 507 1012 543; baseline -0.005 -6"><span class='ocrx_word' id='word_1_70' title='bbox 231 515 322 538; x_wconf 85' lang='lat' dir='ltr'><strong>autem</strong></span> <span class='ocrx_word' id='word_1_71' title='bbox 338 519 344 536; x_wconf 86' lang='lat'>:</span> <span class='ocrx_word' id='word_1_72' title='bbox 359 510 495 541; x_wconf 81' lang='lat' dir='ltr'><strong>Nondum,</strong></span> <span class='ocrx_word' id='word_1_73' title='bbox 508 509 606 542; x_wconf 85' lang='lat' dir='ltr'><strong>inquit,</strong></span> <span class='ocrx_word' id='word_1_74' title='bbox 621 508 708 543; x_wconf 70' lang='lat' dir='ltr'><strong>legisti</strong></span> <span class='ocrx_word' id='word_1_75' title='bbox 720 512 767 534; x_wconf 84' lang='lat' dir='ltr'><strong>aut</strong></span> <span class='ocrx_word' id='word_1_76' title='bbox 779 508 906 534; x_wconf 76' lang='lat' dir='ltr'><strong>audivisti</strong></span> <span class='ocrx_word' id='word_1_77' title='bbox 936 507 1012 534; x_wconf 84' lang='lat' dir='ltr'><strong>Scri-</strong></span> 
     </span>
    </p>
   </div>
   <div class='ocr_carea' id='block_1_13' title="bbox 230 552 1012 591">
    <p class='ocr_par' dir='ltr' id='par_1_13' title="bbox 230 552 1012 591">
     <span class='ocr_line' id='line_1_13' title="bbox 230 552 1012 591; baseline -0.006 -8"><span class='ocrx_word' id='word_1_78' title='bbox 230 562 336 591; x_wconf 81' lang='lat' dir='ltr'><strong>pturani</strong></span> <span class='ocrx_word' id='word_1_79' title='bbox 352 555 582 583; x_wconf 82' lang='lat' dir='ltr'><strong>Christianorum?</strong></span> <span class='ocrx_word' id='word_1_80' title='bbox 594 555 748 588; x_wconf 81' lang='lat' dir='ltr'><strong>Nunquam.</strong></span> <span class='ocrx_word' id='word_1_81' title='bbox 764 553 852 587; x_wconf 90' lang='lat' dir='ltr'><strong>inquit</strong></span> <span class='ocrx_word' id='word_1_82' title='bbox 863 552 1012 588; x_wconf 86' lang='lat' dir='ltr'><strong>Porphyrio</strong></span> 
     </span>
    </p>
   </div>
   <div class='ocr_carea' id='block_1_14' title="bbox 229 599 1013 636">
    <p class='ocr_par' dir='ltr' id='par_1_14' title="bbox 229 599 1013 636">
     <span class='ocr_line' id='line_1_14' title="bbox 229 599 1013 636; baseline -0.003 -8"><span class='ocrx_word' id='word_1_83' title='bbox 229 603 277 636; x_wconf 87' lang='lat' dir='ltr'><strong>qui</strong></span> <span class='ocrx_word' id='word_1_84' title='bbox 295 602 328 628; x_wconf 81' lang='lat' dir='ltr'><strong>ab</strong></span> <span class='ocrx_word' id='word_1_85' title='bbox 341 602 451 628; x_wconf 81' lang='lat' dir='ltr'><strong>ineunte</strong></span> <span class='ocrx_word' id='word_1_86' title='bbox 465 605 544 627; x_wconf 73' lang='lat' dir='ltr'><strong>aetate</strong></span> <span class='ocrx_word' id='word_1_87' title='bbox 571 608 678 634; x_wconf 79' lang='lat' dir='ltr'><strong>semper</strong></span> <span class='ocrx_word' id='word_1_88' title='bbox 693 599 791 626; x_wconf 79' lang='lat' dir='ltr'><strong>fuerim</strong></span> <span class='ocrx_word' id='word_1_89' title='bbox 813 600 840 625; x_wconf 94' lang='lat' dir='ltr'><strong>iu</strong></span> <span class='ocrx_word' id='word_1_90' title='bbox 871 599 943 625; x_wconf 86' lang='lat' dir='ltr'><strong>bello</strong></span> <span class='ocrx_word' id='word_1_91' title='bbox 968 606 1013 626; x_wconf 93' lang='lat' dir='ltr'><strong>oc-</strong></span> 
     </span>
    </p>
   </div>
   <div class='ocr_carea' id='block_1_15' title="bbox 230 645 1012 682">
    <p class='ocr_par' dir='ltr' id='par_1_15' title="bbox 230 645 1012 682">
     <span class='ocr_line' id='line_1_15' title="bbox 230 645 1012 682; baseline -0.004 -8"><span class='ocrx_word' id='word_1_92' title='bbox 230 654 356 682; x_wconf 84' lang='lat' dir='ltr'><strong>cupatus,</strong></span> <span class='ocrx_word' id='word_1_93' title='bbox 371 655 398 674; x_wconf 80' lang='lat' dir='ltr'><strong>ei.</strong></span> <span class='ocrx_word' id='word_1_94' title='bbox 410 655 550 681; x_wconf 85' lang='lat' dir='ltr'><strong>nunquam</strong></span> <span class='ocrx_word' id='word_1_95' title='bbox 574 654 668 674; x_wconf 86' lang='lat' dir='ltr'><strong>curam</strong></span> <span class='ocrx_word' id='word_1_96' title='bbox 680 646 801 672; x_wconf 85' lang='lat' dir='ltr'><strong>converti</strong></span> <span class='ocrx_word' id='word_1_97' title='bbox 829 645 862 672; x_wconf 88' lang='lat' dir='ltr'><strong>ad</strong></span> <span class='ocrx_word' id='word_1_98' title='bbox 877 645 940 672; x_wconf 88' lang='lat' dir='ltr'><strong>alia.</strong></span> <span class='ocrx_word' id='word_1_99' title='bbox 964 645 1012 671; x_wconf 87' lang='lat' dir='ltr'><strong>Illa</strong></span> 
     </span>
    </p>
   </div>
   <div class='ocr_carea' id='block_1_16' title="bbox 230 690 1012 727">
    <p class='ocr_par' dir='ltr' id='par_1_16' title="bbox 230 690 1012 727">
     <span class='ocr_line' id='line_1_16' title="bbox 230 690 1012 727; baseline -0.006 -6"><span class='ocrx_word' id='word_1_100' title='bbox 230 702 317 721; x_wconf 72' lang='lat' dir='ltr'><strong>vero:</strong></span> <span class='ocrx_word' id='word_1_101' title='bbox 349 694 381 720; x_wconf 84' lang='lat' dir='ltr'><strong>Et</strong></span> <span class='ocrx_word' id='word_1_102' title='bbox 410 701 545 727; x_wconf 49' lang='lat' dir='ltr'><strong>quanam,</strong></span> <span class='ocrx_word' id='word_1_103' title='bbox 561 693 661 727; x_wconf 86' lang='lat' dir='ltr'><strong>inquit.</strong></span> <span class='ocrx_word' id='word_1_104' title='bbox 687 692 779 726; x_wconf 80' lang='lat' dir='ltr'><strong>lingua</strong></span> <span class='ocrx_word' id='word_1_105' title='bbox 797 691 916 718; x_wconf 70' lang='lat' dir='ltr'><strong>narrat-it</strong></span> <span class='ocrx_word' id='word_1_106' title='bbox 943 690 1012 717; x_wconf 86' lang='lat' dir='ltr'><strong>bona</strong></span> 
     </span>
    </p>
   </div>
   <div class='ocr_carea' id='block_1_17' title="bbox 231 738 1013 774">
    <p class='ocr_par' dir='ltr' id='par_1_17' title="bbox 231 738 1013 774">
     <span class='ocr_line' id='line_1_17' title="bbox 231 738 1013 774; baseline -0.008 -8"><span class='ocrx_word' id='word_1_107' title='bbox 231 740 288 772; x_wconf 87' lang='lat' dir='ltr'><strong>illa,</strong></span> <span class='ocrx_word' id='word_1_108' title='bbox 301 740 401 774; x_wconf 88' lang='lat' dir='ltr'><strong>quibus</strong></span> <span class='ocrx_word' id='word_1_109' title='bbox 416 739 529 765; x_wconf 75' lang='lat' dir='ltr'><strong>[rueris’I</strong></span> <span class='ocrx_word' id='word_1_110' title='bbox 540 738 610 765; x_wconf 84' lang='lat' dir='ltr'><strong>Fieri</strong></span> <span class='ocrx_word' id='word_1_111' title='bbox 625 739 698 764; x_wconf 90' lang='lat' dir='ltr'><strong>enim</strong></span> <span class='ocrx_word' id='word_1_112' title='bbox 713 746 766 764; x_wconf 91' lang='lat' dir='ltr'><strong>non</strong></span> <span class='ocrx_word' id='word_1_113' title='bbox 782 741 880 771; x_wconf 83' lang='lat' dir='ltr'><strong>potest,</strong></span> <span class='ocrx_word' id='word_1_114' title='bbox 896 741 925 762; x_wconf 90' lang='lat' dir='ltr'><strong>ut</strong></span> <span class='ocrx_word' id='word_1_115' title='bbox 939 743 1013 763; x_wconf 89' lang='lat' dir='ltr'><strong>coni-</strong></span> 
     </span>
    </p>
   </div>
   <div class='ocr_carea' id='block_1_18' title="bbox 235 782 1014 820">
    <p class='ocr_par' dir='ltr' id='par_1_18' title="bbox 235 782 1014 820">
     <span class='ocr_line' id='line_1_18' title="bbox 235 782 1014 820; baseline -0.005 -8"><span class='ocrx_word' id='word_1_116' title='bbox 235 786 374 820; x_wconf 84' lang='lat' dir='ltr'><strong>plectatur</strong></span> <span class='ocrx_word' id='word_1_117' title='bbox 390 785 490 814; x_wconf 82' lang='lat' dir='ltr'><strong>oratio.</strong></span> <span class='ocrx_word' id='word_1_118' title='bbox 510 792 570 818; x_wconf 66' lang='lat' dir='ltr'><strong>quas</strong></span> <span class='ocrx_word' id='word_1_119' title='bbox 586 784 620 810; x_wconf 87' lang='lat' dir='ltr'><strong>ab</strong></span> <span class='ocrx_word' id='word_1_120' title='bbox 636 784 680 810; x_wconf 80' lang='lat' dir='ltr'><strong>illa</strong></span> <span class='ocrx_word' id='word_1_121' title='bbox 696 783 811 817; x_wconf 74' lang='lat' dir='ltr'><strong>benigna</strong></span> <span class='ocrx_word' id='word_1_122' title='bbox 824 782 934 809; x_wconf 72' lang='lat' dir='ltr'><strong>dextera</strong></span> <span class='ocrx_word' id='word_1_123' title='bbox 950 786 1014 809; x_wconf 88' lang='lat' dir='ltr'><strong>sunt</strong></span> 
     </span>
    </p>
   </div>
   <div class='ocr_carea' id='block_1_19' title="bbox 231 827 1013 864">
    <p class='ocr_par' dir='ltr' id='par_1_19' title="bbox 231 827 1013 864">
     <span class='ocr_line' id='line_1_19' title="bbox 231 827 1013 864; baseline -0.004 -8"><span class='ocrx_word' id='word_1_124' title='bbox 231 834 326 864; x_wconf 85' lang='lat' dir='ltr'><strong>parata</strong></span> <span class='ocrx_word' id='word_1_125' title='bbox 340 830 372 856; x_wconf 84' lang='lat' dir='ltr'><strong>iis</strong></span> <span class='ocrx_word' id='word_1_126' title='bbox 389 831 435 863; x_wconf 89' lang='lat' dir='ltr'><strong>qui</strong></span> <span class='ocrx_word' id='word_1_127' title='bbox 453 829 542 863; x_wconf 87' lang='lat' dir='ltr'><strong>ipsum</strong></span> <span class='ocrx_word' id='word_1_128' title='bbox 559 828 688 863; x_wconf 80' lang='lat' dir='ltr'><strong>diligunt.</strong></span> <span class='ocrx_word' id='word_1_129' title='bbox 703 829 818 862; x_wconf 82' lang='lat' dir='ltr'><strong>Propter</strong></span> <span class='ocrx_word' id='word_1_130' title='bbox 833 828 889 854; x_wconf 64' lang='lat' dir='ltr'><strong>haec</strong></span> <span class='ocrx_word' id='word_1_131' title='bbox 912 827 1013 862; x_wconf 77' lang='lat' dir='ltr'><strong>gaudio</strong></span> 
     </span>
    </p>
   </div>
   <div class='ocr_carea' id='block_1_20' title="bbox 232 873 1015 910">
    <p class='ocr_par' dir='ltr' id='par_1_20' title="bbox 232 873 1015 910">
     <span class='ocr_line' id='line_1_20' title="bbox 232 873 1015 910; baseline -0.004 -8"><span class='ocrx_word' id='word_1_132' title='bbox 232 876 353 910; x_wconf 77' lang='lat' dir='ltr'><strong>repletus</strong></span> <span class='ocrx_word' id='word_1_133' title='bbox 379 874 542 909; x_wconf 80' lang='lat' dir='ltr'><strong>Porphyrio.</strong></span> <span class='ocrx_word' id='word_1_134' title='bbox 570 874 628 908; x_wconf 89' lang='lat' dir='ltr'><strong>ipse</strong></span> <span class='ocrx_word' id='word_1_135' title='bbox 654 881 763 908; x_wconf 88' lang='lat' dir='ltr'><strong>quoque</strong></span> <span class='ocrx_word' id='word_1_136' title='bbox 790 873 877 900; x_wconf 83' lang='lat' dir='ltr'><strong>credit</strong></span> <span class='ocrx_word' id='word_1_137' title='bbox 906 873 1015 900; x_wconf 81' lang='lat' dir='ltr'><strong>Christo</strong></span> 
     </span>
    </p>
   </div>
   <div class='ocr_carea' id='block_1_21' title="bbox 233 918 1015 953">
    <p class='ocr_par' dir='ltr' id='par_1_21' title="bbox 233 918 1015 953">
     <span class='ocr_line' id='line_1_21' title="bbox 233 918 1015 953; baseline -0.005 -4"><span class='ocrx_word' id='word_1_138' title='bbox 233 930 295 950; x_wconf 93' lang='lat' dir='ltr'><strong>cum</strong></span> <span class='ocrx_word' id='word_1_139' title='bbox 309 922 435 949; x_wconf 88' lang='lat' dir='ltr'><strong>ducentis</strong></span> <span class='ocrx_word' id='word_1_140' title='bbox 451 921 592 948; x_wconf 83' lang='lat' dir='ltr'><strong>militibus.</strong></span> <span class='ocrx_word' id='word_1_141' title='bbox 613 920 645 946; x_wconf 83' lang='lat' dir='ltr'><strong>Et</strong></span> <span class='ocrx_word' id='word_1_142' title='bbox 663 927 724 946; x_wconf 87' lang='lat' dir='ltr'><strong>cum</strong></span> <span class='ocrx_word' id='word_1_143' title='bbox 743 919 902 953; x_wconf 79' lang='lat' dir='ltr'><strong>iuiperatrix</strong></span> <span class='ocrx_word' id='word_1_144' title='bbox 918 923 945 945; x_wconf 91' lang='lat' dir='ltr'><strong>et</strong></span> <span class='ocrx_word' id='word_1_145' title='bbox 965 918 1015 953; x_wconf 87' lang='lat' dir='ltr'><strong>ipsi</strong></span> 
     </span>
    </p>
   </div>
   <div class='ocr_carea' id='block_1_22' title="bbox 232 962 1016 1000">
    <p class='ocr_par' dir='ltr' id='par_1_22' title="bbox 232 962 1016 1000">
     <span class='ocr_line' id='line_1_22' title="bbox 232 962 1016 1000; baseline -0.008 -5"><span class='ocrx_word' id='word_1_146' title='bbox 232 967 429 995; x_wconf 77' lang='lat' dir='ltr'><strong>valedixissent</strong></span> <span class='ocrx_word' id='word_1_147' title='bbox 444 965 566 1000; x_wconf 81' lang='lat' dir='ltr'><strong>martyri,</strong></span> <span class='ocrx_word' id='word_1_148' title='bbox 586 969 611 992; x_wconf 88' lang='lat' dir='ltr'><strong>et</strong></span> <span class='ocrx_word' id='word_1_149' title='bbox 626 965 765 991; x_wconf 87' lang='lat' dir='ltr'><strong>cavissent</strong></span> <span class='ocrx_word' id='word_1_150' title='bbox 780 963 835 990; x_wconf 86' lang='lat' dir='ltr'><strong>sibi</strong></span> <span class='ocrx_word' id='word_1_151' title='bbox 855 971 869 990; x_wconf 88' lang='lat' dir='ltr'><strong>a</strong></span> <span class='ocrx_word' id='word_1_152' title='bbox 895 962 1016 990; x_wconf 90' lang='lat' dir='ltr'><strong>custodi-</strong></span> 
     </span>
    </p>
   </div>
   <div class='ocr_carea' id='block_1_23' title="bbox 233 1009 1014 1044">
    <p class='ocr_par' dir='ltr' id='par_1_23' title="bbox 233 1009 1014 1044">
     <span class='ocr_line' id='line_1_23' title="bbox 233 1009 1014 1044; baseline -0.006 -4"><span class='ocrx_word' id='word_1_153' title='bbox 233 1013 285 1040; x_wconf 86' lang='lat' dir='ltr'><strong>bus</strong></span> <span class='ocrx_word' id='word_1_154' title='bbox 302 1017 405 1039; x_wconf 73' lang='lat' dir='ltr'><strong>seeri-ta</strong></span> <span class='ocrx_word' id='word_1_155' title='bbox 429 1011 519 1038; x_wconf 83' lang='lat' dir='ltr'><strong>futura</strong></span> <span class='ocrx_word' id='word_1_156' title='bbox 535 1017 566 1037; x_wconf 86' lang='lat' dir='ltr'><strong>ea</strong></span> <span class='ocrx_word' id='word_1_157' title='bbox 583 1017 643 1044; x_wconf 69' lang='lat' dir='ltr'><strong>qua:</strong></span> <span class='ocrx_word' id='word_1_158' title='bbox 658 1010 691 1036; x_wconf 88' lang='lat' dir='ltr'><strong>ab</strong></span> <span class='ocrx_word' id='word_1_159' title='bbox 706 1009 772 1043; x_wconf 84' lang='lat' dir='ltr'><strong>ipsis</strong></span> <span class='ocrx_word' id='word_1_160' title='bbox 796 1009 866 1036; x_wconf 81' lang='lat' dir='ltr'><strong>facta</strong></span> <span class='ocrx_word' id='word_1_161' title='bbox 894 1009 1014 1038; x_wconf 83' lang='lat' dir='ltr'><strong>fuerant.</strong></span> 
     </span>
    </p>
   </div>
   <div class='ocr_carea' id='block_1_24' title="bbox 233 1054 1015 1090">
    <p class='ocr_par' dir='ltr' id='par_1_24' title="bbox 233 1054 1015 1090">
     <span class='ocr_line' id='line_1_24' title="bbox 233 1054 1015 1090; baseline -0.005 -6"><span class='ocrx_word' id='word_1_162' title='bbox 233 1058 324 1085; x_wconf 85' lang='lat' dir='ltr'><strong>media</strong></span> <span class='ocrx_word' id='word_1_163' title='bbox 354 1063 433 1084; x_wconf 88' lang='lat' dir='ltr'><strong>nocte</strong></span> <span class='ocrx_word' id='word_1_164' title='bbox 461 1056 536 1083; x_wconf 90' lang='lat' dir='ltr'><strong>illinc</strong></span> <span class='ocrx_word' id='word_1_165' title='bbox 560 1055 750 1090; x_wconf 81' lang='lat' dir='ltr'><strong>egrediuntur.</strong></span> <span class='ocrx_word' id='word_1_166' title='bbox 785 1054 887 1082; x_wconf 81' lang='lat' dir='ltr'><strong>Christi</strong></span> <span class='ocrx_word' id='word_1_167' title='bbox 924 1059 1015 1081; x_wconf 89' lang='lat' dir='ltr'><strong>autem</strong></span> 
     </span>
    </p>
   </div>
   <div class='ocr_carea' id='block_1_25' title="bbox 234 1100 1017 1138">
    <p class='ocr_par' dir='ltr' id='par_1_25' title="bbox 234 1100 1017 1138">
     <span class='ocr_line' id='line_1_25' title="bbox 234 1100 1017 1138; baseline -0.003 -8"><span class='ocrx_word' id='word_1_168' title='bbox 234 1108 335 1138; x_wconf 87' lang='lat' dir='ltr'><strong>martyr</strong></span> <span class='ocrx_word' id='word_1_169' title='bbox 355 1102 520 1134; x_wconf 66' lang='lat' dir='ltr'><strong>Eeaterina,</strong></span> <span class='ocrx_word' id='word_1_170' title='bbox 535 1102 639 1129; x_wconf 83' lang='lat' dir='ltr'><strong>habens</strong></span> <span class='ocrx_word' id='word_1_171' title='bbox 663 1101 807 1128; x_wconf 89' lang='lat' dir='ltr'><strong>Dominum</strong></span> <span class='ocrx_word' id='word_1_172' title='bbox 830 1105 907 1136; x_wconf 81' lang='lat' dir='ltr'><strong>patre</strong></span> <span class='ocrx_word' id='word_1_173' title='bbox 932 1100 1017 1135; x_wconf 80' lang='lat' dir='ltr'><strong>magis</strong></span> 
     </span>
    </p>
   </div>
   <div class='ocr_carea' id='block_1_26' title="bbox 232 1147 1014 1183">
    <p class='ocr_par' dir='ltr' id='par_1_26' title="bbox 232 1147 1014 1183">
     <span class='ocr_line' id='line_1_26' title="bbox 232 1147 1014 1183; baseline -0.004 -7"><span class='ocrx_word' id='word_1_174' title='bbox 232 1149 406 1180; x_wconf 81' lang='lat' dir='ltr'><strong>benevolum,</strong></span> <span class='ocrx_word' id='word_1_175' title='bbox 421 1156 544 1183; x_wconf 75' lang='lat' dir='ltr'><strong>magnam</strong></span> <span class='ocrx_word' id='word_1_176' title='bbox 556 1148 590 1175; x_wconf 91' lang='lat' dir='ltr'><strong>ab</strong></span> <span class='ocrx_word' id='word_1_177' title='bbox 602 1155 635 1175; x_wconf 90' lang='lat' dir='ltr'><strong>eo</strong></span> <span class='ocrx_word' id='word_1_178' title='bbox 648 1155 740 1175; x_wconf 90' lang='lat' dir='ltr'><strong>curam</strong></span> <span class='ocrx_word' id='word_1_179' title='bbox 753 1147 794 1174; x_wconf 85' lang='lat' dir='ltr'><strong>sui</strong></span> <span class='ocrx_word' id='word_1_180' title='bbox 806 1151 848 1174; x_wconf 89' lang='lat' dir='ltr'><strong>est</strong></span> <span class='ocrx_word' id='word_1_181' title='bbox 857 1151 1014 1174; x_wconf 86' lang='lat' dir='ltr'><strong>consecuta.</strong></span> 
     </span>
    </p>
   </div>
   <div class='ocr_carea' id='block_1_27' title="bbox 232 1192 1017 1227">
    <p class='ocr_par' dir='ltr' id='par_1_27' title="bbox 232 1192 1017 1227">
     <span class='ocr_line' id='line_1_27' title="bbox 232 1192 1017 1227; baseline -0.004 -6"><span class='ocrx_word' id='word_1_182' title='bbox 232 1195 309 1222; x_wconf 83' lang='lat' dir='ltr'><strong>Totis</strong></span> <span class='ocrx_word' id='word_1_183' title='bbox 324 1196 395 1221; x_wconf 75' lang='lat' dir='ltr'><strong>enim</strong></span> <span class='ocrx_word' id='word_1_184' title='bbox 411 1194 464 1220; x_wconf 89' lang='lat' dir='ltr'><strong>illis</strong></span> <span class='ocrx_word' id='word_1_185' title='bbox 481 1193 625 1220; x_wconf 86' lang='lat' dir='ltr'><strong>duodecim</strong></span> <span class='ocrx_word' id='word_1_186' title='bbox 634 1193 740 1224; x_wconf 84' lang='lat' dir='ltr'><strong>diebus,</strong></span> <span class='ocrx_word' id='word_1_187' title='bbox 752 1193 779 1219; x_wconf 91' lang='lat' dir='ltr'><strong>in</strong></span> <span class='ocrx_word' id='word_1_188' title='bbox 791 1193 889 1227; x_wconf 85' lang='lat' dir='ltr'><strong>quibus</strong></span> <span class='ocrx_word' id='word_1_189' title='bbox 901 1200 960 1219; x_wconf 89' lang='lat' dir='ltr'><strong>eam</strong></span> <span class='ocrx_word' id='word_1_190' title='bbox 971 1192 1017 1219; x_wconf 88' lang='lat' dir='ltr'><strong>lia-</strong></span> 
     </span>
    </p>
   </div>
   <div class='ocr_carea' id='block_1_28' title="bbox 233 1237 1016 1273">
    <p class='ocr_par' dir='ltr' id='par_1_28' title="bbox 233 1237 1016 1273">
     <span class='ocr_line' id='line_1_28' title="bbox 233 1237 1016 1273; baseline -0.005 -5"><span class='ocrx_word' id='word_1_191' title='bbox 233 1241 315 1268; x_wconf 86' lang='lat' dir='ltr'><strong>bebat</strong></span> <span class='ocrx_word' id='word_1_192' title='bbox 335 1240 470 1271; x_wconf 77' lang='lat' dir='ltr'><strong>custodia,</strong></span> <span class='ocrx_word' id='word_1_193' title='bbox 497 1247 545 1273; x_wconf 86' lang='lat' dir='ltr'><strong>per</strong></span> <span class='ocrx_word' id='word_1_194' title='bbox 566 1238 721 1266; x_wconf 85' lang='lat' dir='ltr'><strong>columbam</strong></span> <span class='ocrx_word' id='word_1_195' title='bbox 749 1238 909 1264; x_wconf 88' lang='lat' dir='ltr'><strong>alimentum</strong></span> <span class='ocrx_word' id='word_1_196' title='bbox 942 1237 1016 1265; x_wconf 85' lang='lat' dir='ltr'><strong>acci-</strong></span> 
     </span>
    </p>
   </div>
   <div class='ocr_carea' id='block_1_29' title="bbox 234 1284 1017 1319">
    <p class='ocr_par' dir='ltr' id='par_1_29' title="bbox 234 1284 1017 1319">
     <span class='ocr_line' id='line_1_29' title="bbox 234 1284 1017 1319; baseline -0.005 -6"><span class='ocrx_word' id='word_1_197' title='bbox 234 1287 327 1319; x_wconf 87' lang='lat' dir='ltr'><strong>piebat</strong></span> <span class='ocrx_word' id='word_1_198' title='bbox 337 1293 351 1312; x_wconf 84' lang='lat' dir='ltr'><strong>a</strong></span> <span class='ocrx_word' id='word_1_199' title='bbox 364 1285 481 1319; x_wconf 84' lang='lat' dir='ltr'><strong>superis.</strong></span> <span class='ocrx_word' id='word_1_200' title='bbox 496 1284 596 1310; x_wconf 82' lang='lat' dir='ltr'><strong>L&#39;einde</strong></span> <span class='ocrx_word' id='word_1_201' title='bbox 610 1284 667 1318; x_wconf 84' lang='lat' dir='ltr'><strong>ipse</strong></span> <span class='ocrx_word' id='word_1_202' title='bbox 682 1291 791 1318; x_wconf 88' lang='lat' dir='ltr'><strong>quoque</strong></span> <span class='ocrx_word' id='word_1_203' title='bbox 806 1284 931 1318; x_wconf 76' lang='lat' dir='ltr'><strong>egregius</strong></span> <span class='ocrx_word' id='word_1_204' title='bbox 954 1290 1017 1317; x_wconf 78' lang='lat' dir='ltr'><strong>ago-</strong></span> 
     </span>
    </p>
   </div>
   <div class='ocr_carea' id='block_1_30' title="bbox 233 1327 1016 1361">
    <p class='ocr_par' dir='ltr' id='par_1_30' title="bbox 233 1327 1016 1361">
     <span class='ocr_line' id='line_1_30' title="bbox 233 1327 1016 1361; baseline -0.003 -6"><span class='ocrx_word' id='word_1_205' title='bbox 233 1328 335 1355; x_wconf 87' lang='lat' dir='ltr'><strong>nothea</strong></span> <span class='ocrx_word' id='word_1_206' title='bbox 355 1327 480 1354; x_wconf 84' lang='lat' dir='ltr'><strong>Christus</strong></span> <span class='ocrx_word' id='word_1_207' title='bbox 511 1335 572 1353; x_wconf 86' lang='lat' dir='ltr'><strong>cuin</strong></span> <span class='ocrx_word' id='word_1_208' title='bbox 591 1327 624 1353; x_wconf 89' lang='lat' dir='ltr'><strong>iis</strong></span> <span class='ocrx_word' id='word_1_209' title='bbox 644 1334 704 1361; x_wconf 64' lang='lat' dir='ltr'><strong>quae</strong></span> <span class='ocrx_word' id='word_1_210' title='bbox 719 1327 791 1353; x_wconf 89' lang='lat' dir='ltr'><strong>circa</strong></span> <span class='ocrx_word' id='word_1_211' title='bbox 820 1328 907 1361; x_wconf 89' lang='lat' dir='ltr'><strong>ipsum</strong></span> <span class='ocrx_word' id='word_1_212' title='bbox 936 1330 1016 1354; x_wconf 87' lang='lat' dir='ltr'><strong>erant</strong></span> 
     </span>
    </p>
   </div>
   <div class='ocr_carea' id='block_1_31' title="bbox 233 1372 1018 1407">
    <p class='ocr_par' dir='ltr' id='par_1_31' title="bbox 233 1372 1018 1407">
     <span class='ocr_line' id='line_1_31' title="bbox 233 1372 1018 1407; baseline -0.004 -7"><span class='ocrx_word' id='word_1_213' title='bbox 233 1374 320 1407; x_wconf 86' lang='lat' dir='ltr'><strong>copiis</strong></span> <span class='ocrx_word' id='word_1_214' title='bbox 332 1378 360 1400; x_wconf 89' lang='lat' dir='ltr'><strong>et</strong></span> <span class='ocrx_word' id='word_1_215' title='bbox 383 1373 467 1407; x_wconf 78' lang='lat' dir='ltr'><strong>gloria</strong></span> <span class='ocrx_word' id='word_1_216' title='bbox 488 1380 536 1400; x_wconf 88' lang='lat' dir='ltr'><strong>sua</strong></span> <span class='ocrx_word' id='word_1_217' title='bbox 561 1380 705 1406; x_wconf 81' lang='lat' dir='ltr'><strong>apparens,</strong></span> <span class='ocrx_word' id='word_1_218' title='bbox 729 1373 814 1406; x_wconf 80' lang='lat' dir='ltr'><strong>magis</strong></span> <span class='ocrx_word' id='word_1_219' title='bbox 848 1372 1018 1400; x_wconf 72' lang='lat' dir='ltr'><strong>:onﬁrmavit</strong></span> 
     </span>
    </p>
   </div>
   <div class='ocr_carea' id='block_1_32' title="bbox 235 1417 1018 1452">
    <p class='ocr_par' dir='ltr' id='par_1_32' title="bbox 235 1417 1018 1452">
     <span class='ocr_line' id='line_1_32' title="bbox 235 1417 1018 1452; baseline -0.003 -6"><span class='ocrx_word' id='word_1_220' title='bbox 235 1421 295 1452; x_wconf 87' lang='lat' dir='ltr'><strong>ejus</strong></span> <span class='ocrx_word' id='word_1_221' title='bbox 311 1418 511 1450; x_wconf 77' lang='lat' dir='ltr'><strong>fortitudinem,</strong></span> <span class='ocrx_word' id='word_1_222' title='bbox 527 1423 554 1446; x_wconf 91' lang='lat' dir='ltr'><strong>et</strong></span> <span class='ocrx_word' id='word_1_223' title='bbox 570 1418 693 1452; x_wconf 81' lang='lat' dir='ltr'><strong>implevit</strong></span> <span class='ocrx_word' id='word_1_224' title='bbox 706 1418 829 1449; x_wconf 83' lang='lat' dir='ltr'><strong>audacia,</strong></span> <span class='ocrx_word' id='word_1_225' title='bbox 846 1418 960 1445; x_wconf 87' lang='lat' dir='ltr'><strong>dicens:</strong></span> <span class='ocrx_word' id='word_1_226' title='bbox 978 1417 1018 1444; x_wconf 83' lang='lat' dir='ltr'><strong>Ne</strong></span> 
     </span>
    </p>
   </div>
   <div class='ocr_carea' id='block_1_33' title="bbox 235 1464 1018 1498">
    <p class='ocr_par' dir='ltr' id='par_1_33' title="bbox 235 1464 1018 1498">
     <span class='ocr_line' id='line_1_33' title="bbox 235 1464 1018 1498; baseline -0.001 -7"><span class='ocrx_word' id='word_1_227' title='bbox 235 1465 410 1496; x_wconf 81' lang='lat' dir='ltr'><strong>extimescas,</strong></span> <span class='ocrx_word' id='word_1_228' title='bbox 428 1471 478 1498; x_wconf 75' lang='lat' dir='ltr'><strong>ego</strong></span> <span class='ocrx_word' id='word_1_229' title='bbox 491 1464 564 1490; x_wconf 88' lang='lat' dir='ltr'><strong>enim</strong></span> <span class='ocrx_word' id='word_1_230' title='bbox 580 1471 640 1490; x_wconf 86' lang='lat' dir='ltr'><strong>sum</strong></span> <span class='ocrx_word' id='word_1_231' title='bbox 657 1468 764 1491; x_wconf 83' lang='lat' dir='ltr'><strong>tecum:</strong></span> <span class='ocrx_word' id='word_1_232' title='bbox 789 1471 840 1490; x_wconf 87' lang='lat' dir='ltr'><strong>nec</strong></span> <span class='ocrx_word' id='word_1_233' title='bbox 859 1468 884 1490; x_wconf 89' lang='lat' dir='ltr'><strong>te</strong></span> <span class='ocrx_word' id='word_1_234' title='bbox 903 1464 1018 1498; x_wconf 79' lang='lat' dir='ltr'><strong>attinget</strong></span> 
     </span>
    </p>
   </div>
   <div class='ocr_carea' id='block_1_34' title="bbox 235 1506 1017 1544">
    <p class='ocr_par' dir='ltr' id='par_1_34' title="bbox 235 1506 1017 1544">
     <span class='ocr_line' id='line_1_34' title="bbox 235 1506 1017 1544; baseline -0.001 -7"><span class='ocrx_word' id='word_1_235' title='bbox 235 1506 418 1541; x_wconf 51' lang='lat' dir='ltr'><strong>tormentum:</strong></span> <span class='ocrx_word' id='word_1_236' title='bbox 430 1510 476 1537; x_wconf 89' lang='lat' dir='ltr'><strong>sed</strong></span> <span class='ocrx_word' id='word_1_237' title='bbox 496 1517 557 1536; x_wconf 94' lang='lat' dir='ltr'><strong>cuin</strong></span> <span class='ocrx_word' id='word_1_238' title='bbox 574 1518 622 1544; x_wconf 83' lang='lat' dir='ltr'><strong>per</strong></span> <span class='ocrx_word' id='word_1_239' title='bbox 640 1514 712 1536; x_wconf 85' lang='lat' dir='ltr'><strong>tuain</strong></span> <span class='ocrx_word' id='word_1_240' title='bbox 730 1509 899 1536; x_wconf 85' lang='lat' dir='ltr'><strong>tolerantiam</strong></span> <span class='ocrx_word' id='word_1_241' title='bbox 915 1510 948 1536; x_wconf 89' lang='lat' dir='ltr'><strong>ad</strong></span> <span class='ocrx_word' id='word_1_242' title='bbox 965 1517 1017 1536; x_wconf 79' lang='lat' dir='ltr'><strong>no-</strong></span> 
     </span>
    </p>
   </div>
   <div class='ocr_carea' id='block_1_35' title="bbox 235 1555 1017 1590">
    <p class='ocr_par' dir='ltr' id='par_1_35' title="bbox 235 1555 1017 1590">
     <span class='ocr_line' id='line_1_35' title="bbox 235 1555 1017 1590; baseline 0 -8"><span class='ocrx_word' id='word_1_243' title='bbox 235 1564 297 1582; x_wconf 88' lang='lat' dir='ltr'><strong>men</strong></span> <span class='ocrx_word' id='word_1_244' title='bbox 312 1563 402 1582; x_wconf 90' lang='lat' dir='ltr'><strong>meum</strong></span> <span class='ocrx_word' id='word_1_245' title='bbox 419 1556 519 1582; x_wconf 88' lang='lat' dir='ltr'><strong>multos</strong></span> <span class='ocrx_word' id='word_1_246' title='bbox 535 1555 694 1588; x_wconf 83' lang='lat' dir='ltr'><strong>adduxeris,</strong></span> <span class='ocrx_word' id='word_1_247' title='bbox 713 1555 813 1582; x_wconf 78' lang='lat' dir='ltr'><strong>multas</strong></span> <span class='ocrx_word' id='word_1_248' title='bbox 828 1562 937 1590; x_wconf 86' lang='lat' dir='ltr'><strong>ouoque</strong></span> <span class='ocrx_word' id='word_1_249' title='bbox 950 1563 1017 1582; x_wconf 84' lang='lat' dir='ltr'><strong>con-</strong></span> 
     </span>
    </p>
   </div>
   <div class='ocr_carea' id='block_1_36' title="bbox 233 1601 614 1636">
    <p class='ocr_par' dir='ltr' id='par_1_36' title="bbox 233 1601 614 1636">
     <span class='ocr_line' id='line_1_36' title="bbox 233 1601 614 1636; baseline 0 -8"><span class='ocrx_word' id='word_1_250' title='bbox 233 1601 356 1636; x_wconf 84' lang='lat' dir='ltr'><strong>sequeris</strong></span> <span class='ocrx_word' id='word_1_251' title='bbox 367 1601 614 1629; x_wconf 87' lang='lat' dir='ltr'><strong>reiiiunerationes.</strong></span> 
     </span>
    </p>
   </div>
   <div class='ocr_carea' id='block_1_37' title="bbox 268 1733 1019 1762">
    <p class='ocr_par' dir='ltr' id='par_1_37' title="bbox 268 1733 1019 1762">
     <span class='ocr_line' id='line_1_37' title="bbox 268 1733 1019 1762; baseline 0 -2"><span class='ocrx_word' id='word_1_252' title='bbox 268 1733 364 1761; x_wconf 70' lang='lat' dir='ltr'><strong>XVIII.</strong></span> <span class='ocrx_word' id='word_1_253' title='bbox 382 1733 450 1760; x_wconf 91' lang='lat' dir='ltr'><strong>Cuin</strong></span> <span class='ocrx_word' id='word_1_254' title='bbox 461 1733 518 1760; x_wconf 66' lang='lat' dir='ltr'><strong>haec</strong></span> <span class='ocrx_word' id='word_1_255' title='bbox 530 1734 623 1761; x_wconf 88' lang='lat' dir='ltr'><strong>ultima</strong></span> <span class='ocrx_word' id='word_1_256' title='bbox 632 1737 711 1761; x_wconf 89' lang='lat' dir='ltr'><strong>nocte</strong></span> <span class='ocrx_word' id='word_1_257' title='bbox 720 1733 745 1761; x_wconf 88' lang='lat' dir='ltr'><strong>ei</strong></span> <span class='ocrx_word' id='word_1_258' title='bbox 755 1733 882 1762; x_wconf 90' lang='lat' dir='ltr'><strong>Christus</strong></span> <span class='ocrx_word' id='word_1_259' title='bbox 893 1733 1019 1761; x_wconf 86' lang='lat' dir='ltr'><strong>mandas-</strong></span> 
     </span>
    </p>
   </div>
   <div class='ocr_carea' id='block_1_38' title="bbox 233 1779 1019 1815">
    <p class='ocr_par' dir='ltr' id='par_1_38' title="bbox 233 1779 1019 1815">
     <span class='ocr_line' id='line_1_38' title="bbox 233 1779 1019 1815; baseline 0 -9"><span class='ocrx_word' id='word_1_260' title='bbox 233 1784 285 1811; x_wconf 85' lang='lat' dir='ltr'><strong>set,</strong></span> <span class='ocrx_word' id='word_1_261' title='bbox 297 1787 375 1806; x_wconf 86' lang='lat' dir='ltr'><strong>mane</strong></span> <span class='ocrx_word' id='word_1_262' title='bbox 385 1779 535 1806; x_wconf 81' lang='lat' dir='ltr'><strong>Maxentius</strong></span> <span class='ocrx_word' id='word_1_263' title='bbox 560 1779 746 1815; x_wconf 73' lang='lat' dir='ltr'><strong>[Maximinus]</strong></span> <span class='ocrx_word' id='word_1_264' title='bbox 758 1780 884 1814; x_wconf 62' lang='lat' dir='ltr'><strong>praesedit</strong></span> <span class='ocrx_word' id='word_1_265' title='bbox 895 1779 922 1806; x_wconf 89' lang='lat' dir='ltr'><strong>in</strong></span> <span class='ocrx_word' id='word_1_266' title='bbox 932 1780 1019 1807; x_wconf 89' lang='lat' dir='ltr'><strong>tribu-</strong></span> 
     </span>
    </p>
   </div>
   <div class='ocr_carea' id='block_1_39' title="bbox 234 1825 1019 1861">
    <p class='ocr_par' dir='ltr' id='par_1_39' title="bbox 234 1825 1019 1861">
     <span class='ocr_line' id='line_1_39' title="bbox 234 1825 1019 1861; baseline 0 -9"><span class='ocrx_word' id='word_1_267' title='bbox 234 1825 301 1856; x_wconf 93' lang='lat' dir='ltr'><strong>nali,</strong></span> <span class='ocrx_word' id='word_1_268' title='bbox 309 1830 337 1852; x_wconf 88' lang='lat' dir='ltr'><strong>et</strong></span> <span class='ocrx_word' id='word_1_269' title='bbox 346 1825 450 1852; x_wconf 85' lang='lat' dir='ltr'><strong>beatam</strong></span> <span class='ocrx_word' id='word_1_270' title='bbox 458 1825 538 1860; x_wconf 82' lang='lat' dir='ltr'><strong>jussit</strong></span> <span class='ocrx_word' id='word_1_271' title='bbox 547 1825 658 1852; x_wconf 81' lang='lat' dir='ltr'><strong>adduci:</strong></span> <span class='ocrx_word' id='word_1_272' title='bbox 668 1830 695 1853; x_wconf 84' lang='lat' dir='ltr'><strong>et</strong></span> <span class='ocrx_word' id='word_1_273' title='bbox 703 1826 833 1853; x_wconf 88' lang='lat' dir='ltr'><strong>assistens</strong></span> <span class='ocrx_word' id='word_1_274' title='bbox 844 1830 947 1861; x_wconf 87' lang='lat' dir='ltr'><strong>martyr</strong></span> <span class='ocrx_word' id='word_1_275' title='bbox 957 1833 1019 1854; x_wconf 90' lang='lat' dir='ltr'><strong>cum</strong></span> 
     </span>
    </p>
   </div>
   <div class='ocr_carea' id='block_1_40' title="bbox 235 1871 1019 1906">
    <p class='ocr_par' dir='ltr' id='par_1_40' title="bbox 235 1871 1019 1906">
     <span class='ocr_line' id='line_1_40' title="bbox 235 1871 1019 1906; baseline 0.003 -9"><span class='ocrx_word' id='word_1_276' title='bbox 235 1871 330 1906; x_wconf 80' lang='lat' dir='ltr'><strong>gratiis</strong></span> <span class='ocrx_word' id='word_1_277' title='bbox 356 1871 534 1905; x_wconf 85' lang='lat' dir='ltr'><strong>spiritalibus,</strong></span> <span class='ocrx_word' id='word_1_278' title='bbox 560 1876 587 1898; x_wconf 88' lang='lat' dir='ltr'><strong>et</strong></span> <span class='ocrx_word' id='word_1_279' title='bbox 612 1871 684 1898; x_wconf 87' lang='lat' dir='ltr'><strong>dulci</strong></span> <span class='ocrx_word' id='word_1_280' title='bbox 707 1871 752 1898; x_wconf 86' lang='lat' dir='ltr'><strong>illa</strong></span> <span class='ocrx_word' id='word_1_281' title='bbox 777 1871 929 1904; x_wconf 84' lang='lat' dir='ltr'><strong>alacritate,</strong></span> <span class='ocrx_word' id='word_1_282' title='bbox 949 1872 1019 1899; x_wconf 86' lang='lat' dir='ltr'><strong>adeo</strong></span> 
     </span>
    </p>
   </div>
   <div class='ocr_carea' id='block_1_41' title="bbox 235 1915 1019 1950">
    <p class='ocr_par' dir='ltr' id='par_1_41' title="bbox 235 1915 1019 1950">
     <span class='ocr_line' id='line_1_41' title="bbox 235 1915 1019 1950; baseline 0 -7"><span class='ocrx_word' id='word_1_283' title='bbox 235 1923 266 1943; x_wconf 90' lang='lat' dir='ltr'><strong>ut</strong></span> <span class='ocrx_word' id='word_1_284' title='bbox 284 1916 301 1942; x_wconf 93' lang='lat' dir='ltr'><strong>ii</strong></span> <span class='ocrx_word' id='word_1_285' title='bbox 316 1923 435 1950; x_wconf 85' lang='lat' dir='ltr'><strong>quoque,</strong></span> <span class='ocrx_word' id='word_1_286' title='bbox 454 1916 501 1950; x_wconf 91' lang='lat' dir='ltr'><strong>qui</strong></span> <span class='ocrx_word' id='word_1_287' title='bbox 523 1915 646 1948; x_wconf 88' lang='lat' dir='ltr'><strong>aderant,</strong></span> <span class='ocrx_word' id='word_1_288' title='bbox 666 1915 755 1943; x_wconf 90' lang='lat' dir='ltr'><strong>nitido</strong></span> <span class='ocrx_word' id='word_1_289' title='bbox 772 1916 918 1950; x_wconf 87' lang='lat' dir='ltr'><strong>splendore</strong></span> <span class='ocrx_word' id='word_1_290' title='bbox 936 1916 1019 1943; x_wconf 77' lang='lat' dir='ltr'><strong>reful-</strong></span> 
     </span>
    </p>
   </div>
   <div class='ocr_carea' id='block_1_42' title="bbox 235 1960 1019 1996">
    <p class='ocr_par' dir='ltr' id='par_1_42' title="bbox 235 1960 1019 1996">
     <span class='ocr_line' id='line_1_42' title="bbox 235 1960 1019 1996; baseline 0.001 -8"><span class='ocrx_word' id='word_1_291' title='bbox 235 1964 341 1996; x_wconf 80' lang='lat' dir='ltr'><strong>gerent,</strong></span> <span class='ocrx_word' id='word_1_292' title='bbox 355 1961 475 1995; x_wconf 79' lang='lat' dir='ltr'><strong>graviter</strong></span> <span class='ocrx_word' id='word_1_293' title='bbox 483 1960 629 1987; x_wconf 83' lang='lat' dir='ltr'><strong>admodum</strong></span> <span class='ocrx_word' id='word_1_294' title='bbox 641 1965 726 1988; x_wconf 90' lang='lat' dir='ltr'><strong>terret</strong></span> <span class='ocrx_word' id='word_1_295' title='bbox 741 1961 943 1995; x_wconf 87' lang='lat' dir='ltr'><strong>imperatorem.</strong></span> <span class='ocrx_word' id='word_1_296' title='bbox 958 1962 1019 1996; x_wconf 89' lang='lat' dir='ltr'><strong>Ipse</strong></span> 
     </span>
    </p>
   </div>
   <div class='ocr_carea' id='block_1_43' title="bbox 233 2006 1016 2042">
    <p class='ocr_par' dir='ltr' id='par_1_43' title="bbox 233 2006 1016 2042">
     <span class='ocr_line' id='line_1_43' title="bbox 233 2006 1016 2042; baseline 0.001 -9"><span class='ocrx_word' id='word_1_297' title='bbox 233 2012 325 2034; x_wconf 80' lang='lat' dir='ltr'><strong>autem</strong></span> <span class='ocrx_word' id='word_1_298' title='bbox 337 2007 363 2034; x_wconf 84' lang='lat' dir='ltr'><strong>ei</strong></span> <span class='ocrx_word' id='word_1_299' title='bbox 380 2007 447 2033; x_wconf 86' lang='lat' dir='ltr'><strong>dicit</strong></span> <span class='ocrx_word' id='word_1_300' title='bbox 473 2007 606 2034; x_wconf 84' lang='lat' dir='ltr'><strong>malitiose</strong></span> <span class='ocrx_word' id='word_1_301' title='bbox 618 2010 645 2033; x_wconf 87' lang='lat' dir='ltr'><strong>et</strong></span> <span class='ocrx_word' id='word_1_302' title='bbox 669 2006 821 2034; x_wconf 78' lang='lat' dir='ltr'><strong>fallaciter:</strong></span> <span class='ocrx_word' id='word_1_303' title='bbox 842 2007 890 2040; x_wconf 90' lang='lat' dir='ltr'><strong>Te,</strong></span> <span class='ocrx_word' id='word_1_304' title='bbox 918 2008 1016 2042; x_wconf 87' lang='lat' dir='ltr'><strong>inquit,</strong></span> 
     </span>
    </p>
   </div>
   <div class='ocr_carea' id='block_1_44' title="bbox 233 2052 1019 2088">
    <p class='ocr_par' dir='ltr' id='par_1_44' title="bbox 233 2052 1019 2088">
     <span class='ocr_line' id='line_1_44' title="bbox 233 2052 1019 2088; baseline 0.001 -8"><span class='ocrx_word' id='word_1_305' title='bbox 233 2053 311 2080; x_wconf 86' lang='lat' dir='ltr'><strong>decet</strong></span> <span class='ocrx_word' id='word_1_306' title='bbox 332 2053 488 2087; x_wconf 86' lang='lat' dir='ltr'><strong>imperium,</strong></span> <span class='ocrx_word' id='word_1_307' title='bbox 505 2060 521 2079; x_wconf 94' lang='grc' dir='ltr'><strong>ο</strong></span> <span class='ocrx_word' id='word_1_308' title='bbox 538 2053 602 2079; x_wconf 85' lang='lat' dir='ltr'><strong>tilia.</strong></span> <span class='ocrx_word' id='word_1_309' title='bbox 618 2052 674 2087; x_wconf 82' lang='lat' dir='ltr'><strong>Age</strong></span> <span class='ocrx_word' id='word_1_310' title='bbox 688 2061 764 2088; x_wconf 80' lang='lat' dir='ltr'><strong>ergo,</strong></span> <span class='ocrx_word' id='word_1_311' title='bbox 780 2061 843 2081; x_wconf 91' lang='lat' dir='ltr'><strong>cum</strong></span> <span class='ocrx_word' id='word_1_312' title='bbox 863 2054 916 2082; x_wconf 86' lang='lat' dir='ltr'><strong>diis</strong></span> <span class='ocrx_word' id='word_1_313' title='bbox 933 2054 1019 2082; x_wconf 88' lang='lat' dir='ltr'><strong>sacri-</strong></span> 
     </span>
    </p>
   </div>
   <div class='ocr_carea' id='block_1_45' title="bbox 234 2099 1018 2135">
    <p class='ocr_par' dir='ltr' id='par_1_45' title="bbox 234 2099 1018 2135">
     <span class='ocr_line' id='line_1_45' title="bbox 234 2099 1018 2135; baseline -0.001 -9"><span class='ocrx_word' id='word_1_314' title='bbox 234 2100 373 2131; x_wconf 83' lang='lat' dir='ltr'><strong>ticaveris,</strong></span> <span class='ocrx_word' id='word_1_315' title='bbox 399 2099 502 2134; x_wconf 81' lang='lat' dir='ltr'><strong>impera</strong></span> <span class='ocrx_word' id='word_1_316' title='bbox 528 2099 682 2126; x_wconf 87' lang='lat' dir='ltr'><strong>nobiscum.</strong></span> <span class='ocrx_word' id='word_1_317' title='bbox 714 2099 808 2134; x_wconf 84' lang='lat' dir='ltr'><strong>Neque</strong></span> <span class='ocrx_word' id='word_1_318' title='bbox 834 2100 911 2132; x_wconf 92' lang='lat' dir='ltr'><strong>velis,</strong></span> <span class='ocrx_word' id='word_1_319' title='bbox 941 2108 1018 2135; x_wconf 78' lang='lat' dir='ltr'><strong>rogo,</strong></span> 
     </span>
    </p>
   </div>
   <div class='ocr_carea' id='block_1_46' title="bbox 232 2145 1016 2179">
    <p class='ocr_par' dir='ltr' id='par_1_46' title="bbox 232 2145 1016 2179">
     <span class='ocr_line' id='line_1_46' title="bbox 232 2145 1016 2179; baseline -0.001 -6"><span class='ocrx_word' id='word_1_320' title='bbox 232 2147 326 2173; x_wconf 85' lang='lat' dir='ltr'><strong>videre</strong></span> <span class='ocrx_word' id='word_1_321' title='bbox 343 2146 455 2173; x_wconf 87' lang='lat' dir='ltr'><strong>interire</strong></span> <span class='ocrx_word' id='word_1_322' title='bbox 480 2145 624 2172; x_wconf 89' lang='lat' dir='ltr'><strong>tormentis</strong></span> <span class='ocrx_word' id='word_1_323' title='bbox 644 2149 750 2172; x_wconf 84' lang='lat' dir='ltr'><strong>tantam</strong></span> <span class='ocrx_word' id='word_1_324' title='bbox 773 2145 1016 2179; x_wconf 88' lang='lat' dir='ltr'><strong>pulchritudinem.</strong></span> 
     </span>
    </p>
   </div>
   <div class='ocr_carea' id='block_1_47' title="bbox 1030 1532 1053 1564">
    <p class='ocr_par' dir='ltr' id='par_1_47' title="bbox 1030 1532 1053 1564">
     <span class='ocr_line' id='line_1_47' title="bbox 1030 1532 1053 1564; baseline 0 0"><span class='ocrx_word' id='word_1_325' title='bbox 1030 1532 1053 1564; x_wconf 88' lang='lat' dir='ltr'><strong>C</strong></span> 
     </span>
    </p>
   </div>
   <div class='ocr_carea' id='block_1_48' title="bbox 1065 233 1845 270">
    <p class='ocr_par' dir='ltr' id='par_1_48' title="bbox 1065 233 1845 270">
     <span class='ocr_line' id='line_1_48' title="bbox 1065 233 1845 270; baseline -0.001 -10"><span class='ocrx_word' id='word_1_326' title='bbox 1065 236 1095 261; x_wconf 84' lang='grc' dir='ltr'>ὲν</span> <span class='ocrx_word' id='word_1_327' title='bbox 1108 236 1141 270; x_wconf 83' lang='grc' dir='ltr'>τῇ</span> <span class='ocrx_word' id='word_1_328' title='bbox 1158 234 1255 269; x_wconf 76' lang='grc' dir='ltr'>καρδίᾳ</span> <span class='ocrx_word' id='word_1_329' title='bbox 1273 243 1319 260; x_wconf 86' lang='grc' dir='ltr'><strong>σου</strong></span> <span class='ocrx_word' id='word_1_330' title='bbox 1332 234 1376 260; x_wconf 83' lang='grc' dir='ltr'>τὸν</span> <span class='ocrx_word' id='word_1_331' title='bbox 1387 233 1504 268; x_wconf 79' lang='grc' dir='ltr'>Χριστὸν</span> <span class='ocrx_word' id='word_1_332' title='bbox 1521 233 1602 266; x_wconf 79' lang='grc' dir='ltr'>ἔξεις,</span> <span class='ocrx_word' id='word_1_333' title='bbox 1620 235 1666 259; x_wconf 74' lang='grc' dir='ltr'>καὶ</span> <span class='ocrx_word' id='word_1_334' title='bbox 1685 234 1715 259; x_wconf 83' lang='grc' dir='ltr'>οὺ</span> <span class='ocrx_word' id='word_1_335' title='bbox 1741 235 1779 268; x_wconf 87' lang='grc' dir='ltr'>μή</span> <span class='ocrx_word' id='word_1_336' title='bbox 1798 243 1845 260; x_wconf 81' lang='grc' dir='ltr'><strong>σου</strong></span> 
     </span>
    </p>
   </div>
   <div class='ocr_carea' id='block_1_49' title="bbox 1064 279 1847 315">
    <p class='ocr_par' dir='ltr' id='par_1_49' title="bbox 1064 279 1847 315">
     <span class='ocr_line' id='line_1_49' title="bbox 1064 279 1847 315; baseline -0.001 -8"><span class='ocrx_word' id='word_1_337' title='bbox 1064 281 1167 315; x_wconf 69' lang='grc' dir='ltr'>ἅψηται</span> <span class='ocrx_word' id='word_1_338' title='bbox 1183 280 1300 315; x_wconf 69' lang='grc' dir='ltr'>βάσανος</span> <span class='ocrx_word' id='word_1_339' title='bbox 1316 288 1323 296; x_wconf 89' lang='grc'><strong>·</strong></span> <span class='ocrx_word' id='word_1_340' title='bbox 1337 280 1536 314; x_wconf 74' lang='grc' dir='ltr'>κολασθήσεται</span> <span class='ocrx_word' id='word_1_341' title='bbox 1547 280 1602 315; x_wconf 79' lang='grc' dir='ltr'><strong>γὰρ</strong></span> <span class='ocrx_word' id='word_1_342' title='bbox 1616 279 1734 306; x_wconf 79' lang='grc' dir='ltr'>ἐνταῦθα</span> <span class='ocrx_word' id='word_1_343' title='bbox 1748 281 1847 315; x_wconf 68' lang='grc' dir='ltr'>μικρὸν</span> 
     </span>
    </p>
   </div>
   <div class='ocr_carea' id='block_1_50' title="bbox 1065 326 1844 360">
    <p class='ocr_par' dir='ltr' id='par_1_50' title="bbox 1065 326 1844 360">
     <span class='ocr_line' id='line_1_50' title="bbox 1065 326 1844 360; baseline 0 -7"><span class='ocrx_word' id='word_1_344' title='bbox 1065 336 1111 354; x_wconf 85' lang='grc' dir='ltr'><strong>σου</strong></span> <span class='ocrx_word' id='word_1_345' title='bbox 1131 327 1162 353; x_wconf 77' lang='grc' dir='ltr'>τὸ</span> <span class='ocrx_word' id='word_1_346' title='bbox 1178 327 1268 360; x_wconf 87' lang='grc' dir='ltr'>σῶμα,</span> <span class='ocrx_word' id='word_1_347' title='bbox 1283 327 1330 352; x_wconf 65' lang='grc' dir='ltr'><strong>καὶ</strong></span> <span class='ocrx_word' id='word_1_348' title='bbox 1341 326 1463 353; x_wconf 79' lang='grc' dir='ltr'>ἀθάνατα</span> <span class='ocrx_word' id='word_1_349' title='bbox 1478 327 1558 352; x_wconf 71' lang='grc' dir='ltr'>πάλιν</span> <span class='ocrx_word' id='word_1_350' title='bbox 1572 327 1630 352; x_wconf 75' lang='grc' dir='ltr'>ἐκεῖ</span> <span class='ocrx_word' id='word_1_351' title='bbox 1644 326 1844 354; x_wconf 79' lang='grc' dir='ltr'>ἀναπαύσεται.</span> 
     </span>
    </p>
   </div>
   <div class='ocr_carea' id='block_1_51' title="bbox 1065 370 1848 406">
    <p class='ocr_par' dir='ltr' id='par_1_51' title="bbox 1065 370 1848 406">
     <span class='ocr_line' id='line_1_51' title="bbox 1065 370 1848 406; baseline 0.001 -10"><span class='ocrx_word' id='word_1_352' title='bbox 1065 370 1159 396; x_wconf 88' lang='grc' dir='ltr'>Ταῦτα</span> <span class='ocrx_word' id='word_1_353' title='bbox 1175 370 1224 403; x_wconf 82' lang='grc' dir='ltr'>τῆς</span> <span class='ocrx_word' id='word_1_354' title='bbox 1241 371 1320 404; x_wconf 80' lang='grc' dir='ltr'>ἁγίας</span> <span class='ocrx_word' id='word_1_355' title='bbox 1349 370 1510 405; x_wconf 76' lang='grc' dir='ltr'><strong>διεξιούσης,</strong></span> <span class='ocrx_word' id='word_1_356' title='bbox 1535 371 1680 397; x_wconf 80' lang='grc' dir='ltr'>ὑπολαῦὼν</span> <span class='ocrx_word' id='word_1_357' title='bbox 1701 373 1714 397; x_wconf 82' lang='grc' dir='ltr'>ὀ</span> <span class='ocrx_word' id='word_1_358' title='bbox 1739 371 1848 406; x_wconf 72' lang='grc' dir='ltr'>Πορφυ-</span> 
     </span>
    </p>
   </div>
   <div class='ocr_carea' id='block_1_52' title="bbox 1069 414 1848 450">
    <p class='ocr_par' dir='ltr' id='par_1_52' title="bbox 1069 414 1848 450">
     <span class='ocr_line' id='line_1_52' title="bbox 1069 414 1848 450; baseline 0.003 -11"><span class='ocrx_word' id='word_1_359' title='bbox 1069 414 1145 449; x_wconf 78' lang='grc' dir='ltr'>ρίων,</span> <span class='ocrx_word' id='word_1_360' title='bbox 1164 414 1265 448; x_wconf 79' lang='grc' dir='ltr'>Δέομαί</span> <span class='ocrx_word' id='word_1_361' title='bbox 1283 423 1343 447; x_wconf 82' lang='grc' dir='ltr'>σου,</span> <span class='ocrx_word' id='word_1_362' title='bbox 1361 415 1477 449; x_wconf 81' lang='grc' dir='ltr'><strong>φράσον,</strong></span> <span class='ocrx_word' id='word_1_363' title='bbox 1494 414 1557 448; x_wconf 64' lang='grc' dir='ltr'>ἔφη,</span> <span class='ocrx_word' id='word_1_364' title='bbox 1574 415 1600 440; x_wconf 88' lang='grc' dir='ltr'><strong>τί</strong></span> <span class='ocrx_word' id='word_1_365' title='bbox 1610 415 1658 440; x_wconf 79' lang='grc' dir='ltr'>καὶ</span> <span class='ocrx_word' id='word_1_366' title='bbox 1672 415 1734 449; x_wconf 76' lang='grc' dir='ltr'>ἐμοὶ</span> <span class='ocrx_word' id='word_1_367' title='bbox 1754 415 1848 450; x_wconf 88' lang='grc' dir='ltr'>δωρεῖ-</span> 
     </span>
    </p>
   </div>
   <div class='ocr_carea' id='block_1_53' title="bbox 1065 460 1848 496">
    <p class='ocr_par' dir='ltr' id='par_1_53' title="bbox 1065 460 1848 496">
     <span class='ocr_line' id='line_1_53' title="bbox 1065 460 1848 496; baseline 0 -9"><span class='ocrx_word' id='word_1_368' title='bbox 1065 469 1108 487; x_wconf 88' lang='grc' dir='ltr'><strong>ται</strong></span> <span class='ocrx_word' id='word_1_369' title='bbox 1122 461 1240 495; x_wconf 75' lang='grc' dir='ltr'>Χριστὸς</span> <span class='ocrx_word' id='word_1_370' title='bbox 1255 461 1293 492; x_wconf 82' lang='grc' dir='ltr'><strong>είς</strong></span> <span class='ocrx_word' id='word_1_371' title='bbox 1312 461 1415 487; x_wconf 82' lang='grc' dir='ltr'>ἐκεῖνον</span> <span class='ocrx_word' id='word_1_372' title='bbox 1430 461 1584 487; x_wconf 76' lang='grc' dir='ltr'><strong>πιστεύοντι</strong></span> <span class='ocrx_word' id='word_1_373' title='bbox 1597 469 1604 492; x_wconf 83' lang='lat'><strong><em>;</em></strong></span> <span class='ocrx_word' id='word_1_374' title='bbox 1622 460 1716 496; x_wconf 85' lang='grc' dir='ltr'>Τούτῳ</span> <span class='ocrx_word' id='word_1_375' title='bbox 1732 461 1786 495; x_wconf 86' lang='grc' dir='ltr'><strong>γὰρ</strong></span> <span class='ocrx_word' id='word_1_376' title='bbox 1797 461 1848 496; x_wconf 72' lang='grc' dir='ltr'><strong>ήδη</strong></span> 
     </span>
    </p>
   </div>
   <div class='ocr_carea' id='block_1_54' title="bbox 1066 506 1848 542">
    <p class='ocr_par' dir='ltr' id='par_1_54' title="bbox 1066 506 1848 542">
     <span class='ocr_line' id='line_1_54' title="bbox 1066 506 1848 542; baseline 0 -10"><span class='ocrx_word' id='word_1_377' title='bbox 1066 507 1113 532; x_wconf 77' lang='grc' dir='ltr'>καὶ</span> <span class='ocrx_word' id='word_1_378' title='bbox 1131 507 1211 538; x_wconf 74' lang='grc' dir='ltr'>αὐτὸς</span> <span class='ocrx_word' id='word_1_379' title='bbox 1228 506 1425 541; x_wconf 71' lang='grc' dir='ltr'>στρατεύεσθαι</span> <span class='ocrx_word' id='word_1_380' title='bbox 1438 506 1578 542; x_wconf 80' lang='grc' dir='ltr'>βούλομαι.</span> <span class='ocrx_word' id='word_1_381' title='bbox 1603 507 1658 533; x_wconf 71' lang='grc' dir='ltr'><strong>Καὶ</strong></span> <span class='ocrx_word' id='word_1_382' title='bbox 1682 508 1698 542; x_wconf 84' lang='grc' dir='ltr'>ὴ</span> <span class='ocrx_word' id='word_1_383' title='bbox 1725 507 1848 541; x_wconf 84' lang='grc' dir='ltr'>μάρτυς,</span> 
     </span>
    </p>
   </div>
   <div class='ocr_carea' id='block_1_55' title="bbox 1066 551 1848 587">
    <p class='ocr_par' dir='ltr' id='par_1_55' title="bbox 1066 551 1848 587">
     <span class='ocr_line' id='line_1_55' title="bbox 1066 551 1848 587; baseline 0.003 -10"><span class='ocrx_word' id='word_1_384' title='bbox 1066 551 1180 577; x_wconf 69' lang='grc' dir='ltr'>Οὐδέπω</span> <span class='ocrx_word' id='word_1_385' title='bbox 1188 551 1306 586; x_wconf 73' lang='grc' dir='ltr'>γραφὴν,</span> <span class='ocrx_word' id='word_1_386' title='bbox 1317 552 1379 585; x_wconf 72' lang='grc' dir='ltr'>ἔφη,</span> <span class='ocrx_word' id='word_1_387' title='bbox 1389 551 1558 586; x_wconf 84' lang='grc' dir='ltr'>Χριστιανῶν</span> <span class='ocrx_word' id='word_1_388' title='bbox 1567 552 1686 586; x_wconf 77' lang='grc' dir='ltr'>ἀνέγνως</span> <span class='ocrx_word' id='word_1_389' title='bbox 1694 553 1709 587; x_wconf 79' lang='grc' dir='ltr'><strong>ἢ</strong></span> <span class='ocrx_word' id='word_1_390' title='bbox 1717 553 1784 587; x_wconf 70' lang='grc' dir='ltr'>ἦκου</span> <span class='ocrx_word' id='word_1_391' title='bbox 1790 561 1848 579; x_wconf 60' lang='lat' dir='ltr'><strong>sui.</strong></span> 
     </span>
    </p>
   </div>
   <div class='ocr_carea' id='block_1_56' title="bbox 1067 596 1851 632">
    <p class='ocr_par' dir='ltr' id='par_1_56' title="bbox 1067 596 1851 632">
     <span class='ocr_line' id='line_1_56' title="bbox 1067 596 1851 632; baseline 0 -10"><span class='ocrx_word' id='word_1_392' title='bbox 1067 596 1213 628; x_wconf 75' lang='grc' dir='ltr'><strong>Οὐδέποτε,</strong></span> <span class='ocrx_word' id='word_1_393' title='bbox 1223 598 1315 631; x_wconf 63' lang='grc' dir='ltr'>φησὶν,</span> <span class='ocrx_word' id='word_1_394' title='bbox 1328 598 1340 622; x_wconf 78' lang='grc' dir='ltr'><strong>ο</strong></span> <span class='ocrx_word' id='word_1_395' title='bbox 1352 597 1512 631; x_wconf 71' lang='grc' dir='ltr'>Πορφυρίων</span> <span class='ocrx_word' id='word_1_396' title='bbox 1520 598 1551 623; x_wconf 82' lang='grc' dir='ltr'>ὲκ</span> <span class='ocrx_word' id='word_1_397' title='bbox 1562 597 1664 623; x_wconf 84' lang='grc' dir='ltr'>παίδων</span> <span class='ocrx_word' id='word_1_398' title='bbox 1673 597 1715 623; x_wconf 72' lang='grc' dir='ltr'><strong>ἀεὶ</strong></span> <span class='ocrx_word' id='word_1_399' title='bbox 1727 597 1792 632; x_wconf 71' lang='grc' dir='ltr'>περὶ</span> <span class='ocrx_word' id='word_1_400' title='bbox 1804 606 1851 622; x_wconf 82' lang='grc' dir='ltr'>πο-</span> 
     </span>
    </p>
   </div>
   <div class='ocr_carea' id='block_1_57' title="bbox 1066 641 1851 678">
    <p class='ocr_par' dir='ltr' id='par_1_57' title="bbox 1066 641 1851 678">
     <span class='ocr_line' id='line_1_57' title="bbox 1066 641 1851 678; baseline -0.001 -11"><span class='ocrx_word' id='word_1_401' title='bbox 1066 642 1166 676; x_wconf 80' lang='grc' dir='ltr'>λέμους</span> <span class='ocrx_word' id='word_1_402' title='bbox 1193 641 1388 676; x_wconf 73' lang='grc' dir='ltr'>ὴσχοληρὲνος,</span> <span class='ocrx_word' id='word_1_403' title='bbox 1418 643 1464 668; x_wconf 72' lang='grc' dir='ltr'><strong>καὶ</strong></span> <span class='ocrx_word' id='word_1_404' title='bbox 1498 642 1632 677; x_wconf 74' lang='grc' dir='ltr'>μηδέποτε</span> <span class='ocrx_word' id='word_1_405' title='bbox 1650 644 1778 678; x_wconf 53' lang='grc' dir='ltr'>μεταθεὶς</span> <span class='ocrx_word' id='word_1_406' title='bbox 1802 643 1851 678; x_wconf 70' lang='grc' dir='ltr'>τὴν</span> 
     </span>
    </p>
   </div>
   <div class='ocr_carea' id='block_1_58' title="bbox 1068 687 1850 722">
    <p class='ocr_par' dir='ltr' id='par_1_58' title="bbox 1068 687 1850 722">
     <span class='ocr_line' id='line_1_58' title="bbox 1068 687 1850 722; baseline 0.003 -10"><span class='ocrx_word' id='word_1_407' title='bbox 1068 687 1196 722; x_wconf 76' lang='grc' dir='ltr'>φροντίδα</span> <span class='ocrx_word' id='word_1_408' title='bbox 1211 688 1278 722; x_wconf 60' lang='grc' dir='ltr'>πρὸς</span> <span class='ocrx_word' id='word_1_409' title='bbox 1295 688 1397 722; x_wconf 74' lang='grc' dir='ltr'>ἕτερον.</span> <span class='ocrx_word' id='word_1_410' title='bbox 1419 687 1451 713; x_wconf 88' lang='lat' dir='ltr'><strong>&#39;H</strong></span> <span class='ocrx_word' id='word_1_411' title='bbox 1463 688 1491 714; x_wconf 81' lang='grc' dir='ltr'>δὲ</span> <span class='ocrx_word' id='word_1_412' title='bbox 1506 689 1552 714; x_wconf 81' lang='grc' dir='ltr'>καὶ</span> <span class='ocrx_word' id='word_1_413' title='bbox 1567 688 1680 719; x_wconf 77' lang='grc' dir='ltr'>ποίατις</span> <span class='ocrx_word' id='word_1_414' title='bbox 1697 689 1729 714; x_wconf 80' lang='grc' dir='ltr'>ἄν</span> <span class='ocrx_word' id='word_1_415' title='bbox 1744 689 1850 722; x_wconf 65' lang='grc' dir='ltr'>γὶῶττα</span> 
     </span>
    </p>
   </div>
   <div class='ocr_carea' id='block_1_59' title="bbox 1068 732 1849 769">
    <p class='ocr_par' dir='ltr' id='par_1_59' title="bbox 1068 732 1849 769">
     <span class='ocr_line' id='line_1_59' title="bbox 1068 732 1849 769; baseline 0.001 -10"><span class='ocrx_word' id='word_1_416' title='bbox 1068 733 1117 766; x_wconf 72' lang='grc' dir='ltr'>τὴν</span> <span class='ocrx_word' id='word_1_417' title='bbox 1142 732 1196 759; x_wconf 87' lang='grc' dir='ltr'><strong>τῶν</strong></span> <span class='ocrx_word' id='word_1_418' title='bbox 1218 733 1334 766; x_wconf 79' lang='grc' dir='ltr'>ἀγαθῶν</span> <span class='ocrx_word' id='word_1_419' title='bbox 1361 733 1472 759; x_wconf 80' lang='grc' dir='ltr'>ἐκείνων</span> <span class='ocrx_word' id='word_1_420' title='bbox 1492 733 1640 760; x_wconf 70' lang='grc' dir='ltr'><strong>ἀπόλαυσιν</strong></span> <span class='ocrx_word' id='word_1_421' title='bbox 1668 734 1849 769; x_wconf 65' lang='grc' dir='ltr'>διηγήσαιτος</span> 
     </span>
    </p>
   </div>
   <div class='ocr_carea' id='block_1_60' title="bbox 1074 779 1851 816">
    <p class='ocr_par' dir='ltr' id='par_1_60' title="bbox 1074 779 1851 816">
     <span class='ocr_line' id='line_1_60' title="bbox 1074 779 1851 816; baseline 0 -10"><span class='ocrx_word' id='word_1_422' title='bbox 1074 779 1223 806; x_wconf 73' lang='grc' dir='ltr'>Ἀδύνατον</span> <span class='ocrx_word' id='word_1_423' title='bbox 1238 779 1292 814; x_wconf 79' lang='grc' dir='ltr'><strong>γὰρ</strong></span> <span class='ocrx_word' id='word_1_424' title='bbox 1310 779 1380 814; x_wconf 71' lang='grc' dir='ltr'>λόγῳ</span> <span class='ocrx_word' id='word_1_425' title='bbox 1398 780 1556 814; x_wconf 79' lang='grc' dir='ltr'>περιλαὸεῐν</span> <span class='ocrx_word' id='word_1_426' title='bbox 1574 781 1624 807; x_wconf 82' lang='grc' dir='ltr'>ὅσα</span> <span class='ocrx_word' id='word_1_427' title='bbox 1641 779 1718 814; x_wconf 83' lang='grc' dir='ltr'>παρὰ</span> <span class='ocrx_word' id='word_1_428' title='bbox 1732 781 1781 816; x_wconf 77' lang='grc' dir='ltr'>τῆς</span> <span class='ocrx_word' id='word_1_429' title='bbox 1804 789 1851 814; x_wconf 76' lang='grc' dir='ltr'>φι-</span> 
     </span>
    </p>
   </div>
   <div class='ocr_carea' id='block_1_61' title="bbox 1068 825 1851 861">
    <p class='ocr_par' dir='ltr' id='par_1_61' title="bbox 1068 825 1851 861">
     <span class='ocr_line' id='line_1_61' title="bbox 1068 825 1851 861; baseline 0.004 -11"><span class='ocrx_word' id='word_1_430' title='bbox 1068 825 1232 860; x_wconf 66' lang='grc' dir='ltr'>λαιθρώπου</span> <span class='ocrx_word' id='word_1_431' title='bbox 1258 826 1347 859; x_wconf 77' lang='grc' dir='ltr'>δεξιᾶς</span> <span class='ocrx_word' id='word_1_432' title='bbox 1375 827 1483 861; x_wconf 81' lang='grc' dir='ltr'><strong>ἐκείνης</strong></span> <span class='ocrx_word' id='word_1_433' title='bbox 1512 828 1569 859; x_wconf 84' lang='grc' dir='ltr'>τοῖς</span> <span class='ocrx_word' id='word_1_434' title='bbox 1594 827 1740 860; x_wconf 73' lang='grc' dir='ltr'><strong>ἀγαπῶσιν</strong></span> <span class='ocrx_word' id='word_1_435' title='bbox 1768 827 1851 853; x_wconf 72' lang='grc' dir='ltr'>αὐτίν</span> 
     </span>
    </p>
   </div>
   <div class='ocr_carea' id='block_1_62' title="bbox 1034 871 1852 907">
    <p class='ocr_par' dir='ltr' id='par_1_62' title="bbox 1034 871 1852 907">
     <span class='ocr_line' id='line_1_62' title="bbox 1034 871 1852 907; baseline -0.002 -9"><span class='ocrx_word' id='word_1_436' title='bbox 1034 871 1295 907; x_wconf 75' lang='grc' dir='ltr'>Βτεθησαύρισται.</span> <span class='ocrx_word' id='word_1_437' title='bbox 1323 873 1416 907; x_wconf 65' lang='grc' dir='ltr'>Χαρᾱς</span> <span class='ocrx_word' id='word_1_438' title='bbox 1444 873 1490 898; x_wconf 77' lang='grc' dir='ltr'><strong>ἐπὶ</strong></span> <span class='ocrx_word' id='word_1_439' title='bbox 1514 873 1621 903; x_wconf 66' lang='grc' dir='ltr'>τούτοις</span> <span class='ocrx_word' id='word_1_440' title='bbox 1643 874 1657 898; x_wconf 86' lang='grc' dir='ltr'><strong>ό</strong></span> <span class='ocrx_word' id='word_1_441' title='bbox 1688 871 1852 906; x_wconf 76' lang='grc' dir='ltr'>Πορφυρίων</span> 
     </span>
    </p>
   </div>
   <div class='ocr_carea' id='block_1_63' title="bbox 1069 918 1852 953">
    <p class='ocr_par' dir='ltr' id='par_1_63' title="bbox 1069 918 1852 953">
     <span class='ocr_line' id='line_1_63' title="bbox 1069 918 1852 953; baseline 0 -10"><span class='ocrx_word' id='word_1_442' title='bbox 1069 918 1200 952; x_wconf 74' lang='grc' dir='ltr'><strong>πλησθεὶς</strong></span> <span class='ocrx_word' id='word_1_443' title='bbox 1216 918 1337 944; x_wconf 69' lang='grc' dir='ltr'>πιστεύει</span> <span class='ocrx_word' id='word_1_444' title='bbox 1360 919 1408 945; x_wconf 66' lang='grc' dir='ltr'><strong>σὺν</strong></span> <span class='ocrx_word' id='word_1_445' title='bbox 1423 919 1477 949; x_wconf 76' lang='grc' dir='ltr'>τοῖς</span> <span class='ocrx_word' id='word_1_446' title='bbox 1493 919 1643 950; x_wconf 76' lang='grc' dir='ltr'>διακοσίοις</span> <span class='ocrx_word' id='word_1_447' title='bbox 1667 918 1852 953; x_wconf 75' lang='grc' dir='ltr'><strong>στρατιώταις</strong></span> 
     </span>
    </p>
   </div>
   <div class='ocr_carea' id='block_1_64' title="bbox 1067 963 1850 999">
    <p class='ocr_par' dir='ltr' id='par_1_64' title="bbox 1067 963 1850 999">
     <span class='ocr_line' id='line_1_64' title="bbox 1067 963 1850 999; baseline 0 -10"><span class='ocrx_word' id='word_1_448' title='bbox 1067 963 1114 990; x_wconf 76' lang='grc' dir='ltr'>καὶ</span> <span class='ocrx_word' id='word_1_449' title='bbox 1124 964 1204 995; x_wconf 66' lang='grc' dir='ltr'>αὑτὶς</span> <span class='ocrx_word' id='word_1_450' title='bbox 1215 963 1252 998; x_wconf 80' lang='grc' dir='ltr'>τῷ</span> <span class='ocrx_word' id='word_1_451' title='bbox 1265 963 1385 998; x_wconf 76' lang='grc' dir='ltr'>Χριστῷ.</span> <span class='ocrx_word' id='word_1_452' title='bbox 1398 964 1452 990; x_wconf 69' lang='grc' dir='ltr'><strong>Καὶ</strong></span> <span class='ocrx_word' id='word_1_453' title='bbox 1462 964 1510 999; x_wconf 75' lang='grc' dir='ltr'>τὴν</span> <span class='ocrx_word' id='word_1_454' title='bbox 1524 964 1672 999; x_wconf 78' lang='grc' dir='ltr'>μάρτυραή</span> <span class='ocrx_word' id='word_1_455' title='bbox 1684 963 1788 999; x_wconf 70' lang='grc' dir='ltr'>βασιλὶς</span> <span class='ocrx_word' id='word_1_456' title='bbox 1802 963 1850 990; x_wconf 73' lang='grc' dir='ltr'>καὶ</span> 
     </span>
    </p>
   </div>
   <div class='ocr_carea' id='block_1_65' title="bbox 1067 1010 1852 1045">
    <p class='ocr_par' dir='ltr' id='par_1_65' title="bbox 1067 1010 1852 1045">
     <span class='ocr_line' id='line_1_65' title="bbox 1067 1010 1852 1045; baseline 0 -9"><span class='ocrx_word' id='word_1_457' title='bbox 1067 1010 1143 1036; x_wconf 75' lang='grc' dir='ltr'>αὐτοὶ</span> <span class='ocrx_word' id='word_1_458' title='bbox 1153 1010 1344 1044; x_wconf 76' lang='grc' dir='ltr'>ἀσπασάμενοι</span> <span class='ocrx_word' id='word_1_459' title='bbox 1358 1010 1405 1036; x_wconf 79' lang='grc' dir='ltr'>καὶ</span> <span class='ocrx_word' id='word_1_460' title='bbox 1413 1010 1631 1045; x_wconf 68' lang='grc' dir='ltr'>ασιραλισαμενοι</span> <span class='ocrx_word' id='word_1_461' title='bbox 1642 1011 1704 1041; x_wconf 75' lang='grc' dir='ltr'>τοὺς</span> <span class='ocrx_word' id='word_1_462' title='bbox 1716 1011 1852 1045; x_wconf 66' lang='grc' dir='ltr'>φρουροὺς</span> 
     </span>
    </p>
   </div>
   <div class='ocr_carea' id='block_1_66' title="bbox 1067 1055 1851 1090">
    <p class='ocr_par' dir='ltr' id='par_1_66' title="bbox 1067 1055 1851 1090">
     <span class='ocr_line' id='line_1_66' title="bbox 1067 1055 1851 1090; baseline 0 -9"><span class='ocrx_word' id='word_1_463' title='bbox 1067 1055 1212 1090; x_wconf 72' lang='grc' dir='ltr'>ἀπόρρητα</span> <span class='ocrx_word' id='word_1_464' title='bbox 1223 1056 1332 1081; x_wconf 85' lang='grc' dir='ltr'>κεῖσθαι</span> <span class='ocrx_word' id='word_1_465' title='bbox 1353 1055 1419 1090; x_wconf 85' lang='grc' dir='ltr'>παρ’</span> <span class='ocrx_word' id='word_1_466' title='bbox 1434 1056 1525 1086; x_wconf 78' lang='grc' dir='ltr'>αὐτοῖς</span> <span class='ocrx_word' id='word_1_467' title='bbox 1534 1063 1568 1082; x_wconf 82' lang='grc' dir='ltr'><strong>τα</strong></span> <span class='ocrx_word' id='word_1_468' title='bbox 1584 1055 1752 1090; x_wconf 77' lang='grc' dir='ltr'>πραχθέντα,</span> <span class='ocrx_word' id='word_1_469' title='bbox 1765 1056 1851 1089; x_wconf 80' lang='grc' dir='ltr'><strong>μέσης</strong></span> 
     </span>
    </p>
   </div>
   <div class='ocr_carea' id='block_1_67' title="bbox 1067 1100 1853 1136">
    <p class='ocr_par' dir='ltr' id='par_1_67' title="bbox 1067 1100 1853 1136">
     <span class='ocr_line' id='line_1_67' title="bbox 1067 1100 1853 1136; baseline 0 -9"><span class='ocrx_word' id='word_1_470' title='bbox 1067 1101 1163 1132; x_wconf 84' lang='grc' dir='ltr'>νυκτὸς</span> <span class='ocrx_word' id='word_1_471' title='bbox 1172 1100 1448 1136; x_wconf 70' lang='grc' dir='ltr'>ἐκεῖθενέξέρχονται.</span> <span class='ocrx_word' id='word_1_472' title='bbox 1463 1102 1492 1127; x_wconf 87' lang='lat' dir='ltr'><strong>&#39;H</strong></span> <span class='ocrx_word' id='word_1_473' title='bbox 1502 1102 1594 1136; x_wconf 77' lang='grc' dir='ltr'>μέντοι</span> <span class='ocrx_word' id='word_1_474' title='bbox 1604 1101 1775 1135; x_wconf 82' lang='grc' dir='ltr'>τοῦΧρισ-ιοῦ</span> <span class='ocrx_word' id='word_1_475' title='bbox 1783 1102 1831 1136; x_wconf 64' lang='grc' dir='ltr'><strong>μά(</strong></span> <span class='ocrx_word' id='word_1_476' title='bbox 1839 1116 1853 1121; x_wconf 92' lang='grc'><strong><em>-</em></strong></span> 
     </span>
    </p>
   </div>
   <div class='ocr_carea' id='block_1_68' title="bbox 1066 1145 1851 1181">
    <p class='ocr_par' dir='ltr' id='par_1_68' title="bbox 1066 1145 1851 1181">
     <span class='ocr_line' id='line_1_68' title="bbox 1066 1145 1851 1181; baseline 0 -10"><span class='ocrx_word' id='word_1_477' title='bbox 1066 1153 1115 1175; x_wconf 85' lang='grc' dir='ltr'><strong>τυς</strong></span> <span class='ocrx_word' id='word_1_478' title='bbox 1141 1145 1320 1179; x_wconf 79' lang='grc' dir='ltr'>Αίκατερίνα,</span> <span class='ocrx_word' id='word_1_479' title='bbox 1332 1145 1472 1180; x_wconf 70' lang='grc' dir='ltr'>Δεσπότην</span> <span class='ocrx_word' id='word_1_480' title='bbox 1493 1145 1594 1180; x_wconf 72' lang='grc' dir='ltr'>πατρὸς</span> <span class='ocrx_word' id='word_1_481' title='bbox 1610 1145 1851 1181; x_wconf 73' lang='grc' dir='ltr'>φιλοστοργότερον</span> 
     </span>
    </p>
   </div>
   <div class='ocr_carea' id='block_1_69' title="bbox 1068 1189 1850 1226">
    <p class='ocr_par' dir='ltr' id='par_1_69' title="bbox 1068 1189 1850 1226">
     <span class='ocr_line' id='line_1_69' title="bbox 1068 1189 1850 1226; baseline 0.003 -11"><span class='ocrx_word' id='word_1_482' title='bbox 1068 1189 1177 1224; x_wconf 67' lang='grc' dir='ltr'>ἔχουσα,</span> <span class='ocrx_word' id='word_1_483' title='bbox 1192 1190 1292 1224; x_wconf 80' lang='grc' dir='ltr'>πολλῆς</span> <span class='ocrx_word' id='word_1_484' title='bbox 1307 1191 1426 1217; x_wconf 78' lang='grc' dir='ltr'>ἀπέλαϐε</span> <span class='ocrx_word' id='word_1_485' title='bbox 1442 1191 1506 1226; x_wconf 84' lang='grc' dir='ltr'>παρ’</span> <span class='ocrx_word' id='word_1_486' title='bbox 1518 1191 1600 1217; x_wconf 79' lang='grc' dir='ltr'>αὑτοῦ</span> <span class='ocrx_word' id='word_1_487' title='bbox 1614 1192 1663 1226; x_wconf 85' lang='grc' dir='ltr'>τῆς</span> <span class='ocrx_word' id='word_1_488' title='bbox 1675 1191 1850 1226; x_wconf 78' lang='grc' dir='ltr'>κηδεμονίας.</span> 
     </span>
    </p>
   </div>
   <div class='ocr_carea' id='block_1_70' title="bbox 1069 1235 1850 1272">
    <p class='ocr_par' dir='ltr' id='par_1_70' title="bbox 1069 1235 1850 1272">
     <span class='ocr_line' id='line_1_70' title="bbox 1069 1235 1850 1272; baseline 0 -10"><span class='ocrx_word' id='word_1_489' title='bbox 1069 1235 1137 1270; x_wconf 66' lang='grc' dir='ltr'>Παρ*</span> <span class='ocrx_word' id='word_1_490' title='bbox 1153 1236 1217 1267; x_wconf 80' lang='grc' dir='ltr'>ὅλας</span> <span class='ocrx_word' id='word_1_491' title='bbox 1242 1237 1291 1270; x_wconf 83' lang='grc' dir='ltr'>μὲν</span> <span class='ocrx_word' id='word_1_492' title='bbox 1317 1237 1371 1272; x_wconf 82' lang='grc' dir='ltr'><strong>γὰρ</strong></span> <span class='ocrx_word' id='word_1_493' title='bbox 1401 1237 1450 1268; x_wconf 85' lang='grc' dir='ltr'><strong>τὰς</strong></span> <span class='ocrx_word' id='word_1_494' title='bbox 1475 1237 1579 1264; x_wconf 81' lang='grc' dir='ltr'>δώδεκα</span> <span class='ocrx_word' id='word_1_495' title='bbox 1606 1238 1706 1269; x_wconf 80' lang='grc' dir='ltr'>ταύτας</span> <span class='ocrx_word' id='word_1_496' title='bbox 1731 1238 1850 1272; x_wconf 75' lang='grc' dir='ltr'>ἡμέρας,</span> 
     </span>
    </p>
   </div>
   <div class='ocr_carea' id='block_1_71' title="bbox 1068 1279 1850 1318">
    <p class='ocr_par' dir='ltr' id='par_1_71' title="bbox 1068 1279 1850 1318">
     <span class='ocr_line' id='line_1_71' title="bbox 1068 1279 1850 1318; baseline 0.001 -10"><span class='ocrx_word' id='word_1_497' title='bbox 1068 1282 1098 1308; x_wconf 76' lang='grc' dir='ltr'>ὲν</span> <span class='ocrx_word' id='word_1_498' title='bbox 1109 1279 1152 1313; x_wconf 77' lang='grc' dir='ltr'>αἷς</span> <span class='ocrx_word' id='word_1_499' title='bbox 1169 1282 1254 1316; x_wconf 84' lang='grc' dir='ltr'>αὐτὴν</span> <span class='ocrx_word' id='word_1_500' title='bbox 1269 1280 1343 1317; x_wconf 72' lang='grc' dir='ltr'>εἶχεν</span> <span class='ocrx_word' id='word_1_501' title='bbox 1358 1284 1373 1317; x_wconf 79' lang='grc' dir='ltr'>ἢ</span> <span class='ocrx_word' id='word_1_502' title='bbox 1392 1283 1509 1318; x_wconf 78' lang='grc' dir='ltr'>φυλακὴ,</span> <span class='ocrx_word' id='word_1_503' title='bbox 1536 1283 1579 1310; x_wconf 82' lang='grc' dir='ltr'>διὰ</span> <span class='ocrx_word' id='word_1_504' title='bbox 1598 1284 1764 1318; x_wconf 80' lang='grc' dir='ltr'>περιστερᾶς</span> <span class='ocrx_word' id='word_1_505' title='bbox 1780 1283 1850 1309; x_wconf 79' lang='grc' dir='ltr'>ἄνω-</span> 
     </span>
    </p>
   </div>
   <div class='ocr_carea' id='block_1_72' title="bbox 1069 1325 1852 1363">
    <p class='ocr_par' dir='ltr' id='par_1_72' title="bbox 1069 1325 1852 1363">
     <span class='ocr_line' id='line_1_72' title="bbox 1069 1325 1852 1363; baseline 0.003 -11"><span class='ocrx_word' id='word_1_506' title='bbox 1069 1325 1115 1352; x_wconf 84' lang='grc' dir='ltr'><strong>θεν</strong></span> <span class='ocrx_word' id='word_1_507' title='bbox 1139 1327 1247 1361; x_wconf 77' lang='grc' dir='ltr'>ἐδέχετο</span> <span class='ocrx_word' id='word_1_508' title='bbox 1269 1328 1318 1362; x_wconf 85' lang='grc' dir='ltr'><strong>τὴν</strong></span> <span class='ocrx_word' id='word_1_509' title='bbox 1345 1329 1453 1363; x_wconf 71' lang='grc' dir='ltr'>στροφήν</span> <span class='ocrx_word' id='word_1_510' title='bbox 1470 1337 1478 1346; x_wconf 66' lang='grc' dir='ltr'><strong>ν</strong></span> <span class='ocrx_word' id='word_1_511' title='bbox 1493 1329 1591 1355; x_wconf 77' lang='grc' dir='ltr'>ἔπειτα</span> <span class='ocrx_word' id='word_1_512' title='bbox 1615 1329 1643 1355; x_wconf 79' lang='grc' dir='ltr'>δὲ</span> <span class='ocrx_word' id='word_1_513' title='bbox 1665 1329 1711 1355; x_wconf 79' lang='grc' dir='ltr'>καὶ</span> <span class='ocrx_word' id='word_1_514' title='bbox 1735 1329 1817 1360; x_wconf 73' lang='grc' dir='ltr'>αὐτὸς</span> <span class='ocrx_word' id='word_1_515' title='bbox 1837 1329 1852 1354; x_wconf 83' lang='grc' dir='ltr'><strong>δ</strong></span> 
     </span>
    </p>
   </div>
   <div class='ocr_carea' id='block_1_73' title="bbox 1069 1372 1852 1408">
    <p class='ocr_par' dir='ltr' id='par_1_73' title="bbox 1069 1372 1852 1408">
     <span class='ocr_line' id='line_1_73' title="bbox 1069 1372 1852 1408; baseline 0.001 -10"><span class='ocrx_word' id='word_1_516' title='bbox 1069 1372 1152 1402; x_wconf 82' lang='grc' dir='ltr'>καλὸς</span> <span class='ocrx_word' id='word_1_517' title='bbox 1169 1373 1277 1407; x_wconf 77' lang='grc' dir='ltr'>ἐκείνης</span> <span class='ocrx_word' id='word_1_518' title='bbox 1293 1373 1465 1408; x_wconf 78' lang='grc' dir='ltr'><strong>ἀγωνοθέτης</strong></span> <span class='ocrx_word' id='word_1_519' title='bbox 1485 1374 1604 1408; x_wconf 70' lang='grc' dir='ltr'>Χριστὸς</span> <span class='ocrx_word' id='word_1_520' title='bbox 1624 1375 1691 1408; x_wconf 80' lang='grc' dir='ltr'>μετὰ</span> <span class='ocrx_word' id='word_1_521' title='bbox 1708 1373 1763 1400; x_wconf 86' lang='grc' dir='ltr'><strong>τῶν</strong></span> <span class='ocrx_word' id='word_1_522' title='bbox 1787 1374 1852 1408; x_wconf 74' lang='grc' dir='ltr'>περὶ</span> 
     </span>
    </p>
   </div>
   <div class='ocr_carea' id='block_1_74' title="bbox 1069 1419 1850 1455">
    <p class='ocr_par' dir='ltr' id='par_1_74' title="bbox 1069 1419 1850 1455">
     <span class='ocr_line' id='line_1_74' title="bbox 1069 1419 1850 1455; baseline -0.001 -9"><span class='ocrx_word' id='word_1_523' title='bbox 1069 1419 1150 1446; x_wconf 81' lang='grc' dir='ltr'>αὑτὸν</span> <span class='ocrx_word' id='word_1_524' title='bbox 1173 1419 1314 1454; x_wconf 83' lang='grc' dir='ltr'>δυνάμεων</span> <span class='ocrx_word' id='word_1_525' title='bbox 1335 1420 1382 1446; x_wconf 73' lang='grc' dir='ltr'>καὶ</span> <span class='ocrx_word' id='word_1_526' title='bbox 1401 1421 1451 1455; x_wconf 86' lang='grc' dir='ltr'>τῆς</span> <span class='ocrx_word' id='word_1_527' title='bbox 1472 1420 1576 1450; x_wconf 77' lang='grc' dir='ltr'>οἰκείας</span> <span class='ocrx_word' id='word_1_528' title='bbox 1597 1420 1674 1454; x_wconf 76' lang='grc' dir='ltr'>δόξης</span> <span class='ocrx_word' id='word_1_529' title='bbox 1705 1419 1850 1455; x_wconf 61' lang='grc' dir='ltr'>ἐπιφανὴς,</span> 
     </span>
    </p>
   </div>
   <div class='ocr_carea' id='block_1_75' title="bbox 1069 1465 1852 1501">
    <p class='ocr_par' dir='ltr' id='par_1_75' title="bbox 1069 1465 1852 1501">
     <span class='ocr_line' id='line_1_75' title="bbox 1069 1465 1852 1501; baseline 0.001 -10"><span class='ocrx_word' id='word_1_530' title='bbox 1069 1465 1210 1500; x_wconf 76' lang='grc' dir='ltr'>ἐπτέρωσέ</span> <span class='ocrx_word' id='word_1_531' title='bbox 1226 1473 1255 1491; x_wconf 86' lang='grc' dir='ltr'><strong>τε</strong></span> <span class='ocrx_word' id='word_1_532' title='bbox 1273 1465 1361 1499; x_wconf 83' lang='grc' dir='ltr'>αὐτῆς</span> <span class='ocrx_word' id='word_1_533' title='bbox 1379 1465 1459 1492; x_wconf 80' lang='grc' dir='ltr'>πλέον</span> <span class='ocrx_word' id='word_1_534' title='bbox 1480 1466 1530 1500; x_wconf 80' lang='grc' dir='ltr'>τὴν</span> <span class='ocrx_word' id='word_1_535' title='bbox 1550 1465 1700 1501; x_wconf 79' lang='grc' dir='ltr'>καρτερίαν</span> <span class='ocrx_word' id='word_1_536' title='bbox 1724 1467 1772 1492; x_wconf 79' lang='grc' dir='ltr'>καὶ</span> <span class='ocrx_word' id='word_1_537' title='bbox 1785 1466 1852 1500; x_wconf 85' lang='grc' dir='ltr'>θαρ-</span> 
     </span>
    </p>
   </div>
   <div class='ocr_carea' id='block_1_76' title="bbox 1070 1509 1853 1546">
    <p class='ocr_par' dir='ltr' id='par_1_76' title="bbox 1070 1509 1853 1546">
     <span class='ocr_line' id='line_1_76' title="bbox 1070 1509 1853 1546; baseline 0.003 -10"><span class='ocrx_word' id='word_1_538' title='bbox 1070 1519 1134 1541; x_wconf 85' lang='grc' dir='ltr'>σους</span> <span class='ocrx_word' id='word_1_539' title='bbox 1149 1509 1296 1545; x_wconf 74' lang='grc' dir='ltr'>ἐνέπλησε.</span> <span class='ocrx_word' id='word_1_540' title='bbox 1317 1519 1326 1535; x_wconf 75' lang='grc' dir='ltr'><strong>ι</strong></span> <span class='ocrx_word' id='word_1_541' title='bbox 1346 1511 1388 1544; x_wconf 83' lang='grc' dir='ltr'>Μὴ</span> <span class='ocrx_word' id='word_1_542' title='bbox 1414 1511 1563 1546; x_wconf 81' lang='grc' dir='ltr'>δειλιάσῃς,</span> <span class='ocrx_word' id='word_1_543' title='bbox 1585 1511 1669 1538; x_wconf 76' lang='grc' dir='ltr'>εἰπών</span> <span class='ocrx_word' id='word_1_544' title='bbox 1689 1519 1696 1526; x_wconf 88' lang='grc'><strong>·</strong></span> <span class='ocrx_word' id='word_1_545' title='bbox 1721 1510 1776 1544; x_wconf 73' lang='grc' dir='ltr'><strong>ἐγὼ</strong></span> <span class='ocrx_word' id='word_1_546' title='bbox 1798 1510 1853 1546; x_wconf 77' lang='grc' dir='ltr'>γάρ</span> 
     </span>
    </p>
   </div>
   <div class='ocr_carea' id='block_1_77' title="bbox 1072 1557 1853 1592">
    <p class='ocr_par' dir='ltr' id='par_1_77' title="bbox 1072 1557 1853 1592">
     <span class='ocr_line' id='line_1_77' title="bbox 1072 1557 1853 1592; baseline 0.001 -10"><span class='ocrx_word' id='word_1_547' title='bbox 1072 1558 1128 1590; x_wconf 86' lang='grc' dir='ltr'>εἰμι</span> <span class='ocrx_word' id='word_1_548' title='bbox 1143 1557 1213 1591; x_wconf 86' lang='grc' dir='ltr'>μετὰ</span> <span class='ocrx_word' id='word_1_549' title='bbox 1227 1557 1273 1583; x_wconf 87' lang='grc' dir='ltr'><strong>σοῦ</strong></span> <span class='ocrx_word' id='word_1_550' title='bbox 1292 1557 1339 1583; x_wconf 73' lang='grc' dir='ltr'>καὶ</span> <span class='ocrx_word' id='word_1_551' title='bbox 1353 1557 1384 1583; x_wconf 81' lang='grc' dir='ltr'>οὐ</span> <span class='ocrx_word' id='word_1_552' title='bbox 1400 1557 1437 1592; x_wconf 86' lang='grc' dir='ltr'>μή</span> <span class='ocrx_word' id='word_1_553' title='bbox 1457 1565 1503 1583; x_wconf 88' lang='grc' dir='ltr'><strong>σου</strong></span> <span class='ocrx_word' id='word_1_554' title='bbox 1522 1557 1624 1592; x_wconf 67' lang='grc' dir='ltr'>ἅψηται</span> <span class='ocrx_word' id='word_1_555' title='bbox 1643 1557 1769 1591; x_wconf 76' lang='grc' dir='ltr'>βάσανος,</span> <span class='ocrx_word' id='word_1_556' title='bbox 1783 1557 1853 1583; x_wconf 78' lang='grc' dir='ltr'>ἀλλὰ</span> 
     </span>
    </p>
   </div>
   <div class='ocr_carea' id='block_1_78' title="bbox 1069 1603 1853 1639">
    <p class='ocr_par' dir='ltr' id='par_1_78' title="bbox 1069 1603 1853 1639">
     <span class='ocr_line' id='line_1_78' title="bbox 1069 1603 1853 1639; baseline 0.001 -10"><span class='ocrx_word' id='word_1_557' title='bbox 1069 1603 1183 1635; x_wconf 80' lang='grc' dir='ltr'>πολλοὺς</span> <span class='ocrx_word' id='word_1_558' title='bbox 1196 1603 1240 1630; x_wconf 80' lang='grc' dir='ltr'>διὰ</span> <span class='ocrx_word' id='word_1_559' title='bbox 1251 1604 1301 1637; x_wconf 85' lang='grc' dir='ltr'>τῆς</span> <span class='ocrx_word' id='word_1_560' title='bbox 1316 1604 1419 1635; x_wconf 70' lang='grc' dir='ltr'>οἰκείας</span> <span class='ocrx_word' id='word_1_561' title='bbox 1455 1604 1594 1638; x_wconf 84' lang='grc' dir='ltr'><strong>ὑπομονῆς</strong></span> <span class='ocrx_word' id='word_1_562' title='bbox 1613 1603 1652 1639; x_wconf 86' lang='grc' dir='ltr'>τῷ</span> <span class='ocrx_word' id='word_1_563' title='bbox 1674 1604 1733 1639; x_wconf 79' lang='grc' dir='ltr'>ἐμῷ</span> <span class='ocrx_word' id='word_1_564' title='bbox 1767 1612 1853 1639; x_wconf 83' lang='grc' dir='ltr'>προσ-</span> 
     </span>
    </p>
   </div>
   <div class='ocr_carea' id='block_1_79' title="bbox 1070 1649 1854 1687">
    <p class='ocr_par' dir='ltr' id='par_1_79' title="bbox 1070 1649 1854 1687">
     <span class='ocr_line' id='line_1_79' title="bbox 1070 1649 1854 1687; baseline 0 -9"><span class='ocrx_word' id='word_1_565' title='bbox 1070 1650 1213 1685; x_wconf 79' lang='grc' dir='ltr'>αγαγοῦσα</span> <span class='ocrx_word' id='word_1_566' title='bbox 1225 1650 1340 1685; x_wconf 78' lang='grc' dir='ltr'>ὀνόματι</span> <span class='ocrx_word' id='word_1_567' title='bbox 1360 1649 1466 1676; x_wconf 82' lang='grc' dir='ltr'>πολλῶν</span> <span class='ocrx_word' id='word_1_568' title='bbox 1478 1650 1620 1687; x_wconf 78' lang='grc' dir='ltr'>ἁξιωθήσῃ</span> <span class='ocrx_word' id='word_1_569' title='bbox 1646 1653 1693 1678; x_wconf 79' lang='grc' dir='ltr'>καὶ</span> <span class='ocrx_word' id='word_1_570' title='bbox 1713 1651 1769 1677; x_wconf 83' lang='grc' dir='ltr'><strong>τῶν</strong></span> <span class='ocrx_word' id='word_1_571' title='bbox 1792 1659 1854 1678; x_wconf 78' lang='grc' dir='ltr'>στι-</span> 
     </span>
    </p>
   </div>
   <div class='ocr_carea' id='block_1_80' title="bbox 1070 1698 1202 1732">
    <p class='ocr_par' dir='ltr' id='par_1_80' title="bbox 1070 1698 1202 1732">
     <span class='ocr_line' id='line_1_80' title="bbox 1070 1698 1202 1732; baseline 0.008 -10"><span class='ocrx_word' id='word_1_572' title='bbox 1070 1698 1172 1732; x_wconf 75' lang='grc' dir='ltr'>φᾱινων.</span> <span class='ocrx_word' id='word_1_573' title='bbox 1193 1707 1202 1723; x_wconf 76' lang='grc' dir='ltr'><strong>ι</strong></span> 
     </span>
    </p>
   </div>
   <div class='ocr_carea' id='block_1_81' title="bbox 1107 1741 1853 1779">
    <p class='ocr_par' dir='ltr' id='par_1_81' title="bbox 1107 1741 1853 1779">
     <span class='ocr_line' id='line_1_81' title="bbox 1107 1741 1853 1779; baseline 0.003 -11"><span class='ocrx_word' id='word_1_574' title='bbox 1107 1741 1160 1768; x_wconf 75' lang='grc' dir='ltr'><strong>ιη’.</strong></span> <span class='ocrx_word' id='word_1_575' title='bbox 1175 1742 1267 1769; x_wconf 81' lang='grc' dir='ltr'>Ταῦτα</span> <span class='ocrx_word' id='word_1_576' title='bbox 1281 1742 1353 1769; x_wconf 76' lang='grc' dir='ltr'>κατὰ</span> <span class='ocrx_word' id='word_1_577' title='bbox 1364 1742 1414 1777; x_wconf 81' lang='grc' dir='ltr'>τὴν</span> <span class='ocrx_word' id='word_1_578' title='bbox 1429 1743 1587 1770; x_wconf 78' lang='grc' dir='ltr'>τελευταίαν</span> <span class='ocrx_word' id='word_1_579' title='bbox 1603 1745 1688 1770; x_wconf 83' lang='grc' dir='ltr'>νύκτα</span> <span class='ocrx_word' id='word_1_580' title='bbox 1713 1744 1760 1770; x_wconf 83' lang='grc' dir='ltr'><strong>του</strong></span> <span class='ocrx_word' id='word_1_581' title='bbox 1784 1744 1853 1779; x_wconf 88' lang='grc' dir='ltr'>Χρι-</span> 
     </span>
    </p>
   </div>
   <div class='ocr_carea' id='block_1_82' title="bbox 1073 1786 1852 1822">
    <p class='ocr_par' dir='ltr' id='par_1_82' title="bbox 1073 1786 1852 1822">
     <span class='ocr_line' id='line_1_82' title="bbox 1073 1786 1852 1822; baseline 0.004 -10"><span class='ocrx_word' id='word_1_582' title='bbox 1073 1786 1136 1813; x_wconf 85' lang='grc' dir='ltr'>στοῦ</span> <span class='ocrx_word' id='word_1_583' title='bbox 1162 1788 1378 1822; x_wconf 74' lang='grc' dir='ltr'>ἐπισκήψαντος,</span> <span class='ocrx_word' id='word_1_584' title='bbox 1404 1788 1489 1814; x_wconf 75' lang='grc' dir='ltr'>ἕωθεν</span> <span class='ocrx_word' id='word_1_585' title='bbox 1520 1789 1534 1815; x_wconf 85' lang='grc' dir='ltr'><strong>ὁ</strong></span> <span class='ocrx_word' id='word_1_586' title='bbox 1561 1788 1711 1821; x_wconf 79' lang='grc' dir='ltr'>Μαξέντιος</span> <span class='ocrx_word' id='word_1_587' title='bbox 1735 1789 1782 1815; x_wconf 74' lang='grc' dir='ltr'><strong>ἐπὶ</strong></span> <span class='ocrx_word' id='word_1_588' title='bbox 1803 1788 1852 1815; x_wconf 81' lang='grc' dir='ltr'><strong>τοῦ</strong></span> 
     </span>
    </p>
   </div>
   <div class='ocr_carea' id='block_1_83' title="bbox 1072 1831 1854 1870">
    <p class='ocr_par' dir='ltr' id='par_1_83' title="bbox 1072 1831 1854 1870">
     <span class='ocr_line' id='line_1_83' title="bbox 1072 1831 1854 1870; baseline 0.004 -13"><span class='ocrx_word' id='word_1_589' title='bbox 1072 1831 1194 1866; x_wconf 80' lang='grc' dir='ltr'>βήματος</span> <span class='ocrx_word' id='word_1_590' title='bbox 1213 1832 1402 1867; x_wconf 75' lang='grc' dir='ltr'>προκαθίσας,</span> <span class='ocrx_word' id='word_1_591' title='bbox 1419 1833 1537 1867; x_wconf 82' lang='grc' dir='ltr'>ἀχθῆναι</span> <span class='ocrx_word' id='word_1_592' title='bbox 1560 1833 1668 1860; x_wconf 79' lang='grc' dir='ltr'>κελεύει</span> <span class='ocrx_word' id='word_1_593' title='bbox 1692 1834 1742 1870; x_wconf 82' lang='grc' dir='ltr'>τὴν</span> <span class='ocrx_word' id='word_1_594' title='bbox 1766 1843 1854 1868; x_wconf 82' lang='grc' dir='ltr'>μακα-</span> 
     </span>
    </p>
   </div>
   <div class='ocr_carea' id='block_1_84' title="bbox 1074 1878 1855 1916">
    <p class='ocr_par' dir='ltr' id='par_1_84' title="bbox 1074 1878 1855 1916">
     <span class='ocr_line' id='line_1_84' title="bbox 1074 1878 1855 1916; baseline 0.005 -13"><span class='ocrx_word' id='word_1_595' title='bbox 1074 1878 1144 1912; x_wconf 90' lang='grc' dir='ltr'>ρίαν.</span> <span class='ocrx_word' id='word_1_596' title='bbox 1162 1879 1215 1904; x_wconf 81' lang='grc' dir='ltr'><strong>Καὶ</strong></span> <span class='ocrx_word' id='word_1_597' title='bbox 1234 1880 1400 1913; x_wconf 80' lang='grc' dir='ltr'>παραστᾶσα</span> <span class='ocrx_word' id='word_1_598' title='bbox 1420 1880 1436 1914; x_wconf 85' lang='grc' dir='ltr'>ὴ</span> <span class='ocrx_word' id='word_1_599' title='bbox 1455 1880 1559 1914; x_wconf 82' lang='grc' dir='ltr'>μάρτυς</span> <span class='ocrx_word' id='word_1_600' title='bbox 1572 1880 1639 1914; x_wconf 78' lang='grc' dir='ltr'>μετὰ</span> <span class='ocrx_word' id='word_1_601' title='bbox 1660 1880 1714 1907; x_wconf 86' lang='grc' dir='ltr'><strong>τῶν</strong></span> <span class='ocrx_word' id='word_1_602' title='bbox 1730 1889 1855 1916; x_wconf 78' lang='grc' dir='ltr'>πνευμα-</span> 
     </span>
    </p>
   </div>
   <div class='ocr_carea' id='block_1_85' title="bbox 1070 1923 1853 1962">
    <p class='ocr_par' dir='ltr' id='par_1_85' title="bbox 1070 1923 1853 1962">
     <span class='ocr_line' id='line_1_85' title="bbox 1070 1923 1853 1962; baseline 0.004 -13"><span class='ocrx_word' id='word_1_603' title='bbox 1070 1923 1154 1950; x_wconf 79' lang='grc' dir='ltr'>τικῶν</span> <span class='ocrx_word' id='word_1_604' title='bbox 1173 1924 1292 1959; x_wconf 85' lang='grc' dir='ltr'>χαρίτων</span> <span class='ocrx_word' id='word_1_605' title='bbox 1310 1926 1356 1950; x_wconf 66' lang='grc' dir='ltr'>καὶ</span> <span class='ocrx_word' id='word_1_606' title='bbox 1380 1925 1432 1959; x_wconf 73' lang='grc' dir='ltr'>τῆς</span> <span class='ocrx_word' id='word_1_607' title='bbox 1460 1926 1587 1960; x_wconf 74' lang='grc' dir='ltr'>γλυκείας</span> <span class='ocrx_word' id='word_1_608' title='bbox 1607 1926 1714 1961; x_wconf 86' lang='grc' dir='ltr'>ἐκείνης</span> <span class='ocrx_word' id='word_1_609' title='bbox 1740 1926 1853 1962; x_wconf 64' lang='grc' dir='ltr'>φαιδρό-</span> 
     </span>
    </p>
   </div>
   <div class='ocr_carea' id='block_1_86' title="bbox 1070 1970 1853 2010">
    <p class='ocr_par' dir='ltr' id='par_1_86' title="bbox 1070 1970 1853 2010">
     <span class='ocr_line' id='line_1_86' title="bbox 1070 1970 1853 2010; baseline 0.005 -14"><span class='ocrx_word' id='word_1_610' title='bbox 1070 1978 1160 2004; x_wconf 81' lang='grc' dir='ltr'>τητος,</span> <span class='ocrx_word' id='word_1_611' title='bbox 1174 1970 1211 2002; x_wconf 84' lang='grc' dir='ltr'>ὡς</span> <span class='ocrx_word' id='word_1_612' title='bbox 1227 1971 1274 1997; x_wconf 77' lang='grc' dir='ltr'><strong>καὶ</strong></span> <span class='ocrx_word' id='word_1_613' title='bbox 1286 1971 1384 2002; x_wconf 58' lang='grc' dir='ltr'>αὐτους</span> <span class='ocrx_word' id='word_1_614' title='bbox 1401 1972 1486 2007; x_wconf 84' lang='grc' dir='ltr'>δήπου</span> <span class='ocrx_word' id='word_1_615' title='bbox 1504 1973 1566 2004; x_wconf 77' lang='grc' dir='ltr'>τοὺς</span> <span class='ocrx_word' id='word_1_616' title='bbox 1583 1974 1722 2007; x_wconf 73' lang='grc' dir='ltr'>παρόντας</span> <span class='ocrx_word' id='word_1_617' title='bbox 1744 1974 1853 2010; x_wconf 66' lang='grc' dir='ltr'>καθαρᾷ</span> 
     </span>
    </p>
   </div>
   <div class='ocr_carea' id='block_1_87' title="bbox 1070 2016 1853 2054">
    <p class='ocr_par' dir='ltr' id='par_1_87' title="bbox 1070 2016 1853 2054">
     <span class='ocr_line' id='line_1_87' title="bbox 1070 2016 1853 2054; baseline 0.004 -12"><span class='ocrx_word' id='word_1_618' title='bbox 1070 2016 1256 2052; x_wconf 81' lang='grc' dir='ltr'>περιλάμπειν</span> <span class='ocrx_word' id='word_1_619' title='bbox 1274 2018 1307 2052; x_wconf 79' lang='grc' dir='ltr'>τῇ</span> <span class='ocrx_word' id='word_1_620' title='bbox 1335 2017 1428 2052; x_wconf 85' lang='grc' dir='ltr'>αίγλῃ,</span> <span class='ocrx_word' id='word_1_621' title='bbox 1454 2018 1546 2049; x_wconf 80' lang='grc' dir='ltr'>δεινῶς</span> <span class='ocrx_word' id='word_1_622' title='bbox 1571 2018 1641 2052; x_wconf 81' lang='grc' dir='ltr'>ἄγαν</span> <span class='ocrx_word' id='word_1_623' title='bbox 1666 2019 1853 2054; x_wconf 81' lang='grc' dir='ltr'>καταπλήττει</span> 
     </span>
    </p>
   </div>
   <div class='ocr_carea' id='block_1_88' title="bbox 1069 2062 1854 2099">
    <p class='ocr_par' dir='ltr' id='par_1_88' title="bbox 1069 2062 1854 2099">
     <span class='ocr_line' id='line_1_88' title="bbox 1069 2062 1854 2099; baseline 0.004 -11"><span class='ocrx_word' id='word_1_624' title='bbox 1069 2062 1114 2088; x_wconf 70' lang='grc' dir='ltr'><strong>τὸν</strong></span> <span class='ocrx_word' id='word_1_625' title='bbox 1133 2062 1258 2097; x_wconf 84' lang='grc' dir='ltr'>βασιλέα.</span> <span class='ocrx_word' id='word_1_626' title='bbox 1285 2064 1339 2088; x_wconf 81' lang='grc' dir='ltr'><strong>Καὶ</strong></span> <span class='ocrx_word' id='word_1_627' title='bbox 1354 2062 1434 2094; x_wconf 68' lang='grc' dir='ltr'>αὶτὺς</span> <span class='ocrx_word' id='word_1_628' title='bbox 1451 2063 1542 2095; x_wconf 71' lang='grc' dir='ltr'>εὐθὺς,</span> <span class='ocrx_word' id='word_1_629' title='bbox 1556 2063 1664 2098; x_wconf 82' lang='grc' dir='ltr'>ὑπούλῳ</span> <span class='ocrx_word' id='word_1_630' title='bbox 1679 2064 1718 2099; x_wconf 76' lang='grc' dir='ltr'>τῷ</span> <span class='ocrx_word' id='word_1_631' title='bbox 1730 2065 1790 2098; x_wconf 69' lang='lat' dir='ltr'><strong>ﬁliai</strong></span> <span class='ocrx_word' id='word_1_632' title='bbox 1806 2065 1854 2091; x_wconf 72' lang='grc' dir='ltr'>καὶ</span> 
     </span>
    </p>
   </div>
   <div class='ocr_carea' id='block_1_89' title="bbox 1070 2108 1853 2145">
    <p class='ocr_par' dir='ltr' id='par_1_89' title="bbox 1070 2108 1853 2145">
     <span class='ocr_line' id='line_1_89' title="bbox 1070 2108 1853 2145; baseline 0.008 -13"><span class='ocrx_word' id='word_1_633' title='bbox 1070 2108 1222 2142; x_wconf 79' lang='grc' dir='ltr'>περιέργῳ,</span> <span class='ocrx_word' id='word_1_634' title='bbox 1239 2108 1284 2133; x_wconf 75' lang='grc' dir='ltr'><strong>Σοὶ</strong></span> <span class='ocrx_word' id='word_1_635' title='bbox 1297 2108 1409 2142; x_wconf 78' lang='grc' dir='ltr'>πρέπει,</span> <span class='ocrx_word' id='word_1_636' title='bbox 1425 2109 1503 2143; x_wconf 73' lang='grc' dir='ltr'>φησὶ,</span> <span class='ocrx_word' id='word_1_637' title='bbox 1515 2109 1546 2135; x_wconf 79' lang='grc' dir='ltr'>τὸ</span> <span class='ocrx_word' id='word_1_638' title='bbox 1558 2108 1706 2143; x_wconf 85' lang='grc' dir='ltr'>βασίλειον,</span> <span class='ocrx_word' id='word_1_639' title='bbox 1721 2109 1853 2145; x_wconf 85' lang='grc' dir='ltr'>θύγατερ.</span> 
     </span>
    </p>
   </div>
   <div class='ocr_carea' id='block_1_90' title="bbox 1070 2152 1853 2190">
    <p class='ocr_par' dir='ltr' id='par_1_90' title="bbox 1070 2152 1853 2190">
     <span class='ocr_line' id='line_1_90' title="bbox 1070 2152 1853 2190; baseline 0.005 -12"><span class='ocrx_word' id='word_1_640' title='bbox 1070 2152 1156 2188; x_wconf 81' lang='grc' dir='ltr'>Δεῦρο</span> <span class='ocrx_word' id='word_1_641' title='bbox 1171 2154 1261 2179; x_wconf 80' lang='grc' dir='ltr'>τοίνυν</span> <span class='ocrx_word' id='word_1_642' title='bbox 1294 2153 1399 2179; x_wconf 75' lang='grc' dir='ltr'>θύσασα</span> <span class='ocrx_word' id='word_1_643' title='bbox 1416 2155 1471 2185; x_wconf 88' lang='grc' dir='ltr'>τοῖς</span> <span class='ocrx_word' id='word_1_644' title='bbox 1501 2154 1583 2188; x_wconf 83' lang='grc' dir='ltr'>θεοῖς,</span> <span class='ocrx_word' id='word_1_645' title='bbox 1615 2154 1774 2190; x_wconf 73' lang='grc' dir='ltr'>βασίλευσον</span> <span class='ocrx_word' id='word_1_646' title='bbox 1804 2157 1853 2182; x_wconf 74' lang='grc' dir='ltr'>σὺν</span> 
     </span>
    </p>
   </div>
   <div class='ocr_carea' id='block_1_91' title="bbox 233 2191 1015 2236">
    <p class='ocr_par' dir='ltr' id='par_1_91' title="bbox 233 2191 1015 2225">
     <span class='ocr_line' id='line_1_91' title="bbox 233 2191 1015 2225; baseline 0.001 -8"><span class='ocrx_word' id='word_1_647' title='bbox 233 2191 278 2218; x_wconf 80' lang='lat' dir='ltr'><strong>Illa</strong></span> <span class='ocrx_word' id='word_1_648' title='bbox 297 2196 389 2219; x_wconf 88' lang='lat' dir='ltr'><strong>autem</strong></span> <span class='ocrx_word' id='word_1_649' title='bbox 405 2200 413 2218; x_wconf 84' lang='lat'><strong>:</strong></span> <span class='ocrx_word' id='word_1_650' title='bbox 430 2191 489 2222; x_wconf 89' lang='lat' dir='ltr'><strong>Est,</strong></span> <span class='ocrx_word' id='word_1_651' title='bbox 507 2191 605 2225; x_wconf 88' lang='lat' dir='ltr'><strong>inquit,</strong></span> <span class='ocrx_word' id='word_1_652' title='bbox 630 2191 721 2217; x_wconf 88' lang='lat' dir='ltr'><strong>solum</strong></span> <span class='ocrx_word' id='word_1_653' title='bbox 750 2195 821 2218; x_wconf 87' lang='lat' dir='ltr'><strong>terra</strong></span> <span class='ocrx_word' id='word_1_654' title='bbox 838 2195 866 2218; x_wconf 86' lang='lat' dir='ltr'><strong>et</strong></span> <span class='ocrx_word' id='word_1_655' title='bbox 886 2191 973 2223; x_wconf 88' lang='lat' dir='ltr'><strong>cinis;</strong></span> <span class='ocrx_word' id='word_1_656' title='bbox 991 2195 1015 2218; x_wconf 91' lang='lat' dir='ltr'><strong>et</strong></span> 
     </span>
    </p>
   </div>
   <div class='ocr_carea' id='block_1_92' title="bbox 1068 2191 1854 2236">
    <p class='ocr_par' dir='ltr' id='par_1_92' title="bbox 1070 2199 1854 2236">
     <span class='ocr_line' id='line_1_92' title="bbox 1070 2199 1854 2236; baseline 0.008 -13"><span class='ocrx_word' id='word_1_657' title='bbox 1070 2199 1146 2232; x_wconf 82' lang='grc' dir='ltr'>ἡμῖν,</span> <span class='ocrx_word' id='word_1_658' title='bbox 1177 2199 1244 2234; x_wconf 80' lang='grc' dir='ltr'>μηδὲ</span> <span class='ocrx_word' id='word_1_659' title='bbox 1282 2199 1401 2235; x_wconf 72' lang='grc' dir='ltr'>θελήσῃς</span> <span class='ocrx_word' id='word_1_660' title='bbox 1429 2201 1589 2236; x_wconf 86' lang='grc' dir='ltr'>παρακαλῶ,</span> <span class='ocrx_word' id='word_1_661' title='bbox 1626 2202 1753 2236; x_wconf 74' lang='grc' dir='ltr'>βασάνοις</span> <span class='ocrx_word' id='word_1_662' title='bbox 1786 2203 1854 2229; x_wconf 80' lang='grc' dir='ltr'>ἀπο-</span> 
     </span>
    </p>
   </div>
   <div class='ocr_carea' id='block_1_93' title="bbox 234 2236 1018 2271">
    <p class='ocr_par' dir='ltr' id='par_1_93' title="bbox 234 2236 1018 2271">
     <span class='ocr_line' id='line_1_93' title="bbox 234 2236 1018 2271; baseline 0 -8"><span class='ocrx_word' id='word_1_663' title='bbox 234 2237 260 2263; x_wconf 87' lang='lat' dir='ltr'><strong>id</strong></span> <span class='ocrx_word' id='word_1_664' title='bbox 276 2237 324 2263; x_wconf 93' lang='lat' dir='ltr'><strong>tibi</strong></span> <span class='ocrx_word' id='word_1_665' title='bbox 340 2244 434 2264; x_wconf 83' lang='lat' dir='ltr'><strong>rursus</strong></span> <span class='ocrx_word' id='word_1_666' title='bbox 447 2237 518 2268; x_wconf 87' lang='lat' dir='ltr'><strong>dico,</strong></span> <span class='ocrx_word' id='word_1_667' title='bbox 534 2244 550 2263; x_wconf 93' lang='grc' dir='ltr'><strong>ο</strong></span> <span class='ocrx_word' id='word_1_668' title='bbox 563 2236 732 2271; x_wconf 80' lang='lat' dir='ltr'><strong>imperator:</strong></span> <span class='ocrx_word' id='word_1_669' title='bbox 753 2240 860 2271; x_wconf 88' lang='lat' dir='ltr'><strong>tempus</strong></span> <span class='ocrx_word' id='word_1_670' title='bbox 876 2244 941 2264; x_wconf 90' lang='lat' dir='ltr'><strong>vero</strong></span> <span class='ocrx_word' id='word_1_671' title='bbox 953 2237 1018 2264; x_wconf 80' lang='lat' dir='ltr'><strong>facit</strong></span> 
     </span>
    </p>
   </div>
   <div class='ocr_carea' id='block_1_94' title="bbox 232 2281 1019 2317">
    <p class='ocr_par' dir='ltr' id='par_1_94' title="bbox 232 2281 1019 2317">
     <span class='ocr_line' id='line_1_94' title="bbox 232 2281 1019 2317; baseline 0.003 -11"><span class='ocrx_word' id='word_1_672' title='bbox 232 2288 292 2307; x_wconf 91' lang='lat' dir='ltr'><strong>eam</strong></span> <span class='ocrx_word' id='word_1_673' title='bbox 314 2281 496 2312; x_wconf 79' lang='lat' dir='ltr'><strong>cﬂlorescere,</strong></span> <span class='ocrx_word' id='word_1_674' title='bbox 513 2286 540 2308; x_wconf 92' lang='lat' dir='ltr'><strong>ct</strong></span> <span class='ocrx_word' id='word_1_675' title='bbox 555 2282 668 2308; x_wconf 86' lang='lat' dir='ltr'><strong>morbus</strong></span> <span class='ocrx_word' id='word_1_676' title='bbox 682 2282 821 2312; x_wconf 80' lang='lat' dir='ltr'><strong>tabefacit,</strong></span> <span class='ocrx_word' id='word_1_677' title='bbox 841 2287 871 2308; x_wconf 94' lang='lat' dir='ltr'><strong>ut</strong></span> <span class='ocrx_word' id='word_1_678' title='bbox 892 2289 952 2317; x_wconf 74' lang='lat' dir='ltr'><strong>quae</strong></span> <span class='ocrx_word' id='word_1_679' title='bbox 978 2283 1019 2309; x_wconf 90' lang='lat' dir='ltr'><strong>iii-</strong></span> 
     </span>
    </p>
   </div>
   <div class='ocr_carea' id='block_1_95' title="bbox 234 2325 1017 2357">
    <p class='ocr_par' dir='ltr' id='par_1_95' title="bbox 234 2325 1017 2357">
     <span class='ocr_line' id='line_1_95' title="bbox 234 2325 1017 2357; baseline 0.004 -4"><span class='ocrx_word' id='word_1_680' title='bbox 234 2326 272 2354; x_wconf 86' lang='lat' dir='ltr'><strong>hil</strong></span> <span class='ocrx_word' id='word_1_681' title='bbox 297 2325 406 2352; x_wconf 82' lang='lat' dir='ltr'><strong>Iirmum</strong></span> <span class='ocrx_word' id='word_1_682' title='bbox 431 2326 540 2357; x_wconf 83' lang='lat' dir='ltr'><strong>habeat,</strong></span> <span class='ocrx_word' id='word_1_683' title='bbox 567 2335 618 2353; x_wconf 76' lang='lat' dir='ltr'><strong>nec</strong></span> <span class='ocrx_word' id='word_1_684' title='bbox 657 2327 764 2354; x_wconf 84' lang='lat' dir='ltr'><strong>stabile.</strong></span> <span class='ocrx_word' id='word_1_685' title='bbox 789 2327 900 2355; x_wconf 85' lang='lat' dir='ltr'><strong>Interim</strong></span> <span class='ocrx_word' id='word_1_686' title='bbox 925 2333 1017 2356; x_wconf 85' lang='lat' dir='ltr'><strong>autem</strong></span> 
     </span>
    </p>
   </div>
   <div class='ocr_carea' id='block_1_96' title="bbox 233 2371 1016 2407">
    <p class='ocr_par' dir='ltr' id='par_1_96' title="bbox 233 2371 1016 2407">
     <span class='ocr_line' id='line_1_96' title="bbox 233 2371 1016 2407; baseline 0.004 -9"><span class='ocrx_word' id='word_1_687' title='bbox 233 2372 300 2400; x_wconf 89' lang='lat' dir='ltr'><strong>dum</strong></span> <span class='ocrx_word' id='word_1_688' title='bbox 322 2376 424 2406; x_wconf 87' lang='lat' dir='ltr'><strong>martyr</strong></span> <span class='ocrx_word' id='word_1_689' title='bbox 450 2372 508 2398; x_wconf 67' lang='lat' dir='ltr'><strong>haec</strong></span> <span class='ocrx_word' id='word_1_690' title='bbox 535 2371 560 2398; x_wconf 91' lang='lat' dir='ltr'><strong>ei</strong></span> <span class='ocrx_word' id='word_1_691' title='bbox 589 2371 701 2405; x_wconf 84' lang='lat' dir='ltr'><strong>diceret,</strong></span> <span class='ocrx_word' id='word_1_692' title='bbox 726 2373 836 2407; x_wconf 83' lang='lat' dir='ltr'><strong>quidam</strong></span> <span class='ocrx_word' id='word_1_693' title='bbox 861 2373 1016 2407; x_wconf 72' lang='lat' dir='ltr'><strong>prmfectus.</strong></span> 
     </span>
    </p>
   </div>
   <div class='ocr_carea' id='block_1_97' title="bbox 235 2416 1019 2454">
    <p class='ocr_par' dir='ltr' id='par_1_97' title="bbox 235 2416 1019 2454">
     <span class='ocr_line' id='line_1_97' title="bbox 235 2416 1019 2454; baseline 0.004 -11"><span class='ocrx_word' id='word_1_694' title='bbox 235 2417 344 2443; x_wconf 89' lang='lat' dir='ltr'><strong>nomine</strong></span> <span class='ocrx_word' id='word_1_695' title='bbox 359 2416 570 2447; x_wconf 79' lang='lat' dir='ltr'><strong>Chursasadeiii,</strong></span> <span class='ocrx_word' id='word_1_696' title='bbox 583 2417 655 2443; x_wconf 87' lang='lat' dir='ltr'><strong>acris</strong></span> <span class='ocrx_word' id='word_1_697' title='bbox 667 2417 778 2451; x_wconf 88' lang='lat' dir='ltr'><strong>quidem</strong></span> <span class='ocrx_word' id='word_1_698' title='bbox 791 2420 824 2445; x_wconf 81' lang='lat' dir='ltr'><strong>ad</strong></span> <span class='ocrx_word' id='word_1_699' title='bbox 839 2418 917 2451; x_wconf 89' lang='lat' dir='ltr'><strong>iram,</strong></span> <span class='ocrx_word' id='word_1_700' title='bbox 931 2427 1019 2454; x_wconf 90' lang='lat' dir='ltr'><strong>prom-</strong></span> 
     </span>
    </p>
   </div>
   <div class='ocr_carea' id='block_1_98' title="bbox 234 2461 1019 2497">
    <p class='ocr_par' dir='ltr' id='par_1_98' title="bbox 234 2461 1019 2497">
     <span class='ocr_line' id='line_1_98' title="bbox 234 2461 1019 2497; baseline 0.003 -7"><span class='ocrx_word' id='word_1_701' title='bbox 234 2467 297 2497; x_wconf 85' lang='lat' dir='ltr'><strong>ptus</strong></span> <span class='ocrx_word' id='word_1_702' title='bbox 311 2466 403 2489; x_wconf 87' lang='lat' dir='ltr'><strong>autem</strong></span> <span class='ocrx_word' id='word_1_703' title='bbox 419 2466 447 2488; x_wconf 89' lang='lat' dir='ltr'><strong>et</strong></span> <span class='ocrx_word' id='word_1_704' title='bbox 461 2461 619 2495; x_wconf 81' lang='lat' dir='ltr'><strong>ingeniosus</strong></span> <span class='ocrx_word' id='word_1_705' title='bbox 633 2463 666 2489; x_wconf 88' lang='lat' dir='ltr'><strong>ad</strong></span> <span class='ocrx_word' id='word_1_706' title='bbox 682 2463 865 2497; x_wconf 88' lang='lat' dir='ltr'><strong>puniendum.</strong></span> <span class='ocrx_word' id='word_1_707' title='bbox 884 2473 946 2492; x_wconf 88' lang='lat' dir='ltr'><strong>cuni</strong></span> <span class='ocrx_word' id='word_1_708' title='bbox 960 2465 1019 2493; x_wconf 59' lang='lat' dir='ltr'><strong>haec</strong></span> 
     </span>
    </p>
   </div>
   <div class='ocr_carea' id='block_1_99' title="bbox 234 2507 1018 2548">
    <p class='ocr_par' dir='ltr' id='par_1_99' title="bbox 234 2507 1018 2548">
     <span class='ocr_line' id='line_1_99' title="bbox 234 2507 1018 2548; baseline 0.005 -13"><span class='ocrx_word' id='word_1_709' title='bbox 234 2509 351 2541; x_wconf 84' lang='lat' dir='ltr'><strong>audiret,</strong></span> <span class='ocrx_word' id='word_1_710' title='bbox 370 2508 469 2543; x_wconf 87' lang='lat' dir='ltr'><strong>partim</strong></span> <span class='ocrx_word' id='word_1_711' title='bbox 494 2507 590 2534; x_wconf 86' lang='lat' dir='ltr'><strong>doletis</strong></span> <span class='ocrx_word' id='word_1_712' title='bbox 613 2508 699 2535; x_wconf 91' lang='lat' dir='ltr'><strong>vicem</strong></span> <span class='ocrx_word' id='word_1_713' title='bbox 714 2509 839 2538; x_wconf 80' lang='lat' dir='ltr'><strong>Maxentii</strong></span> <span class='ocrx_word' id='word_1_714' title='bbox 852 2511 1018 2548; x_wconf 72' lang='lat' dir='ltr'><strong>[Maximini]</strong></span> 
     </span>
    </p>
   </div>
   <div class='ocr_carea' id='block_1_100' title="bbox 234 2554 1018 2591">
    <p class='ocr_par' dir='ltr' id='par_1_100' title="bbox 234 2554 1018 2591">
     <span class='ocr_line' id='line_1_100' title="bbox 234 2554 1018 2591; baseline 0.006 -10"><span class='ocrx_word' id='word_1_715' title='bbox 234 2555 331 2589; x_wconf 79' lang='lat' dir='ltr'><strong>partim</strong></span> <span class='ocrx_word' id='word_1_716' title='bbox 348 2560 439 2581; x_wconf 89' lang='lat' dir='ltr'><strong>autem</strong></span> <span class='ocrx_word' id='word_1_717' title='bbox 456 2562 513 2581; x_wconf 79' lang='lat' dir='ltr'><strong>sua:</strong></span> <span class='ocrx_word' id='word_1_718' title='bbox 529 2554 723 2582; x_wconf 66' lang='lat' dir='ltr'><strong>benevolentia:</strong></span> <span class='ocrx_word' id='word_1_719' title='bbox 732 2555 798 2583; x_wconf 87' lang='lat' dir='ltr'><strong>dans</strong></span> <span class='ocrx_word' id='word_1_720' title='bbox 812 2558 1018 2591; x_wconf 80' lang='lat' dir='ltr'><strong>experientiam,</strong></span> 
     </span>
    </p>
   </div>
   <div class='ocr_carea' id='block_1_101' title="bbox 234 2599 1018 2638">
    <p class='ocr_par' dir='ltr' id='par_1_101' title="bbox 234 2599 1018 2638">
     <span class='ocr_line' id='line_1_101' title="bbox 234 2599 1018 2638; baseline 0.006 -13"><span class='ocrx_word' id='word_1_721' title='bbox 234 2606 336 2625; x_wconf 86' lang='lat' dir='ltr'><strong>cumse</strong></span> <span class='ocrx_word' id='word_1_722' title='bbox 350 2607 433 2633; x_wconf 86' lang='lat' dir='ltr'><strong>parvo</strong></span> <span class='ocrx_word' id='word_1_723' title='bbox 453 2603 578 2633; x_wconf 89' lang='lat' dir='ltr'><strong>tempore</strong></span> <span class='ocrx_word' id='word_1_724' title='bbox 593 2599 777 2633; x_wconf 86' lang='lat' dir='ltr'><strong>sustinuisset,</strong></span> <span class='ocrx_word' id='word_1_725' title='bbox 795 2605 923 2636; x_wconf 88' lang='lat' dir='ltr'><strong>tanquam</strong></span> <span class='ocrx_word' id='word_1_726' title='bbox 946 2603 1018 2638; x_wconf 88' lang='lat' dir='ltr'><strong>apud</strong></span> 
     </span>
    </p>
   </div>
   <div class='ocr_carea' id='block_1_102' title="bbox 234 2643 1019 2681">
    <p class='ocr_par' dir='ltr' id='par_1_102' title="bbox 234 2643 1019 2681">
     <span class='ocr_line' id='line_1_102' title="bbox 234 2643 1019 2681; baseline 0.008 -12"><span class='ocrx_word' id='word_1_727' title='bbox 234 2651 262 2670; x_wconf 81' lang='lat' dir='ltr'><strong>se</strong></span> <span class='ocrx_word' id='word_1_728' title='bbox 279 2644 415 2670; x_wconf 60' lang='lat' dir='ltr'><strong>meditans</strong></span> <span class='ocrx_word' id='word_1_729' title='bbox 428 2648 456 2670; x_wconf 87' lang='lat' dir='ltr'><strong>et</strong></span> <span class='ocrx_word' id='word_1_730' title='bbox 471 2643 626 2678; x_wconf 89' lang='lat' dir='ltr'><strong>inquirens,</strong></span> <span class='ocrx_word' id='word_1_731' title='bbox 649 2644 737 2672; x_wconf 81' lang='lat' dir='ltr'><strong>dixit:</strong></span> <span class='ocrx_word' id='word_1_732' title='bbox 764 2646 821 2681; x_wconf 78' lang='lat' dir='ltr'><strong>Ego</strong></span> <span class='ocrx_word' id='word_1_733' title='bbox 834 2647 895 2680; x_wconf 92' lang='lat' dir='ltr'><strong>tibi,</strong></span> <span class='ocrx_word' id='word_1_734' title='bbox 921 2655 937 2675; x_wconf 90' lang='grc' dir='ltr'><strong>ο</strong></span> <span class='ocrx_word' id='word_1_735' title='bbox 968 2649 1019 2675; x_wconf 95' lang='lat' dir='ltr'><strong>iiii-</strong></span> 
     </span>
    </p>
   </div>
   <div class='ocr_carea' id='block_1_103' title="bbox 235 2692 1018 2731">
    <p class='ocr_par' dir='ltr' id='par_1_103' title="bbox 235 2692 1018 2731">
     <span class='ocr_line' id='line_1_103' title="bbox 235 2692 1018 2731; baseline 0.009 -15"><span class='ocrx_word' id='word_1_736' title='bbox 235 2693 356 2724; x_wconf 81' lang='lat' dir='ltr'><strong>pcrator,</strong></span> <span class='ocrx_word' id='word_1_737' title='bbox 377 2697 430 2717; x_wconf 93' lang='lat' dir='ltr'><strong>non</strong></span> <span class='ocrx_word' id='word_1_738' title='bbox 460 2698 542 2725; x_wconf 86' lang='lat' dir='ltr'><strong>parva</strong></span> <span class='ocrx_word' id='word_1_739' title='bbox 570 2699 636 2719; x_wconf 87' lang='lat' dir='ltr'><strong>cura</strong></span> <span class='ocrx_word' id='word_1_740' title='bbox 663 2692 797 2727; x_wconf 86' lang='lat' dir='ltr'><strong>adhibita,</strong></span> <span class='ocrx_word' id='word_1_741' title='bbox 830 2694 933 2728; x_wconf 88' lang='lat' dir='ltr'><strong>inveni,</strong></span> <span class='ocrx_word' id='word_1_742' title='bbox 951 2704 1018 2731; x_wconf 91' lang='lat' dir='ltr'><strong>quo-</strong></span> 
     </span>
    </p>
   </div>
   <div class='ocr_carea' id='block_1_104' title="bbox 235 2734 1019 2777">
    <p class='ocr_par' dir='ltr' id='par_1_104' title="bbox 235 2734 1019 2777">
     <span class='ocr_line' id='line_1_104' title="bbox 235 2734 1019 2777; baseline 0.011 -17"><span class='ocrx_word' id='word_1_743' title='bbox 235 2734 318 2762; x_wconf 86' lang='lat' dir='ltr'><strong>inudo</strong></span> <span class='ocrx_word' id='word_1_744' title='bbox 336 2736 424 2769; x_wconf 90' lang='lat' dir='ltr'><strong>possis</strong></span> <span class='ocrx_word' id='word_1_745' title='bbox 440 2736 481 2763; x_wconf 89' lang='lat' dir='ltr'><strong>vel</strong></span> <span class='ocrx_word' id='word_1_746' title='bbox 498 2737 523 2763; x_wconf 90' lang='lat' dir='ltr'><strong>ei</strong></span> <span class='ocrx_word' id='word_1_747' title='bbox 545 2737 599 2764; x_wconf 87' lang='lat' dir='ltr'><strong>cito</strong></span> <span class='ocrx_word' id='word_1_748' title='bbox 617 2739 794 2773; x_wconf 84' lang='lat' dir='ltr'><strong>persuadere,</strong></span> <span class='ocrx_word' id='word_1_749' title='bbox 813 2741 856 2767; x_wconf 90' lang='lat' dir='ltr'><strong>vel</strong></span> <span class='ocrx_word' id='word_1_750' title='bbox 868 2749 936 2776; x_wconf 59' lang='lat' dir='ltr'><strong>,eam</strong></span> <span class='ocrx_word' id='word_1_751' title='bbox 955 2750 1019 2777; x_wconf 87' lang='lat' dir='ltr'><strong>per-</strong></span> 
     </span>
    </p>
   </div>
   <div class='ocr_carea' id='block_1_105' title="bbox 233 2780 1019 2819">
    <p class='ocr_par' dir='ltr' id='par_1_105' title="bbox 233 2780 1019 2819">
     <span class='ocr_line' id='line_1_105' title="bbox 233 2780 1019 2819; baseline 0.014 -14"><span class='ocrx_word' id='word_1_752' title='bbox 233 2780 310 2806; x_wconf 89' lang='lat' dir='ltr'><strong>dere.</strong></span> <span class='ocrx_word' id='word_1_753' title='bbox 329 2780 428 2808; x_wconf 84' lang='lat' dir='ltr'><strong>Modus</strong></span> <span class='ocrx_word' id='word_1_754' title='bbox 442 2787 589 2811; x_wconf 83' lang='lat' dir='ltr'><strong>autemest</strong></span> <span class='ocrx_word' id='word_1_755' title='bbox 609 2784 765 2819; x_wconf 84' lang='lat' dir='ltr'><strong>ejusmodi:</strong></span> <span class='ocrx_word' id='word_1_756' title='bbox 793 2786 863 2814; x_wconf 81' lang='lat' dir='ltr'><strong>Jube</strong></span> <span class='ocrx_word' id='word_1_757' title='bbox 887 2788 938 2815; x_wconf 92' lang='lat' dir='ltr'><strong>sub</strong></span> <span class='ocrx_word' id='word_1_758' title='bbox 966 2796 1019 2815; x_wconf 82' lang='lat' dir='ltr'><strong>una</strong></span> 
     </span>
    </p>
   </div>
   <div class='ocr_carea' id='block_1_106' title="bbox 233 2827 1019 2870">
    <p class='ocr_par' dir='ltr' id='par_1_106' title="bbox 233 2827 1019 2870">
     <span class='ocr_line' id='line_1_106' title="bbox 233 2827 1019 2870; baseline 0.013 -16"><span class='ocrx_word' id='word_1_759' title='bbox 233 2827 315 2855; x_wconf 78' lang='lat' dir='ltr'><strong>nbula</strong></span> <span class='ocrx_word' id='word_1_760' title='bbox 332 2827 389 2856; x_wconf 87' lang='lat' dir='ltr'><strong>tieri</strong></span> <span class='ocrx_word' id='word_1_761' title='bbox 421 2835 539 2865; x_wconf 83' lang='lat' dir='ltr'><strong>quatuor</strong></span> <span class='ocrx_word' id='word_1_762' title='bbox 556 2836 638 2867; x_wconf 83' lang='lat' dir='ltr'><strong>rotas,</strong></span> <span class='ocrx_word' id='word_1_763' title='bbox 661 2838 688 2861; x_wconf 93' lang='lat' dir='ltr'><strong>et</strong></span> <span class='ocrx_word' id='word_1_764' title='bbox 709 2834 857 2870; x_wconf 88' lang='lat' dir='ltr'><strong>unicuique</strong></span> <span class='ocrx_word' id='word_1_765' title='bbox 884 2840 951 2863; x_wconf 75' lang='lat' dir='ltr'><strong>rotie</strong></span> <span class='ocrx_word' id='word_1_766' title='bbox 976 2836 1019 2864; x_wconf 92' lang='lat' dir='ltr'><strong>in-</strong></span> 
     </span>
    </p>
   </div>
   <div class='ocr_carea' id='block_1_107' title="bbox 1071 2243 1853 2282">
    <p class='ocr_par' dir='ltr' id='par_1_107' title="bbox 1071 2243 1853 2282">
     <span class='ocr_line' id='line_1_107' title="bbox 1071 2243 1853 2282; baseline 0.008 -13"><span class='ocrx_word' id='word_1_767' title='bbox 1071 2243 1166 2270; x_wconf 86' lang='grc' dir='ltr'>λέσθαι</span> <span class='ocrx_word' id='word_1_768' title='bbox 1181 2245 1316 2279; x_wconf 81' lang='grc' dir='ltr'>τοσαύτην</span> <span class='ocrx_word' id='word_1_769' title='bbox 1331 2245 1417 2279; x_wconf 67' lang='grc' dir='ltr'>ὖψεως</span> <span class='ocrx_word' id='word_1_770' title='bbox 1430 2245 1596 2280; x_wconf 82' lang='grc' dir='ltr'>ὡραιότητα.</span> <span class='ocrx_word' id='word_1_771' title='bbox 1620 2247 1652 2272; x_wconf 84' lang='grc' dir='ltr'><strong>Ἡ</strong></span> <span class='ocrx_word' id='word_1_772' title='bbox 1662 2247 1701 2280; x_wconf 74' lang='grc' dir='ltr'>δὲ,</span> <span class='ocrx_word' id='word_1_773' title='bbox 1720 2247 1757 2282; x_wconf 86' lang='grc' dir='ltr'><strong>Γῆ</strong></span> <span class='ocrx_word' id='word_1_774' title='bbox 1772 2247 1853 2282; x_wconf 88' lang='grc' dir='ltr'>μόνον</span> 
     </span>
    </p>
   </div>
   <div class='ocr_carea' id='block_1_108' title="bbox 1072 2288 1852 2327">
    <p class='ocr_par' dir='ltr' id='par_1_108' title="bbox 1072 2288 1852 2327">
     <span class='ocr_line' id='line_1_108' title="bbox 1072 2288 1852 2327; baseline 0.008 -13"><span class='ocrx_word' id='word_1_775' title='bbox 1072 2289 1156 2320; x_wconf 71' lang='grc' dir='ltr'>ἐστὶν,</span> <span class='ocrx_word' id='word_1_776' title='bbox 1175 2288 1248 2321; x_wconf 86' lang='grc' dir='ltr'>εἷπε,</span> <span class='ocrx_word' id='word_1_777' title='bbox 1265 2290 1312 2316; x_wconf 72' lang='grc' dir='ltr'>καὶ</span> <span class='ocrx_word' id='word_1_778' title='bbox 1328 2291 1412 2323; x_wconf 84' lang='grc' dir='ltr'>κόνις,</span> <span class='ocrx_word' id='word_1_779' title='bbox 1425 2291 1472 2317; x_wconf 82' lang='grc' dir='ltr'>καὶ</span> <span class='ocrx_word' id='word_1_780' title='bbox 1484 2291 1565 2318; x_wconf 87' lang='grc' dir='ltr'>πάλιν</span> <span class='ocrx_word' id='word_1_781' title='bbox 1580 2292 1622 2318; x_wconf 83' lang='grc' dir='ltr'><strong>σοί</strong></span> <span class='ocrx_word' id='word_1_782' title='bbox 1634 2301 1715 2327; x_wconf 85' lang='grc' dir='ltr'>φημι,</span> <span class='ocrx_word' id='word_1_783' title='bbox 1728 2293 1852 2327; x_wconf 79' lang='grc' dir='ltr'>βασιλεῦ,</span> 
     </span>
    </p>
   </div>
   <div class='ocr_carea' id='block_1_109' title="bbox 1071 2335 1854 2372">
    <p class='ocr_par' dir='ltr' id='par_1_109' title="bbox 1071 2335 1854 2372">
     <span class='ocr_line' id='line_1_109' title="bbox 1071 2335 1854 2372; baseline 0.008 -12"><span class='ocrx_word' id='word_1_784' title='bbox 1071 2335 1204 2361; x_wconf 83' lang='grc' dir='ltr'>ἀπανθεῖν</span> <span class='ocrx_word' id='word_1_785' title='bbox 1226 2335 1254 2361; x_wconf 80' lang='grc' dir='ltr'>δὲ</span> <span class='ocrx_word' id='word_1_786' title='bbox 1274 2336 1360 2370; x_wconf 77' lang='grc' dir='ltr'>αὑτήν</span> <span class='ocrx_word' id='word_1_787' title='bbox 1380 2337 1425 2362; x_wconf 83' lang='grc' dir='ltr'>καὶ</span> <span class='ocrx_word' id='word_1_788' title='bbox 1452 2337 1547 2372; x_wconf 85' lang='grc' dir='ltr'>χρόνος</span> <span class='ocrx_word' id='word_1_789' title='bbox 1581 2339 1672 2370; x_wconf 85' lang='grc' dir='ltr'>ποιεῖ,</span> <span class='ocrx_word' id='word_1_790' title='bbox 1703 2339 1752 2365; x_wconf 79' lang='grc' dir='ltr'><strong>καὶ</strong></span> <span class='ocrx_word' id='word_1_791' title='bbox 1777 2339 1854 2371; x_wconf 70' lang='grc' dir='ltr'>νόσος</span> 
     </span>
    </p>
   </div>
   <div class='ocr_carea' id='block_1_110' title="bbox 1072 2380 1854 2421">
    <p class='ocr_par' dir='ltr' id='par_1_110' title="bbox 1072 2380 1854 2421">
     <span class='ocr_line' id='line_1_110' title="bbox 1072 2380 1854 2421; baseline 0.008 -15"><span class='ocrx_word' id='word_1_792' title='bbox 1072 2380 1224 2407; x_wconf 80' lang='grc' dir='ltr'>ἐπελθοῦσα</span> <span class='ocrx_word' id='word_1_793' title='bbox 1252 2382 1390 2416; x_wconf 81' lang='grc' dir='ltr'>μαραίνει,</span> <span class='ocrx_word' id='word_1_794' title='bbox 1419 2382 1528 2416; x_wconf 81' lang='grc' dir='ltr'>βέσαιον</span> <span class='ocrx_word' id='word_1_795' title='bbox 1555 2383 1632 2410; x_wconf 75' lang='grc' dir='ltr'>οὐδὲν</span> <span class='ocrx_word' id='word_1_796' title='bbox 1656 2385 1718 2411; x_wconf 71' lang='grc' dir='ltr'>οὐδε</span> <span class='ocrx_word' id='word_1_797' title='bbox 1740 2387 1854 2421; x_wconf 80' lang='grc' dir='ltr'>μόνιμον</span> 
     </span>
    </p>
   </div>
   <div class='ocr_carea' id='block_1_111' title="bbox 1073 2425 1856 2465">
    <p class='ocr_par' dir='ltr' id='par_1_111' title="bbox 1073 2425 1856 2465">
     <span class='ocr_line' id='line_1_111' title="bbox 1073 2425 1856 2465; baseline 0.01 -14"><span class='ocrx_word' id='word_1_798' title='bbox 1073 2425 1199 2461; x_wconf 82' lang='grc' dir='ltr'>ἔχουσαν.</span> <span class='ocrx_word' id='word_1_799' title='bbox 1221 2427 1266 2453; x_wconf 88' lang='grc' dir='ltr'>Ἐν</span> <span class='ocrx_word' id='word_1_800' title='bbox 1280 2428 1334 2462; x_wconf 77' lang='grc' dir='ltr'><strong>ὅσῳ</strong></span> <span class='ocrx_word' id='word_1_801' title='bbox 1349 2427 1377 2453; x_wconf 74' lang='grc' dir='ltr'>δὲ</span> <span class='ocrx_word' id='word_1_802' title='bbox 1393 2429 1478 2454; x_wconf 84' lang='grc' dir='ltr'>ταῦτα</span> <span class='ocrx_word' id='word_1_803' title='bbox 1504 2429 1520 2463; x_wconf 80' lang='grc' dir='ltr'>ἡ</span> <span class='ocrx_word' id='word_1_804' title='bbox 1550 2429 1653 2464; x_wconf 79' lang='grc' dir='ltr'>μάρτυς</span> <span class='ocrx_word' id='word_1_805' title='bbox 1680 2432 1747 2465; x_wconf 78' lang='grc' dir='ltr'>πρὸς</span> <span class='ocrx_word' id='word_1_806' title='bbox 1773 2433 1856 2459; x_wconf 74' lang='grc' dir='ltr'>αὑτὸν</span> 
     </span>
    </p>
   </div>
   <div class='ocr_carea' id='block_1_112' title="bbox 1072 2469 1856 2511">
    <p class='ocr_par' dir='ltr' id='par_1_112' title="bbox 1072 2469 1856 2511">
     <span class='ocr_line' id='line_1_112' title="bbox 1072 2469 1856 2511; baseline 0.01 -16"><span class='ocrx_word' id='word_1_807' title='bbox 1072 2469 1222 2504; x_wconf 79' lang='grc' dir='ltr'>διελέγετο,</span> <span class='ocrx_word' id='word_1_808' title='bbox 1245 2470 1368 2506; x_wconf 82' lang='grc' dir='ltr'>ὓπαρχός</span> <span class='ocrx_word' id='word_1_809' title='bbox 1391 2480 1433 2503; x_wconf 86' lang='grc' dir='ltr'><strong>τις</strong></span> <span class='ocrx_word' id='word_1_810' title='bbox 1460 2473 1544 2508; x_wconf 72' lang='grc' dir='ltr'>ὀνομα</span> <span class='ocrx_word' id='word_1_811' title='bbox 1570 2474 1767 2511; x_wconf 80' lang='grc' dir='ltr'>Χρυσασαδὲμ,</span> <span class='ocrx_word' id='word_1_812' title='bbox 1791 2477 1856 2510; x_wconf 79' lang='grc' dir='ltr'><strong>ὀξὺς</strong></span> 
     </span>
    </p>
   </div>
   <div class='ocr_carea' id='block_1_113' title="bbox 1076 2516 1854 2557">
    <p class='ocr_par' dir='ltr' id='par_1_113' title="bbox 1076 2516 1854 2557">
     <span class='ocr_line' id='line_1_113' title="bbox 1076 2516 1854 2557; baseline 0.01 -15"><span class='ocrx_word' id='word_1_813' title='bbox 1076 2516 1127 2551; x_wconf 77' lang='grc' dir='ltr'>μὲν</span> <span class='ocrx_word' id='word_1_814' title='bbox 1152 2518 1192 2548; x_wconf 89' lang='grc' dir='ltr'><strong>είς</strong></span> <span class='ocrx_word' id='word_1_815' title='bbox 1213 2517 1309 2552; x_wconf 84' lang='grc' dir='ltr'>ὀργὴν,</span> <span class='ocrx_word' id='word_1_816' title='bbox 1335 2518 1489 2553; x_wconf 74' lang='grc' dir='ltr'>εὐμήχανος</span> <span class='ocrx_word' id='word_1_817' title='bbox 1516 2519 1544 2545; x_wconf 82' lang='grc' dir='ltr'>δὲ</span> <span class='ocrx_word' id='word_1_818' title='bbox 1566 2522 1606 2552; x_wconf 87' lang='grc' dir='ltr'><strong>εἰς</strong></span> <span class='ocrx_word' id='word_1_819' title='bbox 1623 2523 1771 2557; x_wconf 83' lang='grc' dir='ltr'>τιμωρίαν,</span> <span class='ocrx_word' id='word_1_820' title='bbox 1799 2524 1854 2550; x_wconf 83' lang='grc' dir='ltr'><strong>τῶν</strong></span> 
     </span>
    </p>
   </div>
   <div class='ocr_carea' id='block_1_114' title="bbox 1076 2561 1856 2603">
    <p class='ocr_par' dir='ltr' id='par_1_114' title="bbox 1076 2561 1856 2603">
     <span class='ocr_line' id='line_1_114' title="bbox 1076 2561 1856 2603; baseline 0.01 -17"><span class='ocrx_word' id='word_1_821' title='bbox 1076 2561 1233 2596; x_wconf 82' lang='grc' dir='ltr'>λεγομένων</span> <span class='ocrx_word' id='word_1_822' title='bbox 1268 2561 1385 2595; x_wconf 77' lang='grc' dir='ltr'>ἁκούων,</span> <span class='ocrx_word' id='word_1_823' title='bbox 1415 2562 1483 2598; x_wconf 76' lang='grc' dir='ltr'>ὁμοῦ</span> <span class='ocrx_word' id='word_1_824' title='bbox 1517 2564 1566 2599; x_wconf 81' lang='grc' dir='ltr'>μὲν</span> <span class='ocrx_word' id='word_1_825' title='bbox 1590 2566 1856 2603; x_wconf 79' lang='grc' dir='ltr'>ὑπεραγανακτήσας</span> 
     </span>
    </p>
   </div>
   <div class='ocr_carea' id='block_1_115' title="bbox 1072 2606 1854 2646">
    <p class='ocr_par' dir='ltr' id='par_1_115' title="bbox 1072 2606 1854 2646">
     <span class='ocr_line' id='line_1_115' title="bbox 1072 2606 1854 2646; baseline 0.009 -14"><span class='ocrx_word' id='word_1_826' title='bbox 1072 2606 1234 2640; x_wconf 80' lang='grc' dir='ltr'>Μαξεντίου,</span> <span class='ocrx_word' id='word_1_827' title='bbox 1251 2607 1318 2642; x_wconf 83' lang='grc' dir='ltr'>ὁμοῦ</span> <span class='ocrx_word' id='word_1_828' title='bbox 1353 2607 1382 2634; x_wconf 81' lang='grc' dir='ltr'>δὲ</span> <span class='ocrx_word' id='word_1_829' title='bbox 1397 2609 1444 2634; x_wconf 69' lang='grc' dir='ltr'>καὶ</span> <span class='ocrx_word' id='word_1_830' title='bbox 1465 2611 1563 2644; x_wconf 86' lang='grc' dir='ltr'>πεῖραν</span> <span class='ocrx_word' id='word_1_831' title='bbox 1587 2612 1662 2646; x_wconf 80' lang='grc' dir='ltr'>αὐτῴ</span> <span class='ocrx_word' id='word_1_832' title='bbox 1688 2613 1794 2644; x_wconf 75' lang='grc' dir='ltr'>εὐνοίας</span> <span class='ocrx_word' id='word_1_833' title='bbox 1812 2613 1854 2639; x_wconf 89' lang='grc' dir='ltr'>δι-</span> 
     </span>
    </p>
   </div>
   <div class='ocr_carea' id='block_1_116' title="bbox 1072 2653 1855 2691">
    <p class='ocr_par' dir='ltr' id='par_1_116' title="bbox 1072 2653 1855 2691">
     <span class='ocr_line' id='line_1_116' title="bbox 1072 2653 1855 2691; baseline 0.009 -12"><span class='ocrx_word' id='word_1_834' title='bbox 1072 2653 1146 2685; x_wconf 66' lang='grc' dir='ltr'>δοὺς,</span> <span class='ocrx_word' id='word_1_835' title='bbox 1163 2654 1262 2689; x_wconf 82' lang='grc' dir='ltr'>μικρόν</span> <span class='ocrx_word' id='word_1_836' title='bbox 1273 2663 1336 2680; x_wconf 84' lang='grc' dir='ltr'>τινα</span> <span class='ocrx_word' id='word_1_837' title='bbox 1351 2655 1446 2689; x_wconf 71' lang='grc' dir='ltr'>χρόνον</span> <span class='ocrx_word' id='word_1_838' title='bbox 1461 2656 1581 2691; x_wconf 74' lang='grc' dir='ltr'>ἐπισχὼν</span> <span class='ocrx_word' id='word_1_839' title='bbox 1604 2659 1650 2684; x_wconf 76' lang='grc' dir='ltr'>καὶ</span> <span class='ocrx_word' id='word_1_840' title='bbox 1675 2656 1730 2684; x_wconf 75' lang='grc' dir='ltr'>οἷον</span> <span class='ocrx_word' id='word_1_841' title='bbox 1759 2659 1855 2686; x_wconf 78' lang='grc' dir='ltr'>ἑαυτὸν</span> 
     </span>
    </p>
   </div>
   <div class='ocr_carea' id='block_1_117' title="bbox 1074 2700 1854 2741">
    <p class='ocr_par' dir='ltr' id='par_1_117' title="bbox 1074 2700 1854 2741">
     <span class='ocr_line' id='line_1_117' title="bbox 1074 2700 1854 2741; baseline 0.009 -17"><span class='ocrx_word' id='word_1_842' title='bbox 1074 2701 1274 2735; x_wconf 76' lang='grc' dir='ltr'>συγκροτήσας,</span> <span class='ocrx_word' id='word_1_843' title='bbox 1305 2700 1376 2734; x_wconf 86' lang='grc' dir='ltr'><strong>Ἐγώ</strong></span> <span class='ocrx_word' id='word_1_844' title='bbox 1391 2709 1444 2732; x_wconf 86' lang='grc' dir='ltr'>σοι,</span> <span class='ocrx_word' id='word_1_845' title='bbox 1469 2701 1665 2738; x_wconf 39' lang='grc' dir='ltr'>βασιλεῦμὲφη</span> <span class='ocrx_word' id='word_1_846' title='bbox 1694 2705 1742 2730; x_wconf 74' lang='grc' dir='ltr'><strong>σὺν</strong></span> <span class='ocrx_word' id='word_1_847' title='bbox 1770 2705 1854 2741; x_wconf 81' lang='grc' dir='ltr'>πολλῇ</span> 
     </span>
    </p>
   </div>
   <div class='ocr_carea' id='block_1_118' title="bbox 1074 2745 1855 2786">
    <p class='ocr_par' dir='ltr' id='par_1_118' title="bbox 1074 2745 1855 2786">
     <span class='ocr_line' id='line_1_118' title="bbox 1074 2745 1855 2786; baseline 0.008 -15"><span class='ocrx_word' id='word_1_848' title='bbox 1074 2745 1195 2781; x_wconf 81' lang='grc' dir='ltr'>φροντίδι</span> <span class='ocrx_word' id='word_1_849' title='bbox 1211 2745 1336 2781; x_wconf 82' lang='grc' dir='ltr'>ἀνεῦρον,</span> <span class='ocrx_word' id='word_1_850' title='bbox 1354 2747 1427 2778; x_wconf 76' lang='grc' dir='ltr'>ὅπως</span> <span class='ocrx_word' id='word_1_851' title='bbox 1443 2747 1501 2782; x_wconf 78' lang='grc' dir='ltr'><strong>ἃ.νῆ</strong></span> <span class='ocrx_word' id='word_1_852' title='bbox 1530 2749 1622 2775; x_wconf 82' lang='grc' dir='ltr'>πεῖσαι</span> <span class='ocrx_word' id='word_1_853' title='bbox 1651 2749 1748 2776; x_wconf 78' lang='grc' dir='ltr'>Θᾱττον</span> <span class='ocrx_word' id='word_1_854' title='bbox 1770 2751 1855 2786; x_wconf 61' lang='grc' dir='ltr'>αὐτὴν</span> 
     </span>
    </p>
   </div>
   <div class='ocr_carea' id='block_1_119' title="bbox 1073 2791 1854 2828">
    <p class='ocr_par' dir='ltr' id='par_1_119' title="bbox 1073 2791 1854 2828">
     <span class='ocr_line' id='line_1_119' title="bbox 1073 2791 1854 2828; baseline 0.005 -10"><span class='ocrx_word' id='word_1_855' title='bbox 1073 2791 1199 2826; x_wconf 79' lang='grc' dir='ltr'>δυνηθῇς,</span> <span class='ocrx_word' id='word_1_856' title='bbox 1216 2792 1232 2826; x_wconf 85' lang='grc' dir='ltr'>ἢ</span> <span class='ocrx_word' id='word_1_857' title='bbox 1252 2793 1393 2819; x_wconf 82' lang='grc' dir='ltr'>ἀπολέσαι.</span> <span class='ocrx_word' id='word_1_858' title='bbox 1413 2793 1442 2819; x_wconf 91' lang='grc' dir='ltr'><strong>Ὀ</strong></span> <span class='ocrx_word' id='word_1_859' title='bbox 1458 2793 1487 2819; x_wconf 80' lang='grc' dir='ltr'>δὲ</span> <span class='ocrx_word' id='word_1_860' title='bbox 1508 2794 1609 2828; x_wconf 84' lang='grc' dir='ltr'>τρόπος</span> <span class='ocrx_word' id='word_1_861' title='bbox 1631 2795 1690 2821; x_wconf 70' lang='grc' dir='ltr'>ἐστὶ</span> <span class='ocrx_word' id='word_1_862' title='bbox 1709 2796 1829 2827; x_wconf 82' lang='grc' dir='ltr'>τοιοῦτος</span> <span class='ocrx_word' id='word_1_863' title='bbox 1846 2804 1854 2812; x_wconf 79' lang='grc'><strong><em>⁸</em></strong></span> 
     </span>
    </p>
   </div>
   <div class='ocr_carea' id='block_1_120' title="bbox 1073 2837 1854 2878">
    <p class='ocr_par' dir='ltr' id='par_1_120' title="bbox 1073 2837 1854 2878">
     <span class='ocr_line' id='line_1_120' title="bbox 1073 2837 1854 2878; baseline 0.008 -15"><span class='ocrx_word' id='word_1_864' title='bbox 1073 2837 1209 2864; x_wconf 75' lang='grc' dir='ltr'>Κέλευσον</span> <span class='ocrx_word' id='word_1_865' title='bbox 1227 2838 1280 2865; x_wconf 75' lang='grc' dir='ltr'><strong>ὑπό</strong></span> <span class='ocrx_word' id='word_1_866' title='bbox 1297 2839 1399 2874; x_wconf 78' lang='grc' dir='ltr'>περόνῃ</span> <span class='ocrx_word' id='word_1_867' title='bbox 1419 2839 1468 2874; x_wconf 79' lang='grc' dir='ltr'><strong>μιᾷ</strong></span> <span class='ocrx_word' id='word_1_868' title='bbox 1495 2839 1631 2874; x_wconf 60' lang='grc' dir='ltr'>τέσσαρας</span> <span class='ocrx_word' id='word_1_869' title='bbox 1646 2841 1775 2876; x_wconf 77' lang='grc' dir='ltr'>γενέσθαι</span> <span class='ocrx_word' id='word_1_870' title='bbox 1794 2849 1854 2878; x_wconf 84' lang='grc' dir='ltr'>τρο-</span> 
     </span>
    </p>
   </div>
  </div>
