2082 3153
284 173 334 204 307

895 180 1037 211 MENSIS
1058 182 1271 216 DECEMBER.

1853 188 1906 221 303

283 233 375 259 uitatis
399 233 556 268 signiﬁcans
582 235 764 270 majestatem.
783 237 885 265 Deinde
908 240 987 266 Pater
1002 247 1056 267 coni

1119 241 1231 275 κόσμονν
1243 242 1321 269 τοῦτο
1336 242 1363 270 δὲ
1380 241 1440 270 εἶπε
1453 244 1560 277 πάντως
1570 247 1620 282 τὴν
1631 248 1680 284 τῆς
1695 248 1778 283 ἁγίας
1788 249 1903 284 Τριάδος

283 278 408 304 turbatus
430 279 553 307 novitate
569 282 705 310 sermonis
729 283 809 318 plane
827 283 987 316 admiratus,
1003 293 1065 312 cum

280 330 341 349 eam
358 331 482 351 seorsum
499 327 705 362 assumpsissct,
728 332 756 355 et
782 329 901 357 venisset
917 329 951 356 ad
978 330 1064 364 ipsam

280 370 382 398 lavacri
411 371 563 406 piscinam:
583 373 707 406 Quonam
732 375 823 406 modo,
848 375 946 411 inquit,
971 377 1064 404 lumen

279 416 364 443 trium
395 417 576 446 fenestrarum
607 419 743 447 illuminat
774 429 882 449 onmem
907 422 1066 450 hominem?

280 463 326 491 Illa
340 469 443 496 autem,
459 465 586 498 Attende,
614 465 713 501 inquit,
733 471 820 502 pater,
843 475 871 495 et
889 468 1023 503 intelliges
1036 470 1063 497 id

280 510 358 544 quod
377 510 481 538 dictum
503 515 556 542 est,
568 516 595 539 et
609 513 690 540 simul
703 512 727 540 ei
743 514 861 541 ostendit
879 515 985 550 signum
1001 523 1063 543 cru-

280 556 330 583 cis.
345 556 448 583 Deinde
462 556 543 584 etiam
564 557 712 585 ostendens
734 558 846 593 digitis:
866 560 941 592 Vide,
963 560 1062 595 inquit,

281 601 371 632 Pater,
389 601 483 634 Filius,
502 606 528 629 et
542 602 662 636 Spiritus
675 609 795 631 sanctus,
811 605 850 632 Ab
870 605 919 633 hac
934 606 994 633 lucc
1006 614 1065 633 om-

278 647 322 673 nis
339 651 429 674 creata
446 652 544 675 natura
571 648 742 676 illuminatur
767 650 957 686 intelligenter.
986 653 1063 680 Hunc

277 692 372 726 itaque
399 700 493 719 verum
516 700 670 722 sermonem
689 703 751 722 cum
772 697 847 725 malae
861 699 934 726 etad
951 699 1063 726 menda-

277 738 349 765 cium
362 740 517 767 exercitatae
532 747 613 768 aures
634 741 746 770 minime
764 743 901 777 tulissent,
930 745 969 772 ira
986 745 1062 773 fuere

277 783 385 818 repleta:
398 792 404 810 :
421 788 448 811 et
463 789 540 819 pater
555 785 657 812 oblitus
672 793 701 813 sc
716 794 775 814 esse
797 792 912 822 patrem.
931 793 1062 824 tyrannus

278 829 433 862 properavit
448 837 507 856 esse
539 834 565 857 et
586 831 735 865 parricida,
763 836 791 858 et
815 832 860 867 qui
879 834 1014 867 pendebat
1028 834 1062 862 ab

279 874 412 907 humeris,
425 875 521 902 stricto
533 883 598 904 ense
610 881 688 911 pater
705 885 848 912 aggressus
861 884 905 906 est
916 887 965 907 sua
979 887 1060 908 manu

277 920 404 948 occidere
423 921 580 950 Barbaram.
605 923 652 950 Illa
667 928 758 951 autent
781 933 843 952 cum
869 934 966 954 manus
981 927 1061 954 simul

278 967 374 994 oculos
399 970 427 994 et
441 973 560 996 mentem
579 969 604 996 in
622 970 722 997 ccelum
747 971 912 1004 sustulisset,
937 979 999 1000 eum
1015 973 1061 1008 qui

277 1017 368 1047 potest
381 1013 446 1041 dare
461 1015 585 1046 salutem,
605 1016 719 1043 vocabat
732 1017 764 1044 ad
781 1018 923 1046 auxilium.
938 1019 985 1046 Ille
996 1027 1061 1047 vero

278 1067 331 1086 non
350 1060 467 1093 neglexit
478 1069 509 1088 ea
524 1061 624 1094 facere,
638 1070 698 1097 quae
710 1069 892 1092 consueverat
909 1075 915 1092 :
935 1065 982 1093 sed
994 1074 1062 1101 quo-

278 1105 359 1133 modo
370 1107 496 1134 Tlieclam
521 1101 747 1144 protomartj'rem
775 1112 947 1138 conservavit
969 1111 1003 1139 ab
1028 1112 1061 1139 iis

275 1150 323 1186 qui
349 1152 595 1187 persequebantur,
623 1158 708 1188 petrae
737 1162 797 1188 qua:
827 1161 994 1188 occurrerat,
1017 1157 1060 1191 ju-

276 1198 354 1230 bans,
378 1202 408 1224 ut
424 1198 656 1233 disrumperetur,
684 1203 712 1226 et
728 1208 788 1227 eam
810 1201 870 1228 sinu
897 1201 1059 1236 exciperet:

273 1244 310 1270 ita
328 1243 398 1270 hanc
421 1251 529 1278 quoque
546 1245 692 1279 gloriosam
718 1246 800 1273 simili
817 1252 959 1274 conservat
977 1247 1060 1274 mira—

273 1289 346 1317 culo.
364 1290 430 1318 Nam
445 1298 507 1318 cum
523 1291 568 1318 ille
588 1291 709 1319 carnifex
734 1293 833 1327 (neque
854 1294 927 1320 enim
944 1294 1060 1329 parrici-

274 1335 336 1362 dam
360 1335 400 1363 fas
414 1341 457 1363 est
474 1344 573 1364 vocare
591 1338 709 1372 patrem)
725 1345 790 1365 ense
806 1338 913 1366 sublato
929 1340 1059 1373 procede-

275 1386 318 1408 ret
334 1382 361 1408 in
375 1381 468 1414 tiliam,
484 1386 561 1416 petra
574 1382 658 1410 scissa
673 1383 699 1410 in
714 1383 782 1412 duas
798 1390 898 1419 partes,
911 1392 970 1412 eam
981 1393 1060 1413 exce-

276 1427 317 1461 pit
337 1426 431 1454 divino
446 1432 472 1454 et
495 1428 683 1462 omnipotente
701 1435 780 1460 nutu,
798 1434 834 1461 et,
852 1438 886 1458 ne
902 1438 917 1458 a
933 1431 1060 1459 manibus

274 1471 376 1500 caedem
402 1472 569 1507 spirantibus
596 1480 749 1508 caperetur,
769 1477 951 1510 conservavit,
969 1482 1057 1505 trans-

276 1518 388 1546 mittens
403 1518 436 1546 ad
459 1519 519 1546 loca
537 1519 623 1554 magis
640 1526 778 1548 montana.
799 1521 852 1549 Sed
873 1531 923 1550 nec
940 1524 980 1551 sic
995 1524 1057 1559 qui-

1117 288 1311 323 παραδηλοῦσα
1325 290 1535 326 μεγαλειότητα.
1550 292 1616 320 Εἶτα
1632 295 1700 329 πρὸς
1715 294 1744 321 τὸ
1764 294 1812 321 τοῦ
1822 296 1901 328 λόγου

1116 333 1223 366 ξενικὸν
1249 336 1295 362 καὶ
1321 337 1455 371 ἀσύνηθες
1481 339 1495 365 ὁ
1522 340 1616 374 πατὴρ
1638 340 1830 375 διαταραχθεὶς
1849 342 1904 377 ἰδίᾳ.

1114 379 1217 414 ταύτην
1232 382 1422 417 ζπαραλαὸὼν,
1448 384 1495 411 καὶ
1528 386 1597 420 πρὸς
1619 385 1694 420 αὐτῷ
1714 385 1753 420 τῷ
1773 387 1902 422 κολύμϐῳ

1116 426 1162 452 τοῦ
1192 426 1308 463 λουτροῦ
1331 430 1490 465 γενόμενος,
1511 431 1586 464 Πῶς,
1610 431 1674 466 ἔφη,
1698 432 1728 458 τὺ
1748 432 1802 458 τῶν
1816 433 1901 468 τριῶν

1116 473 1231 509 θυρίδων
1249 475 1306 508 φῶς
1337 477 1437 508 παντὸς
1451 477 1598 512 ανθρώπου
1637 478 1806 512 φωτιστικὺν
1828 478 1902 512 γίνε-

1114 529 1176 554 ut;
1198 521 1230 547 Ὶί
1247 522 1285 554 δὲ,
1315 523 1464 559 Πρόσσχες,
1489 524 1554 559 ἔφη,
1571 524 1674 560 Πάτερ,
1702 525 1750 551 καὶ
1773 526 1900 559 συνήσεις

1114 567 1144 593 τὸ
1159 569 1312 603 εἰρημένον.
1332 570 1387 596 Καὶ
1420 570 1478 606 ἅμα
1493 571 1523 597 τὸ
1548 571 1595 597 τοῦ
1623 571 1740 607 σταυροῦ
1766 571 1899 606 ὑπεδήλου

1116 615 1226 648 σημεῖον
1250 614 1309 641 εἶτα
1323 617 1368 642 καὶ
1382 617 1437 647 τοῖς
1449 617 1590 648 δακτύλοις
1602 617 1796 649 ὑποδεικνῦσα,
1814 618 1898 652 Ὅρα,

1114 659 1178 694 ἔφη,
1196 660 1303 696 Πατὴρ,
1323 661 1386 693 Υἱὸς
1413 663 1459 689 καὶ
1481 663 1511 688 τὸ
1539 663 1616 697 ἆγιον
1643 663 1768 696 Πνεῦμα·
1784 663 1837 689 ὑπὸ
1860 662 1900 698 τῷ

1115 708 1185 739 φωτὶ
1212 707 1300 742 τούτῳ
1325 709 1414 739 κτίσις
1440 709 1516 735 πᾶσα
1545 709 1648 744 νοερῶς
1677 709 1897 743 καταλάμπεται.

1114 749 1215 776 Τοῦτον
1237 751 1292 784 ἄρα
1319 751 1364 777 τὶν
1395 752 1481 787 ἁληθῆ
1503 752 1582 786 λόγον
1606 754 1622 787 ὴ
1637 752 1726 788 φαύλη
1756 753 1836 788 ἀκοὴ,
1851 753 1899 780 καὶ

1114 796 1183 830 πρῖς
1201 796 1296 829 ψεῦδος
1324 797 1540 832 γεγυμνασμένη
1571 797 1608 833 μὴ
1638 797 1788 831 ἐνεγκοῦσα
1810 796 1897 832 θυμοῦ

1113 842 1261 877 κα“ιόργῆ;
1291 842 1454 878 ἐπληροῦτο.
1486 843 1542 870 Καὶ
1566 844 1579 870 ὁ
1604 843 1695 878 πατὴρ
1711 862 1719 874 ,
1748 842 1795 869 τοῦ
1829 841 1898 869 εἶναι

1117 888 1208 924 πατὴρ
1233 889 1424 924 ἐκλαθόμενος,
1455 889 1587 924 τύραννος
1612 889 1658 916 καὶ
1693 889 1790 923 φονεὺς
1814 889 1897 924 ἀπῄει

1113 935 1260 968 γενέσθαι,
1283 936 1329 962 καὶ
1356 936 1386 962 τὸ
1413 935 1489 969 ξίφος
1512 935 1526 962 ὃ
1553 936 1713 970 παρήρτητο
1732 935 1787 961 τῶν
1814 935 1898 969 ὦμων

1113 981 1351 1015 διασπασάμινος,
1365 982 1526 1018 αὐτοχειρίᾳ
1541 981 1591 1017 τὴν
1608 981 1755 1016 Βαρὸἀραν
1767 981 1898 1007 ἔσπευδεν

1114 1027 1231 1056 ἀνελεῖν.
1250 1027 1358 1062 Ἐκείνη
1376 1027 1404 1053 δὲ
1418 1029 1513 1062 χεῖρας
1528 1027 1586 1062 ἅμα
1608 1028 1656 1053 καὶ
1671 1026 1828 1061 ὀφθαλμοὺς
1851 1026 1898 1052 καὶ

1111 1075 1232 1101 διάνοιαν
1249 1076 1288 1107 είς
1308 1075 1424 1111 οὐρανὸν
1446 1075 1538 1109 ἄρασα
1561 1075 1608 1101 τὸν
1635 1070 1731 1107 σώζειν
1746 1074 1896 1109 δυνάμενον

1111 1123 1205 1150 ἐκάλει
1223 1124 1292 1158 πρὶς
1308 1125 1429 1159 ἀρωγήν.
1445 1124 1499 1151 Καὶ
1514 1124 1544 1155 ὂς
1556 1124 1606 1150 οὐκ
1622 1122 1720 1158 ἡμέλει
1740 1122 1775 1149 τὰ
1789 1122 1895 1156 συνήθη

1111 1169 1211 1196 ποιῶν·
1227 1169 1284 1195 ἀλλ’
1299 1169 1394 1204 ὥσπερ
1408 1169 1512 1196 Θέκλαν
1528 1169 1578 1204 τὴν
1597 1168 1820 1204 πρωτομάρτυρα
1840 1167 1896 1194 τῶν

1110 1213 1262 1240 διωκόντων
1287 1214 1412 1245 διέσωσε,
1432 1214 1520 1249 πέτρᾳ
1541 1215 1575 1248 τῇ
1602 1212 1792 1248 προστυχούσῃ
1819 1212 1896 1246 διαρ-

1113 1259 1242 1295 ραγῆναι,
1265 1260 1311 1286 καὶ
1326 1260 1412 1295 αὐτὴν
1439 1259 1666 1292 ὲγκολττώσασθαι
1680 1259 1895 1292 διακελευσάμε-

1111 1314 1154 1336 νος
1169 1313 1176 1319 ·
1198 1305 1270 1332 οὕτω
1288 1307 1334 1332 καὶ
1351 1306 1399 1340 τὴν
1420 1306 1542 1340 ἀοίδιμον
1557 1306 1661 1340 ταύτην
1673 1304 1760 1339 ὁμοίῳ
1780 1304 1828 1331 καὶ
1843 1304 1894 1339 [σῳ

1110 1352 1148 1386 τῷ
1163 1352 1279 1386 θαύματι
1302 1352 1438 1384 διασώζει.
1481 1352 1524 1382 Ὠέ
1542 1352 1596 1386 γὰρ
1617 1353 1721 1382 ἐκεῖνος
1741 1352 1754 1377 ὁ
1783 1351 1892 1386 δήμιος,

1109 1397 1169 1424 οὐδὲ
1196 1397 1249 1433 γὰρ
1273 1399 1346 1424 ὅσιον
1369 1399 1476 1434 πατέρα
1499 1399 1545 1425 τὸν
1571 1399 1712 1433 μιαιφόνον
1733 1397 1842 1428 καλεῖν,
1861 1395 1893 1423 τδ

1110 1442 1187 1476 ξίφος
1201 1442 1272 1477 ἄρας
1293 1442 1390 1478 ἐχώρει
1413 1443 1484 1469 κατὰ
1497 1443 1545 1476 τῆς
1563 1442 1708 1476 θυγατρὸς,
1729 1442 1817 1475 πέτρα
1830 1440 1892 1475 διχῆ

1108 1489 1242 1523 τμηθεῖσα
1263 1488 1327 1524 θείῳ
1349 1490 1395 1516 καὶ
1417 1489 1579 1524 παντουργῷ
1606 1488 1720 1523 νεύματι
1735 1487 1837 1521 ταύτην
1862 1495 1893 1513 τε

1109 1535 1272 1568 εἰσεδέξατο,
1288 1535 1335 1562 καὶ
1347 1535 1425 1570 χερσὶ
1438 1535 1572 1569 φονώῖαις
1587 1535 1707 1569 ἄληπτον
1730 1533 1890 1565 διεσώσατο,

273 1564 335 1592 dem
352 1570 457 1600 poterat
477 1565 629 1601 intelligere
647 1566 693 1601 qui
704 1567 770 1602 ipsis
784 1567 919 1602 lapidibus
930 1574 989 1596 erat
1002 1579 1056 1598 ma-

1109 1581 1202 1612 τόποις
1221 1581 1432 1615 παραπέμψασα
1447 1582 1502 1612 τοῖς
1525 1581 1716 1616 ὁρεινοτέροις.
1741 1579 1812 1606 Ἀλλ’
1841 1579 1893 1605 οὐκ

272 1610 314 1645 gis
336 1610 504 1645 impatibilis,
530 1615 557 1638 et
582 1611 674 1639 minus
695 1619 776 1640 sensu
801 1613 942 1647 praeditus.
958 1615 1056 1642 Adhuc

272 1657 346 1684 cnim
367 1657 462 1684 eodem
491 1657 657 1685 incitabatur
686 1658 799 1694 impetu,
830 1666 857 1688 et
882 1661 1057 1689 desiderabat

270 1703 394 1737 accipere
413 1703 493 1730 filiam
507 1712 513 1735 ;
529 1711 581 1730 non
603 1708 632 1731 ut
646 1704 693 1739 qui
705 1710 778 1733 esset
794 1711 881 1741 pater,
903 1708 951 1735 sed
964 1709 1056 1743 potius

271 1749 344 1776 titius
357 1750 426 1784 ejus,
450 1750 496 1784 qui
513 1750 564 1777 fuit
581 1750 716 1778 homicida
733 1752 767 1779 ab
791 1753 869 1781 initio
883 1755 903 1786 ‘,
921 1760 951 1782 ut
963 1755 1054 1783 dicam

270 1803 333 1821 eum
359 1795 452 1822 divina
475 1796 637 1831 Scriptura;
657 1801 696 1830 ut,
724 1805 786 1826 cum
811 1799 956 1834 invenerit,
972 1802 1054 1830 simul

270 1845 372 1868 mactet
386 1845 414 1868 et
430 1841 526 1876 perdat
538 1842 558 1869 ³.

307 1886 338 1913 ν.
354 1886 422 1914 Cum
446 1894 513 1914 vero
536 1888 562 1915 in
593 1888 663 1917 duos
685 1890 828 1919 incidisset
852 1897 988 1927 pastores,
1009 1903 1055 1922 ro-

269 1932 343 1967 gavit
358 1940 392 1960 an
410 1933 444 1961 de
457 1941 490 1961 ea
503 1935 608 1962 scirent
628 1936 742 1971 aliquid.
759 1937 797 1964 Ex
814 1938 857 1966 bis
871 1944 962 1967 autem
984 1941 1054 1969 alter

269 1978 394 2012 quidem,
410 1979 456 2013 qui
482 1984 541 2007 erat
555 1980 647 2008 animo
664 1982 830 2016 misericors,
849 1989 877 2012 et
893 1986 936 2013 cui
957 1987 1054 2022 displi~

268 2023 359 2056 cehat,
386 2031 446 2051 eam
462 2033 544 2060 quam
571 2030 651 2060 pater
674 2029 898 2063 persequebatur,
925 2032 1050 2066 prodere,

268 2071 361 2098 statim
380 2073 501 2107 negavit,
521 2077 549 2100 et
564 2081 594 2101 se
609 2074 747 2103 simulavit
775 2076 911 2112 ignorare.
939 2080 1053 2107 menda-

267 2116 342 2145 cium
355 2118 474 2146 salutare
495 2127 544 2154 pro
562 2120 686 2153 veritate,
705 2130 766 2157 quae
787 2123 909 2157 lmderet,
937 2125 1050 2160 eligens.

266 2163 401 2192 Caeterum
419 2165 464 2192 hic
487 2172 580 2200 aperte
609 2168 753 2196 erubescat
779 2168 912 2202 Herodes,
933 2171 980 2206 qui
997 2179 1050 2199 non

267 2215 341 2245 recte
359 2212 487 2239 servabat
504 2214 707 2249 jusjurandum,
724 2219 754 2242 ut
769 2215 851 2244 etiam
876 2217 981 2253 aliquid
1008 2219 1050 2245 in-

264 2263 353 2284 seram
368 2258 531 2290 narrationi,
546 2263 574 2287 et
588 2259 635 2294 qui
654 2265 683 2287 ut
704 2261 802 2288 malam
823 2261 983 2291 defenderet
1005 2272 1052 2291 vo-

263 2303 444 2337 voluptatem,
478 2305 568 2333 stabat
583 2306 756 2342 jusjurando.
778 2307 855 2336 Alter
868 2317 934 2337 vero
950 2318 1052 2346 nequa-

266 2355 349 2384 quam
364 2349 476 2385 quidem
495 2351 598 2386 lingua,
616 2352 662 2379 sed
679 2352 777 2389 digito,
792 2354 864 2389 quod
878 2361 920 2383 est
933 2357 1052 2384 scelera-

264 2395 332 2427 tius.
355 2396 488 2428 indicans,
515 2398 679 2425 ostendebat
707 2400 789 2433 viam,
815 2409 876 2436 qua:
903 2403 935 2429 ad
965 2403 1050 2437 ipsam

263 2439 392 2469 ducebat.
402 2441 480 2474 Quod
497 2441 597 2469 factum
613 2447 654 2470 est
669 2443 772 2479 itaque,
785 2453 839 2473 non
854 2447 917 2474 tulit
930 2448 1049 2482 justitia,

263 2485 310 2513 sed
338 2486 432 2517 statim
460 2487 574 2515 sceleris
601 2488 693 2516 intulit
716 2491 901 2526 supplicium:
933 2499 961 2521 et
986 2502 1048 2522 cum

262 2531 323 2567 ejus
355 2539 421 2560 oves
446 2536 586 2561 exSecr'ata
612 2539 685 2562 esset
712 2541 824 2572 martyr,
856 2547 911 2566 non
933 2541 1050 2575 amplius

261 2581 342 2604 crant
356 2585 433 2610 oves,
449 2579 495 2605 scd
517 2583 627 2607 mutata:
649 2581 759 2609 fuerant
776 2583 803 2610 in
831 2586 977 2614 scarabeos
990 2588 1046 2622 qui,

263 2622 297 2650 ad
316 2626 448 2658 perpetua
469 2624 584 2652 sceleris
613 2628 826 2661 accusationem,
854 2636 956 2660 sanctae
984 2633 1049 2661 Bar-

262 2669 336 2696 barae
350 2669 507 2703 sepulcrum
523 2676 655 2706 perpetuo
671 2673 881 2704 circumvolant.
904 2678 966 2706 Haec
982 2687 1048 2715 ergo

261 2714 350 2742 dolosi
369 2716 484 2750 pastoris
506 2718 618 2753 vestigia
637 2725 749 2748 secutus
770 2730 864 2751 amens
888 2714 1046 2760 Dioscorus,

262 2767 325 2787 cum
347 2766 467 2789 sanctam
481 2764 508 2790 in
529 2771 620 2793 monte
643 2768 910 2804 comprehendisset,
927 2771 1047 2806 primum

261 2805 373 2840 quidem
394 2807 430 2835 ita
447 2814 475 2836 ut
489 2816 547 2837 erat
567 2811 605 2838 ira
628 2813 759 2847 percitus,
777 2805 935 2844 conscindit
948 2817 1044 2847 verbe-

295 2897 393 2927 ‘Joan.
415 2908 472 2933 Vill,
493 2900 533 2928 ii.
573 2902 581 2916 '
598 2901 676 2929 Joan.
694 2910 720 2936 ιε,
735 2903 775 2930 ti.

1109 1625 1144 1662 ἦν
1161 1627 1221 1653 οὐδὲ
1247 1626 1318 1653 οὕτω
1343 1627 1462 1653 συνεῖναι
1480 1627 1526 1652 τὶν
1546 1627 1595 1653 καὶ
1611 1626 1692 1652 λίθων
1715 1625 1804 1652 αὐτῶν
1821 1625 1893 1651 ἁπα-

1109 1673 1236 1708 θέστερον
1260 1674 1306 1698 καὶ
1324 1672 1565 1707 ἀναισθητότερον·
1598 1671 1638 1698 ἔτι
1659 1672 1712 1706 γὰρ
1729 1672 1820 1706 εἴχετο
1841 1671 1893 1705 τῆς

1106 1719 1206 1755 ὁρμῆς,
1235 1719 1280 1745 καὶ
1302 1718 1395 1745 λαϐεῖν
1426 1719 1517 1745 ἐπόθει
1538 1717 1587 1753 τὴν
1613 1717 1772 1752 θυγατέρα,
1791 1718 1840 1752 οὺχ
1855 1718 1893 1749 ὡς

1108 1765 1197 1800 πατὴρ
1212 1764 1251 1791 ὢν
1264 1765 1382 1800 ἐκείνης,
1399 1765 1456 1791 ἀλλ’
1471 1765 1508 1796 ὼς
1525 1765 1581 1796 ut»;
1595 1765 1697 1799 μᾶλλον
1710 1764 1757 1791 τοῦ
1773 1764 1893 1799 ὲξαρχῆς

1107 1811 1347 1846 ἀνθρωποκτόνου,
1363 1811 1435 1837 κατὰ
1450 1810 1500 1845 τὴν
1519 1810 1594 1836 θείαν
1615 1810 1698 1845 φάναι
1727 1811 1829 1845 φωνήν,
1855 1811 1890 1837 ἶν’

1106 1856 1193 1891 εὑρὼν
1209 1857 1266 1892 ἃμα
1282 1858 1328 1883 καὶ
1349 1857 1416 1892 θύσῃ
1433 1857 1480 1883 καὶ
1497 1857 1629 1892 ἀπολέσῃ.

1143 1902 1180 1931 E'.
1203 1903 1318 1938 Ποιμὲσι
1344 1903 1373 1929 δὲ
1400 1903 1446 1929 δύο
1474 1902 1646 1938 περιτυχὼν,
1676 1903 1704 1928 εἴ
1715 1902 1803 1929 τικαὶ
1819 1902 1892 1929 (eam

1107 1950 1170 1985 περὶ
1185 1950 1286 1984 ταύτης
1300 1948 1509 1976 ἀνεπυνθάνετο.
1535 1948 1646 1975 Τούτων
1669 1948 1697 1975 δὲ
1712 1948 1809 1982 ἅτερος
1830 1948 1890 1983 μὲν,

1106 1995 1222 2031 γνώμης
1254 1995 1291 2021 ὣν
1318 1994 1504 2030 συμπαθοῦς,
1535 1995 1582 2021 καὶ
1607 1994 1637 2021 τὸ
1667 1994 1814 2030 προδοῦναι
1840 1993 1891 2028 τὴν

1105 2039 1277 2074 διωκομένην
1301 2038 1350 2064 οὑκ
1375 2038 1505 2070 ἐπαινῶν,
1529 2037 1641 2073 ἔξαρνος
1656 2036 1690 2073 ἦν
1707 2038 1891 2073 παραχρῆμα,

1104 2084 1151 2112 καὶ
1163 2085 1213 2119 τὴν
1228 2084 1340 2118 ἄγνοιαν
1362 2084 1537 2119 ὑπεκρίνετο,
1557 2084 1671 2119 ψεῦδος,
1688 2082 1767 2110 εἶπεν
1789 2084 1821 2110 ἂν
1836 2092 1888 2117 τις,

1105 2131 1240 2166 σωτήριον
1260 2131 1320 2157 ἀντὶ
1332 2130 1503 2165 βλαπτούοης
1518 2129 1647 2165 ἀληθείας
1661 2131 1799 2165 ἐλόμενος.
1815 2131 1889 2165 Πλὴν

1103 2177 1160 2203 ἀλλ’
1187 2176 1355 2211 αἰσχυνέσθω
1395 2177 1520 2212 φανερῶς
1549 2176 1667 2204 ἐνταῦθα
1684 2177 1821 2212 ’Ἡρώδης
1857 2179 1889 2203 οὑ

1103 2223 1190 2254 καλῶς
1207 2222 1339 2256 εύορκῶν,
1357 2222 1400 2249 ἵνα
1415 2231 1440 2248 τι
1456 2224 1501 2248 καὶ
1510 2223 1666 2258 τιαρενείρω
1679 2222 1717 2257 τῷ
1725 2223 1885 2258 διηγήματι,

1105 2271 1151 2296 καὶ
1166 2269 1262 2304 ἡδονῆς
1284 2270 1316 2295 ἐκ
1324 2269 1402 2304 δίκης
1414 2270 1535 2305 πονηρᾶς
1545 2269 1591 2296 τοῦ
1604 2270 1687 2304 ὅρκου
1698 2270 1748 2304 τὴν
1765 2269 1898 2303 φυλακὴν

1103 2313 1275 2348 ποιούμενος.
1299 2314 1328 2340 Ὀ
1344 2314 1372 2341 δὲ
1389 2314 1468 2346 ἄλλος
1498 2314 1606 2350 γλώττῃ
1623 2314 1673 2349 μιν
1697 2314 1835 2348 οὐδαμῶς,
1850 2313 1889 2347 τῷ

1102 2358 1227 2393 δακτύλῳ
1265 2358 1294 2384 δὲ
1325 2359 1545 2394 κακουργότερον
1576 2359 1745 2393 ὑποφαίνων,
1774 2359 1824 2394 τὴν
1850 2358 1888 2390 ὡς

1103 2404 1190 2439 αὐτὴν
1205 2404 1368 2438 ἀπα-[ουσαν
1385 2405 1542 2432 ὑπεδείκνυ.
1559 2405 1714 2440 Τοιγαροῦν
1726 2406 1776 2432 οὑκ
1787 2405 1888 2440 ἤνεγκε

1101 2450 1132 2477 τὸ
1151 2450 1274 2485 πραχθὲν
1300 2451 1316 2485 ἡ
1344 2450 1417 2485 δίκη,
1446 2451 1516 2478 ἀλλὰ
1537 2451 1675 2486 τιμωρίαν
1696 2451 1784 2485 ἐπῆγε
1798 2460 1888 2485 παρα.⁸

1101 2505 1196 2532 χρημα
1208 2496 1255 2522 τοῦ
1270 2498 1513 2531 κακουργήματος,
1527 2496 1574 2523 καὶ
1587 2498 1621 2523 τὰ
1636 2495 1722 2523 adeo;
1739 2497 1887 2532 θρέμματα

1100 2543 1151 2578 τῆς
1165 2542 1303 2578 μάρτυρος
1318 2542 1542 2576 ὲπαρασαμένης,
1555 2543 1604 2568 οὐκ
1617 2542 1658 2568 ἔτι
1672 2542 1820 2578 θρέμματα
1840 2539 1885 2577 ἦν,

1100 2587 1157 2614 ἀλλ’
1169 2587 1208 2618 είς
1219 2586 1364 2621 κανθάρων
1381 2586 1527 2620 δμοιῦτητα
1543 2585 1707 2621 μετεὸλήθη,
1719 2585 1806 2620 στήλη
1821 2593 1887 2611 κατ-

1099 2634 1210 2668 ήγορος,
1227 2633 1291 2667 ἄχρι
1317 2633 1411 2663 τέλους
1447 2633 1495 2659 τὸν
1523 2633 1573 2667 τῆς
1594 2633 1677 2666 ἁγίας
1699 2632 1784 2666 τάφον
1805 2640 1884 2666 περι-

1100 2680 1247 2714 ιπτιὶμενα.
1275 2679 1386 2710 Τούτοις
1402 2677 1449 2705 οὖν
1465 2681 1521 2711 τοῖς
1543 2679 1726 2714 ύποδείγμασι
1736 2678 1782 2705 τοῦ
1797 2678 1885 2704 δολίου

1099 2727 1244 2762 Διόσκορος
1260 2727 1446 2762 ἀκολουθήσας
1463 2728 1477 2753 ὁ
1494 2727 1653 2762 παρειπλὴξ,
1672 2727 1718 2753 καὶ
1730 2726 1780 2762 τὴν
1802 2726 1886 2760 ἁγίαν

1098 2773 1141 2800 ἐπ’
1161 2772 1241 2807 ὅρους
1261 2773 1422 2799 καταλαϐὼν
1435 2793 1442 2805 ,
1464 2773 1558 2808 πρῶτα
1577 2773 1626 2807 μὲν
1651 2772 1739 2803 οὕτως
1765 2772 1804 2803 ὡς
1826 2769 1884 2806 εἶχε

1099 2818 1184 2855 θυμοῦ
1198 2819 1312 2854 πληγαῖς
1329 2819 1514 2847 κατακόπτει·
1528 2819 1623 2845 ἔπειτα
1635 2819 1682 2854 τῆς
1695 2818 1783 2853 κόμης
1799 2817 1883 2852 αὑτὴν
