2082 3153
182 167 235 196 ε’ὓθ

745 168 978 199 MARTYRIUM
997 169 1026 198 S.
1050 168 1249 201 BARBARIE.

1749 176 1801 207 310

179 221 341 256 λαϐόμενος.
359 222 405 249 καὶ
423 221 490 256 πρὸς
514 223 575 258 βίαν
591 223 691 256 ἕλκων,
709 224 768 251 τότε
786 224 834 259 μὲν
851 224 966 260 οἰκίσκῳ

1020 224 1105 252 ribus.
1117 224 1219 252 Deinde
1229 233 1288 253 eam
1295 233 1371 253 coma
1383 227 1593 262 apprehendens
1605 233 1631 256 et
1645 230 1669 256 vi
1679 229 1800 260 trahens.

183 267 280 302 βραχεί
305 269 482 301 κατακλείει,
516 269 639 303 φύλακας
673 271 824 306 ἐπιστήσας
845 271 893 298 καὶ
917 270 966 305 τὴν

179 312 266 347 Θὺραν
294 315 441 347 σφραγῖσιν
468 313 785 349 ἀσφαλισάμενος-εἷτα
807 315 853 341 καὶ
877 315 966 350 πολλῷ

179 358 218 394 τῷ
231 359 307 394 τάχει
324 359 392 394 πρὸς
405 360 450 386 τὸν
467 360 590 395 ἡγεμόνα
611 361 769 396 Μαρκιανὺν
791 361 965 396 ἀφικόμενος,

179 405 210 437 ὃς
223 406 273 442 τὴν
291 406 377 442 ἀρχὴν
390 406 453 433 τότε
470 407 525 433 τῶν
542 408 633 434 ἐκεῖσε
648 408 752 434 διεῖπεν
765 428 771 440 ,
789 408 864 443 αὐτῷ
878 409 966 435 πάντα

180 452 213 477 τὰ
237 451 285 477 τοῦ
309 452 475 487 πράγματος
503 453 652 487 καταλέγει
667 454 736 480 ’καὶ
766 453 796 479 τξ
819 453 967 487 κεφάλαιον

181 499 222 524 ὅτι
239 497 318 529 θεοὺς
337 498 387 534 μὲν
403 499 434 525 τὸ
452 499 600 534 θυγάτριον
614 500 746 535 άρνηϐεἶη
759 519 766 532 ,
790 500 824 526 τά
845 500 874 526 δὲ
897 501 966 535 Χρι-

182 545 299 571 στιανῶν
322 545 409 571 ἕλοιτο
427 546 491 581 παρ’
513 546 607 572 ἐλπίδα
630 547 723 582 τιμᾷν.
742 546 834 574 Ταῦτά
851 555 880 573 τε
903 546 966 582 ἔφη,

181 591 231 617 καὶ
259 590 384 625 ἀγαγὼν,
415 593 510 627 χερσὶν
533 593 618 628 αὐτὴν
644 593 752 619 ἔκδοτον
773 593 834 624 ταῖς
861 593 966 619 ἐκείνου

181 638 265 670 ποιεῖ,
276 638 347 665 κατὰ
355 639 409 665 τῶν
419 639 490 666 ἰδίων
498 639 621 674 ὁρκώσας
633 639 702 666 θεῶν
709 639 748 674 μὴ
754 638 899 674 φείσασθαι
907 639 952 666 τοῦ
958 653 967 660 ο

179 693 226 710 τον
243 685 291 719 τῆς
300 684 434 721 θυγατρὸς
444 685 476 721 (ὣ
488 686 648 721 σπλάγχνων
659 685 813 720 πατρικῶνί
826 686 839 712 ὀ
854 686 966 721 πατὴρ),

180 730 249 756 άλλὰ
274 731 322 757 καὶ
347 730 489 765 βιαιότατα
520 730 671 766 μετελθεῖν,
692 731 738 757 καὶ
753 731 882 765 βασάνοις
905 732 969 758 άνα-

180 776 267 803 λῶσαι
280 777 495 811 χαλεπωτάταις.

218 823 265 856 q'.
293 823 322 850 '0
347 824 438 850 τοίνυν
469 824 630 858 Μαρκιανὸς
651 825 827 859 δικαστήριον
851 824 967 856 καθίσας

184 867 278 900 εὐθὺς,
300 869 347 894 καὶ
373 869 423 903 τὴν
437 869 519 903 ἁγίαν
538 871 801 906 παραστησάμενος,
816 870 848 896 τό
869 878 899 896 τε
920 869 967 896 τοῦ

181 914 265 949 ῆοους
285 915 354 949 όμοῦ
381 915 496 951 κόσμιον
517 916 564 942 καὶ
585 916 676 950 τὸτῆς
701 916 809 952 μορφῆ;
826 916 967 949 πάγκαλον

183 959 364 994 Θεασάμενος,
381 961 435 986 τῶν
450 961 497 987 τοῦ
514 962 620 996 πατρὸς
641 962 730 996 ὅρκων
756 961 966 997 ἐπιλαθόμενος,

182 1005 335 1041 Θαυμάζειν
360 1007 421 1033 τότε
453 1007 555 1041 μᾶλλον
585 1007 600 1042 ἢ
628 1007 753 1039 κολάζειν
785 1008 895 1042 ἕτοιμος
921 1005 966 1044 ἦν.

182 1051 276 1087 Ταύτῃ
304 1051 370 1084 γοῦν
394 1052 441 1078 καὶ
471 1053 579 1087 ῥήμασι
604 1053 811 1088 χρηστοτέροις,
826 1053 968 1088 υῖχτειρον

183 1098 315 1134 σεαυτὴν,
332 1099 437 1132 ἔλεγεν,
453 1096 475 1125 ὦ
491 1099 631 1133 Βαρδάρα,
649 1099 696 1126 καὶ
714 1100 774 1134 μεθ’
793 1099 871 1134 ἡμῶν
888 1099 968 1126 οὖσαι

181 1145 240 1176 τοῖς
275 1144 345 1175 Θειῖς
381 1144 575 1179 προὺυμήθητι
591 1152 598 1160 ·
614 1145 650 1175 ὡς
674 1145 761 1179 ἔγωγε
778 1145 894 1180 κήδομαί
922 1154 968 1172 σου

182 1192 232 1217 καὶ
249 1191 379 1226 βασάνοις
395 1191 494 1223 κάλλος
515 1190 644 1218 τοσοῦτον
662 1192 810 1218 ὑποϐαλεῖν
830 1192 966 1227 φείδομαι.

183 1236 216 1262 Εί
233 1236 312 1271 δὲμὴ
337 1236 494 1271 πεισθείης,
520 1237 578 1263 ἀλλ’
598 1237 647 1272 ἐμὲ
666 1237 822 1272 χρήσατοαί
850 1247 891 1264 σοι
920 1247 969 1264 και

183 1283 372 1317 ταναγκάσεις
397 1284 426 1310 τὸ
455 1283 548 1310 λοιπὸν
578 1283 616 1315 ὼς
647 1285 678 1310 οὺ
713 1284 855 1318 βούλομαι.
883 1285 915 1310 Ἦ
941 1285 969 1311 δὲ

185 1329 302 1364 μάρτυς,
329 1329 399 1364 Ἐγὼ
410 1329 506 1356 θυσίαν
525 1330 655 1361 αἰνέσεως
673 1330 710 1365 τῷ
721 1330 790 1365 ὲμῷ.
809 1330 873 1366 ἔφη,
887 1339 969 1366 προσ-

181 1376 242 1410 άγω
260 1375 330 1410 Θεῷ,
349 1376 377 1407 ὃς
401 1376 517 1410 οὖρανόν
533 1385 561 1402 τε
580 1377 626 1402 καὶ
737 1377 826 1402 ἔκτισε
840 1396 848 1408 ,
867 1378 913 1402 καὶ
936 1377 970 1403 τὰ

182 1423 211 1448 ἐν
238 1422 332 1453 αὐτοῖς
359 1422 478 1450 ἅπαντα.
507 1422 574 1457 Περὶ
599 1422 628 1448 δὲ
654 1423 709 1448 τῶν
727 1423 862 1457 ματαίων,
886 1423 968 1457 φημὶ»

183 1467 253 1494 θεῶν
275 1476 322 1494 σου
350 1467 511 1503 προείρηται
537 1469 587 1502 μὶν
611 1468 640 1493 ἐν
679 1467 743 1502 θείῳ
766 1467 903 1502 Πηλεύματι
932 1467 970 1502 τῷ

184 1514 268 1540 Δαυῒδ
284 1515 324 1541 ὅτι
339 1523 348 1540 ‹
366 1515 406 1541 Τὰ
431 1515 530 1541 εἴδωλα
549 1515 603 1541 τῶν
627 1514 712 1541 ἐθνῶν
741 1514 872 1550 ἀργύριον
897 1523 906 1540 ι
924 1515 970 1540 καὶ

1018 275 1084 299 tunc
1098 271 1210 306 quidem
1235 272 1351 299 includit
1372 273 1398 299 in
1414 281 1497 308 parva
1515 275 1692 307 domuncula,
1712 276 1802 310 impo-

1018 325 1087 344 nens
1104 317 1243 350 custodes,
1268 322 1295 346 et
1313 319 1413 346 ostium
1440 319 1573 348 obscrans
1594 326 1622 348 et
1639 322 1798 356 obsignans.

1018 363 1121 391 Deinde
1138 364 1221 391 etiam
1245 371 1342 400 magna
1365 365 1506 393 celeritate
1532 367 1646 394 veniens
1669 367 1702 394 ad
1733 376 1802 402 prte-

1017 409 1103 437 sidem
1123 410 1298 443 Martianum,
1321 410 1367 446 qui
1383 415 1448 438 tunc
1463 411 1518 439 illic
1533 413 1643 447 gerebat
1661 415 1802 448 magistra.

1019 460 1087 486 tum,
1106 455 1190 483 refert
1218 455 1243 482 ei
1262 463 1320 483 rem
1348 464 1468 484 omnem.
1491 457 1604 484 Summa
1622 462 1714 484 autent
1730 464 1801 490 erat,

1017 501 1090 536 quod
1109 501 1175 529 deos
1186 502 1296 536 quidem
1311 508 1437 538 negasset
1453 503 1518 535 tilia,
1534 511 1577 531 res
1590 511 1655 530 vero
1669 504 1802 531 Christia-

1018 555 1117 576 norum
1130 548 1256 583 elegisset
1272 553 1369 583 praeter
1385 557 1461 584 spem
1477 549 1624 577 honorare.
1648 549 1709 577 llaec
1723 551 1802 582 dixit,

1018 597 1047 620 et
1058 593 1204 621 adductam
1221 594 1304 621 tradit
1320 594 1346 621 in
1362 602 1460 622 tnanus
1478 595 1560 628 illius,
1577 602 1639 622 eum
1653 602 1716 622 cum
1728 595 1805 630 prius

1019 640 1155 675 adegisset
1185 646 1368 673 sacramento,
1395 649 1451 669 non
1480 649 1625 677 parsurum
1653 649 1714 669 esse
1730 642 1802 672 ﬁliae,

1019 688 1046 723 (ο
1063 692 1174 723 paterna
1190 688 1306 720 viscera,
1327 690 1429 724 pater!)
1453 690 1499 717 sed
1528 689 1725 717 violentissime
1742 697 1802 717 eatn

1018 741 1077 761 esse
1093 739 1283 767 tractaturnm,
1303 741 1331 762 et
1353 743 1414 763 esse
1435 735 1605 770 gravissimis
1626 740 1805 770 consumptu-

1019 787 1078 807 rutn
1091 781 1243 816 suppliciis.

1054 826 1097 853 Vl.
1111 826 1257 856 Martianus
1279 836 1344 864 ergo
1357 836 1420 856 cum
1434 829 1530 857 sedere
1554 829 1680 864 protinus
1696 828 1805 856 fecisset

1017 872 1164 907 judicium,
1192 878 1220 901 ct
1249 879 1370 902 sanctam
1397 879 1520 903 curasset
1550 875 1711 906 sistendam,
1740 878 1805 902 tunc

1019 925 1125 945 morum
1144 920 1345 954 contemplatus
1371 921 1553 954 honestatem,
1579 925 1606 948 et
1625 921 1719 948 forma:
1745 921 1806 956 pul-

1019 963 1213 997 chritudinem,
1230 966 1315 999 patris
1329 967 1496 994 sacramenti
1515 967 1629 998 oblitus.
1649 974 1709 994 eam
1724 974 1805 1002 para-

1021 1016 1064 1038 tus
1078 1016 1137 1038 erat
1156 1012 1242 1047 magis
1254 1013 1357 1045 mirari,
1375 1022 1458 1048 quam
1474 1014 1620 1049 castigare.
1638 1013 1684 1040 Sic
1699 1021 1765 1048 ergo
1777 1017 1806 1039 et

1019 1057 1111 1084 verbis
1136 1058 1363 1093 benignioribus:
1392 1059 1521 1086 Miserere
1551 1059 1601 1092 tui,
1638 1058 1763 1090 dicebat,
1789 1067 1806 1084 ο

1020 1103 1150 1135 Barbara,
1182 1109 1362 1139 promptoque
1387 1110 1415 1132 et
1441 1105 1524 1133 alacri
1551 1106 1642 1133 animo
1662 1106 1805 1133 nobiscum

1020 1150 1072 1177 diis
1083 1150 1219 1178 sacriﬁca.
1236 1151 1302 1177 Nam
1317 1158 1367 1186 ego
1381 1151 1492 1186 quidem
1510 1151 1549 1179 tui
1573 1159 1668 1178 curam
1683 1159 1759 1186 gero.
1776 1156 1805 1178 et

1021 1204 1102 1230 parco
1123 1197 1267 1224 tormentis
1292 1197 1371 1223 talem
1397 1197 1535 1232 subjicere
1557 1197 1804 1232 pulchritudinem.

1022 1242 1070 1269 Sin
1083 1247 1176 1270 autem
1192 1250 1245 1269 non
1263 1243 1398 1277 parueris,
1416 1251 1458 1270 mc
1471 1243 1602 1278 deinceps
1617 1251 1698 1279 coges
1712 1248 1738 1271 te
1754 1243 1806 1274 uti.

1021 1294 1047 1316 ut
1068 1289 1136 1316 volo.
1164 1289 1265 1325 Martyr
1291 1294 1402 1317 autem:
1429 1289 1485 1325 Ego
1501 1290 1678 1322 sacriﬁcium,
1707 1290 1807 1325 inquit,

1020 1335 1109 1362 laudis
1128 1335 1183 1362 Deo
1214 1343 1276 1362 meo
1291 1336 1388 1369 otIero,
1405 1336 1451 1370 qui
1467 1337 1570 1364 creavit
1585 1337 1686 1364 crelum
1705 1342 1733 1364 et
1753 1341 1809 1364 ter-

1020 1388 1088 1413 ram,
1107 1385 1135 1408 et
1151 1381 1242 1408 omnia
1260 1390 1321 1416 quae
1333 1382 1359 1408 in
1374 1382 1416 1409 eis
1426 1387 1501 1409 sunt.
1527 1383 1564 1410 De
1593 1383 1646 1410 tuis
1664 1391 1739 1412 vero.
1768 1382 1810 1409 in-

1020 1427 1089 1461 quit.
1109 1427 1186 1454 vanis
1210 1427 1263 1454 diis
1294 1427 1456 1462 prmdictum
1473 1427 1586 1462 quidem
1605 1432 1648 1455 est
1674 1436 1688 1454 a
1707 1428 1810 1455 Davido

1021 1472 1048 1499 itt
1066 1471 1160 1498 divino
1180 1471 1283 1506 Spiritu
1299 1481 1304 1497 :
1324 1481 1332 1497 ι
1355 1472 1508 1499 Simulacra
1525 1473 1648 1507 gentium
1665 1478 1808 1508 argentum

1021 1523 1049 1546 et
1077 1526 1187 1549 aurum.
1216 1526 1299 1553 opera
1331 1527 1461 1546 manuum
1493 1519 1638 1546 hominum
1663 1519 1686 1546 ⁸.
1714 1529 1722 1545 ι
1752 1520 1808 1547 Et:

181 1561 305 1598 χρυσίον,
320 1563 387 1596 ἔργα
405 1562 504 1597 χειρῶν
518 1561 682 1596 ἀνθρώπων,
699 1570 708 1587 ι
722 1561 768 1587 καὶ
785 1561 825 1586 ὅτι
840 1570 849 1586 ι
864 1561 968 1592 Πάντες

1027 1575 1034 1590 ι
1055 1564 1157 1592 Omnes
1173 1564 1210 1591 dii
1240 1565 1361 1600 gentium
1389 1565 1545 1592 daemonia:
1563 1565 1696 1592 Dominus
1718 1571 1809 1592 autem

179 1611 205 1636 οἱ
250 1609 305 1636 οεο¹ι
333 1609 388 1635 τῶν
425 1609 514 1634 ἐθνῶν
566 1608 704 1643 δαιμόνια.
729 1617 737 1632 ι
767 1607 900 1642 Σύμφημι
943 1607 971 1632 δὲ

181 1655 286 1690 κάγὼ,
329 1656 377 1682 καὶ
413 1655 461 1690 τὴν
502 1654 570 1690 πρὸς
617 1655 716 1685 αὐτοὺς
759 1653 856 1680 ἐλπίδα
889 1652 971 1687 κενὴν

180 1700 254 1729 εἶναι
293 1702 341 1728 καὶ
380 1701 501 1736 ματαίαν
537 1700 689 1736 διαρρήδην
720 1699 853 1734 ὁμολογῶ.
880 1699 972 1725 Ταῦτα

179 1749 230 1784 τῆς
264 1748 403 1783 μάρτυρος
431 1747 574 1782 εἰπούσης,
601 1747 615 1773 ὁ
636 1746 766 1780 δικαστὴς
796 1745 863 1780 πρὸς
887 1746 972 1782 ὀργὴν

179 1795 321 1830 ἐξαιρθεὶς,
334 1794 522 1830 περιδεθεῖταν
534 1792 618 1828 αὐτὴν
632 1792 738 1819 κελεύει
754 1792 852 1826 βοείοις
866 1793 972 1827 νεύροις

179 1841 270 1876 ὠμοῖς
303 1841 427 1876 ἀνηλεῶς
459 1841 684 1873 καταξαίνεσθαι.
713 1838 780 1866 Εἶτα
805 1840 972 1876 δριμυτέραν

178 1889 251 1925 αὐτῇ
265 1889 315 1924 τὴν
331 1889 459 1923 αἴσθησιν
483 1889 599 1914 ἐνθεῖναι
618 1887 796 1923 βουλόμενος,
819 1889 865 1914 καὶ
885 1887 971 1923 τριχί-

179 1945 238 1968 νοις
281 1935 442 1970 ὑφάσμασιν
487 1935 626 1961 ἐπιτάττει
666 1934 879 1970 προστρίϐεσθαι
923 1933 970 1965 τὰς

181 1983 303 2017 πληγάς.
343 1981 436 2014 Οὕτως
468 1979 516 2008 οὖν
544 1980 738 2016 ἀπανθρώπως
769 1979 968 2015 αῑκιζομένης,

179 2027 301 2061 χαλεπαὶ
328 2026 366 2061 τῷ
395 2025 503 2060 σώματι
528 2026 575 2051 καὶ
602 2025 748 2060 ἀνήκεστοι
769 2024 968 2058 ἀνεστομοῦντο

180 2074 282 2108 πηγαὶ,
305 2072 343 2104 ὡς
360 2073 390 2098 τὸ
403 2072 462 2098 ὅλον
475 2071 571 2105 ἔδαφος
586 2070 637 2105 τῆς
655 2071 792 2104 παρθένου
805 2070 968 2106 περιεῤῥάν-

180 2118 226 2144 Θαι
256 2119 311 2150 τοῖς
337 2118 461 2152 αἴμασιν.
494 2117 610 2143 Ἔπειτα
641 2115 711 2150 μετὰ
735 2115 784 2146 τὰς
808 2114 916 2149 πληγὰς
937 2115 967 2142 τὸ

1020 1610 1104 1638 ρωιοε
1118 1610 1184 1638 fecit
1197 1611 1219 1638 '.
1237 1619 1246 1636 ι
1264 1611 1297 1638 Et
1314 1618 1378 1637 vero
1398 1618 1448 1646 ego
1463 1618 1573 1645 quoque
1589 1611 1735 1643 assentior,
1748 1619 1808 1638 csso

1020 1664 1128 1688 vanam,
1145 1664 1205 1691 qua:
1231 1656 1317 1683 estin
1337 1656 1388 1687 eis,
1416 1664 1504 1690 spem,
1525 1661 1553 1683 et
1579 1656 1688 1683 inanem
1714 1660 1809 1690 aperte

1020 1702 1164 1730 conﬁteor.
1194 1701 1257 1729 Hac
1285 1709 1347 1729 cum
1374 1701 1488 1729 dixisset
1513 1706 1626 1736 martyr.
1650 1701 1733 1736 judex
1768 1702 1807 1729 ira

1022 1756 1164 1781 accensus,
1191 1749 1269 1784 jubet
1293 1756 1353 1775 eam
1381 1748 1455 1779 exui,
1476 1752 1503 1775 et
1530 1747 1691 1785 crudelibus
1723 1747 1806 1775 boum

1022 1794 1115 1822 nervis
1144 1794 1294 1822 crudeliter
1323 1794 1402 1821 ca-di.
1451 1793 1556 1821 Deinde
1580 1801 1642 1821 eum
1673 1793 1754 1822 vellet
1784 1794 1809 1822 ei

1020 1839 1128 1867 cﬂicere
1155 1847 1266 1868 sensum
1291 1839 1473 1871 acerbiorem,
1491 1840 1569 1875 jubet
1594 1839 1688 1874 plagas
1715 1839 1808 1867 cilicio

1021 1886 1112 1913 atteri.
1125 1885 1194 1914 Cum
1213 1886 1358 1921 puniretur
1371 1893 1436 1921 ergo
1449 1890 1502 1912 tatu
1523 1886 1683 1917 inhumane,
1700 1885 1808 1920 aperie-

1021 1933 1122 1960 bantur
1137 1940 1234 1967 graves
1251 1933 1340 1959 fontes
1356 1932 1491 1966 corporis,
1510 1931 1581 1958 adeo
1598 1936 1628 1958 ut
1656 1936 1744 1959 totum
1769 1940 1811 1959 so-

1020 1978 1076 2005 lutn
1106 1978 1267 2013 irrigaretur
1294 1978 1428 2012 sanguine
1460 1977 1585 2012 virginis.
1618 1977 1722 2004 Deinde
1750 1983 1810 2011 post

1024 2023 1138 2050 verbera
1155 2031 1214 2050 eam
1230 2030 1340 2050 earcere
1355 2022 1467 2057 excipit,
1483 2022 1548 2048 dum
1562 2027 1715 2058 occupatus
1736 2029 1808 2050 esset

1024 2076 1124 2104 praises
1135 2068 1161 2095 in
1173 2067 1361 2100 deliberando,
1376 2068 1484 2095 cttinam
1499 2068 1634 2103 supplicio
1643 2075 1702 2095 eam
1715 2073 1808 2103 postea

1025 2115 1157 2142 traderet.

180 2165 368 2200 δεσμωτήριον
395 2164 480 2198 αὐτὴν
503 2162 666 2197 διαδέχεται,
695 2161 742 2188 τοῦ
768 2161 901 2196 ἡγεμόνος
930 2161 998 2198 πρὸς
1017 2162 1160 2197 διάσκεψιν
1178 2161 1418 2197 ἐνασχολουμένου,
1445 2161 1496 2187 τίνι
1516 2159 1546 2186 τὸ
1571 2160 1640 2195 μετὰ
1659 2161 1746 2188 ταῦτα
1767 2169 1807 2187 τι-

181 2212 274 2248 χ.ωρίᾳ
287 2212 336 2246 τὴν
352 2211 477 2246 μάρτυρι
492 2209 659 2243 παραδώσει.

215 2258 254 2286 Ζ’.
277 2257 346 2292 Ἤδη
360 2256 387 2283 δὲ
405 2255 541 2290 μεσούσης
556 2253 664 2286 νυκτὸς,
683 2253 741 2287 φῶς
757 2261 786 2280 τε
802 2252 888 2289 αὐτὴν
908 2261 970 2287 φαι-

1061 2253 1114 2280 νιι.
1131 2253 1200 2280 Cum
1218 2256 1310 2280 autem
1325 2251 1379 2288 jam
1397 2256 1468 2281 esset
1481 2260 1534 2280 nox
1547 2253 1647 2286 media,
1664 2254 1709 2281 lux
1724 2254 1808 2289 ipsam

178 2307 243 2342 δρὶν
255 2305 360 2333 ἀνωθεν
380 2303 560 2338 περιλάμπει,
577 2302 624 2329 καὶ
643 2300 761 2336 Χριστὸς
775 2299 967 2334 ἐπιφαίνεται,

1022 2298 1202 2327 circumcirca
1230 2299 1366 2326 illuminat
1381 2307 1397 2326 a
1415 2301 1535 2334 superis,
1558 2305 1585 2327 et
1607 2300 1733 2328 Christus
1760 2310 1809 2335 ap-

180 2353 283 2387 οάρσος
298 2360 326 2377 τε
350 2350 419 2385 αὐτῇ
438 2349 554 2380 ἐντιθεὶς
570 2349 616 2375 καὶ
631 2347 665 2382 τᾲ
682 2346 711 2379 ἐξ
726 2345 878 2381 ἀνθρώπων
894 2345 967 2371 κακὰ

182 2398 220 2432 μὴ
243 2396 359 2423 δεδιέναι
385 2395 454 2426 ὅλως
481 2393 713 2429 ἐγκελευόμενος·
732 2390 805 2425 Ἐγὼ
830 2390 884 2425 γάρ
907 2391 965 2424 ειμι

182 2445 252 2478 μετὰ
272 2443 332 2475 σοῦ,
353 2441 416 2476 ἔφη,
437 2441 485 2468 καὶ
503 2440 556 2466 ὑπὸ
571 2441 604 2474 τῇ
623 2439 687 2474 σκιᾷ
702 2438 756 2464 τῶν
772 2437 847 2472 ἐμῶν
867 2435 968 2470 πτερύ-

181 2499 236 2523 γων
251 2489 300 2525 ἔσῃ
318 2487 517 2523 φυλαττομένη.
535 2485 614 2512 Οὕτω
627 2485 702 2516 τέλος
714 2481 786 2519 εἶχον
800 2484 825 2510 οἰ
842 2482 908 2516 πρὸς
919 2481 967 2516 τὴν

181 2537 311 2572 μάρτυρα
323 2535 371 2561 τοῦ
388 2533 505 2569 Χριστοῦ
517 2533 603 2566 λόγοι,
617 2531 663 2558 καὶ
680 2531 710 2557 τὸ
728 2530 773 2557 τοῦ
794 2529 906 2556 Ἡσαΐου
921 2527 967 2554 ἐπὶ

180 2583 250 2618 αὐτῇ
270 2584 354 2617 πέρας
370 2579 427 2616 εἶχε
440 2599 447 2612 ,
477 2579 545 2614 ταχὺ
561 2578 615 2605 τῶν
631 2578 755 2612 ἰαμάτων
768 2575 970 2603 ἁνατειλάντων

181 2630 262 2664 αὑτῇ,
280 2629 327 2655 καὶ
343 2628 397 2654 τῶν
414 2625 537 2661 πληγῶν,
551 2626 647 2658 ὥσπερ
661 2623 691 2655 ἐξ
706 2622 793 2658 ἀρχῆς
809 2621 876 2656 μηδὲ
897 2628 971 2654 γενο-

183 2675 282 2710 μένων,
312 2672 504 2699 ἁπελαῦἑντων
528 2669 575 2696 τοῦ
598 2669 734 2703 σώματος.
763 2667 842 2701 Χαρὰ
867 2665 895 2691 δὲ
920 2665 970 2700 τὴν

181 2721 263 2756 ἁγίαν
279 2718 337 2755 εἶχε
361 2720 407 2746 καὶ
431 2717 603 2752 ἀγαλλίασις,
632 2714 786 2749 εὐφροσύνη
813 2721 842 2739 τε
861 2712 970 2744 αἰώνιος

184 2768 255 2803 ὑπὲρ
279 2766 400 2801 κεφαλῆς
418 2763 513 2798 αὐτῆς,
535 2762 565 2789 τὺ
578 2762 625 2788 τοῦ
653 2761 754 2788 ΙΙααῖου
774 2761 854 2786 πάλιν
871 2761 968 2785 εἰπεῖν.

184 2813 256 2848 Γυνὴ
271 2813 301 2839 δέ
315 2821 356 2843 τις
381 2810 508 2845 θεοσεϐὴς
532 2810 579 2836 καὶ
606 2807 759 2842 φοϐουμένη
777 2807 822 2832 τὶν
844 2805 945 2840 Κύριον
960 2826 966 2836 ,

188 2859 321 2893 ’Σῂλιανὴ
337 2859 434 2893 ὕνομα,
449 2858 481 2892 τῇ
497 2857 616 2892 μάρτυρι
630 2855 689 2880 τότε
704 2852 830 2884 συνοῦσα,
845 2852 967 2878 insi-.11»;

222 2917 232 2931 ⁵
245 2915 315 2944 l‘sal.
335 2924 411 2951 (χιιι,
425 2916 449 2944 4.
490 2915 499 2930 ⁵
516 2915 587 2942 Psal.
607 2919 667 2945 xcv,
683 2911 709 2939 ὓ.

1023 2349 1110 2379 paret,
1128 2345 1175 2379 qui
1190 2351 1217 2372 et
1242 2345 1267 2372 ei
1293 2345 1412 2373 addebat
1435 2346 1569 2378 animum,
1602 2351 1630 2373 et
1648 2347 1763 2382 jubebat
1781 2353 1810 2374 ut

1024 2392 1098 2419 nullo
1114 2392 1194 2420 modo
1223 2392 1333 2420 timeret
1352 2394 1421 2420 mala
1448 2393 1590 2420 hominum
1610 2403 1617 2419 :
1637 2394 1694 2428 Ego
1725 2395 1809 2425 enim,

1024 2438 1123 2472 inquit,
1138 2445 1198 2465 sum
1215 2445 1315 2470 tecum,
1332 2444 1359 2466 et
1374 2439 1529 2466 servaberis
1544 2439 1596 2466 sub
1625 2439 1722 2466 umbra
1753 2439 1811 2466 ala-

1025 2491 1085 2510 rum
1112 2491 1246 2510 mearum.
1276 2484 1402 2512 Nondum
1423 2484 1503 2512 linem
1531 2489 1696 2519 acceperant
1715 2485 1807 2516 verba,

1023 2537 1083 2564 qua:
1097 2529 1199 2558 ﬁebant
1214 2531 1337 2566 martyri,
1349 2535 1376 2558 ct
1392 2531 1465 2566 quod
1482 2531 1516 2558 ab
1533 2531 1601 2558 Isaia
1612 2531 1716 2558 dictum
1733 2536 1775 2559 est
1789 2532 1808 2563 ',

1021 2576 1048 2603 in
1061 2583 1093 2602 ea
1113 2581 1155 2603 est
1176 2580 1408 2603 consummatum.
1428 2576 1494 2604 Nam
1509 2584 1571 2604 cuin
1589 2577 1644 2603 cito
1656 2576 1680 2602 ei
1707 2581 1810 2604 exortae

1019 2626 1112 2649 essettt
1131 2623 1298 2654 curationes,
1319 2626 1347 2649 et
1362 2623 1456 2657 plagte,
1477 2627 1606 2657 tauquam
1622 2629 1676 2649 non
1694 2622 1811 2650 fuissent

1020 2668 1055 2694 ab
1069 2668 1157 2701 initio,
1178 2676 1192 2695 a
1212 2675 1330 2703 c0rporc
1343 2669 1465 2703 expulsa:
1485 2673 1591 2701 essent,
1608 2668 1740 2704 gaudium
1769 2673 1811 2696 tc-

1020 2714 1080 2741 nuit
1093 2719 1216 2742 sanetam
1229 2719 1256 2742 ct
1272 2715 1430 2746 exsultatio,
1447 2720 1474 2742 et
1494 2714 1588 2742 lmtitia
1607 2719 1709 2742 aeterna
1725 2722 1808 2750 super

1019 2765 1101 2794 eapttt
1121 2760 1194 2794 ejus,
1222 2764 1252 2787 ut
1278 2767 1374 2787 rursus
1395 2759 1496 2791 dicam,
1517 2759 1590 2794 quod
1619 2759 1687 2787 dicit
1715 2759 1808 2787 Isaias.

1024 2806 1119 2833 Mulier
1136 2811 1227 2833 autem
1252 2806 1376 2840 quaedam
1392 2805 1446 2840 pia,
1465 2810 1492 2833 et
1521 2806 1621 2833 timens
1650 2805 1810 2837 Dominum,

1023 2853 1133 2880 nomine
1161 2853 1280 2886 Iuliana,
1309 2858 1372 2880 tunc
1399 2860 1566 2880 COIHCI'SallS
1584 2859 1645 2879 cum
1677 2857 1809 2887 martyre,

749 2911 758 2923 ‘
778 2910 828 2938 lsa.
843 2918 922 2944 xxxv,
940 2910 971 2937 Η
992 2918 1049 2946 seq.
