2082 3153
263 181 316 213 323

875 174 1018 204 MENSIS
1041 173 1259 204 DECEMBER.

1843 169 1895 203 324

263 242 352 270 usque
373 232 549 269 progreditur
577 231 705 268 egestas?
731 234 864 258 statuerat
896 229 966 257 ﬁlias
990 236 1054 256 suas

1111 228 1244 255 λιπόντων
1269 227 1362 260 αὐτον,
1391 227 1461 261 ipsi!
1493 228 1575 264 μέχρι
1607 228 1655 255 καὶ
1673 227 1755 255 τίνων
1770 228 1787 263 ὴ
1805 227 1896 255 ἔνδεια

264 281 354 316 (erant
367 283 458 306 autem
474 282 532 306 tres
549 278 636 305 forma
649 277 781 312 insignes)
796 275 922 304 mercede
937 275 971 302 ad
989 275 1051 302 libi-

262 325 354 353 dinem
369 326 536 359 prostituere
549 324 715 354 volentibus,
740 328 767 350 et
781 331 813 350 ex
827 329 922 350 earum
941 326 1050 356 quaestu

262 379 291 398 se
307 375 334 397 ct
350 370 420 397 ﬁlias
435 371 517 398 alere.
533 370 587 397 Eas
603 371 676 396 enim
693 368 868 396 matrimonio
885 368 1052 402 conjungere

261 424 317 444 non
343 421 469 451 poterat,
494 415 559 450 quia
587 418 700 450 propter
721 414 833 441 nimiam
862 418 1051 448 paupertatem

262 470 360 490 Omnes
375 470 423 490 eas
444 462 669 497 dedignarentur.
688 460 713 488 is
735 467 800 494 ergo
822 459 849 486 in
873 459 917 486 his
937 464 1007 491 erat,
1025 463 1053 485 et

264 509 336 536 hanc
359 509 511 543 improbam
536 507 628 534 animo
649 506 775 533 versabat
798 504 1004 539 cogitationem,
1024 508 1053 532 et

261 555 316 590 jam
335 555 368 582 ad
387 553 543 581 miserabile
557 561 626 586 opus
643 551 864 587 aggretliebatur.
881 551 934 578 Sed
948 556 987 583 tu,
1002 550 1054 577 Do-

265 600 350 632 mine,
367 599 413 634 qui
429 607 458 626 es
470 604 567 625 natura
585 597 684 629 bonus,
700 597 824 624 etomnis
841 596 905 622 boni
921 603 1012 626 causa.
1025 599 1054 622 et

262 646 381 680 benigne
402 645 550 672 inﬂecteris
569 644 671 671 nostris
684 643 907 675 necessitatibus,
923 641 1008 670 ellicis
1025 647 1054 670 ttt

262 693 316 720 hoc
328 693 421 720 veniat
433 692 467 719 ad
482 700 564 719 aures
575 691 679 718 Nicolai
694 700 701 718 :
715 696 744 718 et
761 691 864 717 bonum
882 689 968 716 mittis
984 697 1054 715 nun-

261 739 331 767 tium
351 743 379 766 et
396 744 553 773 promptum
569 737 765 772 opitulatorem
786 736 819 762 ad
843 743 906 763 eum
928 735 974 770 qui
998 735 1054 769 jam

261 785 390 813 veniebat
412 786 439 812 in
460 786 559 812 anima:
582 784 747 818 perieulum,
770 782 817 817 qui
844 782 926 809 simul
947 786 973 808 et
994 781 1055 816 ejus

261 833 398 860 solaretur
419 836 621 866 paupertatem.
636 835 666 857 et
685 830 816 856 liberaret
835 836 851 855 a
873 837 902 856 re
917 836 979 863 qua:
995 831 1056 855 erat

261 878 381 913 gravior,
403 881 576 911 paupertate.
592 875 660 902 Vide
676 880 768 902 autent
793 874 860 901 mihi
883 874 969 901 sancti
992 879 1055 900 cum

263 912 409 959 prudentia
432 922 712 950 eommiserationem.
739 921 801 949 Non
828 921 902 948 enim
925 912 1094 948 sustinuitB

264 970 297 997 ad
313 978 376 996 eum
394 969 535 1001 accedere,
552 973 580 996 et
594 969 628 996 de
643 975 676 996 eo
692 967 788 1003 paucis
802 967 950 999 disserere,
967 973 1057 1001 neque

262 1016 289 1042 ei
313 1015 461 1043 ostendere
488 1023 600 1042 manum
625 1022 686 1049 quae
710 1014 749 1041 illi
777 1013 970 1045 benefecisset,
995 1021 1057 1047 quae

264 1062 354 1089 solent
378 1061 468 1088 facere
484 1061 531 1096 qui
549 1065 614 1088 sunt
628 1062 660 1087 ad
678 1060 896 1087 misericordiam
913 1060 1014 1094 pusillo
1029 1064 1058 1087 et

263 1107 371 1142 ahjecto
393 1107 508 1139 animo;
528 1107 635 1134 sciebat
658 1106 731 1133 enim
758 1106 815 1132 haec
835 1113 896 1133 esse
916 1108 1008 1141 gravia
1025 1107 1058 1134 iis

264 1153 311 1187 qui
328 1152 361 1178 ab
390 1151 490 1186 opibus
505 1156 532 1178 et
547 1151 634 1186 gloria
650 1151 814 1178 deciderunt
827 1151 860 1178 ad
878 1151 1011 1185 inopiam.
1028 1157 1059 1179 ut

263 1204 325 1231 qua:
343 1203 390 1224 eos
415 1196 520 1231 pudore
545 1196 675 1228 alliciant,
699 1201 726 1223 et
751 1197 871 1231 priorem
896 1196 1057 1224 felicitatem

264 1247 395 1270 revocent
416 1242 442 1269 in
466 1242 628 1269 memoriam
652 1242 722 1270 :sed
738 1243 852 1277 perinde
873 1249 905 1270 ac
920 1243 1058 1278 evangeli-

265 1297 327 1317 cum
345 1295 511 1324 prmceptum
527 1288 699 1315 contendens
717 1297 860 1323 superare,
877 1296 931 1323 quo
945 1289 1059 1324 jnbetur

265 1343 300 1363 ne
321 1336 348 1363 id
365 1336 438 1370 quod
455 1335 485 1362 lit
497 1335 618 1362 dextera:
643 1335 706 1362 ﬁdei
725 1335 854 1362 credatur
866 1335 876 1350 "
893 1344 898 1361 :
914 1342 949 1361 ne
972 1334 1061 1368 ipsum

264 1383 376 1418 quidem
398 1383 446 1417 qui
471 1381 640 1409 adiciebatur
658 1381 793 1408 benelirio
816 1380 903 1408 voluit
928 1380 1061 1407 adhibere

265 1434 364 1456 testem
378 1429 437 1464 ejus
454 1427 527 1462 quod
547 1427 629 1455 liebat
644 1436 651 1453 :
669 1431 774 1454 tantum
792 1427 889 1454 aberat
902 1432 931 1454 ut
945 1426 1059 1461 gloriam

265 1479 403 1510 quaereret
418 1475 452 1502 ab
467 1474 638 1505 hominibus.
652 1473 719 1500 Nam
739 1473 797 1508 ipse
812 1473 894 1500 etiam
911 1472 978 1499 boni
993 1471 1060 1506 quid

265 1522 380 1553 faciens,
402 1521 489 1556 magis
508 1519 638 1547 studebat
658 1520 755 1551 latere,
780 1526 862 1554 quam
886 1519 904 1545 ii
922 1518 969 1553 qui
990 1518 1060 1545 mala

265 1567 380 1594 faciunt.
407 1566 488 1594 Certe
510 1573 573 1592 cum
600 1565 662 1592 auri
687 1564 856 1599 permultum
876 1563 957 1591 simul
983 1563 1061 1590 colli-

264 1618 366 1648 gasset,
385 1612 548 1646 intempesta
569 1616 649 1638 nocte
671 1610 748 1638 venit
768 1610 801 1637 ad
824 1610 883 1645 ejus
906 1609 955 1636 viri
977 1609 1059 1642 aedes,

264 1663 294 1685 ct
310 1667 372 1685 cum
394 1658 419 1685 id
438 1666 485 1692 per
502 1657 648 1691 quamdam
672 1657 811 1692 injecisset
832 1656 991 1686 fenestram,
1010 1656 1060 1683 do-

267 1712 343 1731 mum
366 1705 459 1732 statim
484 1704 649 1735 revertitur,
673 1703 757 1730 vcluti
780 1703 948 1730 erubescens
972 1701 1061 1730 videri

267 1750 344 1777 dare.

1105 274 1228 310 βιάζεται
1248 275 1419 310 προχωρεῖνε
1438 274 1553 310 γνώμην
1578 274 1641 309 ἔσχε
1666 275 1714 306 τὰς
1740 274 1895 308 θυγατέρας

1105 322 1192 357 (τρεῖς
1223 321 1252 347 δὲ
1276 319 1348 353 ἦσαν
1377 321 1453 356 αὑτῴ
1471 321 1607 355 πάγκαλοι
1633 321 1681 347 καὶ
1708 321 1895 355 διαφερόντως

1104 366 1208 400 ἀγαθαὶ
1227 366 1274 401 τὴν
1291 365 1362 400 ὕψιν)
1384 366 1481 400 μισθοῦ
1498 367 1566 402 πρὸς
1592 365 1743 392 ἀκολασίαν
1767 366 1895 392 ἐκδοῦναι

1104 413 1159 444 τοῖς
1176 412 1363 447 βουλομένοις,
1380 413 1428 439 καὶ
1445 413 1474 438 τὸ
1489 412 1618 439 ἐντεῦθεν
1631 413 1727 442 αὑταῖς
1743 411 1896 447 ποριζόμε-

1104 467 1150 486 νον
1171 459 1269 485 ὲαυτοῦ
1294 467 1324 485 τε
1352 459 1400 485 καὶ
1419 459 1474 485 τῶν
1492 458 1597 485 παίδων
1626 458 1764 484 ποιεῖσθαι
1779 458 1895 493 τροφὴν,

1105 505 1199 540 ὥσπερ
1217 507 1249 532 ὲκ
1264 505 1395 540 βορϐόρου
1411 508 1478 539 φασὶ
1501 505 1709 540 βορδορολογεῖν
1721 504 1896 538 βουλόμενος.

1106 552 1153 578 καὶ
1182 551 1265 587 πόρον
1291 552 1381 585 ἐαυτῷ
1407 551 1541 586 πορίζειν,
1557 551 1637 582 ποίας
1660 551 1716 585 ἄρα
1742 551 1841 581 πενίας
1864 550 1895 576 οὐ

1106 597 1317 633 χαλεπώτερον;
1336 599 1372 624 Τὸ
1390 599 1445 634 γὰρ
1457 599 1588 633 ἀνδράσιν
1609 598 1694 629 αὑτὰς
1710 597 1818 632 νομίμῳ
1834 605 1898 624 συν-

1106 644 1228 678 αρμόσαι
1245 644 1327 678 γάμῳ
1340 643 1472 679 ἠϐούλετο
1486 644 1548 678 μὲν,
1567 643 1617 670 οὐκ
1630 643 1747 678 ἠδύνατο
1759 643 1787 669 δὲ
1808 642 1852 669 διὰ
1865 641 1896 667 τὸ

1108 691 1175 716 πολὺ
1196 691 1244 725 τῆς
1261 691 1358 720 πενίας
1383 688 1436 716 ὑπὸ
1451 691 1561 716 πάντων
1578 690 1659 720 εὐθὺς
1673 689 1896 723 ἀτιμαζομένας,

1106 736 1153 763 τοῦ
1170 737 1304 771 σωμάτων
1319 737 1421 772 ἔρωτος
1433 736 1551 763 ἐνταῦθα
1562 737 1631 770 προς
1642 736 1795 771 χρημάτων
1807 736 1897 771 ἔρωτα

1106 784 1160 809 τῶν
1176 783 1340 816 δευτερείων
1357 782 1532 818 ἀξιουμένου.
1553 782 1582 808 ὐ
1599 783 1649 816 μὲν
1666 780 1713 808 οὖν
1734 784 1764 808 ἑν
1789 782 1897 813 τούτοις

1107 827 1152 866 ἦν,
1169 830 1217 857 καὶ
1232 829 1281 865 τὴν
1297 830 1420 865 πονηρὰν
1435 830 1539 864 ταύτην
1554 828 1657 855 ὠδίνων
1673 829 1778 856 ἔννοιαν
1789 836 1797 845 ⁸
1828 829 1897 855 ἀλλὰ

1108 877 1157 904 καὶ
1188 877 1256 911 me;
1284 876 1364 912 ἔργον
1390 876 1441 911 ήδη
1462 877 1572 910 ἐχώρει.
1591 876 1674 902 Οὐδὲν
1691 876 1745 910 γὰρ
1774 876 1898 910 ἀνάγκης

1108 922 1192 956 φασὶν
1225 922 1409 956 ἰσχυρότερον.
1439 920 1472 946 Τί
1497 920 1526 946 δὲ
1553 921 1598 953 σὺ,
1626 921 1640 947 ὁ
1657 920 1860 955 φιλάνθρωπος,
1884 921 1898 946 ὸ

1109 968 1210 1001 ἀγαθὸς
1227 969 1256 994 ἓν
1272 969 1341 994 πᾶσι
1363 967 1442 1000 Θεὸς,
1467 967 1482 993 ό
1510 968 1570 998 ταῖς
1589 966 1668 1001 ἡμῶν
1685 967 1819 1000 ἀνάγκαις
1837 967 1899 1000 φιλ-

1109 1014 1260 1050 ανθρώπως
1289 1013 1552 1048 ἑπικαμπτόμενος.
1577 1014 1638 1039 τινα
1669 1012 1794 1047 μηχανὴν
1823 1013 1900 1047 εὑρί-

1110 1068 1196 1090 σκεις,
1214 1058 1262 1085 καὶ
1284 1059 1345 1085 τίνα
1369 1058 1402 1093 δὴ
1431 1057 1582 1092 θεραπείαν
1599 1057 1646 1083 τοῦ
1665 1057 1772 1091 ἀμάχου
1798 1056 1899 1082 τούτου

1109 1106 1215 1138 κακοῦ;
1232 1106 1278 1137 Εἰς
1295 1103 1352 1132 ὧτα
1375 1106 1470 1132 πεσεῖν
1485 1105 1515 1131 τὸ
1535 1105 1679 1138 γινόμενον
1692 1103 1732 1138 τῷ
1749 1103 1899 1138 θεράποντε

1109 1161 1157 1178 σου
1172 1151 1406 1187 παρασκευάζεις,
1431 1152 1478 1177 καὶ
1491 1150 1606 1184 ἄγγελον
1631 1150 1713 1176 αὐτὸν
1729 1149 1833 1183 ἀγαθὸν
1847 1149 1896 1175 ἀν-

1109 1199 1152 1231 δρὶ
1168 1199 1215 1225 καὶ
1231 1199 1302 1224 κατὰ
1320 1198 1400 1232 σῶμα
1416 1197 1571 1232 πιεζομένῳ
1590 1197 1637 1223 καὶ
1662 1198 1726 1231 περὶ
1740 1195 1829 1231 ψυχὴν
1841 1204 1900 1222 κιν-

1111 1244 1251 1271 δυνεύοντι
1275 1243 1440 1278 θαυμαστῶς
1455 1243 1624 1277 ὲπιπέμπεις
1635 1262 1642 1274 ,
1658 1242 1726 1278 ὁμοῦ
1742 1251 1772 1269 τε
1788 1243 1838 1277 τὴν
1852 1251 1902 1268 πε-

1111 1291 1171 1318 νίαν
1187 1290 1449 1326 παραμυθούμενον,
1459 1290 1506 1317 καὶ
1521 1291 1570 1325 τῆς
1588 1290 1656 1324 πρὸς
1668 1289 1806 1316 ἀπώλειαν
1817 1289 1902 1316 αὒτδν

1111 1337 1250 1372 φερούσης
1277 1337 1428 1370 ἀπάγοντα.
1455 1337 1528 1372 Πλὴν
1558 1337 1608 1371 δρα
1627 1345 1672 1371 μοι
1689 1336 1828 1362 καὶτοῦτο
1852 1336 1903 1370 τῆς

1114 1383 1235 1418 μεγάλης
1254 1383 1303 1410 τοῦ
1320 1384 1398 1417 ἁγίου
1413 1383 1503 1418 ψυχῆς
1514 1403 1521 1415 ,
1547 1383 1606 1414 πῶς
1623 1383 1754 1409 συνάπτει
1770 1382 1902 1417 φρονήσει

1114 1429 1145 1456 τὸ
1176 1429 1330 1464 συμπαθές.
1359 1430 1394 1457 Οὺ
1420 1431 1475 1464 γὰρ
1501 1430 1632 1464 ὑπέμεινε
1656 1429 1694 1463 τῷ
1723 1428 1800 1461 ἀνδρὶ
1818 1436 1904 1463 προσο

1113 1475 1214 1508 ελθείν,
1230 1475 1290 1502 οὐδὲ
1307 1477 1370 1510 περὶ
1384 1475 1479 1502 τούτου
1499 1475 1547 1502 καὶ
1565 1475 1652 1510 βραχύ
1670 1483 1694 1502 τι
1711 1473 1902 1509 διαλεχθῆναι,

1117 1521 1179 1547 οὐδὲ
1208 1521 1258 1556 τὴν
1285 1521 1445 1556 εὐεργέτιδα
1461 1521 1535 1557 αὐτῷ
1556 1522 1605 1548 καὶ
1629 1521 1710 1555 μόνον
1737 1520 1903 1555 παραδεῖξαι

1116 1569 1208 1602 χεῖρα,
1232 1567 1250 1594 ἃ.
1266 1567 1380 1599 σύνηθες
1398 1568 1498 1610 μικροῦ
1526 1568 1593 1595 πᾶσι
1623 1568 1711 1594 ποιεῖν
1726 1569 1782 1599 τοῖς
1803 1575 1902 1602 μικρο-

1116 1612 1213 1648 ψύχοις
1227 1612 1273 1639 τὸν
1289 1612 1374 1639 ἔλεον.
1388 1613 1466 1648 ’ῌδει
1480 1613 1534 1647 γὰρ
1551 1613 1592 1639 δτι
1609 1612 1728 1647 φορτικὰ
1745 1610 1831 1638 ταῦτα
1848 1611 1904 1642 τοῖς

1116 1660 1148 1686 εκ
1161 1660 1278 1686 πλούτου
1295 1661 1341 1687 καὶ
1355 1660 1436 1694 δόξης
1463 1663 1504 1691 εἰς
1520 1660 1551 1686 τδ
1567 1661 1680 1695 ἀπορεῖν
1697 1666 1904 1694 κατενηνεγμε-

1116 1714 1183 1738 νοις,
1203 1707 1372 1741 ἐντρέποντὰ
1397 1715 1427 1733 τε
1453 1707 1502 1738 τὰς
1530 1706 1643 1733 ἐκείνων
1673 1705 1774 1740 ψυχὰς,
1802 1705 1850 1731 καὶ
1864 1705 1904 1735 είς

1119 1752 1231 1787 μνήμην
1250 1752 1328 1783 αὖθις
1351 1752 1521 1788 ἐμϐάλλοντα
1550 1752 1601 1787 τῆς
1631 1752 1768 1787 προτέρας
1799 1751 1900 1784 εὐημέ-

267 1796 342 1831 ρίας.
361 1795 434 1822 Ἀλλ’
467 1796 565 1831 ὥσπερ
591 1795 796 1831 ὑπερδαλέοθαι
828 1796 992 1830 φιλονεικῶν
1031 1797 1078 1823 καὶ
1099 1797 1146 1832 τὴν
1171 1798 1355 1833 εὐαγγελικὴν
1382 1800 1487 1830 ἐκεῖνος
1514 1798 1714 1833 παραγγελίαν,
1740 1798 1770 1825 τὸ
1805 1798 1843 1833 μὴ
1858 1805 1905 1823 πι-

268 1842 420 1877 στευθῆναι
434 1842 485 1878 τὴν
502 1843 653 1878 ἀριστερὰν
674 1843 704 1868 τὸ
721 1844 884 1877 μυστήριον,
903 1843 962 1869 οὐδὲ
981 1844 1062 1870 αὑτὸν
1082 1844 1223 1880 ἠϐουλήθη
1246 1845 1293 1872 τὸν
1330 1843 1359 1872 εὖ
1386 1845 1526 1880 πάσχοντα
1543 1844 1674 1880 μάρτυρα
1701 1845 1747 1870 τοῦ
1783 1853 1906 1879 πραττο-

269 1889 354 1923 μένου
366 1888 536 1924 παραλλὸεῖν
551 1898 559 1905 ·
579 1888 651 1915 οὕτω
667 1889 777 1923 μακρὰν
794 1889 891 1924 ἀπεῖχε
908 1889 956 1915 τοῦ
986 1890 1076 1924 ἥττων
1096 1889 1168 1918 εἶναι
1194 1891 1350 1925 φιλοδοξίας
1371 1899 1378 1906 ·
1398 1892 1460 1918 ἐπεὶ
1476 1891 1524 1918 καὶ
1542 1891 1643 1926 μᾶλλον
1657 1892 1741 1924 αὐτὸς
1756 1892 1860 1926 ἀγαθόν
1875 1901 1901 1918 τι

267 1934 482 1970 ποιῶνῆἒτεροι
500 1935 609 1970 πονηρὰ
620 1935 740 1970 δρῶντες
753 1934 783 1961 τὸ
818 1934 911 1961 λαθεῖν
945 1935 1087 1963 ἔσπευδεν.
1113 1935 1222 1971 Ἀμέλει
1255 1937 1301 1964 καὶ
1326 1937 1407 1973 ἁδρὸν
1433 1937 1588 1972 ἀπόδεσμον
1619 1938 1741 1973 εἰληφὼς
1777 1939 1903 1973 χρυσίου,

267 1980 340 2015 ἀωρὶ
361 1980 416 2006 τῶν
434 1980 540 2006 νυκτῶν
555 1979 652 2012 ἔξεισι,
680 1980 727 2006 καὶ
751 1979 819 2016 πρὸς
834 1980 885 2016 τὴν
904 1981 993 2008 οἰκίαν
1029 1981 1077 2008 τοῦ
1098 1982 1196 2017 ἀειδρδς
1213 1983 1341 2016 ἐπιστὰς,
1377 1984 1408 2010 τὺ
1433 1984 1484 2018 μὲν
1500 1985 1611 2020 χρυσίον
1625 1984 1657 2011 ἐκ
1672 1993 1746 2016 τινος
1761 1985 1814 2011 τῶν
1829 1985 1905 2020 θυρί-

266 2028 321 2054 δων
338 2026 406 2053 εἴσω
423 2027 562 2062 καθίησιν,
584 2027 666 2059 αὐτὸς
689 2027 716 2053 δὲ
780 2027 868 2054 ποδῶν
901 2025 975 2063 εἶχεν
1011 2028 1095 2060 εὐθὺς
1130 2029 1282 2062 ἐπάνεισιν,
1316 2030 1411 2057 ὥσπερ
1441 2031 1637 2066 αἰσχυνόμενος
1671 2031 1790 2066 ὀφθῆναι
1817 2040 1905 2067 μετα-

267 2073 367 2105 διδούς.

304 2119 346 2145 Vl.
364 2118 443 2145 Mane
461 2125 528 2153 ergo
541 2126 604 2145 eutn
620 2118 665 2145 vir
678 2118 722 2146 ille
738 2119 906 2146 surrexisset
920 2125 949 2147 et
963 2127 1061 2148 aurum

1154 2119 1200 2154 ς’.
1215 2119 1321 2146 Ἕωθεν
1344 2119 1390 2146 οὖν
1412 2120 1426 2145 ὁ
1452 2119 1521 2155 ἀνὴρ
1537 2119 1669 2151 ἀναστὰς,
1685 2120 1732 2147 καὶ
1746 2124 1776 2146 το
1794 2120 1906 2155 χρυσίον

267 2164 428 2196 invenisset,
439 2168 468 2191 et
479 2163 580 2191 deinde
592 2164 735 2191 vinculum
749 2164 888 2197 solvisset,
902 2165 954 2192 luit
965 2166 1059 2193 obstu-

1113 2167 1194 2198 εὐθὺς
1212 2165 1348 2202 ὲφευρὼν,
1361 2167 1455 2193 ἔπειτα
1470 2167 1515 2192 τὸν
1531 2166 1631 2200 δεσμὸν
1646 2166 1905 2202 λύσας,ἐκπληκτος

267 2210 399 2245 peractus,
414 2215 442 2237 et
456 2217 485 2237 se
502 2210 600 2237 falsum
616 2218 676 2238 esse
691 2211 817 2246 putabat,
837 2211 938 2239 timens
954 2219 989 2239 ne
1006 2219 1060 2239 non

266 2261 341 2284 esset
357 2265 455 2283 aurum
474 2256 500 2283 id
516 2257 590 2292 quod
615 2257 793 2285 cernebatur.
821 2257 964 2286 Undenam
986 2259 1060 2286 enim

270 2304 322 2331 tale
335 2303 400 2338 quid
421 2303 520 2331 luisset
537 2304 706 2339 suspicatus,
721 2304 842 2332 noluisse
859 2304 1060 2332 benefactorem

270 2355 332 2376 eum
353 2349 457 2376 habere
481 2349 623 2376 conscium
652 2349 779 2376 benelicii
798 2350 841 2377 cui
867 2350 1063 2377 bcnel‘eccrat?

270 2395 404 2428 Quocirca
428 2395 544 2422 summis
564 2395 590 2421 id
610 2399 734 2422 atterens
760 2395 854 2430 digitis
874 2400 902 2422 et
925 2396 1062 2424 curiosius

269 2441 391 2473 intuens,
418 2440 466 2467 ubi
491 2439 621 2475 cognovit
641 2440 669 2467 id
693 2448 758 2467 vere
775 2449 835 2468 esse
862 2449 971 2475 aurum,
988 2443 1062 2469 la:ta-

269 2487 361 2520 batur,
385 2486 551 2519 mirabatur,
572 2486 675 2513 dubius
696 2492 757 2514 erat
772 2488 868 2520 animi,
891 2496 947 2523 pra:
962 2489 1062 2523 gaudio

269 2533 374 2561 calidas
383 2532 543 2560 eliundebat
553 2533 703 2568 lacrymas.
716 2533 863 2568 Postquam
874 2539 965 2562 autem
979 2535 1063 2563 multa

269 2579 341 2614 apud
366 2587 396 2607 se
419 2587 534 2606 versans
562 2580 702 2607 neminem
736 2580 854 2607 habebat
874 2589 969 2608 eorum
994 2590 1063 2616 quos

269 2625 455 2660 cognoscebat
475 2625 519 2651 cui
536 2625 688 2653 ascriberet
708 2625 734 2653 id
752 2625 826 2660 quod
849 2625 949 2654 factum
964 2629 1062 2660 fuerat,

270 2671 323 2697 hoc
336 2671 391 2698 Deo
402 2676 544 2706 acceptum
560 2671 677 2704 ferebat,
690 2676 718 2699 et
730 2671 860 2708 lacrytnis
873 2681 926 2699 non
939 2674 1064 2700 cessabat

270 2715 296 2742 ei
311 2716 412 2751 gratias
428 2724 519 2752 agere,
534 2718 578 2745 sui
597 2725 709 2753 quoque
730 2718 758 2745 in
776 2717 862 2745 Deum
883 2718 989 2753 peccati
1004 2719 1064 2745 eul-

271 2769 334 2796 pam
348 2763 533 2791 contendebat
544 2765 653 2792 solvere
665 2770 730 2792 ante
743 2764 811 2797 alia;
826 2769 854 2792 et
868 2772 950 2792 unam
963 2772 995 2791 ex
1007 2764 1065 2791 suis

272 2807 381 2835 ﬁliabus
414 2817 512 2838 ncmoe
531 2811 660 2845 primam,
684 2812 742 2839 viro
758 2811 901 2846 coniungit
922 2811 1064 2838 matrimo-

307 2891 316 2907 ⁷
333 2890 429 2919 Matth.
447 2900 483 2926 vi,
500 2891 527 2920 3.

1112 2211 1158 2248 ἦν,
1182 2213 1230 2240 καὶ
1258 2213 1354 2241 ἑαυτὸν
1384 2213 1485 2248 μᾶλλον
1499 2212 1689 2248 ἐξηπατῆσθαι
1705 2213 1784 2248 ᾤετο,
1812 2213 1906 2244 δεδιὼς

1115 2258 1152 2294 μὴ
1164 2258 1224 2294 οὐχὶ
1245 2259 1344 2293 χρυσὸς
1403 2258 1433 2285 τὸ
1453 2258 1601 2294 ὁρώμενον,
1620 2259 1679 2285 ἀλλ’
1695 2259 1800 2294 ἀπάτη.
1821 2259 1906 2286 Πόθεν

1112 2304 1167 2339 γὰρ
1182 2305 1214 2330 ἂν
1232 2306 1277 2331 καὶ
1301 2304 1444 2339 ὑπειλήφει
1466 2304 1598 2337 τοιοῦτον,
1615 2306 1645 2331 τὸ
1660 2305 1697 2341 μὴ
1725 2305 1840 2339 θελῆσαι
1858 2305 1909 2331 τὸν

1113 2351 1320 2386 εὐηργετηκότα
1352 2351 1420 2385 μηδὲ
1450 2351 1596 2385 συνίστορα
1614 2350 1661 2377 τὸν
1675 2351 1705 2378 εὖ
1720 2351 1839 2378 παθόντα
1855 2353 1906 2386 τῆς

1114 2397 1274 2431 εὐεργεσίας
1300 2397 1490 2431 παραλαδείνς
1521 2398 1601 2424 Ὅθεν
1633 2399 1728 2432 ἄκροις
1751 2397 1907 2432 ἐπιτρίϐων

1114 2443 1180 2469 αὐτὸ
1205 2442 1361 2474 δακτύλοις,
1389 2443 1437 2469 καὶ
1465 2444 1677 2478 περιεργότερον
1703 2442 1906 2478 ἐπαφώμενος,

1114 2489 1177 2516 ἐπεὶ
1192 2489 1263 2523 ἔγνω
1277 2489 1378 2524 χρυσὸν
1394 2489 1502 2523 ἀληθῶς
1517 2488 1587 2516 εἶναι
1597 2509 1606 2522 ,
1631 2490 1721 2525 ἥδετο,
1740 2489 1906 2524 ἐθαύμαζεν,

1114 2536 1256 2570 ἠπορεῖτο,
1276 2535 1380 2570 θερμὸν
1393 2535 1439 2569 ὑφ’
1455 2535 1552 2570 ἡδονῆς
1564 2535 1702 2568 ἀπέστιζε
1718 2536 1847 2571 δάκρυον,
1857 2535 1908 2561 οὐκ

1115 2580 1187 2617 εἶχεν
1202 2582 1216 2608 ὃ
1230 2591 1256 2608 τι
1273 2583 1319 2608 καὶ
1335 2583 1448 2614 γένοιτο.
1474 2582 1519 2613 Ὠς
1544 2583 1573 2609 δὲ
1596 2583 1681 2609 πολλά
1703 2583 1829 2618 στρέφων
1846 2581 1908 2608 καθ’

1115 2629 1222 2660 ἑαυτὸν,
1236 2628 1329 2654 οὐδένα
1345 2627 1401 2663 εἶχε
1418 2629 1472 2655 τῶν
1491 2630 1703 2664 γινωσκομένων
1719 2626 1741 2663 ᾦ
1758 2628 1908 2663 ἐπιγράφει

1115 2674 1146 2700 τὸ
1160 2675 1284 2708 γεγονὸς,
1302 2675 1348 2700 ἐπὶ
1373 2674 1439 2700 Θεὸν
1461 2674 1578 2709 ἀνέφερε
1601 2674 1692 2707 τοῦτο,
1712 2675 1758 2701 καὶ
1775 2674 1909 2707 δάκρυσιν

1116 2720 1286 2756 εὐχαριστῶν
1317 2721 1368 2746 οὔκ
1387 2720 1469 2747 ἀνίει.
1506 2721 1552 2746 Διὸ
1590 2722 1637 2747 καὶ
1665 2720 1712 2746 τοῦ
1744 2720 1812 2754 πρὸς
1841 2719 1908 2746 Θεὸν

1115 2766 1315 2801 ἁμαρτήματος
1333 2766 1381 2802 τὴν
1411 2767 1500 2793 αἰτίαν
1528 2767 1660 2800 ἠπείγετο
1683 2767 1737 2801 πρὸ
1752 2766 1805 2792 τῶν
1819 2765 1908 2791 ἄλλων

1116 2811 1205 2844 λύειν,
1223 2813 1269 2838 καὶ
1295 2813 1359 2847 μίαν
1373 2812 1428 2840 τῶν
1444 2812 1614 2849 θυγατέρων,
1642 2814 1658 2848 ἡ
1688 2814 1788 2849 πρώτη
1819 2813 1847 2840 δὲ
1872 2809 1907 2847 ἦν
