  <div class='ocr_page' id='page_1' title='image "/cluster/home/n/w/nwhite01/storage/ocr_20150623/116/njp.32101077772984/257.png"; bbox 0 0 2082 3153; ppageno 0'>
   <div class='ocr_carea' id='block_1_1' title="bbox 225 140 278 171">
    <p class='ocr_par' dir='ltr' id='par_1_1' title="bbox 225 140 278 171">
     <span class='ocr_line' id='line_1_1' title="bbox 225 140 278 171; baseline -0.019 0"><span class='ocrx_word' id='word_1_1' title='bbox 225 140 278 171; x_wconf 76' lang='grc' dir='ltr'><strong>3ῖὸ</strong></span> 
     </span>
    </p>
   </div>
   <div class='ocr_carea' id='block_1_2' title="bbox 843 144 1249 177">
    <p class='ocr_par' dir='ltr' id='par_1_2' title="bbox 843 144 1249 177">
     <span class='ocr_line' id='line_1_2' title="bbox 843 144 1249 177; baseline 0.01 -4"><span class='ocrx_word' id='word_1_2' title='bbox 843 144 987 174; x_wconf 63' lang='lat' dir='ltr'><strong>MENSIS</strong></span> <span class='ocrx_word' id='word_1_3' title='bbox 1009 145 1229 177; x_wconf 69' lang='lat' dir='ltr'><strong>DECEMBER.</strong></span> <span class='ocrx_word' id='word_1_4' title='bbox 1246 144 1249 146; x_wconf 68' lang='grc'><em>’</em></span> 
     </span>
    </p>
   </div>
   <div class='ocr_carea' id='block_1_3' title="bbox 1800 144 1851 174">
    <p class='ocr_par' dir='ltr' id='par_1_3' title="bbox 1800 144 1851 174">
     <span class='ocr_line' id='line_1_3' title="bbox 1800 144 1851 174; baseline 0 -1"><span class='ocrx_word' id='word_1_5' title='bbox 1800 144 1851 174; x_wconf 67' lang='grc'><strong>376</strong></span> 
     </span>
    </p>
   </div>
   <div class='ocr_carea' id='block_1_4' title="bbox 225 195 1021 236">
    <p class='ocr_par' dir='ltr' id='par_1_4' title="bbox 225 195 1009 230">
     <span class='ocr_line' id='line_1_4' title="bbox 225 195 1009 230; baseline 0.003 -8"><span class='ocrx_word' id='word_1_6' title='bbox 225 202 250 222; x_wconf 73' lang='grc' dir='ltr'>υι</span> <span class='ocrx_word' id='word_1_7' title='bbox 267 195 407 222; x_wconf 79' lang='lat' dir='ltr'><strong>civitatem</strong></span> <span class='ocrx_word' id='word_1_8' title='bbox 433 196 468 222; x_wconf 84' lang='lat' dir='ltr'><strong>ab</strong></span> <span class='ocrx_word' id='word_1_9' title='bbox 491 203 598 226; x_wconf 82' lang='lat' dir='ltr'><strong>errore,</strong></span> <span class='ocrx_word' id='word_1_10' title='bbox 627 201 657 223; x_wconf 89' lang='lat' dir='ltr'><strong>ut</strong></span> <span class='ocrx_word' id='word_1_11' title='bbox 672 196 697 223; x_wconf 87' lang='lat' dir='ltr'><strong>ei</strong></span> <span class='ocrx_word' id='word_1_12' title='bbox 715 196 826 230; x_wconf 83' lang='lat' dir='ltr'><strong>quidem</strong></span> <span class='ocrx_word' id='word_1_13' title='bbox 854 198 1009 230; x_wconf 72' lang='lat' dir='ltr'><strong>videbatur,</strong></span> 
     </span>
    </p>
   </div>
   <div class='ocr_carea' id='block_1_5' title="bbox 1072 195 1848 236">
    <p class='ocr_par' dir='ltr' id='par_1_5' title="bbox 1072 197 1848 236">
     <span class='ocr_line' id='line_1_5' title="bbox 1072 197 1848 236; baseline 0 -11"><span class='ocrx_word' id='word_1_14' title='bbox 1072 208 1120 231; x_wconf 75' lang='grc' dir='ltr'>παι,</span> <span class='ocrx_word' id='word_1_15' title='bbox 1141 202 1187 227; x_wconf 74' lang='grc' dir='ltr'>καὶ</span> <span class='ocrx_word' id='word_1_16' title='bbox 1200 201 1249 236; x_wconf 78' lang='grc' dir='ltr'>τὴν</span> <span class='ocrx_word' id='word_1_17' title='bbox 1259 199 1334 226; x_wconf 83' lang='grc' dir='ltr'>πόλιν</span> <span class='ocrx_word' id='word_1_18' title='bbox 1348 199 1397 234; x_wconf 83' lang='grc' dir='ltr'>τῆς</span> <span class='ocrx_word' id='word_1_19' title='bbox 1413 199 1515 234; x_wconf 78' lang='grc' dir='ltr'><strong>πλάνης</strong></span> <span class='ocrx_word' id='word_1_20' title='bbox 1532 197 1569 229; x_wconf 86' lang='grc' dir='ltr'>ὡς</span> <span class='ocrx_word' id='word_1_21' title='bbox 1588 198 1663 233; x_wconf 66' lang='grc' dir='ltr'>αὐτῷ</span> <span class='ocrx_word' id='word_1_22' title='bbox 1676 199 1770 225; x_wconf 76' lang='grc' dir='ltr'>δοκοῦν</span> <span class='ocrx_word' id='word_1_23' title='bbox 1781 201 1848 226; x_wconf 76' lang='grc' dir='ltr'>ἀνα-</span> 
     </span>
    </p>
   </div>
   <div class='ocr_carea' id='block_1_6' title="bbox 225 242 1012 276">
    <p class='ocr_par' dir='ltr' id='par_1_6' title="bbox 225 242 1012 276">
     <span class='ocr_line' id='line_1_6' title="bbox 225 242 1012 276; baseline 0.003 -7"><span class='ocrx_word' id='word_1_24' title='bbox 225 243 365 269; x_wconf 87' lang='lat' dir='ltr'><strong>liberarc:</strong></span> <span class='ocrx_word' id='word_1_25' title='bbox 393 250 448 269; x_wconf 89' lang='lat' dir='ltr'><strong>non</strong></span> <span class='ocrx_word' id='word_1_26' title='bbox 469 242 577 269; x_wconf 85' lang='lat' dir='ltr'><strong>modica</strong></span> <span class='ocrx_word' id='word_1_27' title='bbox 604 242 716 276; x_wconf 83' lang='lat' dir='ltr'><strong>quidem</strong></span> <span class='ocrx_word' id='word_1_28' title='bbox 735 244 759 270; x_wconf 89' lang='lat' dir='ltr'><strong>ei</strong></span> <span class='ocrx_word' id='word_1_29' title='bbox 786 243 847 270; x_wconf 88' lang='lat' dir='ltr'><strong>data</strong></span> <span class='ocrx_word' id='word_1_30' title='bbox 872 251 954 271; x_wconf 82' lang='lat' dir='ltr'><strong>manu</strong></span> <span class='ocrx_word' id='word_1_31' title='bbox 979 252 1012 272; x_wconf 84' lang='lat' dir='ltr'><strong>ex</strong></span> 
     </span>
    </p>
   </div>
   <div class='ocr_carea' id='block_1_7' title="bbox 225 288 1012 325">
    <p class='ocr_par' dir='ltr' id='par_1_7' title="bbox 225 288 1012 325">
     <span class='ocr_line' id='line_1_7' title="bbox 225 288 1012 325; baseline 0.004 -10"><span class='ocrx_word' id='word_1_32' title='bbox 225 288 367 324; x_wconf 80' lang='lat' dir='ltr'><strong>Byzantio,</strong></span> <span class='ocrx_word' id='word_1_33' title='bbox 384 295 444 322; x_wconf 66' lang='lat' dir='ltr'><strong>quae</strong></span> <span class='ocrx_word' id='word_1_34' title='bbox 470 296 533 315; x_wconf 81' lang='lat' dir='ltr'><strong>eum</strong></span> <span class='ocrx_word' id='word_1_35' title='bbox 559 296 591 316; x_wconf 90' lang='lat' dir='ltr'><strong>eo</strong></span> <span class='ocrx_word' id='word_1_36' title='bbox 619 293 787 320; x_wconf 82' lang='lat' dir='ltr'><strong>versaretur,</strong></span> <span class='ocrx_word' id='word_1_37' title='bbox 814 296 842 316; x_wconf 80' lang='lat' dir='ltr'><strong>et</strong></span> <span class='ocrx_word' id='word_1_38' title='bbox 862 290 965 325; x_wconf 80' lang='lat' dir='ltr'><strong>majore</strong></span> <span class='ocrx_word' id='word_1_39' title='bbox 979 298 1012 318; x_wconf 76' lang='lat' dir='ltr'><strong>ex</strong></span> 
     </span>
    </p>
   </div>
   <div class='ocr_carea' id='block_1_8' title="bbox 225 333 694 368">
    <p class='ocr_par' dir='ltr' id='par_1_8' title="bbox 225 333 694 368">
     <span class='ocr_line' id='line_1_8' title="bbox 225 333 694 368; baseline 0 -8"><span class='ocrx_word' id='word_1_40' title='bbox 225 333 402 365; x_wconf 73' lang='lat' dir='ltr'><strong>Alexandria,</strong></span> <span class='ocrx_word' id='word_1_41' title='bbox 415 341 477 368; x_wconf 76' lang='lat' dir='ltr'><strong>qua:</strong></span> <span class='ocrx_word' id='word_1_42' title='bbox 493 333 518 359; x_wconf 88' lang='lat' dir='ltr'><strong>ei</strong></span> <span class='ocrx_word' id='word_1_43' title='bbox 536 333 694 360; x_wconf 87' lang='lat' dir='ltr'><strong>inserviret.</strong></span> 
     </span>
    </p>
   </div>
   <div class='ocr_carea' id='block_1_9' title="bbox 266 379 1014 417">
    <p class='ocr_par' dir='ltr' id='par_1_9' title="bbox 266 379 1014 417">
     <span class='ocr_line' id='line_1_9' title="bbox 266 379 1014 417; baseline 0.007 -14"><span class='ocrx_word' id='word_1_44' title='bbox 266 379 321 406; x_wconf 72' lang='lat' dir='ltr'><strong>\&quot;ll.</strong></span> <span class='ocrx_word' id='word_1_45' title='bbox 343 379 530 414; x_wconf 80' lang='lat' dir='ltr'><strong>Hermogenes</strong></span> <span class='ocrx_word' id='word_1_46' title='bbox 553 387 618 414; x_wconf 79' lang='lat' dir='ltr'><strong>ergo</strong></span> <span class='ocrx_word' id='word_1_47' title='bbox 640 380 695 415; x_wconf 86' lang='lat' dir='ltr'><strong>jam</strong></span> <span class='ocrx_word' id='word_1_48' title='bbox 724 381 853 416; x_wconf 78' lang='lat' dir='ltr'><strong>navigans</strong></span> <span class='ocrx_word' id='word_1_49' title='bbox 877 381 905 408; x_wconf 90' lang='lat' dir='ltr'><strong>in</strong></span> <span class='ocrx_word' id='word_1_50' title='bbox 932 381 1014 417; x_wconf 66' lang='lat' dir='ltr'><strong>Egy-</strong></span> 
     </span>
    </p>
   </div>
   <div class='ocr_carea' id='block_1_10' title="bbox 224 427 1015 461">
    <p class='ocr_par' dir='ltr' id='par_1_10' title="bbox 224 427 1015 461">
     <span class='ocr_line' id='line_1_10' title="bbox 224 427 1015 461; baseline 0.004 -8"><span class='ocrx_word' id='word_1_51' title='bbox 224 431 314 460; x_wconf 77' lang='lat' dir='ltr'><strong>ptum,</strong></span> <span class='ocrx_word' id='word_1_52' title='bbox 332 434 394 454; x_wconf 85' lang='lat' dir='ltr'><strong>cum</strong></span> <span class='ocrx_word' id='word_1_53' title='bbox 409 427 531 461; x_wconf 87' lang='lat' dir='ltr'><strong>undique</strong></span> <span class='ocrx_word' id='word_1_54' title='bbox 550 427 757 455; x_wconf 79' lang='lat' dir='ltr'><strong>circumﬂueret</strong></span> <span class='ocrx_word' id='word_1_55' title='bbox 771 429 905 455; x_wconf 76' lang='lat' dir='ltr'><strong>ministris</strong></span> <span class='ocrx_word' id='word_1_56' title='bbox 924 434 951 456; x_wconf 88' lang='lat' dir='ltr'><strong>et</strong></span> <span class='ocrx_word' id='word_1_57' title='bbox 970 436 1015 456; x_wconf 81' lang='lat' dir='ltr'><strong>ea-</strong></span> 
     </span>
    </p>
   </div>
   <div class='ocr_carea' id='block_1_11' title="bbox 226 472 1014 505">
    <p class='ocr_par' dir='ltr' id='par_1_11' title="bbox 226 472 1014 505">
     <span class='ocr_line' id='line_1_11' title="bbox 226 472 1014 505; baseline 0.004 -6"><span class='ocrx_word' id='word_1_58' title='bbox 226 473 375 505; x_wconf 60' lang='lat' dir='ltr'><strong>tc-lligibus,</strong></span> <span class='ocrx_word' id='word_1_59' title='bbox 389 472 465 500; x_wconf 86' lang='lat' dir='ltr'><strong>videt</strong></span> <span class='ocrx_word' id='word_1_60' title='bbox 483 478 538 500; x_wconf 88' lang='lat' dir='ltr'><strong>lres</strong></span> <span class='ocrx_word' id='word_1_61' title='bbox 552 473 625 500; x_wconf 87' lang='lat' dir='ltr'><strong>viros</strong></span> <span class='ocrx_word' id='word_1_62' title='bbox 649 474 808 503; x_wconf 77' lang='lat' dir='ltr'><strong>luminosos.</strong></span> <span class='ocrx_word' id='word_1_63' title='bbox 825 475 849 500; x_wconf 73' lang='lat' dir='ltr'><strong>ei</strong></span> <span class='ocrx_word' id='word_1_64' title='bbox 870 474 1014 502; x_wconf 75' lang='lat' dir='ltr'><strong>dicentes:</strong></span> 
     </span>
    </p>
   </div>
   <div class='ocr_carea' id='block_1_12' title="bbox 228 518 1015 555">
    <p class='ocr_par' dir='ltr' id='par_1_12' title="bbox 228 518 1015 555">
     <span class='ocr_line' id='line_1_12' title="bbox 228 518 1015 555; baseline 0.006 -12"><span class='ocrx_word' id='word_1_65' title='bbox 228 518 307 551; x_wconf 76' lang='lat' dir='ltr'><strong>Vide,</strong></span> <span class='ocrx_word' id='word_1_66' title='bbox 333 518 528 553; x_wconf 80' lang='lat' dir='ltr'><strong>Hermogenes,</strong></span> <span class='ocrx_word' id='word_1_67' title='bbox 549 519 623 553; x_wconf 90' lang='lat' dir='ltr'><strong>quod</strong></span> <span class='ocrx_word' id='word_1_68' title='bbox 647 528 696 546; x_wconf 86' lang='lat' dir='ltr'><strong>nec</strong></span> <span class='ocrx_word' id='word_1_69' title='bbox 721 520 803 547; x_wconf 80' lang='lat' dir='ltr'><strong>breve</strong></span> <span class='ocrx_word' id='word_1_70' title='bbox 826 521 937 555; x_wconf 81' lang='lat' dir='ltr'><strong>quidem</strong></span> <span class='ocrx_word' id='word_1_71' title='bbox 956 526 1015 548; x_wconf 86' lang='lat' dir='ltr'><strong>slu-</strong></span> 
     </span>
    </p>
   </div>
   <div class='ocr_carea' id='block_1_13' title="bbox 227 565 1014 602">
    <p class='ocr_par' dir='ltr' id='par_1_13' title="bbox 227 565 1014 602">
     <span class='ocr_line' id='line_1_13' title="bbox 227 565 1014 602; baseline 0.006 -13"><span class='ocrx_word' id='word_1_72' title='bbox 227 566 302 592; x_wconf 73' lang='lat' dir='ltr'><strong>ilium</strong></span> <span class='ocrx_word' id='word_1_73' title='bbox 319 565 388 592; x_wconf 87' lang='lat' dir='ltr'><strong>Deus</strong></span> <span class='ocrx_word' id='word_1_74' title='bbox 406 565 532 599; x_wconf 74' lang='lat' dir='ltr'><strong>despicit.</strong></span> <span class='ocrx_word' id='word_1_75' title='bbox 550 565 617 592; x_wconf 87' lang='lat' dir='ltr'><strong>Cum</strong></span> <span class='ocrx_word' id='word_1_76' title='bbox 632 566 678 592; x_wconf 86' lang='lat' dir='ltr'><strong>ille</strong></span> <span class='ocrx_word' id='word_1_77' title='bbox 692 572 783 593; x_wconf 86' lang='lat' dir='ltr'><strong>autem</strong></span> <span class='ocrx_word' id='word_1_78' title='bbox 799 567 1014 602; x_wconf 82' lang='lat' dir='ltr'><strong>interrogasset:</strong></span> 
     </span>
    </p>
   </div>
   <div class='ocr_carea' id='block_1_14' title="bbox 228 610 1016 645">
    <p class='ocr_par' dir='ltr' id='par_1_14' title="bbox 228 610 1016 645">
     <span class='ocr_line' id='line_1_14' title="bbox 228 610 1016 645; baseline 0.004 -9"><span class='ocrx_word' id='word_1_79' title='bbox 228 610 261 636; x_wconf 63' lang='lat' dir='ltr'><strong>lit</strong></span> <span class='ocrx_word' id='word_1_80' title='bbox 287 610 360 645; x_wconf 82' lang='lat' dir='ltr'><strong>quod</strong></span> <span class='ocrx_word' id='word_1_81' title='bbox 388 615 430 637; x_wconf 87' lang='lat' dir='ltr'><strong>est</strong></span> <span class='ocrx_word' id='word_1_82' title='bbox 461 611 513 637; x_wconf 90' lang='lat' dir='ltr'><strong>hoc</strong></span> <span class='ocrx_word' id='word_1_83' title='bbox 540 611 623 638; x_wconf 80' lang='lat' dir='ltr'><strong>breve</strong></span> <span class='ocrx_word' id='word_1_84' title='bbox 652 612 796 638; x_wconf 82' lang='lat' dir='ltr'><strong>studium?</strong></span> <span class='ocrx_word' id='word_1_85' title='bbox 823 612 1016 645; x_wconf 79' lang='lat' dir='ltr'><strong>Imperfectum</strong></span> 
     </span>
    </p>
   </div>
   <div class='ocr_carea' id='block_1_15' title="bbox 228 657 1016 692">
    <p class='ocr_par' dir='ltr' id='par_1_15' title="bbox 228 657 1016 692">
     <span class='ocr_line' id='line_1_15' title="bbox 228 657 1016 692; baseline 0.001 -8"><span class='ocrx_word' id='word_1_86' title='bbox 228 662 304 684; x_wconf 90' lang='lat' dir='ltr'><strong>tuum</strong></span> <span class='ocrx_word' id='word_1_87' title='bbox 312 678 318 689; x_wconf 90' lang='lat'><strong>,</strong></span> <span class='ocrx_word' id='word_1_88' title='bbox 329 657 457 684; x_wconf 86' lang='lat' dir='ltr'><strong>dixerunt</strong></span> <span class='ocrx_word' id='word_1_89' title='bbox 465 658 844 692; x_wconf 76' lang='lat' dir='ltr'><strong>suscipientes,prOpositmu,</strong></span> <span class='ocrx_word' id='word_1_90' title='bbox 853 668 862 683; x_wconf 62' lang='grc' dir='ltr'><strong>ι</strong></span> <span class='ocrx_word' id='word_1_91' title='bbox 871 659 922 685; x_wconf 83' lang='lat' dir='ltr'><strong>iam</strong></span> <span class='ocrx_word' id='word_1_92' title='bbox 931 663 1016 691; x_wconf 83' lang='lat' dir='ltr'><strong>tuam,</strong></span> 
     </span>
    </p>
   </div>
   <div class='ocr_carea' id='block_1_16' title="bbox 227 704 1018 740">
    <p class='ocr_par' dir='ltr' id='par_1_16' title="bbox 227 704 1018 740">
     <span class='ocr_line' id='line_1_16' title="bbox 227 704 1018 740; baseline 0.003 -10"><span class='ocrx_word' id='word_1_93' title='bbox 227 712 288 738; x_wconf 71' lang='lat' dir='ltr'><strong>qure</strong></span> <span class='ocrx_word' id='word_1_94' title='bbox 312 704 344 731; x_wconf 88' lang='lat' dir='ltr'><strong>ad</strong></span> <span class='ocrx_word' id='word_1_95' title='bbox 372 704 520 731; x_wconf 89' lang='lat' dir='ltr'><strong>multorum</strong></span> <span class='ocrx_word' id='word_1_96' title='bbox 555 705 698 738; x_wconf 80' lang='lat' dir='ltr'><strong>spectabat</strong></span> <span class='ocrx_word' id='word_1_97' title='bbox 724 705 908 740; x_wconf 77' lang='lat' dir='ltr'><strong>naufragium,</strong></span> <span class='ocrx_word' id='word_1_98' title='bbox 925 704 1018 732; x_wconf 77' lang='lat' dir='ltr'><strong>eﬂ&#39;ecit</strong></span> 
     </span>
    </p>
   </div>
   <div class='ocr_carea' id='block_1_17' title="bbox 229 749 1018 785">
    <p class='ocr_par' dir='ltr' id='par_1_17' title="bbox 229 749 1018 785">
     <span class='ocr_line' id='line_1_17' title="bbox 229 749 1018 785; baseline 0.001 -8"><span class='ocrx_word' id='word_1_99' title='bbox 229 750 278 777; x_wconf 83' lang='lat' dir='ltr'><strong>tibi</strong></span> <span class='ocrx_word' id='word_1_100' title='bbox 308 749 404 785; x_wconf 77' lang='lat' dir='ltr'><strong>gloriae</strong></span> <span class='ocrx_word' id='word_1_101' title='bbox 427 751 643 777; x_wconf 82' lang='lat' dir='ltr'><strong>conciliatricem</strong></span> <span class='ocrx_word' id='word_1_102' title='bbox 669 755 697 778; x_wconf 92' lang='lat' dir='ltr'><strong>et</strong></span> <span class='ocrx_word' id='word_1_103' title='bbox 722 751 855 778; x_wconf 88' lang='lat' dir='ltr'><strong>honorum</strong></span> <span class='ocrx_word' id='word_1_104' title='bbox 877 751 1018 778; x_wconf 86' lang='lat' dir='ltr'><strong>immorta-</strong></span> 
     </span>
    </p>
   </div>
   <div class='ocr_carea' id='block_1_18' title="bbox 228 794 1018 831">
    <p class='ocr_par' dir='ltr' id='par_1_18' title="bbox 228 794 1018 831">
     <span class='ocr_line' id='line_1_18' title="bbox 228 794 1018 831; baseline 0.003 -9"><span class='ocrx_word' id='word_1_105' title='bbox 228 795 306 822; x_wconf 86' lang='lat' dir='ltr'><strong>lium.</strong></span> <span class='ocrx_word' id='word_1_106' title='bbox 326 794 395 822; x_wconf 84' lang='lat' dir='ltr'><strong>Vide</strong></span> <span class='ocrx_word' id='word_1_107' title='bbox 411 804 487 830; x_wconf 80' lang='lat' dir='ltr'><strong>ergo,</strong></span> <span class='ocrx_word' id='word_1_108' title='bbox 502 800 532 822; x_wconf 91' lang='lat' dir='ltr'><strong>ut</strong></span> <span class='ocrx_word' id='word_1_109' title='bbox 549 796 607 823; x_wconf 71' lang='lat' dir='ltr'><strong>haec</strong></span> <span class='ocrx_word' id='word_1_110' title='bbox 622 796 690 822; x_wconf 88' lang='lat' dir='ltr'><strong>bona</strong></span> <span class='ocrx_word' id='word_1_111' title='bbox 707 797 804 823; x_wconf 88' lang='lat' dir='ltr'><strong>nuntia</strong></span> <span class='ocrx_word' id='word_1_112' title='bbox 818 797 889 831; x_wconf 89' lang='lat' dir='ltr'><strong>apud</strong></span> <span class='ocrx_word' id='word_1_113' title='bbox 907 801 933 824; x_wconf 87' lang='lat' dir='ltr'><strong>te</strong></span> <span class='ocrx_word' id='word_1_114' title='bbox 951 804 1018 824; x_wconf 81' lang='lat' dir='ltr'><strong>con-</strong></span> 
     </span>
    </p>
   </div>
   <div class='ocr_carea' id='block_1_19' title="bbox 229 842 1018 877">
    <p class='ocr_par' dir='ltr' id='par_1_19' title="bbox 229 842 1018 877">
     <span class='ocr_line' id='line_1_19' title="bbox 229 842 1018 877; baseline 0.004 -10"><span class='ocrx_word' id='word_1_115' title='bbox 229 849 333 873; x_wconf 78' lang='lat' dir='ltr'><strong>serves,</strong></span> <span class='ocrx_word' id='word_1_116' title='bbox 348 846 375 869; x_wconf 89' lang='lat' dir='ltr'><strong>et</strong></span> <span class='ocrx_word' id='word_1_117' title='bbox 388 850 423 869; x_wconf 92' lang='lat' dir='ltr'><strong>ne</strong></span> <span class='ocrx_word' id='word_1_118' title='bbox 436 850 467 870; x_wconf 87' lang='lat' dir='ltr'><strong>ea</strong></span> <span class='ocrx_word' id='word_1_119' title='bbox 488 842 603 869; x_wconf 83' lang='lat' dir='ltr'><strong>mandes</strong></span> <span class='ocrx_word' id='word_1_120' title='bbox 620 842 771 874; x_wconf 83' lang='lat' dir='ltr'><strong>oblivioni;</strong></span> <span class='ocrx_word' id='word_1_121' title='bbox 787 843 889 870; x_wconf 81' lang='lat' dir='ltr'><strong>etenim</strong></span> <span class='ocrx_word' id='word_1_122' title='bbox 906 850 955 877; x_wconf 83' lang='lat' dir='ltr'><strong>per</strong></span> <span class='ocrx_word' id='word_1_123' title='bbox 965 843 1018 870; x_wconf 88' lang='lat' dir='ltr'><strong>hoc</strong></span> 
     </span>
    </p>
   </div>
   <div class='ocr_carea' id='block_1_20' title="bbox 230 888 1016 924">
    <p class='ocr_par' dir='ltr' id='par_1_20' title="bbox 230 888 1016 924">
     <span class='ocr_line' id='line_1_20' title="bbox 230 888 1016 924; baseline 0.005 -11"><span class='ocrx_word' id='word_1_124' title='bbox 230 893 308 915; x_wconf 84' lang='lat' dir='ltr'><strong>tuum</strong></span> <span class='ocrx_word' id='word_1_125' title='bbox 324 888 376 916; x_wconf 85' lang='lat' dir='ltr'><strong>iter</strong></span> <span class='ocrx_word' id='word_1_126' title='bbox 403 896 464 916; x_wconf 78' lang='lat' dir='ltr'><strong>mox</strong></span> <span class='ocrx_word' id='word_1_127' title='bbox 480 889 595 917; x_wconf 88' lang='lat' dir='ltr'><strong>habebis</strong></span> <span class='ocrx_word' id='word_1_128' title='bbox 611 897 704 916; x_wconf 89' lang='lat' dir='ltr'><strong>verum</strong></span> <span class='ocrx_word' id='word_1_129' title='bbox 718 889 818 924; x_wconf 79' lang='lat' dir='ltr'><strong>Regem</strong></span> <span class='ocrx_word' id='word_1_130' title='bbox 831 895 859 916; x_wconf 88' lang='lat' dir='ltr'><strong>et</strong></span> <span class='ocrx_word' id='word_1_131' title='bbox 871 893 1016 917; x_wconf 74' lang='lat' dir='ltr'><strong>aeternum.</strong></span> 
     </span>
    </p>
   </div>
   <div class='ocr_carea' id='block_1_21' title="bbox 232 934 1017 970">
    <p class='ocr_par' dir='ltr' id='par_1_21' title="bbox 232 934 1017 970">
     <span class='ocr_line' id='line_1_21' title="bbox 232 934 1017 970; baseline 0.001 -9"><span class='ocrx_word' id='word_1_132' title='bbox 232 934 316 961; x_wconf 82' lang='lat' dir='ltr'><strong>Porro</strong></span> <span class='ocrx_word' id='word_1_133' title='bbox 332 939 423 961; x_wconf 86' lang='lat' dir='ltr'><strong>autem</strong></span> <span class='ocrx_word' id='word_1_134' title='bbox 437 943 451 962; x_wconf 83' lang='lat' dir='ltr'><strong>a</strong></span> <span class='ocrx_word' id='word_1_135' title='bbox 465 935 544 962; x_wconf 88' lang='lat' dir='ltr'><strong>nobis</strong></span> <span class='ocrx_word' id='word_1_136' title='bbox 558 942 667 970; x_wconf 84' lang='lat' dir='ltr'><strong>quoque</strong></span> <span class='ocrx_word' id='word_1_137' title='bbox 685 935 750 969; x_wconf 82' lang='lat' dir='ltr'><strong>ipsis</strong></span> <span class='ocrx_word' id='word_1_138' title='bbox 767 944 829 962; x_wconf 80' lang='lat' dir='ltr'><strong>eum</strong></span> <span class='ocrx_word' id='word_1_139' title='bbox 847 936 937 963; x_wconf 88' lang='lat' dir='ltr'><strong>virum</strong></span> <span class='ocrx_word' id='word_1_140' title='bbox 950 943 1017 963; x_wconf 84' lang='lat' dir='ltr'><strong>con-</strong></span> 
     </span>
    </p>
   </div>
   <div class='ocr_carea' id='block_1_22' title="bbox 231 980 1017 1016">
    <p class='ocr_par' dir='ltr' id='par_1_22' title="bbox 231 980 1017 1016">
     <span class='ocr_line' id='line_1_22' title="bbox 231 980 1017 1016; baseline 0.001 -9"><span class='ocrx_word' id='word_1_141' title='bbox 231 980 365 1015; x_wconf 82' lang='lat' dir='ltr'><strong>sequeris,</strong></span> <span class='ocrx_word' id='word_1_142' title='bbox 379 988 428 1015; x_wconf 91' lang='lat' dir='ltr'><strong>per</strong></span> <span class='ocrx_word' id='word_1_143' title='bbox 445 988 526 1015; x_wconf 92' lang='lat' dir='ltr'><strong>quem</strong></span> <span class='ocrx_word' id='word_1_144' title='bbox 541 985 568 1008; x_wconf 89' lang='lat' dir='ltr'><strong>et</strong></span> <span class='ocrx_word' id='word_1_145' title='bbox 581 981 646 1008; x_wconf 84' lang='lat' dir='ltr'><strong>huic</strong></span> <span class='ocrx_word' id='word_1_146' title='bbox 665 981 744 1008; x_wconf 77' lang='lat' dir='ltr'><strong>brato</strong></span> <span class='ocrx_word' id='word_1_147' title='bbox 759 981 825 1016; x_wconf 77' lang='lat' dir='ltr'><strong>Regi</strong></span> <span class='ocrx_word' id='word_1_148' title='bbox 842 981 890 1008; x_wconf 83' lang='lat' dir='ltr'><strong>ﬁas</strong></span> <span class='ocrx_word' id='word_1_149' title='bbox 903 982 1017 1013; x_wconf 86' lang='lat' dir='ltr'><strong>amicus,</strong></span> 
     </span>
    </p>
   </div>
   <div class='ocr_carea' id='block_1_23' title="bbox 230 1026 1018 1062">
    <p class='ocr_par' dir='ltr' id='par_1_23' title="bbox 230 1026 1018 1062">
     <span class='ocr_line' id='line_1_23' title="bbox 230 1026 1018 1062; baseline 0 -9"><span class='ocrx_word' id='word_1_150' title='bbox 230 1031 258 1053; x_wconf 80' lang='lat' dir='ltr'><strong>et</strong></span> <span class='ocrx_word' id='word_1_151' title='bbox 272 1034 336 1053; x_wconf 91' lang='lat' dir='ltr'><strong>eum</strong></span> <span class='ocrx_word' id='word_1_152' title='bbox 359 1026 480 1061; x_wconf 81' lang='lat' dir='ltr'><strong>accipias</strong></span> <span class='ocrx_word' id='word_1_153' title='bbox 509 1027 675 1061; x_wconf 74' lang='lat' dir='ltr'><strong>profectum,</strong></span> <span class='ocrx_word' id='word_1_154' title='bbox 701 1035 784 1062; x_wconf 84' lang='lat' dir='ltr'><strong>quem</strong></span> <span class='ocrx_word' id='word_1_155' title='bbox 803 1027 848 1061; x_wconf 85' lang='lat' dir='ltr'><strong>qui</strong></span> <span class='ocrx_word' id='word_1_156' title='bbox 877 1027 958 1054; x_wconf 82' lang='lat' dir='ltr'><strong>hodie</strong></span> <span class='ocrx_word' id='word_1_157' title='bbox 975 1034 1018 1054; x_wconf 89' lang='lat' dir='ltr'><strong>re-</strong></span> 
     </span>
    </p>
   </div>
   <div class='ocr_carea' id='block_1_24' title="bbox 230 1072 1017 1107">
    <p class='ocr_par' dir='ltr' id='par_1_24' title="bbox 230 1072 1017 1107">
     <span class='ocr_line' id='line_1_24' title="bbox 230 1072 1017 1107; baseline 0 -8"><span class='ocrx_word' id='word_1_158' title='bbox 230 1077 307 1105; x_wconf 63' lang='lat' dir='ltr'><strong>gnat,</strong></span> <span class='ocrx_word' id='word_1_159' title='bbox 329 1072 377 1099; x_wconf 90' lang='lat' dir='ltr'><strong>libi</strong></span> <span class='ocrx_word' id='word_1_160' title='bbox 392 1074 458 1100; x_wconf 88' lang='lat' dir='ltr'><strong>dare</strong></span> <span class='ocrx_word' id='word_1_161' title='bbox 475 1081 527 1100; x_wconf 90' lang='lat' dir='ltr'><strong>non</strong></span> <span class='ocrx_word' id='word_1_162' title='bbox 545 1078 646 1107; x_wconf 88' lang='lat' dir='ltr'><strong>potest.</strong></span> <span class='ocrx_word' id='word_1_163' title='bbox 664 1074 731 1100; x_wconf 82' lang='lat' dir='ltr'><strong>Cum</strong></span> <span class='ocrx_word' id='word_1_164' title='bbox 746 1082 810 1100; x_wconf 89' lang='lat' dir='ltr'><strong>vero</strong></span> <span class='ocrx_word' id='word_1_165' title='bbox 821 1073 854 1100; x_wconf 90' lang='lat' dir='ltr'><strong>ad</strong></span> <span class='ocrx_word' id='word_1_166' title='bbox 865 1077 1017 1101; x_wconf 78' lang='lat' dir='ltr'><strong>extremum</strong></span> 
     </span>
    </p>
   </div>
   <div class='ocr_carea' id='block_1_25' title="bbox 230 1118 1018 1153">
    <p class='ocr_par' dir='ltr' id='par_1_25' title="bbox 230 1118 1018 1153">
     <span class='ocr_line' id='line_1_25' title="bbox 230 1118 1018 1153; baseline 0 -8"><span class='ocrx_word' id='word_1_167' title='bbox 230 1119 292 1153; x_wconf 77' lang='lat' dir='ltr'><strong>galli</strong></span> <span class='ocrx_word' id='word_1_168' title='bbox 315 1124 426 1145; x_wconf 85' lang='lat' dir='ltr'><strong>cantum</strong></span> <span class='ocrx_word' id='word_1_169' title='bbox 453 1126 505 1145; x_wconf 82' lang='lat' dir='ltr'><strong>nox</strong></span> <span class='ocrx_word' id='word_1_170' title='bbox 523 1118 579 1152; x_wconf 84' lang='lat' dir='ltr'><strong>jam</strong></span> <span class='ocrx_word' id='word_1_171' title='bbox 608 1120 790 1153; x_wconf 88' lang='lat' dir='ltr'><strong>pervenisset,</strong></span> <span class='ocrx_word' id='word_1_172' title='bbox 809 1127 925 1147; x_wconf 74' lang='lat' dir='ltr'><strong>excusso</strong></span> <span class='ocrx_word' id='word_1_173' title='bbox 937 1119 1018 1147; x_wconf 84' lang='lat' dir='ltr'><strong>simul</strong></span> 
     </span>
    </p>
   </div>
   <div class='ocr_carea' id='block_1_26' title="bbox 231 1166 1018 1200">
    <p class='ocr_par' dir='ltr' id='par_1_26' title="bbox 231 1166 1018 1200">
     <span class='ocr_line' id='line_1_26' title="bbox 231 1166 1018 1200; baseline 0.001 -9"><span class='ocrx_word' id='word_1_174' title='bbox 231 1172 340 1195; x_wconf 71' lang='lat' dir='ltr'><strong>somno,</strong></span> <span class='ocrx_word' id='word_1_175' title='bbox 365 1170 403 1197; x_wconf 85' lang='lat' dir='ltr'><strong>et,</strong></span> <span class='ocrx_word' id='word_1_176' title='bbox 426 1173 508 1199; x_wconf 82' lang='lat' dir='ltr'><strong>quam</strong></span> <span class='ocrx_word' id='word_1_177' title='bbox 525 1173 558 1192; x_wconf 80' lang='lat' dir='ltr'><strong>ex</strong></span> <span class='ocrx_word' id='word_1_178' title='bbox 583 1170 718 1192; x_wconf 85' lang='lat' dir='ltr'><strong>nocturna</strong></span> <span class='ocrx_word' id='word_1_179' title='bbox 742 1166 848 1192; x_wconf 81' lang='lat' dir='ltr'><strong>visione</strong></span> <span class='ocrx_word' id='word_1_180' title='bbox 865 1169 1018 1200; x_wconf 73' lang='lat' dir='ltr'><strong>acceperat,</strong></span> 
     </span>
    </p>
   </div>
   <div class='ocr_carea' id='block_1_27' title="bbox 232 1211 1020 1246">
    <p class='ocr_par' dir='ltr' id='par_1_27' title="bbox 232 1211 1020 1246">
     <span class='ocr_line' id='line_1_27' title="bbox 232 1211 1020 1246; baseline 0.001 -9"><span class='ocrx_word' id='word_1_181' title='bbox 232 1211 452 1246; x_wconf 76' lang='lat' dir='ltr'><strong>perturbatione,</strong></span> <span class='ocrx_word' id='word_1_182' title='bbox 479 1218 535 1238; x_wconf 89' lang='lat' dir='ltr'><strong>non</strong></span> <span class='ocrx_word' id='word_1_183' title='bbox 553 1212 648 1238; x_wconf 88' lang='lat' dir='ltr'><strong>valens</strong></span> <span class='ocrx_word' id='word_1_184' title='bbox 668 1211 807 1245; x_wconf 87' lang='lat' dir='ltr'><strong>conjicere</strong></span> <span class='ocrx_word' id='word_1_185' title='bbox 830 1219 863 1238; x_wconf 88' lang='lat' dir='ltr'><strong>ea</strong></span> <span class='ocrx_word' id='word_1_186' title='bbox 877 1219 938 1245; x_wconf 67' lang='lat' dir='ltr'><strong>qua:</strong></span> <span class='ocrx_word' id='word_1_187' title='bbox 960 1211 1020 1238; x_wconf 81' lang='lat' dir='ltr'><strong>visa</strong></span> 
     </span>
    </p>
   </div>
   <div class='ocr_carea' id='block_1_28' title="bbox 232 1256 1020 1292">
    <p class='ocr_par' dir='ltr' id='par_1_28' title="bbox 232 1256 1020 1292">
     <span class='ocr_line' id='line_1_28' title="bbox 232 1256 1020 1292; baseline -0.001 -8"><span class='ocrx_word' id='word_1_188' title='bbox 232 1258 354 1289; x_wconf 75' lang='lat' dir='ltr'><strong>fuerant,</strong></span> <span class='ocrx_word' id='word_1_189' title='bbox 380 1257 537 1292; x_wconf 70' lang='lat' dir='ltr'><strong>suspicatus</strong></span> <span class='ocrx_word' id='word_1_190' title='bbox 551 1261 593 1283; x_wconf 84' lang='lat' dir='ltr'><strong>est</strong></span> <span class='ocrx_word' id='word_1_191' title='bbox 610 1256 785 1284; x_wconf 89' lang='lat' dir='ltr'><strong>solummodo</strong></span> <span class='ocrx_word' id='word_1_192' title='bbox 809 1257 945 1284; x_wconf 83' lang='lat' dir='ltr'><strong>somnium</strong></span> <span class='ocrx_word' id='word_1_193' title='bbox 960 1264 1020 1284; x_wconf 80' lang='lat' dir='ltr'><strong>esse</strong></span> 
     </span>
    </p>
   </div>
   <div class='ocr_carea' id='block_1_29' title="bbox 234 1302 1021 1337">
    <p class='ocr_par' dir='ltr' id='par_1_29' title="bbox 234 1302 1021 1337">
     <span class='ocr_line' id='line_1_29' title="bbox 234 1302 1021 1337; baseline -0.001 -7"><span class='ocrx_word' id='word_1_194' title='bbox 234 1303 370 1330; x_wconf 65' lang='lat' dir='ltr'><strong>visionem</strong></span> <span class='ocrx_word' id='word_1_195' title='bbox 394 1303 480 1335; x_wconf 88' lang='lat' dir='ltr'><strong>illam,</strong></span> <span class='ocrx_word' id='word_1_196' title='bbox 499 1303 572 1337; x_wconf 91' lang='lat' dir='ltr'><strong>quod</strong></span> <span class='ocrx_word' id='word_1_197' title='bbox 596 1303 634 1330; x_wconf 90' lang='lat' dir='ltr'><strong>illi</strong></span> <span class='ocrx_word' id='word_1_198' title='bbox 652 1310 703 1329; x_wconf 89' lang='lat' dir='ltr'><strong>nec</strong></span> <span class='ocrx_word' id='word_1_199' title='bbox 720 1302 860 1337; x_wconf 81' lang='lat' dir='ltr'><strong>opinatam</strong></span> <span class='ocrx_word' id='word_1_200' title='bbox 876 1310 892 1329; x_wconf 87' lang='lat' dir='ltr'><strong>e</strong></span> <span class='ocrx_word' id='word_1_201' title='bbox 904 1302 1021 1337; x_wconf 78' lang='lat' dir='ltr'><strong>vestigio</strong></span> 
     </span>
    </p>
   </div>
   <div class='ocr_carea' id='block_1_30' title="bbox 234 1348 1021 1382">
    <p class='ocr_par' dir='ltr' id='par_1_30' title="bbox 234 1348 1021 1382">
     <span class='ocr_line' id='line_1_30' title="bbox 234 1348 1021 1382; baseline 0.001 -8"><span class='ocrx_word' id='word_1_202' title='bbox 234 1356 325 1376; x_wconf 87' lang='lat' dir='ltr'><strong>rerum</strong></span> <span class='ocrx_word' id='word_1_203' title='bbox 351 1348 538 1375; x_wconf 81' lang='lat' dir='ltr'><strong>annuntiabat</strong></span> <span class='ocrx_word' id='word_1_204' title='bbox 563 1348 754 1380; x_wconf 84' lang='lat' dir='ltr'><strong>mutationem,</strong></span> <span class='ocrx_word' id='word_1_205' title='bbox 776 1352 804 1375; x_wconf 88' lang='lat' dir='ltr'><strong>et</strong></span> <span class='ocrx_word' id='word_1_206' title='bbox 821 1348 937 1382; x_wconf 80' lang='lat' dir='ltr'><strong>gloriam</strong></span> <span class='ocrx_word' id='word_1_207' title='bbox 954 1348 1021 1380; x_wconf 83' lang='lat' dir='ltr'><strong>&#39;,for-</strong></span> 
     </span>
    </p>
   </div>
   <div class='ocr_carea' id='block_1_31' title="bbox 237 1393 1021 1428">
    <p class='ocr_par' dir='ltr' id='par_1_31' title="bbox 237 1393 1021 1428">
     <span class='ocr_line' id='line_1_31' title="bbox 237 1393 1021 1428; baseline 0.004 -9"><span class='ocrx_word' id='word_1_208' title='bbox 237 1399 309 1420; x_wconf 72' lang='lat' dir='ltr'><strong>[asse</strong></span> <span class='ocrx_word' id='word_1_209' title='bbox 326 1393 543 1421; x_wconf 76' lang='lat' dir='ltr'><strong>constantiorem</strong></span> <span class='ocrx_word' id='word_1_210' title='bbox 560 1393 683 1428; x_wconf 87' lang='lat' dir='ltr'><strong>quidem,</strong></span> <span class='ocrx_word' id='word_1_211' title='bbox 701 1394 747 1420; x_wconf 85' lang='lat' dir='ltr'><strong>sed</strong></span> <span class='ocrx_word' id='word_1_212' title='bbox 764 1398 856 1421; x_wconf 84' lang='lat' dir='ltr'><strong>tamen</strong></span> <span class='ocrx_word' id='word_1_213' title='bbox 873 1399 1021 1422; x_wconf 78' lang='lat' dir='ltr'><strong>terrenam.</strong></span> 
     </span>
    </p>
   </div>
   <div class='ocr_carea' id='block_1_32' title="bbox 234 1438 1022 1474">
    <p class='ocr_par' dir='ltr' id='par_1_32' title="bbox 234 1438 1022 1474">
     <span class='ocr_line' id='line_1_32' title="bbox 234 1438 1022 1474; baseline 0.003 -9"><span class='ocrx_word' id='word_1_214' title='bbox 234 1438 303 1465; x_wconf 81' lang='lat' dir='ltr'><strong>Cum</strong></span> <span class='ocrx_word' id='word_1_215' title='bbox 323 1443 415 1466; x_wconf 90' lang='lat' dir='ltr'><strong>autem</strong></span> <span class='ocrx_word' id='word_1_216' title='bbox 431 1439 526 1473; x_wconf 81' lang='lat' dir='ltr'><strong>paucis</strong></span> <span class='ocrx_word' id='word_1_217' title='bbox 539 1444 601 1474; x_wconf 87' lang='lat' dir='ltr'><strong>post</strong></span> <span class='ocrx_word' id='word_1_218' title='bbox 616 1439 714 1466; x_wconf 88' lang='lat' dir='ltr'><strong>diebus</strong></span> <span class='ocrx_word' id='word_1_219' title='bbox 730 1439 840 1474; x_wconf 78' lang='lat' dir='ltr'><strong>longam</strong></span> <span class='ocrx_word' id='word_1_220' title='bbox 866 1439 940 1467; x_wconf 78' lang='lat' dir='ltr'><strong>illam</strong></span> <span class='ocrx_word' id='word_1_221' title='bbox 955 1447 1022 1468; x_wconf 88' lang='lat' dir='ltr'><strong>con-</strong></span> 
     </span>
    </p>
   </div>
   <div class='ocr_carea' id='block_1_33' title="bbox 236 1483 1021 1521">
    <p class='ocr_par' dir='ltr' id='par_1_33' title="bbox 236 1483 1021 1521">
     <span class='ocr_line' id='line_1_33' title="bbox 236 1483 1021 1521; baseline 0.003 -10"><span class='ocrx_word' id='word_1_222' title='bbox 236 1483 347 1511; x_wconf 78' lang='lat' dir='ltr'><strong>fecisset</strong></span> <span class='ocrx_word' id='word_1_223' title='bbox 361 1484 575 1520; x_wconf 77' lang='lat' dir='ltr'><strong>navigationem,</strong></span> <span class='ocrx_word' id='word_1_224' title='bbox 597 1489 625 1513; x_wconf 92' lang='lat' dir='ltr'><strong>et</strong></span> <span class='ocrx_word' id='word_1_225' title='bbox 647 1486 754 1520; x_wconf 84' lang='lat' dir='ltr'><strong>placido</strong></span> <span class='ocrx_word' id='word_1_226' title='bbox 767 1485 851 1513; x_wconf 83' lang='lat' dir='ltr'><strong>ﬂuctu</strong></span> <span class='ocrx_word' id='word_1_227' title='bbox 869 1486 896 1513; x_wconf 91' lang='lat' dir='ltr'><strong>in</strong></span> <span class='ocrx_word' id='word_1_228' title='bbox 912 1491 1021 1521; x_wconf 82' lang='lat' dir='ltr'><strong>portum</strong></span> 
     </span>
    </p>
   </div>
   <div class='ocr_carea' id='block_1_34' title="bbox 1065 244 1846 280">
    <p class='ocr_par' dir='ltr' id='par_1_34' title="bbox 1065 244 1846 280">
     <span class='ocr_line' id='line_1_34' title="bbox 1065 244 1846 280; baseline -0.001 -8"><span class='ocrx_word' id='word_1_229' title='bbox 1065 246 1214 277; x_wconf 71' lang='grc' dir='ltr'>σώσασοαι,</span> <span class='ocrx_word' id='word_1_230' title='bbox 1233 245 1293 277; x_wconf 81' lang='grc' dir='ltr'>δούς</span> <span class='ocrx_word' id='word_1_231' title='bbox 1312 254 1340 271; x_wconf 91' lang='grc' dir='ltr'><strong>τε</strong></span> <span class='ocrx_word' id='word_1_232' title='bbox 1358 245 1408 272; x_wconf 89' lang='grc' dir='ltr'><strong>ούκ</strong></span> <span class='ocrx_word' id='word_1_233' title='bbox 1425 244 1519 280; x_wconf 88' lang='grc' dir='ltr'>όλίγην</span> <span class='ocrx_word' id='word_1_234' title='bbox 1531 245 1581 280; x_wconf 82' lang='grc' dir='ltr'>μὲν</span> <span class='ocrx_word' id='word_1_235' title='bbox 1594 245 1672 280; x_wconf 86' lang='grc' dir='ltr'>χεῖρα</span> <span class='ocrx_word' id='word_1_236' title='bbox 1689 245 1737 272; x_wconf 79' lang='grc' dir='ltr'><strong>καὶ</strong></span> <span class='ocrx_word' id='word_1_237' title='bbox 1757 245 1789 272; x_wconf 77' lang='grc' dir='ltr'><strong>ἐκ</strong></span> <span class='ocrx_word' id='word_1_238' title='bbox 1799 246 1846 271; x_wconf 80' lang='grc' dir='ltr'>τοῦ</span> 
     </span>
    </p>
   </div>
   <div class='ocr_carea' id='block_1_35' title="bbox 1065 290 1848 327">
    <p class='ocr_par' dir='ltr' id='par_1_35' title="bbox 1065 290 1848 327">
     <span class='ocr_line' id='line_1_35' title="bbox 1065 290 1848 327; baseline 0 -10"><span class='ocrx_word' id='word_1_239' title='bbox 1065 292 1214 323; x_wconf 79' lang='grc' dir='ltr'>Βυζαντῖου</span> <span class='ocrx_word' id='word_1_240' title='bbox 1231 291 1304 327; x_wconf 72' lang='grc' dir='ltr'><strong>αὗτῷ</strong></span> <span class='ocrx_word' id='word_1_241' title='bbox 1320 291 1495 323; x_wconf 61' lang='grc' dir='ltr'>συί-ἕπεσθαι,</span> <span class='ocrx_word' id='word_1_242' title='bbox 1521 291 1633 322; x_wconf 69' lang='grc' dir='ltr'>πλείονα</span> <span class='ocrx_word' id='word_1_243' title='bbox 1649 290 1677 317; x_wconf 78' lang='grc' dir='ltr'>δὲ</span> <span class='ocrx_word' id='word_1_244' title='bbox 1691 290 1739 317; x_wconf 79' lang='grc' dir='ltr'><strong>καὶ</strong></span> <span class='ocrx_word' id='word_1_245' title='bbox 1754 291 1786 317; x_wconf 75' lang='grc' dir='ltr'><strong>ἐκ</strong></span> <span class='ocrx_word' id='word_1_246' title='bbox 1800 290 1848 326; x_wconf 77' lang='grc' dir='ltr'>τῆς</span> 
     </span>
    </p>
   </div>
   <div class='ocr_carea' id='block_1_36' title="bbox 1071 338 1420 373">
    <p class='ocr_par' dir='ltr' id='par_1_36' title="bbox 1071 338 1420 373">
     <span class='ocr_line' id='line_1_36' title="bbox 1071 338 1420 373; baseline -0.003 -8"><span class='ocrx_word' id='word_1_247' title='bbox 1071 338 1199 370; x_wconf 81' lang='grc' dir='ltr'>’Δλεξάνδ</span> <span class='ocrx_word' id='word_1_248' title='bbox 1203 347 1248 373; x_wconf 86' lang='grc' dir='ltr'><strong>ρου</strong></span> <span class='ocrx_word' id='word_1_249' title='bbox 1263 338 1277 365; x_wconf 80' lang='grc' dir='ltr'><strong>ὗ</strong></span> <span class='ocrx_word' id='word_1_250' title='bbox 1282 347 1318 372; x_wconf 88' lang='grc' dir='ltr'><strong>πη</strong></span> <span class='ocrx_word' id='word_1_251' title='bbox 1322 339 1420 373; x_wconf 82' lang='grc' dir='ltr'>ρετεῖν.</span> 
     </span>
    </p>
   </div>
   <div class='ocr_carea' id='block_1_37' title="bbox 1101 384 1849 420">
    <p class='ocr_par' dir='ltr' id='par_1_37' title="bbox 1101 384 1849 420">
     <span class='ocr_line' id='line_1_37' title="bbox 1101 384 1849 420; baseline -0.003 -7"><span class='ocrx_word' id='word_1_252' title='bbox 1101 385 1137 413; x_wconf 93' lang='grc' dir='ltr'><strong>Ζ’.</strong></span> <span class='ocrx_word' id='word_1_253' title='bbox 1166 385 1195 412; x_wconf 88' lang='lat'><strong>&#39;0</strong></span> <span class='ocrx_word' id='word_1_254' title='bbox 1205 386 1293 411; x_wconf 84' lang='grc' dir='ltr'><strong>τοίνυν</strong></span> <span class='ocrx_word' id='word_1_255' title='bbox 1307 384 1487 420; x_wconf 79' lang='grc' dir='ltr'><strong>Ἑρμογένης,</strong></span> <span class='ocrx_word' id='word_1_256' title='bbox 1503 384 1593 412; x_wconf 86' lang='grc' dir='ltr'>πλέων</span> <span class='ocrx_word' id='word_1_257' title='bbox 1609 384 1659 420; x_wconf 70' lang='grc' dir='ltr'>ἤδη</span> <span class='ocrx_word' id='word_1_258' title='bbox 1678 384 1723 411; x_wconf 70' lang='grc' dir='ltr'><strong>τδν</strong></span> <span class='ocrx_word' id='word_1_259' title='bbox 1738 384 1785 411; x_wconf 68' lang='grc' dir='ltr'><strong>ἐπὶ</strong></span> <span class='ocrx_word' id='word_1_260' title='bbox 1798 384 1849 419; x_wconf 84' lang='grc' dir='ltr'>τὴν</span> 
     </span>
    </p>
   </div>
   <div class='ocr_carea' id='block_1_38' title="bbox 1072 430 1850 466">
    <p class='ocr_par' dir='ltr' id='par_1_38' title="bbox 1072 430 1850 466">
     <span class='ocr_line' id='line_1_38' title="bbox 1072 430 1850 466; baseline -0.004 -7"><span class='ocrx_word' id='word_1_261' title='bbox 1072 431 1276 466; x_wconf 77' lang='grc' dir='ltr'>’Λλεξάνδρειαν</span> <span class='ocrx_word' id='word_1_262' title='bbox 1292 430 1386 463; x_wconf 79' lang='grc' dir='ltr'>πλοῦν,</span> <span class='ocrx_word' id='word_1_263' title='bbox 1406 431 1453 457; x_wconf 78' lang='grc' dir='ltr'><strong>καὶ</strong></span> <span class='ocrx_word' id='word_1_264' title='bbox 1467 430 1636 466; x_wconf 74' lang='grc' dir='ltr'>πανταχόθεν</span> <span class='ocrx_word' id='word_1_265' title='bbox 1661 430 1799 466; x_wconf 69' lang='grc' dir='ltr'>ὑπηρεσία</span> <span class='ocrx_word' id='word_1_266' title='bbox 1820 438 1850 457; x_wconf 78' lang='grc' dir='ltr'><strong>τε</strong></span> 
     </span>
    </p>
   </div>
   <div class='ocr_carea' id='block_1_39' title="bbox 1067 476 1849 513">
    <p class='ocr_par' dir='ltr' id='par_1_39' title="bbox 1067 476 1849 513">
     <span class='ocr_line' id='line_1_39' title="bbox 1067 476 1849 513; baseline -0.003 -8"><span class='ocrx_word' id='word_1_267' title='bbox 1067 478 1150 513; x_wconf 74' lang='grc' dir='ltr'>πολλῇ</span> <span class='ocrx_word' id='word_1_268' title='bbox 1157 478 1355 513; x_wconf 70' lang='grc' dir='ltr'>χαῖδορυφορίᾳ</span> <span class='ocrx_word' id='word_1_269' title='bbox 1364 477 1618 513; x_wconf 81' lang='grc' dir='ltr'>περιρῤεόμενος,ὲν</span> <span class='ocrx_word' id='word_1_270' title='bbox 1626 476 1849 511; x_wconf 66' lang='grc' dir='ltr'>ἐκστάσειῶσπεε</span> 
     </span>
    </p>
   </div>
   <div class='ocr_carea' id='block_1_40' title="bbox 1067 523 1854 559">
    <p class='ocr_par' dir='ltr' id='par_1_40' title="bbox 1067 523 1854 559">
     <span class='ocr_line' id='line_1_40' title="bbox 1067 523 1854 559; baseline -0.001 -9"><span class='ocrx_word' id='word_1_271' title='bbox 1067 524 1138 550; x_wconf 76' lang='grc' dir='ltr'>κατὰ</span> <span class='ocrx_word' id='word_1_272' title='bbox 1154 525 1216 555; x_wconf 76' lang='grc' dir='ltr'>τοὺς</span> <span class='ocrx_word' id='word_1_273' title='bbox 1230 523 1331 555; x_wconf 77' lang='grc' dir='ltr'>ὖπνους</span> <span class='ocrx_word' id='word_1_274' title='bbox 1346 524 1500 558; x_wconf 80' lang='grc' dir='ltr'>γενόμενος,</span> <span class='ocrx_word' id='word_1_275' title='bbox 1517 523 1567 558; x_wconf 78' lang='grc' dir='ltr'>ὁρᾷ</span> <span class='ocrx_word' id='word_1_276' title='bbox 1582 524 1655 559; x_wconf 80' lang='grc' dir='ltr'><strong>τρεῖς</strong></span> <span class='ocrx_word' id='word_1_277' title='bbox 1676 523 1775 557; x_wconf 74' lang='grc' dir='ltr'>ἄνδρας</span> <span class='ocrx_word' id='word_1_278' title='bbox 1794 531 1854 556; x_wconf 83' lang='grc' dir='ltr'>φω-</span> 
     </span>
    </p>
   </div>
   <div class='ocr_carea' id='block_1_41' title="bbox 1067 568 1853 606">
    <p class='ocr_par' dir='ltr' id='par_1_41' title="bbox 1067 568 1853 606">
     <span class='ocr_line' id='line_1_41' title="bbox 1067 568 1853 606; baseline -0.004 -9"><span class='ocrx_word' id='word_1_279' title='bbox 1067 571 1191 601; x_wconf 80' lang='grc' dir='ltr'>τοειδεῖς,</span> <span class='ocrx_word' id='word_1_280' title='bbox 1202 571 1355 603; x_wconf 79' lang='grc' dir='ltr'><strong>φάσκοντας</strong></span> <span class='ocrx_word' id='word_1_281' title='bbox 1365 570 1433 606; x_wconf 77' lang='grc' dir='ltr'>πρδς</span> <span class='ocrx_word' id='word_1_282' title='bbox 1443 570 1533 597; x_wconf 79' lang='grc' dir='ltr'>αὐτόν·</span> <span class='ocrx_word' id='word_1_283' title='bbox 1547 570 1612 602; x_wconf 83' lang='grc' dir='ltr'>Ἰδε,</span> <span class='ocrx_word' id='word_1_284' title='bbox 1629 569 1806 604; x_wconf 77' lang='grc' dir='ltr'>Ἑρμόγενες,</span> <span class='ocrx_word' id='word_1_285' title='bbox 1814 568 1853 600; x_wconf 83' lang='grc' dir='ltr'>ὡς</span> 
     </span>
    </p>
   </div>
   <div class='ocr_carea' id='block_1_42' title="bbox 1068 613 1853 651">
    <p class='ocr_par' dir='ltr' id='par_1_42' title="bbox 1068 613 1853 651">
     <span class='ocr_line' id='line_1_42' title="bbox 1068 613 1853 651; baseline -0.005 -9"><span class='ocrx_word' id='word_1_286' title='bbox 1068 615 1128 642; x_wconf 73' lang='grc' dir='ltr'>οὐδὲ</span> <span class='ocrx_word' id='word_1_287' title='bbox 1144 616 1262 649; x_wconf 75' lang='grc' dir='ltr'><strong>σπουδῆς</strong></span> <span class='ocrx_word' id='word_1_288' title='bbox 1279 615 1409 651; x_wconf 81' lang='grc' dir='ltr'><strong>βραχείας</strong></span> <span class='ocrx_word' id='word_1_289' title='bbox 1428 615 1551 650; x_wconf 75' lang='grc' dir='ltr'>ὑπερορᾷ</span> <span class='ocrx_word' id='word_1_290' title='bbox 1562 615 1575 641; x_wconf 86' lang='grc' dir='ltr'><strong>ό</strong></span> <span class='ocrx_word' id='word_1_291' title='bbox 1587 613 1663 645; x_wconf 78' lang='grc' dir='ltr'>Θεὸς.</span> <span class='ocrx_word' id='word_1_292' title='bbox 1694 613 1853 647; x_wconf 82' lang='grc' dir='ltr'>Πυθομένου</span> 
     </span>
    </p>
   </div>
   <div class='ocr_carea' id='block_1_43' title="bbox 1068 659 1853 696">
    <p class='ocr_par' dir='ltr' id='par_1_43' title="bbox 1068 659 1853 696">
     <span class='ocr_line' id='line_1_43' title="bbox 1068 659 1853 696; baseline -0.004 -9"><span class='ocrx_word' id='word_1_293' title='bbox 1068 661 1096 687; x_wconf 76' lang='grc' dir='ltr'>δὲ</span> <span class='ocrx_word' id='word_1_294' title='bbox 1109 661 1223 694; x_wconf 74' lang='grc' dir='ltr'>ἐκείνου,</span> <span class='ocrx_word' id='word_1_295' title='bbox 1240 661 1295 688; x_wconf 72' lang='grc' dir='ltr'><strong>Καὶ</strong></span> <span class='ocrx_word' id='word_1_296' title='bbox 1308 661 1350 692; x_wconf 86' lang='grc' dir='ltr'><strong>τίς</strong></span> <span class='ocrx_word' id='word_1_297' title='bbox 1364 662 1381 696; x_wconf 77' lang='grc' dir='ltr'><strong>ἡ</strong></span> <span class='ocrx_word' id='word_1_298' title='bbox 1396 660 1510 696; x_wconf 85' lang='grc' dir='ltr'>βραχεῖα</span> <span class='ocrx_word' id='word_1_299' title='bbox 1523 660 1592 695; x_wconf 77' lang='grc' dir='ltr'>αὕτη</span> <span class='ocrx_word' id='word_1_300' title='bbox 1610 659 1728 693; x_wconf 83' lang='grc' dir='ltr'>σπουδή;</span> <span class='ocrx_word' id='word_1_301' title='bbox 1744 660 1853 691; x_wconf 74' lang='grc' dir='ltr'>ἐκεῖνοι,</span> 
     </span>
    </p>
   </div>
   <div class='ocr_carea' id='block_1_44' title="bbox 1069 705 1855 744">
    <p class='ocr_par' dir='ltr' id='par_1_44' title="bbox 1069 705 1855 744">
     <span class='ocr_line' id='line_1_44' title="bbox 1069 705 1855 744; baseline -0.006 -9"><span class='ocrx_word' id='word_1_302' title='bbox 1069 708 1124 744; x_wconf 87' lang='grc' dir='ltr'>Τὴν</span> <span class='ocrx_word' id='word_1_303' title='bbox 1138 708 1218 742; x_wconf 78' lang='grc' dir='ltr'>ἀτελῆ</span> <span class='ocrx_word' id='word_1_304' title='bbox 1238 717 1296 740; x_wconf 90' lang='grc' dir='ltr'>σου,</span> <span class='ocrx_word' id='word_1_305' title='bbox 1310 707 1414 743; x_wconf 70' lang='grc' dir='ltr'>ἔφησαν</span> <span class='ocrx_word' id='word_1_306' title='bbox 1428 707 1634 740; x_wconf 74' lang='grc' dir='ltr'><strong>ὑποδεξάμενοι,</strong></span> <span class='ocrx_word' id='word_1_307' title='bbox 1648 706 1788 741; x_wconf 78' lang='grc' dir='ltr'>πρόθεσιν,</span> <span class='ocrx_word' id='word_1_308' title='bbox 1805 705 1855 738; x_wconf 83' lang='grc' dir='ltr'><strong>τὴν</strong></span> 
     </span>
    </p>
   </div>
   <div class='ocr_carea' id='block_1_45' title="bbox 1069 749 1855 788">
    <p class='ocr_par' dir='ltr' id='par_1_45' title="bbox 1069 749 1855 788">
     <span class='ocr_line' id='line_1_45' title="bbox 1069 749 1855 788; baseline -0.005 -9"><span class='ocrx_word' id='word_1_309' title='bbox 1069 753 1136 788; x_wconf 76' lang='grc' dir='ltr'>πρὸς</span> <span class='ocrx_word' id='word_1_310' title='bbox 1153 753 1271 786; x_wconf 84' lang='grc' dir='ltr'>ναυάγια</span> <span class='ocrx_word' id='word_1_311' title='bbox 1287 752 1394 779; x_wconf 82' lang='grc' dir='ltr'>πολλῶν</span> <span class='ocrx_word' id='word_1_312' title='bbox 1410 751 1620 779; x_wconf 74' lang='grc' dir='ltr'>άποὸλέπουσάν</span> <span class='ocrx_word' id='word_1_313' title='bbox 1647 759 1695 778; x_wconf 82' lang='grc' dir='ltr'><strong>σου</strong></span> <span class='ocrx_word' id='word_1_314' title='bbox 1718 750 1787 783; x_wconf 78' lang='grc' dir='ltr'>ὁδὸν,</span> <span class='ocrx_word' id='word_1_315' title='bbox 1812 749 1855 775; x_wconf 80' lang='grc' dir='ltr'>δό-</span> 
     </span>
    </p>
   </div>
   <div class='ocr_carea' id='block_1_46' title="bbox 1070 796 1849 834">
    <p class='ocr_par' dir='ltr' id='par_1_46' title="bbox 1070 796 1849 834">
     <span class='ocr_line' id='line_1_46' title="bbox 1070 796 1849 834; baseline -0.005 -8"><span class='ocrx_word' id='word_1_316' title='bbox 1070 799 1119 834; x_wconf 75' lang='grc' dir='ltr'>ξης</span> <span class='ocrx_word' id='word_1_317' title='bbox 1147 808 1187 826; x_wconf 87' lang='grc' dir='ltr'><strong>σοι</strong></span> <span class='ocrx_word' id='word_1_318' title='bbox 1214 799 1318 826; x_wconf 73' lang='grc' dir='ltr'>τέθεικε</span> <span class='ocrx_word' id='word_1_319' title='bbox 1347 799 1475 833; x_wconf 79' lang='grc' dir='ltr'>πρόξενον</span> <span class='ocrx_word' id='word_1_320' title='bbox 1505 798 1553 824; x_wconf 79' lang='grc' dir='ltr'><strong>καὶ</strong></span> <span class='ocrx_word' id='word_1_321' title='bbox 1576 797 1718 824; x_wconf 80' lang='grc' dir='ltr'>ἀθανάτων</span> <span class='ocrx_word' id='word_1_322' title='bbox 1746 796 1849 830; x_wconf 81' lang='grc' dir='ltr'>τιμῶν.</span> 
     </span>
    </p>
   </div>
   <div class='ocr_carea' id='block_1_47' title="bbox 1071 841 1854 878">
    <p class='ocr_par' dir='ltr' id='par_1_47' title="bbox 1071 841 1854 878">
     <span class='ocr_line' id='line_1_47' title="bbox 1071 841 1854 878; baseline -0.005 -6"><span class='ocrx_word' id='word_1_323' title='bbox 1071 846 1144 877; x_wconf 80' lang='grc' dir='ltr'><strong>Σῶζε</strong></span> <span class='ocrx_word' id='word_1_324' title='bbox 1158 845 1205 872; x_wconf 77' lang='grc' dir='ltr'>οὖν</span> <span class='ocrx_word' id='word_1_325' title='bbox 1227 844 1308 871; x_wconf 74' lang='grc' dir='ltr'>ταυτὶ</span> <span class='ocrx_word' id='word_1_326' title='bbox 1325 844 1361 871; x_wconf 86' lang='grc' dir='ltr'><strong>τὰ</strong></span> <span class='ocrx_word' id='word_1_327' title='bbox 1380 844 1528 878; x_wconf 73' lang='grc' dir='ltr'>εὐαγγέλια</span> <span class='ocrx_word' id='word_1_328' title='bbox 1545 844 1620 878; x_wconf 74' lang='grc' dir='ltr'>παρὰ.</span> <span class='ocrx_word' id='word_1_329' title='bbox 1642 842 1733 877; x_wconf 83' lang='grc' dir='ltr'>σαυτῷ</span> <span class='ocrx_word' id='word_1_330' title='bbox 1757 841 1854 869; x_wconf 86' lang='grc' dir='ltr'>ἀνεπί-</span> 
     </span>
    </p>
   </div>
   <div class='ocr_carea' id='block_1_48' title="bbox 1070 886 1854 931">
    <p class='ocr_par' dir='ltr' id='par_1_48' title="bbox 1070 886 1854 931">
     <span class='ocr_line' id='line_1_48' title="bbox 1070 886 1854 931; baseline -0.005 -14"><span class='ocrx_word' id='word_1_331' title='bbox 1070 891 1168 926; x_wconf 87' lang='grc' dir='ltr'>ληστα.</span> <span class='ocrx_word' id='word_1_332' title='bbox 1186 890 1242 917; x_wconf 77' lang='grc' dir='ltr'><strong>Καὶ</strong></span> <span class='ocrx_word' id='word_1_333' title='bbox 1257 890 1311 924; x_wconf 87' lang='grc' dir='ltr'><strong>γὰρ</strong></span> <span class='ocrx_word' id='word_1_334' title='bbox 1329 888 1492 931; x_wconf 58' lang='grc' dir='ltr'>διὰξαύτης</span> <span class='ocrx_word' id='word_1_335' title='bbox 1510 896 1557 915; x_wconf 89' lang='grc' dir='ltr'><strong>σου</strong></span> <span class='ocrx_word' id='word_1_336' title='bbox 1581 888 1632 922; x_wconf 82' lang='grc' dir='ltr'>τῆς</span> <span class='ocrx_word' id='word_1_337' title='bbox 1653 887 1766 923; x_wconf 77' lang='grc' dir='ltr'>πορείας</span> <span class='ocrx_word' id='word_1_338' title='bbox 1782 886 1854 920; x_wconf 77' lang='grc' dir='ltr'>ἕξεις</span> 
     </span>
    </p>
   </div>
   <div class='ocr_carea' id='block_1_49' title="bbox 1069 933 1849 970">
    <p class='ocr_par' dir='ltr' id='par_1_49' title="bbox 1069 933 1849 970">
     <span class='ocr_line' id='line_1_49' title="bbox 1069 933 1849 970; baseline -0.006 -7"><span class='ocrx_word' id='word_1_339' title='bbox 1069 938 1132 964; x_wconf 81' lang='grc' dir='ltr'>ὅσον</span> <span class='ocrx_word' id='word_1_340' title='bbox 1155 936 1232 963; x_wconf 76' lang='grc' dir='ltr'>οὔπω</span> <span class='ocrx_word' id='word_1_341' title='bbox 1259 936 1370 970; x_wconf 80' lang='grc' dir='ltr'>βασιλέα</span> <span class='ocrx_word' id='word_1_342' title='bbox 1391 934 1518 970; x_wconf 74' lang='grc' dir='ltr'>ἀληθινὸν</span> <span class='ocrx_word' id='word_1_343' title='bbox 1533 934 1582 960; x_wconf 83' lang='grc' dir='ltr'><strong>καὶ</strong></span> <span class='ocrx_word' id='word_1_344' title='bbox 1597 934 1698 960; x_wconf 71' lang='grc' dir='ltr'>ἀΐδιον·</span> <span class='ocrx_word' id='word_1_345' title='bbox 1716 933 1849 968; x_wconf 84' lang='grc' dir='ltr'>εὐμοιρή-</span> 
     </span>
    </p>
   </div>
   <div class='ocr_carea' id='block_1_50' title="bbox 1071 979 1856 1016">
    <p class='ocr_par' dir='ltr' id='par_1_50' title="bbox 1071 979 1856 1016">
     <span class='ocr_line' id='line_1_50' title="bbox 1071 979 1856 1016; baseline -0.005 -7"><span class='ocrx_word' id='word_1_346' title='bbox 1071 991 1127 1014; x_wconf 87' lang='grc' dir='ltr'>σεις</span> <span class='ocrx_word' id='word_1_347' title='bbox 1140 982 1168 1009; x_wconf 78' lang='grc' dir='ltr'>δὲ</span> <span class='ocrx_word' id='word_1_348' title='bbox 1191 982 1239 1009; x_wconf 78' lang='grc' dir='ltr'><strong>καὶ</strong></span> <span class='ocrx_word' id='word_1_349' title='bbox 1254 982 1326 1016; x_wconf 83' lang='grc' dir='ltr'>παρ’</span> <span class='ocrx_word' id='word_1_350' title='bbox 1350 981 1428 1016; x_wconf 81' lang='grc' dir='ltr'>ἡμῶν</span> <span class='ocrx_word' id='word_1_351' title='bbox 1444 980 1534 1007; x_wconf 85' lang='grc' dir='ltr'>αὐτῶν</span> <span class='ocrx_word' id='word_1_352' title='bbox 1548 980 1644 1014; x_wconf 81' lang='grc' dir='ltr'>ἀνδρὸς</span> <span class='ocrx_word' id='word_1_353' title='bbox 1661 979 1797 1012; x_wconf 85' lang='grc' dir='ltr'>τοιούτου,</span> <span class='ocrx_word' id='word_1_354' title='bbox 1820 979 1856 1005; x_wconf 85' lang='grc' dir='ltr'><strong>δι’</strong></span> 
     </span>
    </p>
   </div>
   <div class='ocr_carea' id='block_1_51' title="bbox 1069 1020 1857 1063">
    <p class='ocr_par' dir='ltr' id='par_1_51' title="bbox 1069 1020 1857 1063">
     <span class='ocr_line' id='line_1_51' title="bbox 1069 1020 1857 1063; baseline -0.005 -8"><span class='ocrx_word' id='word_1_355' title='bbox 1069 1028 1099 1055; x_wconf 75' lang='grc' dir='ltr'>οὗ</span> <span class='ocrx_word' id='word_1_356' title='bbox 1129 1028 1162 1056; x_wconf 82' lang='grc' dir='ltr'>ἂν</span> <span class='ocrx_word' id='word_1_357' title='bbox 1176 1028 1252 1063; x_wconf 76' lang='grc' dir='ltr'>φίλος</span> <span class='ocrx_word' id='word_1_358' title='bbox 1279 1036 1308 1055; x_wconf 82' lang='grc' dir='ltr'><strong>τε</strong></span> <span class='ocrx_word' id='word_1_359' title='bbox 1335 1028 1421 1063; x_wconf 66' lang='grc' dir='ltr'>ῥᾷστα</span> <span class='ocrx_word' id='word_1_360' title='bbox 1436 1027 1502 1063; x_wconf 82' lang='grc' dir='ltr'>γένῃ</span> <span class='ocrx_word' id='word_1_361' title='bbox 1518 1026 1556 1061; x_wconf 85' lang='grc' dir='ltr'><strong>τῷ</strong></span> <span class='ocrx_word' id='word_1_362' title='bbox 1573 1025 1679 1061; x_wconf 88' lang='grc' dir='ltr'>βασιλεί</span> <span class='ocrx_word' id='word_1_363' title='bbox 1691 1020 1789 1060; x_wconf 80' lang='grc' dir='ltr'>τούτῳ,</span> <span class='ocrx_word' id='word_1_364' title='bbox 1809 1025 1857 1052; x_wconf 72' lang='grc' dir='ltr'><strong>καὶ</strong></span> 
     </span>
    </p>
   </div>
   <div class='ocr_carea' id='block_1_52' title="bbox 1069 1073 1857 1111">
    <p class='ocr_par' dir='ltr' id='par_1_52' title="bbox 1069 1073 1857 1111">
     <span class='ocr_line' id='line_1_52' title="bbox 1069 1073 1857 1111; baseline -0.006 -8"><span class='ocrx_word' id='word_1_365' title='bbox 1069 1075 1214 1111; x_wconf 81' lang='grc' dir='ltr'>προκοπῆς</span> <span class='ocrx_word' id='word_1_366' title='bbox 1246 1074 1406 1110; x_wconf 75' lang='grc' dir='ltr'><strong>μετάσχῃς,</strong></span> <span class='ocrx_word' id='word_1_367' title='bbox 1434 1074 1468 1109; x_wconf 74' lang='grc' dir='ltr'>ἢν</span> <span class='ocrx_word' id='word_1_368' title='bbox 1500 1074 1514 1099; x_wconf 86' lang='grc' dir='ltr'><strong>ό</strong></span> <span class='ocrx_word' id='word_1_369' title='bbox 1548 1074 1667 1108; x_wconf 77' lang='grc' dir='ltr'>σήμερον</span> <span class='ocrx_word' id='word_1_370' title='bbox 1707 1073 1857 1107; x_wconf 73' lang='grc' dir='ltr'>βασιλεύων</span> 
     </span>
    </p>
   </div>
   <div class='ocr_carea' id='block_1_53' title="bbox 1070 1119 1857 1155">
    <p class='ocr_par' dir='ltr' id='par_1_53' title="bbox 1070 1119 1857 1155">
     <span class='ocr_line' id='line_1_53' title="bbox 1070 1119 1857 1155; baseline -0.005 -6"><span class='ocrx_word' id='word_1_371' title='bbox 1070 1121 1161 1149; x_wconf 75' lang='grc' dir='ltr'>δοῦναί</span> <span class='ocrx_word' id='word_1_372' title='bbox 1186 1128 1227 1147; x_wconf 83' lang='grc' dir='ltr'><strong>σοι</strong></span> <span class='ocrx_word' id='word_1_373' title='bbox 1251 1120 1382 1155; x_wconf 76' lang='grc' dir='ltr'>διαπορεῖ.</span> <span class='ocrx_word' id='word_1_374' title='bbox 1413 1119 1492 1146; x_wconf 73' lang='grc' dir='ltr'>Ἐπεὶ</span> <span class='ocrx_word' id='word_1_375' title='bbox 1506 1119 1534 1146; x_wconf 81' lang='grc' dir='ltr'>δὲ</span> <span class='ocrx_word' id='word_1_376' title='bbox 1555 1120 1604 1146; x_wconf 73' lang='grc' dir='ltr'><strong>καὶ</strong></span> <span class='ocrx_word' id='word_1_377' title='bbox 1623 1120 1638 1154; x_wconf 79' lang='grc' dir='ltr'>ἡ</span> <span class='ocrx_word' id='word_1_378' title='bbox 1663 1120 1710 1153; x_wconf 65' lang='grc' dir='ltr'><strong>νὺξ</strong></span> <span class='ocrx_word' id='word_1_379' title='bbox 1724 1119 1774 1155; x_wconf 75' lang='grc' dir='ltr'>ήδη</span> <span class='ocrx_word' id='word_1_380' title='bbox 1793 1119 1857 1154; x_wconf 74' lang='grc' dir='ltr'>περὶ</span> 
     </span>
    </p>
   </div>
   <div class='ocr_carea' id='block_1_54' title="bbox 1070 1165 1857 1202">
    <p class='ocr_par' dir='ltr' id='par_1_54' title="bbox 1070 1165 1857 1202">
     <span class='ocr_line' id='line_1_54' title="bbox 1070 1165 1857 1202; baseline -0.004 -7"><span class='ocrx_word' id='word_1_381' title='bbox 1070 1169 1121 1198; x_wconf 74' lang='grc' dir='ltr'><strong>τὰς</strong></span> <span class='ocrx_word' id='word_1_382' title='bbox 1136 1167 1256 1202; x_wconf 75' lang='grc' dir='ltr'>ἐσχάτας</span> <span class='ocrx_word' id='word_1_383' title='bbox 1284 1165 1317 1201; x_wconf 78' lang='grc' dir='ltr'>ἦν</span> <span class='ocrx_word' id='word_1_384' title='bbox 1332 1166 1387 1193; x_wconf 85' lang='grc' dir='ltr'>τῶν</span> <span class='ocrx_word' id='word_1_385' title='bbox 1404 1166 1594 1202; x_wconf 75' lang='grc' dir='ltr'>ἀλεκτρυόνων</span> <span class='ocrx_word' id='word_1_386' title='bbox 1621 1166 1706 1201; x_wconf 72' lang='grc' dir='ltr'>ᾠδὰς,</span> <span class='ocrx_word' id='word_1_387' title='bbox 1731 1166 1811 1196; x_wconf 69' lang='grc' dir='ltr'>εὐθὺς</span> <span class='ocrx_word' id='word_1_388' title='bbox 1843 1166 1857 1192; x_wconf 84' lang='grc' dir='ltr'><strong><em>ὁ</em></strong></span> 
     </span>
    </p>
   </div>
   <div class='ocr_carea' id='block_1_55' title="bbox 1077 1211 1859 1248">
    <p class='ocr_par' dir='ltr' id='par_1_55' title="bbox 1077 1211 1859 1248">
     <span class='ocr_line' id='line_1_55' title="bbox 1077 1211 1859 1248; baseline -0.003 -8"><span class='ocrx_word' id='word_1_389' title='bbox 1077 1213 1249 1248; x_wconf 80' lang='grc' dir='ltr'>Ἑρμογένης</span> <span class='ocrx_word' id='word_1_390' title='bbox 1272 1212 1508 1247; x_wconf 78' lang='grc' dir='ltr'>ἀποτιναξάμενος</span> <span class='ocrx_word' id='word_1_391' title='bbox 1531 1212 1596 1247; x_wconf 76' lang='grc' dir='ltr'>ἅμα·</span> <span class='ocrx_word' id='word_1_392' title='bbox 1614 1212 1661 1238; x_wconf 88' lang='grc' dir='ltr'><strong>τόν</strong></span> <span class='ocrx_word' id='word_1_393' title='bbox 1673 1220 1702 1238; x_wconf 88' lang='grc' dir='ltr'><strong>τε</strong></span> <span class='ocrx_word' id='word_1_394' title='bbox 1712 1211 1795 1238; x_wconf 79' lang='grc' dir='ltr'>ὕπνον</span> <span class='ocrx_word' id='word_1_395' title='bbox 1811 1211 1859 1238; x_wconf 75' lang='grc' dir='ltr'><strong>καὶ</strong></span> 
     </span>
    </p>
   </div>
   <div class='ocr_carea' id='block_1_56' title="bbox 1071 1257 1858 1293">
    <p class='ocr_par' dir='ltr' id='par_1_56' title="bbox 1071 1257 1858 1293">
     <span class='ocr_line' id='line_1_56' title="bbox 1071 1257 1858 1293; baseline -0.001 -9"><span class='ocrx_word' id='word_1_396' title='bbox 1071 1259 1116 1285; x_wconf 75' lang='grc' dir='ltr'><strong>τὸν</strong></span> <span class='ocrx_word' id='word_1_397' title='bbox 1134 1260 1165 1285; x_wconf 69' lang='grc' dir='ltr'><strong>ιχ</strong></span> <span class='ocrx_word' id='word_1_398' title='bbox 1179 1259 1228 1293; x_wconf 83' lang='grc' dir='ltr'>τῆς</span> <span class='ocrx_word' id='word_1_399' title='bbox 1250 1257 1413 1292; x_wconf 82' lang='grc' dir='ltr'>νυκτερινῆς</span> <span class='ocrx_word' id='word_1_400' title='bbox 1435 1257 1523 1292; x_wconf 71' lang='grc' dir='ltr'>ὂψεως</span> <span class='ocrx_word' id='word_1_401' title='bbox 1553 1257 1679 1292; x_wconf 68' lang='grc' dir='ltr'>θόρυϐον,</span> <span class='ocrx_word' id='word_1_402' title='bbox 1707 1257 1858 1291; x_wconf 79' lang='grc' dir='ltr'>συμῦαλετν</span> 
     </span>
    </p>
   </div>
   <div class='ocr_carea' id='block_1_57' title="bbox 1072 1300 1858 1338">
    <p class='ocr_par' dir='ltr' id='par_1_57' title="bbox 1072 1300 1858 1338">
     <span class='ocr_line' id='line_1_57' title="bbox 1072 1300 1858 1338; baseline -0.001 -8"><span class='ocrx_word' id='word_1_403' title='bbox 1072 1304 1123 1331; x_wconf 75' lang='grc' dir='ltr'><strong>οὐκ</strong></span> <span class='ocrx_word' id='word_1_404' title='bbox 1139 1303 1209 1338; x_wconf 74' lang='grc' dir='ltr'>ἔχων</span> <span class='ocrx_word' id='word_1_405' title='bbox 1239 1303 1275 1329; x_wconf 82' lang='grc' dir='ltr'><strong>τὰ</strong></span> <span class='ocrx_word' id='word_1_406' title='bbox 1299 1302 1444 1338; x_wconf 81' lang='grc' dir='ltr'>ὁραθέντα.</span> <span class='ocrx_word' id='word_1_407' title='bbox 1471 1303 1577 1337; x_wconf 76' lang='grc' dir='ltr'>δνειρον</span> <span class='ocrx_word' id='word_1_408' title='bbox 1589 1302 1683 1334; x_wconf 81' lang='grc' dir='ltr'>ἁπλῶς</span> <span class='ocrx_word' id='word_1_409' title='bbox 1708 1300 1780 1329; x_wconf 72' lang='grc' dir='ltr'>εἶναι</span> <span class='ocrx_word' id='word_1_410' title='bbox 1807 1303 1858 1336; x_wconf 83' lang='grc' dir='ltr'>τὴν</span> 
     </span>
    </p>
   </div>
   <div class='ocr_carea' id='block_1_58' title="bbox 1072 1348 1855 1384">
    <p class='ocr_par' dir='ltr' id='par_1_58' title="bbox 1072 1348 1855 1384">
     <span class='ocr_line' id='line_1_58' title="bbox 1072 1348 1855 1384; baseline -0.001 -7"><span class='ocrx_word' id='word_1_411' title='bbox 1072 1349 1207 1377; x_wconf 74' lang='grc' dir='ltr'>ὀπτασίαν</span> <span class='ocrx_word' id='word_1_412' title='bbox 1221 1348 1397 1380; x_wconf 77' lang='grc' dir='ltr'>ὑπώπτευκε,</span> <span class='ocrx_word' id='word_1_413' title='bbox 1432 1348 1586 1383; x_wconf 83' lang='grc' dir='ltr'>παράλογον</span> <span class='ocrx_word' id='word_1_414' title='bbox 1607 1349 1682 1384; x_wconf 84' lang='grc' dir='ltr'>αὐτῷ</span> <span class='ocrx_word' id='word_1_415' title='bbox 1700 1349 1855 1384; x_wconf 69' lang='grc' dir='ltr'>μεταϐολὴν</span> 
     </span>
    </p>
   </div>
   <div class='ocr_carea' id='block_1_59' title="bbox 1073 1394 1855 1430">
    <p class='ocr_par' dir='ltr' id='par_1_59' title="bbox 1073 1394 1855 1430">
     <span class='ocr_line' id='line_1_59' title="bbox 1073 1394 1855 1430; baseline -0.001 -9"><span class='ocrx_word' id='word_1_416' title='bbox 1073 1395 1245 1430; x_wconf 87' lang='grc' dir='ltr'>πραγμάτων</span> <span class='ocrx_word' id='word_1_417' title='bbox 1260 1394 1417 1425; x_wconf 80' lang='grc' dir='ltr'>καταπόδας</span> <span class='ocrx_word' id='word_1_418' title='bbox 1431 1394 1678 1429; x_wconf 77' lang='grc' dir='ltr'>ἐπαγγελλόμενον,</span> <span class='ocrx_word' id='word_1_419' title='bbox 1699 1396 1746 1421; x_wconf 79' lang='grc' dir='ltr'>καὶ</span> <span class='ocrx_word' id='word_1_420' title='bbox 1775 1394 1855 1427; x_wconf 74' lang='grc' dir='ltr'>δόξαν</span> 
     </span>
    </p>
   </div>
   <div class='ocr_carea' id='block_1_60' title="bbox 1073 1440 1852 1477">
    <p class='ocr_par' dir='ltr' id='par_1_60' title="bbox 1073 1440 1852 1477">
     <span class='ocr_line' id='line_1_60' title="bbox 1073 1440 1852 1477; baseline -0.001 -8"><span class='ocrx_word' id='word_1_421' title='bbox 1073 1443 1138 1473; x_wconf 68' lang='lat' dir='ltr'><strong>tam;</strong></span> <span class='ocrx_word' id='word_1_422' title='bbox 1168 1441 1355 1477; x_wconf 82' lang='grc' dir='ltr'>μονιμωτέραν</span> <span class='ocrx_word' id='word_1_423' title='bbox 1379 1441 1439 1476; x_wconf 69' lang='grc' dir='ltr'>μέν,</span> <span class='ocrx_word' id='word_1_424' title='bbox 1452 1440 1662 1475; x_wconf 80' lang='grc' dir='ltr'>ἀλλ’ἔπίγειον.</span> <span class='ocrx_word' id='word_1_425' title='bbox 1680 1441 1852 1476; x_wconf 71' lang='grc' dir='ltr'>Περαιωϐεὶς</span> 
     </span>
    </p>
   </div>
   <div class='ocr_carea' id='block_1_61' title="bbox 1072 1486 1860 1520">
    <p class='ocr_par' dir='ltr' id='par_1_61' title="bbox 1072 1486 1860 1520">
     <span class='ocr_line' id='line_1_61' title="bbox 1072 1486 1860 1520; baseline 0 -7"><span class='ocrx_word' id='word_1_426' title='bbox 1072 1487 1102 1513; x_wconf 57' lang='grc' dir='ltr'>δὲ</span> <span class='ocrx_word' id='word_1_427' title='bbox 1126 1486 1188 1520; x_wconf 68' lang='grc' dir='ltr'>μετ’</span> <span class='ocrx_word' id='word_1_428' title='bbox 1210 1487 1305 1519; x_wconf 81' lang='grc' dir='ltr'>ὀλίγας</span> <span class='ocrx_word' id='word_1_429' title='bbox 1324 1486 1372 1513; x_wconf 79' lang='grc' dir='ltr'>τὸν</span> <span class='ocrx_word' id='word_1_430' title='bbox 1389 1486 1474 1513; x_wconf 77' lang='grc' dir='ltr'>πολὺν</span> <span class='ocrx_word' id='word_1_431' title='bbox 1500 1487 1603 1513; x_wconf 70' lang='grc' dir='ltr'>ἐκεῖνον</span> <span class='ocrx_word' id='word_1_432' title='bbox 1631 1486 1782 1519; x_wconf 81' lang='grc' dir='ltr'>ἀπόπλουν,</span> <span class='ocrx_word' id='word_1_433' title='bbox 1811 1487 1860 1513; x_wconf 77' lang='grc' dir='ltr'><strong>καὶ</strong></span> 
     </span>
    </p>
   </div>
   <div class='ocr_carea' id='block_1_62' title="bbox 236 1530 1021 1577">
    <p class='ocr_par' dir='ltr' id='par_1_62' title="bbox 236 1530 1021 1565">
     <span class='ocr_line' id='line_1_62' title="bbox 236 1530 1021 1565; baseline 0.006 -11"><span class='ocrx_word' id='word_1_434' title='bbox 236 1530 388 1565; x_wconf 72' lang='lat' dir='ltr'><strong>appulisset</strong></span> <span class='ocrx_word' id='word_1_435' title='bbox 401 1530 585 1563; x_wconf 77' lang='lat' dir='ltr'><strong>Alexandriae,</strong></span> <span class='ocrx_word' id='word_1_436' title='bbox 597 1531 742 1560; x_wconf 87' lang='lat' dir='ltr'><strong>descendit</strong></span> <span class='ocrx_word' id='word_1_437' title='bbox 755 1533 789 1559; x_wconf 89' lang='lat' dir='ltr'><strong>de</strong></span> <span class='ocrx_word' id='word_1_438' title='bbox 803 1532 876 1563; x_wconf 85' lang='lat' dir='ltr'><strong>navi,</strong></span> <span class='ocrx_word' id='word_1_439' title='bbox 893 1536 921 1559; x_wconf 88' lang='lat' dir='ltr'><strong>et</strong></span> <span class='ocrx_word' id='word_1_440' title='bbox 935 1531 1021 1560; x_wconf 86' lang='lat' dir='ltr'><strong>conli-</strong></span> 
     </span>
    </p>
   </div>
   <div class='ocr_carea' id='block_1_63' title="bbox 1072 1530 1857 1577">
    <p class='ocr_par' dir='ltr' id='par_1_63' title="bbox 1073 1531 1857 1568">
     <span class='ocr_line' id='line_1_63' title="bbox 1073 1531 1857 1568; baseline 0.001 -10"><span class='ocrx_word' id='word_1_441' title='bbox 1073 1532 1169 1567; x_wconf 72' lang='grc' dir='ltr'>ἡμέρῳ</span> <span class='ocrx_word' id='word_1_442' title='bbox 1177 1532 1280 1566; x_wconf 79' lang='grc' dir='ltr'>κύματι</span> <span class='ocrx_word' id='word_1_443' title='bbox 1295 1533 1351 1563; x_wconf 79' lang='grc' dir='ltr'>τοῖς</span> <span class='ocrx_word' id='word_1_444' title='bbox 1362 1532 1472 1567; x_wconf 82' lang='grc' dir='ltr'>λιμέσιν</span> <span class='ocrx_word' id='word_1_445' title='bbox 1486 1531 1687 1567; x_wconf 74' lang='grc' dir='ltr'>Ἀλεξανδρείας</span> <span class='ocrx_word' id='word_1_446' title='bbox 1699 1532 1857 1568; x_wconf 85' lang='grc' dir='ltr'>προσσχὼν,</span> 
     </span>
    </p>
   </div>
   <div class='ocr_carea' id='block_1_64' title="bbox 235 1577 1023 1613">
    <p class='ocr_par' dir='ltr' id='par_1_64' title="bbox 235 1577 1023 1613">
     <span class='ocr_line' id='line_1_64' title="bbox 235 1577 1023 1613; baseline 0.003 -10"><span class='ocrx_word' id='word_1_447' title='bbox 235 1584 291 1603; x_wconf 84' lang='lat' dir='ltr'><strong>nuo</strong></span> <span class='ocrx_word' id='word_1_448' title='bbox 304 1584 333 1605; x_wconf 88' lang='lat' dir='ltr'><strong>se</strong></span> <span class='ocrx_word' id='word_1_449' title='bbox 347 1580 433 1604; x_wconf 83' lang='lat' dir='ltr'><strong>totum</strong></span> <span class='ocrx_word' id='word_1_450' title='bbox 447 1577 566 1605; x_wconf 88' lang='lat' dir='ltr'><strong>dedebat</strong></span> <span class='ocrx_word' id='word_1_451' title='bbox 579 1578 765 1613; x_wconf 75' lang='lat' dir='ltr'><strong>exsequendis</strong></span> <span class='ocrx_word' id='word_1_452' title='bbox 775 1578 949 1612; x_wconf 83' lang='lat' dir='ltr'><strong>imperatoris</strong></span> <span class='ocrx_word' id='word_1_453' title='bbox 964 1585 1023 1605; x_wconf 86' lang='lat' dir='ltr'><strong>mo-</strong></span> 
     </span>
    </p>
   </div>
   <div class='ocr_carea' id='block_1_65' title="bbox 235 1622 1023 1660">
    <p class='ocr_par' dir='ltr' id='par_1_65' title="bbox 235 1622 1023 1660">
     <span class='ocr_line' id='line_1_65' title="bbox 235 1622 1023 1660; baseline 0.004 -11"><span class='ocrx_word' id='word_1_454' title='bbox 235 1622 302 1650; x_wconf 90' lang='lat' dir='ltr'><strong>nitis</strong></span> <span class='ocrx_word' id='word_1_455' title='bbox 326 1628 408 1658; x_wconf 87' lang='lat' dir='ltr'><strong>atque</strong></span> <span class='ocrx_word' id='word_1_456' title='bbox 431 1623 526 1659; x_wconf 83' lang='lat' dir='ltr'><strong>jussis.</strong></span> <span class='ocrx_word' id='word_1_457' title='bbox 548 1624 618 1652; x_wconf 86' lang='lat' dir='ltr'><strong>Nam</strong></span> <span class='ocrx_word' id='word_1_458' title='bbox 646 1632 708 1651; x_wconf 92' lang='lat' dir='ltr'><strong>cum</strong></span> <span class='ocrx_word' id='word_1_459' title='bbox 739 1625 889 1659; x_wconf 84' lang='lat' dir='ltr'><strong>imperator</strong></span> <span class='ocrx_word' id='word_1_460' title='bbox 910 1624 1023 1660; x_wconf 81' lang='lat' dir='ltr'><strong>quidem</strong></span> 
     </span>
    </p>
   </div>
   <div class='ocr_carea' id='block_1_66' title="bbox 238 1669 1023 1704">
    <p class='ocr_par' dir='ltr' id='par_1_66' title="bbox 238 1669 1023 1704">
     <span class='ocr_line' id='line_1_66' title="bbox 238 1669 1023 1704; baseline 0.004 -9"><span class='ocrx_word' id='word_1_461' title='bbox 238 1669 322 1695; x_wconf 87' lang='lat' dir='ltr'><strong>multa</strong></span> <span class='ocrx_word' id='word_1_462' title='bbox 340 1670 471 1704; x_wconf 66' lang='lat' dir='ltr'><strong>prmlecto</strong></span> <span class='ocrx_word' id='word_1_463' title='bbox 490 1670 648 1697; x_wconf 81' lang='lat' dir='ltr'><strong>mandasset</strong></span> <span class='ocrx_word' id='word_1_464' title='bbox 674 1670 807 1698; x_wconf 81' lang='lat' dir='ltr'><strong>adversus</strong></span> <span class='ocrx_word' id='word_1_465' title='bbox 833 1671 944 1698; x_wconf 83' lang='lat' dir='ltr'><strong>beatum</strong></span> <span class='ocrx_word' id='word_1_466' title='bbox 966 1671 1023 1698; x_wconf 83' lang='lat' dir='ltr'><strong>Me-</strong></span> 
     </span>
    </p>
   </div>
   <div class='ocr_carea' id='block_1_67' title="bbox 238 1716 1024 1751">
    <p class='ocr_par' dir='ltr' id='par_1_67' title="bbox 238 1716 1024 1751">
     <span class='ocr_line' id='line_1_67' title="bbox 238 1716 1024 1751; baseline 0.004 -10"><span class='ocrx_word' id='word_1_467' title='bbox 238 1723 313 1747; x_wconf 85' lang='lat' dir='ltr'><strong>nam,</strong></span> <span class='ocrx_word' id='word_1_468' title='bbox 336 1716 360 1742; x_wconf 85' lang='lat' dir='ltr'><strong>ei</strong></span> <span class='ocrx_word' id='word_1_469' title='bbox 380 1723 446 1742; x_wconf 87' lang='lat' dir='ltr'><strong>vero</strong></span> <span class='ocrx_word' id='word_1_470' title='bbox 463 1716 590 1743; x_wconf 82' lang='lat' dir='ltr'><strong>universa</strong></span> <span class='ocrx_word' id='word_1_471' title='bbox 606 1717 704 1744; x_wconf 85' lang='lat' dir='ltr'><strong>civitas</strong></span> <span class='ocrx_word' id='word_1_472' title='bbox 718 1716 826 1744; x_wconf 66' lang='lat' dir='ltr'><strong>obviam</strong></span> <span class='ocrx_word' id='word_1_473' title='bbox 843 1716 1024 1751; x_wconf 76' lang='lat' dir='ltr'><strong>processisset</strong></span> 
     </span>
    </p>
   </div>
   <div class='ocr_carea' id='block_1_68' title="bbox 238 1761 1022 1796">
    <p class='ocr_par' dir='ltr' id='par_1_68' title="bbox 238 1761 1022 1796">
     <span class='ocr_line' id='line_1_68' title="bbox 238 1761 1022 1796; baseline 0.004 -9"><span class='ocrx_word' id='word_1_474' title='bbox 238 1762 265 1787; x_wconf 90' lang='lat' dir='ltr'><strong>in</strong></span> <span class='ocrx_word' id='word_1_475' title='bbox 282 1761 386 1793; x_wconf 80' lang='lat' dir='ltr'><strong>littore,</strong></span> <span class='ocrx_word' id='word_1_476' title='bbox 417 1767 545 1796; x_wconf 76' lang='lat' dir='ltr'><strong>tympana</strong></span> <span class='ocrx_word' id='word_1_477' title='bbox 573 1766 665 1788; x_wconf 89' lang='lat' dir='ltr'><strong>autem</strong></span> <span class='ocrx_word' id='word_1_478' title='bbox 690 1768 718 1789; x_wconf 87' lang='lat' dir='ltr'><strong>et</strong></span> <span class='ocrx_word' id='word_1_479' title='bbox 744 1762 881 1789; x_wconf 75' lang='lat' dir='ltr'><strong>laudcsct</strong></span> <span class='ocrx_word' id='word_1_480' title='bbox 900 1762 971 1790; x_wconf 56' lang='lat' dir='ltr'><strong>tuba).</strong></span> <span class='ocrx_word' id='word_1_481' title='bbox 995 1763 1022 1790; x_wconf 91' lang='lat' dir='ltr'><strong>in</strong></span> 
     </span>
    </p>
   </div>
   <div class='ocr_carea' id='block_1_69' title="bbox 238 1807 1024 1835">
    <p class='ocr_par' dir='ltr' id='par_1_69' title="bbox 238 1807 1024 1835">
     <span class='ocr_line' id='line_1_69' title="bbox 238 1807 1024 1835; baseline 0.004 -3"><span class='ocrx_word' id='word_1_482' title='bbox 238 1814 355 1833; x_wconf 84' lang='lat' dir='ltr'><strong>occursu</strong></span> <span class='ocrx_word' id='word_1_483' title='bbox 372 1807 627 1834; x_wconf 80' lang='lat' dir='ltr'><strong>circumsonarent:</strong></span> <span class='ocrx_word' id='word_1_484' title='bbox 643 1811 671 1833; x_wconf 80' lang='lat' dir='ltr'><strong>Cl.</strong></span> <span class='ocrx_word' id='word_1_485' title='bbox 686 1815 738 1834; x_wconf 86' lang='lat' dir='ltr'><strong>una</strong></span> <span class='ocrx_word' id='word_1_486' title='bbox 758 1815 806 1834; x_wconf 75' lang='grc' dir='ltr'><strong>ι’οκ</strong></span> <span class='ocrx_word' id='word_1_487' title='bbox 823 1812 895 1835; x_wconf 84' lang='lat' dir='ltr'><strong>esset</strong></span> <span class='ocrx_word' id='word_1_488' title='bbox 909 1808 1024 1835; x_wconf 81' lang='lat' dir='ltr'><strong>laudan-</strong></span> 
     </span>
    </p>
   </div>
   <div class='ocr_carea' id='block_1_70' title="bbox 238 1852 1024 1888">
    <p class='ocr_par' dir='ltr' id='par_1_70' title="bbox 238 1852 1024 1888">
     <span class='ocr_line' id='line_1_70' title="bbox 238 1852 1024 1888; baseline 0.003 -9"><span class='ocrx_word' id='word_1_489' title='bbox 238 1852 319 1884; x_wconf 79' lang='lat' dir='ltr'><strong>tium,</strong></span> <span class='ocrx_word' id='word_1_490' title='bbox 333 1860 395 1879; x_wconf 88' lang='lat' dir='ltr'><strong>eum</strong></span> <span class='ocrx_word' id='word_1_491' title='bbox 409 1853 558 1885; x_wconf 83' lang='lat' dir='ltr'><strong>extollens,</strong></span> <span class='ocrx_word' id='word_1_492' title='bbox 572 1853 618 1886; x_wconf 87' lang='lat' dir='ltr'><strong>qui</strong></span> <span class='ocrx_word' id='word_1_493' title='bbox 635 1853 734 1881; x_wconf 87' lang='lat' dir='ltr'><strong>missus</strong></span> <span class='ocrx_word' id='word_1_494' title='bbox 750 1852 840 1880; x_wconf 87' lang='lat' dir='ltr'><strong>luerat</strong></span> <span class='ocrx_word' id='word_1_495' title='bbox 855 1854 889 1880; x_wconf 86' lang='lat' dir='ltr'><strong>ab</strong></span> <span class='ocrx_word' id='word_1_496' title='bbox 904 1854 1024 1888; x_wconf 54' lang='lat' dir='ltr'><strong>impera.</strong></span> 
     </span>
    </p>
   </div>
   <div class='ocr_carea' id='block_1_71' title="bbox 240 1898 1025 1934">
    <p class='ocr_par' dir='ltr' id='par_1_71' title="bbox 240 1898 1025 1934">
     <span class='ocr_line' id='line_1_71' title="bbox 240 1898 1025 1934; baseline 0.004 -10"><span class='ocrx_word' id='word_1_497' title='bbox 240 1901 308 1931; x_wconf 88' lang='lat' dir='ltr'><strong>tore,</strong></span> <span class='ocrx_word' id='word_1_498' title='bbox 325 1906 387 1925; x_wconf 91' lang='lat' dir='ltr'><strong>cum</strong></span> <span class='ocrx_word' id='word_1_499' title='bbox 404 1899 463 1934; x_wconf 83' lang='lat' dir='ltr'><strong>ipse</strong></span> <span class='ocrx_word' id='word_1_500' title='bbox 481 1898 626 1934; x_wconf 57' lang='lat' dir='ltr'><strong>praefectus</strong></span> <span class='ocrx_word' id='word_1_501' title='bbox 641 1906 704 1926; x_wconf 89' lang='lat' dir='ltr'><strong>suos</strong></span> <span class='ocrx_word' id='word_1_502' title='bbox 722 1903 850 1933; x_wconf 89' lang='lat' dir='ltr'><strong>tanquam</strong></span> <span class='ocrx_word' id='word_1_503' title='bbox 866 1900 892 1926; x_wconf 89' lang='lat' dir='ltr'><strong>in</strong></span> <span class='ocrx_word' id='word_1_504' title='bbox 910 1899 1025 1934; x_wconf 86' lang='lat' dir='ltr'><strong>phalan-</strong></span> 
     </span>
    </p>
   </div>
   <div class='ocr_carea' id='block_1_72' title="bbox 238 1945 1025 1981">
    <p class='ocr_par' dir='ltr' id='par_1_72' title="bbox 238 1945 1025 1981">
     <span class='ocr_line' id='line_1_72' title="bbox 238 1945 1025 1981; baseline 0.004 -10"><span class='ocrx_word' id='word_1_505' title='bbox 238 1945 279 1979; x_wconf 86' lang='lat' dir='ltr'><strong>gis</strong></span> <span class='ocrx_word' id='word_1_506' title='bbox 295 1945 421 1972; x_wconf 88' lang='lat' dir='ltr'><strong>ordinem</strong></span> <span class='ocrx_word' id='word_1_507' title='bbox 437 1945 583 1973; x_wconf 81' lang='lat' dir='ltr'><strong>direxisset</strong></span> <span class='ocrx_word' id='word_1_508' title='bbox 597 1946 742 1978; x_wconf 87' lang='lat' dir='ltr'><strong>satellites,</strong></span> <span class='ocrx_word' id='word_1_509' title='bbox 766 1950 794 1972; x_wconf 88' lang='lat' dir='ltr'><strong>et</strong></span> <span class='ocrx_word' id='word_1_510' title='bbox 814 1946 940 1981; x_wconf 76' lang='lat' dir='ltr'><strong>iussisset</strong></span> <span class='ocrx_word' id='word_1_511' title='bbox 953 1954 1025 1981; x_wconf 77' lang='lat' dir='ltr'><strong>pra:-</strong></span> 
     </span>
    </p>
   </div>
   <div class='ocr_carea' id='block_1_73' title="bbox 237 1991 1024 2027">
    <p class='ocr_par' dir='ltr' id='par_1_73' title="bbox 237 1991 1024 2027">
     <span class='ocr_line' id='line_1_73' title="bbox 237 1991 1024 2027; baseline 0.003 -9"><span class='ocrx_word' id='word_1_512' title='bbox 237 1991 334 2019; x_wconf 82' lang='lat' dir='ltr'><strong>cedere</strong></span> <span class='ocrx_word' id='word_1_513' title='bbox 349 1991 461 2019; x_wconf 87' lang='lat' dir='ltr'><strong>lictores</strong></span> <span class='ocrx_word' id='word_1_514' title='bbox 476 1995 503 2019; x_wconf 87' lang='lat' dir='ltr'><strong>et</strong></span> <span class='ocrx_word' id='word_1_515' title='bbox 519 1992 692 2027; x_wconf 81' lang='lat' dir='ltr'><strong>apparitores</strong></span> <span class='ocrx_word' id='word_1_516' title='bbox 705 1999 712 2017; x_wconf 89' lang='lat'>:</span> <span class='ocrx_word' id='word_1_517' title='bbox 729 1999 792 2019; x_wconf 90' lang='lat' dir='ltr'><strong>eum</strong></span> <span class='ocrx_word' id='word_1_518' title='bbox 819 1997 895 2020; x_wconf 83' lang='lat' dir='ltr'><strong>tanto</strong></span> <span class='ocrx_word' id='word_1_519' title='bbox 910 1997 1024 2027; x_wconf 84' lang='lat' dir='ltr'><strong>stupore</strong></span> 
     </span>
    </p>
   </div>
   <div class='ocr_carea' id='block_1_74' title="bbox 236 2038 1023 2071">
    <p class='ocr_par' dir='ltr' id='par_1_74' title="bbox 236 2038 1023 2071">
     <span class='ocr_line' id='line_1_74' title="bbox 236 2038 1023 2071; baseline 0.001 -5"><span class='ocrx_word' id='word_1_520' title='bbox 236 2043 264 2066; x_wconf 88' lang='lat' dir='ltr'><strong>et</strong></span> <span class='ocrx_word' id='word_1_521' title='bbox 280 2038 462 2066; x_wconf 85' lang='lat' dir='ltr'><strong>admiratione</strong></span> <span class='ocrx_word' id='word_1_522' title='bbox 478 2039 599 2066; x_wconf 86' lang='lat' dir='ltr'><strong>omnium</strong></span> <span class='ocrx_word' id='word_1_523' title='bbox 618 2038 742 2066; x_wconf 87' lang='lat' dir='ltr'><strong>ascendit</strong></span> <span class='ocrx_word' id='word_1_524' title='bbox 755 2039 783 2066; x_wconf 94' lang='lat' dir='ltr'><strong>in</strong></span> <span class='ocrx_word' id='word_1_525' title='bbox 797 2039 948 2071; x_wconf 85' lang='lat' dir='ltr'><strong>civitatem,</strong></span> <span class='ocrx_word' id='word_1_526' title='bbox 961 2046 1023 2067; x_wconf 88' lang='lat' dir='ltr'><strong>cum</strong></span> 
     </span>
    </p>
   </div>
   <div class='ocr_carea' id='block_1_75' title="bbox 237 2084 1024 2120">
    <p class='ocr_par' dir='ltr' id='par_1_75' title="bbox 237 2084 1024 2120">
     <span class='ocr_line' id='line_1_75' title="bbox 237 2084 1024 2120; baseline 0.001 -9"><span class='ocrx_word' id='word_1_527' title='bbox 237 2089 339 2119; x_wconf 85' lang='lat' dir='ltr'><strong>quanta</strong></span> <span class='ocrx_word' id='word_1_528' title='bbox 368 2084 402 2112; x_wconf 92' lang='lat' dir='ltr'><strong>iis</strong></span> <span class='ocrx_word' id='word_1_529' title='bbox 430 2084 477 2120; x_wconf 92' lang='lat' dir='ltr'><strong>qui</strong></span> <span class='ocrx_word' id='word_1_530' title='bbox 507 2089 572 2111; x_wconf 88' lang='lat' dir='ltr'><strong>tunc</strong></span> <span class='ocrx_word' id='word_1_531' title='bbox 595 2089 686 2116; x_wconf 91' lang='lat' dir='ltr'><strong>erant,</strong></span> <span class='ocrx_word' id='word_1_532' title='bbox 712 2085 847 2119; x_wconf 76' lang='lat' dir='ltr'><strong>potuisset</strong></span> <span class='ocrx_word' id='word_1_533' title='bbox 870 2084 957 2112; x_wconf 87' lang='lat' dir='ltr'><strong>videri</strong></span> <span class='ocrx_word' id='word_1_534' title='bbox 980 2085 1024 2112; x_wconf 89' lang='lat' dir='ltr'><strong>vel</strong></span> 
     </span>
    </p>
   </div>
   <div class='ocr_carea' id='block_1_76' title="bbox 237 2131 1024 2166">
    <p class='ocr_par' dir='ltr' id='par_1_76' title="bbox 237 2131 1024 2166">
     <span class='ocr_line' id='line_1_76' title="bbox 237 2131 1024 2166; baseline 0.001 -8"><span class='ocrx_word' id='word_1_535' title='bbox 237 2131 324 2166; x_wconf 84' lang='lat' dir='ltr'><strong>ipsam</strong></span> <span class='ocrx_word' id='word_1_536' title='bbox 342 2135 442 2158; x_wconf 87' lang='lat' dir='ltr'><strong>terram</strong></span> <span class='ocrx_word' id='word_1_537' title='bbox 461 2138 582 2162; x_wconf 78' lang='lat' dir='ltr'><strong>movere,</strong></span> <span class='ocrx_word' id='word_1_538' title='bbox 595 2135 622 2158; x_wconf 87' lang='lat' dir='ltr'><strong>et</strong></span> <span class='ocrx_word' id='word_1_539' title='bbox 638 2131 812 2165; x_wconf 74' lang='lat' dir='ltr'><strong>negotiorum</strong></span> <span class='ocrx_word' id='word_1_540' title='bbox 834 2131 1024 2164; x_wconf 83' lang='lat' dir='ltr'><strong>meditatione.</strong></span> 
     </span>
    </p>
   </div>
   <div class='ocr_carea' id='block_1_77' title="bbox 237 2176 1024 2212">
    <p class='ocr_par' dir='ltr' id='par_1_77' title="bbox 237 2176 1024 2212">
     <span class='ocr_line' id='line_1_77' title="bbox 237 2176 1024 2212; baseline 0.001 -9"><span class='ocrx_word' id='word_1_541' title='bbox 237 2181 265 2204; x_wconf 90' lang='lat' dir='ltr'><strong>et</strong></span> <span class='ocrx_word' id='word_1_542' title='bbox 283 2176 310 2203; x_wconf 91' lang='lat' dir='ltr'><strong>in</strong></span> <span class='ocrx_word' id='word_1_543' title='bbox 337 2176 420 2204; x_wconf 89' lang='lat' dir='ltr'><strong>rebus</strong></span> <span class='ocrx_word' id='word_1_544' title='bbox 439 2176 570 2204; x_wconf 89' lang='lat' dir='ltr'><strong>omnibus</strong></span> <span class='ocrx_word' id='word_1_545' title='bbox 591 2177 684 2204; x_wconf 87' lang='lat' dir='ltr'><strong>studio</strong></span> <span class='ocrx_word' id='word_1_546' title='bbox 707 2177 932 2212; x_wconf 85' lang='lat' dir='ltr'><strong>diligentissimo,</strong></span> <span class='ocrx_word' id='word_1_547' title='bbox 956 2184 1024 2205; x_wconf 82' lang='lat' dir='ltr'><strong>con-</strong></span> 
     </span>
    </p>
   </div>
   <div class='ocr_carea' id='block_1_78' title="bbox 1074 1575 1858 1612">
    <p class='ocr_par' dir='ltr' id='par_1_78' title="bbox 1074 1575 1858 1612">
     <span class='ocr_line' id='line_1_78' title="bbox 1074 1575 1858 1612; baseline 0 -9"><span class='ocrx_word' id='word_1_548' title='bbox 1074 1577 1164 1612; x_wconf 69' lang='grc' dir='ltr'>ἀπέϐη</span> <span class='ocrx_word' id='word_1_549' title='bbox 1181 1586 1210 1604; x_wconf 87' lang='grc' dir='ltr'><strong>τε</strong></span> <span class='ocrx_word' id='word_1_550' title='bbox 1224 1577 1275 1612; x_wconf 76' lang='grc' dir='ltr'>τῆς</span> <span class='ocrx_word' id='word_1_551' title='bbox 1289 1577 1364 1611; x_wconf 71' lang='grc' dir='ltr'>νηὸς,</span> <span class='ocrx_word' id='word_1_552' title='bbox 1378 1578 1426 1604; x_wconf 77' lang='grc' dir='ltr'>καὶ</span> <span class='ocrx_word' id='word_1_553' title='bbox 1443 1577 1523 1608; x_wconf 78' lang='grc' dir='ltr'>εὐθὺς</span> <span class='ocrx_word' id='word_1_554' title='bbox 1532 1577 1582 1611; x_wconf 82' lang='grc' dir='ltr'>τῆς</span> <span class='ocrx_word' id='word_1_555' title='bbox 1594 1577 1728 1612; x_wconf 81' lang='grc' dir='ltr'>βασιλέως</span> <span class='ocrx_word' id='word_1_556' title='bbox 1739 1575 1774 1612; x_wconf 75' lang='grc' dir='ltr'>ἦν</span> <span class='ocrx_word' id='word_1_557' title='bbox 1790 1578 1858 1609; x_wconf 72' lang='grc' dir='ltr'>ὅλως</span> 
     </span>
    </p>
   </div>
   <div class='ocr_carea' id='block_1_79' title="bbox 1074 1622 1856 1659">
    <p class='ocr_par' dir='ltr' id='par_1_79' title="bbox 1074 1622 1856 1659">
     <span class='ocr_line' id='line_1_79' title="bbox 1074 1622 1856 1659; baseline 0 -9"><span class='ocrx_word' id='word_1_558' title='bbox 1074 1624 1215 1659; x_wconf 73' lang='grc' dir='ltr'>ὑποθήκης</span> <span class='ocrx_word' id='word_1_559' title='bbox 1231 1631 1261 1650; x_wconf 78' lang='grc' dir='ltr'><strong>τι</strong></span> <span class='ocrx_word' id='word_1_560' title='bbox 1275 1623 1325 1650; x_wconf 82' lang='grc' dir='ltr'><strong>καὶ</strong></span> <span class='ocrx_word' id='word_1_561' title='bbox 1342 1623 1506 1655; x_wconf 81' lang='grc' dir='ltr'>κελεύσεως.</span> <span class='ocrx_word' id='word_1_562' title='bbox 1535 1622 1580 1655; x_wconf 81' lang='grc' dir='ltr'>Ὦς</span> <span class='ocrx_word' id='word_1_563' title='bbox 1597 1622 1652 1659; x_wconf 83' lang='grc' dir='ltr'><strong>γὰρ</strong></span> <span class='ocrx_word' id='word_1_564' title='bbox 1667 1624 1680 1650; x_wconf 83' lang='grc' dir='ltr'><strong>ό</strong></span> <span class='ocrx_word' id='word_1_565' title='bbox 1695 1623 1744 1658; x_wconf 81' lang='grc' dir='ltr'>μὲν</span> <span class='ocrx_word' id='word_1_566' title='bbox 1778 1624 1856 1658; x_wconf 78' lang='grc' dir='ltr'>βασι-</span> 
     </span>
    </p>
   </div>
   <div class='ocr_carea' id='block_1_80' title="bbox 1074 1669 1861 1704">
    <p class='ocr_par' dir='ltr' id='par_1_80' title="bbox 1074 1669 1861 1704">
     <span class='ocr_line' id='line_1_80' title="bbox 1074 1669 1861 1704; baseline 0.001 -9"><span class='ocrx_word' id='word_1_567' title='bbox 1074 1669 1138 1701; x_wconf 77' lang='grc' dir='ltr'>λεὺς</span> <span class='ocrx_word' id='word_1_568' title='bbox 1157 1669 1244 1695; x_wconf 79' lang='grc' dir='ltr'>πολλὰ</span> <span class='ocrx_word' id='word_1_569' title='bbox 1259 1669 1332 1696; x_wconf 80' lang='grc' dir='ltr'>κατὰ</span> <span class='ocrx_word' id='word_1_570' title='bbox 1349 1669 1395 1696; x_wconf 80' lang='grc' dir='ltr'>τοῦ</span> <span class='ocrx_word' id='word_1_571' title='bbox 1424 1669 1562 1704; x_wconf 81' lang='grc' dir='ltr'>μακαρίου</span> <span class='ocrx_word' id='word_1_572' title='bbox 1584 1670 1665 1704; x_wconf 81' lang='grc' dir='ltr'>Μηνᾶ</span> <span class='ocrx_word' id='word_1_573' title='bbox 1685 1669 1723 1704; x_wconf 84' lang='grc' dir='ltr'>τῷ</span> <span class='ocrx_word' id='word_1_574' title='bbox 1748 1670 1861 1704; x_wconf 75' lang='grc' dir='ltr'>ἐπάρχῳ</span> 
     </span>
    </p>
   </div>
   <div class='ocr_carea' id='block_1_81' title="bbox 1074 1716 1857 1751">
    <p class='ocr_par' dir='ltr' id='par_1_81' title="bbox 1074 1716 1857 1751">
     <span class='ocr_line' id='line_1_81' title="bbox 1074 1716 1857 1751; baseline -0.003 -8"><span class='ocrx_word' id='word_1_575' title='bbox 1074 1716 1242 1751; x_wconf 75' lang='grc' dir='ltr'>ἐπέσκηψεν,</span> <span class='ocrx_word' id='word_1_576' title='bbox 1255 1716 1364 1751; x_wconf 82' lang='grc' dir='ltr'>ἀπήντα</span> <span class='ocrx_word' id='word_1_577' title='bbox 1377 1716 1405 1742; x_wconf 72' lang='grc' dir='ltr'>δὲ</span> <span class='ocrx_word' id='word_1_578' title='bbox 1419 1717 1466 1743; x_wconf 72' lang='grc' dir='ltr'><strong>καὶ</strong></span> <span class='ocrx_word' id='word_1_579' title='bbox 1491 1717 1565 1743; x_wconf 80' lang='grc' dir='ltr'>πᾶσα</span> <span class='ocrx_word' id='word_1_580' title='bbox 1580 1717 1596 1751; x_wconf 83' lang='grc' dir='ltr'><strong>ἡ</strong></span> <span class='ocrx_word' id='word_1_581' title='bbox 1616 1716 1693 1748; x_wconf 83' lang='grc' dir='ltr'>πόλις</span> <span class='ocrx_word' id='word_1_582' title='bbox 1721 1716 1776 1751; x_wconf 80' lang='grc' dir='ltr'>πρὸ</span> <span class='ocrx_word' id='word_1_583' title='bbox 1801 1716 1857 1742; x_wconf 78' lang='grc' dir='ltr'>τῶν</span> 
     </span>
    </p>
   </div>
   <div class='ocr_carea' id='block_1_82' title="bbox 1074 1762 1861 1798">
    <p class='ocr_par' dir='ltr' id='par_1_82' title="bbox 1074 1762 1861 1798">
     <span class='ocr_line' id='line_1_82' title="bbox 1074 1762 1861 1798; baseline 0 -9"><span class='ocrx_word' id='word_1_584' title='bbox 1074 1762 1216 1796; x_wconf 78' lang='grc' dir='ltr'>αἰγιαλῶν,</span> <span class='ocrx_word' id='word_1_585' title='bbox 1228 1762 1356 1798; x_wconf 81' lang='grc' dir='ltr'>τύμπανα</span> <span class='ocrx_word' id='word_1_586' title='bbox 1374 1762 1402 1790; x_wconf 75' lang='grc' dir='ltr'><strong>δέ</strong></span> <span class='ocrx_word' id='word_1_587' title='bbox 1416 1764 1463 1790; x_wconf 79' lang='grc' dir='ltr'><strong>καὶ</strong></span> <span class='ocrx_word' id='word_1_588' title='bbox 1487 1762 1622 1798; x_wconf 72' lang='grc' dir='ltr'>εὐφημίαι</span> <span class='ocrx_word' id='word_1_589' title='bbox 1649 1762 1695 1789; x_wconf 79' lang='grc' dir='ltr'>καὶ</span> <span class='ocrx_word' id='word_1_590' title='bbox 1710 1763 1861 1796; x_wconf 79' lang='grc' dir='ltr'>σάλπιγγες</span> 
     </span>
    </p>
   </div>
   <div class='ocr_carea' id='block_1_83' title="bbox 1075 1808 1860 1845">
    <p class='ocr_par' dir='ltr' id='par_1_83' title="bbox 1075 1808 1860 1845">
     <span class='ocr_line' id='line_1_83' title="bbox 1075 1808 1860 1845; baseline -0.001 -10"><span class='ocrx_word' id='word_1_591' title='bbox 1075 1809 1124 1845; x_wconf 82' lang='grc' dir='ltr'>τὴν</span> <span class='ocrx_word' id='word_1_592' title='bbox 1134 1809 1257 1844; x_wconf 83' lang='grc' dir='ltr'>άπαντὴν</span> <span class='ocrx_word' id='word_1_593' title='bbox 1271 1809 1429 1844; x_wconf 77' lang='grc' dir='ltr'>περιήκουν,</span> <span class='ocrx_word' id='word_1_594' title='bbox 1447 1809 1494 1835; x_wconf 76' lang='grc' dir='ltr'><strong>καὶ</strong></span> <span class='ocrx_word' id='word_1_595' title='bbox 1511 1809 1559 1843; x_wconf 90' lang='grc' dir='ltr'><strong>μία</strong></span> <span class='ocrx_word' id='word_1_596' title='bbox 1581 1808 1636 1835; x_wconf 84' lang='grc' dir='ltr'><strong>τῶν</strong></span> <span class='ocrx_word' id='word_1_597' title='bbox 1664 1808 1860 1843; x_wconf 75' lang='grc' dir='ltr'>εὐφημούντων</span> 
     </span>
    </p>
   </div>
   <div class='ocr_carea' id='block_1_84' title="bbox 1074 1852 1858 1891">
    <p class='ocr_par' dir='ltr' id='par_1_84' title="bbox 1074 1852 1858 1891">
     <span class='ocr_line' id='line_1_84' title="bbox 1074 1852 1858 1891; baseline 0 -9"><span class='ocrx_word' id='word_1_598' title='bbox 1074 1852 1108 1891; x_wconf 74' lang='grc' dir='ltr'>ἦν</span> <span class='ocrx_word' id='word_1_599' title='bbox 1117 1856 1134 1890; x_wconf 82' lang='grc' dir='ltr'><strong>ἡ</strong></span> <span class='ocrx_word' id='word_1_600' title='bbox 1147 1855 1232 1890; x_wconf 67' lang='grc' dir='ltr'>φωνὴ,</span> <span class='ocrx_word' id='word_1_601' title='bbox 1245 1855 1291 1882; x_wconf 83' lang='grc' dir='ltr'><strong>τδν</strong></span> <span class='ocrx_word' id='word_1_602' title='bbox 1302 1856 1332 1881; x_wconf 75' lang='grc' dir='ltr'><strong>ὲκ</strong></span> <span class='ocrx_word' id='word_1_603' title='bbox 1344 1855 1475 1889; x_wconf 68' lang='grc' dir='ltr'>βασιλέως</span> <span class='ocrx_word' id='word_1_604' title='bbox 1490 1854 1692 1890; x_wconf 76' lang='grc' dir='ltr'>ἀπεσταλμένον</span> <span class='ocrx_word' id='word_1_605' title='bbox 1704 1855 1858 1891; x_wconf 72' lang='grc' dir='ltr'>ὲξαίρονσα.</span> 
     </span>
    </p>
   </div>
   <div class='ocr_carea' id='block_1_85' title="bbox 1075 1900 1861 1936">
    <p class='ocr_par' dir='ltr' id='par_1_85' title="bbox 1075 1900 1861 1936">
     <span class='ocr_line' id='line_1_85' title="bbox 1075 1900 1861 1936; baseline -0.001 -9"><span class='ocrx_word' id='word_1_606' title='bbox 1075 1900 1227 1935; x_wconf 81' lang='grc' dir='ltr'>ταξάμενος</span> <span class='ocrx_word' id='word_1_607' title='bbox 1249 1900 1300 1936; x_wconf 79' lang='grc' dir='ltr'>τὴν</span> <span class='ocrx_word' id='word_1_608' title='bbox 1308 1900 1472 1934; x_wconf 83' lang='grc' dir='ltr'>δορυφορίαν</span> <span class='ocrx_word' id='word_1_609' title='bbox 1485 1901 1531 1926; x_wconf 81' lang='grc' dir='ltr'><strong>καὶ</strong></span> <span class='ocrx_word' id='word_1_610' title='bbox 1545 1900 1625 1931; x_wconf 70' lang='grc' dir='ltr'>αὐτὸς</span> <span class='ocrx_word' id='word_1_611' title='bbox 1637 1901 1650 1926; x_wconf 81' lang='grc' dir='ltr'><strong>ό</strong></span> <span class='ocrx_word' id='word_1_612' title='bbox 1663 1900 1782 1935; x_wconf 76' lang='grc' dir='ltr'>ἔπαρχος</span> <span class='ocrx_word' id='word_1_613' title='bbox 1791 1900 1861 1926; x_wconf 74' lang='grc' dir='ltr'>κατὰ</span> 
     </span>
    </p>
   </div>
   <div class='ocr_carea' id='block_1_86' title="bbox 1076 1945 1858 1981">
    <p class='ocr_par' dir='ltr' id='par_1_86' title="bbox 1076 1945 1858 1981">
     <span class='ocr_line' id='line_1_86' title="bbox 1076 1945 1858 1981; baseline 0 -9"><span class='ocrx_word' id='word_1_614' title='bbox 1076 1947 1215 1980; x_wconf 83' lang='grc' dir='ltr'>φάλαγγα,</span> <span class='ocrx_word' id='word_1_615' title='bbox 1231 1947 1279 1972; x_wconf 82' lang='grc' dir='ltr'>καὶ</span> <span class='ocrx_word' id='word_1_616' title='bbox 1294 1945 1454 1980; x_wconf 79' lang='grc' dir='ltr'>προοδεύειν</span> <span class='ocrx_word' id='word_1_617' title='bbox 1469 1947 1518 1980; x_wconf 74' lang='grc' dir='ltr'>τὴν</span> <span class='ocrx_word' id='word_1_618' title='bbox 1532 1946 1685 1981; x_wconf 61' lang='grc' dir='ltr'>ὑπηρεσίαν</span> <span class='ocrx_word' id='word_1_619' title='bbox 1709 1945 1858 1978; x_wconf 82' lang='grc' dir='ltr'>κελεύσας,</span> 
     </span>
    </p>
   </div>
   <div class='ocr_carea' id='block_1_87' title="bbox 1078 1991 1862 2027">
    <p class='ocr_par' dir='ltr' id='par_1_87' title="bbox 1078 1991 1862 2027">
     <span class='ocr_line' id='line_1_87' title="bbox 1078 1991 1862 2027; baseline 0.001 -10"><span class='ocrx_word' id='word_1_620' title='bbox 1078 1991 1147 2026; x_wconf 86' lang='grc' dir='ltr'>μετὰ</span> <span class='ocrx_word' id='word_1_621' title='bbox 1170 1991 1305 2026; x_wconf 82' lang='grc' dir='ltr'>τοσαύτης</span> <span class='ocrx_word' id='word_1_622' title='bbox 1329 1992 1378 2026; x_wconf 82' lang='grc' dir='ltr'>τῆς</span> <span class='ocrx_word' id='word_1_623' title='bbox 1404 1991 1603 2026; x_wconf 79' lang='grc' dir='ltr'>καταπλήξεως</span> <span class='ocrx_word' id='word_1_624' title='bbox 1628 1992 1674 2018; x_wconf 70' lang='grc' dir='ltr'><strong>ἐπὶ</strong></span> <span class='ocrx_word' id='word_1_625' title='bbox 1708 1991 1758 2027; x_wconf 75' lang='grc' dir='ltr'>τὴν</span> <span class='ocrx_word' id='word_1_626' title='bbox 1782 1991 1862 2018; x_wconf 78' lang='grc' dir='ltr'>πόλιν</span> 
     </span>
    </p>
   </div>
   <div class='ocr_carea' id='block_1_88' title="bbox 1076 2037 1862 2073">
    <p class='ocr_par' dir='ltr' id='par_1_88' title="bbox 1076 2037 1862 2073">
     <span class='ocr_line' id='line_1_88' title="bbox 1076 2037 1862 2073; baseline 0.001 -10"><span class='ocrx_word' id='word_1_627' title='bbox 1076 2037 1170 2073; x_wconf 77' lang='grc' dir='ltr'>ἀπῄει,</span> <span class='ocrx_word' id='word_1_628' title='bbox 1188 2037 1248 2072; x_wconf 84' lang='grc' dir='ltr'>μεθ’</span> <span class='ocrx_word' id='word_1_629' title='bbox 1265 2038 1332 2072; x_wconf 80' lang='grc' dir='ltr'>ὅσης</span> <span class='ocrx_word' id='word_1_630' title='bbox 1346 2037 1380 2064; x_wconf 80' lang='grc' dir='ltr'>ἂν</span> <span class='ocrx_word' id='word_1_631' title='bbox 1395 2037 1485 2071; x_wconf 74' lang='grc' dir='ltr'>ἔδοξεν</span> <span class='ocrx_word' id='word_1_632' title='bbox 1501 2039 1605 2069; x_wconf 73' lang='grc' dir='ltr'>ἐκεῖνος</span> <span class='ocrx_word' id='word_1_633' title='bbox 1619 2039 1676 2069; x_wconf 75' lang='grc' dir='ltr'>τοῖς</span> <span class='ocrx_word' id='word_1_634' title='bbox 1688 2038 1747 2064; x_wconf 85' lang='grc' dir='ltr'>τότε</span> <span class='ocrx_word' id='word_1_635' title='bbox 1774 2039 1862 2064; x_wconf 78' lang='grc' dir='ltr'>κινεῖν</span> 
     </span>
    </p>
   </div>
   <div class='ocr_carea' id='block_1_89' title="bbox 1076 2083 1861 2120">
    <p class='ocr_par' dir='ltr' id='par_1_89' title="bbox 1076 2083 1861 2120">
     <span class='ocr_line' id='line_1_89' title="bbox 1076 2083 1861 2120; baseline -0.001 -10"><span class='ocrx_word' id='word_1_636' title='bbox 1076 2085 1123 2111; x_wconf 68' lang='grc' dir='ltr'><strong>καὶ</strong></span> <span class='ocrx_word' id='word_1_637' title='bbox 1155 2084 1205 2119; x_wconf 82' lang='grc' dir='ltr'><strong>τὴν</strong></span> <span class='ocrx_word' id='word_1_638' title='bbox 1232 2084 1296 2118; x_wconf 82' lang='grc' dir='ltr'>γῆν.</span> <span class='ocrx_word' id='word_1_639' title='bbox 1321 2085 1354 2119; x_wconf 79' lang='grc' dir='ltr'>τῇ</span> <span class='ocrx_word' id='word_1_640' title='bbox 1371 2084 1470 2120; x_wconf 76' lang='grc' dir='ltr'>μελέτῃ</span> <span class='ocrx_word' id='word_1_641' title='bbox 1484 2085 1538 2111; x_wconf 87' lang='grc' dir='ltr'>τῶν</span> <span class='ocrx_word' id='word_1_642' title='bbox 1552 2084 1724 2120; x_wconf 75' lang='grc' dir='ltr'>πραγμάτιον</span> <span class='ocrx_word' id='word_1_643' title='bbox 1754 2083 1801 2110; x_wconf 75' lang='grc' dir='ltr'><strong>καὶ</strong></span> <span class='ocrx_word' id='word_1_644' title='bbox 1826 2085 1861 2118; x_wconf 78' lang='grc' dir='ltr'>τῇ</span> 
     </span>
    </p>
   </div>
   <div class='ocr_carea' id='block_1_90' title="bbox 1077 2129 1863 2165">
    <p class='ocr_par' dir='ltr' id='par_1_90' title="bbox 1077 2129 1863 2165">
     <span class='ocr_line' id='line_1_90' title="bbox 1077 2129 1863 2165; baseline -0.001 -9"><span class='ocrx_word' id='word_1_645' title='bbox 1077 2130 1142 2165; x_wconf 74' lang='grc' dir='ltr'>περὶ</span> <span class='ocrx_word' id='word_1_646' title='bbox 1155 2131 1189 2157; x_wconf 73' lang='grc' dir='ltr'><strong>τὰ</strong></span> <span class='ocrx_word' id='word_1_647' title='bbox 1204 2131 1293 2157; x_wconf 86' lang='grc' dir='ltr'>πάντα</span> <span class='ocrx_word' id='word_1_648' title='bbox 1309 2131 1424 2165; x_wconf 80' lang='grc' dir='ltr'>σπουδῇ,</span> <span class='ocrx_word' id='word_1_649' title='bbox 1441 2131 1487 2157; x_wconf 78' lang='grc' dir='ltr'>καὶ</span> <span class='ocrx_word' id='word_1_650' title='bbox 1500 2131 1539 2165; x_wconf 82' lang='grc' dir='ltr'>τῷ</span> <span class='ocrx_word' id='word_1_651' title='bbox 1552 2131 1657 2157; x_wconf 81' lang='grc' dir='ltr'>ἀκλινεῑ</span> <span class='ocrx_word' id='word_1_652' title='bbox 1675 2131 1723 2156; x_wconf 77' lang='grc' dir='ltr'>καὶ</span> <span class='ocrx_word' id='word_1_653' title='bbox 1734 2129 1863 2165; x_wconf 72' lang='grc' dir='ltr'>ἀτρέπτῳ</span> 
     </span>
    </p>
   </div>
   <div class='ocr_carea' id='block_1_91' title="bbox 1077 2175 1863 2211">
    <p class='ocr_par' dir='ltr' id='par_1_91' title="bbox 1077 2175 1863 2211">
     <span class='ocr_line' id='line_1_91' title="bbox 1077 2175 1863 2211; baseline -0.001 -9"><span class='ocrx_word' id='word_1_654' title='bbox 1077 2176 1126 2211; x_wconf 81' lang='grc' dir='ltr'>τῆς</span> <span class='ocrx_word' id='word_1_655' title='bbox 1142 2176 1232 2211; x_wconf 78' lang='grc' dir='ltr'>ψυχῆς</span> <span class='ocrx_word' id='word_1_656' title='bbox 1260 2177 1467 2211; x_wconf 81' lang='grc' dir='ltr'>παραστήματι,</span> <span class='ocrx_word' id='word_1_657' title='bbox 1494 2177 1545 2208; x_wconf 78' lang='grc' dir='ltr'><strong>τάς</strong></span> <span class='ocrx_word' id='word_1_658' title='bbox 1559 2185 1589 2203; x_wconf 86' lang='grc' dir='ltr'><strong>τε</strong></span> <span class='ocrx_word' id='word_1_659' title='bbox 1619 2176 1696 2211; x_wconf 72' lang='grc' dir='ltr'>παρὰ</span> <span class='ocrx_word' id='word_1_660' title='bbox 1727 2175 1863 2211; x_wconf 79' lang='grc' dir='ltr'>βασιλέως</span> 
     </span>
    </p>
   </div>
   <div class='ocr_carea' id='block_1_92' title="bbox 237 2219 1021 2258">
    <p class='ocr_par' dir='ltr' id='par_1_92' title="bbox 237 2221 1021 2257">
     <span class='ocr_line' id='line_1_92' title="bbox 237 2221 1021 2257; baseline 0 -7"><span class='ocrx_word' id='word_1_661' title='bbox 237 2222 376 2257; x_wconf 80' lang='lat' dir='ltr'><strong>stautiquc</strong></span> <span class='ocrx_word' id='word_1_662' title='bbox 393 2227 421 2249; x_wconf 86' lang='lat' dir='ltr'><strong>et</strong></span> <span class='ocrx_word' id='word_1_663' title='bbox 436 2221 574 2250; x_wconf 81' lang='lat' dir='ltr'><strong>inﬂexibili</strong></span> <span class='ocrx_word' id='word_1_664' title='bbox 591 2222 686 2249; x_wconf 85' lang='lat' dir='ltr'><strong>habitu</strong></span> <span class='ocrx_word' id='word_1_665' title='bbox 707 2223 804 2255; x_wconf 89' lang='lat' dir='ltr'><strong>animi,</strong></span> <span class='ocrx_word' id='word_1_666' title='bbox 819 2229 934 2257; x_wconf 87' lang='lat' dir='ltr'><strong>sperans</strong></span> <span class='ocrx_word' id='word_1_667' title='bbox 947 2230 976 2250; x_wconf 82' lang='lat' dir='ltr'><strong>se</strong></span> <span class='ocrx_word' id='word_1_668' title='bbox 996 2227 1021 2251; x_wconf 87' lang='lat' dir='ltr'><strong>el</strong></span> 
     </span>
    </p>
   </div>
   <div class='ocr_carea' id='block_1_93' title="bbox 1072 2219 1862 2258">
    <p class='ocr_par' dir='ltr' id='par_1_93' title="bbox 1078 2222 1862 2258">
     <span class='ocr_line' id='line_1_93' title="bbox 1078 2222 1862 2258; baseline -0.001 -10"><span class='ocrx_word' id='word_1_669' title='bbox 1078 2222 1195 2253; x_wconf 68' lang='grc' dir='ltr'>ἐλπίζων</span> <span class='ocrx_word' id='word_1_670' title='bbox 1213 2222 1386 2258; x_wconf 79' lang='grc' dir='ltr'>κατορθῶσαι</span> <span class='ocrx_word' id='word_1_671' title='bbox 1414 2223 1508 2257; x_wconf 74' lang='grc' dir='ltr'>τιμὰς,</span> <span class='ocrx_word' id='word_1_672' title='bbox 1533 2223 1654 2250; x_wconf 79' lang='grc' dir='ltr'>καὶτῶν</span> <span class='ocrx_word' id='word_1_673' title='bbox 1683 2222 1862 2257; x_wconf 77' lang='grc' dir='ltr'>ἀστηρίχτων</span> 
     </span>
    </p>
   </div>
   <div class='ocr_carea' id='block_1_94' title="bbox 238 2267 1024 2304">
    <p class='ocr_par' dir='ltr' id='par_1_94' title="bbox 238 2267 1024 2304">
     <span class='ocr_line' id='line_1_94' title="bbox 238 2267 1024 2304; baseline 0 -9"><span class='ocrx_word' id='word_1_674' title='bbox 238 2268 272 2296; x_wconf 86' lang='lat' dir='ltr'><strong>ab</strong></span> <span class='ocrx_word' id='word_1_675' title='bbox 290 2269 456 2304; x_wconf 81' lang='lat' dir='ltr'><strong>imperatore</strong></span> <span class='ocrx_word' id='word_1_676' title='bbox 479 2268 639 2295; x_wconf 78' lang='lat' dir='ltr'><strong>mandatum</strong></span> <span class='ocrx_word' id='word_1_677' title='bbox 658 2267 792 2295; x_wconf 89' lang='lat' dir='ltr'><strong>honorem</strong></span> <span class='ocrx_word' id='word_1_678' title='bbox 811 2273 886 2295; x_wconf 84' lang='lat' dir='ltr'><strong>recte</strong></span> <span class='ocrx_word' id='word_1_679' title='bbox 904 2268 1024 2296; x_wconf 82' lang='lat' dir='ltr'><strong>admini-</strong></span> 
     </span>
    </p>
   </div>
   <div class='ocr_carea' id='block_1_95' title="bbox 238 2313 1024 2348">
    <p class='ocr_par' dir='ltr' id='par_1_95' title="bbox 238 2313 1024 2348">
     <span class='ocr_line' id='line_1_95' title="bbox 238 2313 1024 2348; baseline 0.001 -7"><span class='ocrx_word' id='word_1_680' title='bbox 238 2319 403 2347; x_wconf 74' lang='lat' dir='ltr'><strong>straturum,</strong></span> <span class='ocrx_word' id='word_1_681' title='bbox 419 2318 447 2341; x_wconf 87' lang='lat' dir='ltr'><strong>et</strong></span> <span class='ocrx_word' id='word_1_682' title='bbox 463 2321 560 2341; x_wconf 86' lang='lat' dir='ltr'><strong>eorum</strong></span> <span class='ocrx_word' id='word_1_683' title='bbox 575 2313 621 2348; x_wconf 91' lang='lat' dir='ltr'><strong>qui</strong></span> <span class='ocrx_word' id='word_1_684' title='bbox 642 2321 698 2340; x_wconf 89' lang='lat' dir='ltr'><strong>non</strong></span> <span class='ocrx_word' id='word_1_685' title='bbox 714 2318 794 2341; x_wconf 85' lang='lat' dir='ltr'><strong>erant</strong></span> <span class='ocrx_word' id='word_1_686' title='bbox 815 2314 897 2346; x_wconf 89' lang='lat' dir='ltr'><strong>lirmi,</strong></span> <span class='ocrx_word' id='word_1_687' title='bbox 913 2321 1024 2348; x_wconf 73' lang='lat' dir='ltr'><strong>gressus</strong></span> 
     </span>
    </p>
   </div>
   <div class='ocr_carea' id='block_1_96' title="bbox 237 2361 488 2396">
    <p class='ocr_par' dir='ltr' id='par_1_96' title="bbox 237 2361 488 2396">
     <span class='ocr_line' id='line_1_96' title="bbox 237 2361 488 2396; baseline -0.004 -9"><span class='ocrx_word' id='word_1_688' title='bbox 237 2361 488 2396; x_wconf 76' lang='lat' dir='ltr'><strong>supplantaturum.</strong></span> 
     </span>
    </p>
   </div>
   <div class='ocr_carea' id='block_1_97' title="bbox 274 2407 1024 2440">
    <p class='ocr_par' dir='ltr' id='par_1_97' title="bbox 274 2407 1024 2440">
     <span class='ocr_line' id='line_1_97' title="bbox 274 2407 1024 2440; baseline 0.003 -7"><span class='ocrx_word' id='word_1_689' title='bbox 274 2407 343 2435; x_wconf 78' lang='lat' dir='ltr'><strong>Vill.</strong></span> <span class='ocrx_word' id='word_1_690' title='bbox 363 2407 432 2435; x_wconf 90' lang='lat' dir='ltr'><strong>Cum</strong></span> <span class='ocrx_word' id='word_1_691' title='bbox 459 2411 551 2434; x_wconf 85' lang='lat' dir='ltr'><strong>autem</strong></span> <span class='ocrx_word' id='word_1_692' title='bbox 576 2414 690 2440; x_wconf 85' lang='lat' dir='ltr'><strong>vespere</strong></span> <span class='ocrx_word' id='word_1_693' title='bbox 715 2407 790 2434; x_wconf 73' lang='lat' dir='ltr'><strong>solus</strong></span> <span class='ocrx_word' id='word_1_694' title='bbox 819 2414 867 2440; x_wconf 88' lang='lat' dir='ltr'><strong>per</strong></span> <span class='ocrx_word' id='word_1_695' title='bbox 890 2415 921 2435; x_wconf 85' lang='lat' dir='ltr'><strong>se</strong></span> <span class='ocrx_word' id='word_1_696' title='bbox 940 2412 1024 2439; x_wconf 82' lang='lat' dir='ltr'><strong>esset.</strong></span> 
     </span>
    </p>
   </div>
   <div class='ocr_carea' id='block_1_98' title="bbox 238 2452 1026 2487">
    <p class='ocr_par' dir='ltr' id='par_1_98' title="bbox 238 2452 1026 2487">
     <span class='ocr_line' id='line_1_98' title="bbox 238 2452 1026 2487; baseline 0.003 -8"><span class='ocrx_word' id='word_1_697' title='bbox 238 2453 350 2480; x_wconf 63' lang='lat' dir='ltr'><strong>diudssa</strong></span> <span class='ocrx_word' id='word_1_698' title='bbox 366 2453 458 2485; x_wconf 83' lang='lat' dir='ltr'><strong>turba,</strong></span> <span class='ocrx_word' id='word_1_699' title='bbox 476 2460 536 2487; x_wconf 75' lang='lat' dir='ltr'><strong>quae</strong></span> <span class='ocrx_word' id='word_1_700' title='bbox 547 2460 609 2479; x_wconf 88' lang='lat' dir='ltr'><strong>eum</strong></span> <span class='ocrx_word' id='word_1_701' title='bbox 625 2452 786 2484; x_wconf 82' lang='lat' dir='ltr'><strong>deduxerat,</strong></span> <span class='ocrx_word' id='word_1_702' title='bbox 802 2452 1026 2481; x_wconf 86' lang='lat' dir='ltr'><strong>animadvertens</strong></span> 
     </span>
    </p>
   </div>
   <div class='ocr_carea' id='block_1_99' title="bbox 238 2498 1026 2535">
    <p class='ocr_par' dir='ltr' id='par_1_99' title="bbox 238 2498 1026 2535">
     <span class='ocr_line' id='line_1_99' title="bbox 238 2498 1026 2535; baseline 0.001 -9"><span class='ocrx_word' id='word_1_703' title='bbox 238 2507 354 2535; x_wconf 80' lang='lat' dir='ltr'><strong>magnus</strong></span> <span class='ocrx_word' id='word_1_704' title='bbox 379 2499 484 2530; x_wconf 86' lang='lat' dir='ltr'><strong>Menas,</strong></span> <span class='ocrx_word' id='word_1_705' title='bbox 507 2498 581 2534; x_wconf 92' lang='lat' dir='ltr'><strong>quod</strong></span> <span class='ocrx_word' id='word_1_706' title='bbox 601 2506 663 2525; x_wconf 92' lang='lat' dir='ltr'><strong>cum</strong></span> <span class='ocrx_word' id='word_1_707' title='bbox 683 2506 805 2526; x_wconf 87' lang='lat' dir='ltr'><strong>seorsum</strong></span> <span class='ocrx_word' id='word_1_708' title='bbox 825 2499 936 2533; x_wconf 89' lang='lat' dir='ltr'><strong>quidem</strong></span> <span class='ocrx_word' id='word_1_709' title='bbox 962 2504 1026 2527; x_wconf 87' lang='lat' dir='ltr'><strong>sunt</strong></span> 
     </span>
    </p>
   </div>
   <div class='ocr_carea' id='block_1_100' title="bbox 239 2545 1027 2580">
    <p class='ocr_par' dir='ltr' id='par_1_100' title="bbox 239 2545 1027 2580">
     <span class='ocr_line' id='line_1_100' title="bbox 239 2545 1027 2580; baseline -0.001 -7"><span class='ocrx_word' id='word_1_710' title='bbox 239 2546 376 2577; x_wconf 89' lang='lat' dir='ltr'><strong>homines,</strong></span> <span class='ocrx_word' id='word_1_711' title='bbox 396 2551 423 2573; x_wconf 91' lang='lat' dir='ltr'><strong>et</strong></span> <span class='ocrx_word' id='word_1_712' title='bbox 437 2545 556 2572; x_wconf 82' lang='lat' dir='ltr'><strong>maxime</strong></span> <span class='ocrx_word' id='word_1_713' title='bbox 580 2545 632 2573; x_wconf 91' lang='lat' dir='ltr'><strong>viri</strong></span> <span class='ocrx_word' id='word_1_714' title='bbox 649 2545 714 2573; x_wconf 81' lang='lat' dir='ltr'><strong>clari</strong></span> <span class='ocrx_word' id='word_1_715' title='bbox 738 2550 764 2572; x_wconf 90' lang='lat' dir='ltr'><strong>et</strong></span> <span class='ocrx_word' id='word_1_716' title='bbox 783 2545 914 2580; x_wconf 77' lang='lat' dir='ltr'><strong>insignes,</strong></span> <span class='ocrx_word' id='word_1_717' title='bbox 933 2545 1027 2573; x_wconf 78' lang='lat' dir='ltr'><strong>ferunt</strong></span> 
     </span>
    </p>
   </div>
   <div class='ocr_carea' id='block_1_101' title="bbox 240 2589 1027 2626">
    <p class='ocr_par' dir='ltr' id='par_1_101' title="bbox 240 2589 1027 2626">
     <span class='ocr_line' id='line_1_101' title="bbox 240 2589 1027 2626; baseline 0.001 -10"><span class='ocrx_word' id='word_1_718' title='bbox 240 2590 478 2626; x_wconf 82' lang='lat' dir='ltr'><strong>reprehensiones,</strong></span> <span class='ocrx_word' id='word_1_719' title='bbox 492 2594 520 2617; x_wconf 91' lang='lat' dir='ltr'><strong>et</strong></span> <span class='ocrx_word' id='word_1_720' title='bbox 535 2598 598 2618; x_wconf 88' lang='lat' dir='ltr'><strong>cum</strong></span> <span class='ocrx_word' id='word_1_721' title='bbox 622 2599 653 2618; x_wconf 78' lang='lat' dir='ltr'><strong>ea</strong></span> <span class='ocrx_word' id='word_1_722' title='bbox 671 2598 731 2625; x_wconf 77' lang='lat' dir='ltr'><strong>qua:</strong></span> <span class='ocrx_word' id='word_1_723' title='bbox 744 2591 785 2618; x_wconf 84' lang='lat' dir='ltr'><strong>eis</strong></span> <span class='ocrx_word' id='word_1_724' title='bbox 809 2598 881 2625; x_wconf 68' lang='lat' dir='ltr'><strong>saepe</strong></span> <span class='ocrx_word' id='word_1_725' title='bbox 896 2590 953 2617; x_wconf 85' lang='lat' dir='ltr'><strong>visa</strong></span> <span class='ocrx_word' id='word_1_726' title='bbox 967 2589 1027 2617; x_wconf 79' lang='lat' dir='ltr'><strong>lue-</strong></span> 
     </span>
    </p>
   </div>
   <div class='ocr_carea' id='block_1_102' title="bbox 240 2637 1026 2669">
    <p class='ocr_par' dir='ltr' id='par_1_102' title="bbox 240 2637 1026 2669">
     <span class='ocr_line' id='line_1_102' title="bbox 240 2637 1026 2669; baseline 0 -6"><span class='ocrx_word' id='word_1_727' title='bbox 240 2642 313 2669; x_wconf 89' lang='lat' dir='ltr'><strong>rant,</strong></span> <span class='ocrx_word' id='word_1_728' title='bbox 338 2637 513 2669; x_wconf 82' lang='lat' dir='ltr'><strong>refelluntur,</strong></span> <span class='ocrx_word' id='word_1_729' title='bbox 539 2637 699 2665; x_wconf 83' lang='lat' dir='ltr'><strong>sustinent:</strong></span> <span class='ocrx_word' id='word_1_730' title='bbox 716 2638 744 2664; x_wconf 93' lang='lat' dir='ltr'><strong>in</strong></span> <span class='ocrx_word' id='word_1_731' title='bbox 757 2638 894 2664; x_wconf 89' lang='lat' dir='ltr'><strong>concione</strong></span> <span class='ocrx_word' id='word_1_732' title='bbox 916 2644 983 2663; x_wconf 85' lang='lat' dir='ltr'><strong>vero</strong></span> <span class='ocrx_word' id='word_1_733' title='bbox 997 2641 1026 2663; x_wconf 79' lang='lat' dir='ltr'><strong>et</strong></span> 
     </span>
    </p>
   </div>
   <div class='ocr_carea' id='block_1_103' title="bbox 240 2681 1024 2719">
    <p class='ocr_par' dir='ltr' id='par_1_103' title="bbox 240 2681 1024 2719">
     <span class='ocr_line' id='line_1_103' title="bbox 240 2681 1024 2719; baseline -0.001 -10"><span class='ocrx_word' id='word_1_734' title='bbox 240 2688 403 2718; x_wconf 77' lang='lat' dir='ltr'><strong>congregata</strong></span> <span class='ocrx_word' id='word_1_735' title='bbox 426 2683 614 2715; x_wconf 83' lang='lat' dir='ltr'><strong>multitudine,</strong></span> <span class='ocrx_word' id='word_1_736' title='bbox 632 2691 703 2719; x_wconf 66' lang='lat' dir='ltr'><strong>aegre</strong></span> <span class='ocrx_word' id='word_1_737' title='bbox 725 2683 817 2711; x_wconf 77' lang='lat' dir='ltr'><strong>ferunt</strong></span> <span class='ocrx_word' id='word_1_738' title='bbox 839 2690 870 2709; x_wconf 84' lang='lat' dir='ltr'><strong>se</strong></span> <span class='ocrx_word' id='word_1_739' title='bbox 887 2681 1024 2717; x_wconf 82' lang='lat' dir='ltr'><strong>redargui,</strong></span> 
     </span>
    </p>
   </div>
   <div class='ocr_carea' id='block_1_104' title="bbox 239 2728 1027 2766">
    <p class='ocr_par' dir='ltr' id='par_1_104' title="bbox 239 2728 1027 2766">
     <span class='ocr_line' id='line_1_104' title="bbox 239 2728 1027 2766; baseline -0.003 -10"><span class='ocrx_word' id='word_1_740' title='bbox 239 2734 266 2756; x_wconf 73' lang='grc' dir='ltr'><strong>ιιι</strong></span> <span class='ocrx_word' id='word_1_741' title='bbox 285 2735 443 2758; x_wconf 83' lang='lat' dir='ltr'><strong>constanter</strong></span> <span class='ocrx_word' id='word_1_742' title='bbox 459 2736 623 2766; x_wconf 88' lang='lat' dir='ltr'><strong>permanent</strong></span> <span class='ocrx_word' id='word_1_743' title='bbox 647 2731 674 2758; x_wconf 90' lang='lat' dir='ltr'><strong>in</strong></span> <span class='ocrx_word' id='word_1_744' title='bbox 693 2731 727 2758; x_wconf 90' lang='lat' dir='ltr'><strong>iis</strong></span> <span class='ocrx_word' id='word_1_745' title='bbox 744 2738 805 2764; x_wconf 71' lang='lat' dir='ltr'><strong>quae</strong></span> <span class='ocrx_word' id='word_1_746' title='bbox 822 2729 874 2756; x_wconf 89' lang='lat' dir='ltr'><strong>sibi</strong></span> <span class='ocrx_word' id='word_1_747' title='bbox 891 2729 950 2756; x_wconf 82' lang='lat' dir='ltr'><strong>visa</strong></span> <span class='ocrx_word' id='word_1_748' title='bbox 968 2728 1027 2755; x_wconf 82' lang='lat' dir='ltr'><strong>fue-</strong></span> 
     </span>
    </p>
   </div>
   <div class='ocr_carea' id='block_1_105' title="bbox 242 2774 1026 2813">
    <p class='ocr_par' dir='ltr' id='par_1_105' title="bbox 242 2774 1026 2813">
     <span class='ocr_line' id='line_1_105' title="bbox 242 2774 1026 2813; baseline -0.003 -11"><span class='ocrx_word' id='word_1_749' title='bbox 242 2778 296 2804; x_wconf 83' lang='lat' dir='ltr'><strong>rint</strong></span> <span class='ocrx_word' id='word_1_750' title='bbox 310 2785 316 2804; x_wconf 92' lang='lat'>:</span> <span class='ocrx_word' id='word_1_751' title='bbox 332 2777 384 2805; x_wconf 88' lang='lat' dir='ltr'><strong>hoc</strong></span> <span class='ocrx_word' id='word_1_752' title='bbox 399 2777 444 2805; x_wconf 85' lang='lat' dir='ltr'><strong>ille</strong></span> <span class='ocrx_word' id='word_1_753' title='bbox 460 2778 562 2813; x_wconf 88' lang='lat' dir='ltr'><strong>optime</strong></span> <span class='ocrx_word' id='word_1_754' title='bbox 585 2777 778 2809; x_wconf 81' lang='lat' dir='ltr'><strong>considerans.</strong></span> <span class='ocrx_word' id='word_1_755' title='bbox 795 2781 822 2803; x_wconf 90' lang='lat' dir='ltr'><strong>et</strong></span> <span class='ocrx_word' id='word_1_756' title='bbox 842 2774 916 2809; x_wconf 89' lang='lat' dir='ltr'><strong>quod</strong></span> <span class='ocrx_word' id='word_1_757' title='bbox 931 2774 1026 2801; x_wconf 65' lang='lat' dir='ltr'><strong>erudi»</strong></span> 
     </span>
    </p>
   </div>
   <div class='ocr_carea' id='block_1_106' title="bbox 240 2820 1026 2857">
    <p class='ocr_par' dir='ltr' id='par_1_106' title="bbox 240 2820 1026 2857">
     <span class='ocr_line' id='line_1_106' title="bbox 240 2820 1026 2857; baseline -0.003 -9"><span class='ocrx_word' id='word_1_758' title='bbox 240 2824 359 2851; x_wconf 69' lang='lat' dir='ltr'><strong>tissimus</strong></span> <span class='ocrx_word' id='word_1_759' title='bbox 386 2825 497 2856; x_wconf 81' lang='lat' dir='ltr'><strong>quidem</strong></span> <span class='ocrx_word' id='word_1_760' title='bbox 524 2824 566 2851; x_wconf 90' lang='lat' dir='ltr'><strong>vir</strong></span> <span class='ocrx_word' id='word_1_761' title='bbox 591 2830 657 2852; x_wconf 60' lang='lat' dir='ltr'><strong>erat</strong></span> <span class='ocrx_word' id='word_1_762' title='bbox 678 2824 876 2857; x_wconf 72' lang='lat' dir='ltr'><strong>Hermogenes,</strong></span> <span class='ocrx_word' id='word_1_763' title='bbox 904 2820 1026 2847; x_wconf 87' lang='lat' dir='ltr'><strong>nondum</strong></span> 
     </span>
    </p>
   </div>
   <div class='ocr_carea' id='block_1_107' title="bbox 239 2865 1028 2907">
    <p class='ocr_par' dir='ltr' id='par_1_107' title="bbox 239 2865 1028 2907">
     <span class='ocr_line' id='line_1_107' title="bbox 239 2865 1028 2907; baseline -0.004 -11"><span class='ocrx_word' id='word_1_764' title='bbox 239 2875 329 2898; x_wconf 75' lang='lat' dir='ltr'><strong>autem</strong></span> <span class='ocrx_word' id='word_1_765' title='bbox 341 2875 448 2907; x_wconf 85' lang='lat' dir='ltr'><strong>poterat</strong></span> <span class='ocrx_word' id='word_1_766' title='bbox 464 2870 705 2907; x_wconf 83' lang='lat' dir='ltr'><strong>comprehendere</strong></span> <span class='ocrx_word' id='word_1_767' title='bbox 723 2873 826 2896; x_wconf 87' lang='lat' dir='ltr'><strong>tantam</strong></span> <span class='ocrx_word' id='word_1_768' title='bbox 843 2865 977 2901; x_wconf 80' lang='lat' dir='ltr'><strong>dogmatis</strong></span> <span class='ocrx_word' id='word_1_769' title='bbox 991 2866 1028 2893; x_wconf 49' lang='lat' dir='ltr'><strong>al.</strong></span> 
     </span>
    </p>
   </div>
   <div class='ocr_carea' id='block_1_108' title="bbox 1078 2267 1488 2305">
    <p class='ocr_par' dir='ltr' id='par_1_108' title="bbox 1078 2267 1488 2305">
     <span class='ocr_line' id='line_1_108' title="bbox 1078 2267 1488 2305; baseline 0.007 -12"><span class='ocrx_word' id='word_1_770' title='bbox 1078 2267 1257 2296; x_wconf 76' lang='grc' dir='ltr'>ὑποσκελίσαι</span> <span class='ocrx_word' id='word_1_771' title='bbox 1270 2269 1305 2295; x_wconf 77' lang='grc' dir='ltr'>τὰ</span> <span class='ocrx_word' id='word_1_772' title='bbox 1317 2268 1397 2305; x_wconf 80' lang='grc' dir='ltr'>διασή</span> <span class='ocrx_word' id='word_1_773' title='bbox 1403 2278 1488 2305; x_wconf 87' lang='grc' dir='ltr'>ματα.</span> 
     </span>
    </p>
   </div>
   <div class='ocr_carea' id='block_1_109' title="bbox 1107 2401 1863 2437">
    <p class='ocr_par' dir='ltr' id='par_1_109' title="bbox 1107 2401 1863 2437">
     <span class='ocr_line' id='line_1_109' title="bbox 1107 2401 1863 2437; baseline -0.008 -5"><span class='ocrx_word' id='word_1_774' title='bbox 1107 2406 1147 2432; x_wconf 85' lang='lat' dir='ltr'><strong>H’.</strong></span> <span class='ocrx_word' id='word_1_775' title='bbox 1175 2405 1251 2431; x_wconf 72' lang='grc' dir='ltr'>Ἐπεὶ</span> <span class='ocrx_word' id='word_1_776' title='bbox 1275 2404 1304 2431; x_wconf 65' lang='grc' dir='ltr'>δὲ</span> <span class='ocrx_word' id='word_1_777' title='bbox 1317 2403 1378 2430; x_wconf 83' lang='grc' dir='ltr'><strong>καθ’</strong></span> <span class='ocrx_word' id='word_1_778' title='bbox 1407 2404 1504 2429; x_wconf 69' lang='grc' dir='ltr'>ἑαυτὸν</span> <span class='ocrx_word' id='word_1_779' title='bbox 1521 2402 1640 2436; x_wconf 72' lang='grc' dir='ltr'>ἐγένετο,</span> <span class='ocrx_word' id='word_1_780' title='bbox 1661 2402 1730 2437; x_wconf 76' lang='grc' dir='ltr'>πρὸς</span> <span class='ocrx_word' id='word_1_781' title='bbox 1740 2401 1863 2435; x_wconf 70' lang='grc' dir='ltr'>ἑσπέραν</span> 
     </span>
    </p>
   </div>
   <div class='ocr_carea' id='block_1_110' title="bbox 1077 2447 1863 2485">
    <p class='ocr_par' dir='ltr' id='par_1_110' title="bbox 1077 2447 1863 2485">
     <span class='ocr_line' id='line_1_110' title="bbox 1077 2447 1863 2485; baseline -0.005 -7"><span class='ocrx_word' id='word_1_782' title='bbox 1077 2452 1203 2485; x_wconf 77' lang='grc' dir='ltr'>λυθείσης</span> <span class='ocrx_word' id='word_1_783' title='bbox 1212 2450 1288 2484; x_wconf 86' lang='grc' dir='ltr'><strong>αὑτῷ</strong></span> <span class='ocrx_word' id='word_1_784' title='bbox 1297 2451 1347 2484; x_wconf 72' lang='grc' dir='ltr'>τῆς</span> <span class='ocrx_word' id='word_1_785' title='bbox 1362 2449 1488 2483; x_wconf 81' lang='grc' dir='ltr'>πομπῆς,</span> <span class='ocrx_word' id='word_1_786' title='bbox 1507 2449 1621 2476; x_wconf 85' lang='grc' dir='ltr'>συνιδὼν</span> <span class='ocrx_word' id='word_1_787' title='bbox 1635 2450 1649 2475; x_wconf 83' lang='grc' dir='ltr'><strong>ό</strong></span> <span class='ocrx_word' id='word_1_788' title='bbox 1666 2448 1752 2483; x_wconf 74' lang='grc' dir='ltr'>μέγας</span> <span class='ocrx_word' id='word_1_789' title='bbox 1765 2447 1863 2481; x_wconf 75' lang='grc' dir='ltr'>Μηνᾶς</span> 
     </span>
    </p>
   </div>
   <div class='ocr_carea' id='block_1_111' title="bbox 1076 2493 1863 2530">
    <p class='ocr_par' dir='ltr' id='par_1_111' title="bbox 1076 2493 1863 2530">
     <span class='ocr_line' id='line_1_111' title="bbox 1076 2493 1863 2530; baseline -0.006 -5"><span class='ocrx_word' id='word_1_790' title='bbox 1076 2499 1114 2529; x_wconf 85' lang='grc' dir='ltr'><strong>ὡς</strong></span> <span class='ocrx_word' id='word_1_791' title='bbox 1142 2498 1287 2529; x_wconf 71' lang='grc' dir='ltr'>ἰδιάζοντες</span> <span class='ocrx_word' id='word_1_792' title='bbox 1313 2496 1363 2530; x_wconf 82' lang='grc' dir='ltr'>μὲν</span> <span class='ocrx_word' id='word_1_793' title='bbox 1392 2495 1545 2530; x_wconf 71' lang='grc' dir='ltr'>ἂνθρωποι,</span> <span class='ocrx_word' id='word_1_794' title='bbox 1578 2496 1628 2522; x_wconf 76' lang='grc' dir='ltr'><strong>καὶ</strong></span> <span class='ocrx_word' id='word_1_795' title='bbox 1660 2495 1781 2529; x_wconf 77' lang='grc' dir='ltr'>μάλιστα</span> <span class='ocrx_word' id='word_1_796' title='bbox 1806 2493 1863 2520; x_wconf 78' lang='grc' dir='ltr'>τῶν</span> 
     </span>
    </p>
   </div>
   <div class='ocr_carea' id='block_1_112' title="bbox 1077 2539 1855 2576">
    <p class='ocr_par' dir='ltr' id='par_1_112' title="bbox 1077 2539 1855 2576">
     <span class='ocr_line' id='line_1_112' title="bbox 1077 2539 1855 2576; baseline -0.003 -9"><span class='ocrx_word' id='word_1_797' title='bbox 1077 2542 1218 2576; x_wconf 75' lang='grc' dir='ltr'>ἐπιφανῶν</span> <span class='ocrx_word' id='word_1_798' title='bbox 1230 2549 1259 2567; x_wconf 88' lang='grc' dir='ltr'><strong>τε</strong></span> <span class='ocrx_word' id='word_1_799' title='bbox 1278 2540 1326 2567; x_wconf 78' lang='grc' dir='ltr'><strong>καὶ</strong></span> <span class='ocrx_word' id='word_1_800' title='bbox 1340 2540 1539 2576; x_wconf 72' lang='grc' dir='ltr'>περιῦλέπτων,</span> <span class='ocrx_word' id='word_1_801' title='bbox 1553 2540 1667 2574; x_wconf 72' lang='grc' dir='ltr'>φέρουσι</span> <span class='ocrx_word' id='word_1_802' title='bbox 1682 2540 1747 2571; x_wconf 75' lang='grc' dir='ltr'>τοὺς</span> <span class='ocrx_word' id='word_1_803' title='bbox 1776 2539 1855 2572; x_wconf 78' lang='grc' dir='ltr'>ὲλέγ-</span> 
     </span>
    </p>
   </div>
   <div class='ocr_carea' id='block_1_113' title="bbox 1077 2583 1862 2623">
    <p class='ocr_par' dir='ltr' id='par_1_113' title="bbox 1077 2583 1862 2623">
     <span class='ocr_line' id='line_1_113' title="bbox 1077 2583 1862 2623; baseline -0.004 -9"><span class='ocrx_word' id='word_1_804' title='bbox 1077 2597 1153 2623; x_wconf 85' lang='grc' dir='ltr'>χους,</span> <span class='ocrx_word' id='word_1_805' title='bbox 1170 2587 1216 2613; x_wconf 79' lang='grc' dir='ltr'><strong>καὶ</strong></span> <span class='ocrx_word' id='word_1_806' title='bbox 1233 2583 1271 2613; x_wconf 77' lang='grc' dir='ltr'>ὧν</span> <span class='ocrx_word' id='word_1_807' title='bbox 1286 2586 1380 2617; x_wconf 71' lang='grc' dir='ltr'>αὐτοῖς</span> <span class='ocrx_word' id='word_1_808' title='bbox 1394 2586 1468 2619; x_wconf 76' lang='grc' dir='ltr'>ἔδοξε</span> <span class='ocrx_word' id='word_1_809' title='bbox 1481 2586 1613 2617; x_wconf 78' lang='grc' dir='ltr'>πολλάκις</span> <span class='ocrx_word' id='word_1_810' title='bbox 1638 2583 1862 2618; x_wconf 77' lang='grc' dir='ltr'>ἀνασκευαζομέ-</span> 
     </span>
    </p>
   </div>
   <div class='ocr_carea' id='block_1_114' title="bbox 1078 2629 1862 2668">
    <p class='ocr_par' dir='ltr' id='par_1_114' title="bbox 1078 2629 1862 2668">
     <span class='ocr_line' id='line_1_114' title="bbox 1078 2629 1862 2668; baseline -0.005 -8"><span class='ocrx_word' id='word_1_811' title='bbox 1078 2643 1131 2660; x_wconf 91' lang='grc' dir='ltr'><strong>νων</strong></span> <span class='ocrx_word' id='word_1_812' title='bbox 1145 2634 1295 2668; x_wconf 73' lang='grc' dir='ltr'>ἀνέχονται,</span> <span class='ocrx_word' id='word_1_813' title='bbox 1318 2632 1551 2667; x_wconf 71' lang='grc' dir='ltr'>ικκλησιάζοντες</span> <span class='ocrx_word' id='word_1_814' title='bbox 1579 2631 1619 2663; x_wconf 69' lang='grc' dir='ltr'><strong>δὲ.</strong></span> <span class='ocrx_word' id='word_1_815' title='bbox 1651 2629 1862 2666; x_wconf 71' lang='grc' dir='ltr'>δυσχεραίνουσι</span> 
     </span>
    </p>
   </div>
   <div class='ocr_carea' id='block_1_115' title="bbox 1078 2677 1863 2714">
    <p class='ocr_par' dir='ltr' id='par_1_115' title="bbox 1078 2677 1863 2714">
     <span class='ocr_line' id='line_1_115' title="bbox 1078 2677 1863 2714; baseline -0.005 -8"><span class='ocrx_word' id='word_1_816' title='bbox 1078 2688 1107 2706; x_wconf 88' lang='grc' dir='ltr'><strong>τε</strong></span> <span class='ocrx_word' id='word_1_817' title='bbox 1119 2679 1330 2714; x_wconf 77' lang='grc' dir='ltr'>διελεγχόμενοι,</span> <span class='ocrx_word' id='word_1_818' title='bbox 1344 2680 1392 2706; x_wconf 73' lang='grc' dir='ltr'><strong>καὶ</strong></span> <span class='ocrx_word' id='word_1_819' title='bbox 1404 2679 1472 2713; x_wconf 82' lang='grc' dir='ltr'>πρὸς</span> <span class='ocrx_word' id='word_1_820' title='bbox 1484 2678 1518 2705; x_wconf 78' lang='grc' dir='ltr'>τὰ</span> <span class='ocrx_word' id='word_1_821' title='bbox 1528 2677 1680 2712; x_wconf 76' lang='grc' dir='ltr'>δεδογμένα</span> <span class='ocrx_word' id='word_1_822' title='bbox 1693 2677 1863 2707; x_wconf 69' lang='grc' dir='ltr'>ἃνστατικῶς</span> 
     </span>
    </p>
   </div>
   <div class='ocr_carea' id='block_1_116' title="bbox 1079 2723 1863 2762">
    <p class='ocr_par' dir='ltr' id='par_1_116' title="bbox 1079 2723 1863 2762">
     <span class='ocr_line' id='line_1_116' title="bbox 1079 2723 1863 2762; baseline -0.005 -9"><span class='ocrx_word' id='word_1_823' title='bbox 1079 2728 1171 2762; x_wconf 82' lang='grc' dir='ltr'>έχουσι</span> <span class='ocrx_word' id='word_1_824' title='bbox 1183 2734 1190 2742; x_wconf 91' lang='grc'>·</span> <span class='ocrx_word' id='word_1_825' title='bbox 1215 2726 1295 2753; x_wconf 71' lang='grc' dir='ltr'>τοῦτο</span> <span class='ocrx_word' id='word_1_826' title='bbox 1312 2727 1415 2757; x_wconf 67' lang='grc' dir='ltr'>ἐκεῖνος</span> <span class='ocrx_word' id='word_1_827' title='bbox 1439 2726 1542 2761; x_wconf 71' lang='grc' dir='ltr'>ἄριστα</span> <span class='ocrx_word' id='word_1_828' title='bbox 1560 2724 1684 2757; x_wconf 79' lang='grc' dir='ltr'>συνιδὼν,</span> <span class='ocrx_word' id='word_1_829' title='bbox 1700 2724 1749 2751; x_wconf 79' lang='grc' dir='ltr'><strong>καὶ</strong></span> <span class='ocrx_word' id='word_1_830' title='bbox 1762 2724 1804 2750; x_wconf 77' lang='grc' dir='ltr'>ὅτι</span> <span class='ocrx_word' id='word_1_831' title='bbox 1817 2723 1863 2750; x_wconf 80' lang='grc' dir='ltr'>λο-</span> 
     </span>
    </p>
   </div>
   <div class='ocr_carea' id='block_1_117' title="bbox 1079 2769 1863 2808">
    <p class='ocr_par' dir='ltr' id='par_1_117' title="bbox 1079 2769 1863 2808">
     <span class='ocr_line' id='line_1_117' title="bbox 1079 2769 1863 2808; baseline -0.006 -8"><span class='ocrx_word' id='word_1_832' title='bbox 1079 2774 1212 2808; x_wconf 85' lang='grc' dir='ltr'>γιώτατος</span> <span class='ocrx_word' id='word_1_833' title='bbox 1229 2773 1279 2807; x_wconf 82' lang='grc' dir='ltr'>μὲν</span> <span class='ocrx_word' id='word_1_834' title='bbox 1293 2774 1307 2800; x_wconf 86' lang='grc' dir='ltr'><strong>ὁ</strong></span> <span class='ocrx_word' id='word_1_835' title='bbox 1326 2771 1506 2808; x_wconf 79' lang='grc' dir='ltr'>Ἑρμογένης,</span> <span class='ocrx_word' id='word_1_836' title='bbox 1521 2770 1599 2797; x_wconf 75' lang='grc' dir='ltr'>οὔπω</span> <span class='ocrx_word' id='word_1_837' title='bbox 1612 2771 1640 2797; x_wconf 76' lang='grc' dir='ltr'>δὲ</span> <span class='ocrx_word' id='word_1_838' title='bbox 1653 2769 1702 2797; x_wconf 72' lang='grc' dir='ltr'><strong>καὶ</strong></span> <span class='ocrx_word' id='word_1_839' title='bbox 1727 2769 1863 2803; x_wconf 83' lang='grc' dir='ltr'>δόγματος</span> 
     </span>
    </p>
   </div>
   <div class='ocr_carea' id='block_1_118' title="bbox 1080 2815 1859 2855">
    <p class='ocr_par' dir='ltr' id='par_1_118' title="bbox 1080 2815 1859 2855">
     <span class='ocr_line' id='line_1_118' title="bbox 1080 2815 1859 2855; baseline -0.009 -8"><span class='ocrx_word' id='word_1_840' title='bbox 1080 2820 1146 2855; x_wconf 66' lang='grc' dir='ltr'>ὕψος</span> <span class='ocrx_word' id='word_1_841' title='bbox 1171 2820 1297 2847; x_wconf 81' lang='grc' dir='ltr'>τοσοῦτον</span> <span class='ocrx_word' id='word_1_842' title='bbox 1321 2818 1488 2846; x_wconf 76' lang='grc' dir='ltr'>καταλαϐεῖν</span> <span class='ocrx_word' id='word_1_843' title='bbox 1520 2816 1623 2849; x_wconf 69' lang='grc' dir='ltr'>ίκανὺς,</span> <span class='ocrx_word' id='word_1_844' title='bbox 1649 2816 1698 2842; x_wconf 71' lang='grc' dir='ltr'><strong>καὶ</strong></span> <span class='ocrx_word' id='word_1_845' title='bbox 1713 2816 1761 2847; x_wconf 83' lang='grc' dir='ltr'>ὼς,</span> <span class='ocrx_word' id='word_1_846' title='bbox 1780 2815 1859 2848; x_wconf 79' lang='grc' dir='ltr'>εἴπερ</span> 
     </span>
    </p>
   </div>
   <div class='ocr_carea' id='block_1_119' title="bbox 1080 2862 1861 2900">
    <p class='ocr_par' dir='ltr' id='par_1_119' title="bbox 1080 2862 1861 2900">
     <span class='ocr_line' id='line_1_119' title="bbox 1080 2862 1861 2900; baseline -0.009 -6"><span class='ocrx_word' id='word_1_847' title='bbox 1080 2866 1166 2899; x_wconf 75' lang='grc' dir='ltr'>οὓτως</span> <span class='ocrx_word' id='word_1_848' title='bbox 1185 2868 1224 2898; x_wconf 82' lang='grc' dir='ltr'><strong>εἰς</strong></span> <span class='ocrx_word' id='word_1_849' title='bbox 1239 2866 1268 2893; x_wconf 78' lang='grc' dir='ltr'><strong>τὸ</strong></span> <span class='ocrx_word' id='word_1_850' title='bbox 1285 2866 1360 2900; x_wconf 80' lang='grc' dir='ltr'>βῆμα</span> <span class='ocrx_word' id='word_1_851' title='bbox 1379 2865 1502 2898; x_wconf 80' lang='grc' dir='ltr'>χωρήσοι</span> <span class='ocrx_word' id='word_1_852' title='bbox 1515 2863 1552 2897; x_wconf 84' lang='grc' dir='ltr'>μὴ</span> <span class='ocrx_word' id='word_1_853' title='bbox 1571 2862 1796 2896; x_wconf 73' lang='grc' dir='ltr'>προκατηχηθεὶς</span> <span class='ocrx_word' id='word_1_854' title='bbox 1812 2862 1861 2894; x_wconf 73' lang='grc' dir='ltr'>τὴν</span> 
     </span>
    </p>
   </div>
  </div>
