  <div class='ocr_page' id='page_1' title='image "/cluster/home/n/w/nwhite01/storage/ocr_20150623/116/njp.32101077772984/266.png"; bbox 0 0 2082 3153; ppageno 0'>
   <div class='ocr_carea' id='block_1_1' title="bbox 207 121 261 151">
    <p class='ocr_par' dir='ltr' id='par_1_1' title="bbox 207 121 261 151">
     <span class='ocr_line' id='line_1_1' title="bbox 207 121 261 151; baseline 0.019 -1"><span class='ocrx_word' id='word_1_1' title='bbox 207 121 261 151; x_wconf 82' lang='lat'><strong>393</strong></span> 
     </span>
    </p>
   </div>
   <div class='ocr_carea' id='block_1_2' title="bbox 649 121 1366 155">
    <p class='ocr_par' dir='ltr' id='par_1_2' title="bbox 649 121 1366 155">
     <span class='ocr_line' id='line_1_2' title="bbox 649 121 1366 155; baseline 0.004 -3"><span class='ocrx_word' id='word_1_2' title='bbox 649 122 883 153; x_wconf 76' lang='lat' dir='ltr'><strong>MARTYRIUM</strong></span> <span class='ocrx_word' id='word_1_3' title='bbox 903 123 936 152; x_wconf 84' lang='lat' dir='ltr'><strong>S.</strong></span> <span class='ocrx_word' id='word_1_4' title='bbox 956 122 1072 152; x_wconf 73' lang='lat' dir='ltr'><strong>MEN/E</strong></span> <span class='ocrx_word' id='word_1_5' title='bbox 1092 122 1139 152; x_wconf 84' lang='lat' dir='ltr'><strong>ET</strong></span> <span class='ocrx_word' id='word_1_6' title='bbox 1158 121 1366 155; x_wconf 80' lang='lat' dir='ltr'><strong>SOClORUM.</strong></span> 
     </span>
    </p>
   </div>
   <div class='ocr_carea' id='block_1_3' title="bbox 1782 124 1834 157">
    <p class='ocr_par' dir='ltr' id='par_1_3' title="bbox 1782 124 1834 157">
     <span class='ocr_line' id='line_1_3' title="bbox 1782 124 1834 157; baseline -0.038 0"><span class='ocrx_word' id='word_1_7' title='bbox 1782 124 1834 157; x_wconf 70' lang='lat'><strong>305.</strong></span> 
     </span>
    </p>
   </div>
   <div class='ocr_carea' id='block_1_4' title="bbox 210 175 995 215">
    <p class='ocr_par' dir='ltr' id='par_1_4' title="bbox 210 175 995 214">
     <span class='ocr_line' id='line_1_4' title="bbox 210 175 995 214; baseline 0.004 -13"><span class='ocrx_word' id='word_1_8' title='bbox 210 175 352 210; x_wconf 76' lang='grc' dir='ltr'>ραδείκτου</span> <span class='ocrx_word' id='word_1_9' title='bbox 380 185 408 203; x_wconf 88' lang='grc' dir='ltr'><strong>τε</strong></span> <span class='ocrx_word' id='word_1_10' title='bbox 424 176 493 212; x_wconf 75' lang='grc' dir='ltr'>πρὸς</span> <span class='ocrx_word' id='word_1_11' title='bbox 519 177 659 213; x_wconf 82' lang='grc' dir='ltr'>ἀλήθειαν,</span> <span class='ocrx_word' id='word_1_12' title='bbox 689 179 808 214; x_wconf 82' lang='grc' dir='ltr'>μάλιστα</span> <span class='ocrx_word' id='word_1_13' title='bbox 835 179 863 205; x_wconf 69' lang='grc' dir='ltr'>δὲ</span> <span class='ocrx_word' id='word_1_14' title='bbox 889 178 995 213; x_wconf 75' lang='grc' dir='ltr'>καὶτῆς</span> 
     </span>
    </p>
   </div>
   <div class='ocr_carea' id='block_1_5' title="bbox 1047 175 1834 215">
    <p class='ocr_par' dir='ltr' id='par_1_5' title="bbox 1047 177 1834 215">
     <span class='ocr_line' id='line_1_5' title="bbox 1047 177 1834 215; baseline 0.009 -11"><span class='ocrx_word' id='word_1_15' title='bbox 1047 177 1165 204; x_wconf 81' lang='lat' dir='ltr'><strong>animam</strong></span> <span class='ocrx_word' id='word_1_16' title='bbox 1187 182 1215 205; x_wconf 82' lang='lat' dir='ltr'><strong>et</strong></span> <span class='ocrx_word' id='word_1_17' title='bbox 1240 179 1334 213; x_wconf 59' lang='lat' dir='ltr'><strong>gratim</strong></span> <span class='ocrx_word' id='word_1_18' title='bbox 1360 187 1505 215; x_wconf 84' lang='lat' dir='ltr'><strong>capacem,</strong></span> <span class='ocrx_word' id='word_1_19' title='bbox 1532 180 1649 210; x_wconf 79' lang='lat' dir='ltr'><strong>maxime</strong></span> <span class='ocrx_word' id='word_1_20' title='bbox 1679 190 1744 210; x_wconf 88' lang='lat' dir='ltr'><strong>vero</strong></span> <span class='ocrx_word' id='word_1_21' title='bbox 1773 191 1834 211; x_wconf 85' lang='lat' dir='ltr'><strong>eum</strong></span> 
     </span>
    </p>
   </div>
   <div class='ocr_carea' id='block_1_6' title="bbox 209 222 997 260">
    <p class='ocr_par' dir='ltr' id='par_1_6' title="bbox 209 222 997 260">
     <span class='ocr_line' id='line_1_6' title="bbox 209 222 997 260; baseline 0.005 -13"><span class='ocrx_word' id='word_1_22' title='bbox 209 222 332 256; x_wconf 78' lang='grc' dir='ltr'>χάριτος,</span> <span class='ocrx_word' id='word_1_23' title='bbox 346 222 400 248; x_wconf 83' lang='grc' dir='ltr'><strong>τῶν</strong></span> <span class='ocrx_word' id='word_1_24' title='bbox 411 222 559 258; x_wconf 74' lang='grc' dir='ltr'><strong>ὀφθαλμῶν</strong></span> <span class='ocrx_word' id='word_1_25' title='bbox 577 224 659 251; x_wconf 72' lang='grc' dir='ltr'>αὑτοῦ</span> <span class='ocrx_word' id='word_1_26' title='bbox 674 225 724 260; x_wconf 80' lang='grc' dir='ltr'>τῆς</span> <span class='ocrx_word' id='word_1_27' title='bbox 741 225 833 260; x_wconf 77' lang='grc' dir='ltr'>ψυχῆς</span> <span class='ocrx_word' id='word_1_28' title='bbox 851 223 997 260; x_wconf 72' lang='grc' dir='ltr'>ἀψαμένης</span> 
     </span>
    </p>
   </div>
   <div class='ocr_carea' id='block_1_7' title="bbox 209 267 996 307">
    <p class='ocr_par' dir='ltr' id='par_1_7' title="bbox 209 267 996 307">
     <span class='ocr_line' id='line_1_7' title="bbox 209 267 996 307; baseline 0.006 -13"><span class='ocrx_word' id='word_1_29' title='bbox 209 267 312 303; x_wconf 68' lang='grc' dir='ltr'>ἤρξατο</span> <span class='ocrx_word' id='word_1_30' title='bbox 322 270 443 296; x_wconf 77' lang='grc' dir='ltr'>συνιέναι</span> <span class='ocrx_word' id='word_1_31' title='bbox 469 269 549 297; x_wconf 79' lang='grc' dir='ltr'>τοῦτο</span> <span class='ocrx_word' id='word_1_32' title='bbox 564 271 615 306; x_wconf 69' lang='grc' dir='ltr'>μὲν</span> <span class='ocrx_word' id='word_1_33' title='bbox 636 272 669 298; x_wconf 67' lang='grc' dir='ltr'>ἐκ</span> <span class='ocrx_word' id='word_1_34' title='bbox 692 272 747 298; x_wconf 83' lang='grc' dir='ltr'>τῶν</span> <span class='ocrx_word' id='word_1_35' title='bbox 761 272 861 307; x_wconf 85' lang='grc' dir='ltr'>λόγων,</span> <span class='ocrx_word' id='word_1_36' title='bbox 874 272 953 299; x_wconf 81' lang='grc' dir='ltr'>τοῦτο</span> <span class='ocrx_word' id='word_1_37' title='bbox 967 271 996 298; x_wconf 79' lang='grc' dir='ltr'>δὲ</span> 
     </span>
    </p>
   </div>
   <div class='ocr_carea' id='block_1_8' title="bbox 209 313 997 352">
    <p class='ocr_par' dir='ltr' id='par_1_8' title="bbox 209 313 997 352">
     <span class='ocr_line' id='line_1_8' title="bbox 209 313 997 352; baseline 0.009 -14"><span class='ocrx_word' id='word_1_38' title='bbox 209 313 258 339; x_wconf 79' lang='grc' dir='ltr'>καὶ</span> <span class='ocrx_word' id='word_1_39' title='bbox 272 313 318 340; x_wconf 80' lang='grc' dir='ltr'><strong>τοῦ</strong></span> <span class='ocrx_word' id='word_1_40' title='bbox 349 313 488 349; x_wconf 74' lang='grc' dir='ltr'><strong>θαύματος</strong></span> <span class='ocrx_word' id='word_1_41' title='bbox 503 315 550 342; x_wconf 69' lang='grc' dir='ltr'>τὸν</span> <span class='ocrx_word' id='word_1_42' title='bbox 571 316 660 352; x_wconf 79' lang='grc' dir='ltr'>ἀληθῆ</span> <span class='ocrx_word' id='word_1_43' title='bbox 671 317 738 343; x_wconf 83' lang='grc' dir='ltr'>Θεόν</span> <span class='ocrx_word' id='word_1_44' title='bbox 751 325 759 333; x_wconf 89' lang='grc'><strong>·</strong></span> <span class='ocrx_word' id='word_1_45' title='bbox 775 319 823 344; x_wconf 79' lang='grc' dir='ltr'>καὶ</span> <span class='ocrx_word' id='word_1_46' title='bbox 836 317 924 351; x_wconf 72' lang='grc' dir='ltr'>αὐγάς</span> <span class='ocrx_word' id='word_1_47' title='bbox 948 317 997 352; x_wconf 76' lang='grc' dir='ltr'>τῆς</span> 
     </span>
    </p>
   </div>
   <div class='ocr_carea' id='block_1_9' title="bbox 209 359 998 398">
    <p class='ocr_par' dir='ltr' id='par_1_9' title="bbox 209 359 998 398">
     <span class='ocr_line' id='line_1_9' title="bbox 209 359 998 398; baseline 0.008 -13"><span class='ocrx_word' id='word_1_48' title='bbox 209 359 350 391; x_wconf 74' lang='grc' dir='ltr'>εὐσεϐείας</span> <span class='ocrx_word' id='word_1_49' title='bbox 361 360 452 396; x_wconf 75' lang='grc' dir='ltr'>ἠρέμα</span> <span class='ocrx_word' id='word_1_50' title='bbox 469 361 525 393; x_wconf 72' lang='grc' dir='ltr'>πῶς</span> <span class='ocrx_word' id='word_1_51' title='bbox 540 361 731 398; x_wconf 76' lang='grc' dir='ltr'>ὑποδέχεσθαι.</span> <span class='ocrx_word' id='word_1_52' title='bbox 748 363 899 398; x_wconf 76' lang='grc' dir='ltr'>Συμϐαλὼν</span> <span class='ocrx_word' id='word_1_53' title='bbox 913 364 940 391; x_wconf 78' lang='grc' dir='ltr'>δὲ</span> <span class='ocrx_word' id='word_1_54' title='bbox 950 364 998 390; x_wconf 67' lang='grc' dir='ltr'>καὶ</span> 
     </span>
    </p>
   </div>
   <div class='ocr_carea' id='block_1_10' title="bbox 208 405 997 445">
    <p class='ocr_par' dir='ltr' id='par_1_10' title="bbox 208 405 997 445">
     <span class='ocr_line' id='line_1_10' title="bbox 208 405 997 445; baseline 0.009 -15"><span class='ocrx_word' id='word_1_55' title='bbox 208 405 243 440; x_wconf 79' lang='grc' dir='ltr'>ἢν</span> <span class='ocrx_word' id='word_1_56' title='bbox 257 406 389 441; x_wconf 73' lang='grc' dir='ltr'>πρότερον</span> <span class='ocrx_word' id='word_1_57' title='bbox 422 407 494 434; x_wconf 86' lang='grc' dir='ltr'><strong>κατά</strong></span> <span class='ocrx_word' id='word_1_58' title='bbox 509 408 554 434; x_wconf 83' lang='grc' dir='ltr'><strong>τὸν</strong></span> <span class='ocrx_word' id='word_1_59' title='bbox 570 409 711 436; x_wconf 81' lang='grc' dir='ltr'><strong>ἀπόπλουν</strong></span> <span class='ocrx_word' id='word_1_60' title='bbox 726 409 859 437; x_wconf 63' lang='grc' dir='ltr'>ἐθεάσατο</span> <span class='ocrx_word' id='word_1_61' title='bbox 874 410 936 445; x_wconf 67' lang='grc' dir='ltr'>ὄψιν</span> <span class='ocrx_word' id='word_1_62' title='bbox 950 411 997 436; x_wconf 74' lang='grc' dir='ltr'>καὶ</span> 
     </span>
    </p>
   </div>
   <div class='ocr_carea' id='block_1_11' title="bbox 209 451 997 492">
    <p class='ocr_par' dir='ltr' id='par_1_11' title="bbox 209 451 997 492">
     <span class='ocr_line' id='line_1_11' title="bbox 209 451 997 492; baseline 0.008 -14"><span class='ocrx_word' id='word_1_63' title='bbox 209 451 284 483; x_wconf 81' lang='grc' dir='ltr'>ὅπως</span> <span class='ocrx_word' id='word_1_64' title='bbox 298 453 312 479; x_wconf 85' lang='grc' dir='ltr'><strong>ό</strong></span> <span class='ocrx_word' id='word_1_65' title='bbox 330 453 426 487; x_wconf 69' lang='grc' dir='ltr'>φανεὶς</span> <span class='ocrx_word' id='word_1_66' title='bbox 451 454 528 488; x_wconf 76' lang='grc' dir='ltr'>Θεὸς,</span> <span class='ocrx_word' id='word_1_67' title='bbox 558 454 682 490; x_wconf 73' lang='grc' dir='ltr'>βούλεται</span> <span class='ocrx_word' id='word_1_68' title='bbox 707 455 802 483; x_wconf 81' lang='grc' dir='ltr'>τοῦτον</span> <span class='ocrx_word' id='word_1_69' title='bbox 819 457 997 492; x_wconf 82' lang='grc' dir='ltr'>συναρίθμιον</span> 
     </span>
    </p>
   </div>
   <div class='ocr_carea' id='block_1_12' title="bbox 209 495 997 537">
    <p class='ocr_par' dir='ltr' id='par_1_12' title="bbox 209 495 997 537">
     <span class='ocr_line' id='line_1_12' title="bbox 209 495 997 537; baseline 0.005 -13"><span class='ocrx_word' id='word_1_70' title='bbox 209 495 280 525; x_wconf 76' lang='grc' dir='ltr'>εἷναι</span> <span class='ocrx_word' id='word_1_71' title='bbox 295 500 350 531; x_wconf 78' lang='grc' dir='ltr'>τοῖς</span> <span class='ocrx_word' id='word_1_72' title='bbox 366 498 519 535; x_wconf 80' lang='grc' dir='ltr'><strong>ὑπηρέταις</strong></span> <span class='ocrx_word' id='word_1_73' title='bbox 529 501 612 528; x_wconf 84' lang='grc' dir='ltr'>αὐτοῦ</span> <span class='ocrx_word' id='word_1_74' title='bbox 634 501 682 529; x_wconf 82' lang='grc' dir='ltr'>καὶ</span> <span class='ocrx_word' id='word_1_75' title='bbox 705 503 763 534; x_wconf 71' lang='grc' dir='ltr'>τοῖς</span> <span class='ocrx_word' id='word_1_76' title='bbox 789 501 888 537; x_wconf 85' lang='grc' dir='ltr'>φίλοις,</span> <span class='ocrx_word' id='word_1_77' title='bbox 904 502 997 537; x_wconf 76' lang='grc' dir='ltr'>ἔχαιρε</span> 
     </span>
    </p>
   </div>
   <div class='ocr_carea' id='block_1_13' title="bbox 211 546 998 585">
    <p class='ocr_par' dir='ltr' id='par_1_13' title="bbox 211 546 998 585">
     <span class='ocr_line' id='line_1_13' title="bbox 211 546 998 585; baseline 0.005 -13"><span class='ocrx_word' id='word_1_78' title='bbox 211 546 271 580; x_wconf 79' lang='grc' dir='ltr'>μὲν,</span> <span class='ocrx_word' id='word_1_79' title='bbox 286 546 324 578; x_wconf 86' lang='grc' dir='ltr'>ὡς</span> <span class='ocrx_word' id='word_1_80' title='bbox 341 547 388 574; x_wconf 65' lang='grc' dir='ltr'>επὶ</span> <span class='ocrx_word' id='word_1_81' title='bbox 403 548 517 584; x_wconf 83' lang='grc' dir='ltr'>μεγάλῳ</span> <span class='ocrx_word' id='word_1_82' title='bbox 532 548 571 584; x_wconf 86' lang='grc' dir='ltr'><strong>τῷ</strong></span> <span class='ocrx_word' id='word_1_83' title='bbox 585 549 740 584; x_wconf 73' lang='grc' dir='ltr'><strong>πράγματι,</strong></span> <span class='ocrx_word' id='word_1_84' title='bbox 755 549 881 585; x_wconf 76' lang='grc' dir='ltr'><strong>διηπόρει</strong></span> <span class='ocrx_word' id='word_1_85' title='bbox 896 549 924 576; x_wconf 80' lang='grc' dir='ltr'>δὲ</span> <span class='ocrx_word' id='word_1_86' title='bbox 938 549 998 581; x_wconf 84' lang='grc' dir='ltr'>πῶς</span> 
     </span>
    </p>
   </div>
   <div class='ocr_carea' id='block_1_14' title="bbox 207 593 998 631">
    <p class='ocr_par' dir='ltr' id='par_1_14' title="bbox 207 593 998 631">
     <span class='ocr_line' id='line_1_14' title="bbox 207 593 998 631; baseline 0.004 -12"><span class='ocrx_word' id='word_1_87' title='bbox 207 593 245 619; x_wconf 69' lang='grc' dir='ltr'>ἂν</span> <span class='ocrx_word' id='word_1_88' title='bbox 257 594 271 620; x_wconf 74' lang='grc' dir='ltr'><strong><em>ὁ</em></strong></span> <span class='ocrx_word' id='word_1_89' title='bbox 285 593 332 619; x_wconf 76' lang='grc' dir='ltr'><strong>ἐπὶ</strong></span> <span class='ocrx_word' id='word_1_90' title='bbox 357 594 485 621; x_wconf 82' lang='grc' dir='ltr'>τοσοῦτον</span> <span class='ocrx_word' id='word_1_91' title='bbox 519 595 616 630; x_wconf 82' lang='grc' dir='ltr'>χρόνον</span> <span class='ocrx_word' id='word_1_92' title='bbox 630 597 663 631; x_wconf 82' lang='grc' dir='ltr'>τῇ</span> <span class='ocrx_word' id='word_1_93' title='bbox 681 595 771 631; x_wconf 82' lang='grc' dir='ltr'>πλάνῃ</span> <span class='ocrx_word' id='word_1_94' title='bbox 802 595 998 631; x_wconf 77' lang='grc' dir='ltr'><strong>προστετηκὼς</strong></span> 
     </span>
    </p>
   </div>
   <div class='ocr_carea' id='block_1_15' title="bbox 207 638 997 679">
    <p class='ocr_par' dir='ltr' id='par_1_15' title="bbox 207 638 997 679">
     <span class='ocr_line' id='line_1_15' title="bbox 207 638 997 679; baseline 0.008 -15"><span class='ocrx_word' id='word_1_95' title='bbox 207 638 309 673; x_wconf 85' lang='grc' dir='ltr'>ἀθρόον</span> <span class='ocrx_word' id='word_1_96' title='bbox 339 639 467 676; x_wconf 76' lang='grc' dir='ltr'><strong>ἀξιωθείη</strong></span> <span class='ocrx_word' id='word_1_97' title='bbox 494 642 609 676; x_wconf 74' lang='grc' dir='ltr'>τοιούτῳ</span> <span class='ocrx_word' id='word_1_98' title='bbox 645 643 893 679; x_wconf 74' lang='grc' dir='ltr'>προσοικιιωθῆναι</span> <span class='ocrx_word' id='word_1_99' title='bbox 925 643 997 679; x_wconf 82' lang='grc' dir='ltr'><strong>Θεῷ.</strong></span> 
     </span>
    </p>
   </div>
   <div class='ocr_carea' id='block_1_16' title="bbox 214 683 997 726">
    <p class='ocr_par' dir='ltr' id='par_1_16' title="bbox 214 683 997 726">
     <span class='ocr_line' id='line_1_16' title="bbox 214 683 997 726; baseline 0.006 -14"><span class='ocrx_word' id='word_1_100' title='bbox 214 683 260 717; x_wconf 79' lang='lat'><strong>&#39;0;</strong></span> <span class='ocrx_word' id='word_1_101' title='bbox 281 683 328 713; x_wconf 81' lang='grc' dir='ltr'>οὖν</span> <span class='ocrx_word' id='word_1_102' title='bbox 354 686 426 713; x_wconf 75' lang='grc' dir='ltr'>οὕτω</span> <span class='ocrx_word' id='word_1_103' title='bbox 450 687 536 714; x_wconf 80' lang='grc' dir='ltr'>ταῦτα</span> <span class='ocrx_word' id='word_1_104' title='bbox 565 688 612 714; x_wconf 76' lang='grc' dir='ltr'>καὶ</span> <span class='ocrx_word' id='word_1_105' title='bbox 630 689 692 715; x_wconf 84' lang='grc' dir='ltr'>καθ’</span> <span class='ocrx_word' id='word_1_106' title='bbox 713 689 811 716; x_wconf 73' lang='grc' dir='ltr'>ἑαυτὸν</span> <span class='ocrx_word' id='word_1_107' title='bbox 822 690 964 725; x_wconf 79' lang='grc' dir='ltr'>ἔστρεφεν,</span> <span class='ocrx_word' id='word_1_108' title='bbox 982 691 997 726; x_wconf 78' lang='grc' dir='ltr'>ἡ</span> 
     </span>
    </p>
   </div>
   <div class='ocr_carea' id='block_1_17' title="bbox 207 731 998 772">
    <p class='ocr_par' dir='ltr' id='par_1_17' title="bbox 207 731 998 772">
     <span class='ocr_line' id='line_1_17' title="bbox 207 731 998 772; baseline 0.008 -15"><span class='ocrx_word' id='word_1_109' title='bbox 207 731 270 758; x_wconf 82' lang='grc' dir='ltr'>θεία</span> <span class='ocrx_word' id='word_1_110' title='bbox 281 733 361 768; x_wconf 83' lang='grc' dir='ltr'>χάρις</span> <span class='ocrx_word' id='word_1_111' title='bbox 375 733 414 760; x_wconf 79' lang='grc' dir='ltr'>ἔτι</span> <span class='ocrx_word' id='word_1_112' title='bbox 429 733 530 768; x_wconf 76' lang='grc' dir='ltr'>μᾶλλον</span> <span class='ocrx_word' id='word_1_113' title='bbox 557 734 639 761; x_wconf 66' lang='grc' dir='ltr'>αὺτδν</span> <span class='ocrx_word' id='word_1_114' title='bbox 654 735 844 771; x_wconf 74' lang='grc' dir='ltr'>ἐκκαλουμένη</span> <span class='ocrx_word' id='word_1_115' title='bbox 861 737 930 771; x_wconf 69' lang='grc' dir='ltr'>πρὸς</span> <span class='ocrx_word' id='word_1_116' title='bbox 949 736 998 772; x_wconf 82' lang='grc' dir='ltr'>τὴν</span> 
     </span>
    </p>
   </div>
   <div class='ocr_carea' id='block_1_18' title="bbox 209 779 998 820">
    <p class='ocr_par' dir='ltr' id='par_1_18' title="bbox 209 779 998 820">
     <span class='ocr_line' id='line_1_18' title="bbox 209 779 998 820; baseline 0.008 -15"><span class='ocrx_word' id='word_1_117' title='bbox 209 779 370 813; x_wconf 69' lang='grc' dir='ltr'>ιπίγνωσιν,</span> <span class='ocrx_word' id='word_1_118' title='bbox 386 781 565 818; x_wconf 82' lang='grc' dir='ltr'>λαμπρότερα</span> <span class='ocrx_word' id='word_1_119' title='bbox 578 783 703 818; x_wconf 75' lang='grc' dir='ltr'>σύμϐολα</span> <span class='ocrx_word' id='word_1_120' title='bbox 715 784 853 818; x_wconf 76' lang='grc' dir='ltr'>προτείνει</span> <span class='ocrx_word' id='word_1_121' title='bbox 867 785 916 820; x_wconf 78' lang='grc' dir='ltr'>τῆς</span> <span class='ocrx_word' id='word_1_122' title='bbox 933 785 998 820; x_wconf 82' lang='grc' dir='ltr'>ἀλη-</span> 
     </span>
    </p>
   </div>
   <div class='ocr_carea' id='block_1_19' title="bbox 208 823 997 864">
    <p class='ocr_par' dir='ltr' id='par_1_19' title="bbox 208 823 997 864">
     <span class='ocr_line' id='line_1_19' title="bbox 208 823 997 864; baseline 0.008 -14"><span class='ocrx_word' id='word_1_123' title='bbox 208 823 294 856; x_wconf 84' lang='grc' dir='ltr'>θείας.</span> <span class='ocrx_word' id='word_1_124' title='bbox 316 826 370 852; x_wconf 76' lang='grc' dir='ltr'><strong>Καὶ</strong></span> <span class='ocrx_word' id='word_1_125' title='bbox 383 827 434 861; x_wconf 83' lang='grc' dir='ltr'>ὁρᾷ</span> <span class='ocrx_word' id='word_1_126' title='bbox 449 828 552 859; x_wconf 74' lang='grc' dir='ltr'>ἐκεῖνος</span> <span class='ocrx_word' id='word_1_127' title='bbox 574 829 622 855; x_wconf 70' lang='grc' dir='ltr'>σὺν</span> <span class='ocrx_word' id='word_1_128' title='bbox 636 828 739 863; x_wconf 78' lang='grc' dir='ltr'>ὀλίγοις</span> <span class='ocrx_word' id='word_1_129' title='bbox 754 830 826 856; x_wconf 77' lang='grc' dir='ltr'>τισὶν</span> <span class='ocrx_word' id='word_1_130' title='bbox 837 829 938 864; x_wconf 78' lang='grc' dir='ltr'>ἄνδρας</span> <span class='ocrx_word' id='word_1_131' title='bbox 950 831 997 856; x_wconf 75' lang='grc' dir='ltr'>δύο</span> 
     </span>
    </p>
   </div>
   <div class='ocr_carea' id='block_1_20' title="bbox 206 870 995 910">
    <p class='ocr_par' dir='ltr' id='par_1_20' title="bbox 206 870 995 910">
     <span class='ocr_line' id='line_1_20' title="bbox 206 870 995 910; baseline 0.008 -14"><span class='ocrx_word' id='word_1_132' title='bbox 206 870 388 905; x_wconf 62' lang='lat' dir='ltr'><strong>«apta-avra;</strong></span> <span class='ocrx_word' id='word_1_133' title='bbox 401 871 446 899; x_wconf 79' lang='grc' dir='ltr'>τὸν</span> <span class='ocrx_word' id='word_1_134' title='bbox 461 873 552 906; x_wconf 69' lang='grc' dir='ltr'>ἅγιον,</span> <span class='ocrx_word' id='word_1_135' title='bbox 577 873 703 909; x_wconf 82' lang='grc' dir='ltr'>ἀστραπῇ</span> <span class='ocrx_word' id='word_1_136' title='bbox 714 874 762 909; x_wconf 76' lang='grc' dir='ltr'>τὴν</span> <span class='ocrx_word' id='word_1_137' title='bbox 780 875 888 910; x_wconf 72' lang='grc' dir='ltr'>μορφὴν</span> <span class='ocrx_word' id='word_1_138' title='bbox 908 875 995 902; x_wconf 72' lang='grc' dir='ltr'>ἐοικό-</span> 
     </span>
    </p>
   </div>
   <div class='ocr_carea' id='block_1_21' title="bbox 207 916 996 957">
    <p class='ocr_par' dir='ltr' id='par_1_21' title="bbox 207 916 996 957">
     <span class='ocr_line' id='line_1_21' title="bbox 207 916 996 957; baseline 0.009 -16"><span class='ocrx_word' id='word_1_139' title='bbox 207 923 268 948; x_wconf 76' lang='grc' dir='ltr'>τας,</span> <span class='ocrx_word' id='word_1_140' title='bbox 299 916 442 951; x_wconf 81' lang='grc' dir='ltr'>πτέρυγάς</span> <span class='ocrx_word' id='word_1_141' title='bbox 467 926 497 944; x_wconf 83' lang='grc' dir='ltr'><strong>τε</strong></span> <span class='ocrx_word' id='word_1_142' title='bbox 514 919 733 954; x_wconf 80' lang='grc' dir='ltr'>περικειμένους,</span> <span class='ocrx_word' id='word_1_143' title='bbox 763 921 810 947; x_wconf 82' lang='grc' dir='ltr'>καὶ</span> <span class='ocrx_word' id='word_1_144' title='bbox 825 921 924 957; x_wconf 84' lang='grc' dir='ltr'>πολλὴν</span> <span class='ocrx_word' id='word_1_145' title='bbox 938 923 996 953; x_wconf 81' lang='grc' dir='ltr'>τοῖς</span> 
     </span>
    </p>
   </div>
   <div class='ocr_carea' id='block_1_22' title="bbox 206 962 995 1003">
    <p class='ocr_par' dir='ltr' id='par_1_22' title="bbox 206 962 995 1003">
     <span class='ocr_line' id='line_1_22' title="bbox 206 962 995 1003; baseline 0.009 -15"><span class='ocrx_word' id='word_1_146' title='bbox 206 962 292 996; x_wconf 73' lang='grc' dir='ltr'>ὁρῶσι</span> <span class='ocrx_word' id='word_1_147' title='bbox 305 964 355 998; x_wconf 85' lang='grc' dir='ltr'>τὴν</span> <span class='ocrx_word' id='word_1_148' title='bbox 367 965 538 1001; x_wconf 77' lang='grc' dir='ltr'>κατάπληξιν</span> <span class='ocrx_word' id='word_1_149' title='bbox 547 965 739 1001; x_wconf 73' lang='grc' dir='ltr'><strong>ἐμποιοῦντας,</strong></span> <span class='ocrx_word' id='word_1_150' title='bbox 751 967 797 994; x_wconf 77' lang='grc' dir='ltr'>καὶ</span> <span class='ocrx_word' id='word_1_151' title='bbox 811 968 995 1003; x_wconf 78' lang='grc' dir='ltr'>ὁπλοφοροῦν-</span> 
     </span>
    </p>
   </div>
   <div class='ocr_carea' id='block_1_23' title="bbox 206 1009 996 1051">
    <p class='ocr_par' dir='ltr' id='par_1_23' title="bbox 206 1009 996 1051">
     <span class='ocr_line' id='line_1_23' title="bbox 206 1009 996 1051; baseline 0.008 -16"><span class='ocrx_word' id='word_1_152' title='bbox 206 1016 256 1040; x_wconf 81' lang='grc' dir='ltr'><strong>τας</strong></span> <span class='ocrx_word' id='word_1_153' title='bbox 269 1009 331 1044; x_wconf 68' lang='grc' dir='ltr'>μὲν,</span> <span class='ocrx_word' id='word_1_154' title='bbox 351 1010 400 1044; x_wconf 48' lang='grc' dir='ltr'><strong>,ὡς</strong></span> <span class='ocrx_word' id='word_1_155' title='bbox 416 1011 484 1046; x_wconf 80' lang='grc' dir='ltr'>πρὸς</span> <span class='ocrx_word' id='word_1_156' title='bbox 495 1013 613 1046; x_wconf 79' lang='grc' dir='ltr'>ἄμυναν,</span> <span class='ocrx_word' id='word_1_157' title='bbox 626 1014 750 1048; x_wconf 81' lang='grc' dir='ltr'>στεφάνῳ</span> <span class='ocrx_word' id='word_1_158' title='bbox 772 1014 800 1040; x_wconf 64' lang='grc' dir='ltr'>δὲ</span> <span class='ocrx_word' id='word_1_159' title='bbox 814 1014 864 1049; x_wconf 85' lang='grc' dir='ltr'>τὴν</span> <span class='ocrx_word' id='word_1_160' title='bbox 876 1015 996 1051; x_wconf 80' lang='grc' dir='ltr'>κεφαλὴν</span> 
     </span>
    </p>
   </div>
   <div class='ocr_carea' id='block_1_24' title="bbox 206 1055 996 1095">
    <p class='ocr_par' dir='ltr' id='par_1_24' title="bbox 206 1055 996 1095">
     <span class='ocr_line' id='line_1_24' title="bbox 206 1055 996 1095; baseline 0.008 -14"><span class='ocrx_word' id='word_1_161' title='bbox 206 1055 291 1082; x_wconf 72' lang='grc' dir='ltr'>αὑτοῦ</span> <span class='ocrx_word' id='word_1_162' title='bbox 302 1056 484 1089; x_wconf 80' lang='grc' dir='ltr'>ταινιοῦντας.</span> <span class='ocrx_word' id='word_1_163' title='bbox 509 1058 586 1084; x_wconf 77' lang='grc' dir='ltr'>Ἐπεὶ</span> <span class='ocrx_word' id='word_1_164' title='bbox 598 1059 644 1086; x_wconf 83' lang='grc' dir='ltr'>οὖν</span> <span class='ocrx_word' id='word_1_165' title='bbox 659 1059 707 1086; x_wconf 82' lang='grc' dir='ltr'>καὶ</span> <span class='ocrx_word' id='word_1_166' title='bbox 722 1060 828 1095; x_wconf 74' lang='grc' dir='ltr'>ἑτέροις</span> <span class='ocrx_word' id='word_1_167' title='bbox 844 1059 876 1087; x_wconf 84' lang='grc' dir='ltr'><strong>τδ</strong></span> <span class='ocrx_word' id='word_1_168' title='bbox 900 1060 996 1088; x_wconf 74' lang='grc' dir='ltr'>θεαθὲν</span> 
     </span>
    </p>
   </div>
   <div class='ocr_carea' id='block_1_25' title="bbox 206 1101 997 1142">
    <p class='ocr_par' dir='ltr' id='par_1_25' title="bbox 206 1101 997 1142">
     <span class='ocr_line' id='line_1_25' title="bbox 206 1101 997 1142; baseline 0.009 -15"><span class='ocrx_word' id='word_1_169' title='bbox 206 1101 382 1136; x_wconf 59' lang='grc' dir='ltr'>ἐκοινώσατο,</span> <span class='ocrx_word' id='word_1_170' title='bbox 400 1103 447 1129; x_wconf 76' lang='grc' dir='ltr'>καὶ</span> <span class='ocrx_word' id='word_1_171' title='bbox 465 1104 564 1136; x_wconf 80' lang='grc' dir='ltr'>αὐτοὺς</span> <span class='ocrx_word' id='word_1_172' title='bbox 578 1104 690 1140; x_wconf 76' lang='grc' dir='ltr'>εὖρισκε</span> <span class='ocrx_word' id='word_1_173' title='bbox 707 1106 757 1141; x_wconf 78' lang='grc' dir='ltr'>τὴν</span> <span class='ocrx_word' id='word_1_174' title='bbox 780 1107 841 1142; x_wconf 82' lang='grc' dir='ltr'>ἴσην</span> <span class='ocrx_word' id='word_1_175' title='bbox 857 1107 918 1142; x_wconf 70' lang='grc' dir='ltr'>ὄψιν</span> <span class='ocrx_word' id='word_1_176' title='bbox 933 1107 997 1134; x_wconf 80' lang='grc' dir='ltr'>θεα-</span> 
     </span>
    </p>
   </div>
   <div class='ocr_carea' id='block_1_26' title="bbox 208 1149 997 1189">
    <p class='ocr_par' dir='ltr' id='par_1_26' title="bbox 208 1149 997 1189">
     <span class='ocr_line' id='line_1_26' title="bbox 208 1149 997 1189; baseline 0.008 -14"><span class='ocrx_word' id='word_1_177' title='bbox 208 1149 356 1183; x_wconf 71' lang='grc' dir='ltr'>σαμένους,</span> <span class='ocrx_word' id='word_1_178' title='bbox 387 1150 464 1177; x_wconf 76' lang='grc' dir='ltr'>οὐδὲν</span> <span class='ocrx_word' id='word_1_179' title='bbox 493 1151 563 1186; x_wconf 85' lang='grc' dir='ltr'>ἔχων</span> <span class='ocrx_word' id='word_1_180' title='bbox 592 1151 779 1185; x_wconf 76' lang='grc' dir='ltr'>ἑπιδοιάζιιν,</span> <span class='ocrx_word' id='word_1_181' title='bbox 807 1153 872 1187; x_wconf 74' lang='grc' dir='ltr'>ἔστη</span> <span class='ocrx_word' id='word_1_182' title='bbox 899 1153 997 1189; x_wconf 87' lang='grc' dir='ltr'>ἀθρόον</span> 
     </span>
    </p>
   </div>
   <div class='ocr_carea' id='block_1_27' title="bbox 207 1195 996 1235">
    <p class='ocr_par' dir='ltr' id='par_1_27' title="bbox 207 1195 996 1235">
     <span class='ocr_line' id='line_1_27' title="bbox 207 1195 996 1235; baseline 0.005 -13"><span class='ocrx_word' id='word_1_183' title='bbox 207 1195 387 1231; x_wconf 76' lang='grc' dir='ltr'>ἀναπηδήσας</span> <span class='ocrx_word' id='word_1_184' title='bbox 399 1196 445 1222; x_wconf 81' lang='grc' dir='ltr'>τοῦ</span> <span class='ocrx_word' id='word_1_185' title='bbox 461 1196 569 1230; x_wconf 83' lang='grc' dir='ltr'>θρόνου,</span> <span class='ocrx_word' id='word_1_186' title='bbox 601 1199 648 1225; x_wconf 71' lang='grc' dir='ltr'>καὶ</span> <span class='ocrx_word' id='word_1_187' title='bbox 663 1199 732 1233; x_wconf 69' lang='grc' dir='ltr'>πρὸς</span> <span class='ocrx_word' id='word_1_188' title='bbox 745 1199 776 1225; x_wconf 82' lang='grc' dir='ltr'><strong>τδ</strong></span> <span class='ocrx_word' id='word_1_189' title='bbox 792 1199 895 1234; x_wconf 80' lang='grc' dir='ltr'>πλῆθος</span> <span class='ocrx_word' id='word_1_190' title='bbox 917 1200 996 1235; x_wconf 76' lang='grc' dir='ltr'>ἐϐόη-</span> 
     </span>
    </p>
   </div>
   <div class='ocr_carea' id='block_1_28' title="bbox 209 1241 996 1282">
    <p class='ocr_par' dir='ltr' id='par_1_28' title="bbox 209 1241 996 1282">
     <span class='ocr_line' id='line_1_28' title="bbox 209 1241 996 1282; baseline 0.006 -15"><span class='ocrx_word' id='word_1_191' title='bbox 209 1249 267 1274; x_wconf 85' lang='grc' dir='ltr'>σεν,</span> <span class='ocrx_word' id='word_1_192' title='bbox 284 1241 390 1274; x_wconf 80' lang='grc' dir='ltr'>Ὄντως</span> <span class='ocrx_word' id='word_1_193' title='bbox 414 1243 542 1279; x_wconf 80' lang='grc' dir='ltr'>ἀληθινοῦ</span> <span class='ocrx_word' id='word_1_194' title='bbox 587 1244 656 1271; x_wconf 83' lang='grc' dir='ltr'>Θεοῦ</span> <span class='ocrx_word' id='word_1_195' title='bbox 681 1245 822 1281; x_wconf 79' lang='grc' dir='ltr'>ὑπηρέτης</span> <span class='ocrx_word' id='word_1_196' title='bbox 851 1244 939 1278; x_wconf 66' lang='grc' dir='ltr'>οὗτος,</span> <span class='ocrx_word' id='word_1_197' title='bbox 962 1249 996 1282; x_wconf 82' lang='grc' dir='ltr'><strong>τῇ</strong></span> 
     </span>
    </p>
   </div>
   <div class='ocr_carea' id='block_1_29' title="bbox 208 1289 992 1326">
    <p class='ocr_par' dir='ltr' id='par_1_29' title="bbox 208 1289 992 1326">
     <span class='ocr_line' id='line_1_29' title="bbox 208 1289 992 1326; baseline 0.006 -12"><span class='ocrx_word' id='word_1_198' title='bbox 208 1289 279 1323; x_wconf 86' lang='grc' dir='ltr'>χειρὶ</span> <span class='ocrx_word' id='word_1_199' title='bbox 302 1289 393 1322; x_wconf 78' lang='grc' dir='ltr'>δείξας</span> <span class='ocrx_word' id='word_1_200' title='bbox 416 1289 462 1316; x_wconf 78' lang='grc' dir='ltr'><strong>τὸν</strong></span> <span class='ocrx_word' id='word_1_201' title='bbox 497 1289 574 1324; x_wconf 78' lang='grc' dir='ltr'>ἅγιον</span> <span class='ocrx_word' id='word_1_202' title='bbox 590 1298 599 1306; x_wconf 94' lang='grc'><strong>·</strong></span> <span class='ocrx_word' id='word_1_203' title='bbox 625 1291 675 1318; x_wconf 70' lang='grc' dir='ltr'>καὶ</span> <span class='ocrx_word' id='word_1_204' title='bbox 687 1291 774 1326; x_wconf 82' lang='grc' dir='ltr'>μέγας</span> <span class='ocrx_word' id='word_1_205' title='bbox 805 1293 846 1323; x_wconf 78' lang='grc' dir='ltr'><strong>τίς</strong></span> <span class='ocrx_word' id='word_1_206' title='bbox 870 1293 945 1319; x_wconf 76' lang='grc' dir='ltr'>ἐστιν</span> <span class='ocrx_word' id='word_1_207' title='bbox 963 1293 992 1325; x_wconf 76' lang='grc' dir='ltr'>ὃς</span> 
     </span>
    </p>
   </div>
   <div class='ocr_carea' id='block_1_30' title="bbox 208 1335 996 1374">
    <p class='ocr_par' dir='ltr' id='par_1_30' title="bbox 208 1335 996 1374">
     <span class='ocr_line' id='line_1_30' title="bbox 208 1335 996 1374; baseline 0.006 -13"><span class='ocrx_word' id='word_1_208' title='bbox 208 1335 281 1369; x_wconf 70' lang='grc' dir='ltr'>ἡμᾶς</span> <span class='ocrx_word' id='word_1_209' title='bbox 297 1335 388 1362; x_wconf 84' lang='grc' dir='ltr'>σέϐειν</span> <span class='ocrx_word' id='word_1_210' title='bbox 401 1336 554 1364; x_wconf 75' lang='grc' dir='ltr'>ἐκδιδάσκει</span> <span class='ocrx_word' id='word_1_211' title='bbox 564 1337 641 1365; x_wconf 86' lang='grc' dir='ltr'>Θεόν.</span> <span class='ocrx_word' id='word_1_212' title='bbox 662 1338 734 1373; x_wconf 82' lang='grc' dir='ltr'><strong>Ἐγὼ</strong></span> <span class='ocrx_word' id='word_1_213' title='bbox 750 1339 804 1373; x_wconf 77' lang='grc' dir='ltr'><strong>γάρ</strong></span> <span class='ocrx_word' id='word_1_214' title='bbox 819 1339 916 1366; x_wconf 82' lang='grc' dir='ltr'>τοῦτον</span> <span class='ocrx_word' id='word_1_215' title='bbox 932 1341 996 1374; x_wconf 77' lang='grc' dir='ltr'>ὁμο-</span> 
     </span>
    </p>
   </div>
   <div class='ocr_carea' id='block_1_31' title="bbox 208 1380 996 1420">
    <p class='ocr_par' dir='ltr' id='par_1_31' title="bbox 208 1380 996 1420">
     <span class='ocr_line' id='line_1_31' title="bbox 208 1380 996 1420; baseline 0.008 -14"><span class='ocrx_word' id='word_1_216' title='bbox 208 1380 280 1415; x_wconf 83' lang='grc' dir='ltr'>λογῶ</span> <span class='ocrx_word' id='word_1_217' title='bbox 310 1381 377 1409; x_wconf 77' lang='grc' dir='ltr'>θεὸν</span> <span class='ocrx_word' id='word_1_218' title='bbox 405 1383 505 1418; x_wconf 80' lang='grc' dir='ltr'>ἀληθῆ,</span> <span class='ocrx_word' id='word_1_219' title='bbox 531 1384 577 1410; x_wconf 80' lang='grc' dir='ltr'><strong>τὸν</strong></span> <span class='ocrx_word' id='word_1_220' title='bbox 601 1384 673 1411; x_wconf 78' lang='grc' dir='ltr'>οὕτω</span> <span class='ocrx_word' id='word_1_221' title='bbox 689 1384 738 1419; x_wconf 77' lang='grc' dir='ltr'>μὲν</span> <span class='ocrx_word' id='word_1_222' title='bbox 755 1385 917 1420; x_wconf 77' lang='grc' dir='ltr'>παραδόξως</span> <span class='ocrx_word' id='word_1_223' title='bbox 932 1385 996 1416; x_wconf 75' lang='grc' dir='ltr'>τοὺς</span> 
     </span>
    </p>
   </div>
   <div class='ocr_carea' id='block_1_32' title="bbox 210 1426 996 1464">
    <p class='ocr_par' dir='ltr' id='par_1_32' title="bbox 210 1426 996 1464">
     <span class='ocr_line' id='line_1_32' title="bbox 210 1426 996 1464; baseline 0.004 -11"><span class='ocrx_word' id='word_1_224' title='bbox 210 1426 290 1458; x_wconf 74' lang='grc' dir='ltr'>ἰδίους</span> <span class='ocrx_word' id='word_1_225' title='bbox 307 1427 462 1462; x_wconf 68' lang='grc' dir='ltr'>ἀγωνιστὰς</span> <span class='ocrx_word' id='word_1_226' title='bbox 493 1429 712 1462; x_wconf 72' lang='grc' dir='ltr'>ἀναπλάττοντα,</span> <span class='ocrx_word' id='word_1_227' title='bbox 741 1429 890 1464; x_wconf 75' lang='grc' dir='ltr'>οὐρανόθεν</span> <span class='ocrx_word' id='word_1_228' title='bbox 903 1430 941 1462; x_wconf 82' lang='grc' dir='ltr'>δὲ,</span> <span class='ocrx_word' id='word_1_229' title='bbox 958 1429 996 1462; x_wconf 81' lang='grc' dir='ltr'><strong>ὡς</strong></span> 
     </span>
    </p>
   </div>
   <div class='ocr_carea' id='block_1_33' title="bbox 207 1473 996 1512">
    <p class='ocr_par' dir='ltr' id='par_1_33' title="bbox 207 1473 996 1512">
     <span class='ocr_line' id='line_1_33' title="bbox 207 1473 996 1512; baseline 0.005 -13"><span class='ocrx_word' id='word_1_230' title='bbox 207 1473 302 1507; x_wconf 79' lang='grc' dir='ltr'>ὁρᾶτε,</span> <span class='ocrx_word' id='word_1_231' title='bbox 318 1474 368 1506; x_wconf 82' lang='grc' dir='ltr'><strong>τάς</strong></span> <span class='ocrx_word' id='word_1_232' title='bbox 387 1475 466 1506; x_wconf 89' lang='grc' dir='ltr'>νίκας</span> <span class='ocrx_word' id='word_1_233' title='bbox 488 1475 667 1510; x_wconf 71' lang='grc' dir='ltr'>βραϐεύοντα,</span> <span class='ocrx_word' id='word_1_234' title='bbox 684 1475 730 1502; x_wconf 77' lang='grc' dir='ltr'>καὶ</span> <span class='ocrx_word' id='word_1_235' title='bbox 755 1477 836 1511; x_wconf 80' lang='grc' dir='ltr'>νοερᾷ</span> <span class='ocrx_word' id='word_1_236' title='bbox 852 1477 996 1512; x_wconf 64' lang='grc' dir='ltr'>συμμαχίᾳ.</span> 
     </span>
    </p>
   </div>
   <div class='ocr_carea' id='block_1_34' title="bbox 1047 223 1836 266">
    <p class='ocr_par' dir='ltr' id='par_1_34' title="bbox 1047 223 1836 266">
     <span class='ocr_line' id='line_1_34' title="bbox 1047 223 1836 266; baseline 0.01 -16"><span class='ocrx_word' id='word_1_237' title='bbox 1047 223 1130 251; x_wconf 85' lang='lat' dir='ltr'><strong>etiam</strong></span> <span class='ocrx_word' id='word_1_238' title='bbox 1159 224 1245 258; x_wconf 79' lang='lat' dir='ltr'><strong>gratia</strong></span> <span class='ocrx_word' id='word_1_239' title='bbox 1270 225 1330 260; x_wconf 86' lang='lat' dir='ltr'><strong>ejus</strong></span> <span class='ocrx_word' id='word_1_240' title='bbox 1354 226 1452 254; x_wconf 63' lang='lat' dir='ltr'><strong>anima</strong></span> <span class='ocrx_word' id='word_1_241' title='bbox 1464 228 1558 256; x_wconf 86' lang='lat' dir='ltr'><strong>oculos</strong></span> <span class='ocrx_word' id='word_1_242' title='bbox 1581 229 1726 265; x_wconf 75' lang='lat' dir='ltr'><strong>attigisset,</strong></span> <span class='ocrx_word' id='word_1_243' title='bbox 1753 231 1836 266; x_wconf 70' lang='lat' dir='ltr'><strong>erepit</strong></span> 
     </span>
    </p>
   </div>
   <div class='ocr_carea' id='block_1_35' title="bbox 1047 269 1834 310">
    <p class='ocr_par' dir='ltr' id='par_1_35' title="bbox 1047 269 1834 310">
     <span class='ocr_line' id='line_1_35' title="bbox 1047 269 1834 310; baseline 0.011 -14"><span class='ocrx_word' id='word_1_244' title='bbox 1047 269 1222 305; x_wconf 71' lang='lat' dir='ltr'><strong>intelligere.</strong></span> <span class='ocrx_word' id='word_1_245' title='bbox 1261 276 1289 298; x_wconf 90' lang='lat' dir='ltr'><strong>et</strong></span> <span class='ocrx_word' id='word_1_246' title='bbox 1325 272 1424 306; x_wconf 81' lang='lat' dir='ltr'><strong>partim</strong></span> <span class='ocrx_word' id='word_1_247' title='bbox 1475 274 1587 309; x_wconf 81' lang='lat' dir='ltr'><strong>quidem</strong></span> <span class='ocrx_word' id='word_1_248' title='bbox 1641 284 1674 304; x_wconf 78' lang='lat' dir='ltr'><strong>ex</strong></span> <span class='ocrx_word' id='word_1_249' title='bbox 1717 277 1834 310; x_wconf 81' lang='lat' dir='ltr'><strong>verbis,</strong></span> 
     </span>
    </p>
   </div>
   <div class='ocr_carea' id='block_1_36' title="bbox 1048 316 1836 354">
    <p class='ocr_par' dir='ltr' id='par_1_36' title="bbox 1048 316 1836 354">
     <span class='ocr_line' id='line_1_36' title="bbox 1048 316 1836 354; baseline 0.011 -12"><span class='ocrx_word' id='word_1_250' title='bbox 1048 316 1146 350; x_wconf 87' lang='lat' dir='ltr'><strong>partim</strong></span> <span class='ocrx_word' id='word_1_251' title='bbox 1163 322 1253 344; x_wconf 69' lang='lat' dir='ltr'><strong>autem</strong></span> <span class='ocrx_word' id='word_1_252' title='bbox 1276 318 1357 345; x_wconf 84' lang='lat' dir='ltr'><strong>etiam</strong></span> <span class='ocrx_word' id='word_1_253' title='bbox 1385 327 1418 346; x_wconf 82' lang='lat' dir='ltr'><strong>ex</strong></span> <span class='ocrx_word' id='word_1_254' title='bbox 1452 320 1596 354; x_wconf 81' lang='lat' dir='ltr'><strong>miraculo,</strong></span> <span class='ocrx_word' id='word_1_255' title='bbox 1626 329 1721 350; x_wconf 89' lang='lat' dir='ltr'><strong>verum</strong></span> <span class='ocrx_word' id='word_1_256' title='bbox 1749 323 1836 351; x_wconf 87' lang='lat' dir='ltr'><strong>Deum</strong></span> 
     </span>
    </p>
   </div>
   <div class='ocr_carea' id='block_1_37' title="bbox 1047 361 1837 399">
    <p class='ocr_par' dir='ltr' id='par_1_37' title="bbox 1047 361 1837 399">
     <span class='ocr_line' id='line_1_37' title="bbox 1047 361 1837 399; baseline 0.011 -12"><span class='ocrx_word' id='word_1_257' title='bbox 1047 365 1076 387; x_wconf 87' lang='lat' dir='ltr'><strong>et</strong></span> <span class='ocrx_word' id='word_1_258' title='bbox 1092 361 1266 396; x_wconf 78' lang='lat' dir='ltr'><strong>splendorem</strong></span> <span class='ocrx_word' id='word_1_259' title='bbox 1293 363 1403 398; x_wconf 85' lang='lat' dir='ltr'><strong>pietatis</strong></span> <span class='ocrx_word' id='word_1_260' title='bbox 1419 365 1551 399; x_wconf 88' lang='lat' dir='ltr'><strong>paulatint</strong></span> <span class='ocrx_word' id='word_1_261' title='bbox 1583 366 1740 395; x_wconf 83' lang='lat' dir='ltr'><strong>admittere.</strong></span> <span class='ocrx_word' id='word_1_262' title='bbox 1764 367 1837 396; x_wconf 87' lang='lat' dir='ltr'><strong>Con-</strong></span> 
     </span>
    </p>
   </div>
   <div class='ocr_carea' id='block_1_38' title="bbox 1045 407 1837 446">
    <p class='ocr_par' dir='ltr' id='par_1_38' title="bbox 1045 407 1837 446">
     <span class='ocr_line' id='line_1_38' title="bbox 1045 407 1837 446; baseline 0.01 -12"><span class='ocrx_word' id='word_1_263' title='bbox 1045 407 1151 442; x_wconf 82' lang='lat' dir='ltr'><strong>jectans</strong></span> <span class='ocrx_word' id='word_1_264' title='bbox 1179 416 1243 436; x_wconf 90' lang='lat' dir='ltr'><strong>vero</strong></span> <span class='ocrx_word' id='word_1_265' title='bbox 1275 417 1336 437; x_wconf 90' lang='lat' dir='ltr'><strong>eam</strong></span> <span class='ocrx_word' id='word_1_266' title='bbox 1361 418 1470 445; x_wconf 88' lang='lat' dir='ltr'><strong>quoque</strong></span> <span class='ocrx_word' id='word_1_267' title='bbox 1497 418 1578 446; x_wconf 89' lang='lat' dir='ltr'><strong>quam</strong></span> <span class='ocrx_word' id='word_1_268' title='bbox 1609 413 1685 446; x_wconf 87' lang='lat' dir='ltr'><strong>prius</strong></span> <span class='ocrx_word' id='word_1_269' title='bbox 1708 413 1734 441; x_wconf 93' lang='lat' dir='ltr'><strong>in</strong></span> <span class='ocrx_word' id='word_1_270' title='bbox 1760 414 1837 442; x_wconf 86' lang='lat' dir='ltr'><strong>navi-</strong></span> 
     </span>
    </p>
   </div>
   <div class='ocr_carea' id='block_1_39' title="bbox 1048 453 1835 493">
    <p class='ocr_par' dir='ltr' id='par_1_39' title="bbox 1048 453 1835 493">
     <span class='ocr_line' id='line_1_39' title="bbox 1048 453 1835 493; baseline 0.014 -14"><span class='ocrx_word' id='word_1_271' title='bbox 1048 453 1138 488; x_wconf 68' lang='lat' dir='ltr'><strong>gando</strong></span> <span class='ocrx_word' id='word_1_272' title='bbox 1152 460 1294 489; x_wconf 78' lang='lat' dir='ltr'><strong>aspexerat</strong></span> <span class='ocrx_word' id='word_1_273' title='bbox 1308 456 1451 489; x_wconf 77' lang='lat' dir='ltr'><strong>visionem,</strong></span> <span class='ocrx_word' id='word_1_274' title='bbox 1466 462 1494 485; x_wconf 90' lang='lat' dir='ltr'><strong>et</strong></span> <span class='ocrx_word' id='word_1_275' title='bbox 1507 458 1738 492; x_wconf 86' lang='lat' dir='ltr'><strong>quemadmodum</strong></span> <span class='ocrx_word' id='word_1_276' title='bbox 1753 461 1835 493; x_wconf 83' lang='lat' dir='ltr'><strong>Deus.</strong></span> 
     </span>
    </p>
   </div>
   <div class='ocr_carea' id='block_1_40' title="bbox 1049 499 1838 534">
    <p class='ocr_par' dir='ltr' id='par_1_40' title="bbox 1049 499 1838 534">
     <span class='ocr_line' id='line_1_40' title="bbox 1049 499 1838 534; baseline 0.009 -9"><span class='ocrx_word' id='word_1_277' title='bbox 1049 499 1096 533; x_wconf 87' lang='lat' dir='ltr'><strong>qui</strong></span> <span class='ocrx_word' id='word_1_278' title='bbox 1115 505 1289 534; x_wconf 80' lang='lat' dir='ltr'><strong>apparuerat.</strong></span> <span class='ocrx_word' id='word_1_279' title='bbox 1306 502 1365 529; x_wconf 88' lang='lat' dir='ltr'><strong>vult</strong></span> <span class='ocrx_word' id='word_1_280' title='bbox 1377 509 1440 529; x_wconf 90' lang='lat' dir='ltr'><strong>eum</strong></span> <span class='ocrx_word' id='word_1_281' title='bbox 1465 503 1659 530; x_wconf 87' lang='lat' dir='ltr'><strong>eonnumerari</strong></span> <span class='ocrx_word' id='word_1_282' title='bbox 1686 512 1748 531; x_wconf 81' lang='lat' dir='ltr'><strong>eum</strong></span> <span class='ocrx_word' id='word_1_283' title='bbox 1779 506 1838 534; x_wconf 79' lang='lat' dir='ltr'><strong>suis</strong></span> 
     </span>
    </p>
   </div>
   <div class='ocr_carea' id='block_1_41' title="bbox 1049 544 1837 584">
    <p class='ocr_par' dir='ltr' id='par_1_41' title="bbox 1049 544 1837 584">
     <span class='ocr_line' id='line_1_41' title="bbox 1049 544 1837 584; baseline 0.009 -13"><span class='ocrx_word' id='word_1_284' title='bbox 1049 544 1185 572; x_wconf 79' lang='lat' dir='ltr'><strong>ministris</strong></span> <span class='ocrx_word' id='word_1_285' title='bbox 1199 551 1226 573; x_wconf 85' lang='lat' dir='ltr'><strong>et</strong></span> <span class='ocrx_word' id='word_1_286' title='bbox 1241 547 1349 578; x_wconf 82' lang='lat' dir='ltr'><strong>amicis,</strong></span> <span class='ocrx_word' id='word_1_287' title='bbox 1363 547 1507 575; x_wconf 66' lang='lat' dir='ltr'><strong>laetabatur</strong></span> <span class='ocrx_word' id='word_1_288' title='bbox 1522 549 1634 583; x_wconf 74' lang='lat' dir='ltr'><strong>quidem</strong></span> <span class='ocrx_word' id='word_1_289' title='bbox 1652 554 1781 584; x_wconf 86' lang='lat' dir='ltr'><strong>tanquam</strong></span> <span class='ocrx_word' id='word_1_290' title='bbox 1801 550 1837 578; x_wconf 89' lang='lat' dir='ltr'><strong>de</strong></span> 
     </span>
    </p>
   </div>
   <div class='ocr_carea' id='block_1_42' title="bbox 1050 592 1836 632">
    <p class='ocr_par' dir='ltr' id='par_1_42' title="bbox 1050 592 1836 632">
     <span class='ocr_line' id='line_1_42' title="bbox 1050 592 1836 632; baseline 0.009 -15"><span class='ocrx_word' id='word_1_291' title='bbox 1050 598 1081 617; x_wconf 90' lang='lat' dir='ltr'><strong>re</strong></span> <span class='ocrx_word' id='word_1_292' title='bbox 1097 599 1214 626; x_wconf 77' lang='lat' dir='ltr'><strong>magna:</strong></span> <span class='ocrx_word' id='word_1_293' title='bbox 1234 592 1380 620; x_wconf 78' lang='lat' dir='ltr'><strong>dubitabat</strong></span> <span class='ocrx_word' id='word_1_294' title='bbox 1402 599 1510 628; x_wconf 88' lang='lat' dir='ltr'><strong>autem,</strong></span> <span class='ocrx_word' id='word_1_295' title='bbox 1535 595 1766 630; x_wconf 85' lang='lat' dir='ltr'><strong>quemadmodum</strong></span> <span class='ocrx_word' id='word_1_296' title='bbox 1789 599 1836 632; x_wconf 86' lang='lat' dir='ltr'><strong>qui</strong></span> 
     </span>
    </p>
   </div>
   <div class='ocr_carea' id='block_1_43' title="bbox 1049 639 1838 678">
    <p class='ocr_par' dir='ltr' id='par_1_43' title="bbox 1049 639 1838 678">
     <span class='ocr_line' id='line_1_43' title="bbox 1049 639 1838 678; baseline 0.01 -16"><span class='ocrx_word' id='word_1_297' title='bbox 1049 641 1125 663; x_wconf 81' lang='lat' dir='ltr'><strong>tanto</strong></span> <span class='ocrx_word' id='word_1_298' title='bbox 1145 643 1269 672; x_wconf 80' lang='lat' dir='ltr'><strong>tempore</strong></span> <span class='ocrx_word' id='word_1_299' title='bbox 1291 639 1379 666; x_wconf 72' lang='lat' dir='ltr'><strong>I&#39;rrori</strong></span> <span class='ocrx_word' id='word_1_300' title='bbox 1407 640 1577 673; x_wconf 68' lang='lat' dir='ltr'><strong>adhaeserat,</strong></span> <span class='ocrx_word' id='word_1_301' title='bbox 1603 647 1715 676; x_wconf 87' lang='lat' dir='ltr'><strong>repente</strong></span> <span class='ocrx_word' id='word_1_302' title='bbox 1737 642 1838 678; x_wconf 76' lang='lat' dir='ltr'><strong>dignus</strong></span> 
     </span>
    </p>
   </div>
   <div class='ocr_carea' id='block_1_44' title="bbox 1048 682 1837 720">
    <p class='ocr_par' dir='ltr' id='par_1_44' title="bbox 1048 682 1837 720">
     <span class='ocr_line' id='line_1_44' title="bbox 1048 682 1837 720; baseline 0.009 -11"><span class='ocrx_word' id='word_1_303' title='bbox 1048 682 1130 710; x_wconf 77' lang='lat' dir='ltr'><strong>fuerit</strong></span> <span class='ocrx_word' id='word_1_304' title='bbox 1148 684 1267 717; x_wconf 88' lang='lat' dir='ltr'><strong>habitus,</strong></span> <span class='ocrx_word' id='word_1_305' title='bbox 1285 685 1331 720; x_wconf 89' lang='lat' dir='ltr'><strong>qui</strong></span> <span class='ocrx_word' id='word_1_306' title='bbox 1346 686 1390 713; x_wconf 85' lang='lat' dir='ltr'><strong>tali</strong></span> <span class='ocrx_word' id='word_1_307' title='bbox 1409 686 1464 713; x_wconf 80' lang='lat' dir='ltr'><strong>Deo</strong></span> <span class='ocrx_word' id='word_1_308' title='bbox 1485 687 1560 714; x_wconf 79' lang='lat' dir='ltr'><strong>ﬁeret</strong></span> <span class='ocrx_word' id='word_1_309' title='bbox 1583 688 1737 715; x_wconf 84' lang='lat' dir='ltr'><strong>familiaris.</strong></span> <span class='ocrx_word' id='word_1_310' title='bbox 1766 690 1837 716; x_wconf 81' lang='lat' dir='ltr'><strong>Cum</strong></span> 
     </span>
    </p>
   </div>
   <div class='ocr_carea' id='block_1_45' title="bbox 1047 730 1838 769">
    <p class='ocr_par' dir='ltr' id='par_1_45' title="bbox 1047 730 1838 769">
     <span class='ocr_line' id='line_1_45' title="bbox 1047 730 1838 769; baseline 0.01 -14"><span class='ocrx_word' id='word_1_311' title='bbox 1047 737 1113 764; x_wconf 80' lang='lat' dir='ltr'><strong>ergo</strong></span> <span class='ocrx_word' id='word_1_312' title='bbox 1131 730 1189 758; x_wconf 61' lang='lat' dir='ltr'><strong>haec</strong></span> <span class='ocrx_word' id='word_1_313' title='bbox 1203 731 1275 766; x_wconf 82' lang='lat' dir='ltr'><strong>apud</strong></span> <span class='ocrx_word' id='word_1_314' title='bbox 1292 739 1321 759; x_wconf 90' lang='lat' dir='ltr'><strong>se</strong></span> <span class='ocrx_word' id='word_1_315' title='bbox 1338 738 1471 766; x_wconf 85' lang='lat' dir='ltr'><strong>versaret,</strong></span> <span class='ocrx_word' id='word_1_316' title='bbox 1488 733 1580 760; x_wconf 86' lang='lat' dir='ltr'><strong>divina</strong></span> <span class='ocrx_word' id='word_1_317' title='bbox 1595 736 1683 769; x_wconf 78' lang='lat' dir='ltr'><strong>gratia</strong></span> <span class='ocrx_word' id='word_1_318' title='bbox 1705 743 1768 762; x_wconf 87' lang='lat' dir='ltr'><strong>eum</strong></span> <span class='ocrx_word' id='word_1_319' title='bbox 1788 736 1838 763; x_wconf 82' lang='lat' dir='ltr'><strong>ad-</strong></span> 
     </span>
    </p>
   </div>
   <div class='ocr_carea' id='block_1_46' title="bbox 1049 775 1837 814">
    <p class='ocr_par' dir='ltr' id='par_1_46' title="bbox 1049 775 1837 814">
     <span class='ocr_line' id='line_1_46' title="bbox 1049 775 1837 814; baseline 0.01 -13"><span class='ocrx_word' id='word_1_320' title='bbox 1049 775 1103 802; x_wconf 88' lang='lat' dir='ltr'><strong>buc</strong></span> <span class='ocrx_word' id='word_1_321' title='bbox 1118 777 1203 811; x_wconf 74' lang='lat' dir='ltr'><strong>magis</strong></span> <span class='ocrx_word' id='word_1_322' title='bbox 1227 785 1329 805; x_wconf 86' lang='lat' dir='ltr'><strong>vocans</strong></span> <span class='ocrx_word' id='word_1_323' title='bbox 1357 779 1389 805; x_wconf 89' lang='lat' dir='ltr'><strong>ad</strong></span> <span class='ocrx_word' id='word_1_324' title='bbox 1419 780 1585 814; x_wconf 79' lang='lat' dir='ltr'><strong>agnitionem</strong></span> <span class='ocrx_word' id='word_1_325' title='bbox 1600 801 1607 813; x_wconf 84' lang='lat'><strong>,</strong></span> <span class='ocrx_word' id='word_1_326' title='bbox 1630 781 1655 808; x_wconf 90' lang='lat' dir='ltr'><strong>ei</strong></span> <span class='ocrx_word' id='word_1_327' title='bbox 1685 781 1837 809; x_wconf 83' lang='lat' dir='ltr'><strong>illustriora</strong></span> 
     </span>
    </p>
   </div>
   <div class='ocr_carea' id='block_1_47' title="bbox 1051 821 1837 864">
    <p class='ocr_par' dir='ltr' id='par_1_47' title="bbox 1051 821 1837 864">
     <span class='ocr_line' id='line_1_47' title="bbox 1051 821 1837 864; baseline 0.013 -17"><span class='ocrx_word' id='word_1_328' title='bbox 1051 821 1155 855; x_wconf 59' lang='lat' dir='ltr'><strong>prabet</strong></span> <span class='ocrx_word' id='word_1_329' title='bbox 1170 822 1246 857; x_wconf 72' lang='lat' dir='ltr'><strong>signa</strong></span> <span class='ocrx_word' id='word_1_330' title='bbox 1276 823 1421 851; x_wconf 89' lang='lat' dir='ltr'><strong>veritatis:</strong></span> <span class='ocrx_word' id='word_1_331' title='bbox 1436 830 1463 852; x_wconf 90' lang='lat' dir='ltr'><strong>et</strong></span> <span class='ocrx_word' id='word_1_332' title='bbox 1480 826 1554 853; x_wconf 81' lang='lat' dir='ltr'><strong>videt</strong></span> <span class='ocrx_word' id='word_1_333' title='bbox 1569 826 1613 854; x_wconf 88' lang='lat' dir='ltr'><strong>ille</strong></span> <span class='ocrx_word' id='word_1_334' title='bbox 1629 836 1691 854; x_wconf 91' lang='lat' dir='ltr'><strong>cum</strong></span> <span class='ocrx_word' id='word_1_335' title='bbox 1720 829 1837 864; x_wconf 89' lang='lat' dir='ltr'><strong>quibus-</strong></span> 
     </span>
    </p>
   </div>
   <div class='ocr_carea' id='block_1_48' title="bbox 1048 867 1836 908">
    <p class='ocr_par' dir='ltr' id='par_1_48' title="bbox 1048 867 1836 908">
     <span class='ocr_line' id='line_1_48' title="bbox 1048 867 1836 908; baseline 0.014 -15"><span class='ocrx_word' id='word_1_336' title='bbox 1048 867 1110 894; x_wconf 86' lang='lat' dir='ltr'><strong>dam</strong></span> <span class='ocrx_word' id='word_1_337' title='bbox 1134 870 1238 902; x_wconf 85' lang='lat' dir='ltr'><strong>paucis,</strong></span> <span class='ocrx_word' id='word_1_338' title='bbox 1259 870 1329 897; x_wconf 90' lang='lat' dir='ltr'><strong>duos</strong></span> <span class='ocrx_word' id='word_1_339' title='bbox 1347 871 1420 898; x_wconf 88' lang='lat' dir='ltr'><strong>viros</strong></span> <span class='ocrx_word' id='word_1_340' title='bbox 1440 877 1566 900; x_wconf 89' lang='lat' dir='ltr'><strong>sanctum</strong></span> <span class='ocrx_word' id='word_1_341' title='bbox 1588 874 1836 908; x_wconf 81' lang='lat' dir='ltr'><strong>circumsistentes.</strong></span> 
     </span>
    </p>
   </div>
   <div class='ocr_carea' id='block_1_49' title="bbox 1047 912 1836 955">
    <p class='ocr_par' dir='ltr' id='par_1_49' title="bbox 1047 912 1836 955">
     <span class='ocr_line' id='line_1_49' title="bbox 1047 912 1836 955; baseline 0.011 -15"><span class='ocrx_word' id='word_1_342' title='bbox 1047 912 1147 948; x_wconf 78' lang='lat' dir='ltr'><strong>fulguri</strong></span> <span class='ocrx_word' id='word_1_343' title='bbox 1164 915 1251 942; x_wconf 84' lang='lat' dir='ltr'><strong>forma</strong></span> <span class='ocrx_word' id='word_1_344' title='bbox 1271 916 1384 949; x_wconf 81' lang='lat' dir='ltr'><strong>similes,</strong></span> <span class='ocrx_word' id='word_1_345' title='bbox 1411 918 1554 953; x_wconf 86' lang='lat' dir='ltr'><strong>alatosque</strong></span> <span class='ocrx_word' id='word_1_346' title='bbox 1575 923 1603 946; x_wconf 87' lang='lat' dir='ltr'><strong>et</strong></span> <span class='ocrx_word' id='word_1_347' title='bbox 1630 920 1664 947; x_wconf 90' lang='lat' dir='ltr'><strong>iis</strong></span> <span class='ocrx_word' id='word_1_348' title='bbox 1691 921 1739 955; x_wconf 93' lang='lat' dir='ltr'><strong>qui</strong></span> <span class='ocrx_word' id='word_1_349' title='bbox 1760 923 1836 950; x_wconf 86' lang='lat' dir='ltr'><strong>vide-</strong></span> 
     </span>
    </p>
   </div>
   <div class='ocr_carea' id='block_1_50' title="bbox 1047 960 1836 1003">
    <p class='ocr_par' dir='ltr' id='par_1_50' title="bbox 1047 960 1836 1003">
     <span class='ocr_line' id='line_1_50' title="bbox 1047 960 1836 1003; baseline 0.014 -17"><span class='ocrx_word' id='word_1_350' title='bbox 1047 960 1125 993; x_wconf 82' lang='lat' dir='ltr'><strong>bant,</strong></span> <span class='ocrx_word' id='word_1_351' title='bbox 1138 969 1265 996; x_wconf 78' lang='lat' dir='ltr'><strong>magnum</strong></span> <span class='ocrx_word' id='word_1_352' title='bbox 1279 963 1425 992; x_wconf 75' lang='lat' dir='ltr'><strong>afferentes</strong></span> <span class='ocrx_word' id='word_1_353' title='bbox 1439 969 1586 999; x_wconf 85' lang='lat' dir='ltr'><strong>terrorem,</strong></span> <span class='ocrx_word' id='word_1_354' title='bbox 1614 971 1644 994; x_wconf 92' lang='lat' dir='ltr'><strong>ut</strong></span> <span class='ocrx_word' id='word_1_355' title='bbox 1667 969 1714 1003; x_wconf 87' lang='lat' dir='ltr'><strong>qui</strong></span> <span class='ocrx_word' id='word_1_356' title='bbox 1741 977 1836 997; x_wconf 83' lang='lat' dir='ltr'><strong>essent</strong></span> 
     </span>
    </p>
   </div>
   <div class='ocr_carea' id='block_1_51' title="bbox 1048 1006 1834 1047">
    <p class='ocr_par' dir='ltr' id='par_1_51' title="bbox 1048 1006 1834 1047">
     <span class='ocr_line' id='line_1_51' title="bbox 1048 1006 1834 1047; baseline 0.014 -15"><span class='ocrx_word' id='word_1_357' title='bbox 1048 1006 1136 1040; x_wconf 86' lang='lat' dir='ltr'><strong>parati</strong></span> <span class='ocrx_word' id='word_1_358' title='bbox 1153 1007 1186 1034; x_wconf 87' lang='lat' dir='ltr'><strong>ad</strong></span> <span class='ocrx_word' id='word_1_359' title='bbox 1202 1015 1264 1034; x_wconf 86' lang='lat' dir='ltr'><strong>eum</strong></span> <span class='ocrx_word' id='word_1_360' title='bbox 1281 1008 1485 1037; x_wconf 79' lang='lat' dir='ltr'><strong>defendendum</strong></span> <span class='ocrx_word' id='word_1_361' title='bbox 1501 1019 1508 1038; x_wconf 87' lang='lat'>:</span> <span class='ocrx_word' id='word_1_362' title='bbox 1524 1017 1607 1047; x_wconf 87' lang='lat' dir='ltr'><strong>caput</strong></span> <span class='ocrx_word' id='word_1_363' title='bbox 1623 1019 1715 1040; x_wconf 86' lang='lat' dir='ltr'><strong>autem</strong></span> <span class='ocrx_word' id='word_1_364' title='bbox 1733 1022 1834 1043; x_wconf 88' lang='lat' dir='ltr'><strong>corona</strong></span> 
     </span>
    </p>
   </div>
   <div class='ocr_carea' id='block_1_52' title="bbox 1049 1051 1836 1093">
    <p class='ocr_par' dir='ltr' id='par_1_52' title="bbox 1049 1051 1836 1093">
     <span class='ocr_line' id='line_1_52' title="bbox 1049 1051 1836 1093; baseline 0.014 -15"><span class='ocrx_word' id='word_1_365' title='bbox 1049 1051 1226 1080; x_wconf 89' lang='lat' dir='ltr'><strong>redimibant.</strong></span> <span class='ocrx_word' id='word_1_366' title='bbox 1241 1054 1388 1090; x_wconf 80' lang='lat' dir='ltr'><strong>Postquam</strong></span> <span class='ocrx_word' id='word_1_367' title='bbox 1404 1064 1470 1084; x_wconf 92' lang='lat' dir='ltr'><strong>vero</strong></span> <span class='ocrx_word' id='word_1_368' title='bbox 1483 1057 1545 1084; x_wconf 88' lang='lat' dir='ltr'><strong>aliis</strong></span> <span class='ocrx_word' id='word_1_369' title='bbox 1559 1066 1668 1093; x_wconf 89' lang='lat' dir='ltr'><strong>quoque</strong></span> <span class='ocrx_word' id='word_1_370' title='bbox 1682 1062 1836 1089; x_wconf 84' lang='lat' dir='ltr'><strong>communi-</strong></span> 
     </span>
    </p>
   </div>
   <div class='ocr_carea' id='block_1_53' title="bbox 1048 1099 1834 1140">
    <p class='ocr_par' dir='ltr' id='par_1_53' title="bbox 1048 1099 1834 1140">
     <span class='ocr_line' id='line_1_53' title="bbox 1048 1099 1834 1140; baseline 0.013 -15"><span class='ocrx_word' id='word_1_371' title='bbox 1048 1099 1120 1126; x_wconf 88' lang='lat' dir='ltr'><strong>cavit</strong></span> <span class='ocrx_word' id='word_1_372' title='bbox 1133 1099 1172 1132; x_wconf 86' lang='lat' dir='ltr'><strong>id,</strong></span> <span class='ocrx_word' id='word_1_373' title='bbox 1189 1100 1262 1135; x_wconf 90' lang='lat' dir='ltr'><strong>quod</strong></span> <span class='ocrx_word' id='word_1_374' title='bbox 1277 1103 1418 1135; x_wconf 78' lang='lat' dir='ltr'><strong>cernebat,</strong></span> <span class='ocrx_word' id='word_1_375' title='bbox 1440 1108 1468 1130; x_wconf 86' lang='lat' dir='ltr'><strong>et</strong></span> <span class='ocrx_word' id='word_1_376' title='bbox 1496 1104 1602 1131; x_wconf 80' lang='lat' dir='ltr'><strong>invenit</strong></span> <span class='ocrx_word' id='word_1_377' title='bbox 1626 1113 1674 1133; x_wconf 92' lang='lat' dir='ltr'><strong>eos</strong></span> <span class='ocrx_word' id='word_1_378' title='bbox 1696 1109 1834 1140; x_wconf 86' lang='lat' dir='ltr'><strong>eamdem,</strong></span> 
     </span>
    </p>
   </div>
   <div class='ocr_carea' id='block_1_54' title="bbox 1048 1145 1834 1182">
    <p class='ocr_par' dir='ltr' id='par_1_54' title="bbox 1048 1145 1834 1182">
     <span class='ocr_line' id='line_1_54' title="bbox 1048 1145 1834 1182; baseline 0.014 -11"><span class='ocrx_word' id='word_1_379' title='bbox 1048 1153 1128 1179; x_wconf 88' lang='lat' dir='ltr'><strong>quam</strong></span> <span class='ocrx_word' id='word_1_380' title='bbox 1145 1145 1202 1180; x_wconf 89' lang='lat' dir='ltr'><strong>ipse</strong></span> <span class='ocrx_word' id='word_1_381' title='bbox 1216 1153 1369 1181; x_wconf 79' lang='lat' dir='ltr'><strong>aspexeral,</strong></span> <span class='ocrx_word' id='word_1_382' title='bbox 1384 1149 1485 1176; x_wconf 80' lang='lat' dir='ltr'><strong>vidisse</strong></span> <span class='ocrx_word' id='word_1_383' title='bbox 1505 1151 1650 1180; x_wconf 86' lang='lat' dir='ltr'><strong>visionem.</strong></span> <span class='ocrx_word' id='word_1_384' title='bbox 1673 1154 1743 1181; x_wconf 90' lang='lat' dir='ltr'><strong>Cum</strong></span> <span class='ocrx_word' id='word_1_385' title='bbox 1765 1155 1834 1182; x_wconf 85' lang='lat' dir='ltr'><strong>nihil</strong></span> 
     </span>
    </p>
   </div>
   <div class='ocr_carea' id='block_1_55' title="bbox 1047 1192 1836 1232">
    <p class='ocr_par' dir='ltr' id='par_1_55' title="bbox 1047 1192 1836 1232">
     <span class='ocr_line' id='line_1_55' title="bbox 1047 1192 1836 1232; baseline 0.015 -15"><span class='ocrx_word' id='word_1_386' title='bbox 1047 1196 1120 1218; x_wconf 84' lang='lat' dir='ltr'><strong>esset</strong></span> <span class='ocrx_word' id='word_1_387' title='bbox 1133 1192 1205 1226; x_wconf 93' lang='lat' dir='ltr'><strong>quod</strong></span> <span class='ocrx_word' id='word_1_388' title='bbox 1221 1193 1371 1225; x_wconf 84' lang='lat' dir='ltr'><strong>dubitaret,</strong></span> <span class='ocrx_word' id='word_1_389' title='bbox 1390 1195 1514 1223; x_wconf 80' lang='lat' dir='ltr'><strong>constitit</strong></span> <span class='ocrx_word' id='word_1_390' title='bbox 1525 1203 1649 1232; x_wconf 86' lang='lat' dir='ltr'><strong>repente,</strong></span> <span class='ocrx_word' id='word_1_391' title='bbox 1665 1206 1728 1226; x_wconf 87' lang='lat' dir='ltr'><strong>cum</strong></span> <span class='ocrx_word' id='word_1_392' title='bbox 1740 1208 1755 1228; x_wconf 88' lang='lat' dir='ltr'><strong>e</strong></span> <span class='ocrx_word' id='word_1_393' title='bbox 1771 1201 1836 1229; x_wconf 89' lang='lat' dir='ltr'><strong>sedo</strong></span> 
     </span>
    </p>
   </div>
   <div class='ocr_carea' id='block_1_56' title="bbox 1048 1237 1836 1276">
    <p class='ocr_par' dir='ltr' id='par_1_56' title="bbox 1048 1237 1836 1276">
     <span class='ocr_line' id='line_1_56' title="bbox 1048 1237 1836 1276; baseline 0.014 -13"><span class='ocrx_word' id='word_1_394' title='bbox 1048 1237 1205 1270; x_wconf 74' lang='lat' dir='ltr'><strong>exsiliisset,</strong></span> <span class='ocrx_word' id='word_1_395' title='bbox 1223 1243 1251 1266; x_wconf 92' lang='lat' dir='ltr'><strong>et</strong></span> <span class='ocrx_word' id='word_1_396' title='bbox 1267 1239 1439 1268; x_wconf 83' lang='lat' dir='ltr'><strong>clamavitad</strong></span> <span class='ocrx_word' id='word_1_397' title='bbox 1454 1243 1587 1276; x_wconf 89' lang='lat' dir='ltr'><strong>populum</strong></span> <span class='ocrx_word' id='word_1_398' title='bbox 1601 1252 1608 1270; x_wconf 88' lang='lat'><strong>:</strong></span> <span class='ocrx_word' id='word_1_399' title='bbox 1623 1244 1671 1271; x_wconf 83' lang='lat' dir='ltr'><strong>Est</strong></span> <span class='ocrx_word' id='word_1_400' title='bbox 1684 1245 1729 1273; x_wconf 89' lang='lat' dir='ltr'><strong>hic</strong></span> <span class='ocrx_word' id='word_1_401' title='bbox 1741 1254 1836 1274; x_wconf 84' lang='lat' dir='ltr'><strong>revera</strong></span> 
     </span>
    </p>
   </div>
   <div class='ocr_carea' id='block_1_57' title="bbox 1048 1283 1837 1326">
    <p class='ocr_par' dir='ltr' id='par_1_57' title="bbox 1048 1283 1837 1326">
     <span class='ocr_line' id='line_1_57' title="bbox 1048 1283 1837 1326; baseline 0.014 -17"><span class='ocrx_word' id='word_1_402' title='bbox 1048 1284 1105 1310; x_wconf 91' lang='lat' dir='ltr'><strong>veri</strong></span> <span class='ocrx_word' id='word_1_403' title='bbox 1123 1283 1170 1311; x_wconf 86' lang='lat' dir='ltr'><strong>Dei</strong></span> <span class='ocrx_word' id='word_1_404' title='bbox 1196 1284 1314 1313; x_wconf 77' lang='lat' dir='ltr'><strong>famulus</strong></span> <span class='ocrx_word' id='word_1_405' title='bbox 1335 1285 1428 1321; x_wconf 82' lang='lat' dir='ltr'><strong>(manu</strong></span> <span class='ocrx_word' id='word_1_406' title='bbox 1449 1294 1573 1316; x_wconf 84' lang='lat' dir='ltr'><strong>sanctum</strong></span> <span class='ocrx_word' id='word_1_407' title='bbox 1599 1291 1780 1326; x_wconf 84' lang='lat' dir='ltr'><strong>ostendens):</strong></span> <span class='ocrx_word' id='word_1_408' title='bbox 1807 1299 1837 1320; x_wconf 84' lang='lat' dir='ltr'><strong>et</strong></span> 
     </span>
    </p>
   </div>
   <div class='ocr_carea' id='block_1_58' title="bbox 1048 1331 1833 1368">
    <p class='ocr_par' dir='ltr' id='par_1_58' title="bbox 1048 1331 1833 1368">
     <span class='ocr_line' id='line_1_58' title="bbox 1048 1331 1833 1368; baseline 0.013 -12"><span class='ocrx_word' id='word_1_409' title='bbox 1048 1338 1162 1365; x_wconf 76' lang='lat' dir='ltr'><strong>magnus</strong></span> <span class='ocrx_word' id='word_1_410' title='bbox 1174 1335 1215 1358; x_wconf 91' lang='lat' dir='ltr'><strong>est</strong></span> <span class='ocrx_word' id='word_1_411' title='bbox 1228 1331 1262 1363; x_wconf 81' lang='lat' dir='ltr'><strong>is,</strong></span> <span class='ocrx_word' id='word_1_412' title='bbox 1277 1339 1358 1366; x_wconf 89' lang='lat' dir='ltr'><strong>quem</strong></span> <span class='ocrx_word' id='word_1_413' title='bbox 1370 1340 1420 1360; x_wconf 91' lang='lat' dir='ltr'><strong>nos</strong></span> <span class='ocrx_word' id='word_1_414' title='bbox 1430 1333 1509 1362; x_wconf 83' lang='lat' dir='ltr'><strong>docet</strong></span> <span class='ocrx_word' id='word_1_415' title='bbox 1519 1335 1608 1368; x_wconf 75' lang='lat' dir='ltr'><strong>colere</strong></span> <span class='ocrx_word' id='word_1_416' title='bbox 1624 1336 1709 1364; x_wconf 89' lang='lat' dir='ltr'><strong>Deum</strong></span> <span class='ocrx_word' id='word_1_417' title='bbox 1726 1346 1833 1367; x_wconf 84' lang='lat' dir='ltr'><strong>verum:</strong></span> 
     </span>
    </p>
   </div>
   <div class='ocr_carea' id='block_1_59' title="bbox 1047 1377 1838 1422">
    <p class='ocr_par' dir='ltr' id='par_1_59' title="bbox 1047 1377 1838 1422">
     <span class='ocr_line' id='line_1_59' title="bbox 1047 1377 1838 1422; baseline 0.013 -19"><span class='ocrx_word' id='word_1_418' title='bbox 1047 1378 1093 1412; x_wconf 93' lang='lat' dir='ltr'><strong>qni</strong></span> <span class='ocrx_word' id='word_1_419' title='bbox 1132 1377 1201 1405; x_wconf 82' lang='lat' dir='ltr'><strong>adeo</strong></span> <span class='ocrx_word' id='word_1_420' title='bbox 1237 1379 1348 1414; x_wconf 83' lang='lat' dir='ltr'><strong>quidem</strong></span> <span class='ocrx_word' id='word_1_421' title='bbox 1385 1380 1584 1409; x_wconf 87' lang='lat' dir='ltr'><strong>admirabiliter</strong></span> <span class='ocrx_word' id='word_1_422' title='bbox 1604 1388 1633 1411; x_wconf 89' lang='lat' dir='ltr'><strong>et</strong></span> <span class='ocrx_word' id='word_1_423' title='bbox 1653 1389 1749 1412; x_wconf 87' lang='lat' dir='ltr'><strong>contra</strong></span> <span class='ocrx_word' id='word_1_424' title='bbox 1774 1387 1838 1422; x_wconf 77' lang='lat' dir='ltr'><strong>opi-</strong></span> 
     </span>
    </p>
   </div>
   <div class='ocr_carea' id='block_1_60' title="bbox 1048 1424 1833 1461">
    <p class='ocr_par' dir='ltr' id='par_1_60' title="bbox 1048 1424 1833 1461">
     <span class='ocr_line' id='line_1_60' title="bbox 1048 1424 1833 1461; baseline 0.013 -11"><span class='ocrx_word' id='word_1_425' title='bbox 1048 1424 1157 1451; x_wconf 80' lang='lat' dir='ltr'><strong>nionem</strong></span> <span class='ocrx_word' id='word_1_426' title='bbox 1173 1425 1297 1459; x_wconf 75' lang='lat' dir='ltr'><strong>proprios</strong></span> <span class='ocrx_word' id='word_1_427' title='bbox 1310 1426 1437 1461; x_wconf 69' lang='lat' dir='ltr'><strong>refringit</strong></span> <span class='ocrx_word' id='word_1_428' title='bbox 1452 1427 1569 1455; x_wconf 84' lang='lat' dir='ltr'><strong>athletas</strong></span> <span class='ocrx_word' id='word_1_429' title='bbox 1590 1438 1596 1456; x_wconf 91' lang='lat'>:</span> <span class='ocrx_word' id='word_1_430' title='bbox 1616 1438 1631 1457; x_wconf 89' lang='lat' dir='ltr'><strong>e</strong></span> <span class='ocrx_word' id='word_1_431' title='bbox 1644 1431 1720 1458; x_wconf 69' lang='lat' dir='ltr'><strong>emlis</strong></span> <span class='ocrx_word' id='word_1_432' title='bbox 1742 1437 1833 1460; x_wconf 86' lang='lat' dir='ltr'><strong>autem</strong></span> 
     </span>
    </p>
   </div>
   <div class='ocr_carea' id='block_1_61' title="bbox 1047 1470 1833 1512">
    <p class='ocr_par' dir='ltr' id='par_1_61' title="bbox 1047 1470 1833 1512">
     <span class='ocr_line' id='line_1_61' title="bbox 1047 1470 1833 1512; baseline 0.011 -16"><span class='ocrx_word' id='word_1_433' title='bbox 1047 1470 1098 1502; x_wconf 88' lang='lat' dir='ltr'><strong>eis,</strong></span> <span class='ocrx_word' id='word_1_434' title='bbox 1115 1475 1144 1496; x_wconf 90' lang='lat' dir='ltr'><strong>ut</strong></span> <span class='ocrx_word' id='word_1_435' title='bbox 1159 1470 1267 1502; x_wconf 81' lang='lat' dir='ltr'><strong>videtis,</strong></span> <span class='ocrx_word' id='word_1_436' title='bbox 1288 1471 1384 1499; x_wconf 88' lang='lat' dir='ltr'><strong>tribuit</strong></span> <span class='ocrx_word' id='word_1_437' title='bbox 1407 1472 1545 1500; x_wconf 76' lang='lat' dir='ltr'><strong>victorias.</strong></span> <span class='ocrx_word' id='word_1_438' title='bbox 1573 1474 1606 1502; x_wconf 83' lang='lat' dir='ltr'><strong>Et</strong></span> <span class='ocrx_word' id='word_1_439' title='bbox 1633 1475 1833 1512; x_wconf 75' lang='lat' dir='ltr'><strong>intelligentem</strong></span> 
     </span>
    </p>
   </div>
   <div class='ocr_carea' id='block_1_62' title="bbox 208 1515 995 1558">
    <p class='ocr_par' dir='ltr' id='par_1_62' title="bbox 208 1520 995 1558">
     <span class='ocr_line' id='line_1_62' title="bbox 208 1520 995 1558; baseline 0.004 -13"><span class='ocrx_word' id='word_1_440' title='bbox 208 1520 316 1552; x_wconf 79' lang='grc' dir='ltr'>τούτοις</span> <span class='ocrx_word' id='word_1_441' title='bbox 357 1521 505 1556; x_wconf 81' lang='grc' dir='ltr'>ἀμύνοντα.</span> <span class='ocrx_word' id='word_1_442' title='bbox 538 1522 701 1550; x_wconf 75' lang='grc' dir='ltr'>Ἐλάνθανον</span> <span class='ocrx_word' id='word_1_443' title='bbox 730 1522 758 1549; x_wconf 75' lang='grc' dir='ltr'>δὲ</span> <span class='ocrx_word' id='word_1_444' title='bbox 787 1523 841 1558; x_wconf 78' lang='grc' dir='ltr'>ἄρα</span> <span class='ocrx_word' id='word_1_445' title='bbox 866 1524 995 1558; x_wconf 76' lang='grc' dir='ltr'>πονηροῖς</span> 
     </span>
    </p>
   </div>
   <div class='ocr_carea' id='block_1_63' title="bbox 1047 1515 1836 1558">
    <p class='ocr_par' dir='ltr' id='par_1_63' title="bbox 1047 1515 1836 1556">
     <span class='ocr_line' id='line_1_63' title="bbox 1047 1515 1836 1556; baseline 0.01 -14"><span class='ocrx_word' id='word_1_446' title='bbox 1047 1515 1088 1543; x_wconf 88' lang='lat' dir='ltr'><strong>eis</strong></span> <span class='ocrx_word' id='word_1_447' title='bbox 1112 1524 1192 1551; x_wconf 85' lang='lat' dir='ltr'><strong>opem</strong></span> <span class='ocrx_word' id='word_1_448' title='bbox 1216 1516 1318 1548; x_wconf 80' lang='lat' dir='ltr'><strong>ferens.</strong></span> <span class='ocrx_word' id='word_1_449' title='bbox 1342 1524 1391 1544; x_wconf 90' lang='lat' dir='ltr'><strong>eos</strong></span> <span class='ocrx_word' id='word_1_450' title='bbox 1424 1517 1558 1547; x_wconf 82' lang='lat' dir='ltr'><strong>defendit.</strong></span> <span class='ocrx_word' id='word_1_451' title='bbox 1583 1519 1744 1556; x_wconf 87' lang='lat' dir='ltr'><strong>Imprudens</strong></span> <span class='ocrx_word' id='word_1_452' title='bbox 1771 1531 1836 1550; x_wconf 80' lang='lat' dir='ltr'><strong>vero</strong></span> 
     </span>
    </p>
   </div>
   <div class='ocr_carea' id='block_1_64' title="bbox 208 1565 997 1604">
    <p class='ocr_par' dir='ltr' id='par_1_64' title="bbox 208 1565 997 1604">
     <span class='ocr_line' id='line_1_64' title="bbox 208 1565 997 1604; baseline 0.005 -12"><span class='ocrx_word' id='word_1_453' title='bbox 208 1565 317 1601; x_wconf 79' lang='grc' dir='ltr'>δαίμοσι</span> <span class='ocrx_word' id='word_1_454' title='bbox 331 1567 518 1603; x_wconf 67' lang='grc' dir='ltr'>προσανέχων,</span> <span class='ocrx_word' id='word_1_455' title='bbox 533 1569 582 1594; x_wconf 73' lang='grc' dir='ltr'>καὶ</span> <span class='ocrx_word' id='word_1_456' title='bbox 597 1568 670 1603; x_wconf 75' lang='grc' dir='ltr'>ὑμᾶς</span> <span class='ocrx_word' id='word_1_457' title='bbox 683 1568 839 1596; x_wconf 82' lang='grc' dir='ltr'>ἀναπείθων</span> <span class='ocrx_word' id='word_1_458' title='bbox 865 1568 997 1604; x_wconf 76' lang='grc' dir='ltr'>βουλομέ-</span> 
     </span>
    </p>
   </div>
   <div class='ocr_carea' id='block_1_65' title="bbox 210 1613 728 1650">
    <p class='ocr_par' dir='ltr' id='par_1_65' title="bbox 210 1613 728 1650">
     <span class='ocr_line' id='line_1_65' title="bbox 210 1613 728 1650; baseline 0.008 -12"><span class='ocrx_word' id='word_1_459' title='bbox 210 1620 271 1645; x_wconf 83' lang='grc' dir='ltr'>νους</span> <span class='ocrx_word' id='word_1_460' title='bbox 287 1613 326 1649; x_wconf 81' lang='grc' dir='ltr'>τῷ</span> <span class='ocrx_word' id='word_1_461' title='bbox 346 1614 457 1650; x_wconf 83' lang='grc' dir='ltr'>Χριστῷ</span> <span class='ocrx_word' id='word_1_462' title='bbox 470 1614 562 1646; x_wconf 83' lang='grc' dir='ltr'>καλῶς</span> <span class='ocrx_word' id='word_1_463' title='bbox 573 1614 728 1643; x_wconf 78' lang='grc' dir='ltr'>πείθεσθαι.</span> 
     </span>
    </p>
   </div>
   <div class='ocr_carea' id='block_1_66' title="bbox 243 1701 995 1739">
    <p class='ocr_par' dir='ltr' id='par_1_66' title="bbox 243 1701 995 1739">
     <span class='ocr_line' id='line_1_66' title="bbox 243 1701 995 1739; baseline 0.003 -11"><span class='ocrx_word' id='word_1_464' title='bbox 243 1702 310 1730; x_wconf 75' lang='lat' dir='ltr'><strong><em>KA&#39;.</em></strong></span> <span class='ocrx_word' id='word_1_465' title='bbox 341 1702 434 1730; x_wconf 71' lang='grc' dir='ltr'>Ταῦτα</span> <span class='ocrx_word' id='word_1_466' title='bbox 459 1703 558 1738; x_wconf 84' lang='grc' dir='ltr'>λέγων,</span> <span class='ocrx_word' id='word_1_467' title='bbox 592 1703 701 1738; x_wconf 71' lang='grc' dir='ltr'>ἕτοιμος</span> <span class='ocrx_word' id='word_1_468' title='bbox 720 1703 771 1738; x_wconf 81' lang='grc' dir='ltr'>μὲν</span> <span class='ocrx_word' id='word_1_469' title='bbox 795 1701 829 1739; x_wconf 81' lang='grc' dir='ltr'>ἦν</span> <span class='ocrx_word' id='word_1_470' title='bbox 843 1703 933 1739; x_wconf 80' lang='grc' dir='ltr'>ὀρμᾷν</span> <span class='ocrx_word' id='word_1_471' title='bbox 949 1704 995 1730; x_wconf 75' lang='grc' dir='ltr'><strong>καὶ</strong></span> 
     </span>
    </p>
   </div>
   <div class='ocr_carea' id='block_1_67' title="bbox 208 1748 996 1784">
    <p class='ocr_par' dir='ltr' id='par_1_67' title="bbox 208 1748 996 1784">
     <span class='ocr_line' id='line_1_67' title="bbox 208 1748 996 1784; baseline 0 -9"><span class='ocrx_word' id='word_1_472' title='bbox 208 1749 264 1775; x_wconf 77' lang='grc' dir='ltr'><strong>τῶν</strong></span> <span class='ocrx_word' id='word_1_473' title='bbox 281 1748 329 1776; x_wconf 80' lang='grc' dir='ltr'><strong>τοῦ</strong></span> <span class='ocrx_word' id='word_1_474' title='bbox 356 1750 496 1784; x_wconf 65' lang='grc' dir='ltr'>μάρτυρος</span> <span class='ocrx_word' id='word_1_475' title='bbox 521 1749 610 1776; x_wconf 80' lang='grc' dir='ltr'>ποδῶν</span> <span class='ocrx_word' id='word_1_476' title='bbox 635 1749 770 1776; x_wconf 73' lang='grc' dir='ltr'>ἅπτεσθαι</span> <span class='ocrx_word' id='word_1_477' title='bbox 787 1757 795 1765; x_wconf 74' lang='grc'><strong><em>⁸</em></strong></span> <span class='ocrx_word' id='word_1_478' title='bbox 828 1749 955 1784; x_wconf 75' lang='grc' dir='ltr'>ἐπείχετο</span> <span class='ocrx_word' id='word_1_479' title='bbox 968 1749 996 1776; x_wconf 80' lang='grc' dir='ltr'>δὲ</span> 
     </span>
    </p>
   </div>
   <div class='ocr_carea' id='block_1_68' title="bbox 209 1795 992 1830">
    <p class='ocr_par' dir='ltr' id='par_1_68' title="bbox 209 1795 992 1830">
     <span class='ocr_line' id='line_1_68' title="bbox 209 1795 992 1830; baseline -0.001 -8"><span class='ocrx_word' id='word_1_480' title='bbox 209 1796 255 1822; x_wconf 74' lang='grc' dir='ltr'><strong>ἐπὶ</strong></span> <span class='ocrx_word' id='word_1_481' title='bbox 287 1795 354 1822; x_wconf 77' lang='grc' dir='ltr'>πολὺ</span> <span class='ocrx_word' id='word_1_482' title='bbox 388 1796 422 1830; x_wconf 81' lang='grc' dir='ltr'>τῇ</span> <span class='ocrx_word' id='word_1_483' title='bbox 451 1795 621 1830; x_wconf 80' lang='grc' dir='ltr'>καταπλήξει</span> <span class='ocrx_word' id='word_1_484' title='bbox 646 1795 701 1822; x_wconf 84' lang='grc' dir='ltr'>τῶν</span> <span class='ocrx_word' id='word_1_485' title='bbox 728 1795 852 1830; x_wconf 75' lang='grc' dir='ltr'>ἀγγέλων</span> <span class='ocrx_word' id='word_1_486' title='bbox 877 1796 924 1822; x_wconf 71' lang='grc' dir='ltr'>καὶ</span> <span class='ocrx_word' id='word_1_487' title='bbox 953 1795 992 1830; x_wconf 84' lang='grc' dir='ltr'>τῷ</span> 
     </span>
    </p>
   </div>
   <div class='ocr_carea' id='block_1_69' title="bbox 209 1840 996 1878">
    <p class='ocr_par' dir='ltr' id='par_1_69' title="bbox 209 1840 996 1878">
     <span class='ocr_line' id='line_1_69' title="bbox 209 1840 996 1878; baseline 0 -10"><span class='ocrx_word' id='word_1_488' title='bbox 209 1842 338 1876; x_wconf 82' lang='grc' dir='ltr'>θεάματι.</span> <span class='ocrx_word' id='word_1_489' title='bbox 362 1842 500 1877; x_wconf 78' lang='grc' dir='ltr'>Δίφνίδιον</span> <span class='ocrx_word' id='word_1_490' title='bbox 514 1840 561 1869; x_wconf 78' lang='grc' dir='ltr'>οὖν</span> <span class='ocrx_word' id='word_1_491' title='bbox 592 1843 705 1877; x_wconf 75' lang='grc' dir='ltr'>ἀφανεῖς</span> <span class='ocrx_word' id='word_1_492' title='bbox 719 1842 770 1878; x_wconf 82' lang='grc' dir='ltr'>μὲν</span> <span class='ocrx_word' id='word_1_493' title='bbox 783 1842 808 1868; x_wconf 85' lang='grc' dir='ltr'>οἱ</span> <span class='ocrx_word' id='word_1_494' title='bbox 824 1842 933 1876; x_wconf 73' lang='grc' dir='ltr'>ἄγγελοι</span> <span class='ocrx_word' id='word_1_495' title='bbox 947 1849 954 1857; x_wconf 89' lang='grc'><strong>·</strong></span> <span class='ocrx_word' id='word_1_496' title='bbox 981 1843 996 1869; x_wconf 83' lang='grc' dir='ltr'><strong>ὁ</strong></span> 
     </span>
    </p>
   </div>
   <div class='ocr_carea' id='block_1_70' title="bbox 207 1887 995 1923">
    <p class='ocr_par' dir='ltr' id='par_1_70' title="bbox 207 1887 995 1923">
     <span class='ocr_line' id='line_1_70' title="bbox 207 1887 995 1923; baseline 0.001 -10"><span class='ocrx_word' id='word_1_497' title='bbox 207 1887 247 1919; x_wconf 72' lang='grc' dir='ltr'><strong>ει,</strong></span> <span class='ocrx_word' id='word_1_498' title='bbox 262 1887 457 1922; x_wconf 83' lang='grc' dir='ltr'>προσδραμὼν,</span> <span class='ocrx_word' id='word_1_499' title='bbox 472 1889 519 1914; x_wconf 70' lang='grc' dir='ltr'>καὶ</span> <span class='ocrx_word' id='word_1_500' title='bbox 547 1888 601 1915; x_wconf 83' lang='grc' dir='ltr'>τῶν</span> <span class='ocrx_word' id='word_1_501' title='bbox 616 1888 662 1914; x_wconf 83' lang='grc' dir='ltr'>τοῦ</span> <span class='ocrx_word' id='word_1_502' title='bbox 674 1889 754 1922; x_wconf 81' lang='grc' dir='ltr'>ἁγίου</span> <span class='ocrx_word' id='word_1_503' title='bbox 772 1888 861 1915; x_wconf 83' lang='grc' dir='ltr'>ποδῶν</span> <span class='ocrx_word' id='word_1_504' title='bbox 874 1887 995 1923; x_wconf 82' lang='grc' dir='ltr'>λαϐόμε-</span> 
     </span>
    </p>
   </div>
   <div class='ocr_carea' id='block_1_71' title="bbox 207 1933 994 1969">
    <p class='ocr_par' dir='ltr' id='par_1_71' title="bbox 207 1933 994 1969">
     <span class='ocr_line' id='line_1_71' title="bbox 207 1933 994 1969; baseline 0.003 -10"><span class='ocrx_word' id='word_1_505' title='bbox 207 1941 263 1964; x_wconf 83' lang='grc' dir='ltr'>νος,</span> <span class='ocrx_word' id='word_1_506' title='bbox 275 1934 361 1967; x_wconf 64' lang='grc' dir='ltr'>ἐφίλει</span> <span class='ocrx_word' id='word_1_507' title='bbox 377 1942 408 1960; x_wconf 85' lang='grc' dir='ltr'><strong>τε</strong></span> <span class='ocrx_word' id='word_1_508' title='bbox 423 1933 519 1968; x_wconf 74' lang='grc' dir='ltr'>ἡδέως,</span> <span class='ocrx_word' id='word_1_509' title='bbox 532 1934 590 1968; x_wconf 73' lang='grc' dir='ltr'>καὶ,</span> <span class='ocrx_word' id='word_1_510' title='bbox 607 1934 701 1968; x_wconf 80' lang='grc' dir='ltr'>Εὒξαι,</span> <span class='ocrx_word' id='word_1_511' title='bbox 718 1935 787 1969; x_wconf 66' lang='grc' dir='ltr'>προς</span> <span class='ocrx_word' id='word_1_512' title='bbox 798 1934 880 1961; x_wconf 79' lang='grc' dir='ltr'>αὑτὸν</span> <span class='ocrx_word' id='word_1_513' title='bbox 891 1934 994 1969; x_wconf 72' lang='grc' dir='ltr'>ἔλεγεν,</span> 
     </span>
    </p>
   </div>
   <div class='ocr_carea' id='block_1_72' title="bbox 208 1980 995 2018">
    <p class='ocr_par' dir='ltr' id='par_1_72' title="bbox 208 1980 995 2018">
     <span class='ocr_line' id='line_1_72' title="bbox 208 1980 995 2018; baseline 0.003 -12"><span class='ocrx_word' id='word_1_514' title='bbox 208 1980 338 2016; x_wconf 74' lang='grc' dir='ltr'>ἀληθινοῦ</span> <span class='ocrx_word' id='word_1_515' title='bbox 361 1980 430 2007; x_wconf 78' lang='grc' dir='ltr'>Θεοῦ</span> <span class='ocrx_word' id='word_1_516' title='bbox 457 1981 591 2015; x_wconf 81' lang='grc' dir='ltr'>ὑπηρέτα,</span> <span class='ocrx_word' id='word_1_517' title='bbox 623 1982 671 2007; x_wconf 73' lang='grc' dir='ltr'>καὶ</span> <span class='ocrx_word' id='word_1_518' title='bbox 697 1981 767 2016; x_wconf 84' lang='grc' dir='ltr'>πρὸς</span> <span class='ocrx_word' id='word_1_519' title='bbox 793 1982 843 2016; x_wconf 83' lang='grc' dir='ltr'>τῆς</span> <span class='ocrx_word' id='word_1_520' title='bbox 864 1982 995 2018; x_wconf 79' lang='grc' dir='ltr'>ἀληθείας</span> 
     </span>
    </p>
   </div>
   <div class='ocr_carea' id='block_1_73' title="bbox 209 2025 995 2062">
    <p class='ocr_par' dir='ltr' id='par_1_73' title="bbox 209 2025 995 2062">
     <span class='ocr_line' id='line_1_73' title="bbox 209 2025 995 2062; baseline 0.001 -9"><span class='ocrx_word' id='word_1_521' title='bbox 209 2027 305 2062; x_wconf 77' lang='grc' dir='ltr'>αὐτῆς,</span> <span class='ocrx_word' id='word_1_522' title='bbox 322 2027 357 2062; x_wconf 69' lang='grc' dir='ltr'>ἢν</span> <span class='ocrx_word' id='word_1_523' title='bbox 372 2027 529 2062; x_wconf 77' lang='grc' dir='ltr'>κηρύττεις,</span> <span class='ocrx_word' id='word_1_524' title='bbox 543 2025 619 2060; x_wconf 75' lang='grc' dir='ltr'>εὖξαι</span> <span class='ocrx_word' id='word_1_525' title='bbox 630 2027 723 2054; x_wconf 79' lang='grc' dir='ltr'>δοῦλον</span> <span class='ocrx_word' id='word_1_526' title='bbox 738 2027 810 2062; x_wconf 74' lang='grc' dir='ltr'>κάμὲ</span> <span class='ocrx_word' id='word_1_527' title='bbox 824 2028 871 2054; x_wconf 79' lang='grc' dir='ltr'><strong>τὸν</strong></span> <span class='ocrx_word' id='word_1_528' title='bbox 886 2029 995 2061; x_wconf 72' lang='grc' dir='ltr'>ἀνάξιον</span> 
     </span>
    </p>
   </div>
   <div class='ocr_carea' id='block_1_74' title="bbox 208 2072 995 2108">
    <p class='ocr_par' dir='ltr' id='par_1_74' title="bbox 208 2072 995 2108">
     <span class='ocr_line' id='line_1_74' title="bbox 208 2072 995 2108; baseline 0.001 -8"><span class='ocrx_word' id='word_1_529' title='bbox 208 2074 255 2101; x_wconf 78' lang='grc' dir='ltr'>καὶ</span> <span class='ocrx_word' id='word_1_530' title='bbox 269 2073 412 2100; x_wconf 82' lang='grc' dir='ltr'>δουλεῦσαι</span> <span class='ocrx_word' id='word_1_531' title='bbox 438 2072 477 2107; x_wconf 86' lang='grc' dir='ltr'><strong>τῷ</strong></span> <span class='ocrx_word' id='word_1_532' title='bbox 501 2073 540 2108; x_wconf 85' lang='grc' dir='ltr'>σῷ</span> <span class='ocrx_word' id='word_1_533' title='bbox 562 2073 632 2108; x_wconf 80' lang='grc' dir='ltr'><strong>Θεῷ.</strong></span> <span class='ocrx_word' id='word_1_534' title='bbox 656 2073 714 2099; x_wconf 87' lang='grc' dir='ltr'><strong>Νὖν</strong></span> <span class='ocrx_word' id='word_1_535' title='bbox 742 2073 867 2108; x_wconf 77' lang='grc' dir='ltr'>ᾐσθόμην</span> <span class='ocrx_word' id='word_1_536' title='bbox 885 2075 917 2100; x_wconf 79' lang='grc' dir='ltr'>ὲκ</span> <span class='ocrx_word' id='word_1_537' title='bbox 941 2075 995 2101; x_wconf 83' lang='grc' dir='ltr'>τῶν</span> 
     </span>
    </p>
   </div>
   <div class='ocr_carea' id='block_1_75' title="bbox 210 2119 996 2156">
    <p class='ocr_par' dir='ltr' id='par_1_75' title="bbox 210 2119 996 2156">
     <span class='ocr_line' id='line_1_75' title="bbox 210 2119 996 2156; baseline 0 -10"><span class='ocrx_word' id='word_1_538' title='bbox 210 2121 275 2156; x_wconf 73' lang='grc' dir='ltr'>περὶ</span> <span class='ocrx_word' id='word_1_539' title='bbox 307 2119 337 2146; x_wconf 74' lang='grc' dir='ltr'>σὲ</span> <span class='ocrx_word' id='word_1_540' title='bbox 352 2119 509 2155; x_wconf 78' lang='grc' dir='ltr'>θεαμάτων,</span> <span class='ocrx_word' id='word_1_541' title='bbox 526 2119 593 2150; x_wconf 78' lang='grc' dir='ltr'>οἵοις</span> <span class='ocrx_word' id='word_1_542' title='bbox 607 2119 726 2154; x_wconf 84' lang='grc' dir='ltr'>χρῶνται</span> <span class='ocrx_word' id='word_1_543' title='bbox 748 2121 805 2150; x_wconf 76' lang='grc' dir='ltr'>τοῖς</span> <span class='ocrx_word' id='word_1_544' title='bbox 836 2119 996 2155; x_wconf 60' lang='grc' dir='ltr'>δορυφόροις</span> 
     </span>
    </p>
   </div>
   <div class='ocr_carea' id='block_1_76' title="bbox 208 2165 992 2202">
    <p class='ocr_par' dir='ltr' id='par_1_76' title="bbox 208 2165 992 2202">
     <span class='ocr_line' id='line_1_76' title="bbox 208 2165 992 2202; baseline -0.001 -9"><span class='ocrx_word' id='word_1_545' title='bbox 208 2167 234 2193; x_wconf 82' lang='grc' dir='ltr'>οἱ</span> <span class='ocrx_word' id='word_1_546' title='bbox 247 2167 366 2202; x_wconf 78' lang='grc' dir='ltr'>γνησίως</span> <span class='ocrx_word' id='word_1_547' title='bbox 380 2166 493 2201; x_wconf 84' lang='grc' dir='ltr'>Χριστῷ</span> <span class='ocrx_word' id='word_1_548' title='bbox 510 2167 736 2201; x_wconf 68' lang='grc' dir='ltr'>προσερχόμενον</span> <span class='ocrx_word' id='word_1_549' title='bbox 753 2166 801 2193; x_wconf 74' lang='grc' dir='ltr'>καὶ</span> <span class='ocrx_word' id='word_1_550' title='bbox 813 2165 875 2192; x_wconf 85' lang='grc' dir='ltr'>ὅθεν</span> <span class='ocrx_word' id='word_1_551' title='bbox 889 2167 992 2200; x_wconf 75' lang='grc' dir='ltr'>αὐτοῖς,</span> 
     </span>
    </p>
   </div>
   <div class='ocr_carea' id='block_1_77' title="bbox 209 2210 994 2248">
    <p class='ocr_par' dir='ltr' id='par_1_77' title="bbox 209 2210 994 2248">
     <span class='ocr_line' id='line_1_77' title="bbox 209 2210 994 2248; baseline 0 -8"><span class='ocrx_word' id='word_1_552' title='bbox 209 2214 256 2240; x_wconf 78' lang='grc' dir='ltr'>καὶ</span> <span class='ocrx_word' id='word_1_553' title='bbox 279 2210 333 2240; x_wconf 81' lang='grc' dir='ltr'>οἷαι</span> <span class='ocrx_word' id='word_1_554' title='bbox 358 2213 412 2240; x_wconf 82' lang='grc' dir='ltr'><strong>τῶν</strong></span> <span class='ocrx_word' id='word_1_555' title='bbox 442 2213 577 2248; x_wconf 79' lang='grc' dir='ltr'>καμάτων</span> <span class='ocrx_word' id='word_1_556' title='bbox 595 2214 622 2239; x_wconf 85' lang='grc' dir='ltr'>αἱ</span> <span class='ocrx_word' id='word_1_557' title='bbox 637 2213 763 2248; x_wconf 79' lang='grc' dir='ltr'>ἀμοιϐαὶ,</span> <span class='ocrx_word' id='word_1_558' title='bbox 794 2213 841 2240; x_wconf 82' lang='grc' dir='ltr'>καὶ</span> <span class='ocrx_word' id='word_1_559' title='bbox 856 2212 893 2245; x_wconf 81' lang='grc' dir='ltr'>ὡς</span> <span class='ocrx_word' id='word_1_560' title='bbox 908 2213 994 2246; x_wconf 78' lang='grc' dir='ltr'>ξένοις</span> 
     </span>
    </p>
   </div>
   <div class='ocr_carea' id='block_1_78' title="bbox 207 2259 995 2295">
    <p class='ocr_par' dir='ltr' id='par_1_78' title="bbox 207 2259 995 2295">
     <span class='ocr_line' id='line_1_78' title="bbox 207 2259 995 2295; baseline 0 -9"><span class='ocrx_word' id='word_1_561' title='bbox 207 2260 264 2286; x_wconf 78' lang='grc' dir='ltr'>τισὶ</span> <span class='ocrx_word' id='word_1_562' title='bbox 287 2260 333 2286; x_wconf 81' lang='grc' dir='ltr'><strong>καὶ</strong></span> <span class='ocrx_word' id='word_1_563' title='bbox 347 2259 474 2295; x_wconf 80' lang='grc' dir='ltr'>φοϐεροῖς</span> <span class='ocrx_word' id='word_1_564' title='bbox 489 2259 644 2294; x_wconf 74' lang='grc' dir='ltr'>ὑπηρέταις</span> <span class='ocrx_word' id='word_1_565' title='bbox 658 2259 886 2294; x_wconf 75' lang='grc' dir='ltr'>δορυφοροῦνται.</span> <span class='ocrx_word' id='word_1_566' title='bbox 901 2260 995 2286; x_wconf 79' lang='grc' dir='ltr'>Καθά-</span> 
     </span>
    </p>
   </div>
   <div class='ocr_carea' id='block_1_79' title="bbox 207 2304 994 2340">
    <p class='ocr_par' dir='ltr' id='par_1_79' title="bbox 207 2304 994 2340">
     <span class='ocr_line' id='line_1_79' title="bbox 207 2304 994 2340; baseline 0 -10"><span class='ocrx_word' id='word_1_567' title='bbox 207 2313 260 2340; x_wconf 80' lang='grc' dir='ltr'><strong>περ</strong></span> <span class='ocrx_word' id='word_1_568' title='bbox 277 2305 324 2331; x_wconf 79' lang='grc' dir='ltr'>καὶ</span> <span class='ocrx_word' id='word_1_569' title='bbox 348 2305 391 2336; x_wconf 77' lang='grc' dir='ltr'>σὺ,</span> <span class='ocrx_word' id='word_1_570' title='bbox 408 2304 432 2330; x_wconf 79' lang='grc' dir='ltr'>οἶ</span> <span class='ocrx_word' id='word_1_571' title='bbox 457 2304 504 2331; x_wconf 79' lang='grc' dir='ltr'>καὶ</span> <span class='ocrx_word' id='word_1_572' title='bbox 520 2304 558 2336; x_wconf 87' lang='grc' dir='ltr'><strong>ὡς</strong></span> <span class='ocrx_word' id='word_1_573' title='bbox 569 2305 677 2338; x_wconf 65' lang='grc' dir='ltr'>ἐναγεῖς</span> <span class='ocrx_word' id='word_1_574' title='bbox 700 2305 774 2338; x_wconf 80' lang='grc' dir='ltr'>ἡμᾶς</span> <span class='ocrx_word' id='word_1_575' title='bbox 794 2304 841 2330; x_wconf 73' lang='grc' dir='ltr'>καὶ</span> <span class='ocrx_word' id='word_1_576' title='bbox 863 2304 994 2339; x_wconf 80' lang='grc' dir='ltr'>βεϐήλους</span> 
     </span>
    </p>
   </div>
   <div class='ocr_carea' id='block_1_80' title="bbox 209 2350 994 2386">
    <p class='ocr_par' dir='ltr' id='par_1_80' title="bbox 209 2350 994 2386">
     <span class='ocr_line' id='line_1_80' title="bbox 209 2350 994 2386; baseline 0 -10"><span class='ocrx_word' id='word_1_577' title='bbox 209 2351 290 2385; x_wconf 78' lang='grc' dir='ltr'>μέχρι</span> <span class='ocrx_word' id='word_1_578' title='bbox 316 2351 386 2381; x_wconf 69' lang='grc' dir='ltr'>τινος</span> <span class='ocrx_word' id='word_1_579' title='bbox 396 2350 554 2377; x_wconf 80' lang='grc' dir='ltr'>ἀπωθοῦντο</span> <span class='ocrx_word' id='word_1_580' title='bbox 572 2352 604 2386; x_wconf 85' lang='grc' dir='ltr'>τῇ</span> <span class='ocrx_word' id='word_1_581' title='bbox 615 2350 676 2385; x_wconf 49' lang='lat' dir='ltr'><strong>odiet</strong></span> <span class='ocrx_word' id='word_1_582' title='bbox 689 2351 737 2377; x_wconf 75' lang='grc' dir='ltr'>καὶ</span> <span class='ocrx_word' id='word_1_583' title='bbox 751 2350 932 2385; x_wconf 68' lang='grc' dir='ltr'>ἀπετείχιζον,</span> <span class='ocrx_word' id='word_1_584' title='bbox 945 2350 994 2385; x_wconf 60' lang='grc' dir='ltr'>ὀψε</span> 
     </span>
    </p>
   </div>
   <div class='ocr_carea' id='block_1_81' title="bbox 207 2396 995 2434">
    <p class='ocr_par' dir='ltr' id='par_1_81' title="bbox 207 2396 995 2434">
     <span class='ocr_line' id='line_1_81' title="bbox 207 2396 995 2434; baseline -0.001 -10"><span class='ocrx_word' id='word_1_585' title='bbox 207 2397 294 2434; x_wconf 84' lang='grc' dir='ltr'>δήπου</span> <span class='ocrx_word' id='word_1_586' title='bbox 313 2396 614 2432; x_wconf 75' lang='grc' dir='ltr'>φιλανθρωπευθέντες,</span> <span class='ocrx_word' id='word_1_587' title='bbox 636 2397 841 2432; x_wconf 83' lang='grc' dir='ltr'>παρεχώρησαν</span> <span class='ocrx_word' id='word_1_588' title='bbox 856 2398 923 2432; x_wconf 79' lang='grc' dir='ltr'>ἡμῖν</span> <span class='ocrx_word' id='word_1_589' title='bbox 943 2399 995 2432; x_wconf 82' lang='grc' dir='ltr'>τῆς</span> 
     </span>
    </p>
   </div>
   <div class='ocr_carea' id='block_1_82' title="bbox 208 2442 994 2478">
    <p class='ocr_par' dir='ltr' id='par_1_82' title="bbox 208 2442 994 2478">
     <span class='ocr_line' id='line_1_82' title="bbox 208 2442 994 2478; baseline 0 -9"><span class='ocrx_word' id='word_1_590' title='bbox 208 2442 363 2478; x_wconf 75' lang='grc' dir='ltr'>ἁγιωσύνης</span> <span class='ocrx_word' id='word_1_591' title='bbox 377 2444 424 2469; x_wconf 79' lang='grc' dir='ltr'>καὶ</span> <span class='ocrx_word' id='word_1_592' title='bbox 447 2443 643 2478; x_wconf 77' lang='grc' dir='ltr'>καθαρότητος.</span> <span class='ocrx_word' id='word_1_593' title='bbox 673 2443 730 2470; x_wconf 80' lang='grc' dir='ltr'><strong>Καὶ</strong></span> <span class='ocrx_word' id='word_1_594' title='bbox 751 2443 870 2474; x_wconf 72' lang='grc' dir='ltr'>δέδοικα,</span> <span class='ocrx_word' id='word_1_595' title='bbox 894 2444 994 2478; x_wconf 77' lang='grc' dir='ltr'>μήπως</span> 
     </span>
    </p>
   </div>
   <div class='ocr_carea' id='block_1_83' title="bbox 207 2488 994 2524">
    <p class='ocr_par' dir='ltr' id='par_1_83' title="bbox 207 2488 994 2524">
     <span class='ocr_line' id='line_1_83' title="bbox 207 2488 994 2524; baseline 0 -9"><span class='ocrx_word' id='word_1_596' title='bbox 207 2489 350 2524; x_wconf 71' lang='grc' dir='ltr'>ἀπώσηται</span> <span class='ocrx_word' id='word_1_597' title='bbox 382 2496 416 2524; x_wconf 83' lang='grc' dir='ltr'><strong>με</strong></span> <span class='ocrx_word' id='word_1_598' title='bbox 442 2489 626 2523; x_wconf 71' lang='grc' dir='ltr'>προσελθόντα</span> <span class='ocrx_word' id='word_1_599' title='bbox 647 2488 776 2523; x_wconf 71' lang='grc' dir='ltr'>Χριστὸς,</span> <span class='ocrx_word' id='word_1_600' title='bbox 791 2488 929 2522; x_wconf 78' lang='grc' dir='ltr'>ἀξιοῦντα,</span> <span class='ocrx_word' id='word_1_601' title='bbox 947 2489 994 2515; x_wconf 75' lang='grc' dir='ltr'>καὶ</span> 
     </span>
    </p>
   </div>
   <div class='ocr_carea' id='block_1_84' title="bbox 209 2534 994 2570">
    <p class='ocr_par' dir='ltr' id='par_1_84' title="bbox 209 2534 994 2570">
     <span class='ocr_line' id='line_1_84' title="bbox 209 2534 994 2570; baseline 0 -9"><span class='ocrx_word' id='word_1_602' title='bbox 209 2536 281 2570; x_wconf 75' lang='grc' dir='ltr'>μέγα</span> <span class='ocrx_word' id='word_1_603' title='bbox 297 2535 377 2562; x_wconf 76' lang='grc' dir='ltr'>τοῦτο</span> <span class='ocrx_word' id='word_1_604' title='bbox 401 2535 449 2562; x_wconf 81' lang='grc' dir='ltr'>καὶ</span> <span class='ocrx_word' id='word_1_605' title='bbox 463 2535 532 2570; x_wconf 78' lang='grc' dir='ltr'>ὑπὲρ</span> <span class='ocrx_word' id='word_1_606' title='bbox 546 2535 625 2570; x_wconf 78' lang='grc' dir='ltr'>ἡμῶν</span> <span class='ocrx_word' id='word_1_607' title='bbox 643 2535 806 2570; x_wconf 84' lang='grc' dir='ltr'>ἡγούμενον,</span> <span class='ocrx_word' id='word_1_608' title='bbox 831 2535 887 2566; x_wconf 78' lang='grc' dir='ltr'>τοῖς</span> <span class='ocrx_word' id='word_1_609' title='bbox 913 2534 994 2569; x_wconf 72' lang='grc' dir='ltr'>ἐσχά-</span> 
     </span>
    </p>
   </div>
   <div class='ocr_carea' id='block_1_85' title="bbox 207 2580 994 2615">
    <p class='ocr_par' dir='ltr' id='par_1_85' title="bbox 207 2580 994 2615">
     <span class='ocr_line' id='line_1_85' title="bbox 207 2580 994 2615; baseline -0.001 -7"><span class='ocrx_word' id='word_1_610' title='bbox 207 2590 266 2614; x_wconf 81' lang='grc' dir='ltr'>τοις</span> <span class='ocrx_word' id='word_1_611' title='bbox 280 2582 336 2609; x_wconf 84' lang='grc' dir='ltr'>τῶν</span> <span class='ocrx_word' id='word_1_612' title='bbox 363 2582 466 2608; x_wconf 85' lang='grc' dir='ltr'>δούλων</span> <span class='ocrx_word' id='word_1_613' title='bbox 496 2581 578 2608; x_wconf 75' lang='grc' dir='ltr'>αὑτοῦ</span> <span class='ocrx_word' id='word_1_614' title='bbox 610 2581 820 2608; x_wconf 81' lang='grc' dir='ltr'>συντάττεσθαι.</span> <span class='ocrx_word' id='word_1_615' title='bbox 839 2580 912 2615; x_wconf 84' lang='grc' dir='ltr'>Πλὴν</span> <span class='ocrx_word' id='word_1_616' title='bbox 926 2580 994 2607; x_wconf 72' lang='grc' dir='ltr'>ἀλλὰ</span> 
     </span>
    </p>
   </div>
   <div class='ocr_carea' id='block_1_86' title="bbox 209 2627 994 2664">
    <p class='ocr_par' dir='ltr' id='par_1_86' title="bbox 209 2627 994 2664">
     <span class='ocr_line' id='line_1_86' title="bbox 209 2627 994 2664; baseline -0.005 -8"><span class='ocrx_word' id='word_1_617' title='bbox 209 2630 256 2656; x_wconf 81' lang='grc' dir='ltr'>καὶ</span> <span class='ocrx_word' id='word_1_618' title='bbox 280 2629 367 2660; x_wconf 75' lang='grc' dir='ltr'>οὕτως</span> <span class='ocrx_word' id='word_1_619' title='bbox 398 2629 540 2664; x_wconf 77' lang='grc' dir='ltr'>ἀγαπητὸν</span> <span class='ocrx_word' id='word_1_620' title='bbox 553 2629 673 2663; x_wconf 73' lang='grc' dir='ltr'>ἥγημαι,</span> <span class='ocrx_word' id='word_1_621' title='bbox 687 2627 811 2655; x_wconf 81' lang='grc' dir='ltr'>τοιούτου</span> <span class='ocrx_word' id='word_1_622' title='bbox 827 2635 861 2662; x_wconf 87' lang='grc' dir='ltr'><strong>με</strong></span> <span class='ocrx_word' id='word_1_623' title='bbox 878 2627 994 2662; x_wconf 83' lang='grc' dir='ltr'>τυχόντα</span> 
     </span>
    </p>
   </div>
   <div class='ocr_carea' id='block_1_87' title="bbox 207 2671 994 2710">
    <p class='ocr_par' dir='ltr' id='par_1_87' title="bbox 207 2671 994 2710">
     <span class='ocr_line' id='line_1_87' title="bbox 207 2671 994 2710; baseline -0.004 -9"><span class='ocrx_word' id='word_1_624' title='bbox 207 2675 286 2708; x_wconf 79' lang='grc' dir='ltr'>Θεοῦ,</span> <span class='ocrx_word' id='word_1_625' title='bbox 318 2676 364 2702; x_wconf 77' lang='grc' dir='ltr'>καὶ</span> <span class='ocrx_word' id='word_1_626' title='bbox 384 2675 463 2706; x_wconf 82' lang='grc' dir='ltr'>δίκας</span> <span class='ocrx_word' id='word_1_627' title='bbox 495 2674 695 2710; x_wconf 80' lang='grc' dir='ltr'>εἰσπραχθῆναι</span> <span class='ocrx_word' id='word_1_628' title='bbox 725 2675 774 2710; x_wconf 78' lang='grc' dir='ltr'>τῆς</span> <span class='ocrx_word' id='word_1_629' title='bbox 805 2671 994 2708; x_wconf 82' lang='grc' dir='ltr'>προλαϐούσης</span> 
     </span>
    </p>
   </div>
   <div class='ocr_carea' id='block_1_88' title="bbox 208 2719 551 2755">
    <p class='ocr_par' dir='ltr' id='par_1_88' title="bbox 208 2719 551 2755">
     <span class='ocr_line' id='line_1_88' title="bbox 208 2719 551 2755; baseline 0.003 -9"><span class='ocrx_word' id='word_1_630' title='bbox 208 2721 313 2755; x_wconf 78' lang='grc' dir='ltr'>πλάνης</span> <span class='ocrx_word' id='word_1_631' title='bbox 328 2721 376 2747; x_wconf 86' lang='grc' dir='ltr'>καὶ</span> <span class='ocrx_word' id='word_1_632' title='bbox 388 2719 551 2754; x_wconf 74' lang='grc' dir='ltr'>παρανοίας.</span> 
     </span>
    </p>
   </div>
   <div class='ocr_carea' id='block_1_89' title="bbox 243 2766 994 2803">
    <p class='ocr_par' dir='ltr' id='par_1_89' title="bbox 243 2766 994 2803">
     <span class='ocr_line' id='line_1_89' title="bbox 243 2766 994 2803; baseline -0.001 -10"><span class='ocrx_word' id='word_1_633' title='bbox 243 2767 307 2794; x_wconf 85' lang='lat' dir='ltr'><strong>KB‘.</strong></span> <span class='ocrx_word' id='word_1_634' title='bbox 321 2767 375 2794; x_wconf 79' lang='grc' dir='ltr'><strong>Καὶ</strong></span> <span class='ocrx_word' id='word_1_635' title='bbox 390 2768 404 2794; x_wconf 84' lang='grc'>6</span> <span class='ocrx_word' id='word_1_636' title='bbox 417 2767 506 2802; x_wconf 69' lang='grc' dir='ltr'>ἅγιος,</span> <span class='ocrx_word' id='word_1_637' title='bbox 521 2767 633 2803; x_wconf 71' lang='grc' dir='ltr'>θάρσει,</span> <span class='ocrx_word' id='word_1_638' title='bbox 659 2767 723 2802; x_wconf 74' lang='grc' dir='ltr'>ἔφη,</span> <span class='ocrx_word' id='word_1_639' title='bbox 753 2767 930 2803; x_wconf 73' lang='grc' dir='ltr'>λαμπρότατε</span> <span class='ocrx_word' id='word_1_640' title='bbox 945 2766 994 2792; x_wconf 74' lang='lat' dir='ltr'><strong>Er.-</strong></span> 
     </span>
    </p>
   </div>
   <div class='ocr_carea' id='block_1_90' title="bbox 207 2813 994 2849">
    <p class='ocr_par' dir='ltr' id='par_1_90' title="bbox 207 2813 994 2849">
     <span class='ocr_line' id='line_1_90' title="bbox 207 2813 994 2849; baseline -0.003 -10"><span class='ocrx_word' id='word_1_641' title='bbox 207 2821 287 2848; x_wconf 79' lang='grc' dir='ltr'>αρχι,</span> <span class='ocrx_word' id='word_1_642' title='bbox 310 2813 358 2840; x_wconf 76' lang='grc' dir='ltr'>καὶ</span> <span class='ocrx_word' id='word_1_643' title='bbox 386 2813 470 2849; x_wconf 77' lang='grc' dir='ltr'>μηδὲν</span> <span class='ocrx_word' id='word_1_644' title='bbox 501 2815 566 2847; x_wconf 68' lang='grc' dir='ltr'>περὶ</span> <span class='ocrx_word' id='word_1_645' title='bbox 582 2813 632 2849; x_wconf 85' lang='grc' dir='ltr'>τὴν</span> <span class='ocrx_word' id='word_1_646' title='bbox 653 2813 700 2841; x_wconf 78' lang='grc' dir='ltr'>τοῦ</span> <span class='ocrx_word' id='word_1_647' title='bbox 724 2813 792 2841; x_wconf 84' lang='grc' dir='ltr'>Θεοῦ</span> <span class='ocrx_word' id='word_1_648' title='bbox 820 2813 994 2845; x_wconf 65' lang='grc' dir='ltr'>ἀνεξικακίαν</span> 
     </span>
    </p>
   </div>
   <div class='ocr_carea' id='block_1_91' title="bbox 207 2858 992 2896">
    <p class='ocr_par' dir='ltr' id='par_1_91' title="bbox 207 2858 992 2896">
     <span class='ocr_line' id='line_1_91' title="bbox 207 2858 992 2896; baseline -0.003 -10"><span class='ocrx_word' id='word_1_649' title='bbox 207 2859 376 2896; x_wconf 71' lang='grc' dir='ltr'>ὶπιδοιάσῃς.</span> <span class='ocrx_word' id='word_1_650' title='bbox 397 2859 468 2894; x_wconf 82' lang='grc' dir='ltr'><strong>Ἐγὼ</strong></span> <span class='ocrx_word' id='word_1_651' title='bbox 491 2860 545 2894; x_wconf 71' lang='grc' dir='ltr'><strong>γὰρ</strong></span> <span class='ocrx_word' id='word_1_652' title='bbox 560 2860 604 2886; x_wconf 73' lang='grc' dir='ltr'><strong>ἐπ’</strong></span> <span class='ocrx_word' id='word_1_653' title='bbox 629 2860 750 2894; x_wconf 74' lang='grc' dir='ltr'>ἐμαυτοῦ</span> <span class='ocrx_word' id='word_1_654' title='bbox 776 2859 915 2895; x_wconf 57' lang='grc' dir='ltr'>πῖνριθετς</span> <span class='ocrx_word' id='word_1_655' title='bbox 945 2858 992 2885; x_wconf 78' lang='grc' dir='ltr'>τιῦ</span> 
     </span>
    </p>
   </div>
   <div class='ocr_carea' id='block_1_92' title="bbox 369 2907 708 2939">
    <p class='ocr_par' dir='ltr' id='par_1_92' title="bbox 369 2907 708 2939">
     <span class='ocr_line' id='line_1_92' title="bbox 369 2907 708 2939; baseline 0.006 -2"><span class='ocrx_word' id='word_1_656' title='bbox 369 2907 506 2938; x_wconf 63' lang='lat' dir='ltr'><strong>Panos.</strong></span> <span class='ocrx_word' id='word_1_657' title='bbox 524 2907 582 2938; x_wconf 82' lang='lat' dir='ltr'><strong>Gtt.</strong></span> <span class='ocrx_word' id='word_1_658' title='bbox 600 2907 708 2939; x_wconf 73' lang='lat' dir='ltr'><strong>CXVI.</strong></span> 
     </span>
    </p>
   </div>
   <div class='ocr_carea' id='block_1_93' title="bbox 1048 1563 1835 1598">
    <p class='ocr_par' dir='ltr' id='par_1_93' title="bbox 1048 1563 1835 1598">
     <span class='ocr_line' id='line_1_93' title="bbox 1048 1563 1835 1598; baseline 0.013 -10"><span class='ocrx_word' id='word_1_659' title='bbox 1048 1569 1123 1588; x_wconf 87' lang='lat' dir='ltr'><strong>eram</strong></span> <span class='ocrx_word' id='word_1_660' title='bbox 1149 1563 1227 1590; x_wconf 83' lang='lat' dir='ltr'><strong>malis</strong></span> <span class='ocrx_word' id='word_1_661' title='bbox 1254 1563 1363 1591; x_wconf 88' lang='lat' dir='ltr'><strong>deditus</strong></span> <span class='ocrx_word' id='word_1_662' title='bbox 1383 1564 1565 1598; x_wconf 72' lang='lat' dir='ltr'><strong>daemonibus,</strong></span> <span class='ocrx_word' id='word_1_663' title='bbox 1589 1572 1617 1595; x_wconf 87' lang='lat' dir='ltr'><strong>et</strong></span> <span class='ocrx_word' id='word_1_664' title='bbox 1645 1568 1768 1596; x_wconf 87' lang='lat' dir='ltr'><strong>volebam</strong></span> <span class='ocrx_word' id='word_1_665' title='bbox 1791 1570 1835 1598; x_wconf 90' lang='lat' dir='ltr'><strong>id-</strong></span> 
     </span>
    </p>
   </div>
   <div class='ocr_carea' id='block_1_94' title="bbox 1049 1607 1836 1646">
    <p class='ocr_par' dir='ltr' id='par_1_94' title="bbox 1049 1607 1836 1646">
     <span class='ocr_line' id='line_1_94' title="bbox 1049 1607 1836 1646; baseline 0.014 -13"><span class='ocrx_word' id='word_1_666' title='bbox 1049 1607 1138 1642; x_wconf 85' lang='lat' dir='ltr'><strong>ipsum</strong></span> <span class='ocrx_word' id='word_1_667' title='bbox 1156 1609 1234 1636; x_wconf 85' lang='lat' dir='ltr'><strong>vobis</strong></span> <span class='ocrx_word' id='word_1_668' title='bbox 1257 1610 1434 1645; x_wconf 84' lang='lat' dir='ltr'><strong>persuadere,</strong></span> <span class='ocrx_word' id='word_1_669' title='bbox 1456 1612 1503 1646; x_wconf 86' lang='lat' dir='ltr'><strong>qui</strong></span> <span class='ocrx_word' id='word_1_670' title='bbox 1527 1617 1599 1641; x_wconf 88' lang='lat' dir='ltr'><strong>recte</strong></span> <span class='ocrx_word' id='word_1_671' title='bbox 1625 1614 1734 1642; x_wconf 81' lang='lat' dir='ltr'><strong>Christo</strong></span> <span class='ocrx_word' id='word_1_672' title='bbox 1762 1618 1836 1644; x_wconf 79' lang='lat' dir='ltr'><strong>volc-</strong></span> 
     </span>
    </p>
   </div>
   <div class='ocr_carea' id='block_1_95' title="bbox 1050 1653 1246 1689">
    <p class='ocr_par' dir='ltr' id='par_1_95' title="bbox 1050 1653 1246 1689">
     <span class='ocr_line' id='line_1_95' title="bbox 1050 1653 1246 1689; baseline 0.01 -9"><span class='ocrx_word' id='word_1_673' title='bbox 1050 1653 1122 1680; x_wconf 84' lang='lat' dir='ltr'><strong>batis</strong></span> <span class='ocrx_word' id='word_1_674' title='bbox 1139 1662 1246 1689; x_wconf 84' lang='lat' dir='ltr'><strong>parere.</strong></span> 
     </span>
    </p>
   </div>
   <div class='ocr_carea' id='block_1_96' title="bbox 1083 1698 1833 1743">
    <p class='ocr_par' dir='ltr' id='par_1_96' title="bbox 1083 1698 1833 1743">
     <span class='ocr_line' id='line_1_96' title="bbox 1083 1698 1833 1743; baseline 0.015 -17"><span class='ocrx_word' id='word_1_675' title='bbox 1083 1698 1155 1727; x_wconf 72' lang='lat' dir='ltr'><strong>XXI.</strong></span> <span class='ocrx_word' id='word_1_676' title='bbox 1172 1701 1233 1729; x_wconf 68' lang='lat' dir='ltr'><strong>llasc</strong></span> <span class='ocrx_word' id='word_1_677' title='bbox 1250 1701 1354 1735; x_wconf 84' lang='lat' dir='ltr'><strong>dicens,</strong></span> <span class='ocrx_word' id='word_1_678' title='bbox 1373 1709 1485 1738; x_wconf 80' lang='lat' dir='ltr'><strong>paratus</strong></span> <span class='ocrx_word' id='word_1_679' title='bbox 1501 1705 1611 1740; x_wconf 87' lang='lat' dir='ltr'><strong>quidem</strong></span> <span class='ocrx_word' id='word_1_680' title='bbox 1627 1713 1684 1734; x_wconf 88' lang='lat' dir='ltr'><strong>erat</strong></span> <span class='ocrx_word' id='word_1_681' title='bbox 1708 1716 1833 1743; x_wconf 79' lang='lat' dir='ltr'><strong>currere,</strong></span> 
     </span>
    </p>
   </div>
   <div class='ocr_carea' id='block_1_97' title="bbox 1047 1749 1837 1785">
    <p class='ocr_par' dir='ltr' id='par_1_97' title="bbox 1047 1749 1837 1785">
     <span class='ocr_line' id='line_1_97' title="bbox 1047 1749 1837 1785; baseline 0.014 -13"><span class='ocrx_word' id='word_1_682' title='bbox 1047 1750 1075 1773; x_wconf 88' lang='lat' dir='ltr'><strong>et</strong></span> <span class='ocrx_word' id='word_1_683' title='bbox 1090 1754 1218 1781; x_wconf 90' lang='lat' dir='ltr'><strong>prensare</strong></span> <span class='ocrx_word' id='word_1_684' title='bbox 1246 1749 1330 1783; x_wconf 80' lang='lat' dir='ltr'><strong>pedes</strong></span> <span class='ocrx_word' id='word_1_685' title='bbox 1349 1751 1495 1785; x_wconf 88' lang='lat' dir='ltr'><strong>martyris:</strong></span> <span class='ocrx_word' id='word_1_686' title='bbox 1515 1751 1562 1779; x_wconf 85' lang='lat' dir='ltr'><strong>diu</strong></span> <span class='ocrx_word' id='word_1_687' title='bbox 1580 1759 1672 1781; x_wconf 86' lang='lat' dir='ltr'><strong>autem</strong></span> <span class='ocrx_word' id='word_1_688' title='bbox 1688 1762 1749 1781; x_wconf 72' lang='lat' dir='ltr'><strong>eum</strong></span> <span class='ocrx_word' id='word_1_689' title='bbox 1767 1757 1837 1783; x_wconf 72' lang='lat' dir='ltr'><strong>reti~</strong></span> 
     </span>
    </p>
   </div>
   <div class='ocr_carea' id='block_1_98' title="bbox 1049 1792 1836 1836">
    <p class='ocr_par' dir='ltr' id='par_1_98' title="bbox 1049 1792 1836 1836">
     <span class='ocr_line' id='line_1_98' title="bbox 1049 1792 1836 1836; baseline 0.014 -17"><span class='ocrx_word' id='word_1_690' title='bbox 1049 1792 1109 1819; x_wconf 92' lang='lat' dir='ltr'><strong>nuit</strong></span> <span class='ocrx_word' id='word_1_691' title='bbox 1135 1797 1222 1821; x_wconf 88' lang='lat' dir='ltr'><strong>terror</strong></span> <span class='ocrx_word' id='word_1_692' title='bbox 1239 1799 1267 1821; x_wconf 87' lang='lat' dir='ltr'><strong>et</strong></span> <span class='ocrx_word' id='word_1_693' title='bbox 1288 1796 1476 1830; x_wconf 87' lang='lat' dir='ltr'><strong>spectaculum</strong></span> <span class='ocrx_word' id='word_1_694' title='bbox 1495 1799 1664 1833; x_wconf 74' lang='lat' dir='ltr'><strong>angelorum.</strong></span> <span class='ocrx_word' id='word_1_695' title='bbox 1689 1801 1777 1836; x_wconf 82' lang='lat' dir='ltr'><strong>Atque</strong></span> <span class='ocrx_word' id='word_1_696' title='bbox 1794 1811 1836 1830; x_wconf 86' lang='lat' dir='ltr'><strong>re-</strong></span> 
     </span>
    </p>
   </div>
   <div class='ocr_carea' id='block_1_99' title="bbox 1047 1840 1836 1879">
    <p class='ocr_par' dir='ltr' id='par_1_99' title="bbox 1047 1840 1836 1879">
     <span class='ocr_line' id='line_1_99' title="bbox 1047 1840 1836 1879; baseline 0.011 -14"><span class='ocrx_word' id='word_1_697' title='bbox 1047 1844 1128 1875; x_wconf 88' lang='lat' dir='ltr'><strong>pente</strong></span> <span class='ocrx_word' id='word_1_698' title='bbox 1145 1840 1254 1874; x_wconf 90' lang='lat' dir='ltr'><strong>quidem</strong></span> <span class='ocrx_word' id='word_1_699' title='bbox 1270 1847 1442 1870; x_wconf 87' lang='lat' dir='ltr'><strong>evanuerunt</strong></span> <span class='ocrx_word' id='word_1_700' title='bbox 1457 1844 1557 1879; x_wconf 77' lang='lat' dir='ltr'><strong>angeli.</strong></span> <span class='ocrx_word' id='word_1_701' title='bbox 1577 1845 1626 1872; x_wconf 88' lang='lat' dir='ltr'><strong>Ille</strong></span> <span class='ocrx_word' id='word_1_702' title='bbox 1650 1854 1716 1874; x_wconf 88' lang='lat' dir='ltr'><strong>vero</strong></span> <span class='ocrx_word' id='word_1_703' title='bbox 1739 1855 1836 1874; x_wconf 67' lang='lat' dir='ltr'><strong>accur-</strong></span> 
     </span>
    </p>
   </div>
   <div class='ocr_carea' id='block_1_100' title="bbox 1047 1887 1835 1924">
    <p class='ocr_par' dir='ltr' id='par_1_100' title="bbox 1047 1887 1835 1924">
     <span class='ocr_line' id='line_1_100' title="bbox 1047 1887 1835 1924; baseline 0.014 -12"><span class='ocrx_word' id='word_1_704' title='bbox 1047 1893 1121 1918; x_wconf 87' lang='lat' dir='ltr'><strong>rens,</strong></span> <span class='ocrx_word' id='word_1_705' title='bbox 1137 1890 1164 1913; x_wconf 90' lang='lat' dir='ltr'><strong>et</strong></span> <span class='ocrx_word' id='word_1_706' title='bbox 1177 1888 1262 1914; x_wconf 88' lang='lat' dir='ltr'><strong>sancti</strong></span> <span class='ocrx_word' id='word_1_707' title='bbox 1280 1887 1364 1922; x_wconf 88' lang='lat' dir='ltr'><strong>pedes</strong></span> <span class='ocrx_word' id='word_1_708' title='bbox 1379 1890 1598 1924; x_wconf 85' lang='lat' dir='ltr'><strong>apprehendens,</strong></span> <span class='ocrx_word' id='word_1_709' title='bbox 1625 1894 1746 1921; x_wconf 86' lang='lat' dir='ltr'><strong>suaviter</strong></span> <span class='ocrx_word' id='word_1_710' title='bbox 1767 1895 1835 1922; x_wconf 83' lang='lat' dir='ltr'><strong>deo-</strong></span> 
     </span>
    </p>
   </div>
   <div class='ocr_carea' id='block_1_101' title="bbox 1047 1933 1835 1974">
    <p class='ocr_par' dir='ltr' id='par_1_101' title="bbox 1047 1933 1835 1974">
     <span class='ocr_line' id='line_1_101' title="bbox 1047 1933 1835 1974; baseline 0.014 -16"><span class='ocrx_word' id='word_1_711' title='bbox 1047 1933 1206 1960; x_wconf 82' lang='lat' dir='ltr'><strong>sculabatur</strong></span> <span class='ocrx_word' id='word_1_712' title='bbox 1222 1939 1249 1962; x_wconf 68' lang='lat' dir='ltr'><strong>rt</strong></span> <span class='ocrx_word' id='word_1_713' title='bbox 1261 1935 1286 1962; x_wconf 91' lang='lat' dir='ltr'><strong>ei</strong></span> <span class='ocrx_word' id='word_1_714' title='bbox 1307 1935 1433 1963; x_wconf 86' lang='lat' dir='ltr'><strong>dicebat:</strong></span> <span class='ocrx_word' id='word_1_715' title='bbox 1449 1936 1514 1970; x_wconf 91' lang='lat' dir='ltr'><strong>Ora,</strong></span> <span class='ocrx_word' id='word_1_716' title='bbox 1530 1945 1595 1965; x_wconf 90' lang='lat' dir='ltr'><strong>vere</strong></span> <span class='ocrx_word' id='word_1_717' title='bbox 1614 1939 1661 1966; x_wconf 87' lang='lat' dir='ltr'><strong>Dei</strong></span> <span class='ocrx_word' id='word_1_718' title='bbox 1674 1947 1763 1974; x_wconf 86' lang='lat' dir='ltr'><strong>serve,</strong></span> <span class='ocrx_word' id='word_1_719' title='bbox 1775 1949 1835 1974; x_wconf 83' lang='lat' dir='ltr'><strong>ora,</strong></span> 
     </span>
    </p>
   </div>
   <div class='ocr_carea' id='block_1_102' title="bbox 1048 1978 1835 2019">
    <p class='ocr_par' dir='ltr' id='par_1_102' title="bbox 1048 1978 1835 2019">
     <span class='ocr_line' id='line_1_102' title="bbox 1048 1978 1835 2019; baseline 0.014 -17"><span class='ocrx_word' id='word_1_720' title='bbox 1048 1985 1150 2011; x_wconf 70' lang='lat' dir='ltr'><strong>qumso,</strong></span> <span class='ocrx_word' id='word_1_721' title='bbox 1164 1985 1212 2012; x_wconf 87' lang='lat' dir='ltr'><strong>per</strong></span> <span class='ocrx_word' id='word_1_722' title='bbox 1232 1978 1329 2013; x_wconf 87' lang='lat' dir='ltr'><strong>ipsam,</strong></span> <span class='ocrx_word' id='word_1_723' title='bbox 1344 1988 1425 2015; x_wconf 92' lang='lat' dir='ltr'><strong>quam</strong></span> <span class='ocrx_word' id='word_1_724' title='bbox 1442 1982 1584 2016; x_wconf 56' lang='lat' dir='ltr'><strong>pradicas,</strong></span> <span class='ocrx_word' id='word_1_725' title='bbox 1602 1984 1835 2019; x_wconf 70' lang='lat' dir='ltr'><strong>veritaretnmra.</strong></span> 
     </span>
    </p>
   </div>
   <div class='ocr_carea' id='block_1_103' title="bbox 1048 2025 1836 2061">
    <p class='ocr_par' dir='ltr' id='par_1_103' title="bbox 1048 2025 1836 2061">
     <span class='ocr_line' id='line_1_103' title="bbox 1048 2025 1836 2061; baseline 0.015 -13"><span class='ocrx_word' id='word_1_726' title='bbox 1048 2027 1078 2049; x_wconf 92' lang='lat' dir='ltr'><strong>ut</strong></span> <span class='ocrx_word' id='word_1_727' title='bbox 1097 2031 1147 2057; x_wconf 77' lang='lat' dir='ltr'><strong>ego</strong></span> <span class='ocrx_word' id='word_1_728' title='bbox 1161 2032 1271 2059; x_wconf 83' lang='lat' dir='ltr'><strong>quoque</strong></span> <span class='ocrx_word' id='word_1_729' title='bbox 1287 2025 1414 2061; x_wconf 79' lang='lat' dir='ltr'><strong>indignus</strong></span> <span class='ocrx_word' id='word_1_730' title='bbox 1441 2027 1503 2054; x_wconf 74' lang='lat' dir='ltr'><strong>(iam</strong></span> <span class='ocrx_word' id='word_1_731' title='bbox 1520 2035 1628 2061; x_wconf 85' lang='lat' dir='ltr'><strong>servus.</strong></span> <span class='ocrx_word' id='word_1_732' title='bbox 1653 2036 1681 2058; x_wconf 93' lang='lat' dir='ltr'><strong>et</strong></span> <span class='ocrx_word' id='word_1_733' title='bbox 1705 2031 1762 2058; x_wconf 89' lang='lat' dir='ltr'><strong>Deo</strong></span> <span class='ocrx_word' id='word_1_734' title='bbox 1788 2036 1836 2059; x_wconf 91' lang='lat' dir='ltr'><strong>tuo</strong></span> 
     </span>
    </p>
   </div>
   <div class='ocr_carea' id='block_1_104' title="bbox 1047 2068 1834 2110">
    <p class='ocr_par' dir='ltr' id='par_1_104' title="bbox 1047 2068 1834 2110">
     <span class='ocr_line' id='line_1_104' title="bbox 1047 2068 1834 2110; baseline 0.014 -16"><span class='ocrx_word' id='word_1_735' title='bbox 1047 2068 1172 2095; x_wconf 74' lang='lat' dir='ltr'><strong>serviam.</strong></span> <span class='ocrx_word' id='word_1_736' title='bbox 1188 2069 1265 2097; x_wconf 82' lang='lat' dir='ltr'><strong>Nunc</strong></span> <span class='ocrx_word' id='word_1_737' title='bbox 1281 2072 1354 2098; x_wconf 77' lang='lat' dir='ltr'><strong>sensi</strong></span> <span class='ocrx_word' id='word_1_738' title='bbox 1378 2080 1411 2099; x_wconf 78' lang='lat' dir='ltr'><strong>ex</strong></span> <span class='ocrx_word' id='word_1_739' title='bbox 1426 2073 1471 2105; x_wconf 85' lang='lat' dir='ltr'><strong>iis,</strong></span> <span class='ocrx_word' id='word_1_740' title='bbox 1500 2081 1562 2108; x_wconf 64' lang='lat' dir='ltr'><strong>quae</strong></span> <span class='ocrx_word' id='word_1_741' title='bbox 1582 2075 1609 2102; x_wconf 94' lang='lat' dir='ltr'><strong>in</strong></span> <span class='ocrx_word' id='word_1_742' title='bbox 1626 2079 1652 2102; x_wconf 89' lang='lat' dir='ltr'><strong>te</strong></span> <span class='ocrx_word' id='word_1_743' title='bbox 1666 2075 1738 2103; x_wconf 80' lang='lat' dir='ltr'><strong>facta</strong></span> <span class='ocrx_word' id='word_1_744' title='bbox 1758 2083 1834 2110; x_wconf 88' lang='lat' dir='ltr'><strong>sunt,</strong></span> 
     </span>
    </p>
   </div>
   <div class='ocr_carea' id='block_1_105' title="bbox 1047 2115 1834 2158">
    <p class='ocr_par' dir='ltr' id='par_1_105' title="bbox 1047 2115 1834 2158">
     <span class='ocr_line' id='line_1_105' title="bbox 1047 2115 1834 2158; baseline 0.01 -17"><span class='ocrx_word' id='word_1_745' title='bbox 1047 2115 1203 2149; x_wconf 86' lang='lat' dir='ltr'><strong>spetaculis,</strong></span> <span class='ocrx_word' id='word_1_746' title='bbox 1231 2117 1396 2151; x_wconf 89' lang='lat' dir='ltr'><strong>quibusnam</strong></span> <span class='ocrx_word' id='word_1_747' title='bbox 1436 2123 1548 2146; x_wconf 83' lang='lat' dir='ltr'><strong>utantur</strong></span> <span class='ocrx_word' id='word_1_748' title='bbox 1576 2121 1758 2155; x_wconf 85' lang='lat' dir='ltr'><strong>satellitibus,</strong></span> <span class='ocrx_word' id='word_1_749' title='bbox 1787 2125 1834 2158; x_wconf 83' lang='lat' dir='ltr'><strong>qui</strong></span> 
     </span>
    </p>
   </div>
   <div class='ocr_carea' id='block_1_106' title="bbox 1047 2162 1836 2198">
    <p class='ocr_par' dir='ltr' id='par_1_106' title="bbox 1047 2162 1836 2198">
     <span class='ocr_line' id='line_1_106' title="bbox 1047 2162 1836 2198; baseline 0.011 -11"><span class='ocrx_word' id='word_1_750' title='bbox 1047 2169 1175 2196; x_wconf 79' lang='lat' dir='ltr'><strong>germane</strong></span> <span class='ocrx_word' id='word_1_751' title='bbox 1188 2162 1221 2189; x_wconf 92' lang='lat' dir='ltr'><strong>ad</strong></span> <span class='ocrx_word' id='word_1_752' title='bbox 1237 2162 1376 2190; x_wconf 89' lang='lat' dir='ltr'><strong>Christum</strong></span> <span class='ocrx_word' id='word_1_753' title='bbox 1393 2165 1538 2198; x_wconf 80' lang='lat' dir='ltr'><strong>accedunt,</strong></span> <span class='ocrx_word' id='word_1_754' title='bbox 1553 2172 1581 2193; x_wconf 90' lang='lat' dir='ltr'><strong>et</strong></span> <span class='ocrx_word' id='word_1_755' title='bbox 1598 2167 1734 2194; x_wconf 82' lang='lat' dir='ltr'><strong>undenant</strong></span> <span class='ocrx_word' id='word_1_756' title='bbox 1753 2169 1794 2196; x_wconf 88' lang='lat' dir='ltr'><strong>eis</strong></span> <span class='ocrx_word' id='word_1_757' title='bbox 1807 2175 1836 2197; x_wconf 89' lang='lat' dir='ltr'><strong>et</strong></span> 
     </span>
    </p>
   </div>
   <div class='ocr_carea' id='block_1_107' title="bbox 1047 2208 1836 2249">
    <p class='ocr_par' dir='ltr' id='par_1_107' title="bbox 1047 2208 1836 2249">
     <span class='ocr_line' id='line_1_107' title="bbox 1047 2208 1836 2249; baseline 0.011 -16"><span class='ocrx_word' id='word_1_758' title='bbox 1047 2208 1142 2242; x_wconf 87' lang='lat' dir='ltr'><strong>quales</strong></span> <span class='ocrx_word' id='word_1_759' title='bbox 1159 2208 1214 2236; x_wconf 90' lang='lat' dir='ltr'><strong>sint</strong></span> <span class='ocrx_word' id='word_1_760' title='bbox 1229 2208 1355 2236; x_wconf 89' lang='lat' dir='ltr'><strong>laborum</strong></span> <span class='ocrx_word' id='word_1_761' title='bbox 1373 2211 1620 2245; x_wconf 85' lang='lat' dir='ltr'><strong>remunerationes,</strong></span> <span class='ocrx_word' id='word_1_762' title='bbox 1636 2218 1662 2240; x_wconf 90' lang='lat' dir='ltr'><strong>et</strong></span> <span class='ocrx_word' id='word_1_763' title='bbox 1685 2215 1758 2249; x_wconf 90' lang='lat' dir='ltr'><strong>quod</strong></span> <span class='ocrx_word' id='word_1_764' title='bbox 1771 2221 1836 2242; x_wconf 88' lang='lat' dir='ltr'><strong>sunt</strong></span> 
     </span>
    </p>
   </div>
   <div class='ocr_carea' id='block_1_108' title="bbox 1048 2252 1836 2293">
    <p class='ocr_par' dir='ltr' id='par_1_108' title="bbox 1048 2252 1836 2293">
     <span class='ocr_line' id='line_1_108' title="bbox 1048 2252 1836 2293; baseline 0.014 -16"><span class='ocrx_word' id='word_1_765' title='bbox 1048 2252 1213 2287; x_wconf 83' lang='lat' dir='ltr'><strong>quibusdam</strong></span> <span class='ocrx_word' id='word_1_766' title='bbox 1235 2255 1333 2282; x_wconf 76' lang='lat' dir='ltr'><strong>alienis</strong></span> <span class='ocrx_word' id='word_1_767' title='bbox 1354 2260 1381 2283; x_wconf 87' lang='lat' dir='ltr'><strong>et</strong></span> <span class='ocrx_word' id='word_1_768' title='bbox 1406 2256 1576 2285; x_wconf 82' lang='lat' dir='ltr'><strong>terribilibus</strong></span> <span class='ocrx_word' id='word_1_769' title='bbox 1594 2258 1685 2293; x_wconf 88' lang='lat' dir='ltr'><strong>stipati</strong></span> <span class='ocrx_word' id='word_1_770' title='bbox 1707 2260 1836 2288; x_wconf 80' lang='lat' dir='ltr'><strong>satelliti-</strong></span> 
     </span>
    </p>
   </div>
   <div class='ocr_carea' id='block_1_109' title="bbox 1049 2298 1836 2340">
    <p class='ocr_par' dir='ltr' id='par_1_109' title="bbox 1049 2298 1836 2340">
     <span class='ocr_line' id='line_1_109' title="bbox 1049 2298 1836 2340; baseline 0.011 -15"><span class='ocrx_word' id='word_1_771' title='bbox 1049 2298 1112 2330; x_wconf 85' lang='lat' dir='ltr'><strong>bus,</strong></span> <span class='ocrx_word' id='word_1_772' title='bbox 1129 2304 1159 2326; x_wconf 92' lang='lat' dir='ltr'><strong>ut</strong></span> <span class='ocrx_word' id='word_1_773' title='bbox 1176 2306 1203 2326; x_wconf 90' lang='lat' dir='ltr'><strong>tu</strong></span> <span class='ocrx_word' id='word_1_774' title='bbox 1219 2308 1340 2335; x_wconf 85' lang='lat' dir='ltr'><strong>quoque.</strong></span> <span class='ocrx_word' id='word_1_775' title='bbox 1356 2301 1408 2334; x_wconf 89' lang='lat' dir='ltr'><strong>Qui</strong></span> <span class='ocrx_word' id='word_1_776' title='bbox 1422 2309 1471 2329; x_wconf 85' lang='lat' dir='ltr'><strong>nos</strong></span> <span class='ocrx_word' id='word_1_777' title='bbox 1493 2303 1576 2330; x_wconf 88' lang='lat' dir='ltr'><strong>etiam</strong></span> <span class='ocrx_word' id='word_1_778' title='bbox 1602 2308 1731 2340; x_wconf 81' lang='lat' dir='ltr'><strong>tanquam</strong></span> <span class='ocrx_word' id='word_1_779' title='bbox 1748 2307 1836 2334; x_wconf 85' lang='lat' dir='ltr'><strong>scele-</strong></span> 
     </span>
    </p>
   </div>
   <div class='ocr_carea' id='block_1_110' title="bbox 1049 2347 1836 2385">
    <p class='ocr_par' dir='ltr' id='par_1_110' title="bbox 1049 2347 1836 2385">
     <span class='ocr_line' id='line_1_110' title="bbox 1049 2347 1836 2385; baseline 0.011 -14"><span class='ocrx_word' id='word_1_780' title='bbox 1049 2349 1122 2372; x_wconf 84' lang='lat' dir='ltr'><strong>ratos</strong></span> <span class='ocrx_word' id='word_1_781' title='bbox 1141 2350 1169 2372; x_wconf 91' lang='lat' dir='ltr'><strong>et</strong></span> <span class='ocrx_word' id='word_1_782' title='bbox 1195 2348 1336 2380; x_wconf 78' lang='lat' dir='ltr'><strong>profanos,</strong></span> <span class='ocrx_word' id='word_1_783' title='bbox 1353 2347 1412 2374; x_wconf 90' lang='lat' dir='ltr'><strong>visu</strong></span> <span class='ocrx_word' id='word_1_784' title='bbox 1428 2348 1588 2383; x_wconf 82' lang='lat' dir='ltr'><strong>aliquandiu</strong></span> <span class='ocrx_word' id='word_1_785' title='bbox 1615 2351 1787 2385; x_wconf 88' lang='lat' dir='ltr'><strong>repellebant</strong></span> <span class='ocrx_word' id='word_1_786' title='bbox 1807 2358 1836 2381; x_wconf 84' lang='lat' dir='ltr'><strong>et</strong></span> 
     </span>
    </p>
   </div>
   <div class='ocr_carea' id='block_1_111' title="bbox 1048 2391 1837 2428">
    <p class='ocr_par' dir='ltr' id='par_1_111' title="bbox 1048 2391 1837 2428">
     <span class='ocr_line' id='line_1_111' title="bbox 1048 2391 1837 2428; baseline 0.01 -11"><span class='ocrx_word' id='word_1_787' title='bbox 1048 2391 1222 2419; x_wconf 88' lang='lat' dir='ltr'><strong>amovebant.</strong></span> <span class='ocrx_word' id='word_1_788' title='bbox 1238 2391 1359 2420; x_wconf 89' lang='lat' dir='ltr'><strong>Tandem</strong></span> <span class='ocrx_word' id='word_1_789' title='bbox 1373 2398 1464 2421; x_wconf 86' lang='lat' dir='ltr'><strong>autem</strong></span> <span class='ocrx_word' id='word_1_790' title='bbox 1480 2395 1520 2422; x_wconf 90' lang='lat' dir='ltr'><strong>usi</strong></span> <span class='ocrx_word' id='word_1_791' title='bbox 1533 2395 1712 2428; x_wconf 82' lang='lat' dir='ltr'><strong>humanitate,</strong></span> <span class='ocrx_word' id='word_1_792' title='bbox 1729 2403 1774 2425; x_wconf 88' lang='lat' dir='ltr'><strong>tua</strong></span> <span class='ocrx_word' id='word_1_793' title='bbox 1785 2406 1837 2425; x_wconf 87' lang='lat' dir='ltr'><strong>no-</strong></span> 
     </span>
    </p>
   </div>
   <div class='ocr_carea' id='block_1_112' title="bbox 1049 2437 1836 2477">
    <p class='ocr_par' dir='ltr' id='par_1_112' title="bbox 1049 2437 1836 2477">
     <span class='ocr_line' id='line_1_112' title="bbox 1049 2437 1836 2477; baseline 0.01 -14"><span class='ocrx_word' id='word_1_794' title='bbox 1049 2437 1093 2463; x_wconf 88' lang='lat' dir='ltr'><strong>bis</strong></span> <span class='ocrx_word' id='word_1_795' title='bbox 1107 2442 1251 2464; x_wconf 79' lang='lat' dir='ltr'><strong>cesserunt</strong></span> <span class='ocrx_word' id='word_1_796' title='bbox 1267 2439 1414 2467; x_wconf 87' lang='lat' dir='ltr'><strong>sanctitate</strong></span> <span class='ocrx_word' id='word_1_797' title='bbox 1428 2445 1455 2467; x_wconf 89' lang='lat' dir='ltr'><strong>et</strong></span> <span class='ocrx_word' id='word_1_798' title='bbox 1473 2441 1611 2475; x_wconf 88' lang='lat' dir='ltr'><strong>puritate:</strong></span> <span class='ocrx_word' id='word_1_799' title='bbox 1628 2447 1655 2469; x_wconf 87' lang='lat' dir='ltr'><strong>et</strong></span> <span class='ocrx_word' id='word_1_800' title='bbox 1671 2451 1781 2477; x_wconf 83' lang='lat' dir='ltr'><strong>vereor,</strong></span> <span class='ocrx_word' id='word_1_801' title='bbox 1802 2452 1836 2471; x_wconf 80' lang='lat' dir='ltr'><strong>ne</strong></span> 
     </span>
    </p>
   </div>
   <div class='ocr_carea' id='block_1_113' title="bbox 1049 2483 1837 2523">
    <p class='ocr_par' dir='ltr' id='par_1_113' title="bbox 1049 2483 1837 2523">
     <span class='ocr_line' id='line_1_113' title="bbox 1049 2483 1837 2523; baseline 0.009 -14"><span class='ocrx_word' id='word_1_802' title='bbox 1049 2490 1091 2509; x_wconf 86' lang='lat' dir='ltr'><strong>me</strong></span> <span class='ocrx_word' id='word_1_803' title='bbox 1111 2483 1287 2512; x_wconf 70' lang='lat' dir='ltr'><strong>act-edentem</strong></span> <span class='ocrx_word' id='word_1_804' title='bbox 1308 2485 1436 2513; x_wconf 86' lang='lat' dir='ltr'><strong>Christus</strong></span> <span class='ocrx_word' id='word_1_805' title='bbox 1460 2487 1603 2521; x_wconf 87' lang='lat' dir='ltr'><strong>repulerit,</strong></span> <span class='ocrx_word' id='word_1_806' title='bbox 1633 2494 1784 2523; x_wconf 76' lang='lat' dir='ltr'><strong>rogantem,</strong></span> <span class='ocrx_word' id='word_1_807' title='bbox 1808 2495 1837 2517; x_wconf 81' lang='lat' dir='ltr'><strong>et</strong></span> 
     </span>
    </p>
   </div>
   <div class='ocr_carea' id='block_1_114' title="bbox 1048 2529 1836 2571">
    <p class='ocr_par' dir='ltr' id='par_1_114' title="bbox 1048 2529 1836 2571">
     <span class='ocr_line' id='line_1_114' title="bbox 1048 2529 1836 2571; baseline 0.009 -16"><span class='ocrx_word' id='word_1_808' title='bbox 1048 2529 1100 2556; x_wconf 89' lang='lat' dir='ltr'><strong>hoc</strong></span> <span class='ocrx_word' id='word_1_809' title='bbox 1114 2537 1252 2565; x_wconf 77' lang='lat' dir='ltr'><strong>magnum,</strong></span> <span class='ocrx_word' id='word_1_810' title='bbox 1268 2535 1296 2558; x_wconf 89' lang='lat' dir='ltr'><strong>et</strong></span> <span class='ocrx_word' id='word_1_811' title='bbox 1309 2531 1383 2566; x_wconf 90' lang='lat' dir='ltr'><strong>quod</strong></span> <span class='ocrx_word' id='word_1_812' title='bbox 1398 2536 1492 2559; x_wconf 80' lang='lat' dir='ltr'><strong>nostra</strong></span> <span class='ocrx_word' id='word_1_813' title='bbox 1509 2533 1605 2561; x_wconf 84' lang='lat' dir='ltr'><strong>merita</strong></span> <span class='ocrx_word' id='word_1_814' title='bbox 1636 2540 1760 2569; x_wconf 84' lang='lat' dir='ltr'><strong>superat,</strong></span> <span class='ocrx_word' id='word_1_815' title='bbox 1786 2543 1836 2571; x_wconf 87' lang='lat' dir='ltr'><strong>po-</strong></span> 
     </span>
    </p>
   </div>
   <div class='ocr_carea' id='block_1_115' title="bbox 1048 2575 1835 2610">
    <p class='ocr_par' dir='ltr' id='par_1_115' title="bbox 1048 2575 1835 2610">
     <span class='ocr_line' id='line_1_115' title="bbox 1048 2575 1835 2610; baseline 0.011 -9"><span class='ocrx_word' id='word_1_816' title='bbox 1048 2575 1209 2608; x_wconf 75' lang='lat' dir='ltr'><strong>stulantem,</strong></span> <span class='ocrx_word' id='word_1_817' title='bbox 1222 2581 1251 2604; x_wconf 91' lang='lat' dir='ltr'><strong>ut</strong></span> <span class='ocrx_word' id='word_1_818' title='bbox 1262 2577 1367 2605; x_wconf 80' lang='lat' dir='ltr'><strong>referar</strong></span> <span class='ocrx_word' id='word_1_819' title='bbox 1381 2579 1408 2606; x_wconf 93' lang='lat' dir='ltr'><strong>in</strong></span> <span class='ocrx_word' id='word_1_820' title='bbox 1423 2587 1568 2606; x_wconf 84' lang='lat' dir='ltr'><strong>numerum</strong></span> <span class='ocrx_word' id='word_1_821' title='bbox 1584 2580 1755 2608; x_wconf 80' lang='lat' dir='ltr'><strong>inﬁrmorum</strong></span> <span class='ocrx_word' id='word_1_822' title='bbox 1768 2590 1835 2610; x_wconf 81' lang='lat' dir='ltr'><strong>suo-</strong></span> 
     </span>
    </p>
   </div>
   <div class='ocr_carea' id='block_1_116' title="bbox 1049 2623 1834 2665">
    <p class='ocr_par' dir='ltr' id='par_1_116' title="bbox 1049 2623 1834 2665">
     <span class='ocr_line' id='line_1_116' title="bbox 1049 2623 1834 2665; baseline 0.009 -16"><span class='ocrx_word' id='word_1_823' title='bbox 1049 2630 1109 2650; x_wconf 92' lang='lat' dir='ltr'><strong>rum</strong></span> <span class='ocrx_word' id='word_1_824' title='bbox 1126 2623 1301 2652; x_wconf 80' lang='lat' dir='ltr'><strong>famulorum.</strong></span> <span class='ocrx_word' id='word_1_825' title='bbox 1314 2625 1558 2654; x_wconf 74' lang='lat' dir='ltr'><strong>Yerumeuimvero</strong></span> <span class='ocrx_word' id='word_1_826' title='bbox 1575 2627 1614 2655; x_wconf 89' lang='lat' dir='ltr'><strong>sic</strong></span> <span class='ocrx_word' id='word_1_827' title='bbox 1640 2635 1749 2663; x_wconf 90' lang='lat' dir='ltr'><strong>quoque</strong></span> <span class='ocrx_word' id='word_1_828' title='bbox 1764 2637 1834 2665; x_wconf 71' lang='lat' dir='ltr'><strong>pra:-</strong></span> 
     </span>
    </p>
   </div>
   <div class='ocr_carea' id='block_1_117' title="bbox 1048 2670 1834 2706">
    <p class='ocr_par' dir='ltr' id='par_1_117' title="bbox 1048 2670 1834 2706">
     <span class='ocr_line' id='line_1_117' title="bbox 1048 2670 1834 2706; baseline 0.009 -10"><span class='ocrx_word' id='word_1_829' title='bbox 1048 2670 1121 2697; x_wconf 86' lang='lat' dir='ltr'><strong>clare</strong></span> <span class='ocrx_word' id='word_1_830' title='bbox 1141 2678 1248 2698; x_wconf 90' lang='lat' dir='ltr'><strong>mecum</strong></span> <span class='ocrx_word' id='word_1_831' title='bbox 1266 2672 1307 2706; x_wconf 80' lang='lat' dir='ltr'><strong>agi</strong></span> <span class='ocrx_word' id='word_1_832' title='bbox 1322 2672 1459 2703; x_wconf 76' lang='lat' dir='ltr'><strong>existimo.</strong></span> <span class='ocrx_word' id='word_1_833' title='bbox 1477 2672 1498 2700; x_wconf 89' lang='lat' dir='ltr'><strong>si</strong></span> <span class='ocrx_word' id='word_1_834' title='bbox 1516 2673 1598 2700; x_wconf 88' lang='lat' dir='ltr'><strong>talem</strong></span> <span class='ocrx_word' id='word_1_835' title='bbox 1623 2673 1710 2701; x_wconf 88' lang='lat' dir='ltr'><strong>Deum</strong></span> <span class='ocrx_word' id='word_1_836' title='bbox 1721 2682 1834 2703; x_wconf 84' lang='lat' dir='ltr'><strong>assecu-</strong></span> 
     </span>
    </p>
   </div>
   <div class='ocr_carea' id='block_1_118' title="bbox 1050 2716 1743 2753">
    <p class='ocr_par' dir='ltr' id='par_1_118' title="bbox 1050 2716 1743 2753">
     <span class='ocr_line' id='line_1_118' title="bbox 1050 2716 1743 2753; baseline 0.009 -11"><span class='ocrx_word' id='word_1_837' title='bbox 1050 2720 1105 2748; x_wconf 85' lang='lat' dir='ltr'><strong>tus,</strong></span> <span class='ocrx_word' id='word_1_838' title='bbox 1120 2716 1192 2743; x_wconf 91' lang='lat' dir='ltr'><strong>luam</strong></span> <span class='ocrx_word' id='word_1_839' title='bbox 1209 2725 1305 2752; x_wconf 66' lang='lat' dir='ltr'><strong>poenas</strong></span> <span class='ocrx_word' id='word_1_840' title='bbox 1319 2718 1427 2753; x_wconf 77' lang='lat' dir='ltr'><strong>pristini</strong></span> <span class='ocrx_word' id='word_1_841' title='bbox 1446 2719 1549 2746; x_wconf 88' lang='lat' dir='ltr'><strong>erroris</strong></span> <span class='ocrx_word' id='word_1_842' title='bbox 1565 2723 1592 2746; x_wconf 88' lang='lat' dir='ltr'><strong>et</strong></span> <span class='ocrx_word' id='word_1_843' title='bbox 1608 2720 1743 2748; x_wconf 67' lang='lat' dir='ltr'><strong>amentiae.</strong></span> 
     </span>
    </p>
   </div>
   <div class='ocr_carea' id='block_1_119' title="bbox 1084 2761 1833 2802">
    <p class='ocr_par' dir='ltr' id='par_1_119' title="bbox 1084 2761 1833 2802">
     <span class='ocr_line' id='line_1_119' title="bbox 1084 2761 1833 2802; baseline 0.007 -13"><span class='ocrx_word' id='word_1_844' title='bbox 1084 2761 1174 2790; x_wconf 77' lang='lat' dir='ltr'><strong>XX”.</strong></span> <span class='ocrx_word' id='word_1_845' title='bbox 1194 2762 1312 2790; x_wconf 89' lang='lat' dir='ltr'><strong>Sanctus</strong></span> <span class='ocrx_word' id='word_1_846' title='bbox 1325 2768 1418 2791; x_wconf 71' lang='lat' dir='ltr'><strong>autem</strong></span> <span class='ocrx_word' id='word_1_847' title='bbox 1432 2773 1438 2790; x_wconf 94' lang='lat'><strong>:</strong></span> <span class='ocrx_word' id='word_1_848' title='bbox 1456 2764 1533 2792; x_wconf 86' lang='lat' dir='ltr'><strong>Bono</strong></span> <span class='ocrx_word' id='word_1_849' title='bbox 1547 2765 1640 2792; x_wconf 84' lang='lat' dir='ltr'><strong>animo</strong></span> <span class='ocrx_word' id='word_1_850' title='bbox 1653 2766 1833 2802; x_wconf 80' lang='lat' dir='ltr'><strong>esto,inquit,</strong></span> 
     </span>
    </p>
   </div>
   <div class='ocr_carea' id='block_1_120' title="bbox 1049 2810 1835 2846">
    <p class='ocr_par' dir='ltr' id='par_1_120' title="bbox 1049 2810 1835 2846">
     <span class='ocr_line' id='line_1_120' title="bbox 1049 2810 1835 2846; baseline 0.004 -9"><span class='ocrx_word' id='word_1_851' title='bbox 1049 2810 1202 2837; x_wconf 85' lang='lat' dir='ltr'><strong>clarissime</strong></span> <span class='ocrx_word' id='word_1_852' title='bbox 1217 2810 1353 2845; x_wconf 68' lang='lat' dir='ltr'><strong>prterectc,</strong></span> <span class='ocrx_word' id='word_1_853' title='bbox 1377 2818 1466 2840; x_wconf 83' lang='lat' dir='ltr'><strong>neuue</strong></span> <span class='ocrx_word' id='word_1_854' title='bbox 1489 2811 1638 2846; x_wconf 83' lang='lat' dir='ltr'><strong>quidquam</strong></span> <span class='ocrx_word' id='word_1_855' title='bbox 1655 2811 1688 2839; x_wconf 87' lang='lat' dir='ltr'><strong>de</strong></span> <span class='ocrx_word' id='word_1_856' title='bbox 1713 2812 1835 2840; x_wconf 83' lang='lat' dir='ltr'><strong>clemen-</strong></span> 
     </span>
    </p>
   </div>
   <div class='ocr_carea' id='block_1_121' title="bbox 1049 2856 1835 2895">
    <p class='ocr_par' dir='ltr' id='par_1_121' title="bbox 1049 2856 1835 2895">
     <span class='ocr_line' id='line_1_121' title="bbox 1049 2856 1835 2895; baseline 0.005 -11"><span class='ocrx_word' id='word_1_857' title='bbox 1049 2858 1085 2885; x_wconf 88' lang='lat' dir='ltr'><strong>tia</strong></span> <span class='ocrx_word' id='word_1_858' title='bbox 1113 2856 1159 2884; x_wconf 88' lang='lat' dir='ltr'><strong>Dei</strong></span> <span class='ocrx_word' id='word_1_859' title='bbox 1175 2857 1355 2885; x_wconf 83' lang='lat' dir='ltr'><strong>dubitaveris.</strong></span> <span class='ocrx_word' id='word_1_860' title='bbox 1369 2857 1426 2894; x_wconf 77' lang='lat' dir='ltr'><strong>Ego</strong></span> <span class='ocrx_word' id='word_1_861' title='bbox 1439 2857 1512 2886; x_wconf 88' lang='lat' dir='ltr'><strong>enim</strong></span> <span class='ocrx_word' id='word_1_862' title='bbox 1530 2858 1577 2893; x_wconf 89' lang='lat' dir='ltr'><strong>qui</strong></span> <span class='ocrx_word' id='word_1_863' title='bbox 1601 2866 1634 2886; x_wconf 86' lang='lat' dir='ltr'><strong>ex</strong></span> <span class='ocrx_word' id='word_1_864' title='bbox 1655 2858 1760 2895; x_wconf 84' lang='lat' dir='ltr'><strong>meipso</strong></span> <span class='ocrx_word' id='word_1_865' title='bbox 1786 2859 1835 2891; x_wconf 78' lang='lat' dir='ltr'><strong>Dei</strong></span> 
     </span>
    </p>
   </div>
  </div>
