2082 3153
213 157 266 188 397

659 156 896 187 MARTYRlUM
919 156 950 187 S.
973 155 1090 186 MEN/E
1109 156 1158 186 ET
1177 156 1384 189 SOClORUM.

1781 163 1834 195 398

212 214 374 251 πεποίηκεν.
395 213 592 250 Ἐπευσήμησι
618 212 647 241 δὶ
673 214 719 241 τδν
751 213 868 249 Χριστὸν
883 214 896 240 ὁ
910 212 998 248 δῆμος

1051 219 1142 240 autem
1164 213 1276 240 nomine
1293 213 1413 249 populus
1424 214 1565 253 Christum
1584 216 1679 247 multis
1703 219 1835 250 laudibus

211 263 252 294 ιξς
275 261 354 289 τοῦτο
365 261 460 288 πολλα.

247 306 312 336 KA’.
336 306 382 338 Ὦς
397 306 471 342 οῦνῆ
488 315 518 333 τε
533 306 712 342 ἀναγιννησις
732 306 780 333 τοῦ
798 307 919 342 ἐπάρχου
936 306 997 342 ἐορ-

211 353 304 385 τάζειν
316 353 466 388 ἠνάγκαζε,
492 353 540 381 καὶ
555 353 622 389 πρὸς
651 354 780 381 τοσοῦτον
803 353 903 389 πλῆθος
917 353 998 388 ἐξαρ-

212 401 290 427 κέσαι
303 400 406 436 ἄπορον
416 398 461 436 ἦν,
475 401 535 427 τότε
563 401 612 436 μὲν
626 401 640 427 δ
657 401 736 434 ἃγιος
759 400 864 428 διαλύει
878 400 910 427 τὺ
935 401 1004 427 θέαι

211 454 292 482 τροψ
305 444 365 474 εἶτα
380 446 448 482 πρὸς
464 447 528 479 τοὺς
557 447 726 479 ἐπισκόπους
751 447 942 482 ἐπιστραφεὶς,
959 447 996 473 Οὐ

209 492 314 518 δίκαιόν
331 494 415 525 ἐστιν,
430 493 493 528 ἔφη,
510 493 633 520 τοιούτου
651 494 700 528 τὴν
720 493 885 528 Ἐκκλητίαν
901 493 998 528 ἀνδρὸς

212 538 400 574 στερηθῆναι,
429 539 607 574 πολυμαθοῦς
631 548 662 566 τε
693 540 741 567 καὶ
769 539 919 574 σώφρονος,
949 540 997 566 καὶ

211 583 261 619 τὴν
276 584 398 611 διάνοιαν
415 585 530 620 ὑψηλοῦ.
547 585 640 622 Ταύτῃ
654 594 696 612 τοι
711 585 758 613 καὶ
774 585 818 612 διὰ
832 586 882 622 τὴν
897 586 998 622 πολλὴν

209 631 272 665 περὶ
286 631 332 657 τὸν
347 630 425 665 ἅγιον
449 631 526 664 αίδὼ,
547 632 632 667 μηδὲν
658 631 704 659 τὸν
728 632 900 667 Ἑρμογένην
917 633 994 660 ἀντι-

209 675 406 711 φθεγγόμενον,
423 677 551 710 λαϐόντες
564 678 676 709 ἐκείνοι,
691 677 731 713 τῷ
754 678 849 714 κλήρῳ
865 679 997 714 συναριθα

210 722 317 755 μοὶσιν.
343 720 408 748 Εἶτα
449 723 518 759 πρδς
549 723 626 757 τάξιν
652 725 716 756 τοὺς
750 725 999 759 ἐκκλησιαστικοὺς

209 767 313 799 πάντας
334 767 457 802 βαθμοὺς
475 769 653 804 μετελθόντα,
678 770 828 797 ἐπίσκοπον
853 771 934 798 αὐτὸν
949 772 998 806 τῆς

209 813 312 845 πόλεως
328 813 503 841 καθιστῶσιν.
522 816 570 847 ’ος
584 817 631 843 καὶ
657 817 727 851 μετὰ
750 817 800 851 τὴν
819 817 998 853 χειροτονίαν,

210 860 327 895 ἑϐδόμης
343 860 494 895 ἐπιστάσης
507 861 627 896 ἡμέρας,
641 863 804 896 συναγαγὼν
817 863 880 890 ὅσον
893 865 997 899 προσῆν

209 905 284 941 αὐτῷ
299 906 421 941 χρυσίον,
438 907 484 933 καὶ
495 907 545 942 τὴν
562 907 645 942 ἄλλην
659 909 750 934 πᾶσαν
766 909 934 943 περιουσίαν,
951 910 998 937 καὶ

210 951 314 987 χαίρειν
337 951 422 979 εἰπὼν
450 954 542 988 τρυφῇ
558 953 606 980 καὶ
635 954 753 990 βλακείᾳ
767 956 885 988 καὶτοῖς
907 956 998 988 ἅλλοις

209 995 251 1030 οἷς
267 998 395 1034 χαίρουσι
423 1000 600 1034 φιλοκὸσμων
626 1000 722 1035 ψυχαὶ,
739 1002 819 1036 χερσὶ
846 1002 936 1030 πάντα
950 1012 998 1029 πε-

210 1043 298 1079 νήτων
309 1044 406 1071 ἐδίδου.
432 1043 499 1072 Εἶτα
526 1045 574 1072 καὶ
600 1046 633 1072 τὰ
647 1046 714 1072 ἄλλα
730 1047 819 1074 πάντα
833 1047 879 1075 διὰ
896 1050 998 1084 μικρᾶς

209 1090 323 1126 θέμενος
338 1091 389 1126 τῆς
414 1091 568 1126 φροντίδος,
594 1092 643 1118 σὺν
662 1093 744 1119 παντὶ
756 1093 794 1129 τῷ
812 1094 912 1129 πλήθει
928 1096 998 1131 πρὸς

209 1137 254 1164 τὸν
269 1137 341 1164 κατὰ
366 1137 420 1163 τῶν
452 1137 590 1173 δαιμόνων
621 1137 792 1171 ιξωπλίσατο
809 1140 937 1175 πόλεμον,
954 1138 998 1168 οἷα

211 1183 390 1218 μνησικακῶν
403 1183 496 1215 αὐτοῖς
512 1183 558 1210 τοῦ
577 1185 712 1220 προτέρου
725 1184 784 1220 βίου
804 1187 852 1213 καὶ
865 1187 914 1222 τῆς
929 1188 998 1214 πλά-

210 1237 259 1263 νης
290 1229 429 1263 κραταιῶς
458 1229 640 1264 ἀμυνόμενος,
675 1231 722 1257 καὶ
750 1232 779 1257 ἐν
808 1231 892 1268 ὀλίγῳ
919 1233 954 1260 τά
967 1243 997 1260 τε

210 1274 387 1310 ἀφιδρύματα
403 1277 450 1302 καὶ
473 1276 537 1307 τοὺς
558 1275 668 1310 βωμοὺς
683 1276 775 1303 αὐτῶν
790 1279 996 1314 καταστρέψας.

210 1319 258 1346 καὶ
276 1322 330 1348 πᾶν
349 1321 460 1348 εἴδωλον
477 1322 610 1354 καθελὼν,
623 1323 762 1358 πανταχοῦ
776 1324 822 1350 τόν
837 1332 866 1350 τε
880 1325 997 1359 σταυρὸν

209 1367 341 1400 ἐπήξατο,
353 1368 398 1394 καὶ
415 1367 598 1403 θυσιαστήρια
624 1369 820 1404 συνεστήσατο,
836 1370 928 1397 καὶτὸ
949 1371 996 1397 τοῦ

209 1413 328 1447 Χριστοῦ
349 1414 565 1448 προσκυνεῖσθαι
582 1415 788 1450 παρεσκεύασεν
807 1415 903 1451 ὄνομα.
927 1417 998 1449 Τοὺς

211 1459 259 1494 μὲν
273 1459 320 1486 οὖν
334 1460 429 1495 ὄχλους
445 1460 515 1495 μετὰ
527 1461 606 1487 τοῦτο
624 1461 845 1496 προσπίπτοντας
857 1463 903 1488 καὶ
919 1462 991 1498 βαπ-

209 1505 337 1541 τισθῆναι
360 1507 503 1542 δεομένους
529 1507 679 1540 ἐϐάπτιζεν
709 1507 827 1542 ἑκάστης
842 1508 995 1542 τοσούτους,

1048 259 1091 284 εει
1108 263 1221 289 ριόςοευ
1227 260 1280 284 tus.

1083 302 1188 348 χχιιι,
1208 303 1342 336 Quoniam
1376 311 1441 333 vero
1464 311 1492 334 et
1517 310 1638 343 przel'eeti
1664 317 1835 348 regeneratio

1048 347 1163 382 cegebat
1179 347 1277 375 festum
1301 349 1452 384 celebrare,
1477 360 1530 381 nec
1552 354 1633 383 facile
1659 347 1768 392 poterat
1790 369 1834 389 sa-

1048 393 1144 422 tisﬁeri
1172 397 1256 422 tanta:
1286 395 1468 430 multitudini,
1491 402 1558 426 tunc
1582 401 1694 435 quidem
1722 412 1834 435 sanctus

1048 439 1163 467 dimittit
1177 440 1325 468 theatrum.
1341 441 1444 470 Deinde
1459 444 1542 471 etiam
1554 452 1703 475 conversus
1715 450 1748 477 ad
1776 455 1835 487 epi-

1048 494 1168 521 scopos:
1186 487 1245 515 Non
1258 488 1362 523 justum
1376 493 1428 523 est,
1460 489 1559 525 inquit.
1581 498 1609 519 ut
1625 492 1746 522 Ecclesia
1760 502 1835 525 tanto

1048 533 1109 559 viro
1129 533 1263 568 privetur,
1277 535 1323 569 qui
1340 540 1382 562 est
1397 541 1451 563 tam
1469 537 1622 571 studiosus,
1639 545 1668 567 et
1683 543 1836 575 modestus.

1048 583 1076 606 et
1089 583 1143 606 tam
1163 579 1274 607 sublimi
1290 580 1411 616 ingenio.
1427 582 1466 610 Ea
1487 584 1520 611 de
1538 592 1620 613 causa
1637 592 1750 621 propter
1763 590 1836 616 mul-

1049 630 1103 653 tam
1131 626 1158 654 in
1183 632 1309 655 sanctum
1337 630 1533 662 reverentiam,
1564 638 1626 659 cum
1664 635 1837 670 accepissent

1048 671 1248 707 Hermogenem
1264 674 1331 701 nihil
1350 676 1597 710 contradicentem,
1621 679 1658 706 illi
1677 688 1740 708 eum
1767 683 1838 711 refc-

1049 723 1114 746 runt
1128 719 1155 746 in
1171 720 1236 747 cleri
1253 728 1412 749 numerum.
1429 723 1532 751 Deinde
1548 731 1611 752 cum
1639 734 1689 760 per
1711 728 1837 756 ordinem

1048 766 1249 795 ecclesiasticos
1282 775 1379 796 omnes
1409 770 1510 805 gradus
1550 772 1744 807 transivisset,
1772 783 1836 804 eum

1048 812 1222 840 constituunt
1243 813 1403 850 episcopum
1432 816 1563 844 civitatis.
1590 818 1642 851 Qui
1665 820 1748 847 etiam
1772 830 1836 849 cum

1050 862 1111 891 post
1139 858 1301 887 electionem
1332 860 1376 888 die
1399 862 1518 896 septimo
1545 864 1680 900 coegisset
1702 867 1836 902 quidquid

1050 904 1170 932 habebat
1185 906 1246 933 auri
1263 910 1291 933 et
1306 907 1423 934 aliarum
1440 908 1613 944 facultatum,
1632 917 1659 939 et
1676 913 1767 950 valere
1775 915 1837 949 jus-

1049 950 1131 977 sissct
1147 951 1262 978 delicias
1279 957 1307 979 et
1321 952 1453 986 lautitias,
1468 959 1495 982 et
1511 955 1563 983 alia
1579 958 1678 992 quibus
1692 959 1835 988 delectan-

1052 999 1097 1023 tur
1111 1004 1207 1024 eorum
1221 997 1330 1031 animze,
1345 1000 1392 1034 qui
1416 1001 1518 1028 mundo
1532 1001 1716 1037 delectantur,
1743 1007 1835 1034 omnia

1049 1041 1125 1069 dedit
1142 1042 1169 1069 in
1187 1051 1284 1071 manus
1299 1052 1461 1079 pauperum.
1481 1047 1584 1075 Deinde
1595 1056 1658 1076 cum
1681 1050 1765 1077 etiam
1783 1052 1836 1080 alia

1049 1089 1141 1114 omnia
1167 1089 1378 1123 parvil'ccissct,
1404 1099 1467 1119 eum
1500 1094 1627 1122 universa
1657 1097 1837 1125 multitudine

1049 1139 1078 1158 se
1096 1133 1212 1160 armavit
1232 1134 1266 1160 ad
1290 1134 1393 1162 bellum
1412 1137 1562 1171 gerendum
1579 1142 1673 1166 contra
1687 1140 1836 1174 daemones.

1050 1182 1079 1204 ut
1108 1178 1240 1205 adversus
1269 1187 1339 1214 quos
1375 1186 1484 1215 gereret
1527 1183 1686 1212 inimicitias
1724 1192 1838 1222 propter

1048 1223 1167 1258 priorem
1193 1224 1297 1257 vitam,
1325 1230 1353 1252 et
1377 1233 1472 1254 eorum
1504 1235 1627 1256 errorem
1657 1231 1837 1260 vehementer

1048 1275 1262 1305 persequeretur
1278 1280 1284 1298 :
1307 1276 1335 1299 et
1351 1279 1413 1299 cum
1429 1273 1506 1300 brevi
1527 1283 1622 1303 corum
1637 1276 1699 1304 fana
1719 1283 1747 1305 et
1772 1286 1837 1306 aras

1048 1317 1206 1350 evertisset,
1220 1323 1247 1344 et
1261 1318 1407 1346 simulacra
1430 1319 1586 1354 dejecisset,
1604 1323 1707 1358 ubique
1721 1332 1834 1353 cruccnt

1049 1363 1108 1390 ﬁxit
1120 1368 1149 1390 ct
1163 1363 1190 1390 in
1204 1363 1307 1391 Christi
1321 1365 1432 1393 nomine
1448 1369 1602 1395 construxit
1618 1369 1729 1397 altaria.
1745 1372 1836 1406 Atque

1049 1409 1144 1436 turbas
1158 1409 1268 1444 quidem
1286 1415 1380 1444 postea
1401 1411 1435 1438 ad
1461 1413 1522 1448 ejus
1541 1413 1626 1448 pedes
1648 1415 1836 1450 procidentes,

1047 1460 1076 1482 et
1093 1462 1220 1490 rogantes
1238 1456 1383 1491 baptizari,
1396 1457 1562 1493 baptizabat,
1580 1465 1634 1488 tam
1650 1462 1753 1491 multos
1768 1471 1838 1498 quo-

1049 1502 1129 1534 tidie,
1148 1506 1242 1530 utnec
1262 1503 1342 1531 facile
1366 1510 1459 1539 posset
1487 1513 1582 1533 eorum
1608 1515 1738 1535 numerus
1760 1516 1835 1536 com-

209 1553 246 1583 ὡς
261 1553 328 1589 μηδὲ
342 1554 451 1589 ἀριθμῷ
460 1554 560 1589 ῥᾳδίως
575 1555 674 1587 αὐτοὺς
697 1554 910 1582 ὑποϐάλλεσθαι.
926 1548 996 1588 Τοὺς

1051 1548 1196 1583 prehendi.
1220 1549 1408 1577 Damioniacos
1441 1556 1545 1583 autem,
1572 1557 1620 1580 aut
1644 1554 1690 1588 qui
1716 1554 1750 1580 ab
1775 1555 1838 1582 aliis

208 1600 237 1627 δὲ
250 1600 448 1636 δαιμονῶντας,
472 1601 488 1636 ἢ
504 1601 557 1627 ὑπὸ
581 1601 676 1628 παθῶν
690 1603 791 1638 ἑτέρων
805 1602 996 1638 πιεζομένους,

209 1646 354 1681 ἑπικλήσει
378 1647 446 1682 μόνῃ
471 1646 588 1683 Χριστοῦ
612 1648 783 1683 παραχρῆμα
808 1649 855 1674 καὶ
874 1647 921 1675 τοῦ
940 1648 999 1675 δαί-

214 1701 293 1727 μονος
307 1692 414 1719 καὶτοῦ
439 1693 542 1724 πάθους
557 1693 726 1729 ἁπήλαττεν.
751 1694 893 1721 Ἐδίδασκέ
910 1703 940 1720 τε
955 1693 999 1720 ἀεὶ

211 1737 322 1769 ἁγνείας
342 1737 454 1772 ἔχεσθαι
480 1739 528 1765 καὶ
560 1738 728 1771 θεοσεϐείας,
743 1739 999 1775 ταπεινοφροσύνης

211 1790 241 1809 τε
270 1784 318 1809 καὶ
342 1783 453 1820 ἀγάπης
475 1784 629 1820 πραότητος
654 1785 702 1812 καὶ
729 1786 936 1821 ἀκτημοσύνης,
951 1787 999 1812 καὶ

209 1828 259 1862 τῆς
276 1828 358 1864 ἄλλης
369 1830 470 1864 ἀρετῆς
495 1830 595 1864 ὁμοίως
609 1830 706 1856 ἑαυτὸν
722 1830 779 1862 τοῖς
792 1831 997 1866 διδασκομένοις

210 1873 364 1910 ὑπόδειγμα
381 1876 532 1910 προτιθείς.

246 1918 310 1946 KE'.
331 1920 408 1946 Ἐπεὶ
421 1921 468 1948 οῦν
490 1922 520 1947 οὐ
549 1921 645 1948 πολλαὶ
669 1922 779 1957 διῆλθον
809 1922 922 1958 ἡμέραι,
950 1923 998 1950 καὶ

211 1966 303 2001 πάσης
325 1966 375 1999 τῆς
388 1967 492 1999 πόλεως
503 1968 543 1999 εἰς
559 1968 588 1995 ἓν
604 1969 732 2003 φρόνημα
745 1968 933 2004 συνελθούσης,
948 1969 997 2003 μία

213 2012 314 2044 πάντες
337 2013 465 2047 ἐγένοντο
491 2015 592 2049 ποίμνη
618 2014 749 2050 Χριστοῦ,
769 2015 840 2049 ἀνήρ
855 2023 897 2047 τις
913 2015 998 2041 δεισι-

211 2058 327 2093 δαίμων,
341 2059 394 2086 τῶν
409 2060 457 2086 τοῦ
482 2060 621 2096 συνεδρίου
648 2058 687 2094 εἷς
705 2061 873 2093 Ῥοιστίκιος
901 2062 997 2096 ὗνομα,

213 2104 350 2141 βασκήνας
370 2107 403 2142 τῇ
418 2114 447 2133 τε
464 2107 541 2134 πόλει
567 2107 613 2134 καὶ
634 2108 700 2143 ἡμῖν
725 2108 782 2139 τοῖς
811 2108 996 2143 Χριστιανοῖς,

213 2151 262 2176 καὶ
282 2151 340 2186 ἄμα
354 2151 404 2187 τὴν
419 2152 449 2178 ἐν
477 2153 533 2185 τοῖς
561 2152 662 2188 βωμοῖς
681 2152 767 2188 μέθην
779 2152 824 2179 καὶ
837 2154 887 2187 τὴν
913 2152 997 2187 ἄλλην

213 2197 357 2230 ἀσέλγειαν
384 2199 449 2233 περὶ
468 2197 592 2230 πλείονος
606 2199 680 2233 ἄγων
697 2199 746 2234 τῆς
772 2199 848 2234 παρὰ
863 2199 997 2234 Χριστια-

1050 1594 1246 1629 premebantur
1258 1595 1480 1629 (egritudinibus,
1506 1597 1563 1623 sola
1587 1596 1692 1625 Christi
1723 1599 1835 1627 invoca-

1051 1640 1135 1672 tione,
1151 1646 1263 1675 repente
1278 1641 1413 1669 liberabat
1425 1649 1440 1668 a
1463 1641 1596 1676 dmmane,
1611 1647 1639 1671 et
1665 1644 1700 1672 ab
1722 1646 1837 1680 agritu-

1050 1686 1133 1718 dine;
1160 1692 1189 1714 et
1208 1687 1324 1715 docebat
1341 1695 1449 1723 semper
1463 1689 1594 1723 amplecti
1622 1690 1789 1723 castitatem.
1806 1698 1837 1718 et

1050 1732 1126 1767 pium
1145 1733 1192 1761 Dei
1219 1733 1334 1765 cultum,
1360 1734 1598 1770 humilitatemqne
1611 1742 1639 1762 et
1661 1727 1841 1770 charitatem,‘

1051 1778 1358 1814 mansuetudinemque,
1372 1784 1400 1806 et
1420 1779 1459 1806 nil
1471 1779 1632 1814 possidendi
1652 1781 1794 1814 virtutem,
1808 1788 1837 1810 et

1050 1829 1162 1852 cmteras
1177 1824 1305 1852 similiter
1321 1825 1446 1857 virtutes,
1462 1825 1582 1861 seipsum
1608 1834 1766 1862 proponens
1791 1836 1837 1854 ex-

1049 1870 1154 1904 emplar
1170 1870 1214 1901 iis.
1232 1870 1278 1905 qui
1294 1870 1476 1899 docebantur.

1086 1916 1168 1944 XXV.
1184 1917 1252 1944 Cum
1270 1922 1361 1945 autem
1375 1926 1429 1944 non
1451 1918 1528 1945 multi
1545 1917 1605 1946 dies
1626 1919 1836 1953 praeteriissent.

1049 1967 1078 1990 et
1103 1966 1159 1990 tota
1179 1963 1291 1990 civitate
1315 1963 1342 1989 in
1366 1970 1447 1990 unam
1467 1964 1648 1991 conveniente
1673 1964 1837 1992 sententiam

1050 2006 1141 2034 elfecti
1158 2012 1222 2034 sunt
1237 2015 1333 2035 omnes
1351 2015 1422 2035 unus
1447 2015 1512 2042 grex
1531 2008 1643 2041 Christi,
1669 2009 1712 2036 vir
1725 2010 1836 2044 quidam

1050 2052 1160 2080 deditus
1178 2052 1252 2080 falsa:
1267 2053 1393 2088 religioni
1413 2054 1578 2087 demonum,
1597 2062 1668 2082 unus
1681 2063 1713 2082 ex
1727 2060 1837 2088 senatu,

1051 2098 1163 2126 nomine
1177 2098 1328 2132 Rustieius,
1344 2099 1448 2126 civitati
1464 2099 1587 2128 invidens
1602 2104 1630 2128 et
1651 2101 1731 2128 nobis
1745 2101 1838 2128 Chris-

1050 2146 1150 2178 tiania;
1168 2151 1195 2173 et
1211 2147 1293 2174 simul
1310 2146 1485 2180 ebrietatem,
1507 2155 1561 2182 qua
1587 2147 1627 2175 uti
1652 2148 1777 2175 solebant
1803 2149 1836 2176 ad

1049 2201 1121 2224 aras,
1133 2197 1162 2221 et
1187 2194 1320 2228 reliquam
1345 2194 1583 2229 intemperantiam
1606 2194 1696 2229 pluris
1720 2194 1837 2224 faciens.

214 2244 270 2273 νοῖς
285 2244 447 2278 ἐγκρατείας
463 2244 511 2271 καὶ
526 2245 716 2279 κοσμιότητος,
732 2244 770 2276 ὡς
784 2242 840 2280 εἶχε
853 2244 940 2279 θυμοῦ
953 2243 998 2271 καὶ

1052 2246 1134 2272 quam
1159 2247 1230 2270 eam,
1259 2247 1320 2274 qua:
1340 2244 1384 2267 est
1400 2239 1473 2275 apud
1490 2240 1674 2273 Christianos,
1695 2241 1838 2269 abstinen-

214 2287 311 2322 ὀργῆς,
336 2289 404 2323 πρὸς
430 2288 475 2315 τδν
507 2287 621 2323 βασιλέα
636 2288 667 2314 τὸ
679 2288 760 2324 ταχος
770 2289 945 2324 ἀναδραμὼν,
969 2289 999 2314 ὲν

216 2333 313 2369 βραχεῖ
337 2334 426 2362 πάντα
440 2335 603 2370 διαγορεύει,
632 2335 786 2371 Ὴοέτηται,
814 2335 999 2370 λέγων,πᾶσσ.

216 2379 308 2412 ουσία,
327 2380 519 2416 περιύϐρισται
530 2381 563 2407 τὰ
577 2381 664 2415 σεμνὰ
679 2381 733 2407 τῶν
745 2381 824 2414 Θεῶν,
847 2381 1001 2416 κατέστρα-

216 2427 282 2452 πται
295 2426 329 2452 τὰ
345 2425 563 2461 τεμένη,βωμδς
587 2426 660 2458 ἄπας
677 2427 732 2453 τῶν
745 2426 814 2453 θεῶν
829 2427 999 2463 καταϐέϐλη-

216 2480 273 2506 ται,
288 2472 336 2498 καὶ
351 2472 444 2504 ἁπλῶς
470 2473 520 2508 τήν
535 2481 564 2499 τε
577 2473 632 2499 τῶν
658 2473 728 2500 θεῶν
752 2472 924 2508 καθαίρεσιν,
941 2472 1002 2500 εἶτα

218 2516 265 2542 καὶ
281 2516 331 2551 τὴν
343 2515 390 2543 τοῦ
402 2517 523 2551 ἐπάρχου
541 2517 686 2552 μετάθεσιν
711 2516 868 2550 καταλέγει,
896 2517 942 2542 καὶ
964 2516 1002 2548 ὡς

219 2561 402 2596 συνυπαχθεὶς
424 2563 438 2589 ὁ
459 2562 577 2598 ἔπαρχος
595 2561 764 2598 Ἑρμογένης
788 2562 881 2598 εὐνοίᾳ
897 2562 1002 2597 παλαιᾷ

217 2608 266 2633 καὶ
287 2607 378 2643 κέρδει
394 2608 525 2644 πολιτικῷ
541 2608 580 2644 τῷ
609 2609 689 2644 δεινῷ
704 2609 753 2645 την
769 2608 893 2644 γλῶτταν
909 2609 1000 2643 Μηνᾷ,

219 2653 313 2689 σχεδὸν
328 2654 419 2681 πᾶσαν
445 2654 494 2690 τὴν
516 2654 615 2690 ἀρχὴν,
641 2655 710 2690 πρὸς
730 2656 776 2681 τὸν
792 2655 1001 2690 ἐσταυρωμένον

217 2699 414 2726 συναποκλῐναι
442 2700 611 2735 παρέπεισσ·
642 2699 691 2726 καὶ
712 2699 763 2734 ἤδη
807 2700 1002 2735 προσκυνεῖται

217 2745 269 2779 μὶν
289 2745 375 2777 ἀδεῶς
390 2745 530 2781 πανταχοῦ
548 2745 562 2772 δ
578 2746 706 2780 Χριστος.
737 2745 854 2780 ’Δπῆλθε
869 2745 897 2772 δὲ
915 2746 1003 2773 ὀπίσω

217 2790 301 2818 αὐτοῦ
333 2791 407 2818 πᾶσα
424 2791 653 2827 η’Δλεξὰνδρεια.
669 2789 762 2817 Ταῦτα
778 2790 876 2824 εἰπὼν,
891 2791 935 2818 ἵνα
957 2791 1003 2817 καὶ

219 2837 301 2863 πλέον
335 2837 417 2866 αὑτὸν
447 2837 588 2874 ἑξοργίσῃ,
618 2837 664 2864 καὶ
690 2836 759 2872 πρὸς
788 2836 837 2873 τὴν
866 2837 937 2864 κατὰ
951 2837 1003 2864 τῶν

217 2885 389 2922 Χριστιανῶν
405 2885 541 2921 τιμωρίαν
567 2884 683 2921 ικμήνῃ,
707 2884 884 2920 προστίθησιν
899 2884 946 2917 ὡς,
974 2884 1002 2912 lii

1053 2283 1117 2310 tiam
1137 2288 1165 2310 et
1187 2283 1418 2316 moderationem,
1445 2284 1483 2312 ita
1509 2288 1540 2312 ut
1559 2289 1618 2312 erat
1642 2285 1682 2312 ira
1704 2286 1837 2321 percitus,

1052 2339 1149 2366 magna
1165 2331 1306 2359 celeritate
1319 2339 1436 2360 currens
1456 2331 1490 2359 ad
1515 2331 1719 2367 imperatorem,
1742 2333 1838 2368 paucis

1052 2381 1146 2404 narrat
1160 2377 1270 2405 omnia:
1292 2377 1430 2405 Abolitum
1444 2382 1498 2410 est,
1517 2377 1624 2411 dicens,
1643 2386 1724 2406 omne
1751 2378 1838 2406 sacri-

1052 2422 1164 2456 ﬁcium;
1187 2423 1352 2451 contumelia
1378 2428 1421 2451 est
1445 2424 1542 2451 aﬂ'ecta
1573 2424 1688 2451 deorum
1713 2423 1838 2458 magniﬁ-

1051 2469 1152 2501 centia,
1181 2477 1276 2497 eversa
1304 2473 1368 2497 sunt
1392 2469 1513 2504 templa;
1542 2469 1633 2497 diruta
1658 2473 1724 2496 sunt
1746 2469 1836 2496 omnia

1052 2513 1168 2541 deorum
1183 2514 1289 2548 altaria,
1305 2519 1334 2542 et
1347 2514 1382 2542 ad
1397 2523 1546 2548 summam,
1561 2516 1646 2543 refert
1662 2515 1777 2543 deorum
1790 2515 1838 2541 de-

1053 2558 1193 2592 letionem,
1209 2563 1236 2587 et
1249 2559 1370 2594 prafecii
1383 2561 1577 2593 mutationem;
1594 2566 1620 2588 et
1634 2560 1708 2595 quod
1725 2559 1839 2595 praelec-

1055 2607 1099 2630 tus
1128 2603 1337 2639 Hermogenes,
1375 2610 1467 2633 vetere
1497 2605 1688 2633 benevolentia
1711 2609 1739 2633 et
1761 2605 1838 2632 lucro

1053 2650 1127 2678 civili
1142 2650 1273 2679 inductus
1298 2653 1331 2679 ab
1348 2653 1496 2688 eloquente
1525 2653 1613 2685 Mena,
1631 2653 1760 2680 universo
1781 2651 1838 2679 fere

1053 2698 1190 2733 persuaxit
1211 2697 1340 2733 imperio,
1356 2703 1386 2725 ut
1399 2698 1549 2726 declinaret
1560 2699 1594 2726 ad
1607 2698 1776 2726 Cruciﬂxum
1788 2706 1795 2731 ;
1809 2703 1838 2725 et

1052 2746 1107 2780 jam
1132 2745 1244 2780 quidem
1278 2745 1380 2780 ublque
1411 2752 1508 2772 secure
1535 2745 1667 2773 adoratur
1691 2745 1839 2773 Christus:

1054 2799 1116 2818 cum
1131 2796 1221 2819 autem
1238 2798 1333 2820 secuta
1349 2795 1392 2818 est
1414 2796 1469 2819 tota
1492 2791 1666 2819 Alexandria.
1690 2791 1753 2819 ll.cc
1777 2798 1840 2819 curn

1055 2838 1180 2870 dixisset,
1201 2842 1230 2864 ιιι
1246 2845 1309 2865 cum
1327 2837 1415 2872 magis
1431 2842 1593 2873 provocaret
1609 2837 1644 2865 ad
1658 2837 1840 2868 iracundiam.

1056 2890 1082 2912 ct
1095 2885 1127 2912 ad
1142 2892 1238 2920 premis
1265 2885 1298 2912 de
1312 2885 1471 2913 christianis
1495 2885 1641 2913 sumendas
1659 2885 1750 2913 acrius
1780 2883 1842 2910 ini-
