2082 3153
227 138 283 171 3θῦ

839 137 981 168 MENSIS
998 136 1217 167 DECEMBER.

1804 130 1856 163 408

228 199 311 227 taret,
339 193 434 229 adjicit
447 201 453 219 :
467 192 523 220 Nisi
538 192 591 220 hoc
605 191 652 220 tibi
673 199 776 228 magna:
791 192 874 219 fuerit
889 199 972 224 curm,
983 195 1010 218 et

1075 191 1103 227 ιὴ
1126 191 1170 217 διὰ
1185 190 1285 225 πολλῆς
1302 189 1380 217 τοῦτο
1408 188 1484 225 θείης
1499 188 1639 224 φροντίδος
1654 197 1684 215 τε
1707 188 1755 215 καὶ
1776 188 1858 223 μελέ-

227 248 242 268 a
267 245 293 267 te
317 239 428 274 quidem
455 242 616 264 evertuntur
648 245 692 264 res
715 237 956 269 Christianorum,
984 236 1011 263 in

227 285 374 321 pristinum
404 289 470 310 vero
497 286 600 310 statum
626 282 809 310 restituantur
828 289 872 309 res
885 281 1013 315 deorum,

229 331 287 359 scio
315 331 386 363 fore,
408 333 438 357 ut
464 333 542 356 tuum
564 329 675 364 quidem
703 328 846 364 imperium
878 328 1012 356 citissime

227 382 389 405 evertatur:
418 375 598 403 conﬁrmetur
615 378 706 402 autem
731 381 844 409 regnum
872 374 942 409 ejus,
967 374 1015 409 qui

228 423 332 451 dicitur
346 422 484 449 Christus.

262 466 438 496 KXVI.'lloc
465 474 527 494 cum
566 465 716 494 audivisset
746 464 931 497 Maximinus,
958 465 1015 492 fore

229 515 354 551 quidem,
373 518 403 541 ut
420 521 500 541 suum
516 515 659 540 corrueret
672 511 828 546 imperium,
851 511 951 539 Christi
968 518 1016 537 auo

231 565 287 588 tem
309 567 423 594 regnum
440 559 616 594 erigeretur:
638 557 750 584 laudato
772 557 885 592 quidem
911 561 940 584 et
964 556 1014 584 bo-

231 609 329 633 norato
346 604 470 632 Rusticio
495 608 606 639 propter
621 602 682 638 ejus
701 602 728 629 in
746 601 835 638 ipsum
852 607 879 629 et
904 601 932 628 in
947 601 1015 629 deos

232 651 464 683 benevolentiam,
487 649 618 677 elferatus
641 649 773 676 adversus
803 647 963 683 praelectum
990 652 1018 674 et

232 699 386 726 uniiersam
400 697 548 729 (ivitatem,
561 701 589 724 et
604 697 689 731 magis
703 703 785 731 quam
798 695 938 730 expediret
949 695 1019 723 indi-

231 748 339 779 gnatus,
355 743 451 770 statuit
465 742 509 770 ille
523 743 582 777 ipse
598 743 729 770 continuo
745 741 883 777 proﬁcisci
900 742 1019 769 Alexan—

232 789 320 816 driam
338 795 436 823 magno
451 787 544 815 studio
561 791 590 815 et
616 791 759 822 apparatu,
786 795 849 814 cum
873 787 1018 815 bellicoso-

233 843 293 863 rum
307 835 449 862 hominum
462 834 560 862 decem
576 833 662 861 millia
679 833 712 860 ad
728 833 916 869 hocjussisset
928 834 1016 869 sequi,

233 881 349 909 dicens:
370 880 418 907 Vel
451 879 510 907 sola
543 880 738 914 imperatorum
757 880 911 907 reverentia
926 885 1018 907 motus

232 928 350 964 populus
365 935 412 954 eos
425 927 491 954 deos
510 927 614 953 honore
629 926 740 958 alliciat,
760 934 829 961 quos
847 927 885 953 illi
904 931 1019 954 censent

233 973 375 1005 colendos,
393 978 421 1001 et
435 980 463 1000 se
478 973 512 1000 ab
529 973 582 999 alia
599 972 731 1007 reprimet
747 972 933 1007 improbitate.
949 973 1018 1000 Nam

233 1020 285 1047 nisi
302 1019 338 1048 ita
355 1024 438 1051 esset,
465 1023 495 1046 ut
519 1018 577 1053 ipse
600 1026 692 1046 rerum
714 1022 803 1045 status
818 1019 922 1054 arguit,
949 1019 1019 1047 citra

234 1066 319 1093 ullum
334 1065 462 1092 ruborem
478 1065 547 1092 mala
569 1064 675 1097 tierent,
693 1067 721 1091 et
741 1071 794 1091 nec
809 1064 933 1092 studeret
956 1065 1019 1100 qui-

234 1111 296 1139 dem
312 1112 397 1139 latere
414 1111 524 1145 aliquis.
555 1110 683 1138 Attamen
700 1118 761 1138 cum
786 1110 900 1138 deorum
926 1110 1020 1146 provi-

234 1158 287 1185 den
302 1158 326 1184 ia
343 1157 422 1185 fuero
436 1156 618 1188 Alexandriae,
632 1161 660 1184 et
685 1157 737 1184 hos
754 1155 828 1192 ipsos
842 1157 969 1188 ulciscar.
994 1162 1022 1185 et

234 1212 324 1231 meam
332 1203 464 1238 corrigam
486 1203 694 1238 ignorationem,
711 1203 805 1237 procul
824 1203 972 1230 amandans
980 1211 1024 1230 er-

235 1258 326 1277 rorem
337 1249 364 1276 in
378 1249 557 1276 Crucitixum.
569 1248 652 1281 Dixit,
665 1256 754 1283 neque
766 1249 882 1275 multum
892 1248 1024 1283 temporis

235 1295 362 1331 permisit
379 1295 562 1327 intercedere.
588 1295 635 1322 sed
659 1295 743 1322 rebus
763 1295 892 1323 omnibus
906 1295 1024 1330 publicis

235 1341 413 1376 posthabitis,
432 1348 528 1376 magna
557 1341 698 1368 celeritate
717 1340 794 1367 venit
809 1340 1022 1368 Alexandriam:

235 1393 265 1415 et
281 1389 372 1414 statim
383 1385 800 1422 jubetsanctoscomprehendi.
816 1390 844 1413 et
861 1393 950 1419 mane,
967 1390 1023 1414 tota

236 1433 348 1461 vidente
364 1433 486 1466 civitate,
502 1437 530 1460 et
548 1440 629 1459 manu
654 1432 800 1459 assistente
824 1432 946 1465 militari,
973 1439 1023 1459 se-

238 1481 306 1507 dens
321 1488 370 1514 pro
385 1479 524 1511 tribunali,
539 1487 587 1506 eos
600 1478 684 1514 jussit
700 1478 789 1506 nudos
802 1478 952 1506 introduci.

1064 247 1125 274 της,
1153 237 1201 264 καὶ
1232 237 1379 272 ἀνατραπῇ
1407 236 1456 271 μὲν
1482 236 1530 262 ἐπὶ
1546 235 1593 262 cui:
1616 234 1650 261 τὰ
1671 235 1856 268 Χριστιανὸν,

1065 284 1168 319 ἀναστῇ
1183 283 1211 310 δὲ
1237 282 1272 310 τὰ
1284 282 1338 310 τῶν
1360 282 1440 316 θεῶν,
1457 280 1517 309 οῖδα
1531 281 1570 314 ὡς
1592 280 1854 316 καταστραςήσεται

1067 330 1117 365 μὲν
1139 330 1156 365 ἡ
1175 329 1208 364 σὴ
1239 328 1364 363 βασιλεία
1388 327 1580 363 τάχειπολλῷ,
1599 326 1816 362 βεὸαιωθήσεται
1830 326 1859 353 δὲ

1065 376 1083 411 η
1098 375 1146 402 τοῦ
1162 375 1308 410 λεγομένου
1321 374 1450 410 Χριστοῧ.

1099 467 1173 500 ΚΤ.
1201 465 1289 492 Τυῦτο
1312 464 1467 499 Μαξιμῖνος
1505 464 1638 498 ἀκούσας,
1669 464 1709 496 ὡς
1734 466 1860 492 πεσεῖται

1067 513 1115 548 μὲν
1129 513 1145 548 ἡ
1160 511 1254 544 αὐτοῦ,
1286 511 1469 546 ἀναστήσεται
1487 510 1516 537 δὲ
1538 511 1555 546 ἠ
1581 510 1700 546 Χριστοῦ
1717 510 1854 546 βασιλεία,

1066 559 1112 586 τὸν
1129 558 1178 594 μὲν
1199 557 1368 584 Ῥουστίκιον
1394 556 1444 592 τῆς
1457 565 1487 584 τε
1514 557 1555 588 είς
1573 557 1654 584 αὐτὸν
1671 557 1790 589 εὐνοίας,
1806 557 1855 583 καὶ

1069 605 1118 641 τῆς
1143 605 1182 636 εἰς
1206 604 1269 635 τοὺς
1304 603 1384 636 θεοὺς
1414 603 1616 636 ἀποδεξάμενος
1643 603 1692 629 καὶ
1715 604 1836 637 τιμήσας
1851 622 1860 635 ,

1068 650 1203 685 ἀγριάνας
1215 649 1242 676 δὲ
1258 649 1360 685 σφόδρα
1375 649 1446 676 κατά
1463 657 1493 675 τε
1507 648 1553 674 τοῦ
1568 648 1689 683 ἐπάρχου
1706 648 1753 675 καὶ
1767 648 1859 682 πάσης

1069 696 1119 730 τῆς
1131 696 1245 729 πῦλεως,
1259 696 1305 722 καὶ
1317 695 1362 721 τοῦ
1376 694 1463 730 θυμοῦ
1480 693 1582 729 μᾶλλον
1603 695 1748 729 γενίμενος
1765 693 1781 729 ἧ
1812 693 1860 720 to")

1070 742 1266 778 συμφέροντος,
1280 741 1388 776 ἔκρινεν
1403 741 1484 772 εὐθὺς
1495 740 1578 771 αὐτὸς
1595 741 1698 771 ἐκεῖνος
1713 740 1861 774 ἐπιστῆναι

1069 791 1103 823 τῇ
1130 789 1327 824 Ἀλεξάνδρου,
1358 789 1521 823 παρασκευῇ
1552 787 1636 822 πολλῇ
1665 788 1712 813 καὶ
1746 787 1860 821 σπουδῇ,

1069 836 1134 862 δέκα
1160 835 1283 870 γιλίαδας
1303 833 1409 870 ἀνδρῶν
1424 833 1551 869 μαχίμων
1566 833 1605 864 είς
1620 833 1699 859 τοῦτο
1725 832 1860 863 κελεύσας

1072 881 1146 916 αὺτῷ
1164 881 1341 912 συνέπεσθαι,
1374 879 1459 906 εἰπὼν
1472 880 1513 905 ὅτι
1537 878 1697 913 Αίδοὺμενοι
1713 878 1804 913 μόνον,
1823 877 1861 909 ὡς

1072 927 1154 959 ἔοικε,
1170 927 1232 958 τοὺς
1251 926 1370 961 βασιλεῖς
1383 926 1407 952 οἱ
1423 925 1527 956 πολλοὶ,
1541 925 1659 960 τιμῶσιν
1675 924 1722 955 οὓς
1751 924 1861 951 δοκοῦσι

1074 973 1164 1000 σέϐειν
1195 972 1284 1004 θεοὺς,
1306 972 1414 1007 καὶτῆς
1433 972 1516 1005 ἄλλης
1537 971 1651 1002 ἑαυτοὺς
1669 970 1771 1002 κακίας
1795 971 1862 996 ἁνα-

1073 1019 1251 1055 χσιτίζουσιν.
1269 1018 1354 1050 Ἐπεὶ,
1369 1019 1393 1045 εί
1410 1018 1447 1053 μὴ
1464 1017 1542 1044 τοῦτο
1556 1015 1601 1053 ἦν,
1615 1017 1651 1048 ὡς
1667 1017 1683 1052 ἡ
1699 1017 1753 1043 τῶν
1769 1024 1860 1052 πραγ-

1075 1065 1167 1100 μάτων
1191 1065 1295 1099 ἐλέγλει
1315 1063 1495 1098 παράστασις,
1527 1062 1794 1098 ἁπηρυθριασμένως
1822 1063 1857 1088 ἂν

1069 1111 1218 1146 ἐπράττετο
1234 1110 1268 1136 τὰ
1285 1109 1369 1141 κακὰ,
1397 1110 1445 1136 καὶ
1469 1108 1524 1136 οὐδ’
1552 1109 1584 1136 ἂν
1613 1108 1727 1135 ἔσπευδε
1760 1117 1800 1140 τις
1814 1107 1861 1135 τοῦ

1071 1155 1172 1183 λαθεῖν.
1204 1155 1308 1190 Ὀμως
1335 1154 1447 1191 προνοίᾳ
1478 1155 1532 1181 τῶν
1558 1154 1626 1181 θεῶν
1641 1154 1696 1188 ἐγὼ
1722 1154 1793 1181 κατὰ
1818 1155 1864 1189 τὴν

1078 1201 1252 1237 Ἀλεξάνδρου
1278 1201 1422 1235 γενόμενος
1440 1201 1529 1227 αὐτῶν
1551 1209 1581 1227 τε
1608 1201 1729 1236 τιμωρὸς
1753 1201 1863 1236 ἔσομαι,

1073 1249 1120 1275 καὶ
1148 1249 1197 1280 τὴν
1221 1247 1341 1283 ἐμαυτοῦ
1376 1246 1606 1282 ἑπανορθώσομαι
1641 1247 1779 1281 ἄγνοιαν,
1810 1247 1863 1282 τὴν

1075 1294 1139 1328 περὶ
1149 1294 1194 1320 τὸν
1209 1294 1416 1328 ἐσταυρωμένον
1430 1293 1544 1328 πλάνην,
1569 1293 1691 1319 ἐκποδὼν
1710 1293 1865 1328 ποιησάμε-

1077 1347 1131 1370 νος.
1152 1337 1230 1371 Eius,
1256 1339 1304 1365 καὶ
1322 1338 1353 1365 οὑ
1368 1338 1436 1365 πολὺ
1460 1339 1491 1365 τὸ
1510 1339 1540 1365 έν
1569 1339 1645 1374 μέσῳ
1664 1339 1772 1374 παρῆκε
1788 1337 1866 1372 γενέ.-

1078 1390 1150 1420 σθαι,
1169 1387 1236 1414 ἀλλὰ
1249 1387 1282 1414 τὰ
1312 1387 1438 1414 πολιτικὰ
1469 1388 1557 1415 πάντα
1579 1388 1711 1423 δευτέρας
1744 1387 1866 1420 ἀξιώσας

1077 1433 1228 1468 φροντίδος¹
1255 1433 1332 1468 τάχει
1351 1433 1440 1469 πολλῷ
1455 1433 1503 1469 τὴν
1527 1434 1704 1468 Ἀλεξάνδρου
1721 1433 1865 1467 καταλαμ-

1079 1479 1165 1506 ϐάνει.
1178 1479 1232 1505 Καὶ
1244 1479 1342 1506 αὐτίκα
1358 1480 1543 1515 συλληφθῆναι
1562 1479 1666 1506 κελεύει
1682 1480 1745 1511 τοῦς
1759 1479 1866 1512 ἁγίους,

237 1527 285 1553 καὶ
299 1527 356 1561 ἅμα
380 1526 464 1561 πρωῒ.
490 1527 540 1561 τῆς
555 1535 583 1553 τε
597 1526 700 1558 πόλεως
734 1526 843 1561 ἁπάσης
866 1524 984 1561 ὁρώσης,
1017 1525 1134 1562 καὶτῆς
1162 1526 1360 1563 στρατιωτικῆς
1392 1526 1599 1562 παρισταμένης
1626 1525 1727 1561 χειρὸς,
1751 1524 1866 1552 καθίσας

237 1574 283 1600 ἐπὶ
297 1573 342 1599 τοῦ
358 1572 489 1608 βήματος,
518 1572 638 1607 γυμνοὺς
663 1572 763 1604 αὐτοὺς
791 1572 940 1599 ἐπέταττεν
965 1573 1137 1608 εἰσαχθῆναι.
1852 1569 1857 1574 ”

271 1619 378 1647 XXVII.
396 1620 542 1654 Postquam
557 1623 650 1646 autem
668 1626 716 1646 eos
729 1619 817 1646 solum
840 1618 908 1646 vidit
935 1619 1021 1647 intro-

1111 1620 1173 1647 KZ’.
1209 1619 1264 1646 Καὶ
1280 1619 1317 1651 ὡς
1348 1619 1428 1654 μόνον
1456 1616 1526 1646 εἶδεν
1554 1619 1761 1654 εἰσαγομένους,
1792 1618 1865 1653 μέγα

236 1666 344 1699 ductus,
361 1673 458 1700 magna
475 1673 540 1692 voce
557 1665 714 1692 exclamans
727 1673 734 1691 ι
748 1664 769 1692 0
783 1664 832 1696 dii,
843 1665 943 1699 inquit,
960 1664 1024 1699 quid

237 1712 291 1738 hoc
309 1711 431 1737 futurum
449 1715 501 1741 cst.
519 1710 592 1744 quod
608 1710 671 1742 iste,
698 1710 778 1745 cujus
801 1713 903 1736 tantam
930 1717 1025 1736 curam

238 1756 321 1791 gessi,
337 1761 365 1782 et
381 1757 407 1783 ei
424 1756 526 1790 primos
544 1755 730 1790 magistratus,
754 1762 822 1790 quos
836 1755 903 1782 nulli
921 1755 967 1782 alii
992 1762 1026 1782 ex

239 1802 284 1834 iis,
301 1801 348 1836 qui
362 1802 438 1828 nobis
454 1805 562 1836 parent,
578 1800 716 1833 mandavi,
738 1808 787 1828 sua
810 1804 908 1836 sponte
934 1801 1025 1828 omnia

238 1846 406 1882 despexerit,
429 1851 456 1873 et
470 1846 502 1872 ad
522 1851 574 1873 tam
593 1845 737 1873 obscuram
752 1849 780 1873 et
794 1845 927 1881 abjeetam
942 1845 1027 1873 fortu-

239 1901 302 1920 nam
329 1892 519 1927 transl‘ugerit,
550 1896 577 1919 et
602 1899 708 1918 comam
735 1891 818 1918 etiam
842 1891 942 1926 capitis
972 1890 1026 1918 sibi

238 1937 393 1969 ademerit,
424 1942 451 1964 et
478 1936 565 1964 nihilo
594 1937 693 1963 melius
718 1936 754 1964 sit
784 1936 909 1969 allectus,
944 1944 1025 1972 quam

239 1983 315 2012 mimi
330 1987 357 2010 et
373 1990 485 2014 scurrae,
499 1982 546 2016 qui
562 1982 589 2009 in
603 1990 685 2009 scena
702 1977 787 2009 risum
812 1982 936 2010 movent?
959 1983 1026 2010 Pro-

237 2030 301 2064 plus
316 2037 381 2056 vero
404 2028 537 2055 accedens
559 2027 592 2055 ad
616 2028 838 2064 Hermogenem:
870 2029 919 2057 Dic
945 2029 1024 2062 mihi,

237 2074 369 2111 inquit,o
393 2073 498 2105 infelix,
516 2081 634 2110 quanam
659 2074 692 2100 de
709 2081 791 2101 causa
819 2074 867 2102 tibi
897 2074 1024 2102 commisi

239 2121 323 2147 totius
344 2125 424 2147 terra:
450 2125 477 2148 et
503 2119 587 2146 muris
616 2119 774 2155 imperium,
792 2125 819 2147 et
848 2120 970 2154 decrevi,
996 2125 1026 2148 ut

237 2165 340 2200 absque
358 2173 516 2193 successore
534 2172 645 2200 gereres
674 2165 863 2200 magistratum
880 2174 887 2192 :
916 2173 970 2192 non
996 2170 1026 2192 ut

238 2211 293 2238 diis
309 2211 419 2246 quidem
433 2211 556 2238 futurum
569 2211 744 2243 benevolum,
756 2215 784 2239 et
798 2211 874 2238 nullo
887 2211 968 2238 modo
980 2219 1026 2239 eos

237 2257 446 2291 abnegaturum,
460 2260 488 2284 et
500 2257 661 2284 benevolum
677 2265 787 2293 quoque
799 2256 879 2284 nobis
890 2257 1024 2289 futurum,

237 2307 265 2329 et
280 2303 353 2330 hunc
371 2303 482 2330 doctum
500 2307 527 2329 et
540 2303 692 2337 sapientem
704 2303 805 2335 virum,
830 2302 876 2337 qui
895 2310 1026 2337 prospero

237 2346 356 2374 fortuna:
372 2347 463 2374 afﬂatu
480 2351 581 2381 praeter
594 2355 703 2380 acquum
721 2347 842 2379 lnilatus,
859 2351 888 2373 et
907 2346 971 2373 hinc
988 2347 1028 2374 la-

237 2400 303 2428 psus
317 2397 360 2420 est
376 2393 403 2420 in
416 2400 551 2424 errorem,
567 2397 625 2419 arte
639 2397 667 2419 et
685 2394 857 2428 experientia
871 2399 898 2420 et
922 2395 1023 2421 verbo-

238 2445 298 2467 r'um
313 2439 493 2475 persuasione
506 2439 539 2465 ad
551 2439 669 2474 patriam
685 2440 832 2467 reduceres
850 2440 1029 2476 religionem?

237 2484 374 2518 Quidnam
391 2492 457 2519 ergo
474 2489 500 2511 te
531 2484 628 2517 movit,
657 2490 705 2512 aut
734 2485 864 2521 quidnam
888 2487 1026 2521 spectasti,

237 2535 268 2558 ut
283 2531 388 2558 sineres
405 2538 468 2558 eum
488 2530 592 2558 diutius
607 2531 710 2558 versari
728 2530 756 2558 in
777 2532 909 2565 vanitate,
928 2537 956 2560 et
972 2541 1027 2561 non

238 2576 328 2603 solmn
360 2584 423 2604 eum
456 2576 491 2604 ab
517 2583 610 2603 errore
635 2576 802 2610 reduceres,
826 2578 874 2605 sed
903 2579 1026 2614 ejusdem

236 2621 314 2649 malae
337 2621 478 2656 opinionis
496 2622 521 2649 ei
549 2621 628 2648 lieres
645 2623 746 2656 socius,
773 2628 800 2651 ct
821 2623 870 2651 tibi
891 2628 1024 2659 praeterea

237 2673 333 2704 caput,
352 2676 368 2695 ο
387 2667 496 2701 stolide,
512 2667 651 2701 tonderes,
666 2672 692 2695 et
706 2669 873 2703 reputarer‘is
883 2677 943 2697 esse
957 2678 1028 2697 unus

236 2714 319 2741 exiis
337 2713 384 2749 qui
402 2718 466 2741 sunt
479 2714 506 2741 in
538 2714 655 2747 theatro,
685 2715 889 2743 histrionibus?
913 2716 979 2743 Cum
992 2724 1024 2744 eo

237 2760 285 2788 irae
300 2766 326 2788 et
339 2761 514 2789 accerbitatis
528 2762 707 2797 processisset
735 2762 896 2797 imperator,
914 2763 1026 2790 iracun-

236 2807 325 2842 deque
350 2812 378 2835 et
410 2807 511 2836 furiose
541 2816 590 2836 eos
623 2812 696 2836 esset
734 2809 872 2842 intuitus,
907 2809 1026 2845 benigne

236 2853 308 2882 licus
325 2853 429 2888 aspexit
442 2858 575 2889 martyres
589 2863 595 2882 :
611 2859 758 2890 etrepente
773 2855 813 2883 eis
826 2861 961 2889 apparent
979 2864 1027 2883 an-

1079 1666 1255 1701 ἀνακραγιὶιν,
1270 1664 1348 1701 'Ap',
1365 1663 1387 1692 ὧ
1402 1666 1470 1700 θεοὶ,
1495 1666 1557 1700 ἔφη,
1572 1667 1598 1692 τί
1617 1666 1708 1700 μέλλει
1732 1665 1810 1692 τοῦτο
1825 1664 1866 1692 εἴ-

1078 1719 1131 1742 ναι,
1147 1712 1177 1737 τὸ
1194 1711 1261 1747 παρ’
1275 1711 1341 1746 ἐμοῦ
1370 1711 1419 1746 μὲν
1433 1711 1478 1738 τὸν
1501 1711 1649 1738 ἀπατεῶνα
1661 1711 1768 1742 τοῦτον,
1792 1719 1864 1746 προ-

1079 1756 1151 1787 νοίας
1167 1756 1302 1791 τοσαύτης
1329 1755 1489 1791 ἀξιωθῆναι,
1506 1757 1555 1782 καὶ
1571 1756 1620 1786 τὰς
1649 1755 1759 1790 πρώτας
1776 1755 1865 1791 ἁρχας

1077 1800 1114 1832 ὡς
1129 1801 1177 1827 οὐκ
1194 1801 1266 1836 ἄλλῳ
1280 1801 1334 1827 τινὶ
1364 1801 1420 1828 τῶν
1445 1801 1490 1836 ὗς*
1504 1802 1578 1837 ἡμᾶς
1607 1801 1802 1837 πιστευθῆναι·
1817 1801 1867 1827 αὑ-

1077 1845 1210 1881 θαιρέτως
1223 1847 1252 1873 δὲ
1268 1847 1377 1874 πάντων
1386 1847 1523 1883 ὑπεριδεῖν
1540 1848 1587 1875 καὶ
1600 1849 1784 1882 αὐτομολῆσαι
1798 1848 1868 1882 προς

1077 1891 1206 1926 τοιαύτην
1217 1892 1302 1928 τύχης
1318 1894 1462 1928 ἀφάνειαν,
1490 1894 1537 1920 καὶ
1559 1894 1626 1930 πρὸς
1642 1894 1683 1921 ἔτι
1711 1894 1762 1929 τῆς
1781 1903 1867 1928 κεφα-

1077 1936 1126 1973 λῆς
1154 1938 1204 1972 τὴν
1236 1940 1326 1974 κόμην
1359 1939 1506 1974 περιελεῖν,
1537 1940 1583 1966 καὶ
1614 1940 1667 1966 τῶν
1683 1940 1712 1966 ἐν
1729 1941 1761 1975 τῇ
1776 1941 1865 1975 σκηνῇ

1076 1985 1267 2018 γελωτοποιῶν
1283 1986 1438 2012 διακεῖσθαι
1468 1987 1550 2021 μηδὲν
1562 1986 1684 2021 ἄμεινον.
1699 1987 1753 2013 Καὶ
1778 1994 1864 2021 προσ-

1078 2030 1150 2065 σχὼν
1165 2031 1204 2057 ἔτι
1221 2031 1259 2067 τῷ
1277 2032 1391 2066 ἡγεμόνι
1404 2040 1410 2047 ·
1427 2032 1497 2066 Λέγε
1516 2040 1562 2067 μοι
1592 2032 1635 2064 σὺ,
1655 2032 1780 2067 δύστηνε,
1799 2033 1865 2066 ἔφη,

1076 2077 1148 2108 τίνος
1176 2077 1255 2112 χάριν
1282 2077 1372 2113 πάσης
1390 2086 1430 2103 σοι
1443 2079 1493 2112 γῆς
1509 2078 1555 2104 καὶ
1576 2078 1714 2111 θαλάσσης
1728 2078 1778 2112 τὴν
1789 2078 1866 2111 ἑξοσ-

1078 2121 1137 2148 σῐαν
1153 2121 1302 2157 ἐπέτρεψα,
1324 2126 1371 2148 καὶ
1402 2123 1450 2157 τὴν
1467 2123 1553 2158 ἀρχὴν
1575 2123 1715 2157 ἁδιάδοχον
1731 2123 1865 2150 ἐθέσπισα

1077 2167 1148 2202 ἔχειν
1162 2174 1168 2181 “
1195 2168 1244 2202 οὐχ
1267 2168 1305 2199 ὡς
1322 2167 1415 2194 εὖνουν
1441 2168 1491 2202 μὲν
1504 2170 1559 2200 τοῖς
1576 2169 1659 2202 θεοτς,
1676 2169 1723 2196 καὶ
1739 2169 1801 2204 μηδ’
1815 2169 1863 2202 ἃν,

1078 2214 1104 2239 sl’
1126 2222 1152 2240 τι
1169 2214 1215 2239 καὶ
1229 2214 1346 2246 γένοιτο,
1369 2213 1481 2250 ἔξαρνον
1502 2214 1595 2241 αὐτῶν
1612 2216 1642 2241 τι
1658 2215 1792 2250 παράπαν
1805 2216 1865 2241 ἐσό-

1080 2267 1179 2294 μενον;
1202 2258 1294 2285 εῦνουν
1311 2260 1338 2286 δὲ
1354 2260 1399 2286 καὶ
1416 2262 1502 2295 ήμῐν;
1521 2262 1569 2288 καὶ
1591 2262 1628 2292 ὡς
1652 2262 1685 2287 ἂν
1703 2262 1749 2287 τὶν
1772 2261 1864 2295 λόγιον

1080 2305 1185 2331 τουτονὶ
1200 2305 1246 2331 καὶ
1278 2305 1359 2339 σοφὸν
1375 2305 1470 2340 ἄνδρα,
1481 2306 1568 2341 τύχης
1589 2306 1724 2341 πνεύματι
1743 2306 1818 2339 παρὰ
1835 2306 1865 2332 τὸ

1078 2351 1150 2383 size;
1164 2351 1328 2387 φυσηθέντα.
1352 2352 1507 2379 Κάντεῦθεν
1524 2354 1564 2384 εις
1590 2353 1695 2388 πλάνην
1713 2352 1867 2387 ὼλισθηκό-

1077 2405 1122 2429 τα,
1145 2398 1240 2433 τέχνῃ,
1270 2398 1317 2423 καὶ
1343 2398 1438 2433 πείρᾳ,
1459 2399 1506 2424 καὶ
1530 2400 1564 2434 τῇ
1581 2398 1670 2425 πειθοῖ
1686 2399 1741 2425 τῶν
1766 2399 1864 2432 λόγων,

1078 2443 1146 2476 πρὸς
1165 2443 1215 2478 τὴν
1230 2442 1345 2477 πάτριον
1368 2443 1517 2478 θρησκείαν
1540 2443 1739 2478 ὲπαναγάγης;
1759 2444 1791 2469 Τί
1812 2443 1863 2478 ρῦν

1078 2487 1184 2520 παθὼν,
1195 2486 1211 2522 ἢ
1224 2487 1403 2523 θεασάμενος,
1417 2488 1574 2523 ἐγχρονίσαι
1586 2488 1636 2524 μὲν
1650 2490 1732 2515 abem
1744 2489 1864 2520 συνεῖδες

1078 2535 1111 2569 τῇ
1141 2533 1314 2568 ματαιότητι,
1347 2534 1393 2560 καὶ
1420 2534 1458 2569 μὴ
1489 2533 1569 2568 μόνον
1590 2533 1798 2568 ἀνακτήσασθαι
1813 2533 1864 2566 τῆς

1078 2580 1197 2614 ἀπάτης,
1210 2579 1278 2606 ἀλλὰ
1287 2579 1332 2606 καὶ
1347 2580 1428 2612 αὐτὸς
1444 2579 1505 2615 ἴσης
1515 2581 1682 2616 κοινωνῆσαι
1702 2579 1864 2612 κακοδοξίας

1078 2625 1125 2652 καὶ
1140 2626 1206 2661 προς
1216 2625 1264 2652 ⁴ἔτι
1278 2625 1326 2660 τὴν
1343 2625 1475 2662 κεφαῖλὴν,
1501 2627 1596 2662 ἀνζητε
1607 2645 1615 2658 ,
1643 2625 1864 2661 τερικείριισθαι,

1079 2671 1129 2697 καὶ
1141 2671 1194 2697 τῶν
1205 2672 1233 2698 ὲν
1246 2671 1369 2706 θεάτροις
1382 2668 1420 2703 εἷς
1433 2669 1501 2697 εἶναι
1516 2671 1671 2706 λογισθῆναι
1687 2670 1841 2706 ὑποκριτῶν
1854 2678 1863 2686 ’

1080 2718 1119 2748 εἰς
1135 2717 1214 2744 τοῦτο
1235 2717 1322 2752 θυμοῦ
1346 2719 1393 2744 καὶ
1423 2717 1576 2752 βαρύτητος
1608 2717 1796 2752 ἐξενεχθέντος
1815 2716 1864 2743 τοῦ

1084 2762 1225 2798 βασιλέως,
1237 2764 1284 2790 καὶ
1295 2763 1404 2798 ὀργίλον
1427 2772 1452 2789 τι
1469 2765 1515 2789 καὶ
1544 2763 1655 2798 μανικὸν
1684 2762 1865 2797 περ.6λέψαν-

1081 2818 1127 2841 τος
1145 2829 1153 2841 ,
1177 2808 1290 2843 εὐμενὲς
1314 2811 1370 2841 τοῖς
1398 2809 1534 2845 μάρτυσιν
1560 2809 1574 2836 6
1594 2809 1659 2841 Θεὸς
1681 2808 1790 2841 ἐπεῖδε,
1817 2809 1866 2836 καὶ

1082 2856 1208 2889 Ἄγγελοι
1224 2855 1315 2886 αὐτοῖς
1326 2857 1513 2889 ἐπιφαίνονται
1533 2855 1716 2889 παραγρῆμα,
1744 2854 1864 2888 θάρσους
