2082 3153
219 199 282 237 ,403
842 200 984 230 MENSIS
1003 201 1011 230 ]

1062 200 1219 234 ΞΕΜΒΕΗ.
1798 198 1852 230 λοι

229 258 307 285 ﬁeret
330 255 363 283 ad
381 254 617 290 respondendum,
634 254 798 284 imbecillior
818 265 882 284 vero
900 257 934 284 ad
954 265 1011 284 con-

1069 260 1155 294 ραστῇ
1177 259 1245 294 προς
1265 258 1314 290 τας
1330 257 1503 294 ἀποκρίσεις,
1521 256 1720 292 ἀσθενέστερος
1735 255 1763 282 δὲ
1778 256 1848 291 πρὸς

227 300 406 330 tendendum.
424 299 514 336 Atque
531 301 645 330 lictores
671 302 782 336 quidem
807 310 869 330 cum
896 303 1014 338 primum

223 349 368 386 jubentem
397 347 589 380 audivissent,
614 348 740 376 fecerunt
767 349 937 378 universum.
967 350 1014 377 ille

216 397 318 422 "autem
344 394 430 423 homo
460 394 594 421 continuo
617 401 677 422 esse
702 395 861 427 convictus,
893 400 921 422 et
946 395 1014 422 nihil

225 440 346 475 amplius
375 440 477 473 ferens,
496 447 576 475 quam
605 440 762 468 communis
788 441 876 476 possit
905 445 1013 472 natura.

226 487 329 514 missus
353 486 382 514 in
408 493 558 519 carcerem,
587 490 649 513 erat
677 486 759 521 plane
792 491 927 515 mortuus.
954 487 1014 514 Viri

227 538 319 560 tamen
338 532 469 560 misertus
486 532 593 567 (verum
606 531 680 559 enim
703 531 814 567 lateor),
831 538 862 560 ut
887 533 961 560 docti
989 538 1016 560 et

226 578 281 606 mei
300 578 380 612 civis,
396 582 422 605 et
438 585 509 612 aegre
524 577 626 609 ferens,
641 577 714 612 quod
731 578 773 604 vir
792 578 921 613 periisset
938 583 1013 606 tanta

217 621 362 658 'sapientia
388 623 522 658 prasditus
547 627 574 651 et
604 624 772 658 eloquentia.
800 632 909 652 summo
934 632 1014 652 mane

226 669 317 697 aﬂ'erri
342 669 412 705 jussi
433 677 532 704 corpus
549 670 609 705 ejus
625 670 762 704 exanime,
777 670 883 706 |volens
908 671 1013 704 videre,

226 723 346 751 quonam
363 717 423 751 ejus
439 716 567 743 rediisset
582 718 748 744 constantia.

259 782 358 810 XXIX.
386 782 536 817 Postquam
561 787 654 810 autem
674 790 738 811 eum
765 783 822 811 vidi
849 783 1014 811 accersitum

223 833 300 857 recte
312 829 430 864 ingredi,
445 834 473 857 et
488 837 558 864 pure
583 829 686 857 intueri
702 838 709 862 ς
729 829 830 858 deinde
853 830 937 858 etiam
950 838 1013 858 eum

225 876 317 903 audivi
345 881 441 910 aperte
469 875 664 909 disserentem,
685 876 798 904 videbar
824 877 892 904 mihi
920 876 1015 904 videre

1066 304 1115 339 τὴν
1131 304 1270 333 ἔνστασιν.
1288 305 1320 331 οι
1347 304 1396 339 μὲν
1415 302 1464 330 οὖν
1488 302 1580 338 δήμιοι
1605 302 1666 337 ἅμα
1683 310 1713 328 τε
1732 301 1852 336 προστάη

1067 349 1160 381 ξαντος
1179 350 1311 385 ἥκουσαν,
1331 350 1377 376 καὶ
1392 349 1422 376 τδ
1449 349 1503 376 πᾶν
1523 349 1652 384 ἔδρασαν.
1680 347 1710 374 '0
1722 347 1751 373 δὲ
1769 347 1851 379 εὐθὺς

1066 395 1204 430 ἐλεγχθεὶς
1217 393 1260 422 οἵα
1280 396 1435 431 ἄνθρωπος,
1462 395 1513 423 καὶ
1535 395 1619 430 μηδὲν
1641 402 1668 421 τι
1692 393 1773 421 πλέον
1800 393 1851 428 τῆς

1068 441 1162 475 κοινῆς
1180 441 1271 476 φέρων
1290 441 1409 475 φύσεως,
1433 440 1689 476 παραπεμπόμενος
1703 440 1736 474 τῇ
1754 439 1850 474 εἱρκτῇ

1065 488 1227 522 αὐτόχρημα
1241 488 1339 524 νεκρὸς
1350 485 1395 523 ἦν.
1413 487 1520 519 Ὅμως,
1537 486 1701 522 ὁμολογήσω
1712 485 1772 519 ’γὰρ
1801 485 1850 511 τὰ·

1065 533 1155 567 ληθὲς,
1175 533 1220 560 τὸν
1233 533 1316 568 ἄνδρα
1328 542 1356 560 τε
1371 533 1408 564 Lb;
1425 533 1507 567 σοφὸν
1523 532 1570 559 καὶ
1581 531 1797 567 συμπατριώτην
1810 531 1851 558 οε-

1066 579 1190 614 κτεὶρων,
1202 579 1291 613 ἀλγῶν
1304 579 1332 606 δὲ
1343 579 1389 605 καὶ
1403 579 1453 614 τὴν
1466 578 1566 613 ψυχὴν,
1584 578 1625 604 ὃτι
1640 577 1735 608 κακῶς
1755 576 1851 604 ἀπώλ-

1065 624 1129 651 λυτο
1140 624 1262 659 γλώττης
1275 624 1346 651 οὕτω
1356 625 1402 651 καὶ
1416 625 1510 658 σοφίας
1530 623 1600 659 ἔχων
1612 623 1693 658 ἀνὴρ,
1709 631 1851 658 μετεπεμ-

1066 671 1158 706 πόμην
1181 671 1283 698 ἄπνουν
1311 670 1343 697 τὺ
1364 670 1444 705 σῶμα
1469 671 1528 704 ἅμα
1550 669 1623 704 πρωὶ
1639 689 1647 702 ,
1680 669 1850 702 κατανοῆσαι

1066 716 1159 748 θέλων,
1171 717 1210 748 εἰς
1219 716 1244 742 τί
1255 716 1292 752 τῷ
1302 715 1417 751 τοιούτῳ
1431 715 1564 751 περιέστη
1573 715 1607 742 τὰ
1624 714 1674 749 τῆς
1690 714 1850 744 ἔνο-τάσεως.

1100 784 1166 812 ΚΘ.
1191 784 1237 815 Ὦς
1251 784 1280 811 δὲ
1297 783 1540 820 μεταπεμφθὲντσ,
1561 782 1704 818 βαδίζοντὰ
1718 791 1748 808 τε
1765 781 1851 816 ὑγιῶς

1065 829 1146 863 εἷδον,
1160 831 1208 857 καὶ
1223 829 1351 864 καθαρῶς
1365 829 1511 864 βλέποντα,
1526 827 1588 856 εἶτα
1613 828 1662 855 καὶ
1685 827 1851 863 προσδιαλε-

1065 878 1181 913 γομένου
1208 876 1296 912 τορῶς
1324 877 1450 912 ἥκουσα,
1473 875 1570 910 φάσμα
1592 874 1704 910 βλέπειν
1726 873 1850 904 ἐδόκουν.

225 927 366 957 spectrum
380 926 408 950 et
421 922 501 950 inane
514 923 671 955 somnium;
689 927 717 950 et
729 923 820 950 statim
839 923 925 950 clausi
945 931 1011 959 ocu-

1066 925 1114 951 καὶ
1125 923 1217 950 καινὸν
1228 923 1344 957 δνειρον,
1357 921 1405 948 καὶ
1417 921 1479 952 τοὺς
1490 920 1646 955 ὀφθαλμοὺς
1657 919 1739 951 εὐθὺς
1750 919 1849 953 ἐμυσα,

225 969 278 1000 los,
290 968 405 996 deorum
425 968 530 995 inimici
547 967 590 995 vel
616 968 703 1003 ipsum
717 969 897 1002 simulacrum
912 969 1015 996 abhor-

224 1022 304 1043 rens.
324 1014 391 1042 Cum
411 1018 502 1042 autem
526 1013 560 1041 de
577 1014 642 1041 sede
659 1014 874 1046 descendissem,
888 1019 917 1042 et
928 1015 1013 1042 visio-

225 1069 288 1088 nem
309 1061 390 1088 simul
405 1068 468 1088 cum
493 1061 556 1088 aliis
571 1061 681 1088 curiose
699 1060 870 1096 indagassem
890 1069 896 1088 :
916 1065 944 1089 ct
957 1069 1012 1089 non

224 1107 291 1134 solis
305 1107 422 1134 credens
438 1107 536 1138 oculis,
552 1107 599 1134 sed
615 1107 698 1134 etiam
710 1107 839 1134 manibus
851 1108 1013 1135 examinans

225 1159 253 1181 ct
277 1159 464 1186 contrectans,
490 1153 567 1181 illum
589 1153 678 1188 ipsum
709 1153 792 1180 didici
814 1161 875 1180 esse
893 1152 1012 1186 Menam,

223 1201 354 1235 protinus
369 1201 460 1228 victus
475 1207 536 1228 sum
550 1207 565 1227 a
581 1199 708 1232 veritate,
724 1207 779 1226 non
797 1199 894 1226 falsum
916 1203 1013 1226 testem

225 1246 330 1273 habens
355 1245 565 1273 conscientiam.
586 1245 832 1272 Verumenimvero
857 1244 936 1272 adest
956 1245 1014 1279 ipse

224 1299 346 1326 quoque,
366 1299 382 1318 ο
394 1291 557 1325 imperator,
570 1295 598 1317 et
609 1290 682 1318 dicat
693 1291 804 1325 quidem
819 1291 938 1325 populus
951 1297 1016 1317 cru-

224 1338 324 1370 ciatus,
337 1337 446 1364 curiose
464 1342 554 1364 autent
575 1337 634 1371 ipse
650 1344 761 1371 quoque
787 1336 906 1370 inquire,
924 1341 954 1364 ut
967 1344 1015 1363 vo-

225 1383 322 1415 lueris,
352 1390 414 1409 cum
440 1382 606 1409 miraculum
628 1382 664 1409 sit
678 1382 727 1409 tibi
753 1387 817 1410 ante
833 1381 939 1410 oculos.
966 1382 1015 1410 Dic

226 1436 294 1456 vero
305 1428 373 1454 mihi
391 1435 440 1462 per
455 1432 519 1455 tuos
538 1427 616 1461 deos,
631 1435 647 1455 ο
675 1427 838 1463 imperator,
853 1428 876 1455 si
897 1427 959 1462 quis
974 1428 1015 1455 vi-

226 1474 312 1502 disset
323 1473 475 1506 Christum,
488 1473 559 1502 sicut
572 1481 621 1510 ego
634 1474 692 1509 ipse
706 1473 774 1506 vidi,
797 1479 908 1509 repente
926 1479 1014 1502 totum

227 1520 367 1548 hominem
389 1521 584 1547 reformantem
612 1525 641 1548 et
663 1521 843 1553 animantem,
855 1525 883 1548 et
905 1529 937 1548 ex
960 1520 1014 1548 hoc

224 1566 336 1603 quidem
370 1574 448 1594 suam
473 1570 636 1600 potestatem
662 1566 879 1599 conﬁrmantem,
913 1573 1012 1602 nempe

1065 969 1113 996 τοῦ
1130 968 1184 996 τῶν
1200 968 1269 995 θεῶν
1291 967 1390 1003 ἐχθροῦ
1413 966 1638 1001 τερατευόμενον,
1661 965 1709 991 καὶ
1733 965 1800 991 αὐτὸ
1820 964 1852 990 τὸ

1063 1015 1174 1042 εἴδωλον
1186 1015 1401 1049 μυσαττόμενος.
1425 1013 1469 1044 Ὠς
1493 1013 1522 1040 δὲ
1547 1012 1579 1040 τδ
1601 1012 1697 1047 θρόνου
1724 1019 1850 1045 καταπη-

1063 1061 1149 1096 δήσας
1174 1061 1223 1096 τὴν
1248 1060 1310 1095 ὄψιν
1333 1060 1401 1095 μετὰ
1422 1059 1477 1086 τῶν
1502 1059 1589 1086 ἄλλων
1613 1057 1851 1093 περιειργαζόμην

1064 1107 1155 1142 κάγὼ,
1172 1107 1218 1134 καὶ
1230 1107 1267 1142 μή
1282 1107 1374 1142 μόνοις
1389 1107 1445 1137 τοῖς
1457 1105 1607 1140 ὀφθαλμοῖς
1621 1104 1768 1133 πιστεύων,
1783 1102 1853 1129 ἀλλὰ

1064 1154 1111 1180 καὶ
1125 1153 1204 1188 χερσὶ
1230 1152 1383 1188 βασανίζων
1394 1153 1441 1179 καὶ
1453 1151 1640 1186 διαψηλαφῶν,
1655 1150 1737 1177 αὐτὸν
1748 1150 1852 1176 ἐκεῖνον

1064 1197 1136 1225 εἶναι
1153 1200 1199 1225 τὸν
1214 1199 1313 1235 Μηνᾶν
1327 1197 1550 1233 κατεμάνθανον,
1562 1196 1684 1231 ἡττήθην
1706 1195 1756 1229 τῆς
1785 1194 1852 1228 ἁληο

1065 1245 1141 1276 Θείας
1158 1245 1249 1277 εὐθὺς,
1263 1244 1364 1280 ἀψευδῆ
1379 1244 1508 1279 μάρτυρα
1521 1243 1570 1277 τὴν
1595 1241 1750 1276 συνείδησιν
1769 1240 1851 1275 ἔχων.

1065 1292 1139 1327 Πλὴν
1155 1292 1223 1319 ἀλλὰ
1236 1293 1353 1326 πάρεστι
1376 1291 1424 1317 καὶ
1440 1290 1532 1322 αὐτὸς,
1549 1285 1571 1315 ὧ
1587 1288 1710 1324 βασιλεῦ,
1731 1287 1780 1314 καὶ
1805 1286 1852 1313 λε.

1065 1341 1137 1374 γέτω
1153 1339 1203 1375 μὲν
1222 1340 1236 1366 ό
1260 1339 1345 1373 δῆμος
1370 1337 1419 1368 τὰς
1446 1335 1581 1371 τιμωρίας
1598 1342 1605 1349 ·
1624 1333 1850 1368 πολυπραγμόνει

1064 1385 1093 1412 δὲ
1108 1385 1156 1412 καὶ
1173 1384 1254 1416 αὐτὸς
1268 1385 1341 1414 ὅπως
1354 1383 1386 1410 ἂν
1397 1382 1491 1416 ἐθέλῃς
1506 1381 1536 1407 τὸ
1548 1380 1640 1415 θαῦμα
1652 1380 1704 1415 πρὸ
1723 1379 1778 1406 τῶν
1798 1379 1851 1413 ὀμ-

1067 1432 1160 1467 μάτων
1175 1440 1216 1458 σοι
1241 1431 1282 1458 δν.
1300 1430 1368 1456 Εἰπὲ
1388 1429 1417 1455 δέ.
1436 1437 1493 1464 μοι,
1511 1427 1580 1463 πρὸς
1595 1427 1650 1454 τῶν
1665 1426 1720 1453 σῶν
1730 1425 1811 1456 θεῶν,
1828 1422 1851 1452 ὦ

1067 1477 1188 1514 βασιλεῦ,
1205 1478 1230 1504 εί
1245 1485 1286 1509 τις
1302 1476 1432 1511 ἑωρακὼς
1454 1475 1500 1501 τὸν
1521 1473 1649 1509 Χριστὸν,
1660 1474 1755 1508 ὥσπερ
1769 1472 1852 1504 αὐτὸς

1065 1524 1121 1559 ἐγὼ
1137 1514 1290 1558 ὲωράκεινῗ
1299 1522 1430 1557 ἐξαίφνης
1446 1520 1642 1548 ἀναπλάσαντα
1656 1519 1717 1546 ὅλον
1743 1518 1851 1552 ἀνθρω-

1067 1579 1118 1597 πον
1134 1570 1179 1597 καὶ
1195 1568 1371 1603 ψυχώσαντα,
1395 1568 1443 1595 χαὶ
1459 1565 1556 1593 πιστού
1563 1574 1643 1600 μενον
1666 1565 1715 1600 μὲν
1741 1564 1773 1590 ὲκ
1788 1563 1850 1590 τού-

224 1612 298 1647 quod
316 1612 375 1640 haec
389 1612 500 1647 quidem
515 1620 570 1640 non
585 1616 649 1640 sunt
662 1612 786 1644 alterius.
802 1620 883 1647 quam
902 1612 960 1643 Dei.
985 1617 1011 1639 et

1065 1625 1112 1642 του
1127 1617 1177 1651 τὴν
1188 1614 1287 1642 ἑαυτοῦ
1306 1613 1431 1648 δύναμιν,
1449 1612 1487 1644 ὼς
1506 1612 1558 1638 ούκ
1579 1610 1662 1638 ἄλλου
1675 1609 1748 1639 τινος
1763 1609 1851 1636 ταῦτα

216 1658 298 1694 quod
312 1658 369 1693 ipse
382 1659 427 1690 sit,
445 1659 492 1694 qui
508 1659 628 1694 primum
645 1659 748 1686 ereavit
759 1659 897 1686 hominem
913 1668 920 1686 :
934 1658 1013 1693 polli»

223 1709 303 1732 cetur
321 1710 412 1732 autem
429 1705 462 1732 iis
477 1705 526 1739 qui
543 1705 621 1732 illum
637 1705 725 1732 secuti
751 1705 864 1736 fuerint,
884 1704 911 1731 in
936 1704 1012 1732 emlis

223 1751 337 1786 quidem
353 1759 469 1786 regnum
481 1755 627 1783 aeternum,
641 1751 686 1778 hic
702 1759 768 1778 vero
795 1756 903 1779 tantum
919 1758 1010 1786 posse,

223 1801 358 1830 quantum
376 1797 434 1831 ipse
448 1797 532 1823 solus.
547 1795 574 1824 Si
591 1797 662 1830 quis,
682 1805 743 1824 cum
759 1797 817 1824 brec
831 1800 858 1824 et
871 1796 1014 1824 didicisset

224 1847 254 1868 et
266 1840 391 1871 vidisset,
404 1840 558 1875 despiceret
573 1841 685 1876 quidem
703 1841 765 1869 talis
781 1841 829 1868 Dei
843 1849 904 1869 esse
915 1847 943 1869 et
956 1842 1010 1869 dici

225 1887 331 1914 amicus
348 1895 356 1914 :
374 1887 528 1921 despiceret
555 1891 648 1914 autem
674 1895 754 1922 posse
769 1888 860 1915 omnia
877 1896 957 1923 agere
985 1893 1013 1916 et

224 1937 344 1964 mutare,
371 1941 433 1968 quze
455 1933 530 1960 solus
549 1933 607 1968 ipse
633 1934 728 1961 Deus:
750 1938 777 1961 et
797 1942 883 1962 CtECOS
901 1935 1011 1970 quidem

221 1980 315 2008 facere
347 1979 577 2010 videre.c|audos
602 1985 694 2007 autem
723 1980 833 2011 saltare.
849 1985 877 2008 et
903 1986 1012 2009 montes

222 2033 344 2057 movere,
361 2030 389 2052 et
402 2030 525 2053 mortuos
536 2027 670 2053 suscitare
688 2035 695 2053 :
716 2030 782 2053 etut
797 2026 879 2054 simul
909 2026 1009 2059 dicam,

222 2079 280 2098 rem
297 2079 408 2098 omnem
424 2079 535 2098 movere
557 2076 677 2098 creatam
702 2072 762 2099 solo
777 2072 862 2099 verbo
876 2077 904 2100 et
919 2078 986 2100 nutu
1000 2081 1008 2105 ;

220 2117 321 2145 deinde
333 2117 416 2144 etiam
427 2117 526 2152 pignus
537 2117 650 2150 habere,
665 2118 739 2152 quod
755 2118 894 2145 laetabitur
914 2123 942 2146 et
967 2126 1009 2146 re-

216 2163 317 2197 .unsbit
332 2164 358 2190 in
373 2169 518 2191 aeternum.
546 2164 596 2196 Qui
616 2172 679 2192 eum
704 2164 876 2199 reliquisset.
895 2169 922 2192 et
933 2165 1009 2192 clau-

216 2209 301 2237 sisset
328 2209 424 2236 oculos
445 2209 478 2236 ad
507 2213 610 2236 tantam
632 2209 855 2238 beatitudinem:
882 2210 1009 2245 elegisset

220 2260 312 2282 autem
326 2260 433 2282 vestros
444 2255 510 2283 deos
527 2255 630 2289 colere,
642 2261 670 2284 et
684 2263 745 2283 esse
768 2256 864 2283 consul
879 2257 1007 2291 eLimpe‘

220 2305 307 2333 rator,
322 2301 448 2336 quisnam
463 2301 486 2328 is
499 2301 548 2328 tibi
563 2302 725 2329 videretur?
737 2300 796 2328 Non
808 2309 874 2329 vere
895 2302 1007 2335 stultus,

215 2355 274 2379 non
291 2351 387 2374 emotae
403 2347 551 2380 mentis,et
568 2347 613 2382 qui
631 2347 712 2382 longe
727 2347 815 2380 abest,
834 2352 863 2375 ut
877 2347 1010 2384 intelligat

218 2393 292 2428 quod
308 2393 344 2421 sit
360 2393 430 2421 cond
436 2393 544 2421 ucibilc.

252 2461 338 2489 XXX.
351 2461 500 2496 Propterea
510 2461 604 2496 igitur,
619 2469 635 2488 ο
645 2462 803 2496 imperator,
813 2470 863 2498 ego
873 2470 1006 2495 errorem,

217 2511 243 2534 et
262 2507 368 2534 fabulas
381 2511 495 2538 vestras,
507 2511 535 2534 et
547 2506 615 2534 deos
625 2507 812 2540 abominatus,
828 2513 856 2536 ct
871 2509 1008 2544 abnegata

218 2554 270 2580 hac
281 2553 367 2586 omni,
388 2561 448 2587 qua:
460 2553 580 2587 videtur,
592 2554 736 2586 felicitate,
756 2554 788 2581 ad
807 2556 895 2582 solum
923 2556 1008 2584 Deum

218 2598 334 2630 accessi,
347 2604 376 2626 ct
386 2599 480 2630 malui,
499 2603 530 2625 ut
542 2599 600 2634 ipse
612 2599 714 2632 dixisti,
731 2607 790 2628 esse
800 2601 905 2633 infelix,
917 2601 1009 2636 potius

219 2644 307 2671 videri
331 2644 443 2678 stultus,
463 2653 544 2680 quam
576 2653 636 2673 esse
649 2646 764 2680 eligens.
793 2647 882 2682 Atque
912 2653 1008 2675 nostra

219 2690 329 2725 quidem
341 2699 374 2719 ex
391 2691 494 2728 iisquzr
510 2694 632 2724 autliisti,
641 2694 696 2730 jam
707 2694 839 2722 didicisti.
852 2696 904 2722 Res
917 2700 1007 2723 autem

218 2736 321 2764 Christi
335 2737 358 2765 si
374 2739 441 2767 velis
467 2741 639 2774 experientia
664 2741 783 2773 discere,
800 2749 834 2768 ne
856 2741 1005 2769 cuncteris.

218 2783 347 2818 Excogita
362 2785 416 2812 cito
431 2786 457 2813 in
469 2793 520 2814 nos
533 2794 662 2823 magnum
674 2787 786 2822 aliquod
801 2791 830 2814 et
845 2795 927 2823 grave
941 2796 1006 2823 sup-

215 2829 337 2864 plicium,
349 2835 377 2858 et
393 2831 416 2859 si
428 2832 477 2859 tibi
490 2832 559 2860 forte
573 2833 650 2860 d'eest
662 2833 765 2868 aliquid
777 2833 811 2860 ad
824 2834 1004 2869 excogitanda

215 2875 362 2910 supplicia,
375 2885 426 2912 ego
438 2878 485 2913 qui
510 2886 611 2913 magna.
628 2879 655 2906 in
672 2879 715 2907 his
740 2879 938 2908 exercitatione
969 2880 1002 2907 ad

213 2930 349 2951 summam
376 2925 499 2960 processi
515 2926 726 2961 experientiam,
744 2935 776 2955 ea
804 2935 915 2964 quoque
941 2935 1002 2963 Quae

1064 1664 1107 1690 ὅτι
1123 1662 1160 1697 μὴ
1180 1661 1260 1693 Θεοῦ,
1272 1661 1317 1687 καὶ
1330 1661 1371 1686 ὅτι
1383 1658 1465 1690 αὑτός
1480 1659 1556 1685 ἔστιν
1569 1658 1582 1684 ὀ
1597 1656 1646 1683 καὶ
1666 1656 1715 1690 τὴν
1738 1654 1850 1689 πρώτην

1063 1709 1273 1745 δημιουργήσας
1287 1708 1333 1734 τὸν
1347 1707 1501 1742 ἄνθρωπον,
1519 1704 1737 1739 ὑπισχνούμενον
1757 1703 1786 1730 δὲ
1802 1701 1852 1729 καὶ

1063 1757 1120 1787 τοῖς
1133 1756 1231 1790 ἐκείνῳ
1250 1753 1470 1787 ἀκολουθήσασιν
1492 1752 1521 1778 ἐν
1545 1751 1672 1785 οὐρανοῖς
1697 1749 1748 1785 μὲν
1773 1749 1851 1784 βασι-

1064 1802 1140 1829 λείαν
1154 1802 1251 1832 ἀῖδιον,
1266 1799 1383 1827 ἐνταῦθα
1397 1798 1426 1825 δὲ
1436 1797 1557 1824 τοσαῦτα
1572 1796 1714 1827 δύνασθαι,
1743 1796 1794 1822 ὅσα
1818 1803 1850 1829 γι

1066 1848 1148 1883 μόνος
1163 1847 1245 1879 αὑτός
1260 1854 1268 1862 ·
1283 1846 1310 1872 εῖ
1323 1854 1375 1877 τις,
1394 1844 1481 1871 ταῦτα
1498 1842 1593 1879 μαθὼν
1609 1843 1657 1869 καὶ
1673 1842 1751 1874 litim,
1766 1841 1851 1875 παρί-

1063 1893 1104 1920 δοι
1121 1894 1170 1928 μὲν
1187 1894 1217 1919 τὸ
1231 1893 1309 1928 φίλος
1326 1889 1398 1918 εἶναι
1413 1891 1461 1918 καὶ
1486 1890 1616 1925 λέγεσθαι
1633 1889 1755 1916 τοιούτου
1769 1887 1850 1920 Θεοῦ,

1063 1940 1172 1976 παρίδοι
1187 1939 1217 1966 5's
1233 1939 1323 1966 καὶτὸ
1335 1937 1470 1964 δύνασθαι
1488 1936 1567 1971 ἄγειν
1586 1935 1674 1962 πάντα
1695 1934 1744 1961 καὶ
1767 1942 1850 1970 μετα-

1062 1986 1171 2013 ϐάλλειν
1184 1982 1228 2012 οἵα
1246 1985 1326 2019 μόνος
1341 1983 1424 2014 αὐτός
1436 1991 1467 2017 γε
1490 1982 1568 2015 Θεὸς,
1591 1982 1640 2008 καὶ⁸
1653 1980 1772 2015 τυφλοὺς
1786 1979 1850 2014 μὶν,

1063 2031 1173 2067 βλέπειν
1189 2032 1288 2062 ποιεῖν,
1305 2029 1410 2065 χωλοὺς
1425 2029 1455 2055 δὲ
1473 2028 1613 2060 ἅλλεσθαι,
1633 2027 1683 2062 ὅρη
1703 2034 1734 2053 τε
1749 2027 1848 2057 κινεῖν,

1062 2079 1108 2104 καὶ
1124 2077 1238 2112 νεκροὺς
1260 2076 1383 2111 ἀνιστᾷν.
1407 2076 1454 2102 καὶ
1470 2074 1562 2104 ἁπλῶς
1574 2074 1624 2109 τὴν
1641 2073 1730 2099 κτίσιν
1758 2072 1850 2098 πᾶσαν

1063 2125 1222 2160 μεταποιεῖν
1238 2124 1311 2158 μόνῳ
1327 2123 1399 2158 λόγῳ
1422 2122 1470 2148 καὶ
1490 2121 1606 2156 νεύματι
1626 2128 1633 2136 ·
1657 2118 1717 2146 εἶτα
1745 2119 1793 2146 καὶ
1819 2118 1849 2144 τὸ

1061 2170 1167 2205 χαίρειν
1185 2169 1232 2196 καὶ
1256 2167 1411 2204 βασιλεύειν
1427 2166 1546 2197 αἰωνίως
1574 2165 1706 2200 ἐχέγγυον
1725 2164 1810 2199 ἅχειν,
1833 2163 1848 2189 δ

1061 2216 1155 2243 τοῦτον
1173 2214 1343 2247 καταλιπὼν,
1361 2213 1408 2241 καὶ
1426 2213 1495 2249 πρὸς
1510 2211 1638 2246 τοιαύτην
1657 2210 1849 2246 μακαριότητα

1026 2277 1046 2304 ο
1063 2261 1152 2296 μύσας
1166 2262 1229 2292 τοὺς
1241 2260 1409 2295 ὀφθαλμοὺς,
1428 2258 1556 2304 ἑλόμενος
1567 2257 1596 2284 δὶ
1614 2258 1679 2304 τοὺς
1697 2256 1850 2304 ύμετέρονς

1063 2307 1153 2333 σέϐειν
1169 2307 1246 2338 θεοὺς
1263 2307 1310 2332 καὶ
1331 2305 1434 2337 ὕπατος
1450 2302 1520 2331 εἶναι
1540 2304 1587 2331 καὶ
1609 2302 1747 2338 βασιλεὺς,
1774 2301 1801 2328 τί
1814 2301 1852 2328 ἄν

1062 2362 1105 2380 σοι
1120 2352 1209 2385 ἔδοξεν
1221 2350 1298 2384 οὗτος
1312 2360 1320 2385 ;
1332 2351 1382 2386 οὐχ
1394 2351 1434 2383 ὼς
1456 2350 1565 2385 ἀληθῶς
1598 2348 1709 2384 μωρ6ς;
1734 2347 1785 2374 οὐκ
1803 2346 1851 2373 Ξκ-

1061 2408 1137 2435 φρων
1150 2408 1157 2433 ;
1175 2399 1207 2426 οὺ
1227 2398 1328 2425 πολλοῦ
1344 2398 1412 2425 δέων
1427 2398 1458 2424 τὸ
1478 2397 1601 2424 συνοῖσον
1618 2396 1730 2430 φρονεῖν
1743 2403 1751 2428 ;

1094 2466 1134 2494 A'.
1149 2467 1198 2494 Διὰ
1211 2466 1299 2493 ταῦτα
1309 2465 1399 2492 τοίνυν
1411 2464 1479 2499 ἐγὼ,
1502 2463 1626 2500 βασιλεῦ,
1660 2463 1711 2498 τὴν
1740 2462 1848 2496 πλάνην

1062 2511 1188 2543 καὶτοὺς
1203 2510 1306 2546 μύθους
1322 2511 1385 2542 τοὺς
1407 2509 1558 2545 ὑμετέρους
1576 2508 1625 2536 καὶ
1648 2507 1727 2540 θεοὺς
1751 2507 1848 2544 βδελυ-

1064 2557 1190 2592 ξάμενος,
1208 2557 1253 2584 καὶ
1267 2558 1359 2584 πᾶσαν
1371 2557 1422 2591 τὴν
1438 2556 1608 2592 φαινομένην
1626 2554 1729 2589 ταύτην
1755 2553 1847 2580 εὐδαι-

1063 2604 1159 2638 μονίαν
1172 2603 1406 2640 ἐξαρνησάμενος,
1432 2603 1505 2637 μόνῳ
1534 2610 1564 2628 τε
1593 2601 1784 2637 προσέδραμον
1807 2598 1847 2634 τῷ

1058 2649 1180 2685 Χριστῷ.
1193 2651 1241 2676 καὶ
1257 2649 1492 2684 κακοδαιμνῡνείν,
1519 2647 1557 2679 ὡς
1573 2647 1653 2678 αὐτὸς
1670 2643 1763 2678 εἴπας,
1780 2645 1847 2680 ἠγά-

1059 2704 1145 2732 πησα,
1160 2696 1190 2722 τὸ
1203 2695 1291 2723 δοκεῖν
1305 2695 1351 2722 τοῦ
1377 2693 1446 2722 εἶναι
1467 2694 1559 2729 μωρὸς
1585 2692 1780 2728 προελόμενος.
1805 2689 1847 2716 Τὰ
1874 2694 1880 2697 “

1061 2744 1109 2779 μὲν
1125 2742 1171 2770 οὖν
1184 2743 1306 2778 ἡμέτερα
1323 2742 1353 2776 ἐξ
1366 2742 1456 2769 αὐτῶν
1471 2740 1550 2776 ἡμῶν
1574 2739 1625 2775 ήδη
1647 2737 1768 2768 ἀκούσας
1798 2745 1847 2771 με·

1060 2788 1186 2823 μάοηκας
1204 2795 1211 2802 ·
1229 2788 1264 2814 τὰ
1280 2789 1308 2815 δὲ
1321 2788 1367 2815 τοῦ
1385 2787 1521 2823 Χριστοῦ,
1538 2785 1566 2812 εἴ
1583 2793 1616 2820 γε
1640 2784 1731 2820 βούλει
1759 2781 1849 2816 πείρᾳ,

1060 2835 1165 2869 μαθεῖν,
1184 2835 1221 2871 μὴ
1247 2835 1337 2867 μέλλε.
1360 2833 1479 2860 Ἐπινόει
1507 2832 1536 2859 δὲ
1559 2831 1661 2866 πολλήν
1682 2839 1744 2858 τινα
1775 2829 1844 2863 ταχτδ

1058 2881 1105 2908 καὶ
1117 2881 1206 2915 δεινὴν
1222 2880 1284 2908 καθ’
1298 2880 1376 2916 ήμῶν
1397 2879 1514 2914 βάσανον
1526 2886 1532 2893 ·
1551 2878 1596 2905 καὶ
1608 2878 1634 2904 εί
1657 2877 1683 2903 τί
1707 2885 1749 2903 σοι
1761 2875 1844 2903 ὲνδέει

1058 2927 1126 2965 sip";
1142 2929 1172 2954 τδ
1185 2927 1304 2960 ἐπινοεῖν
1323 2926 1505 2961 κολαστήρια,
1525 2925 1592 2959 ἐγὼ,
1609 2925 1642 2959 τῇ
1670 2922 1735 2958 περὶ
1755 2920 1844 2948 ταῦτα
