2082 3153
258 183 312 215 407

252 282 395 311 dimittunt
408 292 582 321 suspensum,
596 290 699 318 nullum
714 293 826 320 omnino
838 294 961 323 sinentes
978 304 1040 325 eum

253 327 347 356 videre
364 329 398 356 ad
425 333 654 364 consolationem.
683 336 800 366 Sanctus
825 345 916 368 autem
934 349 996 369 cum
1013 347 1041 371 et

251 374 334 408 capiti
348 375 484 410 impositis
504 379 629 414 vinculis,
645 387 672 410 et
687 383 814 414 deorsum
834 387 960 415 trahente
973 396 1041 423 pon—

251 422 318 449 dere
335 422 435 458 lapidis
447 427 653 461 extenderetur,
669 434 697 457 et
717 431 742 458 ei
763 434 961 467 propemodum
974 422 1038 462 fdis-

251 466 586 507 solverenturcompages,
598 474 674 501 nervi
687 483 751 502 vero
765 478 995 512 convellerentur,
1009 485 1038 508 et

250 519 349 540 carnes
361 514 590 551 dilacerarcntur,
605 524 633 546 et
651 525 680 547 ut
693 522 777 550 semel
793 523 895 558 dicam,
907 526 997 553 omnis
1011 527 1036 553 ei

250 558 303 585 alia
318 560 438 594 graviter
459 562 673 598 abrumperetur
693 569 887 602 commissura,
905 572 1035 605 quamdiu

249 607 361 640 quidem
383 608 456 636 vires
479 612 602 645 corporis
628 613 798 643 suilecerunt
815 616 848 643 ad
875 618 957 646 animi
970 627 1036 647 con-

249 653 391 686 stantiam,
419 656 540 690 graviter
570 659 681 694 quidem
701 661 869 696 patiebatur,
901 665 1035 699 psallebat

245 703 338 727 autem
357 702 487 730 assidue:
507 704 595 732 «Yide
608 706 789 736 humilitatem
801 718 902 744 meam,
914 716 941 739 et
957 713 1034 740 labo-

245 754 304 773 rem
322 749 452 782 meum“;
473 759 483 776 ›
515 756 544 779 et
571 752 637 781 illud
656 763 664 781 :
693 764 702 781 ι
720 755 778 783 Non
798 762 863 785 sunt
890 759 1033 795 condigna:

245 793 386 826 passiones
400 795 482 830 hujus
507 799 640 832 temporis
656 802 691 827 ad
718 802 838 830 futuram
854 805 968 839 gloriam
982 807 1003 834 ⁹.
1021 816 1030 833 ι

244 839 391 874 Postquam
421 846 514 871 autent
548 845 629 879 plane
657 847 684 875 ei
712 851 884 885 consumptis
912 851 1029 886 viribus,

245 893 321 912 suam
335 887 554 922 coniunctionem
576 893 688 920 omnino
709 897 819 930 negavit
841 902 951 931 natura,
966 907 1028 926 cum

245 931 359 960 dixisset
375 942 381 960 :
399 934 506 963 Gratias
521 944 571 973 ago
587 939 654 972 tibi,'
665 941 790 975 Domine,
809 945 882 978 quod
898 950 944 973 tua
958 946 1029 974 bona

243 980 414 1013 perceperim
436 990 443 1008 :
462 985 590 1017 tanquam
602 986 722 1019 pondere
731 990 858 1023 supplicii
875 996 990 1026 repente
1005 993 1031 1020 ei

243 1032 311 1052 voce
323 1032 455 1061 repressa,
475 1028 501 1056 in
517 1037 642 1065 soporem
659 1034 808 1068 resolutus,
829 1037 924 1064 tacuit.

279 1113 400 1144 XXXI".
419 1117 566 1152 Postquam
593 1128 659 1148 vero
677 1123 790 1158 utrique
822 1125 933 1153 athletae
952 1132 1029 1155 tanta

241 1162 395 1189 constantia
411 1167 439 1189 et
451 1162 614 1193 fortitudine
640 1167 721 1196 desiit
738 1175 875 1199 certamen
891 1174 1027 1209 martyrii,

240 1212 355 1240 repente
383 1208 523 1238 affuerunt
551 1218 673 1241 amantes
684 1220 710 1242 ct
731 1217 797 1244 socii
817 1219 906 1254 angeli
924 1221 956 1247 ad
979 1228 1028 1249 eos

240 1252 453 1283 defendendos:
480 1261 508 1284 et
533 1258 653 1292 primum
672 1261 784 1296 quidem
815 1271 877 1291 cum
898 1268 1027 1299 martyris

241 1298 421 1335 Hermogenis
437 1310 538 1338 corpus
551 1312 565 1332 e
579 1303 655 1332 ﬂuvii
678 1307 817 1342 profundo
837 1311 1025 1346 sustulissent.

238 1349 266 1369 ut
286 1350 399 1379 repente
414 1354 478 1375 eum
508 1353 596 1377 totum
623 1351 761 1387 integrum
787 1356 980 1391 restituisscnt,
997 1364 1026 1386 et

238 1390 339 1417 deinde
355 1392 438 1420 etiam
453 1394 631 1429 animassent,
647 1402 674 1425 et
691 1399 828 1428 dixissent
840 1410 870 1429 se
886 1404 1024 1438 proﬁcisci

237 1437 271 1462 ad
291 1436 397 1465 Menam
415 1440 558 1474 athletam,
582 1447 611 1471 et
631 1444 720 1479 ipsum
743 1446 846 1476 hortati
874 1436 977 1484 essent,
995 1455 1025 1479 ut

237 1490 464 1519 consequeretur,
497 1487 542 1515 ubi
559 1497 655 1523 parum
680 1494 818 1528 progressi
845 1497 1024 1525 veneruntad

237 1529 402 1563 rustodiam,
419 1532 492 1560 intro
504 1535 596 1562 statim
611 1544 805 1573 perrexerunt.
820 1541 936 1575 viribus,
961 1552 1022 1578 quae

236 1574 288 1601 sub
298 1581 438 1610 aspectum
455 1587 509 1608 non
523 1583 635 1614 cadunt.
657 1583 800 1613 dissolutis
814 1587 855 1615 eis
882 1588 1019 1619 claustris.
1037 1589 1059 1618 (Ξ

235 1620 422 1658 Hermogenes
444 1635 510 1654 vero
527 1629 646 1664 seipsum
664 1631 776 1666 quidem
800 1640 891 1662 mente
907 1636 1022 1672 agitans,

234 1673 262 1694 et
277 1673 364 1696 totum
379 1677 469 1700 actum
486 1674 567 1702 tacite
578 1677 771 1711 considerans,
786 1679 1020 1717 obstupescebat;

235 1714 345 1742 beatum
363 1721 454 1744 autem
472 1719 578 1747 Menam
599 1723 680 1750 etiam
696 1733 859 1761 suspensum
873 1729 1020 1763 aspiciens.

234 1765 261 1787 et
276 1762 333 1796 jam
348 1770 401 1789 non
420 1765 569 1797 spirantem
582 1769 710 1803 amplius.
726 1777 754 1799 et
771 1777 940 1802 tormentum
962 1784 1023 1804 cer-

235 1814 303 1835 llCIIS
323 1809 508 1845 intolerabile,
534 1813 641 1843 tristitia
681 1817 862 1850 adiciebatur.
894 1821 929 1851 Ut
957 1832 1021 1852 vero

234 1857 308 1882 esset
332 1860 453 1885 attentus
471 1863 499 1886 et
524 1860 638 1895 videret.
673 1863 776 1894 hortati
801 1869 901 1904 angeli.
929 1871 1020 1898 statim

235 1908 296 1927 cum
314 1903 431 1936 quodam
453 1905 560 1934 honore
575 1912 603 1935 et
621 1913 774 1940 reverentia
784 1914 817 1941 ad
834 1903 960 1944 sanctum
974 1925 1021 1946 ³ο-

232 1947 345 1975 cedunt.
361 1948 500 1980 Relaxatis
514 1957 606 1981 autem
637 1957 782 1993 utriusque
798 1960 926 1994 vinculis,
944 1971 1016 1997 cum.

230 2002 312 2029 quam
327 1996 506 2031 sustinuerat,
520 2001 706 2030 membrorum
730 2005 890 2040 juncturam
907 2016 1018 2045 compe-

229 2041 334 2075 gissent
345 2048 373 2070 et
383 2051 537 2079 sanassent,
554 2053 581 2075 et
594 2056 657 2076 eum
675 2058 773 2086 magno
785 2054 885 2087 gaudio
895 2060 922 2082 et
933 2057 1015 2085 alacri

227 2086 311 2113 animi
340 2089 432 2117 studio
449 2091 639 2127 replevissent,
661 2097 753 2124 statim
772 2086 885 2133 quidem
907 2102 1017 2131 solvunt

229 2133 409 2170 Hermogenis
434 2145 581 2167 mmrorem
604 2147 718 2177 propter
747 2153 874 2180 magnum
898 2148 1015 2178 Menam.

225 2179 294 2207 Cum
319 2186 409 2209 autem
437 2191 525 2220 usque
538 2186 572 2214 ad
601 2190 769 2218 matutinum
785 2200 846 2219 cum
863 2194 904 2221 eis
924 2202 1016 2224 essent

227 2227 337 2260 versati,
350 2233 378 2256 et
394 2229 427 2256 ad
447 2231 572 2265 pericula
585 2234 732 2264 subeunda
748 2245 797 2265 eos
822 2240 907 2275 magis
923 2242 1013 2270 acuis-
1029 2257 1051 2285 υ

227 2275 485 2310 sent,ctjussissent
497 2286 545 2306 eos
555 2279 685 2310 festinare
692 2283 727 2310 ad
740 2291 802 2311 mox
814 2287 1013 2316 eismittendas

225 2327 351 2352 coronas,
367 2322 613 2357 etjpollicitiessent
622 2336 651 2356 se
660 2329 741 2357 simul
751 2331 906 2366 adfuturos,
915 2338 944 2361 et
957 2342 1015 2362 cer-

225 2366 325 2394 tamina
339 2375 393 2395 ttna
407 2376 467 2397 esse
482 2370 607 2400 adituros
632 2382 719 2409 usque
731 2376 764 2404 ad
779 2382 886 2413 tempus
897 2388 1012 2409 corona-

223 2419 284 2439 rum
301 2419 329 2441 ct
348 2415 471 2443 victoriae
486 2419 720 2449 renuntiationem
735 2443 743 2455 .
763 2429 791 2451 et
810 2425 912 2454 deinde
928 2428 1011 2456 etiam

221 2457 262 2486 cis
276 2467 370 2494 pacem
387 2461 538 2497 dedissent,
556 2470 584 2492 et
599 2466 720 2495 faustum
743 2469 866 2500 victoriae
880 2475 1011 2503 nuntium

221 2504 263 2532 cis
274 2506 487 2541 significassent,
505 2510 596 2538 statim
611 2513 644 2539 ab
656 2513 699 2541 eis
713 2523 899 2548 recesserunt.

258 2551 378 2581 XXXIV.
405 2555 555 2590 imperator
589 2564 682 2587 autem
711 2570 774 2590 cum
798 2571 906 2593 summo
930 2576 1010 2597 mane

219 2598 347 2632 iussisset
360 2602 463 2633 aperiri
480 2603 630 2639 theatrum,
641 2611 667 2634 et
683 2608 717 2635 ad
739 2618 802 2638 eum
816 2620 925 2641 omnem
943 2623 1010 2642 con-

221 2644 474 2680 venirc'populum.
492 2649 563 2677 sedit
579 2659 629 2686 pro
648 2653 789 2683 tribunali.
813 2656 947 2690 Quoniam
960 2668 1009 2688 au-

222 2694 275 2716 tem
290 2698 435 2726 acceperat
450 2699 534 2723 totam
554 2697 694 2727 civitatem
716 2701 869 2731 credidisse
886 2705 1006 2740 Christo,

219 2735 397 2765 deliberando
419 2748 485 2769 vero
505 2747 534 2770 et
569 2746 753 2774 consultando
782 2752 918 2778 statuerat
945 2759 1007 2780 esse

218 2781 329 2815 quidem
346 2783 442 2813 inutile
464 2795 524 2815 eam
540 2790 696 2826 relinquere
713 2793 888 2828 impunitam,
910 2805 1007 2826 rursus

218 2833 309 2856 autem
325 2828 559 2862 inconsideratum
575 2842 628 2863 cta
658 2839 764 2867 ratione
787 2841 909 2870 alienum
938 2851 1002 2872 con-

252 2918 261 2933 “
276 2918 346 2947 Paul.
365 2929 434 2956 xxw,
449 2924 489 2952 18.
530 2924 538 2940 ³
556 2925 636 2953 Rom.
659 2935 716 2960 νιν,
736 2928 776 2957 18.

871 193 1016 225 MENSIS
1035 196 1252 234 DECEMBER.

252 237 380 264 fecerunt
394 237 466 271 quod
486 237 527 266 eis
540 239 630 267 fuerat
646 240 822 278 impetratum
839 254 845 272 :
862 250 888 273 et
899 247 940 274 sic
951 248 1024 283 ipsur

254 282 393 294 J2...’nl..-.
410 292 468 294 A,,_,
636 290 651 294 ..
782 293 788 294 κ

1076 272 1078 278 ι
1095 253 1164 279 κατὰ
1178 254 1208 281 τὸ
1233 256 1448 294 ἐπιτεταγμένον
1468 259 1588 294 ὲποίοὺν,

1825 211 1877 243 4ὓ8

1614 260 1663 289 καὶ
1686 261 1774 295 οὕτως
1795 265 1878 294 οὔτᾶν

1092 297 1205 332 ἀφιᾶσιν
1219 301 1417 338 ἐξηρτημένον,
1433 305 1539 341 μηδένα
1551 307 1606 334 τῶν
1622 307 1733 336 πάντων
1745 309 1877 344 ἐάσαντες

1091 344 1158 380 ὁρᾷν
1174 347 1214 378 είς
1229 349 1407 385 παραψυχήν.
1427 351 1457 378 ’0
1473 351 1501 378 δὲ
1517 354 1664 388 μακάριος,
1683 356 1739 387 τοῖς
1759 364 1790 382 τε
1811 358 1876 385 ἀνό-

1091 399 1185 426 χουσιν
1218 393 1288 430 ὑπὲρ
1311 396 1433 432 κεφαλὴν
1456 398 1567 434 δεσμοῖς
1593 399 1633 435 τῷ
1659 409 1689 427 τε
1715 401 1876 431 καθέλκοντι

1090 437 1168 472 ἄχθει
1181 438 1231 474 τῆς
1244 439 1332 474 λίθου,
1350 443 1454 478 σφόδρα
1477 446 1718 480 κατατεινόμενος,
1741 449 1790 475 καὶ
1814 450 1876 477 κατ’

1090 485 1180 519 ὀλίγον
1192 486 1378 523 διαλυομένων
1393 490 1444 525 μὲν
1459 491 1532 527 αὐτῷ
1549 493 1604 519 τῶν
1630 494 1780 529 ἁρμονιῶν,
1805 497 1876 524 ἀπο-

1090 533 1241 568 σπωμένων
1267 534 1296 561 δὲ
1325 536 1380 563 τῶν
1402 537 1517 572 νεύρων,
1542 537 1827 576 διασπαρασσομένων
1844 551 1874 570 τε

1087 577 1142 603 τῶν
1159 579 1279 614 σαρκῶν,
1305 581 1352 607 καὶ
1369 581 1463 614 ἁπλῶς
1491 584 1584 619 πάσης
1615 585 1699 620 ἄλλης
1726 589 1874 622 συναφείας

1088 625 1216 660 χαλεπῶς
1233 627 1495 665 ἅπορρηγνυμένης,
1509 631 1561 663 ἓως
1585 632 1634 666 μὲν
1650 633 1667 668 ἡ
1686 633 1733 660 τοῦ
1745 634 1873 670 σώματος

1089 671 1165 706 ἰσχὺς
1180 672 1292 708 ἐξήρκει
1306 675 1374 709 πρὸς
1389 675 1438 711 τὴν
1453 677 1581 704 ἔνστασιν
1591 679 1641 713 τῆς
1654 679 1754 715 ψυχῆς,
1765 681 1871 717 ἔπασχε

1088 718 1136 752 μὲν
1147 717 1253 751 δεινῶς,
1268 719 1367 754 ἔψαλλε
1381 722 1409 747 δὲ
1422 723 1557 758 συνεχῶς,
1576 724 1606 751 τὸ
1621 734 1631 751 ι
1648 725 1701 752 Ἴδε
1713 726 1761 760 τὴν
1777 728 1873 754 ταπεί-

1086 765 1169 791 νωσίν
1185 775 1236 801 μου
1249 767 1296 794 καὶ
1311 768 1358 794 τὸν
1373 768 1458 796 κόπον
1477 778 1542 804 μου,
1559 780 1568 797 ι
1589 771 1637 798 καὶ
1648 772 1679 798 τδ
1704 782 1714 798 ι
1731 774 1788 800 Οὐκ
1807 773 1872 806 ἀξια

1085 811 1120 837 τὰ
1132 812 1283 846 παθήματα
1297 813 1344 840 τοῦ
1360 814 1408 841 νῦν
1427 816 1525 851 καιροῦ
1550 817 1619 852 πρὸς
1644 817 1694 851 τὴν
1719 818 1870 853 μέλλουσαν

1085 857 1164 890 δόξαν
1180 866 1186 872 ·
1203 867 1213 884 ι
1235 859 1297 885 ἐπεὶ
1311 859 1339 886 δὲ
1359 861 1401 892 είς
1421 861 1498 893 τέλος
1525 863 1766 899 καταναλωθείσης
1794 866 1870 900 αὐτῷ

1084 905 1134 939 τῆς
1153 905 1255 940 ἰσχύος,
1272 906 1319 932 τὸν
1347 906 1497 942 σύνδεσμον
1523 908 1627 944 ἑαυτῆς
1645 909 1714 941 ὅλως
1741 911 1757 946 ἠ
1788 910 1870 945 φύσις

1083 951 1233 986 ἠρνήσατο,
1252 951 1348 985 εῐπὼν,
1373 953 1535 988 Εὐχαριστῶ
1546 963 1598 986 σοι,
1612 955 1710 991 Κύριε,
1732 956 1774 983 ὅτι
1800 957 1870 984 ἀπέ-

1083 996 1171 1024 λαυσά
1187 1006 1236 1024 σου
1250 998 1304 1025 τῶν
1318 999 1439 1032 ἀγαθῶν,
1465 1000 1512 1026 καὶ
1528 999 1624 1035 ὥσπερ
1654 1001 1694 1037 τῷ
1718 1001 1798 1038 βάρει
1819 1003 1870 1038 τῆς

1082 1045 1218 1079 τιμωρίας
1232 1045 1386 1080 ἐπισχεθεὶς
1407 1046 1485 1080 ἄφνω
1503 1047 1554 1082 τὴν
1578 1047 1683 1084 φωνὴν,
1716 1049 1757 1080 είς
1782 1048 1867 1076 ὕπνον

1081 1091 1257 1126 κατενεχθεὶς
1268 1092 1387 1121 ἐσιώπα.

1116 1135 1179 1163 Al".
1201 1137 1246 1167 Ὦς
1262 1135 1308 1164 οὖν
1335 1139 1375 1170 είς
1401 1138 1480 1166 τοῦτο
1497 1140 1646 1175 καρτερίας
1669 1141 1792 1178 ἐκατέρῳ
1811 1143 1868 1170 τῶν

1079 1182 1208 1217 ἀθλητῶν
1223 1183 1237 1209 ὁ
1255 1184 1425 1220 μαρτυρικδς
1439 1185 1513 1219 ἀγὼν
1528 1186 1634 1221 ἔληξεν,
1646 1187 1727 1220 εὐθὺς
1739 1189 1868 1224 παρῆσαν

1080 1227 1120 1258 είς
1134 1228 1279 1263 ἀντίληψιν
1291 1229 1316 1256 οἱ
1331 1230 1495 1264 προσφιλεῖς
1511 1232 1558 1257 καῖ¹
1576 1231 1717 1267 σύμμαχοι
1741 1232 1865 1267 ἄγγελοι.

1080 1273 1137 1300 Καὶ
1165 1274 1261 1309 πρῶτα
1290 1274 1350 1309 μὲν,
1373 1275 1404 1302 τὸ
1436 1276 1484 1302 τοῦ
1512 1277 1654 1312 μάρτυρος
1683 1277 1867 1313 Ἑρμογένους

1080 1319 1160 1354 σῶμα
1172 1321 1220 1347 τοῦ
1237 1321 1336 1356 βάθους
1353 1322 1400 1349 τοῦ
1414 1323 1539 1358 ποταμοῦ
1565 1324 1737 1359 ἀνελόμενοι,
1765 1325 1866 1361 ἀθρόον

1077 1375 1107 1392 τε
1120 1366 1213 1402 ἄρτιον
1227 1367 1286 1393 ὅλον
1299 1368 1380 1395 αὑτὸν
1401 1370 1690 1405 ἀποκαταστήσαντες,
1708 1369 1767 1398 εἶτα
1777 1371 1805 1397 δὲ
1817 1372 1866 1398 καὶ

1077 1412 1270 1447 ψυχώσαντες,
1287 1414 1335 1441 καὶ
1352 1414 1402 1449 τὴν
1418 1415 1464 1442 ἐπὶ
1481 1416 1526 1442 τὸν
1541 1416 1662 1452 ἀθλητὴν
1675 1417 1773 1452 Μηνᾶν
1788 1417 1866 1444 αὐτοὶ

1079 1459 1184 1494 μέλλειν
1194 1459 1304 1487 ἀπιέναι
1313 1460 1505 1496 φθεγξάμενοι,
1516 1463 1734 1498 προτρεψάμενοι
1744 1471 1774 1490 τε
1783 1463 1864 1490 συνέ-

1076 1504 1176 1532 πεσθαι
1194 1506 1241 1532 καὶ
1257 1506 1351 1539 αὐτὸν,
1366 1507 1456 1539 ὀλίγον
1475 1507 1648 1542 ὁδεύσαντες,
1666 1510 1729 1536 ἐπεὶ
1746 1510 1814 1546 πρὸς
1828 1512 1864 1546 τῇ

1077 1551 1185 1586 φυλακῇ
1204 1549 1286 1587 ἦσαν,
1301 1552 1376 1579 ἔνδον
1393 1554 1514 1589 ἐχώρουν
1528 1555 1621 1589 εὐθὺς,
1639 1556 1749 1592 ἀοράτῳ
1773 1557 1863 1583 σθένει

1075 1597 1130 1624 τῶν
1145 1597 1279 1634 κλείθρων
1289 1598 1470 1627 διαλυθέντων
1491 1602 1597 1633 αὐτοῖς.
1622 1601 1651 1629 Ὀ
1673 1602 1739 1636 γοῦν
1761 1603 1863 1638 Ἐρμο⁴

1074 1643 1168 1679 γένης,
1191 1645 1290 1672 ἑαυτὸν
1315 1646 1365 1680 μὲν
1394 1647 1549 1680 κατανοῶν,
1565 1647 1613 1674 καὶ
1639 1647 1670 1674 τὸ
1691 1648 1751 1675 ὅλον
1767 1649 1862 1684 ἡρέμα

1074 1692 1253 1725 περισκοπῶν
1276 1691 1323 1718 τοῦ
1346 1692 1498 1728 δράματος,
1528 1693 1714 1728 ἐξεπλήσσετο
1734 1702 1742 1710 ·
1770 1695 1817 1722 τὸν
1829 1695 1860 1722 δὲ

1075 1738 1211 1774 μακάριον
1236 1738 1342 1774 Μηνᾶν,
1353 1741 1400 1766 καὶ
1434 1740 1610 1776 κρεμάμενον
1652 1740 1772 1776 βλέπων,
1812 1743 1862 1769 καὶ

1073 1784 1176 1812 ἄπνουν
1196 1786 1247 1821 ἤδη
1263 1786 1421 1821 γενόμενον,
1435 1787 1484 1822 τὴν
1502 1787 1619 1822 βάσανόν
1635 1796 1665 1814 τε
1680 1789 1806 1824 καθορῶν
1821 1789 1860 1822 ὡς

1072 1831 1245 1866 ἀνύποιστον,
1260 1832 1468 1867 ἐσκυθρώπαζε,
1483 1834 1589 1869 Νὴφειν
1603 1835 1630 1862 δὲ
1645 1835 1725 1862 αὐτὸν
1738 1836 1785 1862 καὶ
1793 1836 1860 1871 όρᾷν

1072 1876 1095 1902 οί
1110 1876 1223 1910 ἄγγελοι
1239 1878 1474 1913 προτρεψάμενοι,
1500 1880 1571 1914 μετὰ
1584 1889 1656 1911 τινος
1670 1880 1752 1911 εὐθὺς
1766 1881 1859 1912 αἰδοῦς

1071 1921 1119 1947 καὶ
1134 1922 1217 1956 τιμῆς
1228 1923 1356 1957 προσίασι
1365 1923 1404 1958 τῷ
1415 1923 1496 1958 ἅγὲῳ.
1514 1923 1670 1959 Ἕκατέρων
1686 1933 1714 1950 τε
1738 1924 1793 1951 τῶν
1815 1924 1859 1951 δε-

1071 1968 1147 2002 σμῶν
1161 1968 1279 2000 ἀνέντες,
1294 1969 1341 1996 καὶ
1356 1969 1389 2004 ἢν
1406 1969 1509 2005 ὑπέστη
1527 1969 1671 2006 διάρρηξιν
1685 1970 1740 1997 τῶν
1768 1970 1859 2006 μελῶν

1071 2014 1263 2050 συμπήξαντές
1274 2024 1304 2042 τε
1315 2015 1362 2043 καὶ
1372 2016 1543 2050 ὑγιάναντες,
1554 2019 1600 2044 καὶ
1609 2019 1697 2053 χαρᾶς
1709 2017 1800 2051 πάσης
1811 2017 1859 2044 καὶ

1068 2061 1233 2096 προθυμίας.
1257 2062 1465 2097 πληρώσαντες.
1488 2063 1582 2091 λύουσι
1605 2066 1655 2100 μὲν
1679 2065 1780 2092 αὔτικα
1805 2065 1857 2100 τὴν

1074 2108 1257 2143 Ἑρμογένους
1272 2108 1320 2135 ἐπὶ
1331 2108 1370 2143 τῷ
1384 2110 1494 2146 μεγάλῳ
1509 2111 1590 2146 Μηνᾷ
1604 2111 1692 2146 λύπην
1707 2119 1715 2126 ·
1731 2111 1812 2147 μέχρι
1825 2111 1856 2138 δὲ

1068 2155 1168 2191 ὄρθρου
1181 2156 1272 2187 αὐτοῖς
1290 2157 1494 2192 ὁμιλήσαντες,
1509 2158 1558 2184 καὶ
1579 2158 1648 2192 πρὸς
1675 2159 1739 2190 τοὺς
1763 2158 1854 2184 κινδύ-

1069 2211 1130 2233 νους
1143 2202 1227 2229 πλέον
1249 2203 1453 2239 στομώσαντες,
1484 2204 1652 2232 σπεύδειντε
1671 2205 1771 2236 αὐτοὺς
1793 2206 1855 2231 επις

1067 2245 1218 2280 τρέψαντες
1243 2247 1290 2273 ἐπὶ
1319 2248 1383 2279 τοὺς
1409 2248 1471 2275 ὅσον
1500 2248 1577 2275 οῠπω
1604 2250 1854 2285 πεμφθησομένους

1068 2291 1230 2326 στεφάνους,
1254 2294 1437 2329 ὑποσχόμενοί
1448 2303 1478 2321 τε
1492 2296 1614 2322 συνεῖναι
1637 2296 1684 2322 καὶ
1697 2297 1752 2322 τῶν
1777 2295 1854 2330 ἀγών

1066 2345 1118 2363 νων
1134 2337 1225 2369 αὐτοῖς
1241 2338 1462 2372 συνεφάπτεσθαι
1479 2340 1564 2375 μέχρι
1581 2340 1629 2367 καὶ
1642 2340 1689 2366 τοῦ
1712 2341 1767 2367 τῶν
1791 2349 1852 2367 στε‹
1898 2350 1901 2352 ·

1065 2382 1158 2416 φὰνων
1171 2382 1268 2417 καιροῦ
1283 2384 1330 2409 καὶ
1343 2384 1392 2417 τῆς
1406 2385 1595 2420 ἀναρρήσεως.
1622 2382 1688 2411 Elia.
1703 2386 1750 2412 καὶ
1774 2386 1852 2421 cipit-

1065 2437 1114 2463 νην
1125 2429 1226 2460 δόντες,
1241 2429 1287 2455 καὶ
1298 2429 1376 2465 νίκην
1391 2431 1484 2464 αὐτοῖς
1495 2431 1753 2467 εὐαγγελισάμενοι,
1770 2432 1852 2464 εὐθὺς

1065 2473 1153 2500 αὐτῶν
1170 2473 1382 2509 ἀπηλλάγησαν.

1098 2567 1157 2594 AA’.
1173 2567 1204 2594 Ὀ
1217 2567 1247 2594 δὲ
1270 2568 1407 2602 βασιλεὺς,
1435 2569 1567 2602 κελεύσας
1598 2571 1657 2606 ἅμα
1681 2572 1754 2608 πρωϊ
1774 2572 1804 2598 τό
1818 2581 1850 2598 τι

1055 2613 1170 2649 θέατρον
1184 2614 1369 2649 παραστῆναι,
1387 2615 1434 2641 καὶ
1450 2616 1538 2643 πάντα
1551 2617 1596 2644 τὸν
1609 2617 1696 2653 δῆμον
1713 2620 1753 2651 είς
1771 2619 1850 2646 τοῦτο

1059 2661 1198 2694 παρεῖναι,
1238 2660 1366 2687 ἐκάθισεν
1379 2661 1424 2687 ἐπὶ
1437 2662 1484 2689 τοῦ
1502 2663 1638 2697 βήματος.
1661 2664 1738 2692 Ἐπεὶ
1754 2665 1783 2691 δὲ
1795 2674 1849 2700 μα-

1060 2707 1114 2733 θὼν
1132 2704 1167 2742 ἦν
1185 2706 1222 2738 ὡς
1235 2708 1311 2734 πᾶσα
1327 2709 1343 2742 ἡ
1360 2709 1437 2741 πόλις
1465 2710 1637 2738 πεπίστευκε
1665 2711 1705 2747 τῷ
1725 2712 1848 2748 Χριστῷ,

1059 2752 1130 2787 ἔγνω
1148 2754 1175 2780 δὲ
1195 2754 1370 2789 σκηψάμενος
1387 2756 1550 2792 ἀσύμφορον
1560 2758 1610 2792 μὲν
1622 2756 1692 2785 εἶναι
1703 2759 1847 2795 ἀτιμώρη-

1058 2808 1105 2827 τον
1124 2801 1228 2837 ταύτην
1245 2802 1418 2836 καταλιπεῖν,
1444 2803 1586 2838 ἀλόγιστον
1600 2805 1629 2831 δὲ
1659 2805 1741 2832 πάλιν
1760 2815 1846 2840 τιμω-

1059 2847 1118 2883 ρὲσιν
1138 2849 1245 2876 πάντων
1260 2851 1512 2886 καταψηφίσασθαι,
1531 2854 1788 2888 προσποιησάμενος
1800 2853 1845 2880 ani
