2082 3153
182 221 236 254 409

621 218 855 249 MARTYHIUM
876 218 908 248 S.
928 217 1044 247 MENJE
1064 217 1111 248 ET
1133 218 1342 249 SOCIORUM.

1751 218 1803 251 lli)

183 278 245 306 ὅλου
262 277 383 312 ἄγνοιαν,
415 275 482 310 ἔφη·
501 275 565 302 ὀτι
595 274 655 310 μὶν.
669 271 692 301 ὧ
721 274 857 310 παρόντες
877 273 967 307 ὑμεῖς,

1024 273 1150 301 demnare
1171 281 1277 306 omnes,
1293 279 1322 302 ut
1343 274 1503 308 puniantur,
1517 275 1650 303 simulans
1670 282 1699 303 se
1716 279 1803 302 totum

182 325 245 356 τοὺς
260 324 308 358 μὲν
337 323 415 354 θεοὺς
439 321 546 352 θυσίαις
577 321 625 348 καὶ
645 322 704 351 ταῖς
720 320 814 352 ἄλλαις
830 319 966 350 σπονδαῖς,

182 371 257 406 ἡμᾶς
280 369 308 396 δὲ
329 369 391 400 τοὺς
416 367 536 403 βασιλεῖς
551 367 622 394 αἰδοῖ
648 366 695 394 καὶ
709 366 785 401 φὸὄῳ
798 366 846 392 καὶ
859 367 891 400 τῇ
905 366 969 400 περὶ

181 416 282 444 τὸλλλα
306 415 413 450 ὑπακοῇ
440 414 603 449 θεραπεύειν
630 412 781 448 ἐγνώκατε,
808 413 840 438 ὲκ
863 411 969 438 πολλῶν

182 460 243 489 οἶδα
277 461 371 496 μαθών
381 469 388 476 '
405 461 446 486 ὅτι
461 460 489 487 δὲ
505 459 543 495 μὴ
560 460 642 490 εὐθὺς
657 458 801 489 ἀντείπετι
824 458 892 493 πρὸς
905 457 968 489 τοὺς

182 507 338 542 ἀλιτηρίους
353 506 474 537 ἐκείνους
485 506 519 532 τὰ
534 505 582 531 τοῦ
598 504 809 539 ὲσταυρωμένου
830 504 968 530 διδάσκειν

181 546 383 588 τολμήσαντας,
415 552 462 578 καὶ
485 551 518 578 ἶν’
534 552 603 578 εἴπω
633 559 673 582 τι,
689 551 735 577 καὶ
764 550 849 580 λίθοις
869 549 969 580 αὐτοὺς

183 599 238 633 πρὸ
250 598 329 633 ἡμῶν
347 597 540 630 κατελεύσατε,
564 597 615 624 οὐκ
628 596 704 624 ἐκτὸς
717 596 802 631 ὀργῆς
817 595 893 630 παρὰ
911 596 968 626 τοῖς

184 642 254 675 θεοῖς
286 643 392 670 κεῖσθαι
407 643 486 670 τοῦτο
498 643 653 677 λογίζομαι.
677 642 747 676 Ἐγὼ
761 642 852 668 τοίνυν
868 640 968 672 αὐτούς

182 697 212 715 τε
227 688 291 720 τοὺς
311 689 390 721 θεοὺς
418 688 563 715 διεκόικεῖν
590 686 888 722 προθυμούμενος.καὶ
915 695 969 721 μη-

183 734 247 762 δένα
262 735 339 769 ὑμῶν
363 735 529 769 θεοπέμπτῳ
561 735 723 769 περιπεσεῖν
743 733 873 767 συμφορᾷ
886 740 969 767 προσ-

181 781 274 808 τάσσω
289 782 338 815 τήν
353 789 382 807 τε
409 781 488 807 πόλιν
513 780 560 807 καὶ
590 780 695 811 πάντας
710 779 783 814 ὑμᾶς
798 779 853 805 τῶν
872 779 904 805 ἐκ
918 787 969 805 πα-

182 827 257 854 λαιοῦ
270 827 410 861 ἑκατέροις
425 826 678 861 ἀπονενεμημένων
690 824 857 860 στερηθῆναι
868 824 968 858 τιμῶν,

182 874 219 905 ὡς
234 873 266 900 ἂν
292 872 378 907 γνῶτε
395 873 427 898 ὲκ
443 881 472 899 τε
499 872 548 906 τῆς
564 873 604 902 εἰς
634 871 706 906 ὑμᾶς
721 871 824 905 ταύτης
839 870 970 905 ἐπιτιμή-

182 926 262 950 σεως,
287 918 334 944 καὶ
344 918 378 944 ἐκ
392 917 447 943 τῶν
471 918 511 948 είς
523 917 586 948 τοὺς
600 916 730 951 ἀνοήτους
748 915 873 946 ἐκείνους
889 915 970 942 κολά-

183 972 261 995 σεων,
289 963 330 989 ὅτι
353 963 422 989 ἐπὰν
438 963 451 988 ὁ
477 961 597 993 δικάζων
631 961 669 995 μὴ
693 959 968 994 προκατειλημμένος

184 1010 232 1036 καὶ
245 1010 325 1042 αὺτὶς
339 1008 389 1042 ὢν,
404 1008 559 1043 προδιδόναι
583 1007 633 1038 τὰς
648 1007 756 1042 ψήφους
774 1006 822 1033 καὶ
837 1013 969 1040 συντερα-

184 1054 310 1082 τεύεσθαι
337 1055 392 1086 τοῖς
410 1054 572 1088 ὑποκριταῖς
594 1052 700 1081 τούτοις
713 1051 856 1087 βούληται,
878 1051 909 1077 οὺ
923 1051 970 1076 δύ-

181 1100 262 1126 ναταί
297 1108 362 1126 ποτε
378 1099 484 1134 βοηθεῖν
500 1099 514 1124 ὁ
530 1098 739 1133 ἐσταυρωμένος
754 1098 771 1133 ἢ
797 1096 890 1124 κακῶν
908 1096 970 1131 ῥύε-

182 1145 255 1178 σθαι,
275 1147 357 1180 μόνον
370 1146 399 1172 δὲ
424 1145 504 1172 τοῦτο
533 1145 658 1175 δύναται,
673 1144 796 1171 θανάτων
813 1144 909 1178 βιαίων
922 1143 970 1170 καὶ

180 1192 324 1227 δυστυχίας
334 1192 449 1227 ἐσχάτης
457 1192 512 1222 τοῖς
521 1191 689 1226 πειθομένοις
696 1190 818 1224 γίνεσθαι
826 1190 967 1224 πρόξενος.

183 1238 277 1268 Iliaci;
294 1237 357 1272 ὑμῖν
379 1237 433 1262 τῶν
446 1237 520 1271 ἐμῶν
543 1237 630 1270 λόγων
645 1237 669 1262 oi
687 1235 845 1267 ἀπατεῶνες
870 1236 970 1262 ἐκεῖνοι

181 1285 228 1311 καὶ
243 1284 350 1319 γόητες,
375 1283 542 1318 Ἑρμογένης
553 1292 584 1310 τε
598 1284 644 1309 καὶ
657 1283 763 1318 Μηνᾶς,
776 1283 906 1317 ἑκάτερος
921 1282 970 1308 αὺ-

182 1331 238 1358 τῶν
256 1331 308 1365 πρὸ
316 1330 370 1357 τῶν
377 1330 501 1365 βασάνων
513 1329 609 1360 ἄλλους
625 1329 736 1363 άνιστᾷν
747 1328 879 1363 ὑπισχνοῦ
885 1336 970 1362 μενοι,

185 1377 230 1404 ὑπ’
246 1377 310 1412 ἐμοῦ
323 1377 410 1411 δὲηώς
425 1376 519 1411 ἐχρῆν,
535 1376 564 1402 ὲν
575 1375 666 1408 ὀλίγῳ,
681 1375 792 1410 χαλεπῷ
804 1374 912 1410 θανάτῳ
923 1372 970 1400 τοῦ

182 1426 232 1459 ζῇν
250 1424 421 1455 ἐκπεσόντες,
441 1423 487 1450 καὶ
501 1422 568 1457 μηδὲ
581 1423 686 1454 ἑαυτοῖς
698 1421 804 1456 βοηθεῖν
816 1422 969 1456 δυνάμενοι.

181 1470 236 1497 Ποῦ
242 1471 270 1497 δὲ
277 1470 401 1496 καίέστιν
413 1468 478 1504 ἡτοῦ
490 1469 590 1496 πλάνου
602 1469 706 1495 ἐκείνου
712 1468 830 1503 Χριστοῦ
838 1467 949 1502 δύναμις
960 1476 968 1500 ;

217 1516 278 1544 AE’.
300 1516 344 1547 Ὠς
359 1513 406 1542 οὖν
420 1516 460 1544 εἰς
483 1515 565 1541 τοῦτο
578 1514 753 1550 βλασφημίας
781 1511 848 1549 ἦκεν
861 1515 874 1540 ὁ
889 1513 968 1549 βατίς

181 1562 253 1594 λεῦς,
266 1561 381 1596 θορύϐου
408 1560 507 1587 πολλοῦ
535 1561 635 1596 μεστὸν
655 1559 688 1596 ἦν
702 1561 733 1586 τὸ
744 1560 872 1594 θέατρον,
895 1560 965 1586 πάν·

1021 319 1157 354 ignorare,
1179 319 1271 348 dixit:
1296 319 1375 352 Quod
1398 327 1447 347 vos
1477 320 1589 354 quidem
1613 322 1660 356 qui
1690 321 1803 354 adestis,

1019 366 1086 394 deos
1104 365 1215 400 quidem
1234 364 1378 393 sacriﬁciis
1406 370 1434 393 et
1456 365 1518 392 aliis
1544 366 1731 400 libaminibus,
1753 374 1805 394 nos

1019 416 1109 438 autem
1127 411 1306 446 imperatores
1321 411 1475 439 reverentia
1491 416 1519 439 et
1541 411 1640 440 timore
1657 418 1685 440 et
1700 413 1727 440 in
1743 413 1804 442 aliis

1019 457 1101 484 rebus
1113 457 1267 485 obedientia
1281 457 1372 485 colere
1386 458 1549 491 statueritis,
1575 466 1608 486 ex
1632 459 1724 486 multis
1741 459 1804 486 aliis

1019 503 1151 530 intellexi.
1167 503 1245 536 Quod
1271 508 1361 531 autem
1389 511 1445 531 non
1470 503 1561 531 statim
1591 505 1763 539 repugnastis
1777 510 1805 532 et

1020 550 1158 578 restitistis
1192 550 1248 578 illis
1264 551 1451 583 exsecrandis,
1464 551 1511 585 qui
1534 550 1662 578 Cruciﬁxi
1677 558 1722 578 res
1745 551 1805 578 ausi

1019 601 1082 624 sunt
1095 597 1204 630 docere,
1218 601 1246 623 et
1258 605 1313 624 non
1330 597 1402 632 ipsos
1415 601 1478 624 ante
1491 605 1540 624 nos
1554 597 1691 632 lapidibus
1706 597 1806 624 obrue-

1019 643 1092 675 ritis,
1116 643 1244 671 existimo
1259 643 1326 671 deos
1338 651 1371 671 ex
1389 643 1441 671 hoc
1457 643 1525 671 iram
1553 651 1607 670 non
1622 643 1709 670 levem
1737 651 1805 671 cou-

1019 689 1134 723 cepisse.
1152 689 1209 723 Ego
1226 689 1318 724 igitur,
1335 689 1382 724 qui
1397 694 1426 716 et
1437 689 1511 724 ipsos
1522 689 1588 717 deos
1601 689 1681 724 cupio
1695 690 1805 723 ulcisci,

1019 738 1047 761 et
1064 734 1168 760 nullum
1185 739 1307 761 vestrum
1325 734 1351 761 in
1369 734 1501 762 divinitus
1513 735 1663 763 immissum
1683 735 1805 763 incidere

1019 780 1213 811 calamitatem,
1226 781 1308 816 jubeo
1323 781 1461 809 civitatem
1477 786 1505 809 et
1517 789 1564 809 vos
1577 790 1674 810 omnes
1692 782 1796 817 privari

1019 826 1064 859 iis,
1080 827 1127 861 qui
1144 828 1268 862 utrisque
1285 827 1350 855 olim
1369 828 1626 861 l'ucruntattributi,
1644 829 1806 860 honoribus,

1020 874 1148 900 utscialis
1154 878 1182 900 et
1189 881 1222 900 ex
1233 874 1273 901 his
1284 875 1374 909 poenis
1382 875 1461 902 vobis
1468 875 1648 910 impositis,et
1659 875 1805 902 stultorum

1022 919 1130 946 illorum
1139 920 1292 955 suppliciis,
1301 921 1373 956 quod
1383 921 1595 956 quandojudex,
1605 922 1650 955 qui
1661 929 1713 948 non
1722 920 1808 948 fuerit

1022 966 1079 1001 ipse
1094 971 1313 1001 praeoccupatus,
1327 975 1382 994 non
1393 970 1452 995 vult
1465 975 1541 994 suam
1566 968 1682 1002 prodere
1695 973 1807 995 senten-

1024 1011 1088 1038 tiam
1109 1017 1136 1039 et
1155 1012 1278 1047 prodigia
1292 1011 1381 1040 facere
1397 1021 1459 1041 eum
1472 1013 1515 1040 his
1527 1013 1719 1045 histrionibus,
1735 1020 1806 1040 nuu-

1019 1066 1102 1093 quam
1114 1062 1205 1093 potest
1223 1066 1302 1094 opem
1315 1059 1385 1086 l'erre
1399 1059 1565 1091 Cruciﬂxus,
1583 1064 1630 1086 aut
1649 1059 1768 1086 liberare
1792 1065 1807 1085 ι

1021 1104 1116 1136 malis;
1134 1104 1222 1131 solum
1248 1109 1340 1132 autem
1358 1105 1410 1132 hoc
1435 1109 1535 1140 potest,
1562 1108 1664 1132 certam
1691 1109 1806 1131 mortem

1020 1153 1048 1177 et
1065 1154 1215 1178 extremam
1228 1150 1416 1178 infelicitatem
1428 1158 1577 1186 procurare
1593 1151 1626 1177 iis
1637 1150 1683 1184 qui
1701 1154 1808 1184 parent.

1022 1195 1126 1223 Eorum
1144 1203 1206 1230 quae
1219 1195 1293 1228 dico,
1312 1196 1392 1223 ﬁdem
1417 1196 1497 1224 vobis
1517 1201 1633 1231 possunt
1650 1195 1740 1223 facere
1758 1195 1809 1223 de-

1022 1246 1148 1276 ceptores
1172 1241 1212 1268 illi
1232 1246 1258 1268 et
1271 1242 1483 1277 praestigiatores
1503 1242 1688 1277 Hermogenes
1711 1246 1739 1269 et
1754 1242 1810 1269 Ile-

1022 1294 1082 1317 nas,
1104 1287 1214 1320 utrique
1248 1287 1370 1321 ipsorum
1398 1292 1462 1315 ante
1486 1291 1623 1315 tormenta
1651 1287 1810 1322 pollicentes

1022 1338 1051 1358 se
1061 1333 1122 1358 esse
1143 1331 1238 1358 aliosa
1265 1333 1381 1360 mortuis
1397 1333 1588 1365 suscitaturos,
1609 1341 1624 1360 a
1652 1341 1695 1360 me
1712 1338 1806 1360 autent

1024 1377 1113 1409 brevi,
1131 1381 1162 1404 ut.
1185 1378 1341 1411 oportebat,
1370 1379 1445 1413 gravi
1461 1383 1549 1406 morte
1573 1379 1627 1406 vita
1649 1379 1760 1413 privati,
1775 1387 1810 1406 ne

1027 1423 1079 1450 sibi
1098 1423 1165 1458 ipsis
1177 1424 1289 1458 quidem
1310 1430 1421 1458 possunt
1438 1433 1517 1460 opem
1533 1425 1618 1452 ferre.
1648 1425 1699 1453 Ubi
1716 1429 1810 1452 autem

1028 1477 1101 1496 nunc
1117 1474 1158 1497 est
1171 1470 1242 1505 plani
1261 1470 1333 1498 illius
1342 1471 1445 1498 Christi
1456 1472 1565 1499 virtus?

1057 1515 1167 1544 XXXV.
1183 1517 1332 1552 Postquam
1352 1525 1418 1552 ergo
1435 1517 1467 1544 ad
1493 1521 1595 1544 tantam
1613 1517 1810 1552 blasphemiam

1021 1562 1199 1597 processisset
1213 1563 1373 1597 imperator,
1390 1563 1476 1590 multo
1493 1564 1610 1590 tumultu
1625 1563 1737 1598 plenum
1752 1567 1812 1590 erat

181 1616 236 1634 των
253 1608 320 1642 πρὸς
336 1607 386 1638 τὰς
398 1607 557 1642 δυσφημίας
577 1607 815 1642 δυσχερανάντων,
839 1607 887 1633 καὶ
902 1615 968 1632 vatu-

1024 1608 1171 1640 tbeatrum,
1185 1608 1246 1643 ejus
1262 1609 1405 1637 maledicta
1419 1609 1547 1636 omnibus
1558 1617 1630 1644 aegre
1643 1609 1810 1640 ferentibus.

181 1653 301 1688 τερίζειν
321 1653 372 1688 ἠδη
390 1653 602 1689 προῃρημένων.
624 1653 709 1688 Πλὴν,
726 1653 778 1679 ὑπὸ
801 1652 857 1679 τῶν
885 1653 971 1688 κηρύ-

182 1709 238 1725 κων
267 1699 347 1734 σιγῆς
373 1699 544 1734 γενομένης,
577 1699 623 1726 καὶ
651 1698 797 1734 μέλλοντος
816 1697 895 1730 αὖθις
922 1698 970 1724 τοῦ

183 1746 315 1781 βασιλέως
327 1746 360 1772 τὰ
375 1746 446 1772 κατὰ
461 1745 575 1780 γνώμην
599 1745 698 1776 εἰπεῖν,
715 1744 849 1778 αίψνίδιον
864 1744 970 1771 ἀνακύ-

181 1792 237 1825 ψαν
254 1791 328 1817 ἆπαν
348 1790 379 1817 τὸ
396 1790 522 1826 θέατρον,
543 1790 591 1816 καὶ
615 1790 784 1825 θεασάμενον
796 1790 858 1820 τοὺς
875 1789 970 1823 ἁγίους

183 1839 223 1870 είς
238 1839 320 1872 μέσον
335 1837 366 1864 τὸ
379 1837 455 1872 βῆμα
482 1836 730 1871 κατιπηδήσαντας
758 1835 885 1871 (καὶγὰρ
902 1834 972 1870 ἦσαν

184 1885 291 1920 ἀθρόως
323 1883 527 1918 ἐπιφανέντες),
546 1883 658 1917 γλῶσσά
680 1891 710 1909 τε
736 1882 831 1918 ὥσπερ
845 1882 971 1916 ἐγένοντο

187 1932 246 1966 μία,
264 1931 313 1957 καὶ
329 1930 428 1962 πάντες
443 1929 608 1963 ἀνέκραξεν·
623 1927 669 1961 Εἷς
684 1929 751 1961 Θεὸς
764 1929 874 1964 ἀληθῶς
889 1929 903 1954 ὁ
918 1929 973 1955 τῶν

186 1977 358 2014 Χριστιανῶν
382 1977 458 2008 Θεός.
476 1977 580 2003 Τούτου
591 1976 752 2011 γενομένου,
765 1975 912 2011 Εῧγραφός
930 1984 973 2006 ⁸τις

187 2025 215 2055 ὃς
229 2025 276 2051 καί⁵
307 2024 389 2055 αὐτὸς
421 2024 526 2059 ἠσκητο
543 2023 597 2057 μὲν
608 2023 658 2058 τὴν
673 2022 726 2048 τῶν
749 2022 884 2057 Ἑλλήνων
909 2029 974 2047 παι-

186 2071 273 2103 δείαν,
307 2069 514 2104 πολιτευομένῳ
532 2069 559 2095 δὲ
571 2069 612 2095 ἔτι
638 2068 678 2103 τῷ
700 2068 827 2103 μακαρίῳ
840 2068 920 2102 Μηνᾷ
932 2067 974 2099 ἐξ·

187 2118 334 2153 υπηρετῶν
350 2118 383 2154 ἦν
397 2126 404 2134 ·
421 2114 499 2148 οὗτος
514 2114 571 2148 οὖν,
584 2113 623 2146 εἷς
635 2115 683 2141 καὶ
707 2114 788 2146 αὐτὸς
811 2114 870 2141 τότε
879 2113 916 2140 ὢν
927 2111 974 2139 τοῦ

188 2165 313 2200 θεάτρου,
330 2165 378 2192 καὶ
390 2163 424 2190 τὰ
440 2162 592 2197 τελούμενα
608 2161 727 2196 βλέπων,
741 2160 772 2186 τὸ
789 2159 882 2194 θαῦμα
901 2158 974 2192 ἰδὼν,

189 2213 238 2239 καὶ
252 2211 347 2246 ὥσπερ
377 2210 509 2244 ἀναφθεὶς
541 2208 587 2234 τδν
601 2207 694 2241 ζῆλον,
719 2206 850 2241 σφραγῖσι
881 2214 910 2232 τε
926 2205 974 2232 τοῦ

189 2256 262 2282 θεῖου
276 2254 394 2290 σταυροῦ
421 2253 518 2280 ἑαυτὸν
543 2250 727 2286 περιφράξας,
748 2250 860 2285 ἀνδρίας
887 2259 917 2276 τε
930 2249 976 2276 καὶ

1022 1654 1118 1689 etjam
1149 1662 1195 1682 res
1225 1662 1310 1681 novas
1330 1655 1418 1682 moliri
1451 1655 1651 1682 statuentibus.
1674 1654 1811 1682 Ca-terum

1022 1708 1085 1728 cum
1100 1709 1115 1728 a
1129 1701 1304 1735 praeconibus
1321 1701 1424 1728 factum
1441 1706 1514 1729 esset
1539 1700 1692 1733 silentium,
1706 1704 1735 1728 et
1750 1707 1813 1727 rur-

1022 1754 1070 1774 sus
1086 1747 1212 1774 dicturus
1231 1752 1305 1774 esset
1327 1747 1488 1782 imperator,
1514 1755 1575 1782 quze
1597 1751 1679 1776 erant
1708 1754 1743 1774 ex
1768 1745 1811 1773 sui

1023 1793 1106 1821 animi
1120 1793 1266 1825 sententia,
1282 1799 1392 1828 repente
1409 1797 1495 1820 totum
1511 1794 1648 1829 aspiciens
1661 1793 1812 1824 theatrum,

1022 1846 1085 1866 eum
1102 1840 1217 1867 vidisset
1230 1844 1351 1871 sanctos,
1366 1839 1413 1874 qui
1427 1839 1454 1866 iu
1471 1839 1593 1866 medium
1612 1838 1732 1866 tribunal
1747 1837 1810 1865 des-

1023 1884 1174 1912 cenderant
1201 1884 1245 1919 (ex
1273 1884 1414 1919 inopinato
1437 1883 1510 1911 enim
1537 1883 1732 1918 apparuerant)
1758 1889 1813 1909 una

1024 1930 1108 1958 veluti
1137 1931 1230 1966 lingua
1254 1935 1282 1958 et
1298 1937 1354 1958 uno
1379 1937 1427 1958 ore
1452 1937 1547 1958 omnes
1565 1930 1790 1959 exclamaverunt
1805 1939 1812 1946 -

1024 1977 1100 2005 Unus
1125 1982 1167 2004 est
1193 1984 1256 2004 vere
1284 1977 1366 2009 Deus,
1391 1977 1464 2004 Deus
1493 1977 1728 2004 Christianorum.
1757 1977 1814 2004 lloc

1024 2023 1107 2054 facto,
1123 2022 1233 2057 quidam
1252 2023 1423 2057 Eugraphus,
1439 2023 1486 2057 qui
1498 2023 1555 2057 ipse
1568 2030 1678 2057 quoque
1699 2022 1726 2048 in
1739 2021 1815 2049 Grae-

1026 2075 1121 2095 corum
1134 2068 1258 2094 doctrina
1274 2072 1332 2094 erat
1343 2070 1521 2100 exercitatus,
1553 2067 1751 2102 rempublicam
1763 2074 1814 2094 au-

1027 2118 1081 2141 tem
1094 2114 1184 2141 adhuc
1198 2113 1319 2148 gerentis
1335 2113 1420 2141 hieme
1436 2113 1526 2140 fuerat
1550 2113 1696 2146 minister;
1715 2113 1738 2140 is
1750 2121 1815 2148 ergo

1027 2169 1089 2188 cum
1107 2165 1172 2188 tunc
1185 2165 1259 2188 esset
1277 2168 1347 2187 unus
1363 2167 1396 2187 ex
1428 2159 1462 2186 iis
1476 2160 1522 2194 qui
1545 2164 1626 2187 erant
1654 2159 1681 2186 in
1695 2159 1814 2192 theatro,

1027 2212 1054 2233 ct
1067 2206 1172 2234 videret
1188 2213 1249 2240 quo:
1261 2205 1375 2236 ﬂebantI
1392 2212 1454 2232 cum
1469 2205 1584 2232 vidisset
1595 2204 1769 2238 miraculum,
1787 2209 1816 2232 et

1027 2256 1101 2280 esset
1118 2251 1202 2279 veluti
1219 2251 1279 2278 zelo
1296 2257 1436 2281 accensus,
1452 2254 1480 2277 et
1499 2258 1528 2278 se
1553 2250 1654 2277 divinae
1671 2250 1763 2277 crucis
1775 2249 1816 2277 si-

190 2303 308 2338 insau;
337 2299 536 2335 ὑποπλησθεὶς,
571 2297 738 2332 είσεπήδησέ
766 2295 911 2334 τεγμέσον,
929 2295 971 2322 καὶ

1027 2301 1138 2333 gnasset
1155 2297 1308 2332 signaculo,
1320 2301 1349 2324 et
1363 2295 1449 2324 animi
1472 2295 1636 2323 fortitudine
1660 2299 1690 2322 et
1703 2294 1817 2322 audacia

189 2350 256 2384 1-.ch
270 2349 314 2375 τὶν
329 2347 439 2383 βασιλέα
456 2345 643 2382 θαρρούντως,
674 2342 746 2378 Ἐγὼ
767 2341 891 2377 βασιλεῦ,
911 2342 975 2376 ἔφη,

189 2395 352 2432 Χριστιανός
372 2396 441 2429 ειμι,
454 2395 502 2421 καὶ
512 2393 546 2420 τὰ
567 2390 767 2427 προστάγματά
780 2398 826 2417 σου
843 2388 975 2420 διαπτύω,

191 2444 237 2471 καὶ
250 2444 299 2478 τὴν
323 2441 473 2477 θρησκείαν
488 2449 535 2467 σου
550 2439 697 2473 ὲξόμνυμι,
719 2437 766 2463 καὶ
781 2436 831 2471 ήδη
848 2435 979 2470 πρόσκει-

192 2490 241 2525 μαί
257 2498 298 2516 σοι
311 2489 355 2515 διὰ
366 2487 493 2522 Χριστὸν,
508 2486 603 2512 οὐδένα
619 2483 710 2511 οἶκτον
724 2482 779 2510 τῶν
795 2481 909 2517 σαρκῶν
925 2489 977 2514 μου

192 2534 296 2561 τούτων
320 2531 494 2565 ποιούμενος.
525 2529 570 2565 Μὴ
599 2528 693 2564 νόμιζε
710 2526 738 2554 δὲ
760 2526 798 2558 ὡς
814 2525 942 2557 ἀπειλαῖς
960 2525 976 2561 ἢ

192 2579 325 2610 θωπείαις
355 2577 503 2613 κρατήσεις
532 2575 600 2606 ὅλως
639 2573 706 2609 ἐμοῦ
722 2573 739 2608 ἦ
758 2572 838 2600 ἄλλου
858 2572 891 2606 δή
905 2580 978 2604 τινος

190 2627 244 2654 τῶν
271 2622 455 2660 Χριστιανῶν.
478 2621 558 2655 Ἠμίν
581 2620 635 2654 γὰρ
666 2619 782 2650 θάνατος
813 2618 862 2653 μὲν
879 2619 896 2652 ὴ
911 2617 978 2652 μεθ’

192 2672 269 2707 ὑμῶν
279 2671 333 2698 τῶν
348 2667 518 2697 ἀσεϐούντων
546 2665 612 2700 ζωὴ,
635 2664 692 2700 ζωὴ
709 2664 738 2691 δὲ
751 2663 859 2698 ἀληθῶς
876 2663 891 2690 ὸ
907 2664 976 2698 ὑπὲρ

191 2719 239 2746 τοῦ
266 2717 386 2753 Χριστοῦ
399 2716 525 2745 θάνατος.
559 2713 614 2739 Καὶ
634 2709 692 2738 οἶδα
715 2710 765 2746 μὲν
794 2711 837 2737 ὅτι
853 2710 891 2742 ὡς
908 2709 977 2737 λέων

192 2774 233 2795 τις
251 2764 406 2799 ὡρυόμενος
421 2760 524 2795 ἐπέϐης
552 2758 657 2792 ταύτης
682 2757 732 2790 τῆς
749 2756 870 2788 πόλεως,
885 2755 977 2791 ζητῶν

192 2811 231 2846 τῷ
245 2810 324 2845 θυμῷ
338 2808 522 2843 συναρπάσαι,
539 2805 587 2832 καὶ
610 2805 644 2839 τῇ
671 2802 878 2838 εἰδωλολατρείᾳ
903 2802 977 2828 διασ-

196 2855 315 2891 παράΞαι
332 2854 362 2880 τὺ
389 2854 436 2880 τοῦ
460 2851 578 2887 Χριστοῦ
597 2849 734 2885 ποίμνιον,
751 2849 797 2875 καὶ
812 2849 848 2880 ὡς
872 2849 977 2884 ἐπεπή-

193 2903 278 2937 δησας
305 2900 352 2926 καὶ
364 2900 430 2934 ἡμῖν
450 2898 570 2933 σήμερον
587 2896 656 2931 μετᾶ
685 2896 739 2922 τῶν
753 2894 844 2922 αὐτῶν
861 2895 976 2921 ἐλπίδων

195 2947 353 2976 καὶίπλων.
385 2945 452 2972 Ἀλλ’
469 2942 699 2979 ἁπιστρεψέμεθά
730 2951 758 2968 σε
788 2944 820 2977 τῇ
846 2942 911 2978 πρός
929 2943 976 2969 θά-

1027 2348 1102 2371 esset
1119 2343 1252 2378 repletus,
1270 2343 1296 2370 in
1316 2341 1438 2370 medium
1466 2341 1614 2377 prosilivit,
1630 2345 1658 2369 et
1685 2341 1817 2368 audacter

1029 2389 1188 2424 imperatori
1205 2398 1212 2417 :
1228 2390 1294 2425 Ego,
1314 2397 1330 2417 ο
1348 2389 1508 2424 imperator,
1537 2389 1638 2424 inquit,
1660 2395 1721 2416 sunt
1744 2387 1818 2414 chri-

1029 2435 1145 2466 stianus,
1159 2439 1187 2462 et
1220 2440 1264 2463 tua
1296 2436 1372 2470 jussa
1392 2443 1492 2469 respuo
1504 2439 1533 2462 ct
1559 2442 1699 2467 exsecror,
1716 2439 1741 2461 et
1760 2441 1815 2461 non

1028 2481 1126 2516 abjuro
1145 2481 1315 2515 religionem,
1329 2486 1358 2508 et
1368 2481 1423 2515 jam
1439 2481 1487 2508 tibi
1505 2488 1566 2507 sum
1596 2485 1710 2516 propter
1736 2479 1817 2508 Chri—

1029 2531 1102 2554 stum
1130 2527 1298 2562 propositus,
1314 2527 1390 2554 nulla
1417 2534 1541 2554 mearum
1571 2526 1696 2553 carnium
1725 2529 1818 2553 motus

1030 2571 1228 2598 misericordia.
1253 2570 1293 2598 Ne
1319 2571 1461 2598 existimes
1487 2574 1579 2597 autem
1592 2570 1662 2602 fore,
1682 2575 1712 2597 ut
1737 2569 1818 2597 minis

1030 2617 1073 2644 vel
1105 2617 1247 2644 blanditiis
1271 2624 1316 2644 me
1339 2617 1378 2644 sis
1408 2617 1522 2644 omnino
1545 2620 1739 2650 superaturos,
1768 2615 1817 2643 sed

1029 2672 1119 2699 neque
1146 2663 1231 2691 ullum
1266 2663 1492 2691 cbristianorum.
1529 2663 1615 2690 Nobis
1640 2662 1714 2689 enim
1743 2669 1818 2689 mors

1031 2710 1143 2745 quidem
1159 2714 1202 2737 est
1227 2709 1294 2741 vita,
1319 2717 1379 2744 quae
1397 2717 1459 2737 cum
1489 2709 1568 2737 vobis
1592 2709 1682 2744 agitur
1713 2708 1817 2742 impiis.

1032 2756 1100 2784 Vere
1117 2761 1208 2795 autem
1227 2756 1281 2783 vita
1297 2760 1339 2782 est
1353 2763 1437 2788 mors,
1450 2763 1512 2790 qum
1525 2763 1574 2790 pro
1600 2755 1712 2782 Christo
1729 2753 1818 2781 susci-

1031 2802 1114 2836 pitur.
1130 2802 1163 2829 Et
1187 2802 1244 2829 scio
1269 2801 1379 2836 quidem
1395 2801 1468 2835 quod
1491 2806 1618 2836 tanquam
1635 2800 1679 2828 leo
1704 2799 1817 2834 rugiens

1031 2850 1057 2879 in
1071 2850 1141 2876 hanc
1158 2848 1304 2876 ascendisti
1317 2847 1465 2880 civitatem,
1475 2855 1602 2883 quaerens
1615 2847 1653 2874 ira
1664 2848 1814 2881 corripere,

1031 2902 1059 2923 et
1076 2896 1151 2923 cultu
1168 2894 1377 2923 simulacrorum
1396 2894 1498 2921 Christi
1512 2901 1620 2928 gregem
1636 2892 1812 2926 discerpere:

1031 2948 1058 2970 et
1075 2942 1147 2977 ηιμ)ιί
1169 2941 1250 2969 hodie
1273 2949 1384 2977 quoque
1400 2941 1433 2968 ad
1459 2948 1510 2968 nos
1524 2939 1676 2976 prosiluisti
1693 2947 1754 2967 cum
1771 2945 1817 2965 ea-
