2082 3153
283 132 337 165 419

901 130 1045 161 MENSIS
1065 131 1283 162 DECEMBER.

1863 133 1915 163 42η

283 188 440 225 agrestibus
456 186 590 219 moribus,
607 186 656 214 sed
675 186 829 214 commodis
852 189 880 213 et
902 185 981 213 valde
1006 185 1068 212 faci-

1126 187 1172 214 καὶ
1193 186 1368 221 ἀνομίλητος,
1381 185 1438 213 ἀλλ’
1463 185 1538 221 ὴθὼν
1566 185 1684 220 μάλιστα
1705 187 1833 221 χρηστῶν
1853 189 1918 215 ἐπι-

284 235 366 266 libus,
387 238 414 260 et
430 233 477 268 qui
491 241 505 259 α
519 232 590 267 vulgi
610 232 720 267 quidem
737 240 766 259 se
779 232 933 259 abducebat
944 238 1074 266 congres-

284 280 361 306 sione
376 287 383 305 :
405 277 572 312 pauperibus
587 281 678 305 autem
693 281 720 305 et
735 277 889 312 hospitibus
904 281 958 305 tam
985 277 1074 304 facilis

282 325 315 352 ad
330 332 393 351 eum
417 324 528 359 patebat
548 323 651 356 aditus,
676 329 704 351 et
724 331 753 351 se
779 323 819 351 eis
845 326 901 350 tam
932 322 1074 358 praebebat

285 372 437 403 affabilem,
455 376 486 398 ut
498 375 571 398 esset
583 371 712 398 omnibus
728 371 754 398 in
768 378 897 398 sermone
912 371 1071 406 jucundior.

284 423 311 445 et
332 418 365 445 ad
388 418 530 445 facultates
544 425 607 444 suas
619 417 863 445 communicandas
878 417 958 452 longe
973 417 1072 444 libera-

283 464 416 492 lissimus.
433 463 601 491 Praeteriisse
617 468 691 491 certe
707 463 826 498 aliquem
842 471 875 490 ex
886 463 919 491 iis
935 463 983 498 qui
997 471 1075 490 acce-

284 511 398 541 debant,
417 510 463 545 qui
478 518 531 537 non
550 509 646 537 fuisset
664 510 697 537 ab
729 516 761 537 eo
779 509 900 545 hospitio
931 514 1073 544 acceptus.

283 562 344 586 erat
358 559 383 585 ei
399 559 478 593 longe
494 557 729 589 molestissimum,
745 557 860 592 perinde
875 565 906 584 ae
922 558 946 585 si
966 565 995 584 re
1023 557 1074 584 ali-

283 612 337 640 qua
362 605 479 631 maxima
514 608 541 632 et
564 604 797 639 quaestuosissima
829 609 905 631 esset
920 603 1072 631 fraudatus.

283 652 315 677 Et
329 655 388 678 erat
403 651 513 686 quidem
526 650 628 684 alioqui
643 650 668 676 ei
692 649 762 677 liber
778 649 897 680 animus.
921 653 948 675 et
968 649 1074 676 alienus

283 696 318 723 ab
337 696 411 722 omni
430 695 556 722 illiberali
572 695 763 722 assentatione
776 699 804 721 et
822 694 976 721 humilitate
1000 702 1007 720 :
1038 694 1072 721 ad

280 751 376 770 eorum
401 747 503 774 autem,
525 741 572 776 qui
603 741 655 768 iter
683 741 910 775 ingrediebantur
930 760 938 774 ,
963 741 1072 768 labores

281 787 458 820 recreandos,
475 792 503 815 et
523 788 554 814 ad
571 788 654 821 pedes
669 787 716 822 qui
730 793 809 814 erant
826 787 943 822 fatigati.
957 787 1073 814 abluen—

281 836 341 868 dos,
360 839 388 863 et
404 834 438 862 ad
464 842 588 862 mensam
619 834 821 869 apponendam,
847 838 875 861 et
904 834 957 861 alia
982 834 1072 861 admi-

281 881 423 909 nistranda
437 881 498 915 jure
514 880 643 908 amicitia:
656 884 684 907 et
700 879 910 909 moderationis.
926 884 987 906 erat
1001 879 1071 906 adeo

280 927 376 954 dexter
389 932 417 954 et
437 927 584 959 oflieiosus,
606 932 635 953 ut
649 927 706 961 ipse
722 927 797 953 saltis
813 926 865 953 hec
888 926 974 961 magis
1002 934 1071 961 pra:-

280 978 375 1004 staret,
392 981 472 1008 quam
497 973 602 1005 famuli,
635 973 681 1007 qui
711 972 824 1000 suntin
852 980 917 1000 suos
945 972 1071 999 dominos

280 1020 398 1048 maxima
415 1021 521 1055 prazditi
544 1020 747 1047 benevolentia.
770 1020 836 1046 Erat
863 1020 936 1046 enim
965 1020 988 1047 ei
1005 1028 1071 1046 cou-

280 1070 430 1101 temperata
445 1074 506 1092 cum
523 1066 654 1100 gravitate
672 1066 783 1100 quidem
802 1064 975 1100 simplicitas,
1006 1073 1070 1092 cum

279 1113 363 1140 animi
389 1121 455 1140 vero
486 1112 673 1147 magnitudine
703 1112 801 1140 lenitas
831 1121 838 1139 :
864 1120 927 1139 cum
963 1112 1069 1139 inteusa

279 1164 372 1185 autem
386 1162 414 1184 et
426 1157 535 1185 ardenti
560 1157 705 1190 charitate,
729 1162 805 1193 grata
823 1157 939 1185 florebat
960 1162 1068 1193 tempe-

279 1205 379 1237 rantia,
400 1213 481 1240 quam
500 1213 555 1232 non
580 1205 672 1232 minus
696 1204 803 1235 dilexit,
826 1209 855 1231 et
878 1205 1008 1232 ardenter
1029 1208 1071 1231 est

279 1252 430 1286 amplexus,
447 1258 531 1285 quam
547 1250 653 1284 reliqua
673 1250 765 1277 omnia
780 1259 787 1277 :
808 1254 838 1277 ut
853 1251 900 1285 qui
919 1259 982 1277 cum
1005 1251 1072 1286 legi-

279 1297 346 1325 tima
364 1297 474 1332 quidem
490 1300 519 1323 et
532 1297 630 1331 pudica
648 1304 732 1323 uxore
747 1304 801 1323 non
824 1297 872 1323 diu
888 1302 1026 1329 versatus,
1042 1302 1070 1324 et

278 1342 428 1369 liberorum
445 1346 523 1376 pater
542 1348 575 1367 ex
591 1349 623 1368 ea
640 1341 766 1372 etl'ectus.
784 1341 916 1376 deinceps
928 1342 1069 1377 voluptate

279 1392 307 1416 et
330 1387 404 1415 omni
430 1387 482 1414 alia
505 1387 643 1414 mundana
673 1386 824 1419 cupiditate
850 1388 1001 1422 permansit
1025 1396 1070 1415 su-

279 1434 382 1469 perior.
400 1433 469 1460 Hinc
486 1433 537 1460 mel
552 1432 661 1461 virtutis
683 1432 834 1460 conficiens
857 1433 1018 1467 diligentius
1043 1438 1070 1460 et

279 1481 307 1507 in
340 1480 399 1514 lege
429 1478 537 1507 Domini
552 1479 674 1507 studiose
685 1479 821 1507 meditans
831 1499 838 1511 ,
853 1478 1069 1515 benignissimus

278 1527 367 1553 evasit
394 1529 421 1553 et
437 1525 678 1553 clementissimus.
696 1524 730 1552 Et
750 1529 779 1552 ut
791 1525 875 1552 semel
889 1525 991 1557 dicam,
1009 1531 1068 1552 erat

279 1572 407 1608 Spiridon
427 1572 549 1600 divinum
563 1572 694 1599 virtutum
707 1573 846 1608 exemplar
870 1573 1068 1608 archetypum;

278 1618 385 1646 habens
400 1619 511 1654 quidem
527 1626 625 1646 omnes
643 1618 671 1645 iu
688 1625 717 1645 se
736 1617 863 1653 scriptas,
880 1618 929 1645 sed
952 1618 985 1645 ad
1001 1626 1069 1653 qua-

278 1673 339 1692 rum
356 1665 538 1692 imitationem
559 1664 640 1700 pauci
658 1669 788 1699 poterant
800 1664 944 1692 accedere.

313 1710 360 1737 Ill.
382 1710 451 1737 Cum
477 1710 518 1737 sic
544 1710 588 1737 ille
611 1710 800 1744 resplenderct
824 1710 986 1744 benefactis,
1011 1718 1069 1737 ma-

276 1764 413 1791 gnamque
423 1756 505 1783 vitam
521 1760 549 1783 et
559 1756 691 1791 insignem
703 1757 850 1789 attulisset,
860 1757 944 1783 multa
958 1765 1068 1792 quoque

278 1802 351 1828 dona
370 1803 470 1837 majora
487 1803 744 1837 consequitur.tam
767 1810 828 1837 qua:
848 1802 998 1834 sunthiue,
1027 1802 1068 1829 in-

278 1854 372 1882 quam,
389 1855 469 1882 quam
492 1855 552 1882 quae
568 1847 722 1875 futurorum
742 1847 908 1875 describunt
930 1848 1069 1885 magnitu-

278 1894 382 1921 dinem.
405 1894 468 1920 Ha:c
496 1898 588 1921 autem
608 1899 707 1921 erant:
733 1894 828 1921 Morbo
851 1894 974 1922 confecta
1000 1903 1067 1923 con—

278 1939 404 1966 firmabat
418 1947 544 1974 corpora,
557 1940 742 1967 membrorum
755 1940 943 1968 mutilationes
954 1941 1067 1968 sanabat

276 1985 456 2018 incurabiles,
482 1985 617 2020 malignos
642 1986 805 2021 increpabat
845 1987 968 2021 spiritus,
989 1995 1067 2022 ,quos

276 2037 338 2057 cum
368 2031 485 2065 primum
516 2031 697 2065 increpasset,
723 2032 798 2059 nulla
821 2041 897 2060 mora
922 2033 1067 2069 interiecta

272 2075 426 2112 fugiebant,
443 2080 471 2104 et
486 2077 576 2104 statim
603 2077 790 2106 recedebant:
817 2079 870 2105 alia
894 2087 1005 2114 quoque
1032 2080 1066 2106 ab

275 2130 307 2149 eo
332 2122 435 2150 ﬁebant
450 2123 491 2149 his
505 2123 618 2158 majora,
638 2124 746 2152 virtute
763 2124 856 2152 divina
870 2125 895 2152 ei
918 2133 998 2160 opem
1024 2125 1065 2153 fe-

277 2173 365 2195 rente.
398 2169 582 2202 Quamobrem
608 2177 641 2197 ex
657 2176 766 2205 pastore
782 2171 948 2199 constitutus
974 2177 1066 2206 pastor

274 2214 336 2242 loco
352 2215 445 2241 ovimn
462 2224 527 2243 cura
544 2216 635 2251 gregis
649 2217 673 2243 ei
691 2218 847 2249 commissa,
864 2226 919 2253 quo
944 2223 1066 2253 tempore

274 2261 783 2299 magnusConstantinusjlomanorum
793 2264 900 2292 tenebat
909 2264 1065 2299 imperium,

274 2305 554 2335 Trimithuntinorum
597 2313 706 2336 creatur
734 2311 890 2345 episcopus.
930 2310 1064 2343 Quantam

273 2360 377 2387 autem,
396 2358 541 2389 postquam
559 2355 708 2388 perductus
724 2356 774 2382 fuit
788 2356 821 2383 ad
844 2356 953 2389 sedem,
976 2358 1066 2385 virtu.

275 2402 310 2428 tis
327 2409 422 2429 curam
445 2401 575 2435 gesserit,
602 2402 767 2434 ostendent,
797 2410 858 2437 quae
892 2402 1019 2430 similiter
1049 2411 1063 2431 a

275 2444 376 2475 sedem
389 2447 489 2483 adepto
507 2447 579 2474 facta
606 2452 671 2474 sunt
699 2448 839 2475 miracula.
872 2447 1063 2476 Yerumenim-

274 2500 341 2521 vero
351 2493 444 2520 omnia
458 2493 533 2520 illius
547 2493 689 2528 persequi,
702 2493 779 2521 stulti
792 2498 819 2521 et
833 2493 965 2521 ineruditi
978 2495 1063 2522 fuerit

274 2539 405 2573 hominis,
437 2547 527 2574 neque
551 2547 619 2568 vero
644 2539 672 2567 id
706 2540 768 2574 quis
795 2539 904 2575 assequi
930 2542 1061 2575 potuerit,

272 2586 413 2621 quomodo
424 2587 508 2614 etiam
534 2586 626 2614 omnia
651 2586 872 2622 praetermittere,
900 2587 982 2614 nimis
1005 2597 1063 2616 ma-

1127 233 1257 268 μελητὴς,
1276 233 1323 260 καὶ
1353 233 1404 267 τῆς
1420 233 1469 267 μὲν
1490 232 1545 259 τῶν
1568 232 1672 260 πολλῶν
1692 233 1801 268 ὁμιλίας
1819 234 1918 263 ἐαυτδν

1124 280 1250 312 ἀπάγων,
1268 279 1366 315 πένησι
1385 279 1412 306 δὲ
1429 279 1542 312 ἀνδράσι
1556 280 1602 306 καὶ
1616 280 1703 313 ξένοις
1723 279 1796 307 οὕτω
1819 290 1846 309 τι
1870 283 1916 308 εὐ-

1125 326 1255 361 πρόσιτος
1268 327 1315 353 καὶ
1332 327 1502 358 κοινωνικὸς,
1527 326 1565 358 ὼς
1582 327 1630 353 καὶ
1653 327 1784 363 ὁμιλῆσαι
1805 327 1918 355 πάντων

1125 372 1279 407 ἀνθρώπων
1294 373 1453 399 δείκνυσθαι
1467 372 1663 408 χαριέστατος,
1684 374 1732 399 καὶ
1755 373 1919 409 μεταδοῦναι

1125 420 1178 446 τῶν
1201 419 1287 446 ὄντων
1298 419 1518 453 φιλοτιμότατος.
1548 419 1657 454 ’Λμέλει
1671 420 1717 446 καὶ
1733 420 1763 446 τὸ
1784 421 1844 447 τινὰ
1861 421 1919 448 τῶν

1126 467 1282 499 παριόντων
1309 465 1501 500 παραδραμεῖν
1525 465 1621 500 ἐκείνῳ
1658 465 1695 501 μὴ
1717 465 1918 498 ὲπιξενωθέντα

1125 511 1247 547 λυπηρὸν
1263 509 1298 547 ἧν
1323 512 1399 546 αὐτῷ
1420 511 1533 546 σφόδρα,
1558 511 1607 538 καὶ
1630 511 1686 538 ἴσον
1714 512 1752 547 τῷ
1784 514 1917 547 μεγίστου

1125 558 1197 589 τινὸς
1227 557 1275 585 καὶ
1300 557 1519 593 κερδαλεωτάτου
1543 557 1714 593 διαμαρτεῖν.
1736 558 1791 584 Καὶ
1821 558 1855 584 τὰ
1868 558 1919 592 μὲν

1124 605 1194 632 ἄλλα
1215 604 1359 640 ἐλεύθερον
1389 601 1423 639 ἦν
1442 603 1512 638 ἔχων
1544 602 1575 630 τδ
1605 604 1734 638 φρόνημα
1762 604 1811 631 καὶ
1841 604 1919 637 ξένον

1126 652 1217 684 πάσης
1236 649 1366 683 ἀγεννοῦς
1389 649 1534 680 κολακείας
1555 648 1603 675 καὶ
1633 649 1845 685 ταπεινότητος,
1873 652 1921 677 κό-

1125 706 1192 728 πους
1225 696 1254 722 δὲ
1279 696 1494 731 ὁδοιπορούντων
1525 695 1754 731 ἐκθεραπεῦσαι,
1785 698 1832 723 καὶ
1867 697 1918 724 πό-

1124 743 1172 774 δας
1201 742 1334 777 ἀπονίψαι
1364 743 1566 776 πεπονηκότας,
1595 741 1735 777 τράπεζάν
1763 751 1793 768 τε
1828 752 1919 778 παρα-

1124 789 1212 816 θεῖναι
1236 789 1284 816 καὶ
1315 788 1400 816 τᾶλλα
1429 789 1590 823 διακονῆσαι
1611 789 1700 815 πάντα
1724 789 1800 824 νόμῳ
1825 790 1919 824 φιλίας

1125 836 1173 862 καὶ
1202 836 1390 870 μετριότητος,
1410 835 1483 861 οὕτω
1512 835 1710 870 θεραπευτικός
1740 844 1770 862 τε
1800 837 1848 863 καὶ
1876 837 1919 863 δε-

1125 881 1276 913 ξιώτατος,
1304 881 1341 912 ὠς
1368 881 1450 907 αὑτοῦ
1478 881 1560 915 μόνον
1587 879 1657 908 εἶναι
1688 881 1787 913 ταῦτα,
1817 882 1833 918 ἢ
1862 882 1918 909 τῶν

1124 927 1261 958 οἰκετῶν,
1290 927 1346 952 τῶν
1377 927 1561 953 εὐνοϊκώτατα
1590 927 1655 962 περὶ
1687 927 1749 958 τοὺς
1782 927 1917 958 δεσπότας

1123 973 1187 1004 τοὺς
1205 973 1290 1004 ίδίς-υς
1301 972 1497 1007 διακειμένων.
1524 973 1676 1007 Ἐκέκρατο
1690 974 1744 1008 γὰρ
1770 973 1846 1008 αὐτῷ
1870 982 1917 999 σε-

1125 1013 1237 1054 μνότητι
1255 1019 1304 1052 μὲν
1321 1019 1339 1054 ή
1355 1019 1488 1054 ἁπλότης,
1510 1019 1608 1055 ἀνδρίᾳ
1625 1019 1653 1046 δὲ
1674 1021 1690 1054 ἡ
1714 1020 1848 1055 πραότης.
1870 1020 1916 1053 Τῷ

1121 1066 1151 1092 δὲ
1178 1066 1281 1101 σφόδρα
1312 1066 1432 1099 συντόνῳ
1456 1066 1504 1092 καὶ
1528 1065 1654 1101 διαπύρῳ
1677 1066 1728 1100 τῆς
1753 1066 1862 1100 φύσεως
1883 1066 1916 1092 τδ

1121 1113 1217 1148 χάριεν
1241 1113 1354 1147 ἐπήνθει
1387 1112 1437 1147 τῆς
1463 1112 1653 1148 σωφροσύνης,
1684 1109 1718 1148 ἧς
1740 1113 1778 1144 ὡς
1806 1112 1916 1144 οὐδενὸς

1125 1157 1237 1193 ἠράσθη
1249 1158 1304 1184 τῶν
1319 1158 1439 1190 πάντων,
1456 1158 1502 1184 καὶ
1530 1157 1639 1192 θερμῶς
1664 1158 1818 1193 περιείχετο
1830 1167 1838 1174 ·
1863 1166 1915 1192 γυ-

1122 1204 1199 1229 ναικὶ
1225 1203 1275 1238 μὲν
1302 1204 1412 1238 νομίμῳ
1435 1204 1483 1229 καὶ
1508 1203 1629 1238 σώφρονι
1652 1204 1750 1238 χρόνον
1775 1204 1912 1239 ὁμιλήσας

1121 1251 1180 1285 οὐχὶ
1196 1250 1303 1284 συχνὸν,
1314 1249 1362 1276 καὶ
1373 1249 1464 1285 πατὴρ
1477 1250 1578 1276 παίδων
1594 1250 1624 1276 ἐκ
1639 1250 1741 1284 ταύτης
1755 1250 1914 1285 γενόμενος’

1121 1295 1261 1322 τὸλοιπὲν
1289 1296 1316 1323 δὲ
1344 1296 1477 1330 κρείττων
1506 1295 1602 1330 ἡδονῆς
1632 1296 1679 1322 καὶ
1714 1296 1806 1331 πάσης
1830 1296 1914 1332 ἄλλης

1123 1342 1240 1373 ὑλώδους
1257 1341 1404 1376 ἐπιθυμίας
1425 1340 1602 1376 μεμενηκώς.
1633 1340 1778 1368 Ἐντεῦθεν
1809 1342 1855 1368 καὶ
1884 1344 1915 1368 τι)

1122 1389 1172 1422 τῆς
1202 1388 1304 1423 ἀρετῆς
1330 1387 1390 1421 μέλι
1414 1388 1632 1424 φιλοπονώτερον
1654 1389 1848 1424 ἐργαζόμενος,
1875 1382 1914 1424 τῷ

1122 1434 1198 1469 νόμῳ
1212 1444 1239 1462 τε
1254 1435 1359 1470 Κυρίου
1389 1435 1542 1467 σπουῑαίως
1567 1435 1736 1471 ἐμμελετῶν,
1761 1435 1915 1471 φιλανθρω-

1120 1481 1235 1512 πότατος
1249 1481 1298 1516 τὴν
1310 1481 1399 1516 ψυχὴν
1416 1483 1535 1516 κατέστη
1550 1481 1598 1507 καὶ
1612 1481 1660 1516 τὴν
1687 1482 1799 1518 γνώμην
1827 1483 1914 1509 ἐπιει-

1122 1528 1265 1559 κέστατος,
1279 1528 1327 1554 καὶ
1344 1528 1486 1555 συνελόντα
1506 1529 1599 1563 φάναι,
1625 1529 1698 1556 θεῖόν
1721 1538 1747 1555 τι
1766 1529 1912 1565 Σπυρίδων

1120 1574 1275 1609 ἀρχέτυπον
1302 1574 1349 1601 καὶ
1383 1574 1465 1607 πίναξ
1491 1575 1598 1610 ἀρετῶν
1612 1573 1667 1610 ἦν·
1691 1575 1781 1607 πάσας
1812 1576 1861 1610 μὲν
1882 1576 1912 1601 ἓν

1121 1620 1211 1655 ἐαυτῷ
1234 1621 1436 1655 γεγραμμένας
1458 1621 1544 1656 ἔχων,
1574 1622 1675 1656 ὀλίγοις
1695 1622 1764 1657 πρὺς
1794 1621 1913 1657 μίμησιν

1121 1667 1208 1693 ἐλθεῖν
1225 1667 1391 1702 δυναμένας.

1156 1712 1193 1742 Γ’.
1213 1713 1291 1740 Οὖτω
1310 1713 1471 1749 διαλάμπων
1485 1714 1542 1745 τοῖς
1558 1715 1765 1750 κατορθώμασι,
1786 1717 1834 1742 καὶ
1851 1714 1910 1750 βίον

1121 1761 1226 1792 ἐκεῖνος
1241 1760 1329 1794 μέγαν
1342 1759 1516 1794 εἰσενεγκὼν,
1530 1760 1620 1795 πολλῷ
1639 1760 1771 1795 μειζόνων
1787 1761 1912 1795 ἀξιοῦται

1120 1807 1167 1833 καὶ
1176 1807 1297 1843 δωρεῶν,
1315 1812 1361 1833 καὶ
1374 1807 1442 1838 τέως
1454 1807 1508 1833 τῶν
1521 1806 1639 1834 ἐνταῦθα
1654 1808 1737 1843 φημὶ,
1754 1811 1801 1834 καὶ
1813 1809 1862 1834 ὅσα.
1874 1809 1906 1843 δὴ

1119 1854 1173 1880 τῶν
1197 1853 1347 1889 μελλόντων
1384 1854 1526 1889 ζωγραφεῖ
1550 1853 1598 1888 τὴν
1631 1854 1843 1889 μεγαλειότητα.
1867 1855 1910 1881 Τὰ

1119 1899 1148 1925 δέ
1163 1898 1208 1935 ἦν·
1232 1899 1335 1934 ἐρώννυ
1353 1899 1478 1934 σώματα,
1505 1900 1575 1935 νόσῳ
1595 1900 1829 1935 κατειργασμένα,
1859 1909 1912 1936 πη-

1122 1944 1219 1979 ρώσεις
1236 1946 1293 1972 ἰᾶτο
1305 1946 1452 1981 θεραπείας
1470 1946 1658 1982 ίσχυροτέρας,
1672 1947 1809 1981 πνεύμασι
1829 1956 1913 1982 πονη-

1121 1991 1177 2026 ροῖς
1200 1991 1318 2026 ἐπετίμα
1336 1999 1344 2006 '
1359 1992 1405 2018 καὶ
1424 1992 1454 2018 τὸ
1467 1993 1548 2027 μέσον
1567 1992 1617 2027 τῆς
1634 1993 1777 2028 ἐπιτιμίας
1791 1995 1840 2020 καὶ
1861 1993 1912 2028 τῆς

1119 2037 1209 2072 φυγῆς
1224 2037 1300 2064 οὐδὲν
1315 2037 1383 2069 ὅλως
1400 2035 1444 2073 ἦν,
1460 2038 1518 2065 ἀλλ’
1534 2038 1616 2070 εὐθὺς
1632 2039 1846 2073 ἀπηλλάττοντο.
1856 2041 1911 2066 Καὶ

1119 2083 1186 2110 ἄλλα
1200 2083 1227 2109 δὲ
1240 2083 1352 2118 μείζονα
1362 2084 1466 2111 τούτων
1473 2084 1557 2111 πολλὰ
1569 2085 1756 2120 διεπράττετο,
1769 2086 1912 2120 δυνάμεως

1120 2129 1195 2165 αὺτῷ
1211 2129 1406 2165 συνεργούσης.
1422 2130 1462 2156 Δι’
1483 2130 1501 2158 ἃ
1516 2131 1564 2157 καὶ
1593 2131 1699 2167 ποιμὴν
1722 2133 1754 2158 ἐκ
1783 2132 1911 2168 ποιμένος

1119 2177 1294 2210 καθίσταται,
1310 2177 1476 2211 ἀνθρώπους
1497 2178 1556 2204 ἀντῖ
1575 2178 1723 2213 προϐάτων
1738 2178 1842 2204 διέπειν
1862 2180 1911 2213 ἐγ-

1121 2222 1284 2257 χειρισθεὶς,
1299 2223 1419 2257 ὁπηνίκα
1435 2224 1642 2255 Κωνσταντῖνος
1657 2224 1671 2250 ὁ
1688 2223 1776 2258 μέγας
1797 2224 1911 2259 ἐκράτει

1126 2268 1284 2303 Ῥωμαίων,
1304 2268 1385 2299 αὐτὸς
1397 2269 1446 2304 τῆς
1462 2268 1565 2300 πόλεως
1579 2269 1784 2304 Τριμιθούντων
1797 2270 1911 2296 ἐπίσκο-

1120 2323 1170 2345 πος
1185 2314 1357 2349 γνωρισθείς.
1373 2315 1460 2350 Ὅσης
1473 2315 1501 2341 δὲ
1526 2316 1574 2341 καὶ
1594 2317 1664 2351 μετὰ
1680 2316 1725 2342 τὸν
1742 2315 1837 2351 θρόνον
1852 2314 1910 2351 εἶχε

1119 2361 1169 2395 τῆς
1188 2360 1291 2395 ἀρετῆς
1304 2361 1474 2395 ἐπιμέλειαν,
1492 2361 1525 2388 τὰ
1541 2362 1612 2396 μετὰ
1628 2362 1673 2388 τὸν
1696 2362 1791 2396 θρόνον
1815 2362 1909 2389 ὡσαύ-

1118 2413 1171 2436 τως
1192 2404 1317 2440 θαύματα
1332 2406 1458 2440 δηλώσει.
1479 2407 1554 2442 Πλὴν
1569 2407 1635 2434 ἀλλὰ
1650 2408 1680 2434 τὸ
1697 2408 1786 2434 πάντα
1808 2408 1859 2443 μὲν
1873 2408 1909 2434 τὰ

1119 2451 1225 2478 ἐκείνου
1243 2452 1390 2485 διεξελθεῖν
1406 2453 1589 2488 ἀπειρόκαλόν
1607 2462 1637 2479 τε
1649 2453 1717 2488 ὁμοῦ
1740 2454 1787 2480 καὶ
1807 2454 1909 2480 ἀδύνα-

1121 2507 1179 2533 τον,
1194 2498 1288 2534 ὥσπερ
1304 2499 1334 2525 τὸ
1359 2499 1449 2526 πάντα
1476 2500 1643 2534 παραλιπεῖν
1670 2500 1790 2536 ἀτεχνῶς
1813 2502 1910 2535 ἐπιζη-

1120 2554 1183 2581 μιον
1203 2553 1210 2561 ·
1231 2546 1281 2573 ὅσα
1297 2545 1325 2572 δὲ
1340 2546 1386 2573 καὶ
1402 2547 1490 2574 εἰπεῖν
1506 2547 1629 2581 δυνατὸν,
1646 2547 1693 2574 καὶ
1710 2548 1827 2575 ἀκοῦσαι
1847 2548 1909 2576 λίαν

1117 2591 1268 2627 ὠφέλιμον,
1283 2591 1370 2619 ταῦτα
1384 2592 1416 2628 δὴ
1433 2593 1480 2620 καὶ
1494 2593 1558 2628 ἐρῶ.

272 2640 357 2667 gnum
386 2634 516 2661 damnum
543 2633 676 2662 attulerit.
703 2633 890 2669 Quaecumque
938 2641 1030 2663 autem
1057 2642 1085 2665 ct
1104 2638 1159 2666 dici
1188 2644 1313 2674 possunt,
1340 2644 1368 2667 et
1404 2639 1499 2667 auditu
1532 2641 1610 2668 valde
1651 2645 1715 2669 sunt
1750 2642 1847 2675 utilia,
1875 2650 1908 2670 ea

274 2679 375 2708 dicam.

309 2725 354 2754 IV.
374 2725 527 2761 Castigabat
542 2726 615 2755 Deus
628 2727 747 2756 insulam
765 2728 863 2763 pluviae
886 2735 1018 2767 egestate.
1035 2735 1062 2758 et

272 2773 364 2808 gravis
391 2773 533 2808 premebat
561 2773 682 2806 siccitas,
716 2779 744 2802 et
767 2775 921 2803 siccitatem
949 2777 1061 2812 quidem

272 2815 492 2853 consequebatur
522 2817 627 2852 fames,
658 2819 759 2847 famem
790 2825 882 2848 autem
910 2822 1004 2857 pestis,
1035 2827 1062 2850 et

271 2864 364 2899 populi
395 2864 505 2900 quidem
539 2873 633 2902 magna
664 2874 728 2902 pars
756 2868 812 2904 jam
831 2868 972 2896 interierat
990 2889 997 2902 ,
1023 2869 1063 2896 al-

1153 2728 1190 2756 Δ’.
1218 2729 1346 2762 Ἐκόλαζε
1373 2729 1422 2765 τὴν
1453 2732 1533 2765 νῆσον
1562 2732 1576 2758 ὁ
1603 2731 1668 2763 Θεὸς
1683 2731 1829 2768 ἀνομϐρίᾳ,
1862 2733 1909 2760 καὶ

1118 2776 1223 2811 αὐχμὸς
1237 2777 1395 2812 ἐφειστήκει
1411 2777 1497 2808 δεινὸς
1515 2784 1522 2791 ·
1539 2778 1585 2804 καὶ
1597 2778 1739 2814 ἠκολούθει
1756 2780 1794 2814 τῷ
1809 2780 1909 2815 αὐχμῷ

1119 2823 1169 2859 μὲν
1185 2822 1275 2858 λιμὸς,
1291 2823 1330 2857 τῷ
1354 2823 1426 2858 λιμῷ
1442 2824 1469 2850 δὲ
1499 2823 1604 2858 λοιμὸς,
1637 2825 1686 2851 καὶ
1713 2826 1742 2852 τὸ
1765 2827 1832 2853 πολὺ
1860 2826 1909 2852 τοῦ

1118 2868 1250 2904 πλῇθους,
1266 2870 1295 2896 τδ
1319 2869 1369 2905 μὲν
1386 2870 1437 2905 ἤδη
1456 2870 1502 2896 καὶ
1531 2871 1712 2908 διεφθείρετο,
1737 2873 1765 2898 τί
1792 2872 1819 2898 6’3
1844 2874 1908 2899 ἰςον
