2082 3153
260 122 314 153 4⁵23

879 115 1021 146 MENSIS
1041 115 1258 145 DECEMBER.

1828 112 1883 143 424

261 180 323 207 dem
340 176 448 205 annuit.
474 176 597 210 Repente
627 180 693 201 vero
711 172 781 201 coelo
810 180 907 207 aquam
930 171 1047 199 et't‘undit

1110 172 1178 204 956;,
1197 171 1329 207 καταχέει
1341 170 1369 197 δὲ
1387 169 1436 205 τῆς
1452 170 1504 205 γῆς
1519 169 1624 203 ἀθρόως
1637 169 1652 196 6
1671 168 1784 205 οὐρανὸς
1798 168 1885 196 ὕδατα

261 225 289 252 in
303 229 415 255 terram,
432 226 507 250 tanta
523 220 602 255 copia
629 224 658 247 et
676 224 752 246 tanto
768 219 883 253 impetu,
900 221 930 244 ut
953 217 1049 244 divitis

263 278 315 298 uua
340 269 546 296 attraherentur
580 266 689 298 horrea,
714 265 883 292 frumentum
906 268 998 290 autem
1021 268 1049 289 et

262 316 354 343 omnis
368 315 439 341 alius
455 313 562 340 fructus
586 311 702 346 sparsim
721 310 878 346 ejiceretur,
902 313 932 336 et
948 309 1050 344 jaceret

262 367 374 399 paratus
388 361 422 388 ad
445 359 607 395 rapiendum
623 358 788 385 volentibus.
807 357 874 384 Orto
887 359 983 391 συιθιιι
992 355 1049 387 die,

263 397 340 436 dives
355 407 466 443 quidem
481 406 577 437 miser,
604 409 630 431 ct
654 404 728 431 luctu
761 403 867 437 plenus,
894 405 922 428 et
945 397 1005 428 hucr
1023 404 1052 428 et

265 455 331 482 illuc
356 454 589 482 circumcursans,
599 454 626 478 et
635 451 736 485 justam
749 448 853 476 deﬂens
868 446 1051 474 calamitatem

264 500 379 536 rogabat
394 507 442 526 eos
456 498 502 533 qui
528 496 705 527 accedebant,
721 499 750 522 ut
772 494 824 522 sibi
849 501 929 529 opem
948 493 1053 520 ferrent

265 547 299 574 ad
319 547 424 573 fructus
448 543 625 579 colligendos.
661 542 729 569 Cum
753 540 831 568 multi
859 548 936 571 vero,
958 544 1053 573 utpote

266 592 436 622 esurientes.
454 589 488 616 ad
514 587 676 624 rapiendum
704 587 918 617 concurrissent,
947 585 1055 612 accedit

267 639 351 666 etiam
369 638 413 664 ille
429 643 544 672 pauper,
556 634 690 661 miraculo
704 633 813 667 quidem
827 631 1033 666 obstupefactus
1045 652 1053 664 ,

265 684 378 711 divitem
414 685 506 709 autem
531 680 652 708 irridens
678 679 841 706 suavissime
865 682 894 705 et
933 677 1056 704 meritis-

269 730 350 759 sime,
371 733 400 755 et
420 727 532 754 domum
548 725 657 761 replens
671 724 818 757 fructibus,
830 727 857 751 et
874 723 965 750 omnia
980 722 1055 749 nullo

266 774 376 809 negotio
391 773 505 805 habens,
518 777 548 799 ut
564 770 735 803 dicitur,nec
749 769 891 801 seminata,
903 776 955 796 nec
970 774 1055 795 arata.

1100 217 1174 244 οὕτω
1201 217 1332 251 δαψιλῶς,
1350 216 1390 247 ὼς
1403 217 1436 251 τῇ
1452 215 1537 251 πολλῇ
1552 215 1654 241 τούτων
1672 215 1747 250 ῥύμῃ
1770 215 1817 241 καὶ
1834 213 1883 241 τοῦ

1100 262 1230 288 πλουσίου
1262 261 1452 297 παραωρῆναι
1484 261 1534 292 τὰς
1557 260 1710 295 ἀποθήκας,
1737 261 1783 287 τὸν
1812 260 1886 287 σῖτον

1100 309 1128 335 δὲ
1143 309 1190 336 καὶ
1201 308 1263 340 ὅσος
1277 308 1356 338 ἄλλος
1374 306 1480 343 καρπὸς
1492 307 1690 334 ἀποκέκλειστο
1701 306 1784 342 χύδην
1804 307 1886 342 ἐκφο-

1103 354 1234 390 ρηθῆναι,
1256 353 1303 381 καὶ
1324 355 1364 385 εἰς
1386 354 1540 389 διαρπαγὴν
1567 353 1678 387 ἕτοιμον
1702 352 1810 379 κεῖσθαι
1829 354 1888 384 τοῐς

1103 401 1285 436 βουλομένοις.
1316 399 1438 434 Ἡμέρας
1461 399 1489 425 δὲ
1510 398 1699 434 ἀνασχούσης,
1723 399 1738 425 6
1758 399 1887 429 πλούσιος

1104 447 1155 483 μὲν
1167 446 1321 482 θρηνώδης,
1349 445 1453 477 ἄθλιος,
1474 445 1539 480 τῇδε
1563 444 1736 480 περιτρέχων
1763 444 1886 476 κάκεῖσε,

1102 494 1151 521 καὶ
1172 494 1223 527 τὴν
1251 492 1361 519 δικαίαν
1387 491 1622 528 μετακλαιόμενος
1648 488 1890 525 συμφοράνοεῖτα

1104 541 1152 568 καὶ
1164 541 1219 567 τῶν
1236 540 1390 576 παριόντων
1403 539 1489 566 ἐδεῖτο
1504 537 1638 573 βοηθῆσαί
1649 537 1685 567 οἱ,
1705 537 1751 563 καὶ
1768 536 1888 569 συνάρα-

1107 587 1170 614 σθαι
1189 586 1418 621 τῆςσυναγωγῆς
1441 585 1497 611 τῶν
1516 585 1641 620 καρπῶν.
1667 582 1775 609 Πολλῶν
1799 583 1827 609 δὲ
1844 579 1890 608 οἶα

1104 633 1190 668 δήπου
1215 631 1375 658 πεινώντων
1402 631 1444 664 ἐφ’
1472 630 1585 666 ἁρπαγῇ
1619 628 1890 663 συνδεδραμηκότων,

1107 680 1234 714 πρόσεισι
1259 678 1308 705 καὶ
1338 679 1353 704 ό
1382 677 1477 712 πένης,
1506 676 1537 702 τὺ
1565 674 1659 710 θαῦμα
1675 674 1724 709 μὲν
1739 674 1891 708 ἐκπληττό-

1108 733 1201 761 μενος,
1217 725 1316 759 ἥδιστα
1332 724 1361 750 δὲ
1375 724 1424 750 καὶ
1437 722 1484 749 τοῦ
1502 721 1631 748 πλουσίου
1649 719 1822 753 καταγελῶν,
1843 719 1891 753 γέ-

1106 773 1180 798 λωτα
1209 770 1392 801 δικαιότατον,
1424 768 1541 803 καρπῶν
1573 775 1601 793 τε
1626 766 1684 800 ἅμα
1710 765 1821 800 πληρῶν
1841 765 1892 799 τὴν

269 820 372 847 Deinde
400 826 462 846 cum
494 817 676 845 conﬂuentem
713 816 818 842 videret
850 814 1054 842 multitudinem

1110 816 1207 848 οἰκίαν,
1223 815 1272 841 καὶ
1302 814 1391 840 πάντα
1416 813 1485 848 ἔχων
1513 811 1647 843 εὐπετῶς,
1672 810 1704 837 τὸ
1730 810 1777 837 τοῦ
1800 810 1893 843 λόγου,

269 873 359 894 εδει-ιη
379 865 424 892 ille
442 869 469 892 et
489 862 686 890 immisericors
709 860 864 897 (oportebat
889 861 962 888 enim
984 861 1053 887 nihil

1110 863 1237 897 ἄσπαρτα
1263 860 1310 888 καὶ
1337 860 1469 894 ἀνήροτα.
1499 858 1566 886 Εἶτα
1596 858 1713 893 συρρέον
1732 857 1763 884 τὺ
1789 857 1892 891 πλῆθος

270 919 383 939 manere
406 909 595 945 imperfectum
615 915 711 936 eorum
725 915 786 942 qum
801 907 930 942 praedicta
947 907 1058 935 fuerant

270 966 286 985 a
300 955 455 992 Spiridone)
472 959 500 983 et
523 963 568 983 res
588 962 685 982 omnes
712 954 785 981 illius
803 961 900 981 secure
925 953 1058 981 ambabus

271 1004 383 1031 haurire
397 1002 538 1032 manibus,
555 1004 584 1028 et
596 1007 660 1028 eum
677 1007 799 1034 quoque,
816 999 862 1034 qui
887 999 945 1026 heri
969 999 1059 1026 fuerat

271 1048 399 1083 supplex,
416 1055 469 1074 una
493 1054 555 1074 cum
583 1046 692 1080 reliquo
716 1045 816 1080 populo
842 1044 960 1077 abunde,
986 1045 1059 1072 sicut

272 1095 403 1126 diximus,
421 1093 475 1120 frui
490 1093 524 1120 iis
541 1100 601 1128 qua:
613 1091 753 1127 jacebant,
769 1090 884 1126 perinde
908 1098 941 1118 ac
962 1091 987 1118 ei
1009 1098 1058 1118 sua

272 1147 370 1177 sponte
388 1141 452 1168 dare
467 1140 573 1172 volens,
591 1139 767 1174 liberalisque
781 1145 842 1165 esse
856 1143 885 1165 et
902 1137 1058 1169 munificus,

271 1187 319 1223 qui
349 1186 555 1214 sordidissimus
587 1188 647 1212 erat
673 1188 703 1211 et
730 1183 918 1218 parcissimus,
944 1182 1060 1217 jubebat

271 1241 337 1260 eum
355 1232 388 1259 ad
414 1231 569 1258 satietatem
591 1230 718 1264 accipere
737 1237 772 1256 ex
795 1229 830 1255 iis
848 1236 909 1263 quas
933 1228 1059 1255 aderant.

271 1280 320 1308 llle
337 1284 428 1306 autem
447 1277 513 1305 satis
545 1276 600 1303 risa
624 1276 684 1310 ejus
717 1274 859 1307 vecordia,
883 1274 994 1301 domum
1019 1279 1061 1301 est

274 1331 413 1356 reversus,
432 1323 487 1350 Deo
514 1321 662 1357 praecipue,
689 1320 789 1347 deinde
815 1320 898 1346 etiam
923 1319 1060 1353 Spiridoni

273 1371 301 1398 id
317 1374 428 1404 accepto
447 1368 550 1395 ferens.
565 1367 612 1394 Sic
637 1367 742 1394 sciebat
765 1365 906 1400 Spiridon,
931 1373 986 1392 non
1012 1372 1060 1392 so-

273 1416 331 1443 lum
349 1419 464 1449 propter
480 1414 591 1445 multos,
608 1412 656 1440 sed
671 1412 752 1439 etiam
770 1416 884 1446 propter
902 1419 998 1444 unum,
1012 1419 1062 1438 su—

276 1469 378 1497 pernos
393 1467 464 1494 saepe
483 1459 589 1494 aperire
602 1458 692 1486 fontes
705 1466 712 1486 :
727 1463 756 1486 et
770 1457 851 1485 simul
868 1456 980 1492 quidem
992 1465 1062 1491 pra)—

276 1507 371 1533 tlicere
390 1511 507 1541 tempus,
523 1512 578 1540 quo
591 1505 645 1532 hoc
661 1509 733 1532 esset
755 1503 876 1530 futurum
891 1511 897 1529 :
912 1502 992 1531 simul
1012 1510 1062 1529 au—

276 1559 331 1580 tem
358 1552 525 1587 pauperibus
557 1558 666 1585 quoque
698 1549 842 1585 prodesse,
872 1553 901 1576 et
927 1549 1061 1583 castigare

280 1598 391 1626 divites.
410 1598 478 1625 Nam
497 1597 548 1624 ctsi
571 1604 671 1631 parcus
684 1596 728 1622 ille
744 1595 831 1622 nihilo
852 1595 949 1622 melior
964 1595 1061 1627 evasit,

276 1643 374 1678 utjam
389 1643 518 1669 dicetur:
545 1641 639 1668 multis
666 1645 756 1668 tamen
781 1639 920 1667 similibus
944 1640 995 1666 fuit
1018 1647 1065 1667 oc-

275 1688 361 1720 casio,
381 1692 411 1714 ut
426 1687 651 1714 emendarentur.
670 1685 732 1712 llaec
748 1685 811 1719 quis
825 1692 859 1712 cx
882 1686 1064 1720 praesentibus

276 1740 332 1760 non
347 1733 465 1759 libenter
480 1731 591 1758 audiit?
616 1731 683 1764 Quis
702 1735 795 1757 autem
815 1738 878 1757 cum
904 1730 1064 1762 audivisset,

276 1786 332 1805 non
349 1778 399 1804 fuit
416 1777 467 1804 alia
485 1784 593 1812 quoque
614 1776 743 1803 audiendi
775 1776 883 1802 avidior
899 1795 907 1808 ,
936 1780 964 1802 et
989 1776 1065 1808 cupit

278 1825 362 1856 scire,
377 1824 504 1859 quisnam
529 1829 589 1851 erat
606 1823 675 1850 adeo
692 1825 806 1858 ignavus
823 1826 870 1849 aut
896 1823 1013 1856 invidus,
1036 1827 1066 1851 ut

277 1869 416 1896 sitientem
430 1869 549 1896 animam
566 1869 611 1896 tali
629 1869 750 1904 privaret
774 1868 926 1896 alimento?

313 2025 370 2053 V‘ll.
383 2025 459 2052 Alius
473 2029 564 2052 autem
579 2023 708 2059 agricola,
722 2023 783 2050 viro
813 2027 908 2051 sancto
921 2022 1067 2050 familiaris

278 2079 341 2099 cum
358 2071 429 2098 fame
452 2071 531 2097 valde
556 2076 740 2105 premeretur,
766 2069 833 2097 abiit
852 2070 875 2097 is
896 2077 1006 2104 quoque
1031 2069 1064 2096 ad

278 2117 388 2151 inopem
421 2116 497 2143 illum
540 2116 663 2148 divitem,
700 2115 791 2142 adhuc
826 2115 972 2142 habentem
1012 2115 1065 2142 alia

278 2164 363 2190 multa
389 2163 486 2190 horrea
514 2163 594 2197 plena
623 2162 774 2195 frumento,
802 2161 963 2188 existimans
991 2161 1064 2188 illam

278 2210 397 2245 priorem
412 2216 474 2235 eum
490 2208 602 2236 omnino
629 2208 776 2242 castigasse
796 2207 990 2234 calamitatem.
1018 2206 1066 2234 Vi—

279 2263 325 2282 sus
338 2259 379 2282 est
395 2259 486 2282 autem
516 2254 561 2282 ille
576 2254 745 2281 frumentum
777 2252 890 2287 quidem
917 2252 1042 2279 amisisse
1058 2260 1065 2284 ;

279 2300 419 2336 parcitatis
436 2307 511 2332 vero,
523 2304 551 2326 et
566 2307 626 2333 quae
643 2299 670 2325 in
684 2298 768 2325 divite
781 2300 880 2330 inerat,
896 2297 1066 2328 crudelitatis

278 2347 347 2373 nihil
382 2346 495 2373 omnino
524 2345 682 2377 dimisisse,
715 2352 806 2379 neque
834 2343 949 2371 omnino
973 2343 1064 2377 seipso

278 2392 398 2419 evasisse
437 2391 547 2422 melior,
583 2389 633 2417 etsi
663 2390 842 2425 polliceretur
882 2397 911 2417 se
942 2393 1066 2423 tempore

278 2438 372 2464 a-stivo
386 2437 412 2463 id
427 2436 500 2471 quod
519 2436 611 2462 datum
626 2435 733 2467 fuisset,
747 2435 919 2462 redditurum
941 2442 1002 2462 cum
1020 2443 1066 2462 ac-

278 2481 414 2513 cessione,
430 2482 477 2508 sed
503 2481 549 2507 ille
567 2480 677 2508 dicebat
694 2481 721 2507 id
747 2480 820 2516 quod
847 2481 961 2513 dicitur,
988 2488 1066 2515 spem

278 2535 393 2563 pascere
410 2527 588 2561 insipientes:
606 2526 646 2553 Tu
666 2530 768 2558 autem,
783 2526 881 2560 inquit,
901 2526 1004 2560 absque
1018 2533 1067 2560 pe~

278 2573 359 2600 cunia
375 2579 428 2599 non
447 2579 562 2606 granum
584 2579 682 2601 unum,
707 2571 761 2598 imo
791 2579 827 2597 ne
847 2571 929 2598 unius
955 2571 1065 2605 quidem

279 2616 356 2651 grani
383 2616 508 2643 umbram
528 2615 658 2650 accipies.
683 2614 750 2642 Cum
776 2616 867 2650 itaque
894 2615 939 2642 hic
956 2623 1067 2650 quoque

282 2670 389 2698 pauper
404 2662 586 2696 desperasset,
602 2662 725 2689 imitatur
742 2662 951 2697 przecedentem,
968 2667 996 2689 et
1009 2667 1068 2689 tan-

281 2715 363 2742 quam
378 2708 411 2734 ad
426 2715 599 2735 communem
622 2708 782 2735 thesaurum
808 2708 931 2743 confugit
945 2707 1068 2742 Spirido-

280 2761 353 2785 nem,
372 2759 398 2781 et
422 2753 448 2781 ei
475 2754 615 2782 renuntiat.
639 2761 701 2789 quat
722 2757 795 2781 esset
820 2760 926 2787 passus,
954 2758 982 2779 ct.
1007 2759 1069 2786 qua:

279 2799 390 2827 divitem
419 2807 530 2836 rogans,
549 2800 584 2827 ab
600 2808 633 2827 co
660 2799 806 2826 audiisset.
821 2799 868 2826 lllc
891 2803 983 2825 autem
1003 2806 1067 2824 eum

281 2850 347 2873 tunc
361 2846 473 2880 quidem
492 2853 553 2874 cum
575 2846 642 2874 satis
664 2850 738 2874 esset
760 2844 928 2877 consolatus,
955 2843 1066 2871 domum

1107 908 1179 942 ὀρῶν
1192 908 1206 933 6
1217 906 1292 939 ὠμὸς
1305 906 1407 936 ἐκεῖνος
1422 904 1470 932 καὶ
1482 903 1666 938 ἄσπλαγχνος,
1683 902 1737 928 ἔδει
1755 901 1810 937 γὰρ
1827 901 1893 927 ἀτέ-

1108 955 1204 981 λεστον
1218 953 1294 980 οὐδὲν
1309 953 1399 987 μεῖναι
1415 951 1469 978 τῶν
1497 950 1652 985 Σπιιρὶδωνι
1676 947 1895 983 προλεχθέντων,

1109 1001 1157 1028 καὶ
1172 1001 1205 1027 τὰ
1217 999 1300 1026 αὐτοῦ
1313 999 1404 1024 πάντα
1422 997 1496 1023 κατὰ
1507 996 1608 1030 πολλὴν
1619 995 1712 1022 ἄδειαν
1725 994 1894 1028 ἀμφοτέραις

1109 1047 1272 1078 ἀντλοῦντας
1289 1055 1297 1062 ·
1313 1046 1351 1077 ὡς
1369 1045 1397 1071 δὲ
1413 1044 1461 1071 καὶ.
1482 1043 1527 1070 τδν
1551 1042 1616 1077 χθὲς
1637 1041 1741 1075 ἱκέτην,
1766 1040 1814 1067 ἕνα
1843 1039 1893 1065 τοῦ

1109 1093 1230 1127 πλήθους
1260 1092 1418 1126 γενόμενον,
1445 1091 1493 1116 καὶ
1520 1088 1613 1120 αὑτὸν,
1637 1089 1732 1121 ὥσπερ
1766 1087 1895 1121 ἔφημεν,

1109 1137 1235 1168 ἀφθόνως
1250 1135 1423 1163 ἀπολαύοντα
1435 1133 1490 1160 τῶν
1504 1132 1703 1167 προκειμένων,
1714 1131 1808 1165 ὥσπερ
1823 1131 1897 1157 κατὰ,

1109 1183 1223 1218 γνώμην
1251 1182 1326 1217 αὺτῷ
1360 1181 1506 1216 δωρεῖσθαι
1532 1179 1705 1214 βουλόμενος,
1730 1178 1778 1204 καὶ
1799 1178 1897 1204 κοινώ-

1111 1230 1185 1262 νικός
1198 1239 1239 1261 τις
1252 1227 1322 1256 εἶναι
1340 1228 1388 1255 καὶ
1400 1227 1590 1263 μεγαλόδωρος
1613 1226 1627 1252 ὁ
1644 1225 1704 1251 λίαν
1720 1223 1849 1258 φειδωλός
1864 1232 1895 1250 τε

1111 1277 1157 1304 καὶ
1171 1275 1365 1310 ἀκοινώτητος,
1384 1274 1494 1301 ἐκέλευε
1510 1273 1563 1300 τῶν
1584 1273 1729 1306 παρόντων
1752 1271 1790 1302 εἰς
1813 1271 1897 1304 κόρον

1117 1323 1203 1354 ὁδεῶς
1218 1322 1378 1357 λαμὸάνειν.
1398 1321 1427 1347 '0
1443 1319 1483 1352 δὲ,
1505 1319 1556 1353 τῆς
1577 1319 1669 1349 ἀνοίας
1685 1316 1787 1348 ἱκανῶς
1815 1316 1897 1342 αὐτὴν

1112 1366 1346 1402 διαμυκτηρίσας,
1360 1365 1452 1392 οῑκαδε
1467 1363 1611 1399 ἀνεχώρει,
1633 1361 1695 1397 Θεῷ
1721 1361 1899 1396 προηγουμέ-

1112 1423 1176 1446 νως,
1195 1413 1292 1440 ἔπειτα
1308 1413 1336 1439 δὲ
1353 1412 1401 1438 καὶ
1427 1411 1580 1445 Σπυρίδωνι
1603 1409 1653 1444 τὴν
1677 1408 1758 1443 χάριν
1780 1408 1898 1442 ἐπιγρα-

1113 1462 1241 1495 φόμενος.
1267 1458 1359 1489 Οὕτως
1377 1458 1435 1493 ᾔδει
1451 1455 1590 1491 Σπυρίδων
1612 1455 1642 1481 οὒ
1666 1455 1748 1489 μόνον
1767 1453 1811 1480 διὰ
1833 1453 1900 1478 πολ-

1075 1521 1096 1549 c
1115 1507 1188 1539 λοὺς,
1209 1505 1278 1532 ἀλλὰ
1303 1505 1350 1531 καὶ
1366 1504 1400 1530 δι’
1414 1503 1462 1530 ἕνα
1483 1502 1549 1536 γοῦν
1570 1501 1702 1531 πολλάκις
1724 1501 1774 1531 τὰς
1794 1499 1901 1526 ἄνωθεν

1114 1553 1233 1586 ἀνοίγειν
1257 1551 1361 1586 πηγὰς,
1377 1551 1424 1576 καὶ
1449 1549 1516 1584 ὁμοῦ
1533 1549 1582 1584 μὲν
1604 1547 1666 1575 καθ’
1679 1547 1707 1573 ὃν
1726 1547 1801 1573 ἔσται
1820 1546 1902 1572 τοῦτο

1114 1599 1209 1634 καιρδν
1225 1598 1368 1633 προειπεῖν
1380 1595 1448 1632 ὁμοῦ
1460 1595 1488 1622 δὲ
1503 1596 1550 1622 καὶ
1561 1595 1679 1628 πένητας
1689 1593 1840 1627 ὠφελῆσαι,
1852 1591 1903 1618 καὶ

1114 1645 1261 1672 πλουσίους
1278 1643 1501 1677 παιδαγωγῆσαι.
1521 1641 1551 1667 Εί
1566 1641 1620 1675 γὰρ
1635 1640 1683 1667 καὶ
1695 1639 1773 1665 οῦδὲν
1787 1637 1900 1673 μᾶλλον,

1113 1690 1150 1722 ὡς
1166 1691 1217 1725 ήδη
1229 1689 1425 1724 λεχθήσεται,ό
1438 1687 1566 1722 φειδωλὸς
1583 1687 1686 1716 ἐκεῖνος
1699 1684 1816 1718 κατέστη
1834 1691 1903 1717 χρη-

1115 1737 1186 1768 στὸς,
1197 1733 1302 1762 ἁλλόὖν
1311 1743 1343 1769 γε
1352 1734 1514 1768 τῶνὸμοίων
1524 1733 1632 1764 πολλοῖς
1647 1732 1743 1766 γέγονε
1756 1730 1824 1766 πρὸς
1839 1729 1902 1766 βέλ-

1114 1782 1336 1817 τίωσινάιρορμή.
1347 1780 1441 1807 Ταῦτα
1452 1779 1493 1810 τίς
1506 1779 1590 1814 ἡδέως
1599 1778 1648 1806 οὐκ
1663 1780 1764 1814 ἢκουσε
1779 1778 1834 1804 τῶν
1850 1786 1903 1803 πα-

1117 1830 1236 1864 ρόντων;
1262 1828 1310 1859 Τίς
1326 1827 1353 1853 δὲ
1370 1827 1417 1853 καὶ
1428 1825 1547 1858 ἀκούσας
1564 1826 1626 1860 οὐχὶ
1638 1825 1686 1852 καὶ
1700 1825 1768 1859 πρὸς
1783 1824 1818 1850 τὰ
1833 1823 1902 1850 ἄλλα

1115 1873 1271 1908 λιχνοτέραν
1290 1871 1352 1907 ἔσχε
1373 1871 1423 1905 τὴν
1441 1871 1534 1905 ἀκοὴν,
1549 1871 1595 1896 καὶ
1609 1869 1707 1904 μαθεῖν
1718 1869 1902 1902 ἐπεζήτησεν,

1117 1919 1301 1954 ἐπιζητοῦντα
1319 1917 1358 1951 δὲ,
1377 1917 1419 1948 τίς
1435 1917 1552 1951 ὀκνηρὸς
1567 1916 1653 1947 οὕτως
1672 1916 1689 1950 ἦ
1709 1915 1848 1950 φθονερὸς,
1863 1914 1903 1945 ὡς

1116 1965 1206 2001 ψυχὴν
1220 1965 1355 1991 πεινῶσαν
1370 1964 1477 1999 τρυφῆς
1490 1963 1618 1997 τοιαύτης
1632 1962 1814 1996 duos-rape“;

1153 2011 1190 2038 Z’.
1206 2011 1303 2042 Ἀλλης
1316 2010 1406 2036 τοίνυν
1430 2009 1554 2044 γεωργὸς
1579 2009 1662 2044 ἀνὴρ,
1689 2007 1745 2034 τῶν
1774 2006 1901 2042 συνήθων

1117 2057 1155 2084 ὣν
1169 2057 1207 2091 τῷ
1222 2057 1300 2091 ὁσίῳ,
1329 2057 1377 2082 καὶ
1392 2056 1433 2087 είς
1457 2054 1527 2088 ἄγαν
1563 2054 1602 2089 τῷ
1627 2053 1699 2088 λιμῷ
1728 2053 1902 2088 πιεζόμενος,

1118 2103 1202 2138 ἀπῄει
1218 2103 1265 2129 καὶ
1276 2101 1353 2133 οὗτος
1371 2100 1439 2136 πρὸς
1457 2099 1539 2126 αὐτὸν
1562 2100 1668 2126 ἐκεῖνον
1695 2098 1742 2125 τὸν
1772 2098 1904 2133 πενιχρὸν

1118 2149 1258 2181 πλούσιον,
1274 2148 1377 2180 πολλὰς
1393 2147 1435 2174 ἔτι
1449 2147 1498 2173 καὶ
1523 2145 1608 2177 ἄλλας
1632 2145 1774 2179 ἀποθήκας
1806 2144 1903 2178 εχοντα

1083 2202 1105 2230 ι)
1119 2196 1184 2229 σίτῳ
1200 2194 1399 2231 βαρυνομένας,
1419 2191 1564 2219 ὑπολαϐὼν
1592 2191 1714 2222 πάντως,
1735 2191 1774 2222 ὠς
1801 2190 1903 2221 ῐκανὼς

1119 2241 1201 2268 αὑτὺν
1216 2241 1231 2275 ή
1249 2240 1371 2275 προτέρα
1385 2238 1609 2272 παιδαγωγήσειε
1634 2235 1773 2270 συμφορά.
1803 2234 1904 2270 Ἐῲκει

1115 2287 1147 2314 δὲ
1162 2284 1239 2318 οὗτος
1256 2286 1301 2312 τὸν
1312 2285 1361 2320 μὲν
1383 2286 1456 2311 σῖτον
1477 2282 1634 2315 ἀποϐαλὼν,
1656 2281 1704 2308 τοῦ
1723 2281 1856 2315 φειδωλοῦ
1874 2281 1903 2308 δὲ

1118 2334 1230 2367 καὶτῆς
1254 2331 1319 2366 περὶ
1332 2331 1378 2358 τὶν
1401 2330 1515 2365 πλησίον
1539 2329 1680 2364 ὠμότητος
1710 2328 1742 2355 τὸ
1768 2328 1904 2363 παράπαν

1117 2379 1195 2405 οὐδὲν
1213 2376 1421 2411 ἀποϐεϐληκὼς,
1436 2375 1498 2402 οὔτε
1517 2375 1569 2410 μὴν
1584 2375 1652 2406 ὅλως
1667 2373 1788 2409 ἀμείνων
1802 2373 1904 2400 ἑαυτοῦ

1119 2425 1280 2459 γενόμενος,
1296 2423 1385 2448 καίτοι
1401 2423 1449 2449 καὶ
1465 2421 1505 2452 είς
1524 2420 1600 2456 ὥραν
1619 2420 1839 2455 ὑπισχνουμένου
1855 2418 1904 2446 τοῦ

1120 2470 1236 2504 πένητος
1257 2468 1327 2503 μετᾶ
1346 2467 1507 2502 προσθήκης
1528 2467 1559 2493 τὸ
1579 2465 1751 2501 καταὸληθὲν
1783 2465 1908 2492 ἀντιδοῦ-

1118 2525 1173 2548 ναι,
1190 2515 1248 2542 ἀλλ’
1267 2516 1383 2546 ἐκεῖνος,
1396 2513 1476 2540 τοῦτο
1490 2512 1522 2548 δὴ
1537 2512 1567 2539 τὸ
1581 2512 1629 2538 τοῦ
1644 2511 1737 2545 λόγου,
1761 2511 1812 2542 τὰς
1828 2511 1906 2537 ἑλπί-

1118 2563 1166 2594 δας
1183 2562 1261 2595 ἔλεγε
1284 2561 1348 2591 τοὺς
1371 2560 1491 2594 ἄφρονας
1505 2559 1623 2594 βόσκειν.
1636 2558 1671 2585 Σὺ
1686 2558 1725 2590 δὲ,
1742 2557 1825 2593 φησι,
1838 2565 1909 2593 χρη-

1121 2608 1215 2642 μάτων
1236 2606 1301 2632 ἀνευ
1319 2605 1379 2632 οὐδὲ
1397 2605 1496 2632 κόκκου
1510 2605 1543 2631 ἂν
1563 2604 1623 2635 ἑνὸς
1637 2603 1697 2629 οὐδὲ
1724 2603 1803 2633 σκιᾶς
1821 2602 1908 2628 αὑτοῦ

1121 2654 1294 2690 μεταλάῦοις.
1304 2653 1452 2687 Ἀπογνοὺς
1465 2649 1511 2678 οὖν
1528 2652 1576 2678 καὶ
1591 2651 1696 2685 όπένης
1713 2646 1801 2680 οὗτος,
1813 2649 1909 2684 μιμεῖ-

1120 2709 1165 2727 ται
1188 2699 1233 2726 τὸν
1247 2698 1429 2734 προλαϐόντα,
1444 2697 1491 2724 καὶ
1500 2696 1595 2732 ὥσπερ
1608 2696 1648 2728 είς
1663 2694 1752 2722 κοινὸν
1767 2692 1908 2728 θησαυρὸν

1119 2749 1166 2775 τὸν
1190 2746 1350 2782 Σπυρίὸωνα
1360 2744 1529 2778 καταφεύγει
1545 2741 1711 2777 ἀπαγγέλλει
1729 2749 1758 2767 τε
1785 2739 1832 2767 καὶ
1853 2740 1908 2766 ὅσα

1122 2793 1203 2821 πάθοι
1213 2793 1259 2820 καὶ
1270 2791 1287 2819 ἃ
1299 2792 1345 2819 τοῦ
1355 2791 1481 2818 πλουσίου
1492 2790 1619 2824 δεόμενος
1628 2788 1818 2815 ἐπακούσειεν.
1827 2786 1857 2812 ’0
1865 2785 1907 2816 δὲ,

1123 2841 1184 2868 τότε
1200 2838 1364 2876 μένίκανῶς
1391 2836 1600 2873 ψυχαγωγήσας
1623 2835 1718 2868 αὑτὸν,
1734 2832 1828 2861 οῐκαδε
1853 2839 1908 2857 πι-
