2082 3153
206 159 259 191 625

811 155 896 185 \'lT.-\
918 155 947 184 S.
968 154 1208 184 SPYRIDONIS.

1767 155 1819 188 625

206 214 360 249 ραπέμπιι.
378 214 414 241 οὗ
431 213 485 249 μὴν
499 213 564 249 ἄχρι
580 212 670 247 λογιόν
685 212 778 247 [etiam
793 212 842 246 τὴν
860 211 989 246 ψυχαγω-

1049 209 1167 237 limittit.
1184 209 1278 245 Neque
1293 213 1383 237 tamen
1400 209 1492 238 verbis
1508 215 1586 238 tenus
1604 210 1676 238 sistit
1694 213 1820 240 consola-

207 260 282 293 γίαν,
299 260 368 286 ἀλλὰ
379 260 429 294 τῆς
452 259 583 294 ὲπιιιὺσης
596 259 611 285 ὀ
628 259 717 294 μέγας
735 257 881 292 ἀρχιερεὺς
906 256 987 287 αὐτὸς

206 307 320 337 ικεῖνος,
344 306 412 340 πρὸς
436 305 483 332 τὸν
507 305 612 340 πένητα
633 305 803 340 ἀφικνεῖται,
830 302 947 338 χρυσοῦν
962 310 989 328 τι

209 349 282 381 εἶδος
295 350 505 385 ἐπιφερόμενος,
518 350 568 376 οὐκ
582 350 725 384 εὐάγωγον
738 349 788 384 τὴν
800 348 895 383 ὁλκὴν,
919 348 989 382 ὅπερ

205 397 232 424 τί
245 405 273 423 τε
291 395 335 432 ἧν,
348 397 395 422 καὶ
410 396 483 428 ὅθεν,
496 395 544 422 καὶ
557 396 630 426 ὅπως
644 395 758 430 εὕρηται
771 394 810 429 τῷ
825 394 904 428 ἁγίῳ,
919 392 989 427 μετὰ

207 442 305 478 μικρὸν
318 443 332 468 6
347 441 426 474 λόγος
439 441 568 477 δηλώσει.
582 441 657 472 Τέως
670 440 692 467 δ’
710 437 757 467 οὖν
781 441 794 466 6
808 439 896 473 μέγας
908 438 990 464 τοῦτο

207 487 350 522 Σπυρίδων
370 488 430 518 ταῖς
446 488 526 522 χερσὶ
541 483 589 513 τοῦ
612 487 729 521 πένητος
744 485 884 521 ἐμϐαλὼν,
898 485 990 518 Δέξαι,

207 534 270 568 Im.
290 534 338 561 καὶ
361 533 400 568 τῷ
422 533 544 568 πλουσίῳ
567 532 597 559 τὸ
625 532 775 567 προσφιλὲς
799 532 873 566 αὐτῷ
899 539 990 566 παρα-

207 579 279 614 σχὼν
293 580 332 610 ιίς
343 579 482 614 ἐνέχυρον,
497 579 531 605 τά
555 587 596 605 σοι
617 578 742 613 χρήσιμά
769 586 798 604 τε
827 578 876 603 καὶ
902 577 991 610 ἀναγ-

207 627 273 653 καῖα
300 625 366 660 παρ’
394 625 477 652 αὑτοῦ
510 624 654 660 λάμϐανε.
676 623 767 658 Ἠσθη
795 623 875 650 τοῦτο
899 622 991 649 λα6ὼν

206 673 221 698 6
238 672 333 706 πένης,
348 671 394 697 καὶ
414 671 482 707 πρὸς
495 671 542 698 τὸν
558 670 688 697 πλούσιον
740 670 830 696 ποδῶν
844 667 929 704 εἶχεν,
947 671 992 696 ὲκ-

208 716 303 750 Θύμως
314 716 425 751 ἐχώρει,
439 714 500 743 εἶτα
531 715 594 744 ἰδὼν
615 716 721 747 ἐκεῖνος
749 716 781 742 τὸ
808 715 838 741 ἐν
857 716 963 750 χερσὶν,
977 716 991 741 6

213 762 267 796 πρὸ
284 762 384 797 μικροῦ
398 762 518 797 σκληρός
539 771 570 789 τε
594 762 642 789 καὶ
666 761 859 796 ἀδυσώπητος,
885 763 933 788 καὶ
957 761 992 787 τὰ

213 804 270 833 ὦτα
288 808 356 843 πρὸς
371 808 464 842 δέησιν
483 807 728 842 ὲκκεκωφημένος,
757 807 840 838 εὐθὺς
861 807 916 834 ἀπὸ
936 807 992 835 τῶν

208 853 358 888 ὀρθαλμῶν
383 861 552 889 καμπτεται,
587 855 635 881 καὶ
652 854 717 888 ἡδὺς
742 853 847 887 γίνεται
869 854 917 880 καὶ
934 853 994 886 φιλ-

1043 255 1167 284 tionem:
1190 255 1238 283 sed
1249 255 1374 290 sequenti
1394 255 1439 283 die
1462 263 1576 291 magnus
1597 257 1718 292 pontifex
1747 260 1822 286 venit

1041 302 1103 337 ipse
1117 302 1150 329 ad
1170 309 1329 337 pauperem,
1350 309 1460 329 auream
1476 303 1622 337 quamdam
1646 311 1739 331 secum
1756 305 1822 333 οπο-

1042 355 1107 375 rens
1138 347 1257 382 speciem
1289 355 1343 375 non
1359 348 1427 375 levis
1453 349 1592 382 ponderis,
1617 357 1677 384 qua:
1699 358 1822 385 quaenam

1042 397 1154 421 essetet
1175 393 1260 425 unde,
1284 397 1313 420 et
1336 393 1473 428 quomodo
1496 394 1605 421 inventa
1632 395 1701 422 sita
1717 402 1822 428 sancto,

1043 438 1194 466 declarabit
1209 439 1292 473 paulo
1309 443 1370 474 post
1384 440 1480 466 oratio.
1497 442 1564 467 Cum
1581 444 1646 467 tunc
1659 445 1750 468 autem
1767 450 1823 468 mn-

1043 491 1113 519 gnus
1128 483 1256 518 Spiridon
1271 492 1330 511 eam
1345 484 1503 512 immisisset
1520 485 1546 511 in
1563 492 1660 512 manus
1676 486 1804 520 pauperis
1817 497 1823 514 ;

1043 529 1154 564 Accipe.
1171 530 1271 565 inquit.
1288 535 1391 558 etcum
1413 531 1490 558 diviti
1515 537 1622 566 gratum
1650 531 1702 559 hoc
1728 532 1826 567 pignus

1044 575 1206 609 prmbueris,
1223 583 1284 610 quae
1303 576 1352 603 tibi
1369 581 1433 603 sunt
1450 577 1604 604 necessaria
1628 576 1661 603 ad
1693 584 1771 604 usum
1791 578 1826 604 ab

1043 627 1079 647 eo
1091 621 1196 655 accipe.
1214 621 1270 648 lloc
1283 629 1345 648 cum
1359 622 1509 657 accepisset
1521 629 1635 656 pauper,
1654 621 1758 649 lmtatus
1773 627 1825 653 est,

1043 670 1072 693 et
1087 672 1188 700 quanta
1211 667 1328 694 maxima
1351 668 1441 702 potuit
1463 668 1603 695 celeritate
1626 668 1770 695 contendit
1792 669 1824 695 ad

1045 713 1171 740 divitem.
1186 713 1291 740 Deinde
1309 720 1370 740 cum
1388 713 1503 740 vidisset
1527 713 1572 740 ille
1589 713 1615 739 id
1632 713 1705 747 quod
1721 717 1781 740 erat
1797 713 1825 739 in

1045 760 1181 791 manibus,
1194 759 1240 794 qui
1256 759 1337 794 paulo
1348 763 1411 786 ante
1422 763 1481 786 erat
1496 759 1582 786 durus
1593 763 1621 785 et
1638 758 1825 789 inexorabilis,

1045 811 1073 833 et
1086 805 1165 840 cujus
1176 813 1257 832 aures
1269 805 1303 832 ad
1317 812 1414 839 preces
1429 804 1641 836 obsurduerant,
1657 804 1747 831 statim
1760 804 1826 831 ﬂec-

1046 852 1114 878 titur
1127 851 1161 878 ab
1185 851 1284 884 oculis,
1309 851 1454 885 evaditque
1467 850 1602 886 iucundus
1622 854 1650 876 et
1673 849 1826 884 benignus:

209 899 365 934 ἄνθρωπος.
389 901 512 926 κακεῖνο
526 899 639 931 λαϐὼν,
656 899 728 926 οὕτω
750 898 797 925 τοῦ
822 899 897 926 σίτου
917 899 993 934 δαψι-

1049 904 1163 931 cumque
1181 897 1207 924 id
1225 897 1466 931 accepisset,.eum
1482 901 1535 923 tam
1554 896 1666 930 copioso
1689 896 1828 923 frumento

210 943 264 975 λῶς
280 943 470 977 μεταδίδωσιν,
488 943 526 975 ὡς
541 944 589 970 καὶ
604 944 653 978 τὴν
668 944 759 970 οἰκίαν
775 943 858 970 αὑτοῦ
879 943 992 978 πληρῶ-

211 996 267 1019 σαι,
297 990 345 1014 καὶ
372 988 441 1023 πρὸς
469 981 638 1023 σπερμάτων
673 987 827 1023 καταϐολὴν
852 985 896 1020 αἶς
922 987 995 1023 εἶχεν

211 1033 345 1068 ἀρούραις
367 1033 398 1059 τδ
415 1033 492 1059 δοθὲν
508 1034 637 1067 ἀρκέσαι,
652 1033 724 1060 οὕτω
741 1041 771 1060 τι
793 1032 928 1067 πολύχουν
949 1032 995 1058 τὸν

211 1079 419 1113 καταὸληθέντα
438 1079 578 1112 γενέσθαι,
593 1079 712 1114 καρπὸν,
723 1078 792 1105 ὥστε
809 1078 858 1105 καὶ
873 1078 903 1104 τὸ
916 1077 995 1112 χρέος

210 1125 403 1159 ἀπομετρῆσαι
417 1124 456 1158 τῷ
468 1124 610 1155 δεδωκότι,
623 1124 668 1150 τὸν
683 1124 723 1154 είς
739 1123 817 1158 ἐνιχυ
824 1123 869 1157 ρόν
884 1131 914 1148 τε
929 1131 996 1157 χρυ-

214 1171 261 1197 σὸν
275 1170 381 1197 ἐκεῖθεν
396 1169 554 1202 ἀναλαϐεῖν,
578 1169 624 1195 καὶ
640 1168 679 1203 τῷ
696 1168 766 1203 ἁγίῳ
789 1166 869 1200 αὖθις
894 1168 996 1202 εὐγνω-

213 1218 302 1250 μάνως
317 1217 523 1251 προσενεγκεῖν.

248 1263 290 1290 H'.
310 1263 378 1289 Ἀλλ’
394 1264 407 1290 6
423 1263 472 1298 μὲν
488 1263 585 1295 πένης,
603 1263 652 1296 τὴν
667 1261 780 1298 ὀφειλὴν
799 1261 904 1294 οὕτως’
934 1260 998 1297 poo-

214 1308 291 1335 λιται
302 1309 330 1335 δὲ
345 1309 418 1335 καὶὸ
435 1308 515 1342 λόγος
530 1308 560 1335 τὸ
578 1307 679 1334 ἑαυτοῦ
707 1308 788 1343 χρέος
816 1308 995 1341 καταϐαλεῖν,

214 1356 262 1380 καὶ
273 1354 413 1388 γνωρίσας
428 1353 441 1380 ὅ
454 1355 648 1388 ἐπηγγείλατο,
664 1355 691 1380 τί
707 1362 736 1380 τε
747 1355 762 1380 6
775 1353 878 1389 χρυσὸς
897 1363 997 1389 προτεη

215 1408 260 1434 ρον
275 1397 322 1435 ἦν,
340 1400 386 1426 καὶ
397 1400 461 1426 ὅθεν
475 1400 617 1435 εἴληπται.
637 1399 796 1427 ’Δπολαὸών
814 1401 869 1435 γὰρ
891 1402 904 1427 ὁ
926 1401 998 1433 ὂσιος

213 1445 243 1472 τὸ
257 1445 343 1477 δοθὲν,
363 1444 461 1480 Δεῦρο,
478 1446 572 1480 φησὶν,
597 1445 710 1480 ἁδελφὲ,
727 1445 796 1481 πρὸς
815 1445 862 1472 τὸν
881 1446 998 1481 πένητα,

214 1492 262 1518 καὶ
286 1491 432 1526 ἀποδῶμεν
453 1493 530 1526 κοινῇ
556 1492 595 1527 τῷ
617 1492 818 1527 φιλανθρώπως
837 1492 906 1518 αὐτὸ
929 1493 998 1528 χρή-

216 1544 308 1564 σαντι.
324 1536 418 1568 Οὖτως
430 1536 493 1571 ἔφη,
519 1537 567 1563 καὶ
581 1537 674 1564 λαϐὼν
689 1537 784 1571 αὑτὸν,
801 1537 863 1572 ἄγει
879 1538 954 1573 παρά
971 1547 997 1565 τι

215 1583 326 1618 κηπίον,
345 1584 415 1619 ὅπερ
427 1581 461 1619 ἢν
481 1583 519 1619 τῷ
534 1585 646 1620 μεγάλῳ
672 1586 782 1622 μικροῖς
801 1586 929 1621 λαχάνοις
946 1586 996 1621 τὴν

215 1630 323 1656 ἀσιτίαν
339 1630 586 1665 παραμυθούμενον
601 1650 609 1658 .
630 1631 685 1658 Καὶ
711 1632 776 1664 στὰς
795 1632 862 1667 παρ’
881 1633 945 1658 αὐτὸ
964 1633 997 1668 δὴ

214 1676 244 1702 τὸ
255 1676 380 1711 Θριγκίον
394 1676 442 1702 καὶ
456 1676 595 1710 ἁψάμενος
608 1676 656 1702 τοῦ
670 1677 812 1712 φραγμοῦ,
830 1678 865 1703 τὰ
884 1677 997 1711 ὄμματά

214 1729 244 1749 τε
257 1721 352 1755 διάρας
366 1722 435 1756 πρὸς
447 1721 573 1756 οὐρανὸν,
589 1721 678 1757 Κύριε
694 1730 746 1756 μου
765 1721 855 1756 Ἰησοῦ
884 1722 997 1757 Χριστὲ,

215 1768 255 1798 είς
265 1767 381 1801 ἐπήκοον
393 1766 440 1793 τοῦ
452 1767 630 1801 παρεστῶτος
642 1767 718 1802 αὐτῷ
730 1766 872 1802 ἐξεφώνει,
883 1768 896 1794 6
909 1767 997 1794 πάντα

216 1814 300 1839 ποιῶν
323 1813 370 1839 καὶ
391 1813 609 1847 μετασκευάζων
638 1813 713 1848 μόνῳ
739 1813 778 1848 τῷ
805 1813 960 1848 βούλεσθαι,
984 1815 998 1840 ὁ

217 1859 264 1885 ἰπὶ
279 1859 419 1889 Μωῡσέως
444 1859 494 1894 τὴν
519 1859 617 1894 ρἀδον
633 1859 673 1890 είς
688 1859 749 1892 ὅφιν
769 1860 812 1885 ἐπ’
834 1860 895 1895 ὄψει
921 1860 999 1895 βασι-

215 1903 285 1936 λέως
307 1905 447 1937 Αίγύπτου
475 1904 647 1939 μεταῦαλὼν,
685 1904 766 1936 αὐτὸς
793 1906 840 1932 καὶ
864 1906 942 1932 τουτὶ
965 1905 999 1932 τὸ

215 1950 328 1985 χρυσίον
344 1950 438 1984 ὥσπερ
451 1951 484 1976 ἐκ
500 1949 570 1982 ζὼου
587 1951 720 1985 πρότερον
744 1951 785 1982 είς
808 1950 909 1986 ταύτην
932 1960 997 1986 μετ-

217 1994 312 2024 έϐαλες
337 1994 386 2028 τὴν
418 1994 535 2028 μορφὴν,
550 1994 620 2020 οὕτω
639 1995 685 2022 καὶ
709 1994 757 2021 νῦν
776 1995 870 2022 νεῦσον
885 1998 925 2028 είς
939 1996 954 2023 ὃ
971 1997 1000 2029 ἐξ

216 2040 303 2075 ἀρχῆς
317 2037 385 2071 εἶδος
402 2039 580 2074 ἀναδραμεῖν,
597 2040 671 2072 ὅπως
695 2041 744 2068 καὶ
764 2037 842 2074 οὗτος
861 2043 912 2078 τὴν
935 2043 1000 2077 περὶ

215 2086 290 2120 ἡμᾶς
306 2094 353 2112 σου
368 2085 442 2121 μάθῃ
455 2085 631 2119 κηδεμονίαν,
655 2086 702 2113 καὶ
725 2087 885 2122 πράγμασιν
909 2088 1000 2120 αὐτοῖς

216 2131 246 2158 τὸ
260 2132 288 2157 ὲν
301 2132 333 2166 τῇ
349 2131 409 2165 eti;
424 2131 519 2166 Γραφῇ
541 2131 664 2167 διδαχθῇ,
683 2133 725 2160 ὅτι
755 2133 848 2160 Πάντα
869 2135 918 2161 ὅσα
939 2135 1001 2169 ἠθέ-

217 2176 300 2211 λησεν
313 2178 328 2203 6
337 2178 440 2212 Κύριος
451 2177 588 2213 εποίησεν.
601 2177 692 2204 Ταῦτα
705 2178 864 2214 εὐξαμένου,
876 2181 917 2211 τίς
928 2181 1001 2208 εἴποι

217 2222 272 2262 τῶν
282 2222 336 2249 σῶν
350 2223 518 2258 θαυμασίων,
530 2223 662 2257 Δέσποτα,
673 2225 721 2260 τὴν
739 2225 909 2262 ὑπιρὸολήνς
923 2227 1002 2261 Ὄφις

217 2269 343 2304 ὸχρυσὺς
366 2267 512 2305 ἧν,πνέωγ
535 2270 581 2297 καὶ
601 2270 704 2305 ἕρπων,
730 2272 777 2298 καὶ
797 2273 862 2306 περὶ
876 2273 905 2298 τὸ
921 2272 999 2308 θριγ-

218 2315 275 2342 κίον
305 2315 463 2350 κινούμενός
495 2323 525 2341 τι
553 2315 602 2342 καὶ
629 2315 814 2351 ἑλισσόμενος,
840 2318 887 2352 ἀφ’
915 2315 946 2344 οὗ
968 2319 1001 2353 δὴ

219 2361 266 2388 καὶ
280 2361 311 2387 τὸ
323 2362 432 2397 πρῶτον
445 2362 526 2396 χερσὶ
551 2360 598 2388 τοῦ
618 2362 698 2395 ἁγίου
724 2362 838 2397 ληφθεὶς
853 2364 956 2390 ἐκεῖνον
969 2364 1002 2398 δὴ

220 2408 378 2442 παραδόξως
410 2407 558 2442 μετήλλαξε
594 2408 640 2434 τὸν
670 2409 784 2444 χρυσόν.
812 2409 898 2436 Τοῦτο
927 2411 1002 2445 παρὰ

220 2453 311 2479 πᾶσαν
327 2453 431 2479 ἔννοιαν
445 2453 620 2488 ἀνθρωπίνην
643 2454 657 2479 6
675 2454 798 2489 γεωργὸς
822 2455 1002 2490 θεασάμενος,

221 2499 267 2525 καὶ
285 2499 378 2533 τρόμῳ
398 2499 567 2534 κατάσχετος
582 2499 713 2534 γεγονὼς,
735 2501 830 2528 πίπτει
843 2509 873 2527 τε
886 2501 930 2528 ἐπ’
941 2501 1003 2536 ὄψιν

221 2545 261 2576 είς
285 2544 349 2578 γῆν,
378 2545 425 2570 καὶ
442 2545 614 2571 καταπάττει
629 2545 704 2572 κόνιν
725 2546 772 2573 ἰπὶ
793 2547 844 2581 τῆς
870 2547 1002 2582 κεφαλῆς,

220 2590 327 2625 δάκρυά
343 2597 371 2616 τι
385 2589 437 2616 τῶν
449 2589 597 2625 ὀφθαλμῶν
614 2591 716 2626 ἀφιεὶς,
742 2592 789 2618 καὶ
811 2592 923 2625 ἀνάξιον
941 2593 1004 2619 ἑαυ-

221 2638 267 2663 τὴν
277 2633 348 2662 εἶναι
365 2635 452 2669 λέγων
465 2635 495 2661 οὐ
508 2635 636 2670 τοιαύτης
662 2636 742 2671 μόνον
768 2637 871 2673 δωρεᾶς
897 2646 926 2664 τε
956 2638 1004 2664 καὶ

222 2680 343 2717 χάριτος,
357 2679 424 2707 ἀλλὰ
437 2681 484 2706 καὶ
499 2679 562 2711 θέας
578 2680 672 2715 μόνης,
694 2682 795 2715 μᾶλλον
811 2682 839 2708 δι
856 2683 903 2708 καὶ
920 2683 1004 2709 ἁκού-

225 2733 336 2760 σματος.
355 2724 427 2759 Πλὴν
445 2724 516 2750 ἀλλὰ.
530 2724 624 2750 τοῦτον
638 2725 688 2759 μὲν
709 2726 723 2751 6
742 2726 814 2756 ὅσιος
837 2726 1003 2762 διανίστησι,

223 2771 271 2798 καὶ
285 2770 376 2805 ψυχὴν
388 2769 462 2805 αὐτῷ
477 2770 535 2805 ἅμα
549 2769 598 2796 καὶ
612 2770 693 2805 σῶμα
709 2770 841 2805 pd:qu
854 2780 861 2788 ο
877 2773 891 2799 ὁ
903 2772 964 2807 ὄφις
977 2773 1005 2800 δὲ

263 2863 273 2878 ¹
287 2862 356 2891 Psal.
373 2870 480 2895 cxxuv,
490 2863 518 2891 6.

391 2915 524 2943 ιἈτιιοι..
539 2913 598 2943 Gn.
616 2911 727 2943 CXVI.

1011 1561 1033 1590 C

1045 942 1213 977 lmpertitur,
1232 946 1262 969 ut
1292 947 1320 969 et
1336 942 1446 970 domum
1474 949 1551 969 suam
1578 942 1714 976 impleret,
1742 946 1770 968 et
1793 941 1828 968 ad

1045 989 1196 1024 deiicienda
1216 989 1319 1016 semina
1343 990 1370 1016 in
1391 990 1425 1016 iis
1437 997 1507 1024 quos
1523 989 1642 1017 habebat
1664 989 1747 1024 agris,
1778 989 1829 1016 da-

1046 1039 1104 1060 tum
1119 1033 1267 1061 suiliceret.
1280 1034 1357 1067 Quod
1375 1040 1466 1061 antem
1490 1034 1626 1069 deiectum
1644 1035 1732 1062 fuerat
1754 1034 1829 1062 l'ruc—

1048 1083 1104 1106 tum
1124 1078 1256 1113 produxit
1274 1084 1328 1106 tam
1346 1080 1536 1114 multiplicem,
1549 1086 1579 1108 ut
1591 1085 1618 1108 et
1636 1081 1660 1108 ei
1681 1081 1727 1116 qui
1746 1081 1830 1108 dede-

1047 1128 1100 1156 rat,
1114 1124 1236 1152 debitum
1250 1124 1413 1157 reddiderit,
1427 1131 1455 1152 et
1466 1133 1563 1152 aurum
1574 1126 1599 1152 ei
1613 1126 1706 1152 datum
1721 1126 1827 1162 pignori

1048 1170 1207 1204 receperit,
1231 1175 1259 1197 et
1287 1170 1320 1197 ad
1351 1176 1475 1198 sanctum
1501 1179 1598 1198 rursus
1631 1176 1708 1207 grato
1737 1172 1829 1200 animo

1048 1216 1185 1243 retulerit.

1085 1260 1220 1299 VIII._Scd
1235 1261 1276 1289 sic
1291 1261 1401 1300 quidem
1421 1269 1525 1300 pauper
1539 1261 1678 1298 debitum;
1707 1266 1766 1293 vult
1784 1273 1831 1293 an-

1050 1303 1104 1335 teiit
1119 1312 1207 1336 oratlo
1232 1316 1342 1344 quoque
1366 1309 1393 1336 id
1419 1310 1492 1344 quod
1517 1310 1598 1337 debet
1630 1311 1782 1343 exsolvere,
1804 1315 1831 1337 et

1049 1353 1194 1381 ostendere
1215 1354 1242 1381 id
1275 1355 1347 1389 quod
1372 1359 1432 1382 erat
1460 1355 1593 1390 pollicita,
1616 1356 1747 1390 quidnam
1772 1360 1832 1383 erat
1871 1355 1878 1362 '

1049 1399 1126 1435 prius
1151 1407 1259 1432 aurum,
1286 1404 1315 1427 et
1341 1401 1477 1427 undenam
1503 1400 1555 1427 fuit
1586 1405 1737 1435 sumptum.
1761 1400 1831 1428 Cum

1051 1446 1125 1472 enim
1144 1446 1294 1481 recepisset
1308 1452 1420 1474 sanctus
1446 1447 1473 1474 id
1498 1447 1572 1481 quod
1597 1447 1690 1474 datum
1722 1447 1830 1474 fuerat:

1050 1491 1199 1523 Adesdum.
1220 1499 1236 1519 o
1251 1492 1345 1526 frater,
1359 1493 1397 1519 ait
1411 1493 1539 1528 pauperi,
1561 1498 1589 1520 ct
1606 1492 1763 1524 reddamus.
1788 1493 1831 1520 in-

1051 1539 1120 1572 quit,
1137 1538 1320 1566 communiter
1335 1538 1371 1569 ei,
1403 1538 1452 1573 qui
1491 1539 1608 1574 benigne
1637 1539 1831 1566 commodavit.

1050 1582 1095 1610 Sic
1111 1583 1210 1618 inquit,
1232 1588 1260 1610 et
1275 1591 1336 1610 cum
1354 1591 1415 1611 eum
1433 1585 1593 1618 accepisset,
1603 1585 1679 1612 ducit
1697 1586 1832 1620 aliquem-

1051 1628 1112 1656 dam
1127 1629 1248 1661 hortum,
1267 1629 1314 1664 qui
1328 1630 1418 1664 magni
1434 1630 1551 1657 inediam
1565 1630 1730 1665 quibusdam
1743 1632 1833 1666 parvis

1051 1675 1394 1710 recreabatoleribus.Qui
1408 1684 1469 1703 cum
1492 1677 1518 1703 in
1533 1677 1592 1711 ipso
1602 1684 1682 1712 agere
1694 1677 1833 1704 constitis~

1051 1726 1103 1754 set,
1117 1729 1149 1749 ac
1167 1730 1259 1757 sepem
1277 1723 1422 1758 attigisset,
1440 1723 1467 1749 in
1481 1723 1579 1750 ccelum
1595 1722 1711 1750 sublatis
1725 1723 1811 1750 oculis
1825 1731 1832 1749 :

1051 1768 1166 1796 Domine
1181 1769 1217 1795 mi
1234 1768 1297 1796 Jesu
1310 1768 1431 1800 Christe,
1450 1767 1549 1795 effatus
1561 1773 1614 1799 est,
1639 1775 1673 1795 eo
1693 1768 1832 1800 audiente,

1051 1815 1098 1849 qui
1129 1815 1232 1846 aderat.
1268 1814 1315 1850 qui
1337 1815 1393 1842 sola
1418 1814 1558 1842 voluntate
1580 1814 1673 1841 omnia
1703 1821 1781 1842 creas
1807 1819 1834 1842 et

1052 1864 1229 1892 transmutzis,
1246 1860 1292 1894 qui
1316 1859 1465 1894 aliquando
1494 1859 1560 1886 Mosi
1583 1860 1698 1894 virgam,
1722 1859 1834 1886 vidente

1052 1913 1115 1940 rege
1130 1905 1250 1940 Egypti,
1275 1905 1303 1932 in
1321 1910 1475 1939 serpentem
1501 1905 1673 1938 convertisti,
1700 1905 1758 1940 ipse
1782 1905 1834 1932 hoc

1052 1959 1162 1986 quoque
1185 1958 1294 1983 aurum.
1317 1951 1454 1985 quomodo
1485 1958 1519 1978 ex
1545 1951 1683 1978 animante
1704 1950 1780 1984 prius
1806 1950 1835 1978 in

1053 1995 1124 2023 hanc
1151 1995 1261 2022 mutasti
1287 1996 1414 2027 formam,
1442 1995 1479 2022 ita
1503 2003 1576 2022 nunc
1599 2003 1708 2030 quoque
1732 2003 1834 2026 annue,

1052 2045 1083 2068 ut
1098 2044 1252 2067 revertatur
1266 2039 1294 2066 in
1309 2047 1369 2067 eam
1380 2040 1506 2073 formam,
1518 2039 1546 2066 in
1558 2048 1611 2074 qua
1627 2045 1685 2068 erat
1697 2041 1731 2068 ab
1746 2041 1834 2068 initio:

1054 2090 1085 2113 ut
1103 2085 1148 2112 bic
1163 2092 1273 2120 quoque
1288 2085 1356 2112 sciat
1386 2093 1468 2120 quam
1483 2089 1512 2112 tu
1527 2086 1613 2112 nostri
1638 2093 1731 2113 curam
1746 2094 1835 2121 geras,

1053 2136 1082 2159 et
1096 2131 1179 2159 rebus
1192 2131 1258 2166 ipsis
1269 2131 1392 2158 discatid
1400 2131 1473 2166 quod
1483 2136 1525 2159 est
1538 2132 1565 2159 in
1577 2131 1668 2159 divina
1682 2132 1834 2168 Scriptura,

1054 2177 1127 2213 quod
1150 2177 1326 2212 Quaecunque
1339 2178 1396 2204 vult
1417 2177 1489 2205 Deus
1511 2178 1576 2205 iecit
1607 2178 1701 2206 omnia
1725 2179 1746 2206 ⁸.
1767 2178 1835 2206 Cum

1020 2233 1040 2259 υ
1056 2225 1092 2251 ita
1109 2228 1182 2251 esset
1207 2229 1334 2259 precatus
1358 2224 1446 2259 (Quis,
1477 2232 1494 2252 ο
1511 2225 1637 2258 Domine,
1660 2225 1760 2252 dixerit
1779 2233 1837 2253 ma-

1053 2270 1223 2304 gnitudinem
1247 2269 1443 2297 miraculorum
1475 2269 1624 2304 tuorum?)
1650 2277 1746 2297 aurum
1777 2275 1837 2297 erat

1056 2323 1180 2350 serpens,
1203 2315 1312 2350 spirans
1325 2321 1354 2343 et
1367 2323 1476 2350 repens,
1493 2319 1520 2343 et
1541 2315 1614 2342 circa
1629 2322 1721 2350 sepem
1745 2323 1837 2344 move-

1056 2361 1136 2388 batur
1148 2366 1177 2388 ct
1191 2361 1352 2389 volvebatur
1362 2369 1370 2388 :
1381 2369 1413 2388 ex
1425 2369 1478 2396 qua
1495 2361 1614 2397 primum
1626 2367 1752 2396 sumptus
1776 2369 1837 2389 san-

1056 2408 1092 2434 cti
1108 2407 1243 2440 manibus,
1270 2407 1469 2435 admirabiliter
1493 2412 1614 2435 mutatus
1639 2407 1693 2435 fuit
1712 2407 1741 2435 in
1769 2407 1836 2435 illud

1053 2459 1162 2480 aurum.
1177 2452 1234 2480 lloc
1249 2460 1312 2480 cum
1333 2457 1432 2488 praeter
1443 2460 1552 2481 omnem
1572 2453 1718 2480 humanam
1736 2453 1836 2485 cogita-

1053 2498 1156 2525 tionem
1184 2499 1334 2533 aspexisset
1361 2499 1498 2534 agricola,
1526 2505 1644 2527 tremore
1682 2504 1836 2534 correptus,

1054 2551 1156 2577 pronus
1168 2545 1241 2572 cadit
1250 2545 1277 2572 in
1294 2544 1404 2578 faciem,
1416 2549 1444 2572 et
1456 2545 1538 2580 capiti
1554 2545 1673 2580 aspergit
1685 2545 1837 2580 pulverem,

1053 2590 1186 2625 lacryinas
1215 2590 1343 2617 emittens
1369 2597 1403 2617 ex
1428 2590 1526 2623 oculis,
1550 2593 1578 2617 et
1610 2597 1639 2617 se
1672 2597 1733 2617 esse
1765 2589 1838 2616 indi-

1057 2643 1140 2670 gnum
1156 2643 1209 2663 non
1225 2636 1314 2663 solum
1330 2636 1377 2663 tali
1395 2635 1468 2664 dono
1483 2640 1512 2663 et
1525 2635 1623 2670 gratia,
1643 2634 1691 2662 sed
1715 2634 1758 2662 vel
1779 2635 1839 2663 solo

1058 2682 1226 2716 spectaculo,
1250 2682 1306 2709 imo
1330 2690 1396 2710 vero
1418 2682 1570 2710 auditione.
1595 2680 1840 2709 Verumenimvero

1058 2735 1121 2754 eum
1137 2728 1246 2763 quidem
1260 2733 1371 2756 sanctus
1387 2728 1479 2764 erigit,
1493 2732 1521 2756 et
1536 2728 1562 2756 ei
1579 2727 1702 2755 animum
1716 2726 1798 2755 simul
1812 2731 1841 2753 et

1060 2780 1159 2808 corpus
1190 2774 1361 2801 corroborat.
1391 2774 1508 2809 Serpens
1529 2777 1620 2801 autem
1653 2772 1762 2800 interitu
1792 2778 1842 2807 per

1603 2910 1635 2939 Η
