2082 3153
189 192 242 223 [20

805 199 891 230 VlTA
914 201 943 230 S.
965 198 1204 231 SPYRIDONlS.

1760 206 1810 236 μθ

189 248 331 283 θρέμματι
344 247 522 284 ξενιζόμενος,
535 249 628 283 αὐτὸς,
641 248 686 279 οἷα
698 252 745 279 τοῦ
754 253 859 288 ἀγαθοῦ
874 253 968 290 ποιμέ-

1024 259 1052 282 et
1067 264 1079 281 ιι
1093 255 1211 291 quodam
1227 263 1341 284 suorum
1355 257 1518 290 amicorum,
1537 263 1563 286 et
1587 259 1658 287 bona
1683 261 1725 288 sui
1747 269 1808 296 gro-

189 303 234 326 vo;
252 295 353 328 ἀγαθὸν
379 295 526 330 πρόϐατον,
548 297 596 324 καὶ
620 298 689 333 πρὸς
709 299 754 326 τὶν
781 300 888 327 ἐκείνου
918 301 974 336 βίον

189 339 284 375 ὥσπερ
310 342 350 372 είς
374 341 517 370 κάλλιστον
543 343 698 379 ἀρχέτυπον
725 346 846 380 ἀφορῶν,
872 348 903 374 τὸ
926 348 974 374 τοῦ

188 385 361 419 διδασκάλου,
383 388 523 420 μᾶλλονδὲ
539 389 570 416 τὸ
582 389 630 416 τοῦ
647 392 784 419 Δεσπότω
800 394 847 420 καὶ
862 393 974 428 πρώτου

186 431 350 460 διδασκάλου
371 435 501 470 Χριστοῦ,
528 436 635 463 ἐδείκνυ
659 438 778 472 μέτριον.
804 440 902 466 Λαϐὼν
919 442 976 476 γὰρ

189 478 262 513 ὕδωρ
282 480 330 505 καὶ
350 479 388 515 τῷ
411 480 523 516 νιπτῆρι
547 481 648 516 βαλὼν,
665 482 776 518 ἕτοιμος
790 481 824 519 ἦν
848 484 887 519 τῷ
904 486 974 521 ἁγίῳ

186 525 250 556 τοὺς
271 525 353 556 πόδας
373 526 586 562 ὲκθεραπεῦσαι.
612 529 642 555 οι
663 537 695 562 γε
712 530 764 565 μὴν
785 532 813 556 ἑν
833 532 973 566 γειτόνων,

186 570 248 597 ἐπεὶ
263 571 309 597 τὴν
331 571 410 605 ἅγιον
434 572 550 608 ᾔσθοντο
566 575 747 608 παρελθόντα,
775 577 902 604 συνέθεον
927 579 974 605 καὶ

186 617 331 650 αὒτοὶ,κα“ι
349 618 425 645 οὐδὲν
446 617 528 655 ἦττον
547 620 689 648 ἐϐούλοντο
701 623 758 654 τοῖς
773 624 853 650 ποσὶν
866 624 973 650 ἐκείνου

184 664 263 691 τοῦτο
279 667 377 698 ποιεῖν,
391 667 437 692 καὶ
456 667 494 696 ὡς
509 668 699 704 περιμάχητόν
715 677 741 695 τι
757 669 823 704 παρ’
836 671 929 702 αὐτοῖς
944 670 974 697 τὸ

185 710 302 743 πρᾶγμα
325 710 442 740 ἐτίθουν.
460 712 508 738 καὶ
523 712 572 747 τῆς
585 713 711 748 εὐλογίας
723 714 914 750 ἠμφισϐήτουν
924 715 973 742 ἁ).-

185 753 288 789 λήλοις.

219 845 271 873 IA'.
298 847 343 873 'Ev
365 847 458 878 αὐτοῖς
479 848 525 875 οὖν
548 849 595 876 καὶ
617 851 684 886 γυνή
711 859 753 883 τις
779 851 843 883 τοὺς
866 852 974 884 πλειους

183 893 449 928 παραγκωνιζομένη
478 895 562 929 πολλή
596 904 638 926 τις
666 894 721 931 ἦν,
747 897 826 924 τοῦτο
856 897 972 932 μάλιστα

181 938 279 972 δρᾶσαι
293 939 455 975 βιαζομένη·
469 938 503 975 ἦν
515 941 544 967 δὲ
557 940 626 976 αὕτη
640 942 766 978 σαρκικῷ
777 943 859 978 ἔρωτι
871 944 973 972 ἁλοῦσα

183 985 221 1020 μὴ
248 985 301 1018 πρδ
325 985 435 1016 πολλοῦ.
451 987 498 1012 καὶ
524 987 631 1022 ἥττων,
649 989 741 1023 οἴμοιί
767 990 900 1024 γενομένη
924 991 973 1025 τῆς

180 1031 330 1066 ἁμαρτίαςο
358 1032 440 1063 αὐτὸς
467 1033 495 1059 δὲ
518 1034 559 1064 τίς
575 1034 688 1069 καρδίαν
711 1035 795 1066 ὅντως
818 1036 899 1071 ὁρῶν,
927 1037 973 1063 καὶ

180 1075 225 1104 οἷα
241 1079 273 1104 τὰ
289 1078 397 1113 ἐκείνης
412 1077 441 1105 εὖ
459 1079 648 1113 ἐπιστάμενος,
666 1081 757 1115 ἡρέμα
769 1081 818 1114 μὲν
832 1081 973 1117 τὺῆμερον

180 1124 270 1151 ικεῖνο
290 1126 336 1152 καὶ
357 1126 408 1160 ὴδὺ
424 1126 492 1160 αὺτῇ
509 1127 656 1161 πρόσωπον
677 1128 856 1163 ἀποστρέφει,
878 1129 972 1164 ἠρέμα

177 1170 209 1197 δὲ
221 1172 269 1197 καὶ
287 1172 353 1204 πρὸς
370 1171 466 1206 αὐτὴν,
482 1173 526 1206 Μή
541 1181 594 1206 μου
611 1172 708 1204 ἆπτου,
724 1174 800 1208 φησι,
813 1173 902 1207 γύναι’
914 1174 972 1209 οὐχ’

179 1217 219 1248 ὡς
235 1217 268 1244 ἄν
291 1226 333 1248 τις
354 1218 426 1244 εἴποι
443 1218 542 1245 ἑαυτὸν
557 1219 753 1254 ἀποσεμνύνων
775 1220 791 1256 ἢ
809 1220 839 1246 τὸ
860 1221 971 1253 γύναιον

181 1263 387 1297 μυσαττόμενος
412 1262 483 1298 (πῶς
506 1263 560 1298 γὰρ
583 1265 707 1299 μαθητὴς
725 1265 763 1292 ὢν
784 1266 900 1298 ἐκείνου,
922 1267 970 1293 τοῦ

179 1308 228 1334 καὶ
255 1308 386 1339 τελώναις
408 1308 455 1334 καὶ
480 1308 604 1342 πόρναις,
632 1310 680 1336 καὶ
704 1310 881 1345 ἁμαρτωλοῖς
906 1319 969 1337 συν-

179 1352 360 1388 εσθίοντος;),
378 1353 435 1380 ἀλλ’
446 1353 586 1388 ἐντρέπων
605 1354 699 1390 αὑτὴν,
727 1355 774 1382 καὶ
798 1357 838 1387 είς
865 1356 970 1383 ἔννοιαν

179 1398 322 1430 ἐμϐάλλων
346 1399 397 1432 τῆς
415 1401 539 1435 πονηρᾶς
558 1400 696 1435 πράξεως,
720 1401 768 1428 καὶ
791 1401 880 1436 ἠπίως
896 1401 969 1429 οὕτω

179 1444 247 1479 πρὸς
265 1445 411 1479 μετάνοιαν
429 1445 643 1482 ἐκκαλούμενος,
661 1447 675 1473 δ
694 1447 726 1482 δὴ
742 1447 790 1474 καὶ
804 1448 891 1483 πέρας
911 1446 967 1483 εἶχε

179 1490 227 1516 καὶ
251 1490 320 1516 κατὰ
347 1491 448 1518 σκοπὸν
475 1491 548 1527 αὐτῷ
568 1492 703 1527 διηνύιτο,
732 1493 778 1525 Ὠς
801 1495 856 1530 γὰρ
879 1495 896 1529 ἠ
920 1495 969 1529 μὲν

179 1535 324 1563 διετείνετο
343 1537 389 1564 καὶ
421 1537 462 1564 ἔτι
486 1537 586 1573 δρᾶσαι
608 1539 639 1565 τὸ
665 1539 896 1574 σπουδαζόμενον,
921 1542 968 1568 καὶ

1025 301 1067 337 gis
1082 301 1186 336 pecude
1203 301 1323 337 hospitio
1338 308 1411 330 esset
1433 308 1575 338 exceptus,
1601 305 1657 340 ipse
1677 311 1807 342 tanquam

1025 347 1085 375 ovis
1105 347 1169 376 boni
1185 347 1316 380 Pastoris,
1333 353 1360 376 et
1375 349 1421 384 qui
1434 351 1468 377 ad
1494 349 1567 377 illius
1581 351 1664 378 vitam
1679 356 1807 387 tanquam

1025 393 1240 428 pulcherrimum
1263 396 1404 429 exemplar
1430 395 1595 426 intueretur.
1623 398 1746 432 magistri
1767 399 1810 426 vel

1024 441 1115 475 potius
1130 441 1236 468 Domini
1260 446 1287 469 et
1308 441 1387 476 primi
1405 441 1528 477 magistri
1551 441 1664 475 Christi,
1688 444 1810 471 ostendit

1024 485 1250 514 moderationem.
1282 487 1348 513 Nam
1375 494 1438 514 cum
1466 487 1619 522 accepisset
1646 495 1756 523 aquam,
1782 495 1811 516 et

1024 540 1083 559 eam
1099 532 1125 559 in
1152 533 1290 560 lavacrum
1309 533 1479 565 immisisset,
1504 539 1616 568 paratus
1640 539 1698 560 erat
1714 539 1810 562 sancto

1024 577 1114 604 lavare
1130 577 1224 612 pedes.
1252 577 1303 610 Qui
1333 581 1424 605 autem
1451 582 1530 605 erant
1554 579 1581 605 in
1608 578 1721 611 vicinia,
1746 587 1808 607 cum

1025 624 1175 651 sensissent
1195 628 1320 651 sanctum
1340 625 1497 655 accessisse,
1513 625 1563 660 ipsi
1576 633 1686 660 quoque
1698 633 1813 653 concur-

1024 673 1158 696 reruntet
1174 669 1302 696 volebant
1318 669 1404 696 nihilo
1430 670 1521 697 secius
1539 670 1591 697 hoc
1614 671 1703 705 ipsum
1720 671 1812 698 facere

1024 714 1098 741 illius
1113 715 1246 749 pedibus:
1262 722 1378 750 eamque
1407 723 1464 744 rem
1478 716 1615 744 ducebant
1640 717 1811 751 hujusmodi,

1024 763 1054 786 ut
1070 759 1104 786 de
1116 767 1148 787 ea
1169 768 1198 788 re
1211 765 1285 788 esset
1300 760 1373 787 inter
1393 767 1442 788 eos
1464 760 1674 794 decertandum,
1690 766 1718 788 et
1739 762 1813 789 inter

1026 813 1055 833 se
1072 806 1277 834 contendebant
1297 807 1332 834 de
1348 807 1551 835 benedictione.

1060 851 1106 878 XI.
1125 851 1201 879 Inter
1216 859 1264 879 eos
1278 857 1369 879 autem
1382 857 1441 879 erat
1455 853 1537 880 etiam
1551 852 1675 887 quaedam
1698 853 1811 885 mulier,

1024 904 1085 931 quae
1097 897 1252 932 complures
1267 897 1294 924 in
1317 897 1370 924 hoc
1394 898 1544 925 certamine
1564 899 1714 933 superabat
1731 907 1811 935 urge-

1025 943 1137 977 batque,
1152 950 1180 971 et
1202 943 1254 971 hoc
1279 944 1396 971 maxime
1419 944 1529 972 volebat
1553 944 1653 972 facere.
1677 945 1716 972 Ea
1744 953 1811 973 vero

1025 988 1115 1015 fuerat
1129 988 1201 1015 haud
1230 989 1267 1016 ita
1292 989 1399 1024 pridem
1425 994 1502 1024 capta
1528 990 1629 1017 carnali
1652 998 1758 1021 amore.
1783 995 1811 1018 ot

1024 1035 1108 1067 ricta,
1123 1034 1191 1069 proh
1206 1034 1305 1061 dolori
1321 1042 1335 1061 a
1348 1039 1470 1069 peccato.
1486 1034 1546 1070 Ipse
1561 1040 1653 1062 autem
1672 1043 1768 1063 revera
1781 1036 1809 1063 in

1024 1089 1073 1108 cnr
1088 1082 1206 1111 intuens.
1229 1086 1257 1109 et
1276 1085 1306 1109 ut
1329 1083 1375 1116 qui
1398 1083 1491 1114 sciret,
1510 1083 1742 1117 quemadmodum
1764 1091 1810 1110 res

1022 1128 1082 1162 ejus
1102 1135 1132 1154 se
1157 1128 1281 1159 haberet,
1297 1128 1399 1156 sensim
1424 1129 1536 1163 quidem
1557 1129 1658 1157 avertit
1682 1137 1811 1157 mansue-

1024 1177 1077 1199 tam
1092 1173 1164 1200 illam
1189 1177 1216 1200 et
1237 1181 1347 1201 suavem
1373 1181 1450 1200 suam
1473 1173 1595 1207 faciem;
1621 1175 1722 1202 sensim
1743 1182 1810 1202 vero

1021 1219 1045 1246 ei
1061 1226 1170 1253 quoque
1184 1218 1273 1246 dicit:
1289 1219 1327 1246 Ne
1353 1226 1395 1246 me
1414 1224 1519 1254 tangas,
1546 1220 1662 1253 mulier;
1684 1227 1752 1252 non.
1779 1224 1810 1247 ut

1021 1265 1122 1292 dixerit
1146 1264 1294 1300 quispiam,
1319 1264 1372 1292 sibi
1404 1265 1515 1299 placens
1541 1270 1571 1292 et
1603 1273 1633 1293 se
1665 1266 1810 1300 magnifico

1021 1311 1273 1346 circumspiciens,
1299 1315 1346 1338 aut
1373 1311 1516 1338 mulierem
1544 1312 1706 1339 abominans
1731 1312 1810 1347 (quo-

1021 1358 1103 1385 modo
1119 1357 1203 1389 enim,
1219 1357 1266 1392 qui
1291 1361 1353 1385 erat
1375 1357 1450 1385 illius
1471 1357 1626 1393 discipulus
1645 1358 1692 1393 qui
1716 1366 1810 1385 vesce—

1020 1403 1101 1430 batur
1118 1411 1179 1430 cum
1211 1403 1378 1438 publicanis,
1411 1404 1604 1431 meretricibus
1631 1407 1659 1430 ct
1682 1408 1809 1439 peccato-

1021 1448 1098 1475 ribus
1110 1448 1142 1482 ?),
1159 1448 1207 1475 sed
1219 1456 1279 1476 eam
1308 1447 1414 1483 pudore
1434 1448 1564 1480 afﬁciens,
1594 1453 1622 1476 ct
1644 1454 1751 1484 turpem
1781 1451 1806 1477 ei

1020 1493 1155 1521 actionem
1172 1501 1305 1521 revocans
1319 1494 1346 1521 in
1369 1495 1543 1526 memoriam,
1558 1498 1586 1522 et
1609 1495 1649 1522 sic
1665 1503 1725 1523 eam
1746 1495 1808 1530 pla~

1019 1539 1081 1567 cide
1097 1547 1199 1567 vocans
1213 1539 1246 1567 ad
1264 1539 1454 1575 penitentiam
1471 1548 1478 1566 :
1498 1540 1570 1575 quod
1593 1540 1705 1575 quidem
1717 1546 1758 1568 est
1772 1541 1807 1568 ab

180 1581 282 1615 πολλὴν
298 1582 393 1617 εἰσῆγε
407 1583 456 1618 τὴν
470 1583 608 1617 ἔνστασιν,
620 1585 634 1610 ὸ
652 1584 679 1611 δὲ
702 1586 747 1611 καὶ
766 1586 866 1619 μᾶλλον
882 1586 967 1619 αὐτῆς

1019 1593 1052 1612 eo
1065 1585 1228 1620 perfectum.
1241 1589 1270 1612 et
1283 1593 1395 1620 scopum
1410 1590 1452 1613 est
1476 1591 1626 1613 assecutus.
1658 1587 1717 1619 Quo
1732 1587 1806 1614 enim

179 1628 308 1655 καθίκετο
337 1629 579 1665 πληκτικώτερον,
609 1631 678 1666 ὅπερ
705 1631 797 1666 ἐκείνη
832 1632 968 1667 πέπραχε,

181 1675 308 1709 φανερῶς
325 1675 442 1708 ἐξειπών
459 1683 467 1692 ·
482 1676 542 1702 τότε
566 1676 598 1710 δὴ
623 1676 670 1703 καὶ
691 1677 761 1712 αὐτὴ
773 1677 812 1712 τῷ
829 1678 878 1712 μὲν
894 1678 969 1713 σοφῷ

177 1719 228 1754 τῆς
244 1721 431 1756 ἐπιτιμήσεως
454 1720 503 1755 τὴν
525 1720 617 1755 ψυχὴν
631 1721 778 1756 πληγεῖσα,
795 1722 968 1757 ἐκπλαγεῖσα

176 1765 206 1792 δὲ
229 1766 270 1792 ὅτι
299 1766 345 1792 καὶ
374 1766 441 1801 πρὸς
469 1765 532 1797 τοὺς
551 1766 599 1801 τῆς
616 1766 706 1802 ψυχῆς
719 1767 851 1799 ἀθεάτους
866 1768 967 1803 ἔϐλεψε

180 1810 331 1846 μώλωπας,
348 1811 425 1838 ὕδασι
438 1810 489 1846 μὲν
504 1812 554 1838 οὐκ
568 1811 619 1845 ἔτι,
630 1812 747 1847 δάκρυσι
763 1812 791 1839 δὲ
803 1813 867 1845 τοὺς
881 1814 968 1846 πόδας

179 1856 372 1892 ἀποκαθαίρει,
397 1857 445 1883 καὶ
465 1857 594 1893 συντριϐῇ
618 1857 733 1892 καρδίας
752 1858 919 1892 ἀπαγγέλλει
936 1860 967 1886 τὸ

177 1903 384 1937 πεπραγμένον.
405 1903 438 1929 Τί
454 1902 523 1935 οῠνς
555 1904 571 1938 ἡ
595 1903 646 1938 μὲν
663 1903 732 1939 πρὸς
752 1904 834 1932 αὑτὸν
856 1906 892 1932 τὰ
915 1906 966 1941 τῆς

177 1948 294 1983 πόρνης,
319 1950 332 1975 ό
348 1949 376 1975 δὲ
388 1949 421 1976 τὰ
436 1948 483 1975 τοῦ
507 1950 644 1976 Δεσπότου
667 1952 966 1986 παῤῥησιαστικώτατα

178 1995 246 2030 πρὸς
260 1996 355 2030 αὐτὴν,
373 1996 500 2031 «Θάρσει,
517 1996 646 2031 θύγατερ,
663 1998 757 2032 φησὶν,
768 1998 907 2032 ἀφέωνταί
923 2007 965 2025 σοι

175 2041 203 2068 at
219 2041 352 2078 ἁμαρτίαι
365 2050 422 2068 σου.
442 2052 451 2068 ι
465 2043 518 2068 Καὶ
542 2040 621 2074 αὖθις
633 2051 640 2058 ”
661 2051 671 2069 ε
693 2044 739 2078 Ὶδε
750 2044 828 2078 ὑγιὴς
837 2045 964 2079 γέγονας,

176 2087 277 2123 μηκέτι
294 2087 447 2122 ἁμάρτανε,
462 2096 471 2113 ι
482 2087 540 2122 ἅμα
552 2088 599 2114 καὶ
610 2087 660 2123 τὴν
668 2089 744 2115 νόσον
760 2089 829 2116 κατὰ
843 2090 905 2121 τοὺς
921 2098 965 2116 σο-

174 2132 243 2167 φοὺς
255 2132 310 2159 τῶν
332 2132 432 2167 ιιτρῶν
459 2133 575 2167 ἰώμενος
602 2134 651 2160 καὶ
676 2133 707 2160 τὸ
737 2135 775 2169 μὴ
800 2136 855 2167 τοῖς
871 2136 964 2165 αὐτοῖς

174 2180 258 2206 πάλιν
281 2180 443 2214 περιπεσεῖν
473 2179 711 2215 προμηθούμενος.
737 2180 816 2208 Οὕτω
839 2182 890 2216 μὲν
916 2182 963 2209 οὖν

174 2224 267 2260 ἐκείνη
281 2224 434 2260 καρποῦται
457 2224 491 2252 τὰ
517 2225 568 2260 τῆς
596 2226 693 2258 ίάσεως
719 2225 852 2254 κάλλιστά
871 2235 899 2254 τε
914 2227 962 2255 καὶ

174 2270 388 2306 ὠφελιμώτατα,
406 2271 443 2302 ὡς
460 2272 498 2307 μὴ
511 2272 591 2307 μόνον
601 2272 668 2308 αὐτῇ
684 2273 733 2308 τὴν
749 2273 844 2307 ὑγείαν
859 2274 961 2308 ἁμετά-

173 2317 274 2352 ϐλητον
290 2319 392 2354 μεῖναι,
417 2318 486 2345 ἀλλὰ
503 2319 550 2346 καὶ
570 2319 626 2350 τοῖς
650 2319 740 2350 ἀλλοις
765 2320 959 2356 διηγουμένην,

173 2364 302 2400 ἀφορμὴν
318 2364 424 2396 πολλοῖς
439 2365 507 2400 πρὸς
523 2365 661 2400 σωτηρίαν
675 2365 802 2400 ὀφθῆναι.

209 2454 259 2483 lB’.
284 2455 359 2482 Ἐπεὶ
378 2455 407 2481 δὲ
419 2455 464 2482 τὸν
485 2455 535 2490 μὲν
551 2454 608 2490 βίον
623 2455 703 2482 ἱκανὰ
717 2456 910 2490 τεκμηριῶσαι
924 2465 958 2483 τα

172 2500 311 2535 θαύματα,
336 2500 376 2526 δεῖ
399 2500 428 2526 δὲ
451 2501 584 2536 γνωρίσαι
603 2499 658 2533 οἷος
679 2499 713 2537 ἦν
733 2502 808 2537 αὑτῷ
831 2502 878 2529 καὶ
897 2503 960 2538 περὶ

171 2547 222 2581 τὴν
235 2546 326 2573 πίστιν
346 2547 361 2573 ό
380 2545 472 2581 ζῆλος,
494 2547 525 2574 τὸ
546 2547 727 2583 προκείμενον
756 2549 878 2582 γνωριεῖ.
895 2548 959 2576 Ὅτε

177 2592 323 2626 Ῥωμαίων
354 2590 424 2628 ἦρχε
452 2592 501 2627 μὲν
524 2593 731 2625 Κωνστανττνος
758 2594 773 2619 ὸ
799 2593 886 2629 μέγας
913 2595 960 2622 καὶ

172 2629 279 2673 πρῶτος
293 2637 323 2665 ιν
339 2636 482 2672 βασιλεῦσι
495 2638 670 2673 Χριστιανὸς,
692 2638 812 2666 ὑπάτευε
833 2639 863 2666 δὲ
884 2639 956 2667 Παυ-

172 2683 244 2716 λῖνος
268 2684 316 2711 καὶ
341 2683 482 2715 Ἰουλιανός
497 2692 505 2699 ο
526 2683 580 2710 ἀπὸ
596 2683 624 2710 δὲ
642 2685 692 2719 τῆς
714 2683 890 2720 Ἀλεξάνδρου
912 2684 959 2712 τοῦ

173 2730 308 2757 Φιλίππου
330 2729 480 2765 βασιλείας,
495 2728 574 2756 ἕκτον
589 2730 636 2756 καὶ
652 2731 819 2765 τριακοστὸν
833 2730 880 2757 καὶ
897 2730 961 2763 ἑξα-

174 2775 314 2802 κοσιοστὸν
336 2775 434 2811 ἠνύετο
454 2775 513 2807 ἔτος
526 2783 534 2791 ⁶
559 2775 589 2802 τό
606 2783 637 2802 τε
657 2775 689 2810 δὴ
706 2776 752 2802 καὶ
769 2776 784 2811 ἡ
805 2777 835 2803 tv
854 2776 959 2812 Νικαίᾳ
975 2794 977 2797 ‹

174 2822 346 2857 περιώνυμος
361 2822 414 2849 τῶν
431 2822 517 2856 ἁγίων
537 2822 666 2858 Πατὲρων
682 2822 823 2858 ἡθροίζετο
839 2822 958 2856 σύνοδος,

206 2912 216 2928 ³
231 2911 296 2940 Luc.
317 2920 365 2944 vn,
384 2912 426 2940 48.
464 2913 473 2928 ⁸
488 2912 566 2940 Joan.
579 2920 604 2946 v,
622 2912 664 2939 Η.

1021 1630 1066 1657 illa
1089 1630 1174 1665 magis
1203 1631 1388 1658 contendebat
1430 1630 1532 1660 facere.
1566 1631 1638 1666 quod
1662 1631 1804 1663 studebat.

1020 1676 1162 1711 magisque
1179 1676 1296 1711 urgebat
1314 1680 1342 1703 et
1363 1675 1493 1708 instabat,
1514 1676 1558 1703 ille
1575 1683 1608 1703 eo
1636 1676 1727 1704 acrius
1739 1684 1803 1704 eam

1020 1721 1119 1756 tetigit,
1143 1725 1238 1755 aperte
1253 1720 1348 1748 dicens
1364 1719 1402 1753 id,
1427 1720 1500 1755 quod
1523 1719 1567 1747 illa
1590 1720 1704 1748 fecerat.
1727 1720 1806 1748 Tunc

1019 1767 1076 1801 ipsa
1101 1766 1218 1801 sapienti
1246 1766 1357 1801 quidem
1381 1765 1597 1800 reprehensione
1625 1766 1716 1793 animo
1743 1773 1806 1793 sau-

1017 1813 1098 1844 ciata,
1116 1813 1306 1848 obstupefacta
1326 1818 1429 1843 autem,
1453 1811 1528 1846 quod
1556 1811 1603 1846 qui
1630 1811 1683 1839 sub
1707 1812 1806 1840 oculos

1017 1867 1071 1886 non
1087 1859 1231 1891 cadebant,
1246 1858 1345 1886 animae
1359 1858 1461 1885 livores
1476 1857 1640 1892 aspexisset.
1668 1865 1723 1885 non
1743 1866 1805 1886 am-

1016 1904 1089 1938 plius
1106 1903 1217 1938 quidem
1236 1903 1326 1938 aquis,
1349 1902 1477 1937 lacrymis
1495 1906 1587 1929 autem
1605 1901 1689 1936 pedes
1705 1910 1803 1930 emun-

1016 1949 1073 1981 dat,
1087 1954 1115 1977 et
1131 1949 1251 1978 contrito
1277 1948 1361 1977 corde
1384 1948 1512 1976 enuntiat
1537 1948 1565 1975 id
1600 1948 1673 1983 quod
1699 1948 1802 1976 factum

1016 1994 1117 2022 fuerat.
1133 1994 1204 2027 Quid
1221 1994 1307 2029 ergo?
1322 1994 1368 2021 illa
1391 1993 1503 2028 quidem
1526 1993 1551 2020 ei
1573 2000 1605 2020 ea
1629 2000 1690 2027 qua
1713 2001 1804 2020 mere.

1016 2040 1087 2072 trix;
1101 2039 1159 2074 ipse
1179 2044 1270 2066 autem
1298 2047 1330 2066 ea
1345 2047 1405 2074 qua:
1430 2039 1576 2069 Dominus,
1587 2038 1612 2065 ei
1632 2038 1700 2065 dicit
1721 2038 1804 2066 liber-

1015 2085 1084 2112 rime
1098 2093 1105 2112 :
1123 2094 1132 2110 ι
1149 2083 1274 2117 Conﬁdo,
1290 2083 1346 2112 tilia
1362 2093 1369 2111 :
1391 2084 1506 2111 dimissa
1527 2088 1593 2110 sunt
1609 2083 1657 2110 tibi
1688 2088 1801 2119 peccata

1015 2136 1061 2158 tua
1079 2131 1100 2158 ⁸.
1117 2140 1126 2156 ›
1145 2131 1178 2158 Et
1189 2138 1306 2158 rursus:
1326 2139 1335 2156 ε
1351 2129 1420 2158 Ecce
1436 2137 1502 2157 sana
1515 2129 1588 2156 facta
1602 2136 1650 2161 es;
1664 2129 1720 2156 noli
1739 2137 1801 2156 am-

1013 2177 1086 2213 plius
1101 2184 1216 2212 peccare
1227 2175 1238 2191 δ
1252 2185 1258 2204 :
1278 2185 1287 2202 ι
1316 2175 1398 2204 simul
1411 2180 1439 2202 et
1454 2175 1581 2202 morbum
1595 2182 1706 2207 curans,
1728 2174 1802 2201 sicut

1014 2223 1153 2257 sapientes
1164 2221 1276 2253 medici,
1292 2225 1320 2248 et
1337 2220 1486 2256 providens
1496 2227 1531 2248 ne
1549 2226 1647 2247 rursus
1661 2219 1689 2246 in
1703 2219 1801 2247 eadem

1015 2269 1128 2297 incidat.
1143 2269 1234 2304 Atque
1261 2268 1302 2295 sic
1320 2268 1367 2295 illa
1391 2266 1505 2302 quidem
1528 2265 1700 2294 curationem
1728 2272 1801 2293 asse-

1014 2315 1110 2351 quitur
1129 2314 1314 2350 pulcherrime
1332 2317 1359 2341 et
1375 2313 1533 2346 utilissime,
1550 2317 1581 2340 ut
1598 2319 1653 2338 non
1669 2311 1758 2339 solum
1773 2311 1799 2338 ei

1014 2365 1089 2388 esset
1106 2361 1211 2388 sanitas
1225 2359 1415 2391 immutabilis,
1434 2358 1482 2385 sed
1498 2358 1581 2386 etiam
1598 2357 1661 2385 aliis
1674 2364 1799 2390 narrans,

1013 2405 1106 2433 multis
1122 2410 1194 2432 esset
1208 2404 1317 2432 occasio
1333 2402 1532 2438 consequentiae
1546 2403 1653 2430 salutis.

1048 2450 1105 2478 XII.
1124 2450 1258 2484 Quoniam
1280 2455 1372 2477 autem
1396 2457 1430 2477 ex
1452 2448 1594 2476 miraculis
1618 2448 1730 2483 quidem
1754 2455 1800 2475 su-

1014 2496 1098 2523 mitur
1115 2497 1148 2524 de
1164 2497 1219 2523 vita
1244 2496 1411 2531 conjectura.
1428 2499 1539 2530 oportet
1557 2501 1623 2521 vero
1642 2493 1797 2525 declarare,

1013 2541 1102 2577 qualis
1113 2546 1186 2569 esset
1199 2541 1225 2568 ei
1240 2542 1316 2570 lelus
1327 2542 1401 2568 circa
1415 2540 1508 2571 ﬁdem,
1530 2540 1583 2567 hoc
1607 2538 1742 2567 indicabit
1770 2538 1798 2567 id

1014 2589 1087 2624 quod
1102 2593 1143 2617 est
1168 2588 1350 2624 propositum.
1371 2587 1486 2621 Quando
1501 2585 1632 2614 Romanis
1645 2586 1799 2621 imperabat

979 2635 982 2637 λ
1013 2645 1127 2673 magnus
1143 2638 1189 2665 ille
1202 2636 1410 2669 Constantinus,
1426 2641 1454 2664 et
1481 2636 1588 2671 primus
1609 2634 1683 2662 inter
1709 2634 1798 2670 impe—

1012 2690 1118 2712 ratores
1134 2683 1320 2716 Christianus,
1347 2683 1444 2710 consul
1464 2688 1555 2709 autem
1580 2685 1640 2710 erat
1666 2681 1798 2709 Paulinus

1011 2735 1039 2757 ct
1052 2730 1195 2758 Julianus:
1210 2737 1226 2757 a
1253 2736 1338 2765 regno
1352 2736 1418 2756 vero
1434 2727 1582 2756 Alexandri
1609 2727 1727 2762 Philippi
1747 2725 1795 2754 ﬁlii

1012 2777 1145 2811 agebatur
1162 2776 1382 2804 sexcentesimus
1411 2774 1569 2802 tricesimus
1588 2779 1616 2802 et
1636 2780 1730 2802 sextus
1748 2781 1798 2801 an-

1012 2830 1072 2855 nus,
1083 2827 1148 2850 tunc
1158 2822 1254 2850 Nicaxc
1263 2825 1426 2857 congregata
1440 2820 1493 2849 fuit
1501 2821 1614 2857 insignis
1625 2821 1672 2850 illa
1685 2819 1795 2848 Patrum
