2082 3153
281 176 334 206 435

898 171 1044 202 MENSIS
1066 173 1191 203 DECEM
1197 173 1280 204 BER.

1855 168 1909 200 135

278 231 322 259 cui
339 230 431 265 lingua
451 229 562 264 quidem
582 229 696 257 omnino
714 234 756 257 est
773 228 906 262 hominis,
918 229 1003 257 verba
1018 236 1066 256 au-

1120 231 1177 266 ἅμα
1194 232 1375 267 περιποιῆσαι
1389 231 1438 258 καὶ
1448 230 1547 266 ἡδονήν
1559 238 1566 262 ;
1585 228 1621 256 Οἵ
1633 237 1666 262 γε
1677 228 1805 255 τοσοῦτον
1817 227 1842 253 οι
1858 227 1908 261 μὲν

277 282 369 305 autem
402 280 466 303 sunt
492 276 551 304 Dei.
573 275 711 309 Quantum
739 275 842 310 putatis
871 276 922 302 hoc
957 275 1066 303 Arianis

275 323 389 358 quidem
402 322 535 354 dedecus,
552 322 606 356 piis
627 326 718 349 autem
733 322 866 349 honorem
898 322 1023 349 attulisse
1039 327 1066 349 et

274 369 465 404 voluptatem?
484 369 524 396 llli
539 373 631 395 autem
649 368 728 395 fuere
746 367 881 403 superati,
897 375 960 395 cum
970 375 1066 395 omnes

274 410 333 444 fere
361 416 569 451 quidemrecta!
588 415 692 442 assensi
709 418 802 441 essent
827 414 992 441 sententize:
1019 421 1067 440 sex.

276 470 342 489 vero
356 462 407 489 soli
437 460 525 488 relicti
537 464 629 487 essent
658 459 733 492 Ario,
765 459 850 486 futuri
867 459 937 486 mala
962 465 1024 493 pars
1039 462 1067 484 et

276 507 400 543 improba
416 508 500 543 patris
514 506 649 533 mendacii
679 509 707 533 et
734 505 769 533 ab
783 505 864 532 initio
884 503 1067 539 implacabilis

277 555 383 582 inimici
397 554 532 581 veritatis.
548 552 614 580 Tam
629 557 722 587 aperte
734 551 884 579 cnnfutatis
895 551 929 578 iis
946 557 1064 585 quorum

279 601 352 627 mala
382 604 440 627 erat
469 599 563 635 opinio
584 598 685 625 reversi
717 602 781 625 sunt
796 597 927 632 episcopi,
953 597 1067 623 victor'a

277 645 388 680 quidem
401 645 466 677 lati,
483 644 619 672 miraculo
636 648 727 671 autent
743 643 938 678 obstupefacti,
955 647 983 670 et
1004 649 1069 677 pro-

278 696 338 726 pter
352 691 409 718 haec
424 690 506 717 ambo
534 690 619 717 Deum
640 690 794 721 laudantes.
826 696 924 723 nempe
939 689 1012 723 quod
1041 692 1069 714 et

278 737 450 770 aspexissent
477 734 660 765 admirabilia,
674 738 701 760 et
716 741 776 768 quae
797 736 876 760 erant
892 738 992 767 praeter
1007 730 1068 766 opi-

277 781 388 808 nionem
402 800 410 814 ,
433 785 461 808 et
489 779 562 814 quod
575 779 706 806 vicissent
731 778 790 805 Arii
820 777 965 804 insaniam.
983 777 1068 802 Porro

277 831 369 854 autem
400 826 457 861 ipse
477 833 588 860 quoque
610 825 760 859 imperator
792 823 925 850 miraculo
956 822 1069 848 omnino

279 872 498 907 obstupefactus,
515 870 691 905 Spiridunem
717 869 792 896 omni
806 869 910 896 honore
924 867 1069 902 prosequi-

280 923 338 950 tur,
364 921 392 944 et
424 924 486 944 cum
515 915 682 950 postulasset
708 919 738 941 ut
774 921 824 948 per
859 913 950 947 ipsum
978 912 1066 939 Deum
1084 913 1104 940 Β

279 963 393 991 haberet
409 962 567 998 propitium,
580 969 644 988 eum
658 961 771 988 domum
788 959 922 987 dimittit.!

315 1008 385 1036 XVI.
401 1008 513 1035 lnlerim
534 1014 600 1034 vero
624 1006 690 1034 dum
705 1007 764 1034 haec
779 1006 962 1041 agitarentur,
980 1004 1066 1032 mori—

280 1061 324 1083 tur
340 1055 451 1090 quidem
479 1059 573 1082 sancto
602 1054 668 1087 filia,
689 1061 750 1088 qua
772 1058 835 1080 nata
861 1053 886 1080 ei
919 1052 1009 1080 fuerat
1034 1059 1068 1079 ex

278 1100 434 1128 honorabili
446 1100 574 1135 conjugio
588 1108 596 1133 ;
608 1105 635 1127 et
646 1099 755 1127 ﬂorenti
771 1103 851 1126 relate
864 1099 944 1134 longe
961 1098 1068 1134 specio-

278 1148 379 1175 siorem
401 1146 548 1174 ostendens
573 1146 793 1180 temperantiam,
815 1145 969 1180 permansit
990 1144 1068 1179 virgo

278 1198 336 1220 toto
350 1199 482 1228 tempore.
498 1201 542 1220 res
556 1200 617 1227 qua:
637 1200 707 1227 puro
735 1199 837 1227 sponso
870 1192 952 1226 digna
971 1195 1012 1218 est
1040 1195 1068 1218 et

279 1238 408 1266 thalamis
424 1238 592 1265 ccelcstibus.
604 1237 741 1265 Reversus
751 1242 842 1265 autem
858 1245 973 1273 magnus
984 1237 1068 1273 Spiri-

278 1285 346 1317 don,
365 1292 427 1312 cum
442 1292 502 1311 eam
518 1283 554 1310 ita
570 1283 677 1310 tulisset
694 1283 889 1316 calamitatem.
918 1287 948 1311 ut
964 1291 1014 1319 par
1025 1289 1068 1312 est

278 1331 369 1358 virum
388 1331 470 1358 talem
488 1329 539 1356 :ad
551 1337 614 1356 eum
637 1337 714 1362 vero,
729 1330 776 1364 qui
803 1330 886 1364 paulo
908 1335 971 1357 ante
985 1329 1067 1357 adve-

279 1381 369 1408 nerat,
388 1376 548 1403 accessisset
560 1375 684 1410 quzedam
694 1375 805 1406 mulier.
817 1375 903 1403 tristis
915 1375 1065 1403 admodum

281 1426 308 1449 et
317 1421 421 1448 deﬂens
430 1421 635 1453 miserabiliter,
646 1421 719 1456 quod
731 1420 802 1455 apud
816 1421 897 1447 tiliam
909 1422 968 1456 ejus
976 1421 1068 1449 adhuc

281 1465 457 1500 superstitem
481 1469 674 1492 ornamentum
696 1465 833 1500 quoddam
846 1474 960 1494 aureum
983 1466 1067 1501 depo-

281 1510 395 1543 suisset,
414 1518 532 1545 cumque
551 1510 597 1538 illa
621 1511 703 1538 celeri
720 1515 808 1538 morte
834 1516 967 1546 praerepta
983 1516 1065 1545 esset,

281 1558 354 1594 quod
367 1557 426 1593 ejus
437 1557 500 1585 fidei
513 1557 648 1585 creditum
666 1557 766 1590 fuerat,
777 1557 849 1593 apud
870 1565 937 1585 eam‘
952 1558 1067 1585 mansis-

281 1608 333 1635 set,
353 1604 406 1631 fuit
419 1603 471 1631 hoc
490 1608 585 1630 sancto
601 1611 673 1631 cura;
686 1603 893 1638 (quidnienim,
918 1611 981 1631 cum
994 1608 1067 1631 esset

1118 278 1287 314 ἐκρότησαν,
1303 279 1328 305 οι
1346 278 1375 305 δι
1394 277 1553 312 ἡττήθησαν
1568 276 1617 308 ὡς,
1638 274 1739 311 μικροῦ
1749 274 1859 302 πάντων
1874 275 1909 308 τῇ

1116 325 1183 360 ὀρθῇ
1197 324 1392 360 προσθεμένων
1409 323 1483 358 δόξῃ,
1497 322 1528 355 ἓξ
1547 321 1645 357 μόνους
1657 321 1697 356 τῷ
1715 319 1814 356 ’Δρείῳ
1830 327 1910 354 περι-

1114 371 1271 406 λειφθῆναι,
1285 370 1383 406 μερίδα
1397 370 1504 404 φαύλην
1526 369 1575 396 καὶ
1589 367 1732 403 μοχθηρὰν
1761 366 1912 401 ἐσομένους

1117 418 1164 445 τοῦ
1182 417 1287 452 πατρὸς
1299 416 1348 443 τοῦ
1360 415 1478 450 ψεύδους
1500 415 1548 442 καὶ
1563 414 1611 441 τοῦ
1625 415 1654 446 ἐξ
1671 414 1758 449 ἀρχῆς
1775 414 1912 441 ἀσπόνδου

1116 465 1165 498 τῆς
1181 463 1313 499 ἀληθείας
1327 462 1437 497 ὲχθροῦ.
1451 461 1530 488 Οὕτω
1545 460 1672 496 φανερῶς
1686 460 1740 486 τῶν
1756 459 1913 492 κακοδόξων

1116 508 1319 542 ἐληλεγμένων,
1354 508 1527 542 ὑπέστρεφον
1550 506 1574 532 ot
1598 505 1761 538 ἐπίσκοποι,
1784 506 1911 541 ἡδόμενοι

1118 554 1170 588 μὲν
1189 555 1223 589 τῇ
1252 555 1327 590 νίκῃ.
1357 553 1575 588 ἐκπληττόμενοι
1590 552 1619 579 δὲ
1645 552 1690 586 τῷ.
1706 551 1837 586 θαύματι,
1865 551 1915 578 καὶ

1118 600 1185 626 Θεὸν
1213 599 1374 632 δοξάζοντες
1402 599 1451 626 ἐπ’
1476 600 1580 634 ἀμφοῖν
1606 599 1724 631 τούτοιν,
1750 595 1791 629 οἷς
1823 606 1853 624 τι
1880 598 1914 624 τὰ

1119 647 1260 681 παράδοξα
1280 647 1430 674 ἐθεάσαντο
1443 666 1450 679 ,
1474 646 1522 674 καὶ
1541 643 1583 678 οἷς
1603 646 1652 680 τῆς
1680 645 1789 681 ’Δρείου
1813 645 1915 680 μανίας

1119 693 1323 729 περιεγένοντν
1339 694 1388 720 καὶ
1399 694 1414 720 ὁ
1425 693 1535 728 κρατῶν
1552 692 1581 719 δὶ
1598 692 1679 724 αὐτὸς
1696 692 1756 723 ὅλος
1767 692 1798 718 ἑν
1813 691 1915 726 ἐκπλή-

1120 740 1159 772 ξει
1178 739 1217 775 τῷ
1239 739 1360 774 θαύματι
1382 738 1515 773 γεγονὼς.
1529 738 1605 773 πάσῃ
1617 746 1646 764 τε
1667 739 1736 773 τιμῇ
1758 737 1805 764 τὸν
1828 736 1914 772 ἄνδρα

1118 786 1199 821 τιμᾷ,
1219 786 1266 812 καὶ
1282 785 1347 812 ἵλεω
1367 785 1401 812 δι’
1425 784 1509 812 αὑτοῦ
1522 785 1568 812 τὸν
1584 783 1652 811 Θεὸν
1669 783 1743 819 ἔχειν
1765 783 1912 818 ἐξαιτησά-

1123 838 1216 866 μενος,
1236 830 1330 857 οἴκαδε
1351 830 1548 865 παραπέμπει.

1157 1004 1215 1039 IT.
1249 1005 1294 1032 Ἐν
1318 1006 1373 1039 ὅσῳ
1401 1004 1489 1031 ταῦτα
1513 1003 1636 1038 ἐτρίϐετο
1661 1003 1773 1039 θνήσκει
1800 1003 1848 1038 μὲν
1875 1003 1915 1038 τῷ

1121 1052 1186 1086 ὁσίῳ
1201 1051 1318 1084 ἐξάπινα
1331 1052 1348 1085 ἡ
1364 1050 1490 1085 Θυγάτηρ
1503 1058 1511 1066 ·
1535 1050 1597 1085 ἣτις
1620 1050 1695 1086 αξιτῷ
1709 1051 1742 1077 ἐκ
1755 1049 1848 1086 τιμίου
1864 1058 1914 1084 γι-

1121 1098 1223 1133 νομένη
1243 1097 1290 1124 τοῦ
1316 1097 1419 1132 γάμου,
1444 1097 1556 1132 καὶτῆς
1573 1105 1605 1131 γε
1623 1097 1684 1124 καθ’
1709 1097 1785 1132 ὥραν
1805 1097 1914 1133 ἡλικίας

1120 1144 1198 1180 παρὰ
1229 1144 1297 1170 πολὺ
1325 1143 1356 1170 τδ
1383 1142 1493 1178 σῶφρον
1518 1143 1684 1178 ὡραιὸτερον
1709 1143 1914 1178 ὲπιδειξαμένη,

1121 1189 1256 1223 παρθένος
1278 1189 1324 1216 τὸν
1349 1189 1409 1215 ὅλον
1431 1189 1547 1223 διήγαγε
1566 1189 1674 1223 χρόνον,
1696 1188 1794 1223 χρῆμα
1808 1187 1848 1223 τῷ
1862 1196 1914 1214 κι-

1122 1235 1198 1270 θαρῷ
1222 1235 1334 1271 νυμφίῳ
1357 1236 1406 1262 καὶ
1428 1235 1484 1262 τᾶν
1510 1235 1645 1270 οὐρανίων
1669 1234 1800 1270 θαλάμων
1827 1235 1913 1267 ἄξιον.

1121 1281 1263 1316 Σπυρίδων
1276 1281 1305 1307 δὲ
1318 1283 1332 1308 ὁ
1348 1281 1435 1316 μέγας
1445 1280 1614 1313 ἐπανελθὼν,
1631 1281 1678 1308 καὶ
1695 1281 1744 1315 τὴν
1768 1281 1915 1316 συμφορὰν

1121 1326 1242 1361 ἐνεγκὼν
1264 1327 1359 1361 ὥσπερ
1385 1327 1439 1362 ἄρα
1466 1327 1512 1353 τὸν
1536 1326 1657 1354 τοιοῦτον
1679 1328 1752 1358 εἰκὸς
1779 1327 1912 1360 δνεγκεῖν,

1121 1370 1182 1396 ἐπεὶ
1196 1369 1271 1405 αὑτῷ
1293 1370 1357 1404 ἄρτι
1380 1370 1610 1406 ὲπιδεδημηκόιι,
1633 1372 1703 1406 γυνή
1720 1380 1762 1402 τις
1776 1371 1914 1406 προσῆλθε

1122 1415 1283 1451 περιπαθῶς
1304 1416 1405 1451 ἔχουσα
1450 1418 1498 1444 καὶ
1523 1417 1694 1452 ὀδυρομένη,
1723 1417 1782 1445 ἀνθ’
1806 1414 1845 1445 ὧν
1872 1417 1914 1445 [et

1121 1462 1205 1489 αὑτοῦ
1228 1464 1260 1498 τῇ
1288 1463 1404 1498 θυγατρὶ
1433 1463 1566 1500 περιούσῃ
1603 1464 1717 1499 κόσμιόν
1742 1472 1767 1491 τι
1793 1464 1914 1499 χρυσοῦν

1121 1509 1266 1544 παρέθετο,
1290 1509 1421 1545 κάκείνης
1447 1510 1538 1543 ὀξεῖαν
1558 1508 1630 1537 οὕτω
1653 1511 1705 1545 τὴν
1725 1509 1773 1536 τοῦ
1793 1510 1912 1538 θανάτου

1121 1555 1208 1590 τομὴν
1223 1555 1388 1591 δεξαμένης,
1410 1555 1441 1582 τὸ
1467 1556 1605 1583 πιστωθὲν
1626 1556 1692 1592 παρ’
1706 1557 1775 1591 αὐτῇ
1793 1556 1914 1592 ἔμεινεν,

1084 1587 1105 1617 c
1123 1587 1242 1636 ἐμέλησε
1310 1587 1386 1635 odiet,
1401 1601 1450 1627 καὶ
1463 1601 1521 1633 πῶς
1532 1601 1588 1636 γὰρ
1603 1601 1632 1627 οὔ
1646 1610 1653 1634 ;
1668 1587 1913 1637 Eoutéﬁv'txmi

281 1649 375 1676 animo
392 1653 445 1675 tam
460 1649 579 1684 benigno
589 1648 621 1684 ζ’),
644 1653 672 1676 et
688 1648 739 1675 nisi
762 1647 956 1675 restitueretur
985 1647 1069 1683 depo—

1122 1646 1316 1681 φιλάνθρωπον
1338 1647 1388 1681 τὴν
1409 1646 1508 1682 ψυχὴν,
1526 1646 1573 1674 καὶ
1587 1646 1682 1681 ὥσπερ
1698 1649 1722 1674 εἰ
1740 1647 1778 1683 μὴ
1803 1648 1914 1675 tvm»

281 1694 378 1727 situm,
394 1693 526 1721 violatum
553 1694 599 1729 jus
613 1701 674 1721 esse
696 1693 836 1729 judicabat
859 1699 888 1720 et
915 1693 940 1721 ei
957 1694 1071 1728 putabat
1092 1704 1096 1713 ι

283 1739 341 1766 ﬁeri
358 1739 498 1774 injuriam.
513 1739 580 1766 Cum
599 1747 665 1774 ergo
683 1743 766 1766 totam
785 1747 862 1767 suam
875 1739 988 1767 domum
1008 1740 1071 1767 dili-
1087 1737 1093 1742 “

282 1789 379 1820 genter
397 1789 548 1817 scrutatus,
572 1792 707 1819 nusquam
723 1785 761 1818 id,
792 1786 864 1820 quod
883 1785 1068 1820 quaerebatur,
1088 1784 1092 1789 “

284 1829 421 1862 potuisset
439 1829 574 1861 invenire.
586 1829 716 1863 quidnam
731 1829 768 1862 lit,
784 1834 814 1875 \et
826 1838 973 1865 quemnam
990 1832 1071 1868 affert

284 1873 387 1900 exitum
405 1874 547 1908 multiplex
566 1874 613 1901 Dei
630 1873 920 1909 sapientiaiAccedit
945 1877 978 1904 ad
993 1877 1072 1905 locu-

284 1921 352 1954 ium,
368 1922 438 1948 sicut
452 1928 530 1948 meus
540 1920 667 1948 Christus
681 1922 756 1956 prius
766 1922 799 1949 ad
817 1922 962 1956 Lazarum,
980 1927 1010 1950 ut
1022 1925 1069 1959 qui

284 1966 397 1994 omnino
410 1972 484 1994 esset
508 1967 567 2001 ejus
584 1966 747 2001 discipulus,
769 1972 808 2000 et,
826 1969 916 2004 quoad
934 1969 994 2005 ejus
1011 1969 1071 1997 fieri

283 2016 386 2047 posset,
409 2020 453 2039 res
477 2012 552 2040 illius
593 2013 759 2041 imitaretur.
787 2014 866 2042 Multi
893 2019 984 2042 autem
1005 2025 1069 2043 eum

281 2059 471 2093 sequebantur
496 2066 529 2085 ex
551 2059 594 2091 iis,
620 2059 668 2094 qui
702 2067 764 2086 cum
792 2060 839 2088 illo
876 2063 1069 2091 versabantur.

281 2102 386 2130 Deinde
400 2103 513 2138 perinde
532 2112 564 2131 ac
579 2105 601 2132 si
624 2113 680 2132 non
700 2105 727 2132 in
741 2106 880 2140 sepulcro,
906 2107 952 2134 sed
968 2107 994 2134 in
1009 2108 1069 2135 Ilia-

281 2148 354 2175 lamo
370 2149 461 2176 adhuc
475 2153 549 2176 esset
569 2151 643 2183 viva,
670 2151 836 2178 conveniens
853 2151 949 2184 filiam,
966 2160 998 2179 ea
1020 2160 1070 2180 suo

281 2195 392 2222 nomine
410 2199 518 2228 vocata,
545 2195 675 2224 omnibus
690 2197 813 2231 quicum
832 2205 866 2224 eo
893 2197 1008 2226 aderant
1021 2206 1071 2226 au-

1121 1692 1181 1728 θείη
1194 1693 1228 1728 τῇ
1240 1692 1495 1728 παρακαταθεμένῃ
1509 1691 1540 1718 τὸ
1554 1692 1628 1725 ἴδιον,
1645 1692 1779 1726 ἐσφάλθαι
1797 1693 1863 1728 περὶ
1879 1693 1912 1720 τὺ

1122 1739 1225 1766 δίκαιον
1253 1739 1373 1774 κρίνοντι
1398 1739 1446 1765 καὶ
1467 1739 1572 1766 ἀδικεῖν
1589 1739 1618 1766 τὸ
1643 1740 1727 1775 μέρος
1747 1740 1833 1776 αὐτὴν
1856 1741 1913 1767 olo-

1123 1786 1207 1820 μένῳ,
1242 1784 1286 1817 Ὧς
1309 1785 1355 1811 οὖν
1377 1785 1485 1812 ἅπαντα
1505 1784 1557 1812 τὸν
1574 1785 1660 1821 αὐτῆς
1688 1784 1762 1812 οἷκον
1789 1786 1912 1821 ἀκριϐῶς

1122 1832 1341 1868 διαψηλαῳήσας,
1358 1831 1477 1867 οὐδαμοῦ
1499 1832 1529 1859 τὺ
1542 1831 1708 1867 ζητούμενον
1724 1829 1796 1866 εἶχεν
1810 1832 1911 1866 εὑρεῖν.

1122 1880 1148 1906 τί
1160 1879 1274 1914 γίνεται,
1283 1879 1329 1906 καὶ
1341 1880 1415 1905 ποῖον
1430 1879 1446 1914 η
1462 1878 1634 1914 πολύτροπος
1647 1877 1694 1905 τοῦ
1706 1877 1773 1904 Θεοῦ
1787 1878 1869 1913 σοφία
1881 1878 1914 1904 τὸ

1123 1926 1210 1960 πέρας
1222 1926 1319 1960 ἐπάγει
1335 1933 1343 1957 ;
1365 1924 1494 1960 Πρόσεισι
1517 1926 1551 1960 τῇ
1577 1924 1659 1960 σορῷ,
1674 1924 1800 1960 καθάπερ
1816 1925 1830 1950 ὸ
1845 1924 1914 1959 ἐμὸς

1121 1972 1239 2007 Χριστὸς
1255 1972 1300 1997 ἐπὶ
1325 1970 1444 2006 Λαζάρῳ
1467 1969 1499 1996 τὸ
1520 1970 1664 2006 πρότερον,
1680 1970 1784 1996 ’τούτου
1802 1970 1913 2002 πάντως

1122 2019 1170 2046 καὶ
1185 2018 1266 2049 αὐτὸς
1282 2016 1408 2052 μαθητὴς
1430 2016 1480 2047 ὢν.
1506 2017 1553 2043 καὶ
1573 2017 1610 2047 ὡς
1632 2014 1688 2043 οἷόν
1713 2025 1743 2043 τε
1758 2017 1792 2043 τὰ
1805 2017 1912 2044 ἐκείνου

1124 2064 1305 2101 μιμούμενος,
1330 2064 1438 2090 εῑτιοντο
1466 2063 1494 2089 δὲ
1524 2062 1599 2096 αὐτῷ
1623 2063 1671 2090 καὶ
1697 2063 1752 2090 τῶν
1777 2063 1912 2091 συνόντων

1123 2110 1224 2137 πολλοί.
1251 2108 1310 2136 Εἶθ’
1331 2108 1426 2144 ὥσπερ
1441 2108 1491 2135 οὐκ
1508 2109 1538 2135 ὲν
1558 2109 1647 2143 τάφῳ,
1665 2108 1723 2136 ἀλλ’
1744 2110 1774 2136 ὲν
1797 2108 1913 2144 θαλάμῳ

1122 2156 1154 2190 τῇ
1175 2154 1290 2188 θυγατρὶ
1315 2153 1355 2180 ἔτι
1384 2152 1460 2188 ζώσῃ
1485 2153 1704 2188 περιτυγχὰνων,
1733 2154 1801 2188 πρὸς
1823 2153 1913 2188 δνομα

1123 2199 1241 2230 καλέσας
1256 2200 1295 2229 εἰς
1312 2197 1400 2229 ἀκοὰς
1420 2198 1540 2230 πάντων,
1565 2198 1590 2224 οἳ
1605 2198 1700 2231 ἑτυχον
1713 2198 1788 2233 αὑτῷ
1801 2205 1913 2233 συμπα-

282 2240 442 2269 dientibus:
462 2241 541 2274 Filia,
560 2241 649 2274 lrene,
665 2242 766 2277 inquit,
790 2243 838 2270 ubi
862 2251 906 2271 est
920 2251 1069 2271 ornamen-

1125 2245 1227 2280 ρόντες,
1244 2244 1355 2275 Τέκνον.
1371 2240 1460 2275 εἶπεν,
1480 2243 1594 2279 Εἰρήνη,
1612 2244 1663 2270 ποῦ
1679 2245 1709 2270 τὸ
1717 2253 1913 2280 παρακατατεη

282 2291 351 2319 tum,
372 2287 443 2321 quod
459 2287 532 2322 apud
551 2293 575 2315 te
589 2288 639 2314 fuit
652 2287 833 2323 depositum?
863 2289 910 2316 llla
938 2293 1067 2324 tanquam

280 2339 315 2358 ex
335 2332 410 2359 molli
426 2333 517 2368 aliquo
535 2341 632 2361 somno
649 2334 851 2369 expergefacta,
876 2336 958 2363 simul
970 2344 1067 2364 sanum

280 2385 394 2406 servans
409 2383 436 2406 et
447 2379 574 2414 spiritum
595 2385 622 2407 et
639 2387 733 2407 weem
754 2389 761 2407 :
775 2381 889 2409 Domine
904 2382 952 2414 mi,
966 2382 1067 2418 inquit,

280 2425 309 2451 in
327 2425 378 2452 hac
394 2429 471 2460 parte
487 2425 586 2452 domus
603 2425 655 2452 fuit
678 2433 692 2453 a
712 2435 754 2454 me
785 2428 936 2462 repositum
953 2436 1067 2457 aureum

280 2471 348 2499 illud
368 2477 574 2500 ornamentum.
604 2472 706 2500 Invasit
723 2479 783 2508 post
807 2474 866 2501 haze
886 2479 982 2510 stupor
1000 2483 1068 2509 eos,

279 2518 328 2553 qui
353 2518 481 2546 aderant.
514 2517 620 2546 Deinde
649 2519 811 2547 miraculum
829 2521 913 2549 etiam
944 2523 1069 2558 sequitur

280 2564 354 2592 aliud
368 2564 543 2592 miraculum:
561 2573 623 2592 nam
637 2565 752 2600 perinde
770 2573 801 2594 ac
811 2567 833 2594 si
848 2567 892 2594 ille
914 2573 987 2595 esset
1007 2568 1069 2596 vitre

278 2615 306 2638 e2
327 2611 424 2638 mortis
445 2610 583 2643 dominus,
598 2616 626 2638 et
650 2611 701 2639 hoc
730 2611 802 2639 dono
816 2621 831 2640 a
857 2612 971 2641 Christo
987 2622 1068 2650 quem

280 2656 457 2684 desiderabat
473 2657 635 2689 honoratus,
652 2658 698 2692 qui
716 2658 749 2685 ad
774 2659 856 2686 breve
872 2665 979 2695 tempus
1005 2669 1067 2695 pro-

281 2705 342 2736 pter
368 2708 446 2728 usum
459 2709 520 2729 eam
542 2702 740 2734 vivificaverat,
756 2704 835 2739 jubet
861 2713 955 2733 rursus
976 2706 1068 2734 mori:

279 2747 373 2775 Hormi
385 2748 418 2776 de
448 2754 558 2782 caetero,
582 2749 683 2785 inquit,
700 2749 765 2783 filia,
795 2750 884 2778 donec
912 2753 1068 2780 communis

281 2794 412 2823 Dominus
427 2799 453 2824 te
466 2804 528 2824 cum
545 2797 674 2825 omnibus
689 2798 874 2826 communiter
897 2799 1066 2827 excitaverit.

280 2840 341 2874 ipse
354 2845 444 2869 autem
460 2850 522 2870 cum
535 2842 695 2870 accessisset
723 2843 755 2869 ad
780 2843 853 2871 illam
870 2843 932 2871 filia:
950 2843 1068 2871 domun-

280 2886 380 2921 cuiam,
397 2892 434 2924 et,
450 2893 479 2916 ut
492 2887 595 2918 dixerat
615 2888 680 2923 filia,
696 2894 889 2918 ornamentum
904 2889 1067 2923 invenisset,

1123 2289 1168 2316 θέν
1186 2298 1226 2316 σοι
1241 2289 1320 2316 τοῦτο
1332 2289 1363 2324 δὴ
1381 2290 1494 2324 κόσμιον
1507 2297 1515 2322 ;
1539 2290 1571 2316 Ἠ
1585 2290 1612 2317 δὲ
1628 2291 1729 2323 εὐθέως
1743 2291 1870 2326 καθάπερ
1881 2291 1912 2324 ἐξ

1123 2335 1208 2363 ὕπνου
1233 2336 1306 2367 τινὸς
1333 2336 1456 2370 μαλακοῦ
1479 2335 1744 2372 διαγρηγορήσασα,
1770 2338 1818 2364 καὶ
1844 2337 1912 2371 ὑγιᾶ

1122 2381 1246 2414 σώζουσα
1262 2382 1308 2409 καὶ
1318 2383 1367 2417 τὴν
1383 2383 1467 2418 πνοὴν
1484 2383 1542 2417 ἅμα
1557 2383 1605 2409 καὶ
1623 2382 1672 2417 τὴν
1698 2383 1800 2418 φωνὴν,
1822 2383 1911 2421 Κύριέ

1123 2436 1185 2462 μου,
1196 2427 1272 2463 φησὶ,
1289 2428 1364 2462 παρὰ
1375 2427 1442 2462 τῷδε
1456 2428 1494 2462 τῷ
1507 2428 1586 2464 μέρει
1598 2429 1644 2456 τοῦ
1657 2430 1734 2456 οἴκου
1747 2430 1777 2456 τὸ
1790 2429 1911 2464 χρυσοῦν

1121 2474 1210 2499 έκεῖνο
1228 2472 1359 2507 κατετέθη
1375 2482 1420 2508 μοι
1432 2474 1556 2509 κόσμιον.
1572 2474 1724 2510 Ἐκπληξις
1741 2475 1788 2501 ἐπὶ
1804 2475 1910 2506 τούτοις

1121 2519 1258 2555 ἐλάμϐανε
1272 2519 1334 2550 τοὺς
1349 2519 1499 2554 παρόντας.
1513 2517 1579 2546 Εἶτα
1594 2521 1640 2547 καὶ
1656 2520 1750 2556 Θαῦμὰ
1767 2530 1794 2547 τι
1814 2521 1910 2556 ἕτερον

1121 2564 1301 2600 ἐπηκολούθει
1315 2564 1353 2600 τῷ
1368 2564 1500 2600 θαύματι.
1517 2565 1623 2601 Ὠσπερ
1647 2566 1701 2602 γὰρ
1716 2567 1820 2598 ἐκεῖνος
1833 2566 1907 2600 ζωῆς

1122 2620 1153 2638 τε
1181 2612 1228 2638 καὶ
1253 2611 1370 2639 θανάτου
1396 2611 1490 2647 κύριος
1516 2611 1565 2644 ὢν,
1593 2612 1640 2638 καὶ
1667 2612 1755 2648 ταύτῃ
1775 2612 1843 2647 πρὸς
1859 2612 1908 2639 τοῦ

1122 2657 1288 2692 ποθουμένου
1314 2655 1434 2692 Χριστοῦ
1459 2658 1492 2692 τῇ
1523 2657 1610 2693 δωρεᾷ
1637 2658 1773 2693 τιμηθεὶς,
1802 2658 1815 2684 ὸ
1838 2658 1911 2685 κατὰ

1121 2702 1216 2738 χρείαν
1228 2703 1275 2729 ἐπὶ
1291 2703 1378 2738 βραχὺ
1393 2702 1518 2735 ζωώσας,
1535 2703 1666 2738 θνήσκειν
1682 2704 1792 2730 ἐκέλευε
1813 2703 1908 2736 πάλιν,

1121 2749 1179 2780 καὶ,
1215 2747 1348 2780 Κᾱθευδε,
1374 2749 1478 2782 τέκνον,
1505 2748 1619 2782 ἔφασκε,
1640 2750 1670 2775 τδ
1697 2749 1802 2782 λοιπὸν,
1823 2749 1876 2781 ἕως
1894 2750 1909 2776 δ

1121 2795 1208 2827 κοινὸς
1236 2795 1374 2831 Δεσπότης
1400 2795 1470 2826 μετὰ
1496 2796 1605 2822 πάντων
1630 2795 1728 2828 κοινῶς
1751 2797 1844 2832 ἐγερεῖ
1867 2804 1907 2824 σε.

1121 2842 1206 2874 Αὐτὸς
1223 2842 1250 2869 δὲ
1271 2843 1336 2878 παρ’
1354 2843 1457 2879 ἐκεῖνον
1482 2842 1515 2877 δὴ
1541 2843 1587 2869 τὸν
1612 2843 1733 2870 οἰκίσκον
1755 2842 1804 2877 τῆς
1821 2842 1907 2876 θυγα-

1120 2890 1181 2926 τρές
1194 2890 1369 2926 ἆψκόμενῑς,
1384 2889 1429 2916 καὶ
1453 2887 1534 2927 ᾗπερ,
1563 2890 1614 2926 ἔφη
1638 2891 1667 2918 τὸ
1700 2891 1813 2927 κόσμιον
1830 2890 1907 2926 εὑρη.
