2082 3153
274 189 327 220 439

888 189 1030 219 MENSIS
1051 188 1266 220 DECEMBEH.

1837 191 1891 223 “0

275 248 301 274 in
319 254 401 274 manu
416 239 506 273 antem
520 246 636 274 habebat
646 246 750 282 virgam
764 255 796 274 ex
808 247 907 282 palma,
919 250 947 274 et
959 246 1052 274 tiaram

1107 247 1211 283 κεφαλή
1225 255 1233 263 ’
1248 247 1315 281 πρὸς
1329 248 1357 274 ὀὶ
1373 249 1420 275 καὶ
1435 248 1573 282 ἁγγείόιόν
1586 256 1613 275 τι
1631 247 1784 284 κεραμεοῦν
1807 248 1889 284 ἐξήρ-

274 291 397 326 gestabat
413 291 440 318 in
451 291 551 325 capite.
566 292 698 319 Pneterea
716 299 780 319 vero
791 291 930 319 vasculum
945 299 1055 327 quoque

273 336 411 371 quoddam
429 336 512 364 llctile
529 337 554 364 ei
570 337 750 372 pendebatex
767 337 846 369 collo,
864 342 894 364 ut
906 337 965 372 qui,
983 338 1057 364 sicut

274 390 333 410 mos
340 387 409 415 erat,
421 383 453 410 iis
466 383 513 418 qui
528 388 649 410 sanctam
661 383 821 411 habitabant
837 383 987 416 civitatem,
1003 388 1057 411 sta.

275 427 373 455 luisset
390 428 462 456 ferre
475 429 564 456 oleum
579 433 678 456 sancta:
691 429 790 456 crucis.

309 474 381 502 XIX.
399 474 531 508 Quoniam
559 480 649 501 autem
669 482 722 501 non
740 474 806 502 satis
828 479 887 502 erat
914 475 1055 508 tenuitate,

275 525 304 547 et
321 528 335 547 a
352 520 435 547 rebus
447 520 593 554 superﬂuis
604 520 692 547 aliena
709 520 895 555 simplicitate,
912 521 959 548 sed
973 521 1055 549 etiam

275 567 303 593 in
320 565 440 594 ferendis
458 566 566 601 injuriis
582 566 768 594 moderatione
781 574 859 594 suum
876 567 976 594 imitari
1002 567 1056 594 Do-

275 613 392 644 minum,
409 612 521 647 quidam
535 612 560 638 in
579 612 662 646 regia,
679 612 738 647 ejus
754 612 873 639 irridens
883 612 1055 644 tenuitatem,

273 662 302 684 et
315 658 475 685 indecorum
499 665 560 685 esse
580 657 730 688 arbitrans.
754 665 818 685 eum
837 657 942 692 ingredi
961 657 988 690 in
1012 665 1057 684 re—

273 703 344 738 giam
359 703 404 738 qui
420 703 457 730 ila
471 707 545 730 esset
570 703 695 734 vestitus,
712 702 751 730 illi
775 710 859 730 sacrae
887 703 1003 730 maxilla:
1015 703 1056 730 in-

272 749 358 776 cussit
385 748 542 783 colaphum.
569 748 683 776 Fulmen
707 755 799 776 autem
821 756 876 775 non
892 748 942 775 fuit
958 756 973 776 e
987 749 1056 776 caelo

271 794 385 821 missum
399 791 442 821 ’in
460 801 523 821 eum
552 794 600 829 qui
617 798 800 828 percusserat,
831 794 878 821 sed
894 794 920 821 id
943 795 1056 822 omnino

271 847 369 874 passus
388 843 439 872 est,
457 839 504 875 qui
533 839 591 874 ipse
613 848 722 875 quoque
738 841 765 867 in
789 840 881 875 seipso
906 840 998 868 divine
1028 840 1056 867 id

271 889 331 912 erat
362 892 471 919 passus.
499 884 546 912 Ille
565 893 631 912 vero
657 885 685 921 (ο
701 893 864 920 generosum
876 885 1008 918 animum,
1029 890 1056 912 et

271 930 306 957 ad
322 931 481 965 patiendum
499 930 777 965 ambitiosissimum!)
788 931 814 958 ei
831 931 878 966 qui
896 931 984 966 ipsum
997 931 1055 958 alli-

271 976 362 1003 ciebat
385 976 495 1011 injuria,
524 977 639 1011 przebuit
652 981 680 1004 et
705 977 829 1010 alteram,
856 981 999 1011 promptus
1022 976 1055 1004 ad

272 1022 438 1049 Dominicam
453 1021 538 1056 legem
555 1022 719 1056 implendam
732 1032 738 1050 :
749 1026 826 1054 et,se
837 1027 994 1057 promptum
1007 1030 1055 1049 ex-

273 1067 393 1095 hibendo
410 1067 443 1095 ad
460 1067 630 1103 patiendum,
650 1069 763 1096 vincens
780 1069 853 1096 illam
867 1070 980 1096 nimiam
1005 1077 1053 1096 ce-

270 1113 406 1141 leritatem
425 1121 521 1140 manus
538 1119 564 1140 et
580 1113 789 1148 impudentiam.
806 1114 863 1142 Hoc
878 1115 954 1142 illum
980 1115 1055 1142 inso-

270 1160 370 1187 lentem
398 1163 426 1186 et
447 1159 609 1195 injuriosum
640 1159 713 1194 cepit
736 1159 885 1193 hominem,
904 1164 932 1187 et
957 1167 1056 1194 magno

271 1205 378 1239 pudore
410 1205 512 1236 all‘ecit,
532 1209 559 1233 et
576 1205 704 1238 maxime,
729 1205 802 1240 quod
826 1210 969 1240 acceperat
992 1213 1055 1232 eum

271 1258 331 1278 esse
349 1251 522 1285 episcopum,
545 1250 592 1284 qui
607 1250 722 1277 alTectus
738 1250 827 1278 fuerat
855 1250 964 1286 injuria.
978 1249 1056 1278 Unde

269 1298 350 1324 etiam
369 1302 498 1328 mutatus,
516 1297 544 1323 lit
560 1297 586 1324 ei
600 1297 725 1331 supplex,
738 1301 766 1324 et
780 1297 848 1331 petit
863 1297 983 1328 veniam,
1013 1298 1057 1324 in-

271 1343 450 1370 consideratae
477 1342 582 1376 lapsum
613 1341 734 1368 audaciae
761 1350 859 1369 curare
887 1344 1056 1372 contendens

270 1388 360 1415 calore
395 1387 576 1423 pmnilentim.
601 1388 650 1415 Ille
677 1393 769 1415 autem
796 1387 942 1424 (didicerat
968 1389 1056 1422 enim,

271 1437 343 1463 sicut
361 1436 432 1462 ferre
450 1436 576 1471 injurias,
589 1436 627 1464 ita
640 1436 731 1464 debita
750 1437 910 1464 remittere:
926 1437 979 1463 imo
990 1444 1056 1464 vero

270 1491 332 1509 cum
367 1483 415 1516 qui
441 1483 493 1516 ipsi
527 1483 681 1510 molestiam
710 1482 850 1514 attulerat,
886 1483 1055 1510 remunerari

272 1528 360 1561 Ionis)
376 1527 467 1554 verbis
482 1527 581 1562 quibus
594 1527 691 1562 potuit,
712 1535 775 1555 eum
801 1527 892 1555 ali'ecit
911 1527 1054 1560 beneﬁcio,

1107 300 1173 327 τητο
1184 293 1231 319 τοῦ
1245 293 1392 328 τραχήλου,
1412 293 1505 329 ὥσπερ
1525 293 1571 321 οὖν
1590 293 1651 326 Εθος
1668 295 1725 326 τοῖς
1740 293 1789 330 τὴν
1809 295 1892 329 ἁγίαν

1107 337 1184 364 πόλιν
1210 338 1341 370 οἰκοῦσιν,
1371 338 1460 365 ἔλαιον
1483 338 1531 365 τοῦ
1557 338 1630 365 θείου
1657 338 1777 374 σταυροῦ
1798 339 1894 374 φέρειν

1107 384 1320 420 προῃρημένοις.

1144 473 1192 501 19⁸.
1225 473 1300 500 Ἐπεὶ
1326 473 1353 500 δὲ
1374 473 1429 500 ἔδει
1455 473 1493 509 μὴ
1515 473 1554 508 τῷ
1577 473 1716 509 ἀπερίττῳ
1744 473 1824 508 μόνον
1844 473 1893 500 καὶ

1107 520 1223 551 εὐτελεῖ,
1241 519 1309 546 ἀλλὰ
1325 519 1372 546 καὶ
1394 521 1427 554 τῇ
1445 520 1513 554 πρὸς
1525 519 1574 551 τὰς
1587 519 1681 554 ὕϐρεις
1697 519 1832 554 ἐπιεικείᾳ
1846 520 1893 546 τὸν

1108 565 1353 600 ἑαυτοῦΔεσπότην
1375 565 1558 600 μιμήσασθαι,
1581 562 1620 596 εἷς
1633 573 1675 596 τις
1691 565 1745 591 τῶν
1766 565 1796 591 ὲν
1817 565 1894 600 βασι-

1107 611 1208 644 λείοις,
1232 611 1282 645 τῆς
1309 611 1446 642 εὐτελείας
1474 611 1555 638 αὑτὸν
1579 611 1820 646 διαμυκτηρίζων,
1845 612 1894 638 καὶ

1108 659 1227 692 ἄκοσμον
1244 655 1314 684 εἶναι
1329 657 1451 692 οἰόμενος
1466 657 1496 683 τὸ
1510 657 1550 688 εἰς
1565 657 1677 692 βασιλέα
1685 657 1772 688 οὕτως
1797 656 1893 691 ἔχοντα

1107 705 1233 735 εἰσιέναι,
1252 703 1406 739 ραπίσματι
1430 703 1480 736 τὴν
1505 703 1581 737 ἱερὰν
1595 702 1704 734 ἐκείνην
1719 703 1816 729 ἔπαισε
1832 711 1894 729 σια-

1107 749 1184 783 γόνα.
1202 748 1326 783 Σκηπτδς
1339 748 1368 775 δὲ
1384 748 1489 775 ἄνωθεν
1500 748 1550 774 οὐκ
1563 747 1665 781 ἐπῆλθε
1681 748 1752 774 κατὰ
1776 748 1827 783 τῆς
1845 748 1893 775 τοῦ

1108 795 1255 826 παίσαντος
1281 794 1413 828 κεφαλῆς,
1435 794 1495 820 ἀλλ’
1516 794 1640 829 ἠνείχετο
1667 794 1788 826 πάντως,
1808 795 1825 820 ὀ
1845 794 1894 820 καὶ

1108 841 1152 876 ἔφ’
1170 840 1270 868 ἑαυτοῦ
1285 841 1364 867 τοῦτο
1377 840 1537 876 θεοπρεπῶς
1549 839 1746 875 ἀνασχόμενος.
1767 840 1796 866 '0
1810 839 1849 870 δὲ,
1869 838 1893 866 ῶ

1107 887 1157 920 τῆς
1176 886 1303 921 γενναίας
1326 886 1433 920 δκείνης
1461 885 1550 920 ψυχῆς
1575 885 1622 912 καὶ
1646 885 1715 920 πρὸς
1741 884 1772 911 τὸ
1795 885 1894 910 παθεῖν

1108 932 1340 966 φιλοτιμοτάτηςι
1371 931 1528 966 παρεχώρει
1559 931 1607 958 καὶ
1631 930 1682 965 τῆς
1719 930 1819 965 ἑτέρας
1853 928 1893 964 τῷ

1106 978 1242 1013 ὑϐριστῇ,
1265 978 1412 1013 πληρωτὴς
1431 977 1469 1004 ὢν
1493 977 1630 1012 εὐτρεπὴς
1654 976 1702 1004 τοῦ
1725 976 1893 1004 Δεσποτικοῦ

1106 1025 1202 1059 νόμου.
1219 1025 1266 1051 καὶ
1284 1024 1366 1051 νικῶν
1381 1025 1414 1059 τῇ
1427 1024 1496 1059 πρὸς
1507 1024 1537 1050 τὸ
1552 1024 1669 1058 πάσχειν
1684 1024 1830 1058 ἃτοιμαοίᾳ
1843 1023 1894 1059 τὴν

1106 1070 1236 1105 περιττὴν
1265 1071 1369 1097 ἐκείνου
1391 1070 1548 1105 ὀξυχειρίαν
1572 1071 1619 1096 καὶ
1645 1070 1808 1105 ἰταμότητα.
1829 1068 1894 1096 EH:

1105 1115 1184 1143 τοῦτο
1192 1116 1238 1143 τὸν
1251 1116 1393 1151 ὑϐριστὴν,
1408 1115 1456 1142 καὶ
1471 1115 1590 1150 ίσχυρῶς
1606 1115 1790 1150 ὲδυσώπησεν,
1805 1115 1895 1147 ἄλλως

1105 1171 1135 1188 τε
1162 1162 1191 1188 δὲ
1211 1163 1258 1188 καὶ
1278 1161 1309 1188 τὸ
1334 1161 1431 1197 μαθεῖν
1459 1161 1616 1187 ἐπίσκοπον
1651 1158 1720 1187 εῖναι
1745 1162 1791 1187 τὸν
1814 1161 1894 1196 ὓϐρι-

1107 1209 1215 1236 σθέντα.
1234 1207 1315 1234 Ὅθεν
1339 1207 1372 1241 δὴ
1396 1206 1444 1233 καὶ
1468 1206 1640 1241 μεταϐαλὼν,
1664 1206 1758 1241 ἱκέτης
1777 1206 1893 1240 γίνεται,

1107 1255 1153 1281 καὶ
1168 1254 1333 1289 συγγνώμην
1352 1255 1480 1286 αἰτεῖται,
1504 1252 1641 1287 ὀλίσθημα
1664 1252 1781 1288 θράσους
1797 1253 1895 1287 ἀπερισ-

1109 1300 1226 1326 σκέπτου
1253 1299 1402 1335 θερμότητι
1418 1299 1563 1333 μετανοίας
1588 1299 1755 1333 θεραπεῦσαι
1777 1298 1895 1332 φιλονειο

1107 1347 1175 1374 κῶν.
1205 1346 1260 1373 Καὶ
1287 1346 1327 1378 ὃς,
1358 1346 1501 1380 μεμάθηκε
1517 1345 1572 1380 γὰρ
1601 1344 1695 1379 ὥσπερ
1722 1344 1771 1376 τὰς
1800 1343 1895 1379 ὕϐρεις

1107 1393 1212 1427 φέρειν,
1225 1391 1312 1422 οὕτως
1325 1391 1436 1425 ἀφιέναι
1459 1391 1506 1417 καὶ
1529 1391 1563 1417 τὰ
1578 1390 1735 1425 ὀφλήματα,
1753 1390 1853 1424 μᾶλλον
1865 1389 1895 1415 δὲ

1107 1439 1155 1466 καὶ
1168 1438 1281 1472 ἀγαθοῖς
1302 1437 1463 1471 ἀμείϐεσθαι
1483 1437 1530 1463 τὸν
1546 1436 1731 1471 λελυπηκότα,
1748 1436 1837 1468 λόγοις
1852 1432 1894 1466 οἷς

1107 1482 1179 1519 εἶχεν
1194 1483 1345 1518 εὐεργετεῖ,
1366 1482 1507 1517 πατρικῶς
1532 1481 1712 1516 παραινέσας,
1735 1481 1782 1507 καὶ
1797 1481 1894 1515 βελτίω

1107 1531 1156 1564 τὴν
1178 1529 1261 1555 αὑτοῦ
1283 1528 1372 1563 ψυχὴν
1396 1529 1529 1563 θέμενος·
1551 1528 1597 1562 ἀφ’
1619 1525 1649 1554 οὗ
1666 1527 1699 1562 δὴ
1726 1526 1774 1553 καὶ
1795 1527 1820 1552 ot
1843 1526 1894 1558 τὰς

272 1579 383 1608 paterne
399 1574 553 1606 consulens,
569 1577 597 1601 et
608 1573 748 1601 meliorem
760 1574 785 1601 ei
799 1573 916 1601 reddens
928 1574 1052 1602 animam,

1111 1573 1220 1610 πρώτας
1238 1575 1270 1602 ὲκ
1286 1573 1417 1608 βασιλέως
1431 1573 1515 1606 τιμὰς
1532 1572 1671 1608 φέροντες,
1693 1571 1727 1598 δι’
1740 1572 1830 1603 αἰδοῦς
1847 1572 1894 1598 τὸν

270 1622 328 1653 Quo
338 1622 438 1648 factum
450 1625 503 1651 est,
514 1621 596 1655 utqui
608 1620 678 1655 apud
688 1620 879 1654 imperatorem
892 1621 996 1655 primos
1004 1617 1054 1647 ho:

270 1674 352 1694 nores
363 1666 535 1697 obtinebant,
551 1673 614 1693 eum
634 1671 795 1693 reverenter
808 1669 1052 1699 prosequerentur,

268 1718 306 1744 et,
321 1717 349 1739 ut
362 1720 410 1746 par
424 1716 493 1743 erat,
510 1711 642 1738 ducerent
661 1710 694 1738 ad
712 1711 916 1744 imperatorem.

305 1758 363 1785 XX.
376 1758 435 1785 Non
444 1762 507 1784 sunt
517 1761 607 1784 autem
619 1756 861 1791 praetermittenda,
873 1764 934 1791 qua;
943 1756 1053 1784 interim

268 1808 431 1834 evenerunt,
444 1811 504 1837 quae
515 1807 579 1829 sunt
595 1803 686 1830 studio
697 1803 790 1837 digna,
803 1807 831 1830 et
845 1810 906 1837 quae
932 1807 1048 1837 possunt

271 1856 394 1884 unagnam
406 1849 504 1875 aﬂ'erre
517 1848 661 1875 utilitatem
678 1848 777 1875 animis
792 1848 924 1875 studiosis
942 1849 1052 1883 sapien-

269 1897 323 1924 tiae.
334 1895 482 1923 Vidensille
492 1902 605 1930 magnus
614 1901 695 1921 suum
702 1893 863 1928 discipulum
874 1893 1051 1929 Tripltyllium

268 1941 418 1976 perfectura
429 1948 491 1967 mox
501 1940 634 1970 futurum,
646 1943 673 1966 et
683 1939 709 1966 ei
723 1938 852 1971 similem,
869 1938 895 1965 in
911 1939 1053 1973 praesentia

266 1994 332 2014 vero
350 1994 381 2014 ea
393 1994 454 2021 quae
479 1986 507 2012 in
531 1987 634 2012 mundo
646 1989 709 2011 sunt
721 1992 830 2019 magna,
846 1989 872 2011 et
888 1991 937 2018 pro
950 1985 1052 2019 quibus

264 2032 345 2060 multi
353 2040 412 2060 esse
422 2030 642 2059 contendendum
652 2031 820 2063 existimant,
827 2037 922 2065 magna
930 2038 991 2058 esse
998 2031 1053 2058 exi-

264 2080 433 2110 stimantem,
451 2077 538 2112 utqui
554 2081 626 2104 esset
643 2077 731 2104 adhuc
740 2082 820 2104 relate
831 2077 949 2112 juvenis,
963 2081 992 2104 et
1003 2077 1052 2104 ha-

269 2127 345 2153 beret
357 2129 464 2152 aetatem
480 2123 515 2150 ad
527 2123 579 2150 hoc
599 2123 790 2158 opitulantem,
802 2127 830 2149 et
840 2130 873 2150 ea
883 2123 994 2157 quidem
1003 2123 1052 2150 ad-

267 2172 424 2202 mirantem,
436 2178 495 2204 quae
504 2174 582 2196 erant
593 2169 619 2196 in
628 2169 712 2204 regia:
724 2173 822 2200 vestes,
834 2168 955 2203 inquam.
963 2168 1052 2202 splen-

266 2218 357 2249 didas,
371 2221 399 2243 et
413 2215 473 2242 auri
487 2215 650 2247 nitorem,ct
660 2217 725 2240 ante
741 2213 831 2240 omnia
841 2212 950 2247 quidem
963 2212 1051 2246 ipsum

1108 1619 1192 1655 ἄνδρα
1211 1618 1379 1653 ποιούμενοι,
1403 1617 1583 1653 προέπεμπον
1602 1626 1633 1643 τι
1651 1618 1699 1644 καὶ
1712 1618 1752 1649 είς
1767 1617 1892 1652 βασιλέα,

1107 1664 1143 1697 ὡς
1158 1664 1295 1700 προσῆκον
1307 1661 1350 1699 ἦν,
1366 1663 1489 1697 ἄγουσιν.

1143 1759 1185 1785 Κ’.
1199 1758 1236 1785 Οὑ
1249 1757 1352 1785 δίκαιον
1363 1757 1391 1784 δὲ
1408 1758 1455 1784 καὶ
1471 1757 1505 1783 τὰ
1522 1756 1626 1792 μεταξὺ
1641 1756 1798 1792 παρελθεῖν,
1816 1755 1892 1788 ἀξιο-

1108 1805 1264 1832 σπούδαστα
1288 1803 1362 1835 ὂντα,
1392 1803 1438 1830 καὶ
1463 1803 1530 1830 πολὺ
1557 1803 1588 1829 τὺ
1610 1802 1750 1837 ὠφέλιμον
1775 1803 1892 1828 ἐνθεῖναι

1106 1851 1166 1881 ταῖς
1177 1850 1332 1883 φιλοσόφοις
1343 1849 1443 1883 ψυχαῖς
1457 1849 1602 1884 δυνάμενα.
1621 1848 1706 1883 Ὁρῶν
1721 1849 1734 1874 ὀ
1746 1848 1832 1882 μέγας
1847 1847 1894 1874 τὸν

1107 1895 1205 1922 ἑαυτοῦ
1231 1895 1363 1930 φοιτητὴν
1375 1894 1539 1929 Τριφύλλιον
1554 1894 1658 1921 τέλειον
1672 1894 1721 1929 μὲν
1738 1894 1801 1920 ὅσον
1813 1892 1892 1920 οὔπω

1107 1941 1153 1967 καὶ
1171 1940 1232 1966 κατ’
1257 1940 1338 1967 αὑτὸν
1359 1940 1499 1973 ἐσόμενον,
1523 1940 1553 1966 τὸ
1575 1939 1605 1966 δὲ
1632 1939 1679 1966 νῦν
1704 1939 1764 1974 ἔχον
1789 1939 1828 1965 ἔτι
1856 1939 1892 1965 τὰ

1108 1985 1214 2021 μεγάλα
1233 1986 1280 2012 τοῦ
1296 1985 1354 2021 βίου
1379 1986 1427 2012 καὶ
1448 1986 1503 2018 τοῖς
1523 1985 1629 2016 πολλοῖς
1649 1985 1828 2020 περιμάχητα
1854 1985 1893 2020 μὴ

1108 2033 1193 2069 μικρὰ
1205 2031 1274 2060 εἶναι
1290 2032 1470 2068 ὑπειληφότα,
1490 2032 1508 2058 ἃ
1526 2041 1555 2058 τε
1576 2032 1607 2067 δὴ
1630 2032 1689 2059 νέον
1710 2033 1763 2064 ἔτι,
1781 2033 1827 2059 καὶ
1843 2031 1893 2068 τὴν

1106 2080 1214 2116 ἠλικίαν
1236 2079 1332 2114 ἔχοντα
1347 2080 1416 2114 προς
1431 2078 1510 2104 τοῦτο
1528 2078 1737 2113 συναιρομένην,
1758 2079 1805 2105 καὶ
1825 2078 1892 2105 θαυ-

1108 2127 1229 2162 μάζοντα
1253 2126 1302 2160 μὲν
1318 2125 1351 2151 τὰ
1367 2126 1395 2152 ἐν
1422 2123 1578 2159 βασιλείοις,
1593 2123 1709 2158 ἐσθῆτάς
1731 2132 1800 2158 φημι
1820 2123 1892 2159 λαμ-

1107 2172 1191 2205 πρὰς,
1205 2170 1253 2197 καὶ
1267 2169 1370 2205 χρυσοῦ
1386 2168 1577 2204 περιλάμψεις,
1601 2169 1648 2194 καὶ
1665 2167 1719 2203 πρό
1735 2177 1767 2202 γε
1784 2168 1894 2196 πάντων

1106 2217 1188 2244 αὑτὸν
1203 2216 1249 2243 τὸν
1263 2215 1425 2251 κρατοῦντα,
1440 2215 1483 2248 ἐφ’
1495 2213 1596 2248 ὑψηλοῦ
1609 2215 1658 2249 μὲν
1672 2214 1892 2249 προκαθήμενον,

267 2264 470 2298 imperatorem,
498 2260 586 2295 quiin
612 2259 720 2286 excelso
746 2258 858 2293 quidem
880 2257 1051 2292 praesidebat,

1106 2263 1220 2297 φοϐερὸν
1239 2261 1266 2288 δέ
1283 2270 1343 2288 τινα
1360 2261 1407 2287 καὶ
1426 2259 1566 2295 περίδοξυν
1581 2260 1618 2294 τῷ
1632 2261 1751 2295 σχήματι
1767 2260 1892 2295 καθορώ-

265 2307 487 2343 conspiciebatur
508 2312 573 2333 vero
599 2303 741 2337 terribilis,
761 2308 790 2330 ct
807 2303 898 2338 specie
912 2303 1045 2337 insignis:

267 2362 329 2382 cum
353 2357 464 2388 propter
483 2353 541 2378 lucc
553 2350 645 2377 omnia
661 2349 767 2376 videret
782 2357 846 2376 eum
871 2352 944 2376 stare
961 2349 1047 2376 subli-

266 2408 337 2428 mem
353 2404 381 2426 et
394 2401 562 2430 crectum,et
574 2395 652 2430 quasi
666 2403 679 2421 τι
693 2402 722 2422 se
735 2394 904 2426 discessisse,
921 2394 947 2422 ei
963 2394 1047 2421 veluti

266 2452 392 2473 somnum
416 2444 536 2474 solvens,
565 2446 593 2469 ct
617 2449 678 2475 quae
703 2448 767 2468 vere
794 2440 910 2467 habebat
932 2440 1047 2473 somnia,

266 2498 346 2518 manu
375 2489 488 2524 palpans
518 2493 546 2514 et
570 2486 732 2520 depcllens:
757 2486 810 2512 Sed
840 2486 919 2518 mihi,
948 2485 1047 2519 inquit,

264 2535 417 2571 Triphylli,
444 2534 520 2560 illum
559 2533 649 2567 ipsum
684 2531 799 2559 ostende
835 2532 1045 2566 imperatorem;

261 2589 352 2616 neque
365 2580 440 2607 enim
468 2586 580 2613 possum
604 2578 687 2610 scire,
704 2578 829 2612 quisnam
852 2577 899 2604 sit.
914 2577 939 2604 ls
955 2583 1047 2604 autem

262 2635 316 2654 non
330 2625 496 2659 intelligens,
512 2624 578 2659 quid
597 2631 712 2658 magnus
727 2624 780 2651 sibi
799 2624 881 2651 vellet
895 2623 1024 2658 Spiridon
1038 2633 1045 2651 :

263 2673 313 2700 llic
329 2675 382 2703 est,
393 2670 491 2705 inquit,
504 2678 584 2697 manu
595 2669 744 2698 ostendens
756 2672 947 2705 imperatorem
959 2678 965 2696 :
976 2669 1047 2703 Quid

263 2722 307 2744 est
323 2724 399 2751 ergo,
432 2715 520 2751 inquit
535 2714 675 2750 Spiridon,
697 2715 742 2743 hic
765 2715 827 2742 aliis
848 2716 1046 2746 admirabilior,

265 2763 318 2790 nisi
348 2769 412 2789 eum
439 2762 519 2789 etiam
544 2761 648 2789 dixeris
676 2761 822 2795 iustiorem
846 2761 881 2789 ob
897 2761 994 2789 fastum
1020 2767 1047 2789 et

266 2808 460 2843 splendorem?
479 2808 537 2835 Non
556 2815 632 2841 atque
649 2815 681 2835 ac
701 2807 793 2842 quivis
823 2815 925 2843 pauper
940 2808 1048 2843 ignotus

266 2854 415 2885 morietur;
429 2853 555 2882 similiter
571 2860 636 2880 vero
653 2853 803 2887 sepultura:
833 2853 1009 2880 mandabitur
1020 2858 1047 2881 et

266 2900 408 2933 interibit,
430 2899 556 2928 similiter
570 2907 680 2934 quoque
695 2899 805 2927 sistetur
827 2903 888 2928 ante
907 2900 1048 2936 incorrup-

1102 2317 1182 2344 μενον
1195 2317 1203 2325 υ
1222 2308 1269 2334 ἐπὶ
1283 2308 1353 2334 πᾶσι
1368 2307 1475 2337 τούτοις
1493 2306 1632 2341 μετέωρον
1652 2305 1742 2333 αὐτῶν
1756 2306 1828 2340 ὀρῶν
1841 2306 1891 2332 καὶ

1099 2352 1155 2381 οἷον
1180 2353 1354 2388 ἐξεστηκότα,
1383 2353 1509 2387 καθάπερ
1529 2352 1599 2378 λύων
1619 2353 1694 2387 αὐτῷ
1720 2351 1767 2378 τὸν
1796 2351 1891 2384 ὕπνον,

1100 2401 1148 2427 καὶ
1163 2399 1209 2431 οὓς
1224 2397 1297 2434 εἶχεν
1309 2398 1382 2432 ὕπαρ
1397 2397 1528 2432 ὀνείρους,
1545 2397 1684 2432 ἁψάμενος
1700 2398 1732 2431 τῇ
1748 2396 1822 2431 χειρὶ
1838 2397 1889 2423 καὶ

1100 2444 1248 2477 διασείσας,
1268 2443 1338 2471 Ἀλλ’
1355 2445 1429 2478 ἐμοὶ,
1448 2443 1512 2478 ἔφη,
1523 2443 1681 2478 Τριφύλλιε,
1691 2443 1773 2469 αὑτὸν
1787 2443 1891 2469 ἐκεῖνον

1101 2491 1185 2524 δεῖξον
1201 2492 1248 2517 τὸν
1265 2490 1388 2527 βασιλέα.
1414 2490 1482 2517 οὐδὲ
1504 2490 1560 2525 γὰρ
1579 2490 1654 2521 ὅστις
1670 2486 1750 2521 οὗτος
1765 2489 1820 2524 ἔχω
1838 2497 1892 2523 μα.

1103 2537 1171 2564 θεῖν.
1187 2537 1244 2563 Καὶ
1263 2536 1343 2567 αὐτὸς
1370 2536 1396 2563 τί
1423 2537 1437 2562 ό
1464 2535 1551 2570 μέγας
1575 2535 1706 2569 ἠϐούλετο
1735 2535 1772 2570 μὴ
1788 2534 1891 2565 συνείς.

1100 2577 1196 2612 Οὗτος,
1223 2580 1286 2614 ἔφη,
1308 2580 1341 2614 τῇ
1359 2579 1431 2614 χειρὶ
1447 2579 1536 2612 δείξας
1557 2578 1603 2605 τὸν
1627 2578 1749 2613 βασιλέα.
1774 2577 1806 2604 Τί
1830 2575 1890 2608 οὖν,

1101 2624 1162 2653 εἷπε
1176 2625 1328 2659 Σπυρίδων,
1345 2624 1565 2660 θαυμαστότερος
1581 2620 1660 2654 οὗτος
1685 2623 1739 2649 τῶν
1751 2622 1852 2656 ἄλλων,
1867 2623 1892 2648 εί

1103 2673 1140 2708 μὴ
1162 2672 1208 2699 καὶ
1224 2671 1393 2706 δικαιότερον
1418 2670 1500 2697 αὑτὸν
1524 2670 1614 2699 εἴποις
1634 2669 1689 2696 ἀπὸ
1710 2668 1757 2694 τοῦ
1779 2668 1887 2702 κόμπου

1102 2718 1213 2753 καὶτῆς
1233 2717 1429 2752 περιφανείας;
1455 2717 1522 2751 οὐχὶ
1547 2716 1649 2750 ὁμοίως
1669 2715 1719 2748 μὲν
1744 2715 1790 2742 καὶ
1807 2714 1889 2747 οὗτος

1103 2764 1205 2798 ἀγνῶτι
1217 2763 1312 2798 πένητι
1330 2763 1376 2789 καὶ
1389 2762 1555 2797 ἠμελημένῳ
1574 2760 1751 2795 τεθνήξεται;
1771 2759 1889 2795 ὀμοίως

1101 2809 1130 2837 ὀὶ
1156 2809 1234 2844 τάιρῳ
1255 2808 1470 2844 παραδοθήσεται
1485 2808 1531 2835 καὶ
1555 2807 1663 2842 φθορᾷ;
1689 2805 1888 2842 παραπλησίως

1099 2854 1128 2880 δὲ
1143 2853 1182 2888 τῷ
1194 2853 1335 2888 ἀδεκάστῳ
1349 2853 1429 2888 κριτῇ
1445 2853 1650 2886 παραστήσεται
1664 2859 1672 2884 ;
1690 2852 1722 2878 Τί
1742 2851 1776 2878 τὰ
1789 2851 1885 2886 ῥέοντα

1101 2901 1137 2933 ti);
1160 2899 1264 2928 ἑστῶτα
1291 2900 1384 2935 τιμᾷς,
1413 2898 1460 2926 καὶ
1482 2899 1516 2924 τὰ
1547 2898 1629 2934 μηδὲν
1655 2898 1720 2925 ὄντα
1746 2898 1885 2933 θαύματος
