2082 3153
203 177 252 210 Ml

811 182 900 214 VITA
921 183 952 213 S.
975 183 1213 215 SPYRIDONIS.

1775 185 1829 218 412

203 234 302 268 ἀξιοῖς,
319 235 408 272 παρδν
420 235 456 263 τὰ
469 235 540 263 ᾶῠλα
554 236 655 272 μᾶλλον
677 236 770 273 ζητεῖν
785 239 832 265 καὶ
845 239 928 272 ἀΐδια,
947 240 994 266 καὶ

1047 245 1103 268 ιυιιι
1117 241 1260 275 judieem?
1274 240 1330 269 Cur
1345 248 1407 276 qua
1422 242 1520 273 lluunt,
1537 248 1665 278 tanquam
1681 251 1743 278 qua
1764 247 1829 270 sunt

203 281 254 315 τῆς
266 281 406 318 ἀφθάρτου
421 283 468 309 καὶ
481 283 609 318 οὐρανίου
625 283 704 318 δόξης
722 284 808 320 μόνης
827 285 903 321 ὲρᾷν.

1045 287 1164 318 stabilia,
1177 286 1312 319 honorae;
1331 293 1358 315 et
1371 295 1432 322 qua
1445 287 1512 314 nihil
1530 294 1605 320 sunt,
1623 289 1708 316 habes
1736 289 1763 316 in
1778 289 1826 316 ad-

204 325 359 359 miratione.
386 335 448 356 cum
463 327 528 356 licet
542 329 634 364 potius
648 337 680 357 ea
705 337 766 365 quae
786 334 851 358 sunt
886 332 1007 360 materiae
1025 333 1147 367 expertia
1161 336 1189 360 et
1205 337 1318 366 aeterna,
1331 340 1465 368 quaerere,
1477 338 1504 361 et
1514 334 1629 369 gloriam
1664 343 1756 363 amare
1773 343 1831 363 cce-

203 372 310 404 lestem.
327 373 355 401 in
375 381 456 409 quam
477 382 532 402 non
544 376 618 403 cadit
638 376 791 405 interitus?

240 418 306 446 KA'.
330 419 375 446 Ἐν
392 416 414 453 ᾧ
428 420 456 447 δὲ
476 421 544 456 πρὸς
557 422 774 457 τδνΤριφύὶλιον
793 423 870 457 ἔλεγε
885 423 984 457 ταῦτα,

204 466 218 492 ό
235 465 362 500 βασιλεὺς
377 467 406 500 ἐξ
423 469 546 495 ἀπόπτου
566 470 613 496 τοῦ
645 470 767 506 βήματος
787 472 928 499 ἐπιϐάλλει
953 472 991 507 τῷ

203 511 268 546 ὁσίῳ
281 513 344 544 τοὺς
363 513 540 548 ὀφθαλμούς·
569 515 617 542 καὶ
642 517 739 551 πρῶτα
769 517 819 552 μὲν
850 519 932 544 αὐτὸν
961 518 992 545 τὺ

204 557 296 591 σχῆμα
307 557 355 584 καὶ
371 559 387 592 ἡ
399 559 517 595 ἀναϐολὴ
530 560 682 592 ἐπεσπᾶτο,
698 562 731 596 τῇ
747 562 877 597 όραθείσῃ
897 563 988 597 μορφῇ

204 603 355 638 συνᾴδοντα
365 611 374 620 ·
387 603 459 630 οὕτω
471 605 524 640 γὰρ
538 606 624 632 ἐδόκει
641 607 688 633 καὶ
701 606 770 642 όναρ
788 607 862 642 αὐτῷ
879 607 992 642 ἐπιστῆ-

203 657 258 680 ναι,
275 649 321 675 καὶ
339 647 372 685 ἦν
386 651 474 676 πάντα
494 651 526 685 δὴ
538 651 572 678 τὰ
587 652 667 684 αὐτὰ,
682 653 698 687 ἡ
717 652 826 687 ῥάϐδος,
839 653 854 688 η
872 654 949 687 παρὰ
959 652 990 679 τὸ

203 693 388 730 ἐξηρτημένον
414 696 460 722 τοῦ
487 697 624 732 τραχήλου
653 698 750 729 σκεῦος
767 698 814 725 καὶ
846 699 860 734 ἡ
892 698 987 734 στολή.

204 739 313 766 Τούτων
344 741 394 775 μὲν
421 739 469 768 οὖν
489 742 571 773 εὐθὺς
598 742 714 769 αὐτόθεν
735 743 857 777 ἀνέγνω*
888 744 934 770 τὸν
961 743 990 770 δὶ

204 786 367 822 Τριφύλὶιον
384 787 434 814 οὐκ
453 787 528 822 εἶχεν
544 789 617 821 ὅπως
632 789 753 816 εἰκάσοι·
766 790 893 825 οὐδὲγὰρ
910 789 993 825 Epig];

203 832 249 858 λεν
266 833 340 868 αὐτῷ
364 835 603 869 περιεργάσασθαι
632 835 682 870 τὴν
710 836 798 862 ἰδέαν·
816 837 878 863 ἐπεὶ
897 837 993 863 τοῦτον

204 879 353 906 ιπίπκοπον
380 881 429 914 οὐχ
453 881 541 916 ἑώρα,
569 881 694 918 καθάπερ
709 883 733 909 oi
756 882 835 909 ὕπνοι
853 883 935 910 αὐτὸν
949 885 990 910 6t-

204 925 370 960 εσήμαινον·
403 925 467 952 ὅθεν
492 927 540 953 καὶ
561 926 608 953 τοῦ
629 927 724 961 Θρόνου
751 928 923 963 παραχρῆμα
946 928 988 955 διο

204 972 334 1004 αναστὰς,
345 973 429 1007 χωρεῖ
437 972 506 1008 πρὸς
519 973 566 999 τὸν
582 973 680 1008 μέγαν·
694 975 710 1008 ἡ
726 973 781 1008 γὰρ
796 974 929 1009 ἐπιθυμία
941 974 991 1010 τῆς

204 1017 387 1052 ὰναρῤώσεως
405 1019 460 1044 τῶν
475 1019 564 1045 ἄλλων
579 1019 867 1055 ἐποίεικαταφρονιίν.
883 1020 992 1055 Ἀμέλει

204 1063 252 1089 καὶ
272 1062 413 1096 βασιλικὸν
438 1063 531 1096 όγκον,
553 1064 600 1090 καὶ
629 1064 661 1090 τὸ
684 1065 734 1099 τῆς
754 1066 843 1100 ἀρχῆς
863 1066 991 1100 μέγεθος,

206 1108 292 1143 μικρὰ
307 1109 354 1135 καὶ
370 1107 485 1143 δεύτερα
504 1109 554 1143 τῆς
575 1109 645 1144 πρὸς
658 1110 716 1136 ’τόν
737 1110 824 1144 μέγαν
845 1111 927 1145 τιμῆς
945 1111 990 1138 θέ-

206 1163 297 1190 μενος,
314 1155 385 1181 πάνυ
403 1155 505 1187 ἀδόξως
519 1155 594 1190 αὐτῷ
609 1156 655 1182 καὶ
679 1156 816 1188 ταπεινῶς
841 1157 994 1192 προσφέρε-

205 1209 262 1232 ται,
282 1200 442 1236 θηρώμενος
462 1198 553 1227 οἶκτον
588 1203 623 1237 τῇ
651 1201 786 1237 εὐτελείᾳ,
812 1202 861 1228 καὶ
885 1201 993 1233 δεικνὺς

205 1246 269 1272 ὅσον
283 1245 313 1271 τὺ
332 1246 415 1279 μέσον
431 1246 612 1282 προσκαίρου,
628 1246 711 1280 φημὶ,
731 1245 868 1280 βασιλέως
882 1246 930 1272 καὶ
943 1247 993 1272 ἀν-

203 1292 268 1326 δρὸς
295 1292 406 1319 Βασιλεῖ
425 1292 598 1323 δουλεύοντος
625 1292 736 1326 αίωνίῳ.
758 1291 921 1323 ’Υποκλίνας
947 1292 994 1318 οὖν

205 1337 302 1372 lxiiva
314 1338 364 1371 τὴν
378 1338 513 1373 κεφαλὴν,
529 1339 577 1365 σὺν
592 1337 724 1373 δάκρυσιν
739 1337 842 1363 ἰλεοῦτο
861 1357 868 1370 ,
884 1338 932 1363 καὶ
944 1337 993 1372 τὴν

204 1379 287 1414 αὐχὴν
301 1379 392 1414 ἐζήτει
408 1381 457 1414 τὴν
471 1380 537 1415 παρ’
551 1380 646 1412 αὑτοῦ,
664 1379 790 1414 καθάπερ
804 1389 830 1406 τι
846 1380 994 1415 φάρμακον

208 1426 396 1460 ἰσχυρότατον.
426 1426 526 1461 ῥᾳδὶως
555 1426 630 1452 λύειν
661 1426 822 1460 δυνάμενον.
844 1425 887 1457 Ὧς
911 1423 958 1452 οὖν
977 1426 994 1461 ὴ

206 1473 267 1507 χεὶρ
279 1472 386 1499 ἐκείνου
399 1472 448 1507 τῆς
463 1472 509 1498 τοῦ
526 1472 661 1507 βασιλέως
675 1472 780 1506 ἥπτετο
796 1471 930 1506 κεφαλῆς,
947 1471 995 1498 καὶ

210 1521 227 1554 ἡ
243 1519 322 1551 νόσος
339 1519 513 1554 παραχρῆμα
525 1519 720 1554 ἐφυγαδεύετο,
753 1519 800 1546 καὶ
825 1519 839 1545 ό
867 1518 996 1554 βασιλεὺς

209 1568 254 1593 ονε
260 1562 389 1601 ρώννυτο.

245 1612 308 1638 KB’.
322 1611 370 1643 Τίς
380 1611 454 1638 ama
465 1611 511 1638 hri
518 1611 625 1644 τούτοις
638 1611 692 1638 τῶν
705 1611 849 1644 παρόντων
857 1612 904 1638 καὶ
913 1612 996 1639 αὑτοῦ

209 1658 340 1694 βασιλέως
349 1658 552 1693 ὲκδιηγήσαιτο;
561 1659 633 1689 ὅπως
645 1658 709 1693 παρ’
717 1658 782 1694 ὅλην
792 1659 824 1694 δὴ
832 1658 881 1693 τὴν
891 1659 998 1694 ἡμέραν

209 1705 305 1740 ἑορτὴν
316 1702 395 1740 ἦγον,
412 1706 460 1731 καὶ
475 1704 575 1740 μικροῦ
589 1704 732 1739 ἐσκίρτων,
748 1705 795 1730 καὶ
811 1703 998 1731 κὰθικτοιοὺὸ⁹

209 1751 276 1781 ὅλως
293 1749 337 1784 ὑφ’
350 1750 444 1784 ἡδονῆς
460 1749 628 1783 ἐτύγχανον⁹
649 1749 729 1783 μόνος
744 1749 884 1783 Σπυρίδων
899 1749 929 1775 ὲν
941 1750 997 1778 τοῖς

209 1795 338 1822 ἁπάντων
350 1794 469 1828 χείλεσιν
482 1793 582 1820 ἐκειτο.
600 1794 741 1829 Σπυρέδων
756 1794 881 1820 ἐκαλεῖτο
903 1794 996 1829 μόνος,

210 1840 352 1874 Σπυρίδων
365 1840 482 1874 ἑωρᾶτο.
506 1838 647 1873 Σπυρίδων
664 1836 698 1873 ἦν
719 1839 786 1865 πᾶσι
801 1838 830 1864 τὸ
844 1838 997 1870 σπουδαζό-

211 1895 303 1922 μενον.
319 1882 384 1920 Ἆρ’
406 1883 455 1911 οὖν
469 1885 499 1911 τὴ
516 1885 565 1919 μὲν
580 1884 662 1919 σῶμα
682 1884 720 1920 τῷ
746 1884 853 1920 βασιλεῖ
871 1884 976 1920 ἕρῥωτο
989 1891 996 1898 ·

210 1933 240 1959 τὸ
253 1933 281 1958 δὲ
294 1933 342 1958 καὶ
355 1932 406 1967 τὴν
418 1931 507 1966 ψυχὴν
522 1931 603 1957 αὑτὸν
620 1930 706 1965 ὑγιῶς
722 1930 806 1966 ἔχειν,
828 1932 865 1962 ὡς
893 1931 994 1966 μικρόν

211 1988 239 2006 τι
255 1981 302 2006 καὶ
322 1979 479 2014 παροπτέον
497 1978 536 2013 τῷ
548 1978 634 2013 ἰατρῷ
649 1978 862 2013 παρεϐλέπετο;
880 1978 926 2004 καὶ
945 1977 997 2003 ποῦ

210 2026 291 2052 τοῦτο
305 2026 354 2060 τῆς
371 2025 447 2060 ἱερᾶς
463 2024 568 2050 ἐκείνου
580 2023 669 2058 ψυχῆς
683 2032 690 2050 :
709 2024 788 2050 Ἀλλὰ
803 2024 852 2050 καὶ
865 2023 952 2059 ταύτῃ
968 2023 999 2050 τὸ

213 2071 378 2107 κατάλληλον
400 2071 510 2101 πάντως
533 2070 617 2096 ἐτίθει
647 2071 809 2104 φάρμακον·
841 2069 998 2104 μεμνῆσθαι

215 2119 265 2154 μὶν
278 2118 328 2152 τῆς
341 2118 504 2152 εὐεργεσίας
521 2116 570 2143 τοῦ
585 2116 653 2142 Θεοῦ
675 2116 857 2151 παραινέσας,
885 2114 956 2142 εἶναι
971 2115 999 2141 δὲ

214 2166 262 2192 καὶ
291 2165 360 2200 πρὸς
375 2165 440 2195 τοὺς
464 2163 517 2190 ὑπὸ
543 2164 634 2198 χεῖρα,
649 2164 706 2192 τοῖς
722 2161 851 2188 πταίουσι
879 2161 929 2196 μὲν
953 2162 999 2188 καὶ

213 2209 381 2244 λελυπηκόσι
414 2208 638 2242 συγγνωμόνικόν
658 2216 688 2234 τε
717 2208 764 2234 καὶ
783 2207 872 2239 ἵλεων,
898 2208 955 2239 τοῖς
975 2207 997 2233 δ’

1076 423 1148 451 XXI.
1159 423 1227 451 Cum
1246 423 1303 450 haec
1313 428 1404 450 autem
1420 423 1527 450 diceret
1543 423 1706 458 Triphyllio.
1740 424 1829 459 impe.

1041 474 1117 496 rator
1132 477 1164 497 ex
1176 469 1284 497 excelso
1299 469 1430 497 tribunali
1446 469 1472 496 in
1491 473 1618 496 sanctum
1630 469 1743 504 conjicit
1763 478 1830 497 ocu.

1039 517 1101 544 los:
1118 520 1145 543 et
1159 516 1277 550 primum
1307 515 1417 550 quidem
1447 522 1510 542 eum
1536 514 1692 542 attrahebat
1714 515 1825 544 habitus

1039 565 1067 589 et
1081 561 1210 594 amictus,
1241 560 1345 592 formre,
1364 569 1424 596 qua:
1446 561 1504 588 visa
1530 561 1631 593 fuerat,
1653 561 1829 589 conveniens.

1050 606 1095 634 Sic
1109 606 1184 634 enim
1197 606 1271 633 visus
1282 606 1371 633 fuerat
1383 606 1408 634 ei
1424 606 1519 634 adesse
1530 606 1557 633 in
1573 607 1687 637 somnis,
1703 611 1731 634 et
1751 612 1832 634 erant

1039 652 1130 680 omnia
1148 652 1256 684 eadem,
1274 653 1361 686 virga,
1383 653 1462 684 tiara,
1475 659 1523 679 vas
1546 660 1562 680 e
1582 653 1654 680 collo
1673 653 1831 687 dependens

1038 703 1066 726 et
1089 699 1183 726 vestis.
1201 699 1269 726 Eum
1279 706 1344 733 ergo
1364 699 1456 726 statim
1480 698 1608 733 cognovit
1629 706 1662 725 ex
1683 697 1832 731 alto;Tri-

1039 744 1171 780 phyllium
1197 750 1288 771 autem
1326 752 1380 771 non
1419 749 1526 779 poterat
1550 745 1698 778 conjicere;
1739 751 1829 778 neque

1039 791 1112 817 enim
1131 790 1246 817 curabat
1261 790 1321 825 ejus
1331 790 1450 824 speciem
1468 790 1575 817 curiose
1592 789 1742 823 inquirere,
1758 797 1828 823 quo-

1039 835 1112 862 niam
1128 843 1191 862 eum
1206 843 1261 862 non
1287 835 1396 863 videbat
1419 835 1590 869 episcopum,
1617 835 1689 861 sicut
1718 842 1832 862 somnus

1041 882 1067 909 ei
1096 882 1276 917 signiﬁcabat.
1316 881 1499 914 Quamobrem
1539 881 1631 908 statim
1669 889 1785 916 surgens
1815 889 1832 908 ο

1043 927 1118 959 sede,
1138 927 1212 954 vadit
1234 927 1267 954 ad
1295 935 1422 961 magnum
1445 927 1631 961 Spiridonem.
1659 927 1830 954 Desiderium

1041 973 1116 1000 enim
1138 972 1334 1006 recuperanda:
1357 972 1678 1000 sanitatisfaciebateum
1701 973 1754 1000 alia
1765 981 1831 1000 cou-

1043 1023 1174 1046 temnere.
1189 1019 1367 1053 Splendorem
1382 1024 1455 1046 certe
1467 1019 1672 1052 imperatorium
1683 1025 1710 1046 et
1720 1018 1830 1053 imperii

1044 1064 1260 1098 magnitudinem
1275 1069 1441 1099 postponens
1454 1065 1551 1091 honori
1565 1065 1654 1099 magni
1667 1064 1831 1099 Spiridonis,

1044 1117 1073 1137 se
1090 1109 1238 1137 admodum
1265 1109 1406 1137 humiliter
1424 1115 1452 1137 et
1478 1110 1585 1145 abjecte
1602 1111 1630 1137 in
1661 1117 1723 1137 eum
1749 1110 1832 1145 gerit,

1046 1155 1203 1182 humilitate
1231 1160 1344 1190 captans
1380 1155 1598 1182 misericordiam
1630 1159 1658 1182 et
1681 1155 1832 1182 ostendens

1044 1204 1177 1235 quantum
1192 1200 1301 1227 intersit
1316 1200 1388 1226 inter
1402 1207 1492 1235 regem
1520 1201 1567 1235 qui
1597 1204 1640 1227 est
1655 1199 1689 1227 ad
1713 1206 1833 1235 tempus.

1044 1250 1071 1274 et
1084 1253 1147 1273 eum
1166 1246 1212 1280 qui
1223 1246 1308 1273 servit
1326 1246 1393 1280 Regi
1406 1251 1519 1273 aeterno.
1535 1246 1582 1273 llle
1603 1254 1669 1281 ergo
1700 1246 1831 1274 inclinato

1045 1291 1134 1326 capite
1147 1291 1274 1326 placabat
1292 1299 1354 1318 eum
1367 1291 1505 1327 lacrymis.
1521 1296 1547 1318 et
1568 1292 1627 1327 ejus
1643 1291 1754 1326 petebat
1767 1299 1833 1326 pre-

1045 1344 1102 1369 ces,
1116 1342 1244 1371 tanquam
1257 1337 1456 1364 validissimum
1466 1337 1576 1372 aliquod
1587 1337 1831 1371 medicamentum,

1045 1383 1119 1418 quod
1131 1390 1238 1409 omnem
1257 1383 1410 1410 molestiam
1427 1387 1516 1417 potest
1527 1383 1605 1410 facile
1620 1383 1738 1410 solvere.
1754 1383 1834 1411 Post-

1048 1437 1130 1464 quam
1158 1436 1224 1464 ergo
1254 1437 1352 1456 manus
1383 1429 1455 1456 illius
1483 1430 1571 1464 tetigit
1584 1433 1665 1464 caput
1689 1429 1835 1464 imperato-

1049 1475 1100 1506 ris,
1119 1476 1211 1502 statim
1229 1475 1339 1510 lugatus
1366 1480 1409 1503 est
1429 1475 1553 1508 morbus,
1569 1479 1597 1502 et
1615 1475 1756 1503 convaluit
1782 1475 1835 1502 im-

1046 1526 1169 1556 perator.

1084 1610 1168 1638 XXII.
1185 1610 1262 1644 Quis,
1274 1618 1336 1645 quae
1346 1615 1439 1646 postea
1451 1614 1597 1638 consecuta
1615 1613 1690 1643 sunt,
1703 1610 1835 1642 narrabit,

1048 1664 1144 1684 eorum
1155 1657 1202 1692 qui
1219 1657 1343 1690 aderant,
1365 1661 1393 1684 ct
1406 1657 1492 1691 ipsius
1508 1655 1683 1691 imperatoris
1701 1655 1836 1688 latitiam,

1049 1702 1279 1737 quemadmodum
1296 1706 1352 1729 toto
1363 1702 1408 1729 die
1426 1701 1527 1729 festum
1543 1701 1671 1736 agebant,
1686 1705 1714 1728 et
1740 1707 1838 1735 propc-

1049 1748 1160 1776 modum
1176 1749 1352 1779 exsiliebant.
1368 1753 1397 1775 et
1412 1756 1501 1782 neque
1517 1755 1547 1775 se
1561 1755 1616 1782 prae
1630 1747 1730 1782 gaudio
1759 1751 1837 1781 pote-

1050 1799 1111 1822 rant
1124 1794 1287 1821 continere?
1303 1794 1385 1820 Solus
1415 1792 1546 1827 Spiridon
1559 1796 1618 1819 erat
1636 1792 1664 1819 in
1676 1792 1761 1819 labris
1777 1799 1838 1818 om-

1048 1841 1137 1871 nium,
1156 1839 1343 1874 aspiciebatur
1357 1838 1487 1874 Spiridon
1501 1846 1508 1870 ;
1526 1843 1585 1865 erat
1595 1838 1634 1870 id,
1647 1837 1721 1872 quod
1745 1837 1837 1864 studio

1048 1891 1110 1914 erat
1126 1887 1267 1913 omnibus.
1284 1885 1444 1920 Imperatori
1459 1885 1552 1919 itaque
1566 1884 1617 1911 l'uit
1632 1883 1745 1918 quidem
1771 1891 1835 1911 cor-

1049 1940 1100 1967 pus
1120 1932 1277 1958 restitutum
1293 1931 1402 1957 sanitati
1415 1939 1423 1964 ;
1435 1935 1466 1958 ut
1482 1935 1574 1958 autem
1590 1938 1655 1958 sana
1674 1934 1748 1957 esset
1775 1931 1836 1965 ejus
1852 1924 1859 1931 ”

1049 1976 1289 2011 anima,numquid
1302 1981 1332 2002 ut
1341 1984 1455 2010 parvum
1465 1980 1492 2003 et
1506 1984 1521 2003 a
1539 1976 1646 2003 medico
1659 1980 1838 2003 contemnen-

1049 2023 1125 2053 dum,
1145 2022 1196 2048 fuit
1206 2022 1384 2056 despectum?
1397 2021 1540 2054 Quomodo
1550 2029 1613 2048 vero
1625 2021 1677 2048 hoc
1689 2021 1785 2048 fuisset
1796 2021 1840 2047 di-

1049 2076 1132 2104 gnum
1143 2073 1315 2095 sacrosancta
1329 2068 1374 2095 illa
1391 2068 1480 2094 auima
1489 2068 1500 2094 ἰ
1509 2067 1561 2095 Sed
1571 2067 1596 2094 ei
1606 2075 1715 2102 quoque
1726 2067 1841 2095 omnino

1050 2114 1219 2142 conveniens
1237 2114 1365 2140 adhibuit
1392 2114 1637 2145 medicamentum,
1651 2117 1682 2139 ut
1704 2113 1751 2147 qui
1778 2120 1840 2139 sua-

1050 2161 1118 2188 serit
1133 2160 1257 2195 quidem,
1271 2165 1300 2187 ut
1317 2159 1491 2187 meminisset
1505 2159 1551 2186 Dei
1586 2159 1714 2186 beneﬁcii
1728 2168 1734 2189 ;
1752 2159 1780 2186 in
1792 2166 1842 2186 eos

1052 2213 1154 2239 autem,
1171 2207 1218 2242 qui
1236 2208 1296 2242 ejus
1312 2207 1444 2242 parebant
1470 2207 1585 2241 imperio
1601 2207 1636 2234 iis
1654 2206 1764 2241 quidem
1792 2206 1840 2240 qui

216 2256 303 2287 ἄλλως
319 2254 428 2290 ἔχουσιν
449 2253 625 2288 εὐεργετικὸν
649 2253 695 2279 καὶ
721 2253 882 2288 φιλόδωρον,
899 2253 954 2283 τοῖς
971 2253 995 2279 δί

1055 2254 1242 2285 ol‘l'endebaut.
1260 2257 1289 2281 et
1304 2254 1422 2288 aliquam
1439 2254 1589 2280 attulerant
1611 2253 1774 2285 molestiam,
1785 2252 1840 2279 cle-

215 2302 263 2327 καὶ
290 2301 345 2327 τῶν
373 2299 531 2334 ἀναγκαίων
558 2299 754 2334 ὲετιρημένοις
781 2300 884 2334 πατρὸς
910 2299 1002 2330 αὐτοῖς

215 2347 262 2372 καὶ
275 2346 424 2380 κηδεμόνος
438 2345 515 2378 τάξιν
539 2343 765 2378 ἀποπληροῦντα,
783 2344 831 2369 καὶ
847 2343 926 2377 χεῖρα
941 2343 1003 2369 τού-

216 2400 272 2422 τοις
300 2393 346 2417 καὶ
379 2390 522 2425 σπλάγχνα
551 2389 796 2424 φιλανθρωπότατα
819 2388 1001 2421 διανοίγοντα.

218 2438 292 2472 Ὀσῳ
316 2437 370 2472 γὰρ
391 2436 447 2462 τῶν
466 2435 554 2462 ἄλλων
581 2434 732 2469 διαφέρεις,
756 2435 850 2468 φησὶν,
876 2433 1003 2460 τοςοῦτον

217 2481 289 2509 εἷναί
306 2490 336 2508 σε
357 2482 410 2516 χρὴ
424 2481 472 2507 καὶ
489 2481 539 2516 τὴν
553 2480 653 2516 ἀρετὴν
670 2480 848 2515 ὑψηλότερον.
865 2479 942 2505 Ἐπεὶ
955 2480 1002 2505 τδν

220 2529 259 2564 μὴ
273 2528 344 2554 οὓτω
358 2526 426 2562 πρὸς
444 2527 506 2558 τοὺς
527 2526 700 2561 ὑποχειρίους
711 2526 884 2560 διακείμενον
901 2524 1001 2559 τύραν-

220 2582 265 2600 νον
278 2572 379 2607 μᾶλλον
400 2571 416 2607 ἢ
447 2571 561 2606 βασιλέα
585 2572 676 2598 καλεῖν
696 2571 746 2604 δεῖ,
768 2571 799 2597 οὐ
814 2569 1004 2605 τῆςρξουσίας

221 2618 456 2655 μακαριζόμενον,
480 2617 548 2644 ἀλλὰ
586 2618 635 2652 τῆς
666 2616 817 2652 ὑπεροψίας
852 2615 945 2644 ἄθλιόν
973 2623 1004 2649 γε

219 2665 382 2700 κρινόμενον
399 2663 446 2690 καὶ
466 2663 642 2698 μισούμενον.
660 2662 722 2688 Ἐπὶ
740 2663 809 2689 πᾶσι
827 2661 862 2688 τὰ
877 2662 943 2697 περὶ
953 2662 1002 2695 τὴν

221 2712 362 2738 εὐσέϐειαν
381 2711 502 2746 ἀκριϐῶς
517 2710 589 2746 ἔχειν
603 2709 732 2745 παρῄνει,
755 2711 802 2736 καὶ
819 2709 904 2745 μηδὲν
935 2709 948 2735 ὃ
964 2709 1003 2743 μὴ

220 2759 295 2785 δοκεῖ
309 2758 342 2793 τῇ
358 2757 405 2785 τοῦ
428 2758 497 2785 Θεοῦ
516 2757 664 2792 Ἐκκλησία
684 2756 751 2791 μηδὲ
775 2756 861 2791 βραχὺ
888 2757 1006 2791 παραδέ-

221 2804 325 2838 κεσθαι.
341 2805 398 2831 Καὶ
412 2803 497 2832 ταῦτα
515 2803 565 2840 μὲν
577 2805 590 2830 ό
609 2803 706 2838 μέγας.

1054 2305 1175 2327 mentem
1202 2308 1231 2328 se
1260 2301 1396 2335 praeberet
1416 2299 1682 2331 etmisericordem;
1703 2299 1737 2326 iis
1763 2306 1840 2330 vero,

1055 2347 1103 2381 qui
1116 2354 1196 2373 secus
1223 2353 1252 2373 se
1276 2349 1428 2380 gesserant,
1451 2345 1600 2379 benignum
1626 2348 1653 2371 ct
1679 2343 1840 2374 liberalem;

1056 2393 1090 2420 iis
1103 2397 1208 2422 autem,
1223 2393 1270 2426 qui
1285 2391 1385 2426 privati
1398 2396 1477 2418 erant
1489 2390 1572 2417 rebus
1598 2389 1772 2420 necessariis,
1793 2396 1842 2423 pa-

1059 2439 1108 2466 tris
1119 2443 1148 2466 et
1166 2438 1302 2466 curatoris
1322 2446 1421 2465 munus
1440 2438 1599 2467 obeuntem.
1616 2443 1783 2470 manumque
1813 2438 1843 2462 et

1057 2484 1163 2511 viscera
1192 2484 1225 2511 iis
1254 2483 1451 2518 benignissime
1491 2481 1839 2517 aperietiteszuantum

1056 2529 1140 2560 enim,
1169 2528 1271 2562 inquit,
1304 2532 1417 2563 praestas
1449 2528 1566 2560 caeteris,
1597 2532 1700 2554 tantum
1725 2531 1751 2553 te
1782 2533 1843 2554 esse

1055 2579 1166 2609 oportet
1179 2575 1281 2602 virtute
1293 2574 1482 2602 excelsiorem.
1501 2574 1552 2607 Qui
1573 2573 1647 2601 enim
1675 2580 1729 2599 nou
1746 2572 1786 2599 sic
1801 2577 1844 2599 est

1057 2621 1174 2649 all‘ectus
1188 2621 1215 2648 in
1232 2620 1384 2656 subjectos,
1403 2625 1550 2656 tyrannum
1578 2623 1689 2653 oportet
1701 2625 1764 2646 eum
1794 2625 1844 2652 po-

1055 2667 1108 2694 tius
1123 2674 1233 2699 vocare,
1251 2674 1333 2701 quam
1348 2666 1549 2700 imperatorem
1562 2673 1569 2697 ;
1589 2664 1636 2699 qui
1649 2671 1705 2691 non
1720 2668 1762 2690 est
1776 2671 1843 2691 ceu-

1057 2713 1160 2740 sendus
1172 2713 1272 2740 beatus
1284 2716 1397 2747 propter
1411 2715 1585 2746 potestatem,
1605 2710 1653 2737 sed
1667 2711 1714 2745 qut
1744 2716 1842 2737 cense-

1062 2763 1106 2786 tur
1125 2759 1208 2786 miser
1241 2763 1268 2786 et
1285 2759 1349 2786 odio
1385 2757 1503 2784 habetur
1537 2760 1649 2791 propter
1684 2755 1840 2790 superbiant

1060 2807 1201 2834 Postremo
1222 2807 1385 2834 adhortatus
1407 2810 1460 2838 est,
1485 2809 1516 2832 ut
1529 2808 1655 2832 accurate
1683 2806 1789 2831 teneret
1810 2806 1838 2829 et

221 2854 381 2881 observaret
413 2858 445 2878 ca
476 2858 537 2886 quae
560 2849 742 2885 pertinentad
771 2849 910 2884 pietatem,
941 2855 968 2877 et
992 2860 1024 2881 ne
1041 2853 1174 2881 tantillum
1191 2853 1300 2889 quidem
1316 2852 1487 2885 admitteret,
1501 2851 1574 2883 quod
1601 2858 1655 2879 non
1673 2849 1719 2878 Dei
1744 2849 1848 2885 proba-

223 2907 295 2930 retur
308 2898 446 2928 Ecclesiae.
475 2899 508 2928 Et
523 2899 582 2928 lucc
597 2899 707 2934 quidem
733 2907 857 2934 magnus.
