2086 3153
259 172 311 203 443

870 167 1013 199 MENSIS
1035 165 1254 196 DECEMBER.

1829 157 1881 189 ΔΗ

294 225 388 254 XXlll.
410 226 560 260 Imperator
573 229 664 253 autem
680 225 772 253 volens
790 231 853 252 eum
868 222 1040 251 remunerari

1130 219 1193 247 Kl".
1214 219 1244 246 '0
1261 219 1289 246 at
1309 217 1448 252 βασιλεὺς,
1480 216 1642 252 ἀμείϐεσθαι
1665 215 1760 242 τοῦτον
1773 214 1820 248 τῆς
1838 214 1883 241 θι-

260 278 371 307 propter
385 277 524 306 acceptam
542 271 576 298 ab
590 279 623 299 eo
641 272 822 302 curationem,
837 270 920 298 dabat
949 270 973 296 ei
989 269 1042 296 vim

259 319 317 345 auri
333 317 573 345 innumerabilem.
588 317 636 345 Ille
651 325 716 345 vero
729 317 754 344 ei
771 317 840 343 dixit
856 315 966 350 lepide:
983 315 1043 342 Non

259 364 298 391 sic
318 362 475 398 oportebat,
496 370 512 389 ο
531 363 692 396 imperator.
710 362 773 389 odio
788 360 956 389 remunerari
974 360 1043 387 ami-

259 411 362 438 citiam.
375 409 440 441 Qua:
454 409 526 435 enim
541 417 555 435 a
573 416 614 435 me
631 413 743 442 propter
757 412 782 434 te
801 407 869 435 facta
886 411 960 439 sunt,
982 410 1045 434 sunt

260 463 355 483 revera
366 456 494 485 amantis.
507 454 617 481 deruunt
630 454 794 488 relinquere.
809 458 836 480 et
847 457 951 480 tantutn
962 453 1046 479 maris

262 502 464 532 transmittere,
486 505 513 527 ct
527 501 627 527 hiemis
641 499 711 527 ferre
727 500 925 531 difficultatem,
941 503 969 526 et
981 507 1046 526 ven-

263 551 354 573 turum
373 547 399 573 in
425 546 719 580 aqua-immanitatem.
739 546 791 572 Pro
811 546 910 572 horum
924 552 989 579 ergo
1004 552 1047 572 re-

261 593 453 618 muneratione
472 599 570 617 aurum
586 591 728 625 accipiant.
740 591 813 624 quod
827 597 868 618 est
880 591 969 618 omnis
983 590 1047 617 mali

260 643 354 666 causa.
370 640 397 662 et
412 635 491 662 facile
510 635 602 669 perdit
634 636 766 670 quidquid
781 641 823 663 est
834 636 960 670 justum?
973 635 1048 668 Quo-

262 681 342 708 modo
358 689 410 707 non
438 680 574 715 meipsum
591 686 685 715 aperte
701 689 870 712 accusarem,
896 686 923 709 et
936 689 1048 708 summa:

261 726 419 754 damnarem
445 726 652 760 improbitatis?
677 725 740 754 Haec
765 727 811 753 illo
828 727 946 757 dicente.
971 732 999 754 et
1019 734 1048 754 se

261 772 329 800 nihil
348 777 528 806 accepturum
555 771 717 803 affirmante,
744 772 904 803 violentius,
930 771 1049 798 instabat

260 819 420 853 imperator,
438 822 467 844 ut
482 818 572 850 daret,
589 818 711 845 dedecus
728 817 931 852 quodammodo
954 818 1049 845 existi—

261 871 348 893 mans,
360 867 389 889 ut
402 864 448 897 qui
459 862 593 889 beneficio
602 867 673 890 esset
685 863 809 894 affectus,
822 863 984 889 beneﬁcium
995 870 1048 890 non

260 913 488 936 remuneraretur
502 916 509 934 :
539 907 585 935 sed
604 907 717 941 expulso
731 907 826 934 morbo
839 908 972 942 corporis,
992 908 1048 934 vin-

260 960 370 981 ceretur
389 954 417 981 in
439 954 524 980 animi
542 954 691 988 probitate.
716 954 849 987 Quocirca
869 954 954 988 magis
968 954 1052 980 insta-

261 1001 318 1028 bat.
335 1005 364 1027 ut
379 1001 504 1027 vinceret
517 1001 557 1027 sic
570 999 685 1027 affectus
697 1007 770 1032 eum,
784 1000 829 1034 qui
846 1000 916 1026 vinei
934 1008 987 1026 nun
1004 1007 1052 1035 po-

261 1050 342 1085 terat.
365 1045 398 1073 Et
419 1045 567 1080 persuadet
583 1045 695 1080 quidem
712 1045 770 1076 lilii,
792 1050 821 1072 ut
838 1045 976 1079 accipiat,
995 1053 1050 1072 non

261 1100 363 1125 autent,
389 1098 419 1120 ut
441 1093 513 1128 quod
531 1093 624 1120 datum
651 1093 741 1121 fuerat
758 1093 828 1128 apud
847 1101 910 1120 cum
932 1099 1048 1121 maneat.

259 1140 329 1168 Cum
348 1140 421 1167 enim
442 1141 531 1168 valere
543 1139 670 1172 jnssisset
686 1140 892 1174 imperatorem,
908 1139 1050 1167 d?Sll'lbllil

260 1186 350 1212 otnnizi
369 1186 402 1212 iis
418 1186 463 1220 qui
479 1185 597 1212 erantin
616 1185 689 1220 regia
706 1193 713 1212 :
735 1185 823 1218 reipsa
842 1185 956 1218 docens,
972 1193 1044 1219 quo-

260 1231 342 1258 modo
356 1236 482 1265 oporteat
507 1238 556 1258 eos
572 1230 685 1258 allectos
708 1238 768 1258 esse
785 1231 817 1257 ad
842 1238 908 1264 opes
923 1235 950 1257 et
968 1238 1050 1264 pecu-

261 1276 332 1307 nias,
349 1275 372 1302 si
388 1276 472 1302 velint
487 1282 545 1301 esse
561 1274 652 1301 liberi.
671 1274 765 1308 Magna
776 1275 850 1300 enim
867 1273 901 1300 ad
915 1281 962 1299 eas
981 1280 1050 1306 pro-

261 1321 370 1357 prnsio,
392 1325 421 1347 et
446 1320 528 1347 nimis
549 1320 650 1346 victum
671 1327 733 1346 esse
760 1318 794 1345 ab
819 1326 915 1345 earum
942 1325 1050 1352 posses-

260 1367 350 1397 sione.
367 1366 432 1401 quid
444 1371 486 1392 est
508 1371 603 1400 aperte
619 1365 704 1397 aliud,
722 1373 804 1400 quam
824 1364 975 1392 voluntaria
992 1372 1051 1391 ser-

259 1413 355 1440 vitus?
371 1413 428 1439 Hoc
442 1420 504 1439 eum
529 1412 661 1439 audiissel
681 1411 841 1446 imperator,
861 1411 931 1438 dixit
950 1419 978 1438 sc
995 1418 1049 1437 non

261 1459 379 1493 amplius
394 1458 496 1488 mirari.
514 1459 535 1485 si
551 1458 597 1485 hic
611 1457 661 1491 vir,
675 1459 722 1493 qui
735 1458 771 1485 ita
785 1457 862 1489 vivit,
883 1461 936 1484 tam
953 1464 1050 1491 magna

261 1504 344 1531 faciat
360 1503 499 1530 miracula.
532 1503 649 1530 Tantum
666 1503 757 1538 itaque
786 1503 906 1530 fructum
927 1502 1050 1537 percepit

261 1549 413 1583 imperator
428 1555 461 1575 ex
476 1548 570 1575 verbis
583 1547 738 1582 Spiridonis
749 1567 756 1580 ,
774 1555 861 1582 usque
874 1547 943 1574 adeo
956 1551 984 1574 ct
1000 1547 1048 1574 be-

261 1593 422 1628 nignitatem
447 1593 552 1627 aspexit
578 1597 605 1620 et
629 1592 839 1625 humanitatem,
866 1597 895 1619 ut
919 1591 1048 1619 omnibus

261 1638 373 1674 quidem
401 1638 557 1673 egentibus,
584 1642 612 1665 et
639 1638 740 1669 viduis,
767 1643 795 1664 et
823 1637 967 1672 orphanis,
994 1636 1048 1663 illis

260 1684 371 1719 quidem
386 1683 560 1714 viduitatem.
576 1683 618 1711 his
635 1691 701 1710 vero
723 1683 881 1714 orbitatem,
899 1683 941 1710 his
957 1686 1048 1708 autent

261 1729 345 1756 etiam
367 1729 499 1762 inopiatn,
520 1737 618 1763 magno
630 1733 658 1755 et
673 1729 780 1756 excelso
797 1728 890 1755 animo
911 1733 1050 1755 recrearet

260 1779 289 1801 et
304 1778 482 1800 sustentaret.
501 1774 587 1800 Porro
607 1778 699 1800 autem
715 1773 846 1800 omnibus
863 1781 974 1807 quoque
1003 1773 1048 1807 qui

263 1824 328 1846 sunt
353 1821 470 1853 partium
485 1819 750 1852 ecclesiasticarum,
777 1819 980 1850 sacerdotibus,
1009 1819 1051 1845 in-

262 1873 356 1900 qnam,
376 1869 404 1899 et
427 1865 560 1898 diaconis,
582 1865 687 1899 primus
702 1865 762 1900 lege
779 1864 903 1892 decernit
922 1864 1050 1891 immuni.

262 1916 346 1939 tatem
360 1921 367 1938 :
380 1911 531 1938 absurdum
546 1919 605 1939 esse
626 1912 765 1946 judicans,
791 1919 840 1938 eos
850 1911 897 1946 qui
916 1910 982 1946 Regi
998 1910 1050 1937 im-

263 1957 371 1984 mortali
400 1957 527 1985 attributi
548 1961 612 1984 sunt
629 1957 661 1984 ad
681 1957 876 1990 ministerium,
903 1958 959 1993 regi
976 1965 1050 1984 mor-

263 2003 309 2030 tali
327 2003 435 2030 solvere
450 2003 603 2038 vectigalia.
626 2003 660 2030 Et
675 2003 733 2030 haec
743 2003 858 2037 quidem
871 2004 908 2031 ita
921 2011 950 2031 se
965 2004 1050 2032 habe-

263 2049 341 2076 bant.

295 2094 389 2122 XXIV.
412 2093 476 2121 Vult
500 2099 592 2122 autem
606 2095 695 2123 oratio
718 2096 801 2123 etiam
821 2096 938 2123 aliorum
956 2098 1050 2125 memi'

262 2141 337 2168 nissa
356 2141 562 2173 miraculorum,
577 2149 636 2176 quas
651 2146 715 2168 sunt
732 2145 826 2168 ornata
841 2142 902 2169 lazto
916 2142 982 2168 flore
992 2151 1051 2177 gra-

261 2186 468 2220 tiarum,etcum
476 2187 592 2214 utilitate
599 2195 722 2222 magnam
730 2188 1050 2222 spirantjucunditaletn.

1100 265 1217 300 ραπείας
1244 264 1417 301 βουλόμενοῖ,
1436 263 1539 298 χρυσοῦ
1553 272 1577 289 τι
1593 261 1688 298 χρῆμα
1715 260 1765 288 οὐκ
1790 260 1883 295 εὐαρίο

1098 311 1202 345 θμητον
1236 311 1370 342 ἐπεδίδου,
1405 310 1450 337 τὸν
1475 309 1503 336 δὲ
1524 308 1672 344 χαριέντως
1693 308 1782 334 εἰπεῖν
1816 307 1884 342 πρὸς

1100 357 1181 385 αὐτόν
1192 365 1199 372 “
1223 356 1288 392 οὐχ*
1303 356 1389 388 οὕτως
1414 356 1478 388 ἔδει,
1498 351 1520 381 ὦ
1537 353 1658 390 βασιλεῦ,
1685 354 1759 388 μίσει
1774 353 1823 386 τὴν
1839 361 1883 386 φι-

1099 403 1162 429 λίαν
1176 402 1355 438 ἁμίὸεσθαι·
1379 402 1395 428 ἂ
1412 401 1461 436 μὲν
1474 401 1527 436 γὰρ
1543 401 1604 435 ἐμοὶ
1618 399 1773 436 πέπρακται
1785 400 1830 425 διὰ
1844 399 1887 431 σὲ,

1098 449 1238 483 φιλοῦντός
1256 450 1329 475 ἐστιν
1342 448 1481 482 ἀτεχνῶς,
1505 448 1535 473 τι
1551 455 1580 473 τε
1610 447 1658 481 τὴν
1671 447 1761 473 οίχίαν
1789 446 1885 473 ἀπολι-

1100 497 1172 528 πεῖν,
1185 496 1232 522 καὶ
1248 495 1376 522 τοσοῦτον
1391 494 1554 520 διαπλεῦσαι
1570 493 1688 526 πέλαγος
1705 492 1842 527 χειμῶνός
1856 500 1886 519 τι

1099 542 1260 575 ὑπενεγκεῖν
1285 541 1470 576 χαλεπότητα,
1503 541 1551 566 καὶ
1582 539 1690 573 ἀνέμων
1726 540 1756 565 ὲν
1788 538 1887 565 ὕδασιν

1101 588 1263 622 ἀγριότητα.
1301 586 1410 613 Τούτων
1431 583 1477 612 οὖν
1508 585 1563 619 ἐγὼ
1578 585 1677 620 χρυσὸν
1695 586 1735 615 είς
1767 583 1887 619 ἀμοιδὴν

1102 634 1304 669 παραδέξομαι,
1329 633 1375 659 τὸν
1399 631 1485 659 κακοῦ
1504 631 1604 662 παντὸς
1621 631 1721 662 αἴτιον,
1747 630 1795 656 καὶ
1814 629 1888 657 ἅπαν

1103 680 1207 705 δίκαιον
1235 678 1356 714 εὐχερῶς
1371 677 1590 712 λυμαινόμενον;
1620 677 1676 702 Καὶ
1701 676 1760 708 πῶς
1775 676 1825 702 οὐκ
1848 675 1882 702 ἂν

1103 724 1163 759 εἴην
1179 724 1301 759 ἐμαυτοῦ
1318 724 1461 758 προδήλως
1482 722 1655 757 κατηγορῶν,
1672 722 1719 748 καὶ
1733 721 1889 757 μοχθηρίαν

1104 771 1178 805 σαφῆ
1206 770 1483 804 καταψηφιζόμενος
1509 768 1602 795 Ταῦτα
1624 768 1729 794 ἐκείνου
1761 767 1887 802 λέγοντος

1104 817 1152 842 καὶ
1181 817 1274 842 λαῆείν
1302 815 1379 842 οὐδὲν
1407 815 1620 848 διατεινομένου,
1652 814 1666 840 ὁ
1692 813 1821 848 βασιλεὺς
1846 813 1889 839 ἔτι

1105 863 1205 897 μᾶλλον
1222 862 1290 896 πρὸς
1317 862 1348 888 τὸ
1368 861 1459 888 δοῦναι
1480 860 1629 888 καθίστατο
1649 860 1812 895 βιαιότερος,
1844 860 1888 886 alo

1069 904 1089 931 Β
1108 909 1210 943 σχὺνην
1225 908 1321 943 ὥσπερ
1338 907 1491 942 ἡγούμενος
1508 907 1538 933 τὸ
1555 906 1584 932 εὖ
1604 906 1725 932 παθόντα
1745 905 1783 940 μὴ
1804 906 1888 932 ἀντα-

1106 953 1315 988 μείψασθαιτὴν
1334 952 1506 988 εὐεργεσίαν,
1521 952 1589 979 ἀλλα
1609 952 1686 978 νόσον
1718 951 1889 978 ἀποϐαλόντα

1104 999 1240 1034 σώματος,
1257 1000 1297 1030 είς
1310 999 1513 1032 καλοκαγαθίαν
1527 998 1616 1033 ψυχῆς
1631 998 1792 1032 ἡττηθῆναι.
1807 998 1889 1024 Ὅθεν

1103 1046 1149 1072 καὶ
1163 1046 1265 1080 μᾶλλον
1281 1045 1444 1080 προσέκειτο
1456 1044 1565 1079 νικῆσαί
1582 1053 1639 1076 πως
1654 1043 1724 1070 οὕτω
1736 1044 1822 1071 δοκῶν
1842 1044 1889 1070 τὸν

1103 1092 1249 1126 ἀήττητον.
1276 1091 1331 1118 Καὶ
1347 1090 1439 1117 πείθει
1467 1090 1517 1124 μὲν
1538 1091 1643 1116 ἐκεῖνον
1656 1089 1758 1120 λαϐεῖν.
1786 1089 1816 1115 οὺ
1835 1089 1890 1124 μὴν

1103 1137 1173 1163 ὥστε
1202 1137 1248 1163 καὶ
1273 1137 1364 1171 μεῖναι
1383 1136 1449 1170 παρ’
1466 1135 1540 1170 αὐτῷ
1555 1135 1585 1162 τδ
1607 1135 1694 1161 δοθέν.
1716 1135 1759 1167 Ὠς
1775 1136 1830 1171 γὰρ
1851 1136 1890 1170 τῷ

1106 1183 1214 1218 βασιλεῖ
1243 1183 1448 1217 συνταξάμενος
1478 1181 1603 1217 ἐπανῄει,
1634 1182 1708 1209 ἅπαν
1735 1181 1802 1208 αὐτὸ
1831 1182 1890 1213 τοῖς

1103 1229 1215 1262 περὶτὰ
1233 1227 1359 1262 βασίλεια
1386 1227 1523 1262 διανέμει,
1545 1227 1619 1262 ἔργῳ
1637 1227 1782 1260 διδάσκων,
1815 1227 1890 1258 ὅπως

1105 1274 1158 1309 χρὴ
1189 1275 1237 1300 καὶ
1264 1275 1361 1305 αὐτοὺς
1390 1274 1459 1308 πρὸς
1488 1274 1604 1301 πλοῦτον
1619 1274 1666 1301 καὶ
1682 1274 1813 1309 χρήματα
1830 1274 1890 1300 δια-

1103 1321 1221 1352 κεῖσθαι,
1249 1320 1330 1354 εἴπερ
1365 1319 1417 1354 ἄρα
1437 1319 1466 1346 τὸ
1497 1319 1657 1355 ἐλευθέρους
1689 1320 1789 1351 αὐτοὺς
1818 1316 1890 1346 εἶναι

1104 1365 1280 1400 βουλομένοις
1293 1365 1380 1392 ἐστίν.
1403 1365 1435 1391 Ἦ
1450 1365 1505 1400 γὰρ
1522 1365 1607 1400 πολλὴ
1629 1365 1698 1401 προς
1714 1366 1803 1392 ταῦτα
1818 1366 1890 1400 ῥοπὴ

1103 1411 1149 1437 καὶ
1167 1410 1198 1436 τὺ
1212 1410 1272 1436 λίαν
1285 1410 1418 1445 ἡττᾶσθαι
1434 1410 1483 1444 τῆς
1503 1411 1592 1437 αὐτῶν
1611 1412 1735 1446 κτήσεως
1747 1431 1755 1443 ,
1778 1411 1804 1438 τί
1831 1412 1890 1438 ἓτε-

1105 1465 1150 1490 ρον
1167 1455 1183 1491 ἢ
1199 1455 1287 1491 σαφὴς
1316 1456 1503 1490 ἐθολοδουλία;
1531 1457 1617 1484 Τοῦτο
1642 1457 1690 1484 καὶ
1715 1458 1760 1483 τὴν
1776 1457 1890 1492 βασιλέα

1104 1502 1229 1538 μαθόντα
1245 1502 1346 1538 μηκέτι
1370 1503 1519 1538 θαυμάζειν
1531 1504 1628 1535 εἰπεῖν,
1646 1504 1670 1529 εὶ
1698 1502 1767 1538 ἀνὴρ
1797 1500 1886 1535 οὗτος,

1102 1549 1173 1575 οὕτω
1192 1549 1279 1584 βιοὺς,
1296 1551 1342 1576 καὶ
1361 1549 1509 1584 θαυμάτων
1528 1549 1600 1576 οὕτω
1617 1550 1742 1584 μεγάλων
1771 1550 1888 1584 αὐτουρ-

1100 1596 1146 1629 γὸς
1159 1595 1309 1624 δείκνυται.
1329 1595 1465 1623 Τοσοῦτον
1488 1594 1534 1623 οὖν
1558 1596 1689 1623 ἀπώνατο
1711 1596 1767 1622 τῶν
1781 1595 1886 1630 Σπυρί-

1099 1641 1181 1672 δωνος
1196 1642 1283 1675 λόγων
1306 1641 1320 1668 ὁ
1337 1641 1483 1676 βασιλεύς,
1517 1641 1564 1668 καὶ
1587 1641 1656 1675 πρὸς
1681 1641 1888 1676 φιλανθρωπίαν

1100 1686 1199 1721 ἔϐλεψε
1214 1687 1262 1714 καὶ
1277 1687 1465 1722 χρηστότητα.
1492 1686 1564 1713 ὥστε
1583 1686 1721 1722 δεομένοις
1739 1688 1817 1718 πᾶσι,
1840 1688 1888 1713 καὶ

1100 1734 1210 1767 χήραις,
1228 1733 1276 1759 καὶ
1292 1733 1432 1766 ὀρφανοῖς,
1445 1733 1506 1764 ταῖς
1523 1733 1572 1766 μὲν
1586 1733 1634 1768 τὴν
1645 1733 1769 1767 χηρείαν,
1785 1734 1840 1764 τοῖς
1859 1733 1888 1760 δὲ

1102 1779 1150 1813 τὴν
1167 1778 1313 1812 ὀρφανίαν,
1327 1779 1381 1810 τοῖς
1393 1778 1421 1804 δὲ
1440 1778 1487 1804 καὶ
1512 1777 1561 1812 τὴν
1574 1778 1703 1812 ἀπορίαν,
1732 1778 1889 1812 μεγαλοψύ-

1108 1833 1163 1858 χως
1179 1824 1443 1859 παραμυθήσασθαι.
1459 1824 1514 1850 Kal.
1527 1825 1592 1850 πᾶσι
1614 1824 1642 1850 δὲ
1656 1825 1712 1855 τοῖς
1727 1824 1776 1858 τῆς
1793 1825 1889 1859 ἔκκλη-

1102 1870 1246 1904 σιαστικῆς
1261 1869 1379 1904 μερίδος,
1394 1869 1496 1904 ίερεῦσὶ
1513 1877 1542 1895 τε
1555 1869 1602 1896 καὶ
1621 1870 1683 1896 ὅσον
1698 1870 1727 1896 ὲν
1742 1869 1888 1903 διακόνιις,

1102 1916 1209 1950 πρῶτος
1225 1913 1304 1946 οὗτος
1319 1915 1461 1949 νομοθετεῖ
1473 1915 1523 1949 τὴν
1539 1915 1675 1948 ἀτέλειαν,
1703 1915 1802 1942 ἄτοπον
1819 1913 1870 1942 εἴν.
1881 1925 1890 1942 ι

1102 1961 1198 1995 κρίνας
1220 1961 1283 1992 τοὺς
1298 1961 1424 1996 ἀθανάτῳ
1445 1961 1554 1988 Βασιλεῖ
1573 1961 1640 1996 πρὸς
1663 1962 1816 1997 ὑπηρεσίαν
1840 1970 1887 1988 κε-

1101 2006 1295 2042 κληρωμένους
1312 2007 1412 2042 θνητῷ,
1429 2007 1528 2041 φόρους
1540 2007 1727 2034 κατατιθέναι.
1737 2007 1791 2035 Καὶ
1801 2008 1888 2034 ταῦτα

1103 2053 1152 2088 μὲν
1169 2053 1256 2084 οὕτως
1271 2053 1364 2088 ἔσχεν.

1138 2097 1202 2125 ΚΔ’.
1221 2099 1250 2125 'U
1266 2099 1294 2125 δὲ
1311 2099 1389 2133 λόγος
1405 2099 1528 2133 βούλεται
1544 2102 1592 2127 καὶ
1606 2101 1695 2128 ἄλλων
1714 2101 1889 2136 ἐπιμνησθῆ-

1102 2153 1146 2170 ναι
1159 2144 1320 2177 θαυμάτων,
1337 2145 1442 2180 φαιδρῷ
1454 2145 1492 2180 τῷ
1502 2145 1555 2172 τῶν
1569 2147 1689 2181 χαρίτων
1709 2147 1785 2174 ἄνθει
1806 2155 1889 2174 κεκο-

1104 2191 1263 2225 σμημένων,
1284 2190 1331 2217 καὶ
1349 2191 1448 2225 πολλῆς
1466 2193 1603 2220 πνεόντων
1623 2193 1692 2228 μετὰ
1712 2193 1759 2220 τοῦ
1786 2192 1886 2226 ὠφελί-

261 2233 280 2259 Ε
302 2233 373 2267 regia
388 2238 497 2260 sanctus
509 2233 663 2268 egrediens,
675 2234 793 2267 hospitio
805 2233 943 2267 excipitur
954 2242 968 2260 a
981 2242 1048 2269 quo-

1107 2245 1158 2270 μου
1176 2237 1222 2262 καὶ
1237 2237 1343 2270 ήδοιῆς.
1364 2237 1458 2269 Ἐξιὼν
1468 2239 1522 2274 γὰρ
1536 2238 1589 2265 τῶν
1607 2239 1752 2274 βασιλείων
1768 2239 1781 2265 ὁ
1799 2239 1887 2273 ἆγιοε,

259 2278 321 2305 dam
338 2278 438 2306 Christi
454 2285 574 2306 amante.
590 2279 629 2305 Ad
644 2287 708 2306 eum
721 2285 812 2306 autent
829 2280 935 2307 accedit
949 2281 1048 2307 mulier

259 2325 386 2356 barbara,
415 2330 442 2353 ct
466 2326 566 2360 lingua:
594 2326 694 2353 Graeca:
721 2326 858 2361 imperita,
881 2335 941 2362 qua:
968 2335 1048 2354 suum

258 2370 345 2398 lilium
371 2376 509 2399 mortuum
537 2371 629 2398 ferens
644 2371 672 2397 in
689 2372 827 2404 manibus,
855 2381 917 2399 cum
935 2373 1049 2407 deponit

259 2416 293 2442 ad
317 2418 404 2444 sancti
432 2417 535 2451 pedes;
559 2417 626 2450 quin
652 2417 733 2443 etiam
759 2417 816 2451 ipsa
835 2426 945 2453 quoque
964 2427 1048 2453 prona

256 2462 368 2493 cecidit,
386 2462 491 2489 deﬂens
515 2461 722 2492 miserabiliter,
750 2467 777 2489 et
803 2463 837 2489 iis
862 2464 985 2498 quidem,
1001 2464 1048 2498 qui

257 2508 383 2538 aderant,
413 2515 444 2534 ea
474 2506 581 2537 dicens,
610 2514 671 2540 qua:
696 2515 748 2534 non
776 2513 901 2541 poterant
935 2509 1047 2543 intelligi

258 2558 373 2589 propter
387 2552 554 2582 barbariem.
579 2552 644 2578 solis
669 2552 835 2586 loquebatur
857 2554 995 2590 lacrymis,
1012 2556 1049 2581 si-

257 2599 392 2632 gnificans
409 2606 438 2625 se
459 2598 526 2625 flere
543 2603 657 2633 propter
674 2599 772 2630 lilium,
797 2604 824 2626 et
838 2606 932 2634 petere
948 2609 962 2627 a
980 2608 1048 2635 pon—

259 2645 344 2676 tifice,
360 2649 390 2672 ut
411 2652 474 2670 eum
499 2645 656 2671 suscitaret.
678 2644 727 2671 His
752 2645 888 2680 frangitur
905 2646 946 2672 vir
963 2647 1046 2673 animi

259 2690 458 2721 misericordis,
476 2695 504 2717 et
521 2690 628 2718 duabus
650 2691 743 2723 rebus,
768 2691 954 2719 moderatione
971 2693 1048 2720 scili-

259 2741 314 2768 cet,
328 2741 355 2763 et
367 2736 605 2764 commiseratione
619 2737 743 2765 mulieris
753 2737 923 2765 distrahitur.
935 2738 1050 2771 Quando

261 2783 335 2810 enim
351 2783 384 2811 ad
409 2784 469 2819 ejus
489 2784 614 2812 dolorem
629 2788 656 2811 et
670 2784 806 2811 viseerum
829 2783 953 2811 ardorem
978 2785 1049 2819 aspi-

223 2851 225 2853 .
262 2828 362 2862 ciebat,
380 2830 589 2865 aggrediebatur
605 2830 781 2863 miraculum,
798 2834 826 2857 et
839 2830 1004 2857 incitabatur
1016 2830 1048 2857 ad

262 2876 395 2904 orandum
404 2877 505 2910 'Deum,
529 2881 557 2905 ut
570 2885 640 2913 puer
654 2876 843 2905 revivisceret.
857 2876 970 2909 Quando
984 2884 1048 2904 vero

1103 2281 1274 2314 ἐπιξενοῦται
1292 2283 1345 2308 τῶν
1362 2283 1542 2318 φιλοχρίστων
1562 2286 1623 2315 τινὶ,
1645 2286 1770 2319 πρόσεισι
1788 2286 1815 2312 δὲ
1835 2287 1886 2312 αἱ·

1099 2327 1140 2362 τῷ
1153 2328 1221 2362 γυνὴ
1235 2328 1383 2362 βάρϐαρος,
1397 2331 1443 2355 καὶ
1456 2329 1580 2364 γλώσσης
1589 2330 1748 2366 Ἑλληνικῆς
1763 2332 1885 2367 ἀμαθὴς,

1099 2375 1116 2408 ἣ
1130 2375 1175 2400 καὶ
1190 2374 1286 2409 νεκρδν
1304 2376 1405 2410 ἑαυτῆς
1429 2377 1459 2402 τὸ
1474 2376 1580 2402 παιδίον
1597 2378 1624 2402 ὲν
1641 2378 1738 2412 χερσὶν
1752 2379 1886 2414 φέρουσα,

1100 2421 1155 2450 τοῖς
1171 2420 1235 2445 ποσὶ
1249 2419 1328 2446 τοῦτο
1347 2421 1515 2456 παρατίθησι
1531 2422 1577 2448 τοῦ
1593 2422 1671 2455 ἁγίου
1684 2430 1692 2438 '
1716 2425 1763 2449 καὶ
1776 2424 1845 2459 αὐτὴ
1857 2424 1887 2451 δὲ

1101 2466 1160 2500 ἃμα
1176 2467 1446 2501 προσκατεϐἁλὶετο.
1465 2469 1574 2504 οἰκτρόν
1597 2478 1623 2496 τι
1641 2471 1686 2496 καὶ
1700 2471 1796 2506 γοερὸν
1821 2472 1887 2498 ἀνα-

1101 2512 1244 2543 κλαίουσα.
1259 2514 1304 2539 καὶ
1339 2514 1458 2541 ἀσύνετα
1485 2515 1534 2549 μὲν
1551 2517 1607 2547 τοῖς
1630 2517 1759 2551 παροῦσι,
1779 2517 1822 2543 διὰ
1855 2518 1885 2544 τδ

1101 2557 1240 2592 βάρϐαρον
1252 2558 1380 2591 λέγουσα,
1398 2560 1489 2593 μόνοις
1504 2560 1532 2586 δὲ
1548 2562 1603 2592 τοῖς
1619 2561 1736 2594 δάκρυσι
1763 2562 1883 2596 φθεγγο-

1102 2605 1169 2638 μένη
1199 2605 1247 2630 καὶ
1262 2605 1304 2630 ὃτι
1317 2604 1363 2631 τοῦ
1378 2605 1472 2637 παιδὸς
1505 2606 1586 2641 χάριν
1605 2608 1618 2633 ὸ
1647 2607 1755 2642 θρῆνος,
1773 2608 1885 2642 ἔνδηλον

1100 2649 1271 2681 καθιστῶσα,
1287 2650 1333 2676 καὶ
1347 2649 1385 2681 ὡς
1400 2651 1517 2678 αἰτεῖται
1531 2652 1563 2684 δὴ
1578 2653 1653 2687 παρὰ
1668 2653 1715 2679 τοῦ
1731 2654 1885 2688 ἀρχιερέως

1100 2692 1149 2728 τὴν
1167 2693 1329 2722 ἀναϐίωσιν.
1351 2695 1514 2722 Ἐπικλᾶται
1530 2697 1640 2728 τούτοις
1658 2698 1671 2723 ὁ
1691 2698 1887 2731 συμπαθέστα·

1100 2748 1145 2770 τος
1161 2740 1209 2774 τὴν
1223 2740 1324 2775 ψυχὴν,
1354 2742 1400 2767 καὶ
1422 2743 1521 2774 διττοίς
1545 2745 1700 2778 πράγμασι,
1726 2745 1886 2779 μετριότητι

1102 2786 1278 2820 φρονήματος
1294 2786 1396 2822 δηλαδὴ
1409 2789 1456 2814 καὶ
1470 2789 1501 2823 τῇ
1517 2789 1586 2823 πρὸς
1598 2790 1646 2824 τὴν
1666 2791 1783 2823 γυναῖκα
1813 2799 1884 2824 συμ-

1102 2829 1212 2866 παθείᾳ,
1228 2831 1380 2866 μερίζεται.
1396 2832 1460 2858 Ὅτε
1486 2833 1605 2869 μὲν,γὰρ
1633 2835 1663 2861 τὸ
1686 2835 1773 2866 πάθος
1787 2836 1883 2869 αὐτῆς.

1101 2876 1149 2903 καὶ
1173 2877 1218 2903 τὸν
1246 2871 1299 2903 τῶν
1316 2877 1477 2913 σπλάγχνων
1506 2879 1671 2920 spumosa?”
1699 2881 1882 2915 36313.7(“:-
