2086 3153
247 166 300 197 417

868 168 1014 198 MENSIS
1034 168 1251 200 DECEMBER.

1830 166 1882 197 “3

245 227 325 253 tium.
346 226 398 254 Sed
413 226 604 254 Artemidorus
619 227 751 263 postejus
767 231 882 255 mortem
901 228 1038 255 nefarium

1097 237 1154 260 ναις
1168 228 1376 264 παρισκιρτῶν.
1399 228 1492 254 ταῦτα
1509 228 1523 254 6
1539 227 1588 262 μὲν
1604 226 1690 261 μέγας
1708 224 1753 252 διὰ
1772 233 1883 260 μετριο-

245 279 307 299 esse
320 272 458 307 judicans.
479 272 608 300 fraudare
631 273 706 300 viros
721 273 781 308 pios
795 278 848 300 tam
865 273 978 308 pulchra
989 281 1040 300 au-

245 317 359 350 ditione,
383 318 438 346 imo
453 326 519 346 vero
535 323 588 346 tam
605 327 705 354 magno
730 319 873 351 miraculo,
894 319 920 346 id
938 319 1038 354 aperit,

244 367 272 390 et
295 364 379 391 tradit
393 365 507 392 auribus
532 365 665 394 ﬁdelium.
682 365 716 393 Et
732 366 790 393 haec
804 365 916 400 quidem
932 366 972 393 sie
989 366 1038 393 ha-

245 409 323 437 bent.

1095 273 1220 305 παθείας,
1249 274 1344 309 ὥσπερ
1369 274 1449 309 ἔφην,
1475 273 1631 309 ὑπερϐολὴν
1656 273 1799 307 ἀνέκφορα
1828 272 1884 302 τοῖς

1094 320 1203 352 πολλοῖς
1237 320 1371 354 ἠϐούλετο
1407 322 1509 355 μεῖναι,
1542 320 1654 355 ’Δμέλει
1685 320 1736 347 καὶ
1757 320 1886 354 Ἀρτεμι-

1093 366 1174 402 δώρῳ
1192 367 1294 401 πολλὴν
1317 367 1435 402 σιωπὴν,
1461 367 1510 394 καὶ
1534 367 1569 394 δι’
1591 367 1699 394 ἐκείνου
1715 368 1748 402 τῇ
1773 366 1886 400 γυναικὶ

1094 413 1258 439 ἐντέλλεται.
1281 412 1351 439 Ἀλλ’
1370 414 1384 440 6
1408 413 1613 448 ’Δρτεμίόωρος
1631 413 1701 447 μετὰ
1723 412 1773 446 τὴν
1801 411 1885 438 αὐτοῦ

247 458 379 494 τελευτὴν
404 460 436 486 οὗ
463 461 560 495 κρίνας
579 463 655 487 οοιον
678 460 807 494 ἄκουσμα
841 460 915 487 οὕτω
943 461 1038 493 καλὸν,
1061 461 1164 495 μᾶλλον
1197 460 1224 487 δὲ
1241 460 1345 496 θαῦμα,
1377 460 1518 495 ζημιῶσαι
1540 460 1605 492 τοὺς
1627 459 1783 493 φιλοθέους,
1805 459 1886 495 δῆλον

246 508 314 534 αὐτὸ
347 510 439 540 ποιεῖ,
469 508 517 535 καὶ
543 509 648 535 πιστῶν
669 509 767 541 ἀκοαῖς
783 510 964 544 παραδίδωσι.
982 510 1036 536 Καὶ
1057 509 1144 536 ταῦτα
1159 509 1208 544 μὲν
1223 509 1322 541 οὕτως.

285 555 378 583 XXVI.
401 555 548 590 Postquam
564 561 654 584 autem
674 564 788 592 magnus
801 556 930 592 Spiridon
944 557 1037 584 Antio-

248 602 310 630 chia
336 610 465 629 reversus
488 607 531 629 est
555 602 582 629 in
601 602 734 638 Cyprum,
759 604 895 638 quispiam
919 604 953 631 ad
979 612 1042 631 eum

247 648 391 679 accedens,
408 646 502 675 vofclts
514 656 606 675 emere
619 657 719 684 capras
732 649 831 684 gregis,
846 658 962 677 numero
978 659 1043 677 cen-

249 699 318 724 tum.
331 695 423 729 jussus
438 702 452 721 a
469 699 563 721 sancto
577 695 653 730 prius
669 696 787 730 pretium
802 696 922 730 solvere,
940 696 1042 724 deinde

248 740 383 774 accipere,
400 740 456 775 ipse
474 748 536 768 cum
554 742 702 777 nonaginta
716 747 744 770 et
759 751 857 770 novem
873 743 963 770 solum
988 743 1043 771 sol-

249 786 334 812 visset
350 786 480 820 pretium,
497 787 580 817 unius
605 788 728 821 retinuit,
746 789 864 820 lucrum,
883 794 912 816 ut
930 790 1043 822 dicitur,

250 831 348 858 melius
372 832 507 860 dedecore
535 833 720 862 existimans:
747 839 794 862 aut
820 835 903 863 etiam
930 837 1045 870 opinans

250 877 320 909 fore,
346 883 375 904 ut
401 879 498 905 lateret
521 879 593 907 illius
617 880 833 915 simplicitatem,
860 887 992 910 remotam
1011 883 1045 909 ab

250 924 374 951 omnium
393 925 566 960 negotiorum
580 926 779 955 sollicitudine.
795 927 863 955 Cum
882 937 947 963 ergo
962 931 1044 956 ambo

250 970 366 998 fuissent
388 971 458 998 intra
477 972 629 1005 mandram,
655 974 699 1001 ille
720 975 831 1008 quidem
846 975 938 1010 jussit.
959 983 1046 1011 quan-

252 1020 309 1042 tum
322 1017 442 1044 solverat
459 1019 588 1052 pretium,
602 1023 641 1046 tot
659 1028 755 1054 capras
773 1021 910 1055 accipere.
927 1022 974 1048 llle
990 1029 1041 1048 au-

251 1067 306 1089 tem
324 1070 358 1089 ne
376 1062 416 1090 sic
431 1063 543 1098 quidem
562 1064 730 1101 intelligens,
749 1071 863 1094 centum
889 1067 1016 1103 exigebat
1029 1075 1046 1096 e

252 1108 377 1136 tnandra.
400 1109 456 1137 Una
483 1117 548 1136 vero
566 1118 600 1138 ex
625 1112 725 1146 capris,
754 1117 881 1146 tanquam
909 1113 979 1140 bona
995 1121 1046 1140 an-

250 1156 326 1188 cilla,
344 1163 406 1183 eum
432 1157 564 1184 sensisset
580 1165 609 1185 se
626 1166 678 1186 non
701 1159 786 1187 fuisse
805 1160 943 1187 venditam
961 1169 976 1188 a
995 1161 1046 1188 do-

252 1201 339 1230 mino.
357 1202 413 1229 cito
427 1210 524 1230 rursus
541 1208 582 1231 est
601 1212 720 1236 reversa,
735 1210 762 1232 et
779 1207 900 1240 perrexit
916 1207 950 1233 ad
969 1215 1046 1234 man-

252 1247 341 1274 dram.
360 1247 406 1275 llle
429 1253 522 1276 autem
544 1257 642 1278 rursus
658 1251 782 1280 abduxit.
800 1256 828 1279 et
854 1260 903 1287 per
926 1253 980 1280 vim
1005 1261 1048 1281 re-

254 1294 336 1320 traxit
351 1293 505 1329 impudens.
520 1295 578 1323 lloc
595 1295 636 1323 bis
658 1297 714 1331 jam
731 1297 772 1324 vel
796 1302 836 1325 ter
860 1299 961 1326 factum
977 1304 1046 1332 erat,

252 1340 327 1375 quod
347 1345 389 1368 est
403 1342 540 1374 mirabile,
559 1347 583 1369 et
608 1351 690 1378 capra
705 1344 818 1379 quidem
835 1346 1025 1374 revertebatur
1040 1356 1047 1374 :

253 1386 299 1414 ille
314 1394 379 1414 vero
397 1387 554 1416 retrahebat
576 1397 657 1416 manu
683 1390 801 1418 violenta
817 1395 845 1418 et
859 1391 962 1420 animo.
976 1391 1046 1425 Quid

253 1433 340 1468 ergo?
356 1442 418 1461 cum
433 1435 474 1462 sic
494 1434 563 1461 nihil
584 1436 742 1469 proliceret,
765 1444 824 1463 eam
849 1436 934 1464 humo
952 1438 1048 1466 subla-

255 1484 321 1512 tam,
337 1484 364 1506 et
380 1480 503 1507 humeris
521 1479 688 1515 impositam,
710 1481 873 1509 abducebat.
892 1482 939 1510 llla
956 1488 1047 1510 autem

255 1525 372 1552 maxima
389 1529 415 1552 et
430 1525 581 1560 asperrima
596 1534 664 1554 voce
678 1526 813 1558 clamans,
829 1532 857 1555 et
870 1535 933 1555 eum
949 1529 1048 1557 corni-

1132 558 1203 590 KG'.
1225 558 1303 584 Ἐπεὶ
1318 558 1346 585 δέ
1360 559 1407 584 καὶ
1420 558 1450 590 ἐξ
1474 557 1642 593 Ἀντιοχεῖας
1654 558 1667 584 6
1682 557 1770 592 μέγας
1783 558 1889 593 ἐπανῆ-

1095 612 1144 630 κεν
1162 604 1201 635 εἰς
1217 604 1341 639 Κύπρον,
1367 603 1526 639 προσελθὼν
1542 604 1619 638 αὐτῷ
1637 613 1692 636 τις,
1711 602 1792 637 αἶγας
1806 606 1889 639 πρία-

1095 651 1156 677 σθαι
1170 650 1220 685 τῆς
1236 650 1353 685 ποίμνης
1366 650 1538 685 βουλόμενος,
1555 649 1602 676 τὸν
1630 649 1750 685 ἀριθμὸν
1772 651 1886 682 ἑκατὸν,

1095 697 1260 731 ἐπιτραπεὶς
1291 697 1360 732 πρδς
1387 696 1435 723 τοῦ
1471 697 1546 723 ὁσίου
1574 696 1623 732 τήν
1638 697 1723 732 τιμὴν
1753 697 1889 731 πρότερον

1095 743 1275 775 καταθέσθαι,
1290 741 1350 770 εἶτα
1366 743 1472 776 λαϐεῖν,
1489 743 1571 775 αὐτὸς
1583 743 1638 770 τῶν
1648 743 1726 770 ἐννέα
1740 743 1820 778 μόνον
1840 744 1890 770 καὶ

1095 789 1258 824 ἐνενήκοντα
1272 789 1412 821 καταθεὶς,
1428 789 1481 824 τῆς
1507 789 1571 823 μιᾶς
1586 787 1762 823 ὑπεκράτησε
1780 787 1889 823 κέρδος.

1096 835 1225 870 αἰσχύνης
1244 835 1356 870 ἄμεινον
1374 834 1469 867 εἰπὼν,
1480 834 1510 861 τὸ
1524 834 1571 861 τοῦ
1587 835 1680 868 λόγου,
1696 835 1712 870 ἢ
1731 834 1776 860 καὶ
1794 834 1890 868 λήσειν

1099 881 1223 914 οἰόμενος
1240 881 1268 908 ἐν
1283 881 1371 916 τούτῳ
1393 880 1423 906 τὺ
1438 880 1568 907 ἁπλοϊκὸν
1590 880 1694 906 ἐκείνου
1721 880 1768 907 καὶ
1789 880 1889 914 κομιδῇ

1098 928 1256 962 ἄπραγμον.
1267 927 1345 953 Ἐπεὶ
1359 925 1418 959 οὖν,
1435 925 1502 952 εἴσω
1515 927 1564 960 τῆς
1580 926 1701 961 μάνδρας
1713 926 1796 960 ἄμφω
1811 926 1890 959 γεγό-

1096 982 1185 1006 νασιν,
1207 973 1221 999 6
1236 972 1287 1008 μέν
1298 972 1424 999 ἐκέλευεν
1436 992 1444 1004 ,
1460 973 1523 999 ὅσον
1535 971 1567 1006 δὴ
1584 973 1631 998 καὶ
1646 972 1778 998 κατέθετο
1791 972 1886 1006 τιμὴν,

1097 1022 1234 1053 τοσαύτας
1260 1021 1364 1053 λαϐεῖν,
1390 1022 1404 1047 ὸ
1425 1021 1453 1048 δι
1483 1020 1551 1056 μηδέ
1568 1019 1656 1052 οὕτως
1675 1019 1776 1051 συνεὶς,
1792 1019 1892 1045 ἑκατδν

1095 1068 1144 1103 τῆς
1162 1067 1284 1102 μάνδρας
1315 1067 1472 1102 ἐξήλαυνεν.
1498 1065 1556 1093 Μία
1582 1065 1649 1100 γοῦν
1673 1065 1728 1092 τῶν
1746 1065 1832 1099 αἰγῶν
1844 1061 1890 1090 οἷα

1097 1114 1252 1151 θεράπαινα
1266 1113 1367 1149 ἀγαθὴ,
1385 1113 1535 1148 αἰσθομένη
1558 1112 1599 1139 ὅτι
1617 1112 1656 1148 μὴ
1674 1112 1788 1138 ἀπέδοτο
1805 1110 1892 1145 αὐτὴν

1097 1162 1112 1188 6
1137 1161 1281 1196 δεσπότης,
1302 1159 1386 1193 ὀξέως
1408 1159 1526 1194 ἐπανῄει
1551 1158 1645 1191 πάλιν,
1670 1158 1719 1185 καὶ
1738 1157 1807 1192 προς
1841 1156 1891 1192 τὴν

1099 1207 1221 1242 μάνδραν
1236 1206 1346 1242 ἐχώρει.
1373 1205 1405 1233 '0
1419 1205 1448 1232 δέ
1465 1203 1543 1236 αὖθις
1565 1204 1668 1239 ἀπῆγε,
1681 1204 1729 1230 καὶ
1745 1204 1813 1238 πρὸς
1831 1203 1893 1238 βιιν

1098 1250 1189 1280 εἷλκεν
1200 1253 1214 1279 6
1228 1252 1354 1288 ἀναιδὴς·
1369 1251 1495 1287 ἐπράχθη
1508 1250 1589 1278 τοῦτο
1605 1250 1646 1282 δὶς
1661 1250 1713 1285 ἤδη
1725 1249 1772 1276 καὶ
1788 1250 1850 1284 τρὶς
1861 1249 1893 1276 τὸ

1099 1298 1265 1334 θαυμάσιον.
1286 1299 1344 1325 Καὶ
1358 1298 1376 1333 ἡ
1395 1298 1445 1333 μὲν
1462 1297 1508 1330 uti
1529 1297 1644 1333 ἐπανῄει
1658 1305 1667 1314 ν
1684 1298 1698 1324 6
1711 1296 1738 1323 δὲ
1750 1296 1894 1323 ἁνθεῖλκιν

1098 1344 1209 1381 ὁργώσῃ
1227 1344 1274 1371 καὶ
1294 1344 1366 1380 χειρὶ
1385 1345 1432 1372 καὶ
1449 1344 1533 1380 ψυχῇ.
1549 1343 1582 1370 τι
1599 1343 1646 1370 οὗν
1663 1351 1672 1377 ;
1699 1343 1783 1378 μηδὲν
1815 1341 1894 1374 οὗτος

1100 1390 1201 1423 ἀνύων,
1222 1390 1391 1425 ἀφαρπάσας
1415 1390 1501 1426 αὐτὴν
1526 1389 1647 1424 χαμόθεν
1673 1389 1791 1421 καὶτοῖς
1806 1389 1894 1424 ὤμοις

1100 1437 1211 1469 ἀναθεὶς
1226 1437 1334 1472 ἀπῆγεν
1345 1445 1353 1453 ·
1372 1438 1388 1473 ή
1402 1436 1441 1469 δέ,
1462 1437 1509 1464 καὶ
1521 1436 1609 1468 οὕτως
1628 1436 1700 1471 μέγα
1714 1444 1740 1463 τι
1762 1437 1810 1463 καὶ
1822 1444 1877 1471 τρα
1889 1450 1894 1456 ε

1098 1483 1216 1519 χύτατον
1229 1482 1373 1518 ἐμϐοῶσα,
1390 1483 1438 1510 καὶ
1452 1483 1507 1515 τοϊς
1527 1483 1643 1519 κέρασιν
1662 1483 1744 1510 αὐτὸν
1760 1483 1893 1515 παίουσα,

1099 1531 1146 1556 καὶ
1170 1530 1239 1566 πρὸς
1250 1529 1300 1565 τὴν
1315 1529 1436 1565 κεφαλὴν
1451 1530 1556 1556 ἐκείνου
1584 1529 1815 1565 διακυριττομένη
1839 1530 1891 1566 τὴν

255 1572 305 1599 bus
318 1571 429 1605 feriens,
448 1577 476 1599 et
492 1573 517 1599 in
536 1572 610 1600 illius
626 1577 708 1608 caput
724 1573 888 1608 impingens,
903 1575 956 1601 vim
975 1575 1045 1602 iliius

1100 1577 1161 1611 βίαν
1177 1577 1311 1611 ἐκῆρυττε
1328 1576 1465 1612 φανερῶς,
1494 1577 1541 1603 καὶ
1556 1576 1602 1603 τδν
1615 1576 1782 1611 πλεονέκτην
1796 1577 1893 1612 ὥσπερ

253 1621 348 1650 aperte
365 1616 542 1650 praedicabat,
567 1622 595 1644 et
616 1617 690 1644 avari
709 1617 829 1646 hominis
844 1619 1047 1654 quodammodo

254 1661 387 1696 puniebat
400 1662 527 1697 iniuriam
541 1671 549 1690 :
563 1663 631 1690 adeo
644 1668 673 1690 ut
686 1663 732 1698 qui
745 1664 870 1696 aderant,
883 1665 984 1693 fuerint
996 1667 1048 1694 hac

253 1715 284 1734 re
311 1707 507 1742 obstupefacti.
531 1715 641 1735 causam
668 1717 724 1743 non
749 1709 872 1738 valentes
898 1713 1045 1747 conjicere.

254 1752 368 1787 ιιιτεηυε
382 1756 472 1780 autem
490 1752 617 1787 Spiridon
631 1754 726 1782 nolens
737 1762 800 1782 eum
812 1761 905 1791 aperte
920 1765 1046 1792 arguere,

253 1797 360 1823 sensim
380 1797 450 1824 dixit
469 1798 505 1830 ei,
523 1799 570 1833 qui
593 1800 712 1828 faciebat
729 1801 857 1837 injuriam
873 1812 879 1830 :
899 1802 978 1836 Vide,
996 1806 1045 1838 (ili,

254 1849 289 1868 ne
305 1849 358 1868 non
372 1842 473 1871 frustra
489 1844 546 1871 ham
558 1845 640 1873 faciat
652 1846 764 1879 animal,
784 1853 876 1877 etnon
893 1849 952 1878 sine
964 1859 1046 1880 causa

253 1895 326 1922 agre
334 1888 402 1916 ferat
415 1897 444 1917 se
459 1889 568 1923 abduci,
583 1892 629 1919 sed
644 1893 716 1927 quod
734 1893 804 1922 forte
817 1895 975 1930 imprudens
988 1898 1048 1933 ejus

254 1940 309 1961 non
318 1934 422 1962 solvisti
431 1936 559 1970 pretium.
571 1937 616 1966 Sic
627 1938 672 1966 ille
681 1939 801 1974 piscator
808 1941 900 1968 animo
908 1944 1048 1972 sauciatus

254 1980 280 2007 id
298 1981 378 2008 tulit:
396 1985 425 2009 et
448 1990 511 2010 cum
529 1991 639 2012 sensum
655 1987 727 2021 ejus,
745 1987 818 2021 quod
836 1987 950 2020 fecerat.
970 1998 1048 2018 acce-

253 2028 348 2063 pisset,
365 2028 392 2056 id
418 2033 446 2057 et
465 2030 608 2058 confessus
630 2036 681 2063 est,
700 2036 727 2059 et
749 2034 809 2068 ejus
830 2035 908 2068 petiit
926 2036 1044 2064 veniam.

252 2074 356 2102 Deinde
371 2076 454 2103 etiam
475 2083 537 2103 cum
563 2084 613 2112 pro
630 2086 683 2105 una
709 2079 838 2106 solvisset
857 2080 988 2114 pretium,
1013 2089 1046 2109 ea

253 2129 306 2149 non
324 2122 441 2157 amplius
455 2123 590 2151 clamabat
603 2129 629 2152 et
648 2126 803 2160 resistebat,
816 2126 863 2153 sed
879 2127 960 2155 tacite
978 2129 1047 2156 alias

253 2169 431 2203 sequebatur.
447 2170 480 2197 Et
498 2170 542 2198 hic
560 2171 671 2206 quidem
692 2173 743 2200 sic.

287 2215 394 2243 XXVII.
416 2217 492 2244 Alius
507 2223 620 2245 autem:
644 2218 692 2246 sed
716 2219 769 2246 hoc
791 2219 880 2247 dicam
906 2221 1044 2254 superius.

252 2261 281 2288 In
296 2262 384 2289 insula
397 2267 438 2290 cSI.
453 2263 564 2298 quidam
579 2264 657 2292 vicus
672 2266 718 2300 qui
732 2266 833 2293 dicitttr
848 2266 977 2302 Erythra,
992 2276 1045 2294 non
1064 2263 1085 2290 ο

253 2310 347 2344 procul
363 2318 378 2337 a
394 2312 538 2346 metropoli
559 2311 733 2340 Constantia.
748 2313 807 2341 Non
822 2314 910 2341 distat
924 2315 996 2341 enini
1010 2315 1045 2341 ab

250 2364 282 2384 ea
298 2356 443 2392 plusquam
459 2357 571 2392 triginta
586 2357 685 2384 stadia.
702 2358 760 2385 lluc
777 2367 838 2386 cum
852 2360 972 2386 venisset
988 2367 1046 2386 ma—

250 2411 319 2437 guus
338 2403 481 2438 Spiridon,
501 2408 613 2438 propter
639 2404 759 2439 aliquem
786 2413 864 2432 usum
891 2405 1046 2441 ingreditur

253 2450 384 2485 templum
399 2451 484 2485 gratia
503 2450 655 2483 orationis;
669 2455 696 2478 et
707 2451 786 2486 jubet
804 2452 913 2479 cuidam
926 2453 1044 2480 diacono

251 2505 284 2524 ex
301 2497 334 2524 iis
348 2496 396 2532 qui
414 2501 493 2523 erant
507 2496 534 2523 in
554 2504 587 2523 eo
601 2497 671 2529 loco,
696 2503 725 2524 ut
740 2498 849 2525 brevem
866 2499 986 2534 aliquam
1000 2508 1044 2527 sn-

251 2551 325 2570 cram
344 2547 487 2578 perageret
502 2543 699 2578 precationem.
720 2544 766 2572 Via
781 2546 864 2578 enim,
879 2554 939 2581 qua:
955 2547 1045 2574 fuerat

251 2589 342 2624 longa.
355 2593 415 2616 erat
428 2589 562 2621 defessus,
585 2595 612 2616 et
635 2590 751 2618 maxime
766 2598 827 2618 cum
849 2597 922 2619 esset
937 2596 1045 2628 tempus

251 2636 390 2666 a-stivum,
408 2634 470 2662 etei
486 2640 569 2662 :estus
585 2643 699 2671 magnus
711 2641 775 2663 tunc
787 2637 898 2664 all‘erret
909 2638 1043 2666 laborem.

250 2682 297 2708 llle
311 2686 404 2708 autem
421 2686 481 2708 erat
496 2682 644 2709 admodum
664 2683 770 2716 tardus,
786 2689 813 2710 et
828 2684 955 2711 consulto
981 2692 1043 2719 pre-

250 2735 297 2754 ces
311 2727 456 2755 ambitiose
481 2729 660 2764 producebat,
680 2729 801 2762 inanem,
818 2734 848 2756 ut
874 2729 992 2761 videtur,
1009 2739 1043 2758 ex

252 2774 304 2801 hoc
321 2774 373 2801 sibi
389 2779 501 2809 captans
517 2776 642 2811 gloriam.
666 2776 756 2803 Torve
770 2776 863 2811 itaque
876 2784 939 2803 eum
957 2776 1043 2803 intui-

253 2825 305 2851 tus,
323 2821 370 2855 qui
385 2826 444 2848 erat
460 2822 561 2858 alioqui
578 2828 676 2850 natura
692 2822 860 2854 lenissimus,
876 2822 1043 2857 increpando

250 2866 295 2893 dix
311 2872 344 2894 ιε
371 2867 453 2897 Tace.
473 2870 519 2898 Ille
548 2877 612 2898 vero
635 2870 750 2905 perinde
775 2877 808 2897 ac
829 2869 929 2905 litigth
952 2869 1044 2904 aliquo

253 2913 362 2941 vinctus
377 2915 516 2950 compede,
534 2920 697 2944 etsermone
715 2914 849 2950 privatus,
864 2917 923 2941 erat
938 2918 1041 2948 mutus,

1099 1624 1260 1658 ἐτιμωρεῖτο
1276 1623 1328 1657 τῆς
1342 1623 1461 1656 ἀδικίας,
1472 1622 1544 1650 ὥστε
1563 1623 1611 1650 καὶ
1627 1623 1691 1654 τοὺς
1706 1625 1845 1658 παρόντας
1860 1623 1891 1650 ἐν

1099 1669 1231 1704 ἐκπλήξει
1246 1669 1276 1696 τὸ
1290 1670 1410 1704 πρᾶγμα
1426 1670 1564 1696 ποιεῖσθαι
1580 1669 1629 1705 τὴν
1647 1670 1738 1696 αῑτῖαν
1750 1670 1800 1697 οὒκ
1814 1670 1893 1705 έχον-

1098 1723 1148 1745 τας
1175 1715 1334 1749 συμϐαλεῖν,
1359 1715 1412 1741 Τὺν
1436 1715 1463 1741 δὲ
1490 1715 1577 1750 μέγαν
1592 1715 1623 1741 οὗ
1643 1715 1766 1750 φανερῶς
1781 1715 1891 1750 ἐλέγξαι

1099 1760 1372 1796 βουλόμενον,ήρέμα
1390 1761 1458 1796 πρὸς
1468 1762 1513 1788 τὸν
1528 1762 1772 1797 ἀδικοῦντα,”ορα,
1782 1762 1891 1795 τέκνον,

1099 1807 1199 1838 εῐπεῖν,
1215 1807 1252 1841 μή
1266 1815 1331 1832 ποτε
1348 1806 1378 1833 οὖ
1394 1809 1483 1843 μάτην
1505 1807 1593 1834 ταῦτα
1606 1807 1637 1834 τὸ
1651 1807 1732 1840 ζῶον,
1760 1807 1821 1834 οὔτι
1837 1807 1891 1843 μὴν

1098 1851 1204 1884 ἀλόγως
1222 1851 1334 1886 ἄχθεται
1349 1853 1382 1887 τῇ
1399 1853 1546 1887 ἀπαγωγῇ,
1562 1852 1620 1879 ἀλλ’
1633 1853 1674 1880 ὅτι
1689 1853 1726 1888 μὴ
1741 1854 1787 1879 καὶ
1801 1852 1890 1887 αὐτῆς

1098 1896 1188 1923 λαθὼν
1224 1897 1274 1932 τὴν
1307 1897 1390 1934 τιμὴν
1428 1898 1612 1932 προκατέθου.
1661 1897 1757 1930 Οὕτως
1787 1900 1892 1930 ἐκεῖνος

1099 1942 1193 1974 ἁλιεὺς
1211 1944 1338 1978 πληγεὶς,
1353 1944 1416 1971 νοῦν
1429 1944 1540 1979 ἧνεγκε,
1567 1944 1616 1971 καὶ
1641 1945 1682 1976 sic
1701 1944 1829 1980 αἴσθησιν
1846 1943 1892 1970 ἐλ-

1098 1989 1153 2016 θὼν
1166 1986 1252 2024 οὗπερ
1267 1990 1390 2025 ἔδρασεν,
1408 1990 1474 2016 αὑτό
1505 1998 1534 2016 τε
1555 1989 1732 2024 διωμολόγει,
1749 1990 1798 2016 καὶ
1822 1997 1890 2024 συγ-

1098 2035 1214 2071 γνώμην
1231 2037 1332 2072 ῂτείτο,
1352 2036 1449 2063 ἔπειτα
1471 2036 1520 2063 καὶ
1534 2037 1584 2072 τὴν
1605 2036 1677 2071 ὑπὲρ
1693 2035 1745 2071 τῆς
1761 2036 1827 2071 μιᾶς
1845 2043 1891 2062 τι·

1099 2081 1153 2117 μὴν
1167 2082 1367 2117 καταθέμενος,
1384 2082 1435 2109 οὐκ
1451 2082 1492 2109 ἐτι
1511 2082 1624 2116 βοῶσαν
1641 2080 1703 2117 εἶχε
1729 2082 1777 2108 καὶ
1808 2083 1888 2108 ἀντι-

1098 2130 1254 2162 ϐαἱνουσαν,
1269 2129 1326 2156 ἀλλ’
1343 2129 1453 2165 ἡσύχως
1485 2130 1545 2161 ταῖς
1561 2129 1656 2161 sum;
1685 2129 1890 2164 συνεπομένην.

1098 2177 1153 2203 Καὶ
1171 2175 1248 2207 οὗτος
1271 2176 1320 2211 μὲν
1339 2175 1449 2215 οὕτως..

1133 2221 1196 2249 KZ’.
1217 2222 1331 2257 ’Έτερος
1343 2221 1384 2254 6‘2,
1401 2221 1459 2247 ἀλλ’
1477 2220 1581 2248 ἄνωθεν
1599 2220 1678 2248 τοῦτο
1706 2220 1772 2256 ἐρῶ.
1794 2221 1839 2248 Ἑν
1857 2221 1893 2256 τῃ

1098 2269 1170 2304 νήσῳ
1186 2268 1267 2304 κώμη
1283 2268 1323 2299 τίς
1340 2268 1414 2294 ἐστιν
1435 2267 1557 2303 Ἐρυθρὰ
1571 2267 1730 2303 καλουμένη
1745 2268 1895 2295 Κωνσταν-

1099 2315 1160 2346 τίας
1183 2315 1270 2348 δήπου
1298 2313 1347 2348 τῆς
1368 2314 1565 2349 μητροπόλεως
1580 2313 1611 2339 οὐ
1627 2313 1747 2348 μακράν.
1767 2313 1893 2345 Σταδίοις

1097 2360 1153 2394 γὶιρ
1169 2360 1266 2395 ἀπέχει
1277 2359 1306 2385 οὺ
1323 2359 1404 2385 πλέον
1419 2358 1577 2393 τριάκοντα.
1598 2359 1733 2386 ἐνταῦθα
1746 2359 1817 2386 κατά
1828 2369 1890 2386 τινα.

1097 2407 1192 2442 χρείαν
1222 2407 1236 2432 6
1271 2406 1360 2441 μέγας
1391 2405 1586 2440 πεφοιτηκὼς,
1618 2406 1717 2432 εἴσεισι
1757 2407 1801 2432 τὶν
1828 2406 1892 2433 ναὶν

1097 2452 1254 2488 προσευχῆς
1271 2453 1362 2486 χάριν,
1379 2453 1426 2478 καὶ
1445 2453 1499 2478 τῶν
1513 2452 1671 2486 ἐπιχωρίων
1695 2452 1813 2484 διακόνῳ
1825 2453 1891 2483 τινὶ.

1097 2499 1230 2533 ἐπίτομον
1262 2498 1357 2524 θέσθαι
1378 2498 1427 2533 τὴν
1456 2497 1608 2532 ιερολογζαν
1637 2497 1756 2524 ἐκέλευε.
1775 2498 1815 2532 Τῇ
1836 2498 1892 2532 γὰρ

1095 2545 1149 2580 ὸδῷ
1161 2544 1244 2580 πολλῇ
1255 2544 1323 2579 οὔσῃ
1338 2543 1501 2578 πεπονηκὼς
1517 2542 1562 2579 ἦν,
1584 2544 1630 2570 καὶ
1649 2544 1767 2579 μάλιστα
1783 2544 1892 2579 θερεὲας

1096 2591 1182 2627 οῦσης
1213 2592 1263 2627 τῆς
1285 2591 1371 2626 ὧρας,
1407 2590 1519 2617 καὶτοῦ
1535 2590 1676 2622 καύσωνος
1705 2585 1786 2617 τϐτε
1808 2591 1892 2618 πολὺν

1097 2638 1173 2673 αὐτῷ
1208 2638 1254 2664 τὴν
1286 2631 1423 2672 κάματον
1444 2637 1622 2672 ἐμϐαλόντος.
1647 2636 1677 2663 '0
1701 2637 1730 2664 δὲ
1758 2637 1892 2672 σχολαιως

1098 2684 1198 2719 μᾶλλον
1210 2685 1320 2719 ἐχρῆτο,
1342 2684 1389 2710 καὶ
1413 2683 1496 2715 ἐκὼν,
1517 2683 1661 2718 παρέτεινε
1681 2684 1832 2718 φιλοτίμως
1843 2683 1889 2709 δό-

1097 2731 1156 2764 ξαν,
1178 2730 1216 2762 ὡς
1235 2731 1334 2763 ἔοικεν,
1352 2731 1384 2756 ἐκ
1399 2729 1477 2756 τοῦδε
1507 2730 1558 2764 τὴν
1577 2729 1699 2764 ματαίαν
1713 2728 1888 2764 θηρώμενος.

1097 2777 1184 2812 Δριμὺ
1193 2775 1239 2802 οὖν
1250 2774 1350 2810 ὀφῦσει
1360 2775 1513 2810 πρᾳότατος
1525 2775 1667 2809 ἐμϐλέψας
1679 2774 1764 2809 αὐτῷ,
1778 2774 1888 2806 Σιώπα,

1098 2821 1257 2856 πληκτικῶς
1282 2822 1347 2856 ἔφη,
1371 2822 1416 2847 καί
1431 2821 1472 2854 ὃς,
1495 2821 1624 2856 καθάπερ
1638 2821 1692 2847 τινὶ
1714 2821 1888 2855 γλωττοτεέδῃ

1096 2867 1126 2894 τὸ
1136 2868 1226 2901 λέγειν
1242 2868 1411 2903 ἀφαιρεθεὶς,
1427 2868 1564 2902 ἄφθογγος
1581 2866 1624 2903 ἧν,
1651 2868 1697 2894 τὸν
1719 2868 1817 2902 ειρμδν
1837 2868 1888 2902 τῆς

1097 2913 1271 2950 ὐπαδομένης
1287 2913 1369 2949 εὐχῆς
1398 2913 1471 2949 αὐτῷ
1491 2913 1521 2940 τό
1539 2921 1567 2940 τι
1600 2914 1771 2949 παραχρῆμα
1793 2913 1886 2940 διακο-
