2086 3153
271 175 325 209 Ᾰ55

889 165 1033 197 MENSIS
1051 164 1269 195 DECEMBER.

1847 154 1899 187 £55

268 237 310 261 est
327 231 460 258 malorum
476 228 601 256 omnium
630 231 794 259 extremum,
810 231 872 253 cum
887 231 922 252 ne
938 223 978 251 sic
1000 222 1078 258 qui-.

1131 229 1226 255 σχατον
1243 221 1282 246 ὅτι
1298 219 1367 255 μηδὲ
1380 217 1451 245 οὕτω
1463 215 1629 251 πειθομένην
1641 214 1750 248 ὑφεῖναι
1765 213 1815 247 τῆς
1833 213 1901 239 ἀπο-

268 279 329 306 dem
344 277 496 312 quidquam
512 275 546 303 de
563 282 612 302 sua
632 274 787 301 remitteret
809 270 977 306 pervicacia,
995 276 1056 296 eam

269 321 459 350 transmittunt
473 320 507 348 ad
523 325 639 347 mortem
653 318 770 346 maxime
784 315 1059 348 miserabilem.Ejus

269 367 434 396 calamitatis
461 367 532 394 alius
565 366 677 401 quidem
705 365 896 395 misereretur,
920 369 971 396 ego
994 368 1060 387 vero

269 414 349 441 mala:
364 413 477 445 mentis,
491 417 520 439 et
535 413 577 439 cni
594 419 648 438 non
669 411 759 446 potuit
774 410 859 437 ullum
876 407 1002 435 adhiberi
1018 415 1061 434 re-

271 459 403 487 medium.
419 458 602 492 Quamobrem
618 457 711 484 dicunt
732 461 857 483 sanctum
872 461 999 489 magnum
1012 453 1062 480 do-

272 507 330 534 lore
347 506 497 541 accepisse,
523 509 550 532 et
574 505 707 539 lacrymas
732 502 858 530 emisisse
874 509 907 528 ex
922 500 1020 532 oculis,
1035 505 1063 527 et

271 552 427 587 adjecisse:
446 551 507 578 Non
534 550 652 584 amplius
677 548 807 584 judicabo
830 548 902 574 inter
927 546 1061 577 homines,

275 606 337 625 eum
352 602 405 624 tam
424 597 480 624 cito
502 604 549 624 eos
567 595 680 623 invadat
706 595 812 629 prolata
830 592 979 620 sententia.
1003 592 1065 619 llaec

274 651 335 678 quae
349 644 406 670 visa
419 648 447 670 et
462 642 554 678 audita
571 641 689 672 fuerant,
706 640 858 667 effecerunt
872 643 902 665 ut
917 642 991 665 esset
1010 645 1067 663 ma-

275 697 328 724 gna
347 689 375 716 in
401 693 525 716 sanctum
543 686 716 714 reverentia:
741 690 768 712 ct
783 686 844 712 ideo
871 685 915 718 pie
938 689 966 711 et
986 687 1065 710 caute

278 743 342 762 eum
360 735 548 766 attendebant,
563 738 592 760 et
615 740 679 759 cum
697 732 794 759 timore
819 731 850 758 ad
873 738 936 757 eum
954 729 1068 764 aspicie-

279 782 356 814 bant,
368 782 438 808 sicut
451 781 534 808 etiam
548 780 613 807 olim
626 779 659 806 ad
673 779 823 814 aposmlos,
836 778 882 812 qui
897 777 923 804 in
936 777 1068 804 Ananiam

276 833 305 856 et
321 828 465 862 Saphiram
481 827 564 854 modo
578 826 701 853 fecerant
719 824 881 851 miraculum
896 824 928 849 “.

1112 267 1196 298 νοίας,
1211 265 1321 301 ἐλεεινῷ
1339 265 1446 300 θανάτῳ
1462 263 1685 297 παραπέμπουσι
1702 260 1750 286 καὶ
1761 258 1902 294 οἰκτίστῳ.

1113 312 1222 346 Ταύτην
1239 311 1320 342 ἄλλος
1346 311 1394 346 μὲν
1407 310 1440 338 ἄν
1455 318 1498 341 τις
1526 308 1575 341 τῆς
1589 307 1732 342 συμφορᾶς
1745 305 1879 341 ᾣκτειρεν
1894 312 1902 321 η

1114 358 1205 391 ὲγὼδὲ
1219 359 1269 392 τῆς
1278 357 1391 392 γνώμης
1417 355 1468 390 τῆς
1491 355 1613 390 πονηρᾶς
1628 352 1678 380 καὶ
1700 351 1903 385 ἀθεραπεύτου,

1116 406 1160 438 ἐφ’
1174 402 1195 439 ᾦ
1212 405 1261 431 καὶ
1284 405 1330 430 τὸν
1346 401 1527 438 ἂγιον,φασὶ,
1546 401 1647 435 μᾶλλον
1663 398 1905 435 περιπαθήσαντα,

1114 450 1232 486 δάκρυόν
1246 458 1276 476 τε
1299 449 1408 483 ἀφεῖναι
1423 448 1477 474 τῶν
1494 446 1643 482 ὀφθαλμῶν
1671 447 1718 471 καὶ
1743 444 1906 479 προςθέντα,

1117 497 1174 524 οὐκ
1188 496 1229 522 ἔτι
1243 495 1290 522 τοῦ
1303 495 1408 526 λοιποῦ,
1434 494 1526 528 φάναι,
1552 492 1657 519 δικάσω
1672 492 1725 518 τινὶ
1739 490 1903 526 ἀνθρώπων,

1117 542 1204 573 οὕτως
1229 541 1312 573 ὀξέως
1340 538 1653 573 ὲπικαταλαμῦανούσης
1667 537 1717 571 τῆς
1734 536 1907 570 ἀποφάσεως.

1119 587 1212 614 Ταῦτα
1224 587 1297 618 ὅσοις
1316 585 1402 621 ὁρατά
1416 593 1445 611 τε
1466 585 1513 611 καὶ
1538 582 1661 610 ἀκουσῖὰ
1679 582 1790 616 γέγονε,
1808 581 1910 615 πολλὴν

1119 635 1211 665 αὐτοῖς
1225 633 1308 667 ἐνῆκε
1332 632 1382 667 τὴν
1411 631 1479 666 πρὸς
1506 630 1552 657 τὸν
1583 629 1671 663 μέγαν
1700 628 1779 660 αιδῶ,
1809 628 1911 654 καὶδιὰ

1120 680 1198 707 τοῦτο
1211 678 1334 708 εὐλαῦὦς
1348 686 1377 704 τε
1395 677 1540 712 προσεῖχον
1561 675 1648 710 αὐτῷ,
1661 675 1708 701 καὶ
1723 673 1798 709 φέὸῑμ
1823 682 1911 708 προστ

1122 726 1247 757 ἐὸλεπον,
1269 724 1342 751 καθὰ
1371 724 1419 750 καὶ
1445 723 1530 749 πάλαι
1559 722 1615 752 τοῖς
1640 720 1815 752 ἀποστόλοις,
1847 719 1912 754 ἄρτι

1121 780 1151 798 τε
1176 770 1446 805 θαυματουργηκόσι,
1472 769 1508 796 τὰ
1538 768 1603 803 περὶ
1623 766 1752 793 Ἀνανίαν
1776 767 1822 792 καὶ
1837 766 1912 792 Σαπ-

1124 827 1232 853 φειραν.

314 859 422 900 XXXII.
443 872 497 900 Sed
518 872 577 899 haec
603 871 715 906 quidem
737 875 780 898 est
799 870 921 896 narratio
939 869 1070 904 improba:

1159 863 1221 891 AB’.
1246 863 1326 890 Ἀλλὰ
1339 862 1419 889 τοῦτο
1435 861 1483 897 μὲν
1498 862 1622 896 πονηρᾶς
1636 860 1684 888 καὶ
1700 859 1806 895 φαύλης
1819 867 1915 893 γυναι-

281 920 443 956 etscelestre
470 918 607 945 mulieris.
638 917 791 952 Adjiciatur
823 921 914 943 autem
949 916 1070 942 narratio

280 974 391 1001 quoque
415 967 449 993 de
473 973 505 993 ea
523 973 583 1000 quae
604 969 680 991 recte
705 968 732 991 et
750 968 779 990 ut
801 967 936 998 oporteat,
966 962 1073 989 amabat

283 1015 422 1041 maritum.
442 1013 539 1040 Mulier
563 1012 687 1048 quazdam
705 1011 816 1038 nomine
830 1010 996 1045 Sophronia,
1012 1017 1073 1044 quae

282 1059 407 1086 moribus
420 1064 480 1086 erat
494 1058 634 1085 moderata
654 1062 682 1084 et
699 1057 752 1092 pia,
774 1064 828 1084 non
846 1055 963 1083 habebat
991 1055 1073 1082 mari—

284 1109 354 1136 tum.
369 1104 415 1138 qui
428 1107 501 1132 esset
514 1103 638 1139 ejusdem
651 1103 730 1138 cujus
742 1103 798 1137 ipsa
811 1103 839 1129 in
853 1102 906 1129 fide
919 1102 1072 1134 sententim,

285 1149 332 1176 sed
350 1149 395 1176 ille
411 1157 532 1176 errorem
553 1149 665 1176 tenebat
684 1148 839 1183 gentilium.
866 1147 912 1174 llla
927 1155 993 1174 vero
1018 1155 1073 1174 non

285 1195 484 1222 intermittebat
501 1195 535 1222 ad
551 1199 676 1222 sanctum
704 1194 850 1225 ventitare,
868 1199 896 1221 et
914 1201 977 1220 eum
992 1193 1075 1220 vehe-

283 1245 394 1267 menter
410 1248 518 1275 rogare,
536 1245 567 1267 ut
585 1240 712 1266 maritum
739 1239 872 1266 liberaret
891 1239 925 1266 ab
953 1238 1073 1266 insania.

283 1286 338 1313 Sed
355 1294 407 1314 nec
417 1287 476 1322 ejus
487 1287 604 1313 maritus
618 1285 794 1321 prohibebat,
806 1285 955 1319 quominus
969 1284 1077 1311 veniret

286 1334 321 1361 a‘d
340 1338 483 1360 sanctum:
498 1332 597 1367 partim
611 1332 733 1366 quidem,
750 1335 779 1357 ut
791 1331 837 1365 qui
854 1331 991 1365 ignoraret
1007 1338 1077 1365 qua-

289 1377 418 1407 nam'de
435 1386 517 1406 causa
549 1378 582 1405 ad
603 1385 665 1404 cum
696 1376 850 1408 accederet,
877 1376 974 1411 partim
1002 1383 1076 1409 vero,

285 1425 359 1460 quod
371 1425 443 1460 apud
459 1432 521 1451 eum
534 1431 644 1458 quoque
657 1429 770 1450 sanctus
787 1424 814 1449 in
838 1430 934 1457 magna
960 1422 1079 1450 habere-

287 1477 332 1499 tur
340 1471 505 1498 revercntia.
517 1470 584 1497 Nam
598 1470 655 1504 ipse
665 1477 772 1504 quoque
783 1469 817 1496 ad
830 1469 906 1496 illum
916 1468 1077 1501 ventitabat,

286 1523 316 1545 et
331 1525 365 1545 eo
379 1523 507 1552 tanquam
524 1516 612 1543 amico
630 1516 768 1546 utebatur,
787 1519 816 1542 et
835 1515 911 1542 illum
930 1516 1078 1547 honorare,

1126 909 1172 940 κὸς
1187 908 1218 935 τὺ
1232 909 1365 943 διήγημα·
1382 906 1537 942 προκείσθω
1557 906 1586 932 δὲ
1616 906 1660 932 καὶ
1676 904 1772 940 καλῆς.
1787 905 1856 940 Γυνή
1872 912 1915 935 τις

1125 954 1246 988 τοῦνομα
1257 953 1411 987 Σωφρονία,
1427 952 1474 978 καὶ
1487 950 1534 978 τδν
1558 951 1660 986 τρόπον
1677 950 1706 977 δὲ
1721 950 1837 984 σώφρων
1847 947 1916 975 οὖσα

1125 999 1173 1025 καὶ
1187 998 1370 1034 εὐσεϐὴς.οὐκ
1384 995 1441 1032 εἶχε
1458 997 1502 1024 τὶν
1516 996 1600 1031 ἄνδρα
1617 996 1741 1030 καὶπερὶ
1756 995 1806 1030 τὴν
1823 995 1916 1020 πίστιν

1125 1045 1263 1081 ὁμόδοξον,
1278 1044 1347 1071 ἀλλὰ
1371 1044 1478 1078 πλάνης
1499 1042 1533 1079 ἦν
1562 1043 1665 1074 ἐκεῖνος
1685 1042 1735 1076 τῆς
1749 1041 1802 1068 τῶν
1823 1041 1918 1075 Ἐλλή-

1126 1098 1180 1117 νων
1196 1089 1444 1124 μεταποιούμενος.
1468 1089 1500 1115 Ἠ
1520 1089 1549 1114 δὲ
1569 1089 1619 1115 οὐκ
1635 1088 1704 1115 ἀνίει
1719 1087 1758 1122 τῷ
1770 1087 1841 1122 ἁγίῳ
1860 1095 1919 1120 φοι-

1126 1136 1202 1162 τῶσα
1226 1136 1273 1162 καὶ
1298 1136 1412 1170 δεομένη
1434 1134 1545 1169 θερμῶς
1567 1134 1618 1169 τῆς
1649 1134 1747 1168 μανίας
1763 1132 1917 1163 ἀπαλλάξαι

1127 1183 1172 1208 τδν
1189 1180 1283 1216 ἄνδρα.
1305 1181 1342 1207 Οὐ
1374 1181 1427 1215 μὴν
1461 1180 1522 1206 οὐδὲ
1537 1180 1552 1206 6
1569 1179 1670 1215 ταύτης
1697 1179 1767 1214 ἀνὴρ
1781 1179 1828 1210 τὰς
1850 1179 1920 1213 πρὸς

1127 1228 1173 1253 τὸν
1189 1226 1266 1260 ἅγιον
1282 1225 1389 1260 ἀφίξεις
1405 1226 1538 1259 ἀπεῖργεν
1555 1225 1635 1259 αὐτῇ,
1648 1223 1727 1250 τοῦτο
1743 1223 1793 1258 μὲν
1821 1225 1869 1250 καὶ
1882 1223 1922 1255 ὡς

1128 1273 1239 1306 ἄγνοιαν
1262 1272 1342 1306 ἔχων,
1358 1268 1389 1298 οὗ
1407 1271 1487 1306 χάριν
1498 1270 1572 1305 αὑτῷ
1589 1270 1772 1305 παραϐάλλοι,
1789 1269 1870 1295 τοῦτο
1892 1269 1922 1296 δὲ

1130 1318 1223 1349 καὶὼς
1235 1318 1280 1344 τὸν
1296 1317 1382 1352 μέγαν
1396 1317 1441 1344 διὰ
1461 1316 1563 1351 πολλῆς
1578 1317 1643 1350 ὅσης
1656 1315 1748 1346 αἰδοῦς
1763 1315 1920 1349 τιθέμενος·

1132 1365 1193 1391 ἐπεὶ
1209 1364 1256 1390 καὶ
1271 1364 1352 1394 αὐτὶς
1390 1361 1466 1394 οὗτος
1485 1362 1550 1397 παρ’
1573 1363 1677 1389 ἐκεῖνον
1693 1362 1804 1396 ἐφοίτα,
1823 1362 1870 1387 καὶ
1884 1361 1924 1392 ὡς

1133 1410 1202 1445 φίλῳ
1219 1409 1252 1436 τὰ
1277 1409 1362 1435 πολλὰ
1379 1409 1490 1444 ἐχρῆτο,
1506 1408 1554 1435 καὶ
1570 1407 1652 1443 τιμὴν
1685 1408 1753 1434 [δίαν
1778 1409 1870 1442 ἡγεῖτο
1889 1408 1922 1433 τδ

1133 1457 1237 1482 ἐκεῖνον
1259 1455 1356 1490 τιμᾷν·
1373 1455 1430 1481 ἐστι
1448 1455 1476 1481 δὲ
1491 1455 1535 1481 ὅτε
1552 1455 1600 1481 καὶ
1618 1455 1632 1480 6
1645 1453 1730 1488 μέγας
1748 1453 1814 1488 παρ’
1841 1454 1925 1480 αὑτιν

1134 1504 1285 1537 ἀφικνεῖτο.
1308 1502 1352 1533 Ὠς
1382 1501 1430 1528 οὖν
1455 1501 1542 1532 οὕτως
1569 1500 1689 1533 ἐξένιζον
1715 1499 1849 1535 ἀλλήλους
1878 1499 1926 1526 καὶ

290 1564 430 1598 proprium
445 1570 524 1590 suum
542 1562 662 1589 ducebat
679 1562 822 1588 honorem.
837 1562 975 1589 Prmterea
987 1566 1078 1588 autem

1132 1548 1283 1580 ἐξενίζοντο
1308 1547 1521 1581 σονεστιώμενοί
1533 1555 1599 1573 ποτε
1624 1546 1672 1572 καὶ
1687 1545 1923 1578 συνδειπνοῦντες,

290 1614 404 1642 magnus
431 1613 542 1641 quoque
565 1605 695 1641 Spiridon
710 1605 744 1633 ad
764 1613 828 1633 eum
851 1606 990 1634 veniebat.
1011 1606 1081 1633 Cum

288 1662 355 1688 ergo
370 1654 410 1680 sic
423 1661 452 1680 se
483 1653 602 1679 invicem
627 1652 747 1686 hospitio
761 1653 917 1687 acciperent
932 1657 960 1679 et
975 1652 1083 1687 accipe-

290 1704 398 1728 rentur.
435 1698 593 1726 convivium
628 1697 794 1732 quandoque
831 1698 911 1724 simul
945 1698 1082 1730 ineuntes,

291 1750 404 1770 sanctus
429 1747 584 1777 opportune
606 1742 706 1775 volens
726 1746 836 1775 captare
861 1741 978 1768 amicum
1003 1748 1083 1768 suum

293 1789 434 1823 gentilem,
456 1795 619 1820 conversus,
640 1787 680 1815 eis
692 1787 877 1820 audientibus,
894 1787 961 1814 dicit
976 1787 1083 1814 cuidam

294 1833 376 1860 exiis
389 1833 435 1867 qui
450 1833 662 1860 ministrabant:
679 1833 759 1865 Puer,
785 1833 884 1868 inquit,
908 1840 1017 1868 parvus,
1037 1833 1084 1867 qui

296 1885 364 1905 meae
388 1877 452 1905 fidei
481 1878 532 1904 fuit
562 1878 738 1910 commissus,
757 1882 787 1904 ut
813 1885 921 1912 gregem
949 1882 1083 1912 pasceret.

295 1925 413 1961 graviori
427 1932 524 1952 somno
538 1932 698 1959 oppressus,
711 1924 831 1959 peduces
841 1923 1007 1958 perdiderat.
1017 1923 1085 1950 Cum

294 1978 358 1998 eum
370 1976 462 1998 autem
476 1971 628 1998 dimisisset
641 1979 765 2003 somnus,
778 1970 923 2005 diligenter
937 1973 1084 2003 scrutatus,

296 2017 506 2045 invenitomnes
514 2018 596 2045 simul
618 2018 766 2046 absconsas
777 2018 804 2045 in
817 2018 933 2053 quadam
943 2018 1084 2052 spelunca.

295 2063 459 2098 Priusquam
475 2071 540 2090 vero
555 2071 600 2090 eas
618 2064 780 2096 invenisset,
799 2063 831 2090 ad
850 2071 900 2090 nos
924 2063 998 2090 misit
1014 2070 1086 2089 nun-

296 2108 377 2138 tium.
393 2108 440 2142 qui
459 2108 626 2143 significaret
649 2109 722 2143 quod
747 2114 887 2136 evenerat.
917 2108 964 2134 llle
993 2112 1086 2135 autem

296 2154 422 2186 accessit,
434 2158 462 2181 et
477 2159 530 2181 stat
546 2163 595 2189 pro
614 2154 730 2181 foribus.
747 2154 787 2181 Tu
805 2161 870 2181 vero
885 2153 1034 2186 descende,
1059 2157 1087 2180 et

296 2201 322 2228 ei
336 2201 432 2228 nuntio
453 2201 586 2235 signiﬁca,
613 2208 711 2228 omnes
734 2208 795 2227 esse
823 2200 958 2231 inventas,
983 2203 1011 2226 et
1036 2206 1086 2226 nec

1132 1596 1146 1621 6
1178 1596 1255 1627 ἅγιος
1279 1594 1444 1629 εὐαφόρμως
1472 1594 1519 1620 τὸν
1551 1593 1670 1628 Ἕλληνα
1694 1593 1770 1627 φίλον
1803 1593 1925 1628 θηρᾶσαι

1133 1640 1305 1675 βουλόμενος,
1335 1640 1466 1675 στραφεὶς
1497 1640 1537 1669 είς
1567 1640 1685 1673 ἐπήκοον
1698 1640 1788 1665 αὐτῶν
1803 1648 1856 1666 τινι
1871 1640 1926 1666 τῶν

1134 1686 1352 1720 ὑπηρετούντων,
1369 1685 1398 1711 '0
1410 1686 1474 1716 παῖς
1484 1685 1498 1710 6
1516 1684 1626 1719 μικρδς,
1641 1684 1706 1719 ἔφη,
1718 1685 1732 1710 6
1747 1684 1777 1711 τδ
1800 1685 1926 1719 ποίμνιον

1133 1732 1227 1765 νέμειν
1244 1739 1288 1766 μοι
1304 1730 1473 1762 πιστευθεὶς,
1496 1730 1572 1765 ὕπνῳ
1589 1730 1731 1765 βαθυτέρῳ
1746 1730 1927 1765 κατασχεθεὶς

1133 1776 1303 1803 ἀπολωλέκει
1331 1777 1365 1802 τὰ
1394 1776 1551 1811 θρέμματα.
1582 1775 1636 1802 Τοῦ
1667 1775 1753 1802 ὕπνου
1769 1776 1798 1803 δὲ
1817 1777 1928 1808 ἀνέντος

1137 1823 1219 1849 αὐτὸν
1245 1823 1318 1848 πάνυ
1337 1822 1439 1857 σφόδρα
1471 1822 1634 1856 ἐρευνήσας,
1666 1819 1744 1856 εὗρεν
1756 1823 1785 1848 ἐν
1803 1822 1929 1857 τπηλαίῳ

1133 1871 1187 1896 τινὶ
1209 1869 1298 1896 πάντα
1326 1869 1394 1903 ὁμοῦ
1425 1870 1604 1905 κρυπτόμενα
1618 1877 1625 1885 ·
1658 1868 1756 1903 φθάνοι
1777 1869 1804 1895 δὲ
1820 1870 1885 1904 πρὶν
1911 1870 1927 1904 ἢ

1135 1915 1222 1942 ταῦτα
1237 1915 1336 1950 εὑρεῖν,
1369 1915 1486 1949 ἄγγελον
1510 1915 1547 1947 ὡς
1568 1916 1641 1950 ἡμᾶς
1658 1915 1832 1941 ἀποστέλλων
1843 1915 1926 1950 δῆλον

1135 1961 1166 1988 τὸ
1181 1961 1284 1995 συρῦἀν
1299 1962 1489 1996 ποιησόμενον.
1503 1962 1558 1987 Καὶ
1569 1961 1609 1994 ὃς,
1623 1961 1673 1996 ήδη
1688 1962 1926 1996 παραγενόμενος,

1135 2007 1189 2043 πρὸ
1203 2008 1256 2033 τῶν
1280 2007 1372 2034 πυλῶν
1391 2007 1509 2035 ἵσταται.
1528 2008 1608 2033 Ἀλλὰ
1626 2008 1658 2034 σὺ
1677 2007 1827 2041 κατελθὼν,
1840 2004 1863 2034 ὦ
1881 2006 1931 2036 οὖ-

1136 2062 1194 2086 τος,
1209 2053 1345 2088 γνώρισον
1363 2053 1438 2087 αὐτῷ
1452 2054 1483 2088 δὴ
1495 2053 1533 2088 τῷ
1543 2053 1653 2088 ἀγγέλῳ
1667 2053 1708 2080 ὃτι
1724 2053 1839 2088 εὕρηται
1850 2055 1932 2089 ἀκρι-

1138 2100 1193 2131 εῶς
1209 2100 1308 2132 πάντα,
1333 2100 1381 2126 καὶ
1398 2099 1459 2126 οὐδὲ
1482 2099 1511 2126 ἓν
1531 2099 1600 2126 ἐνδέί
1616 2099 1654 2134 τῷ
1677 2099 1807 2135 ποιμνίῳ.
1827 2100 1932 2126 Ἤκου-

1139 2155 1185 2173 σεν
1200 2147 1213 2173 6
1237 2146 1382 2182 ὑπηρετῶν
1407 2145 1505 2178 ταῦτα,
1538 2146 1586 2172 καὶ
1602 2145 1729 2172 ἀπελθὼν
1742 2147 1810 2180 πρϊς
1834 2145 1931 2179 ταχος,

1137 2193 1177 2228 τῷ
1194 2193 1247 2229 πρὸ
1261 2193 1316 2219 τῶν
1336 2192 1429 2219 πυλῶν
1441 2192 1616 2227 διεσάφησεν.
1626 2191 1710 2218 Οὔπω
1725 2193 1774 2227 τῆς
1788 2191 1930 2227 τραπέζης

298 2255 380 2274 unam
394 2247 505 2282 quidem
519 2246 614 2274 deesse
625 2248 710 2282 gregi.
721 2246 835 2274 Audivit
850 2245 984 2277 minister,
998 2249 1026 2272 et
1038 2245 1078 2272 abi

1143 2240 1284 2274 ἀρθείσης,
1318 2238 1411 2274 ἕτερος
1441 2238 1518 2270 αὖθις
1544 2239 1661 2272 ἄγγελος
1676 2239 1821 2273 παρελθὼν
1840 2239 1932 2266 πάντα

299 2293 360 2320 iens
383 2294 501 2321 maxima
520 2294 672 2325 celeritate,
697 2293 723 2320 ei
740 2291 914 2327 significavit,
935 2291 981 2326 qui
997 2291 1088 2317 stabat

301 2347 350 2374 pro
366 2339 482 2366 foribus.
506 2339 600 2366 Mensa
624 2339 747 2365 nondum
763 2337 883 2369 sublata,
909 2337 979 2364 alius
993 2344 1088 2364 rursus

299 2384 414 2411 veniens
427 2384 551 2415 nuntius,
570 2384 711 2410 renuntiat
732 2383 823 2409 omnia
840 2382 978 2415 similiter,
993 2382 1089 2409 inven-

301 2434 344 2455 tas
357 2429 489 2464 peduces,
507 2433 535 2455 et
549 2428 651 2461 locum,
665 2432 694 2455 et
717 2435 753 2454 ne
768 2435 849 2454 unam
866 2427 978 2461 quidem
991 2427 1087 2454 deesse

302 2481 428 2501 numero.
442 2473 505 2500 llaec
519 2473 591 2500 dicta
607 2473 641 2500 iis
651 2480 712 2508 quae
724 2479 834 2499 sanctus
848 2472 964 2503 dixerat,
978 2473 1090 2499 omnino

301 2520 509 2551 convenientia,
539 2527 667 2554 magnum
695 2524 836 2554 stuporem
870 2520 1024 2554 injecerunt
1051 2518 1089 2546 illi

305 2565 467 2596 itlulolatrae,
485 2569 514 2592 et
524 2570 649 2592 sanctum
664 2572 713 2599 pro
730 2565 785 2591 Deo
801 2564 928 2596 habebat,
947 2568 974 2590 et
998 2563 1092 2590 obser-

303 2613 402 2638 vabat:
425 2616 453 2639 et
475 2611 586 2638 volebat
606 2611 702 2638 eadem
729 2610 830 2643 facere,
857 2619 917 2645 quae
952 2610 1090 2645 Lyeaones

304 2656 452 2690 aliquando
475 2656 614 2684 faciebant
628 2656 759 2684 Barnabre
788 2660 816 2683 et
830 2655 915 2683 Paulo
934 2656 966 2688 “,
991 2663 1090 2690 nempe

305 2702 330 2728 ei
357 2706 452 2730 tauros
466 2703 632 2734 sacriﬁcare,
647 2707 675 2730 et
693 2703 721 2730 in
743 2701 879 2730 vestibulo
894 2709 1010 2729 coronas
1030 2709 1093 2728 sus-

307 2747 437 2781 pendere.
455 2749 503 2777 llle
515 2757 580 2777 vero
595 2749 666 2778 sicut
679 2749 728 2780 illi,
747 2749 772 2776 ei
791 2748 877 2775 dixit:
893 2747 952 2775 Non
970 2755 1020 2783 ego
1031 2755 1092 2775 sum

305 2792 389 2825 Deus.
406 2795 453 2822 sed
471 2802 569 2822 servus
583 2795 631 2822 Dei
647 2795 749 2829 potius,
767 2793 851 2821 homo
867 2792 915 2828 qui
928 2800 990 2820 sum
1005 2792 1093 2821 obno-

971 2861 996 2883 μ’,
999 2869 1010 2889 ,

343 2888 363 2904 "
379 2888 439 2916 Act.
457 2896 483 2922 ν,
501 2889 511 2915 l
531 2895 608 2922 seqq.
648 2888 669 2904 "
687 2888 747 2916 Act.
760 2895 814 2914 nr.

1138 2286 1239 2321 ὁμοίως
1267 2285 1421 2320 ἀπήγγειλε
1449 2285 1498 2320 τὴν
1527 2284 1638 2320 εὕρεσιν
1655 2285 1701 2311 καὶ
1715 2285 1761 2311 τὸν
1772 2284 1866 2317 τόπον,
1882 2285 1934 2311 καὶ

1139 2333 1182 2360 ὅτι
1215 2333 1298 2368 μηδὲν
1330 2332 1488 2359 ἐλλείπωνὸ
1505 2331 1623 2366 ἀριθμὸς
1638 2330 1682 2366 ἦν.
1707 2330 1801 2358 Ταῦτα
1825 2332 1934 2364 συνῳὸἂ

1140 2379 1300 2406 παντάπασι
1314 2378 1353 2413 τῷ
1365 2378 1435 2413 ἁγίῳ
1448 2378 1576 2413 ῥηθέντα,
1603 2377 1705 2413 πολλὴν
1732 2376 1864 2412 ἔκπληξιν
1880 2378 1935 2412 ιμ-

1143 2424 1260 2459 ὃεὸληκε
1274 2424 1314 2458 τῷ
1347 2423 1540 2459 εἰδωλολάτρῃ.
1578 2424 1626 2450 καὶ
1650 2423 1686 2454 ὡς
1704 2423 1764 2458 Θεῷ
1781 2423 1820 2458 τῷ
1833 2423 1934 2457 δικαίῳ

1145 2471 1287 2506 προσέχων
1303 2467 1348 2505 ἦν,
1359 2470 1447 2496 καὶτὰ
1458 2470 1528 2496 αὑτὰ
1539 2471 1626 2496 ποιεῖν
1635 2469 1775 2504 ἠϐούλετο,
1789 2469 1806 2495 ἃ
1819 2469 1851 2502 δή
1868 2477 1938 2495 ποτι

1144 2515 1191 2541 καὶ
1208 2515 1348 2545 Λυκάονες
1364 2514 1431 2548 πρὸς
1444 2513 1589 2550 Βαρνάϐαν
1616 2515 1664 2540 καὶ
1691 2513 1797 2540 Παῦλον
1813 2513 1935 2545 εποίουν,

1144 2561 1219 2588 θύειν
1245 2560 1320 2594 αὐτῷ
1354 2560 1480 2594 ταύρους,
1501 2561 1548 2586 καὶ
1568 2560 1617 2587 τοῦ
1643 2560 1765 2591 πυλῶνος
1788 2561 1938 2594 στέμματα

1145 2607 1274 2642 ὲξαρτᾷν.
1295 2607 1324 2632 '0
1341 2606 1379 2639 δὲ,
1399 2605 1495 2642 ὥσπερ
1522 2607 1658 2640 κάκεῖνοι,
1675 2606 1743 2641 πρὸς
1768 2606 1862 2639 αὑτὸν,
1878 2606 1938 2632 οὐκ

1144 2654 1199 2688 ὶγὼ
1212 2653 1289 2684 Θεὸς,
1307 2650 1394 2686 εἶπεν,
1408 2653 1476 2679 ἀλλὰ
1493 2653 1586 2684 δοῦλος
1604 2651 1674 2678 Θεοῦ
1693 2651 1809 2687 μᾶλλον,
1827 2652 1940 2686 ἄνθρω-

1145 2708 1195 2731 πος
1211 2700 1254 2726 σοὶ
1266 2699 1446 2734 ὁμοιοπαθής.
1474 2699 1510 2725 Τδ
1529 2699 1556 2725 δὲ
1569 2699 1658 2731 καλῶς
1673 2699 1775 2725 ειδέναι
1792 2698 1838 2723 τὸν
1853 2697 1937 2733 μόνον

1146 2746 1214 2773 Θεὸν
1229 2746 1310 2773 τοῦτὸ
1341 2755 1387 2780 μοι
1417 2746 1465 2773 καὶ
1491 2746 1522 2773 τὸ
1536 2745 1621 2773 ταῦτα
1655 2745 1754 2772 ειδέναι
1779 2744 1936 2780 χαρίζεται.

1150 2793 1199 2820 ’ον
1214 2793 1238 2820 εἰ
1252 2793 1298 2819 καὶ
1327 2793 1358 2819 σὺ
1374 2792 1514 2826 Δεσπότην
1549 2792 1738 2828 ὁμολογήσεις,
1754 2791 1814 2826 εἴσῃ
1827 2791 1939 2822 παντως
