  <div class='ocr_page' id='page_1' title='image "/cluster/home/n/w/nwhite01/storage/ocr_20150623/116/njp.32101077772984/305.png"; bbox 0 0 2086 3153; ppageno 0'>
   <div class='ocr_carea' id='block_1_1' title="bbox 223 153 273 185">
    <p class='ocr_par' dir='ltr' id='par_1_1' title="bbox 223 153 273 185">
     <span class='ocr_line' id='line_1_1' title="bbox 223 153 273 185; baseline 0.02 -1"><span class='ocrx_word' id='word_1_1' title='bbox 223 153 273 185; x_wconf 73' lang='grc'><strong>471</strong></span> 
     </span>
    </p>
   </div>
   <div class='ocr_carea' id='block_1_2' title="bbox 829 153 1208 185">
    <p class='ocr_par' dir='ltr' id='par_1_2' title="bbox 829 153 1208 185">
     <span class='ocr_line' id='line_1_2' title="bbox 829 153 1208 185; baseline 0 -1"><span class='ocrx_word' id='word_1_2' title='bbox 829 153 969 184; x_wconf 75' lang='lat' dir='ltr'><strong>MENSIS</strong></span> <span class='ocrx_word' id='word_1_3' title='bbox 989 153 1208 185; x_wconf 81' lang='lat' dir='ltr'><strong>DECEMBER.</strong></span> 
     </span>
    </p>
   </div>
   <div class='ocr_carea' id='block_1_3' title="bbox 1795 149 1847 181">
    <p class='ocr_par' dir='ltr' id='par_1_3' title="bbox 1795 149 1847 181">
     <span class='ocr_line' id='line_1_3' title="bbox 1795 149 1847 181; baseline 0.019 -1"><span class='ocrx_word' id='word_1_4' title='bbox 1795 149 1847 181; x_wconf 67' lang='grc'><strong>4⁸12</strong></span> 
     </span>
    </p>
   </div>
   <div class='ocr_carea' id='block_1_4' title="bbox 223 203 1012 248">
    <p class='ocr_par' dir='ltr' id='par_1_4' title="bbox 223 203 1008 248">
     <span class='ocr_line' id='line_1_4' title="bbox 223 203 1008 248; baseline -0.001 -8"><span class='ocrx_word' id='word_1_5' title='bbox 223 203 422 245; x_wconf 65' lang='lat' dir='ltr'><strong>testimonium,</strong></span> <span class='ocrx_word' id='word_1_6' title='bbox 436 211 483 247; x_wconf 85' lang='lat' dir='ltr'><strong>qui</strong></span> <span class='ocrx_word' id='word_1_7' title='bbox 499 218 532 239; x_wconf 88' lang='lat' dir='ltr'><strong>eo</strong></span> <span class='ocrx_word' id='word_1_8' title='bbox 548 215 671 248; x_wconf 78' lang='lat' dir='ltr'><strong>tempore</strong></span> <span class='ocrx_word' id='word_1_9' title='bbox 688 217 748 240; x_wconf 85' lang='lat' dir='ltr'><strong>erat</strong></span> <span class='ocrx_word' id='word_1_10' title='bbox 764 212 907 248; x_wconf 78' lang='lat' dir='ltr'><strong>presbyter</strong></span> <span class='ocrx_word' id='word_1_11' title='bbox 927 213 1008 247; x_wconf 84' lang='lat' dir='ltr'><strong>hujus</strong></span> 
     </span>
    </p>
   </div>
   <div class='ocr_carea' id='block_1_5' title="bbox 1063 203 1845 248">
    <p class='ocr_par' dir='ltr' id='par_1_5' title="bbox 1063 207 1845 246">
     <span class='ocr_line' id='line_1_5' title="bbox 1063 207 1845 246; baseline -0.005 -9"><span class='ocrx_word' id='word_1_12' title='bbox 1063 211 1138 244; x_wconf 73' lang='grc' dir='ltr'>Θεοῦ,</span> <span class='ocrx_word' id='word_1_13' title='bbox 1167 210 1415 246; x_wconf 74' lang='grc' dir='ltr'><strong>μεμαρτυρημένον</strong></span> <span class='ocrx_word' id='word_1_14' title='bbox 1441 209 1496 239; x_wconf 78' lang='grc' dir='ltr'>τοῖς</span> <span class='ocrx_word' id='word_1_15' title='bbox 1523 209 1606 234; x_wconf 82' lang='grc' dir='ltr'>πᾶσιν</span> <span class='ocrx_word' id='word_1_16' title='bbox 1635 207 1678 234; x_wconf 70' lang='grc' dir='ltr'><strong>ἐπ’</strong></span> <span class='ocrx_word' id='word_1_17' title='bbox 1706 207 1845 243; x_wconf 77' lang='grc' dir='ltr'>εὒλαὸείᾳ,</span> 
     </span>
    </p>
   </div>
   <div class='ocr_carea' id='block_1_6' title="bbox 223 258 1006 293">
    <p class='ocr_par' dir='ltr' id='par_1_6' title="bbox 223 258 1006 293">
     <span class='ocr_line' id='line_1_6' title="bbox 223 258 1006 293; baseline 0 -7"><span class='ocrx_word' id='word_1_18' title='bbox 223 259 358 290; x_wconf 74' lang='lat' dir='ltr'><strong>ecclesiae,</strong></span> <span class='ocrx_word' id='word_1_19' title='bbox 379 258 532 293; x_wconf 73' lang='lat' dir='ltr'><strong>ingressum</strong></span> <span class='ocrx_word' id='word_1_20' title='bbox 556 259 590 286; x_wconf 89' lang='lat' dir='ltr'><strong>ad</strong></span> <span class='ocrx_word' id='word_1_21' title='bbox 606 259 752 290; x_wconf 82' lang='lat' dir='ltr'><strong>orandum.</strong></span> <span class='ocrx_word' id='word_1_22' title='bbox 774 267 833 287; x_wconf 86' lang='lat' dir='ltr'><strong>eam</strong></span> <span class='ocrx_word' id='word_1_23' title='bbox 853 259 1006 290; x_wconf 77' lang='lat' dir='ltr'><strong>sustulisse,</strong></span> 
     </span>
    </p>
   </div>
   <div class='ocr_carea' id='block_1_7' title="bbox 221 304 1008 340">
    <p class='ocr_par' dir='ltr' id='par_1_7' title="bbox 221 304 1008 340">
     <span class='ocr_line' id='line_1_7' title="bbox 221 304 1008 340; baseline 0.001 -10"><span class='ocrx_word' id='word_1_24' title='bbox 221 308 252 331; x_wconf 82' lang='lat' dir='ltr'><strong>ut</strong></span> <span class='ocrx_word' id='word_1_25' title='bbox 269 304 368 331; x_wconf 88' lang='lat' dir='ltr'><strong>habeat</strong></span> <span class='ocrx_word' id='word_1_26' title='bbox 387 312 496 337; x_wconf 83' lang='lat' dir='ltr'><strong>zonam,</strong></span> <span class='ocrx_word' id='word_1_27' title='bbox 518 305 619 337; x_wconf 86' lang='lat' dir='ltr'><strong>sinere,</strong></span> <span class='ocrx_word' id='word_1_28' title='bbox 637 310 665 333; x_wconf 87' lang='lat' dir='ltr'><strong>et</strong></span> <span class='ocrx_word' id='word_1_29' title='bbox 688 306 721 333; x_wconf 89' lang='lat' dir='ltr'><strong>ad</strong></span> <span class='ocrx_word' id='word_1_30' title='bbox 740 306 827 340; x_wconf 86' lang='lat' dir='ltr'><strong>ipsum</strong></span> <span class='ocrx_word' id='word_1_31' title='bbox 851 306 962 333; x_wconf 88' lang='lat' dir='ltr'><strong>reverti.</strong></span> <span class='ocrx_word' id='word_1_32' title='bbox 980 304 1008 332; x_wconf 90' lang='lat' dir='ltr'><strong>Si</strong></span> 
     </span>
    </p>
   </div>
   <div class='ocr_carea' id='block_1_8' title="bbox 221 349 1008 386">
    <p class='ocr_par' dir='ltr' id='par_1_8' title="bbox 221 349 1008 386">
     <span class='ocr_line' id='line_1_8' title="bbox 221 349 1008 386; baseline 0.001 -10"><span class='ocrx_word' id='word_1_33' title='bbox 221 349 321 384; x_wconf 81' lang='lat' dir='ltr'><strong>aliquis</strong></span> <span class='ocrx_word' id='word_1_34' title='bbox 340 354 431 377; x_wconf 88' lang='lat' dir='ltr'><strong>autem</strong></span> <span class='ocrx_word' id='word_1_35' title='bbox 448 350 518 378; x_wconf 87' lang='lat' dir='ltr'><strong>alius</strong></span> <span class='ocrx_word' id='word_1_36' title='bbox 534 351 586 378; x_wconf 84' lang='lat' dir='ltr'><strong>hoc</strong></span> <span class='ocrx_word' id='word_1_37' title='bbox 601 352 693 384; x_wconf 82' lang='lat' dir='ltr'><strong>faciat,</strong></span> <span class='ocrx_word' id='word_1_38' title='bbox 716 359 887 386; x_wconf 76' lang='lat' dir='ltr'><strong>nequaquam</strong></span> <span class='ocrx_word' id='word_1_39' title='bbox 903 352 928 378; x_wconf 88' lang='lat' dir='ltr'><strong>ei</strong></span> <span class='ocrx_word' id='word_1_40' title='bbox 946 358 1008 385; x_wconf 85' lang='lat' dir='ltr'><strong>per-</strong></span> 
     </span>
    </p>
   </div>
   <div class='ocr_carea' id='block_1_9' title="bbox 222 394 1008 432">
    <p class='ocr_par' dir='ltr' id='par_1_9' title="bbox 222 394 1008 432">
     <span class='ocr_line' id='line_1_9' title="bbox 222 394 1008 432; baseline 0.001 -10"><span class='ocrx_word' id='word_1_41' title='bbox 222 394 342 428; x_wconf 83' lang='lat' dir='ltr'><strong>mittere,</strong></span> <span class='ocrx_word' id='word_1_42' title='bbox 366 396 414 423; x_wconf 85' lang='lat' dir='ltr'><strong>sed</strong></span> <span class='ocrx_word' id='word_1_43' title='bbox 434 404 493 424; x_wconf 87' lang='lat' dir='ltr'><strong>eam</strong></span> <span class='ocrx_word' id='word_1_44' title='bbox 512 405 608 424; x_wconf 80' lang='lat' dir='ltr'><strong>zonam</strong></span> <span class='ocrx_word' id='word_1_45' title='bbox 632 403 766 432; x_wconf 82' lang='lat' dir='ltr'><strong>repetere,</strong></span> <span class='ocrx_word' id='word_1_46' title='bbox 791 397 842 424; x_wconf 80' lang='lat' dir='ltr'><strong>hoc</strong></span> <span class='ocrx_word' id='word_1_47' title='bbox 867 397 893 423; x_wconf 88' lang='lat' dir='ltr'><strong>in</strong></span> <span class='ocrx_word' id='word_1_48' title='bbox 918 402 1008 423; x_wconf 88' lang='lat' dir='ltr'><strong>mente</strong></span> 
     </span>
    </p>
   </div>
   <div class='ocr_carea' id='block_1_10' title="bbox 219 441 1007 478">
    <p class='ocr_par' dir='ltr' id='par_1_10' title="bbox 219 441 1007 478">
     <span class='ocr_line' id='line_1_10' title="bbox 219 441 1007 478; baseline 0.001 -10"><span class='ocrx_word' id='word_1_49' title='bbox 219 441 358 476; x_wconf 73' lang='lat' dir='ltr'><strong>judicans,</strong></span> <span class='ocrx_word' id='word_1_50' title='bbox 377 442 449 477; x_wconf 90' lang='lat' dir='ltr'><strong>quod</strong></span> <span class='ocrx_word' id='word_1_51' title='bbox 467 442 490 469; x_wconf 86' lang='lat' dir='ltr'><strong>si</strong></span> <span class='ocrx_word' id='word_1_52' title='bbox 509 443 652 478; x_wconf 79' lang='lat' dir='ltr'><strong>presbyter</strong></span> <span class='ocrx_word' id='word_1_53' title='bbox 669 451 765 470; x_wconf 87' lang='lat' dir='ltr'><strong>zonam</strong></span> <span class='ocrx_word' id='word_1_54' title='bbox 790 443 945 474; x_wconf 81' lang='lat' dir='ltr'><strong>abstulerit,</strong></span> <span class='ocrx_word' id='word_1_55' title='bbox 965 442 1007 469; x_wconf 83' lang='lat' dir='ltr'><strong>fu-</strong></span> 
     </span>
    </p>
   </div>
   <div class='ocr_carea' id='block_1_11' title="bbox 221 487 1009 522">
    <p class='ocr_par' dir='ltr' id='par_1_11' title="bbox 221 487 1009 522">
     <span class='ocr_line' id='line_1_11' title="bbox 221 487 1009 522; baseline 0 -9"><span class='ocrx_word' id='word_1_56' title='bbox 221 492 313 514; x_wconf 77' lang='lat' dir='ltr'><strong>turum</strong></span> <span class='ocrx_word' id='word_1_57' title='bbox 328 487 364 514; x_wconf 85' lang='lat' dir='ltr'><strong>sit</strong></span> <span class='ocrx_word' id='word_1_58' title='bbox 376 487 402 514; x_wconf 89' lang='lat' dir='ltr'>id</span> <span class='ocrx_word' id='word_1_59' title='bbox 419 488 541 514; x_wconf 89' lang='lat' dir='ltr'><strong>divinum</strong></span> <span class='ocrx_word' id='word_1_60' title='bbox 555 488 699 515; x_wconf 79' lang='lat' dir='ltr'><strong>consilium</strong></span> <span class='ocrx_word' id='word_1_61' title='bbox 713 493 740 516; x_wconf 86' lang='lat' dir='ltr'><strong>et</strong></span> <span class='ocrx_word' id='word_1_62' title='bbox 754 488 935 522; x_wconf 84' lang='lat' dir='ltr'><strong>providentia,</strong></span> <span class='ocrx_word' id='word_1_63' title='bbox 948 495 1009 522; x_wconf 70' lang='lat' dir='ltr'><strong>quae</strong></span> 
     </span>
    </p>
   </div>
   <div class='ocr_carea' id='block_1_12' title="bbox 221 532 1009 569">
    <p class='ocr_par' dir='ltr' id='par_1_12' title="bbox 221 532 1009 569">
     <span class='ocr_line' id='line_1_12' title="bbox 221 532 1009 569; baseline 0 -10"><span class='ocrx_word' id='word_1_64' title='bbox 221 532 357 568; x_wconf 80' lang='lat' dir='ltr'><strong>signiﬁcet</strong></span> <span class='ocrx_word' id='word_1_65' title='bbox 379 533 486 560; x_wconf 80' lang='lat' dir='ltr'><strong>felicem</strong></span> <span class='ocrx_word' id='word_1_66' title='bbox 505 541 660 561; x_wconf 80' lang='lat' dir='ltr'><strong>successum</strong></span> <span class='ocrx_word' id='word_1_67' title='bbox 682 534 814 569; x_wconf 82' lang='lat' dir='ltr'><strong>martyrii,</strong></span> <span class='ocrx_word' id='word_1_68' title='bbox 839 534 910 569; x_wconf 89' lang='lat' dir='ltr'><strong>quod</strong></span> <span class='ocrx_word' id='word_1_69' title='bbox 935 534 1009 560; x_wconf 82' lang='lat' dir='ltr'><strong>desi—</strong></span> 
     </span>
    </p>
   </div>
   <div class='ocr_carea' id='block_1_13' title="bbox 223 579 1008 610">
    <p class='ocr_par' dir='ltr' id='par_1_13' title="bbox 223 579 1008 610">
     <span class='ocr_line' id='line_1_13' title="bbox 223 579 1008 610; baseline 0.001 -5"><span class='ocrx_word' id='word_1_70' title='bbox 223 579 312 606; x_wconf 85' lang='lat' dir='ltr'><strong>derat.</strong></span> <span class='ocrx_word' id='word_1_71' title='bbox 338 579 386 606; x_wconf 88' lang='lat' dir='ltr'><strong>Sin</strong></span> <span class='ocrx_word' id='word_1_72' title='bbox 411 587 477 606; x_wconf 86' lang='lat' dir='ltr'><strong>vero</strong></span> <span class='ocrx_word' id='word_1_73' title='bbox 501 579 554 606; x_wconf 85' lang='lat' dir='ltr'><strong>hoc</strong></span> <span class='ocrx_word' id='word_1_74' title='bbox 579 587 632 606; x_wconf 91' lang='lat' dir='ltr'><strong>non</strong></span> <span class='ocrx_word' id='word_1_75' title='bbox 658 580 795 610; x_wconf 79' lang='lat' dir='ltr'><strong>evenerit,</strong></span> <span class='ocrx_word' id='word_1_76' title='bbox 822 580 921 606; x_wconf 78' lang='lat' dir='ltr'><strong>debere</strong></span> <span class='ocrx_word' id='word_1_77' title='bbox 945 587 1008 606; x_wconf 87' lang='lat' dir='ltr'><strong>eum</strong></span> 
     </span>
    </p>
   </div>
   <div class='ocr_carea' id='block_1_14' title="bbox 222 625 1008 657">
    <p class='ocr_par' dir='ltr' id='par_1_14' title="bbox 222 625 1008 657">
     <span class='ocr_line' id='line_1_14' title="bbox 222 625 1008 657; baseline 0.003 -6"><span class='ocrx_word' id='word_1_78' title='bbox 222 625 320 657; x_wconf 85' lang='lat' dir='ltr'><strong>latere,</strong></span> <span class='ocrx_word' id='word_1_79' title='bbox 338 633 389 652; x_wconf 89' lang='lat' dir='ltr'><strong>nec</strong></span> <span class='ocrx_word' id='word_1_80' title='bbox 408 625 510 652; x_wconf 86' lang='lat' dir='ltr'><strong>audere</strong></span> <span class='ocrx_word' id='word_1_81' title='bbox 527 626 565 653; x_wconf 90' lang='lat' dir='ltr'><strong>uti</strong></span> <span class='ocrx_word' id='word_1_82' title='bbox 581 625 680 653; x_wconf 85' lang='lat' dir='ltr'><strong>ﬁducia</strong></span> <span class='ocrx_word' id='word_1_83' title='bbox 696 631 723 654; x_wconf 91' lang='lat' dir='ltr'><strong>et</strong></span> <span class='ocrx_word' id='word_1_84' title='bbox 739 626 849 653; x_wconf 87' lang='lat' dir='ltr'><strong>dicendi</strong></span> <span class='ocrx_word' id='word_1_85' title='bbox 871 626 1008 654; x_wconf 79' lang='lat' dir='ltr'><strong>libertate.</strong></span> 
     </span>
    </p>
   </div>
   <div class='ocr_carea' id='block_1_15' title="bbox 259 756 1010 796">
    <p class='ocr_par' dir='ltr' id='par_1_15' title="bbox 259 756 1010 796">
     <span class='ocr_line' id='line_1_15' title="bbox 259 756 1010 796; baseline 0.008 -13"><span class='ocrx_word' id='word_1_86' title='bbox 259 756 291 784; x_wconf 87' lang='lat' dir='ltr'><strong>V.</strong></span> <span class='ocrx_word' id='word_1_87' title='bbox 302 756 370 784; x_wconf 91' lang='lat' dir='ltr'><strong>Cum</strong></span> <span class='ocrx_word' id='word_1_88' title='bbox 389 757 441 785; x_wconf 86' lang='lat' dir='ltr'><strong>hoc</strong></span> <span class='ocrx_word' id='word_1_89' title='bbox 452 764 517 792; x_wconf 78' lang='lat' dir='ltr'><strong>ergo</strong></span> <span class='ocrx_word' id='word_1_90' title='bbox 531 758 631 786; x_wconf 81' lang='lat' dir='ltr'><strong>factum</strong></span> <span class='ocrx_word' id='word_1_91' title='bbox 649 765 732 792; x_wconf 86' lang='lat' dir='ltr'><strong>esset,</strong></span> <span class='ocrx_word' id='word_1_92' title='bbox 745 766 773 787; x_wconf 80' lang='lat' dir='ltr'><strong>et</strong></span> <span class='ocrx_word' id='word_1_93' title='bbox 785 761 902 789; x_wconf 80' lang='lat' dir='ltr'><strong>fatnulus</strong></span> <span class='ocrx_word' id='word_1_94' title='bbox 918 763 1010 796; x_wconf 81' lang='lat' dir='ltr'><strong>paucis</strong></span> 
     </span>
    </p>
   </div>
   <div class='ocr_carea' id='block_1_16' title="bbox 223 803 1010 841">
    <p class='ocr_par' dir='ltr' id='par_1_16' title="bbox 223 803 1010 841">
     <span class='ocr_line' id='line_1_16' title="bbox 223 803 1010 841; baseline 0.008 -13"><span class='ocrx_word' id='word_1_95' title='bbox 223 807 286 837; x_wconf 87' lang='lat' dir='ltr'><strong>post</strong></span> <span class='ocrx_word' id='word_1_96' title='bbox 308 803 406 830; x_wconf 88' lang='lat' dir='ltr'><strong>diebus</strong></span> <span class='ocrx_word' id='word_1_97' title='bbox 424 804 592 836; x_wconf 88' lang='lat' dir='ltr'><strong>revertisset,</strong></span> <span class='ocrx_word' id='word_1_98' title='bbox 619 809 646 832; x_wconf 89' lang='lat' dir='ltr'><strong>et</strong></span> <span class='ocrx_word' id='word_1_99' title='bbox 669 805 783 833; x_wconf 79' lang='lat' dir='ltr'><strong>dixisset</strong></span> <span class='ocrx_word' id='word_1_100' title='bbox 807 806 879 841; x_wconf 89' lang='lat' dir='ltr'><strong>quod</strong></span> <span class='ocrx_word' id='word_1_101' title='bbox 903 815 934 834; x_wconf 84' lang='lat' dir='ltr'><strong>ea</strong></span> <span class='ocrx_word' id='word_1_102' title='bbox 953 808 1010 841; x_wconf 85' lang='lat' dir='ltr'><strong>ipsa</strong></span> 
     </span>
    </p>
   </div>
   <div class='ocr_carea' id='block_1_17' title="bbox 222 849 1011 888">
    <p class='ocr_par' dir='ltr' id='par_1_17' title="bbox 222 849 1011 888">
     <span class='ocr_line' id='line_1_17' title="bbox 222 849 1011 888; baseline 0.005 -12"><span class='ocrx_word' id='word_1_103' title='bbox 222 849 310 882; x_wconf 86' lang='lat' dir='ltr'><strong>hora,</strong></span> <span class='ocrx_word' id='word_1_104' title='bbox 334 857 388 884; x_wconf 92' lang='lat' dir='ltr'><strong>qua</strong></span> <span class='ocrx_word' id='word_1_105' title='bbox 410 857 506 877; x_wconf 84' lang='lat' dir='ltr'><strong>zonam</strong></span> <span class='ocrx_word' id='word_1_106' title='bbox 531 851 557 877; x_wconf 92' lang='lat' dir='ltr'><strong>in</strong></span> <span class='ocrx_word' id='word_1_107' title='bbox 583 858 629 878; x_wconf 86' lang='lat' dir='ltr'><strong>ara</strong></span> <span class='ocrx_word' id='word_1_108' title='bbox 654 856 803 886; x_wconf 83' lang='lat' dir='ltr'><strong>posuerat,</strong></span> <span class='ocrx_word' id='word_1_109' title='bbox 827 853 898 880; x_wconf 84' lang='lat' dir='ltr'><strong>sicut</strong></span> <span class='ocrx_word' id='word_1_110' title='bbox 917 854 1011 888; x_wconf 84' lang='lat' dir='ltr'><strong>jussus</strong></span> 
     </span>
    </p>
   </div>
   <div class='ocr_carea' id='block_1_18' title="bbox 223 886 1048 932">
    <p class='ocr_par' dir='ltr' id='par_1_18' title="bbox 223 886 1048 932">
     <span class='ocr_line' id='line_1_18' title="bbox 223 886 1048 932; baseline 0.005 -11"><span class='ocrx_word' id='word_1_111' title='bbox 223 894 330 926; x_wconf 78' lang='lat' dir='ltr'><strong>fuerat.</strong></span> <span class='ocrx_word' id='word_1_112' title='bbox 356 894 499 930; x_wconf 83' lang='lat' dir='ltr'><strong>presbyter</strong></span> <span class='ocrx_word' id='word_1_113' title='bbox 520 895 684 929; x_wconf 86' lang='lat' dir='ltr'><strong>Auxentius,</strong></span> <span class='ocrx_word' id='word_1_114' title='bbox 709 902 837 932; x_wconf 91' lang='lat' dir='ltr'><strong>tanquam</strong></span> <span class='ocrx_word' id='word_1_115' title='bbox 862 897 896 924; x_wconf 93' lang='lat' dir='ltr'><strong>ab</strong></span> <span class='ocrx_word' id='word_1_116' title='bbox 918 886 1010 932; x_wconf 73' lang='lat' dir='ltr'><strong>aliquo</strong></span> <span class='ocrx_word' id='word_1_117' title='bbox 1027 886 1048 915; x_wconf 79' lang='grc' dir='ltr'>Β</span> 
     </span>
    </p>
   </div>
   <div class='ocr_carea' id='block_1_19' title="bbox 223 943 1010 978">
    <p class='ocr_par' dir='ltr' id='par_1_19' title="bbox 223 943 1010 978">
     <span class='ocr_line' id='line_1_19' title="bbox 223 943 1010 978; baseline 0.004 -9"><span class='ocrx_word' id='word_1_118' title='bbox 223 943 336 976; x_wconf 85' lang='lat' dir='ltr'><strong>missus,</strong></span> <span class='ocrx_word' id='word_1_119' title='bbox 360 943 500 978; x_wconf 81' lang='lat' dir='ltr'><strong>ingressus</strong></span> <span class='ocrx_word' id='word_1_120' title='bbox 517 944 552 971; x_wconf 90' lang='lat' dir='ltr'><strong>sit</strong></span> <span class='ocrx_word' id='word_1_121' title='bbox 574 945 731 976; x_wconf 81' lang='lat' dir='ltr'><strong>ecclesiam,</strong></span> <span class='ocrx_word' id='word_1_122' title='bbox 756 949 783 972; x_wconf 87' lang='lat' dir='ltr'><strong>et</strong></span> <span class='ocrx_word' id='word_1_123' title='bbox 808 953 903 972; x_wconf 80' lang='lat' dir='ltr'><strong>zonam</strong></span> <span class='ocrx_word' id='word_1_124' title='bbox 930 953 1010 973; x_wconf 86' lang='lat' dir='ltr'><strong>acce-</strong></span> 
     </span>
    </p>
   </div>
   <div class='ocr_carea' id='block_1_20' title="bbox 224 988 1011 1026">
    <p class='ocr_par' dir='ltr' id='par_1_20' title="bbox 224 988 1011 1026">
     <span class='ocr_line' id='line_1_20' title="bbox 224 988 1011 1026; baseline 0.006 -12"><span class='ocrx_word' id='word_1_125' title='bbox 224 988 304 1020; x_wconf 81' lang='lat' dir='ltr'><strong>perit.</strong></span> <span class='ocrx_word' id='word_1_126' title='bbox 323 988 370 1016; x_wconf 79' lang='lat' dir='ltr'><strong>liis</strong></span> <span class='ocrx_word' id='word_1_127' title='bbox 387 989 498 1023; x_wconf 75' lang='lat' dir='ltr'><strong>auditis,</strong></span> <span class='ocrx_word' id='word_1_128' title='bbox 517 990 624 1017; x_wconf 59' lang='lat' dir='ltr'><strong>laetatus</strong></span> <span class='ocrx_word' id='word_1_129' title='bbox 644 995 686 1018; x_wconf 90' lang='lat' dir='ltr'><strong>est</strong></span> <span class='ocrx_word' id='word_1_130' title='bbox 700 991 742 1018; x_wconf 87' lang='lat' dir='ltr'><strong>vir</strong></span> <span class='ocrx_word' id='word_1_131' title='bbox 759 991 831 1026; x_wconf 83' lang='lat' dir='ltr'><strong>pius,</strong></span> <span class='ocrx_word' id='word_1_132' title='bbox 848 995 876 1018; x_wconf 90' lang='lat' dir='ltr'><strong>et</strong></span> <span class='ocrx_word' id='word_1_133' title='bbox 892 1000 924 1019; x_wconf 86' lang='lat' dir='ltr'><strong>ex</strong></span> <span class='ocrx_word' id='word_1_134' title='bbox 940 999 1011 1026; x_wconf 74' lang='lat' dir='ltr'><strong>pra:-</strong></span> 
     </span>
    </p>
   </div>
   <div class='ocr_carea' id='block_1_21' title="bbox 225 1033 1008 1072">
    <p class='ocr_par' dir='ltr' id='par_1_21' title="bbox 225 1033 1008 1072">
     <span class='ocr_line' id='line_1_21' title="bbox 225 1033 1008 1072; baseline 0.004 -12"><span class='ocrx_word' id='word_1_135' title='bbox 225 1033 297 1060; x_wconf 88' lang='lat' dir='ltr'><strong>torio</strong></span> <span class='ocrx_word' id='word_1_136' title='bbox 318 1034 454 1068; x_wconf 87' lang='lat' dir='ltr'><strong>accipiens</strong></span> <span class='ocrx_word' id='word_1_137' title='bbox 474 1042 569 1062; x_wconf 88' lang='lat' dir='ltr'><strong>omnes</strong></span> <span class='ocrx_word' id='word_1_138' title='bbox 590 1044 655 1064; x_wconf 86' lang='lat' dir='ltr'><strong>suos</strong></span> <span class='ocrx_word' id='word_1_139' title='bbox 678 1037 781 1064; x_wconf 84' lang='lat' dir='ltr'><strong>amicos</strong></span> <span class='ocrx_word' id='word_1_140' title='bbox 805 1037 871 1064; x_wconf 89' lang='lat' dir='ltr'><strong>hora</strong></span> <span class='ocrx_word' id='word_1_141' title='bbox 889 1037 1008 1072; x_wconf 73' lang='lat' dir='ltr'><strong>prandii,</strong></span> 
     </span>
    </p>
   </div>
   <div class='ocr_carea' id='block_1_22' title="bbox 221 1080 1012 1118">
    <p class='ocr_par' dir='ltr' id='par_1_22' title="bbox 221 1080 1012 1118">
     <span class='ocr_line' id='line_1_22' title="bbox 221 1080 1012 1118; baseline 0.006 -12"><span class='ocrx_word' id='word_1_142' title='bbox 221 1080 299 1107; x_wconf 77' lang='lat' dir='ltr'><strong>venit</strong></span> <span class='ocrx_word' id='word_1_143' title='bbox 318 1080 407 1114; x_wconf 69' lang='lat' dir='ltr'><strong>lactus,</strong></span> <span class='ocrx_word' id='word_1_144' title='bbox 425 1085 453 1108; x_wconf 88' lang='lat' dir='ltr'><strong>et</strong></span> <span class='ocrx_word' id='word_1_145' title='bbox 472 1089 595 1117; x_wconf 76' lang='lat' dir='ltr'><strong>magnam</strong></span> <span class='ocrx_word' id='word_1_146' title='bbox 613 1083 705 1111; x_wconf 88' lang='lat' dir='ltr'><strong>vultus</strong></span> <span class='ocrx_word' id='word_1_147' title='bbox 725 1083 904 1116; x_wconf 46' lang='lat' dir='ltr'><strong>alacritatem,</strong></span> <span class='ocrx_word' id='word_1_148' title='bbox 925 1092 1012 1118; x_wconf 48' lang='lat' dir='ltr'><strong>quan-</strong></span> 
     </span>
    </p>
   </div>
   <div class='ocr_carea' id='block_1_23' title="bbox 223 1130 1012 1162">
    <p class='ocr_par' dir='ltr' id='par_1_23' title="bbox 223 1130 1012 1162">
     <span class='ocr_line' id='line_1_23' title="bbox 223 1130 1012 1162; baseline 0.005 -9"><span class='ocrx_word' id='word_1_149' title='bbox 223 1130 278 1153; x_wconf 88' lang='lat' dir='ltr'><strong>tam</strong></span> <span class='ocrx_word' id='word_1_150' title='bbox 295 1134 434 1162; x_wconf 85' lang='lat' dir='ltr'><strong>nunquam</strong></span> <span class='ocrx_word' id='word_1_151' title='bbox 452 1132 545 1160; x_wconf 88' lang='lat' dir='ltr'><strong>antea,</strong></span> <span class='ocrx_word' id='word_1_152' title='bbox 563 1130 711 1157; x_wconf 83' lang='lat' dir='ltr'><strong>ostendens</strong></span> <span class='ocrx_word' id='word_1_153' title='bbox 730 1130 756 1157; x_wconf 95' lang='lat' dir='ltr'><strong>in</strong></span> <span class='ocrx_word' id='word_1_154' title='bbox 775 1131 901 1157; x_wconf 88' lang='lat' dir='ltr'><strong>convivio</strong></span> <span class='ocrx_word' id='word_1_155' title='bbox 917 1139 924 1158; x_wconf 89' lang='lat'><strong>:</strong></span> <span class='ocrx_word' id='word_1_156' title='bbox 943 1131 1012 1158; x_wconf 88' lang='lat' dir='ltr'><strong>adeo</strong></span> 
     </span>
    </p>
   </div>
   <div class='ocr_carea' id='block_1_24' title="bbox 223 1172 1013 1209">
    <p class='ocr_par' dir='ltr' id='par_1_24' title="bbox 223 1172 1013 1209">
     <span class='ocr_line' id='line_1_24' title="bbox 223 1172 1013 1209; baseline 0.008 -12"><span class='ocrx_word' id='word_1_157' title='bbox 223 1175 254 1198; x_wconf 87' lang='lat' dir='ltr'><strong>ut</strong></span> <span class='ocrx_word' id='word_1_158' title='bbox 267 1176 382 1206; x_wconf 90' lang='lat' dir='ltr'><strong>propter</strong></span> <span class='ocrx_word' id='word_1_159' title='bbox 394 1172 531 1200; x_wconf 84' lang='lat' dir='ltr'><strong>insuetum</strong></span> <span class='ocrx_word' id='word_1_160' title='bbox 545 1174 597 1201; x_wconf 90' lang='lat' dir='ltr'><strong>hoc</strong></span> <span class='ocrx_word' id='word_1_161' title='bbox 609 1176 796 1209; x_wconf 82' lang='lat' dir='ltr'><strong>spectaculum</strong></span> <span class='ocrx_word' id='word_1_162' title='bbox 810 1176 1013 1203; x_wconf 85' lang='lat' dir='ltr'><strong>adducerentur</strong></span> 
     </span>
    </p>
   </div>
   <div class='ocr_carea' id='block_1_25' title="bbox 223 1218 1014 1254">
    <p class='ocr_par' dir='ltr' id='par_1_25' title="bbox 223 1218 1014 1254">
     <span class='ocr_line' id='line_1_25' title="bbox 223 1218 1014 1254; baseline 0.004 -10"><span class='ocrx_word' id='word_1_163' title='bbox 223 1225 320 1244; x_wconf 84' lang='lat' dir='ltr'><strong>omnes</strong></span> <span class='ocrx_word' id='word_1_164' title='bbox 334 1218 360 1245; x_wconf 85' lang='lat' dir='ltr'><strong>iu</strong></span> <span class='ocrx_word' id='word_1_165' title='bbox 375 1218 594 1251; x_wconf 88' lang='lat' dir='ltr'><strong>admirationem,</strong></span> <span class='ocrx_word' id='word_1_166' title='bbox 608 1224 636 1246; x_wconf 89' lang='lat' dir='ltr'><strong>et</strong></span> <span class='ocrx_word' id='word_1_167' title='bbox 652 1220 722 1247; x_wconf 86' lang='lat' dir='ltr'><strong>scire</strong></span> <span class='ocrx_word' id='word_1_168' title='bbox 742 1227 850 1247; x_wconf 83' lang='lat' dir='ltr'><strong>causam</strong></span> <span class='ocrx_word' id='word_1_169' title='bbox 865 1222 956 1254; x_wconf 76' lang='lat' dir='ltr'><strong>magni</strong></span> <span class='ocrx_word' id='word_1_170' title='bbox 974 1221 1014 1247; x_wconf 83' lang='lat' dir='ltr'><strong>fa-</strong></span> 
     </span>
    </p>
   </div>
   <div class='ocr_carea' id='block_1_26' title="bbox 223 1264 1012 1300">
    <p class='ocr_par' dir='ltr' id='par_1_26' title="bbox 223 1264 1012 1300">
     <span class='ocr_line' id='line_1_26' title="bbox 223 1264 1012 1300; baseline 0 -8"><span class='ocrx_word' id='word_1_171' title='bbox 223 1268 327 1292; x_wconf 86' lang='lat' dir='ltr'><strong>cerent.</strong></span> <span class='ocrx_word' id='word_1_172' title='bbox 343 1264 418 1291; x_wconf 87' lang='lat' dir='ltr'><strong>Unus</strong></span> <span class='ocrx_word' id='word_1_173' title='bbox 434 1270 525 1292; x_wconf 80' lang='lat' dir='ltr'><strong>autem</strong></span> <span class='ocrx_word' id='word_1_174' title='bbox 539 1273 573 1292; x_wconf 86' lang='lat' dir='ltr'><strong>ex</strong></span> <span class='ocrx_word' id='word_1_175' title='bbox 590 1265 625 1292; x_wconf 92' lang='lat' dir='ltr'><strong>iis</strong></span> <span class='ocrx_word' id='word_1_176' title='bbox 642 1267 687 1300; x_wconf 88' lang='lat' dir='ltr'><strong>qui</strong></span> <span class='ocrx_word' id='word_1_177' title='bbox 704 1266 785 1293; x_wconf 90' lang='lat' dir='ltr'><strong>simul</strong></span> <span class='ocrx_word' id='word_1_178' title='bbox 801 1266 1012 1299; x_wconf 81' lang='lat' dir='ltr'><strong>accumbebant,</strong></span> 
     </span>
    </p>
   </div>
   <div class='ocr_carea' id='block_1_27' title="bbox 223 1308 1013 1344">
    <p class='ocr_par' dir='ltr' id='par_1_27' title="bbox 223 1308 1013 1344">
     <span class='ocr_line' id='line_1_27' title="bbox 223 1308 1013 1344; baseline 0.005 -10"><span class='ocrx_word' id='word_1_179' title='bbox 223 1312 302 1335; x_wconf 64' lang='lat' dir='ltr'><strong>natale</strong></span> <span class='ocrx_word' id='word_1_180' title='bbox 318 1308 421 1342; x_wconf 87' lang='lat' dir='ltr'><strong>junior.</strong></span> <span class='ocrx_word' id='word_1_181' title='bbox 439 1309 498 1344; x_wconf 87' lang='lat' dir='ltr'><strong>ejus</strong></span> <span class='ocrx_word' id='word_1_182' title='bbox 515 1310 616 1337; x_wconf 86' lang='lat' dir='ltr'><strong>cbarus</strong></span> <span class='ocrx_word' id='word_1_183' title='bbox 633 1310 737 1337; x_wconf 88' lang='lat' dir='ltr'><strong>amicus</strong></span> <span class='ocrx_word' id='word_1_184' title='bbox 758 1314 786 1337; x_wconf 88' lang='lat' dir='ltr'><strong>et</strong></span> <span class='ocrx_word' id='word_1_185' title='bbox 810 1311 888 1343; x_wconf 89' lang='lat' dir='ltr'><strong>civis,</strong></span> <span class='ocrx_word' id='word_1_186' title='bbox 903 1311 1013 1338; x_wconf 86' lang='lat' dir='ltr'><strong>nomine</strong></span> 
     </span>
    </p>
   </div>
   <div class='ocr_carea' id='block_1_28' title="bbox 222 1353 1013 1390">
    <p class='ocr_par' dir='ltr' id='par_1_28' title="bbox 222 1353 1013 1390">
     <span class='ocr_line' id='line_1_28' title="bbox 222 1353 1013 1390; baseline 0.003 -9"><span class='ocrx_word' id='word_1_187' title='bbox 222 1353 371 1389; x_wconf 79' lang='lat' dir='ltr'><strong>Eugenius,</strong></span> <span class='ocrx_word' id='word_1_188' title='bbox 383 1354 499 1382; x_wconf 84' lang='lat' dir='ltr'><strong>ﬁdenter</strong></span> <span class='ocrx_word' id='word_1_189' title='bbox 511 1356 790 1390; x_wconf 82' lang='lat' dir='ltr'><strong>eum&#39;percunetatur,</strong></span> <span class='ocrx_word' id='word_1_190' title='bbox 805 1356 899 1383; x_wconf 87' lang='lat' dir='ltr'><strong>dicens</strong></span> <span class='ocrx_word' id='word_1_191' title='bbox 915 1365 921 1383; x_wconf 91' lang='lat'>:</span> <span class='ocrx_word' id='word_1_192' title='bbox 937 1357 1013 1383; x_wconf 80' lang='lat' dir='ltr'><strong>Nun-</strong></span> 
     </span>
    </p>
   </div>
   <div class='ocr_carea' id='block_1_29' title="bbox 224 1400 1014 1438">
    <p class='ocr_par' dir='ltr' id='par_1_29' title="bbox 224 1400 1014 1438">
     <span class='ocr_line' id='line_1_29' title="bbox 224 1400 1014 1438; baseline 0.005 -11"><span class='ocrx_word' id='word_1_193' title='bbox 224 1400 304 1435; x_wconf 86' lang='lat' dir='ltr'><strong>quid,</strong></span> <span class='ocrx_word' id='word_1_194' title='bbox 319 1408 336 1428; x_wconf 89' lang='lat'><strong>0</strong></span> <span class='ocrx_word' id='word_1_195' title='bbox 351 1400 468 1428; x_wconf 83' lang='lat' dir='ltr'><strong>maxime</strong></span> <span class='ocrx_word' id='word_1_196' title='bbox 489 1402 621 1435; x_wconf 86' lang='lat' dir='ltr'><strong>Eustrati,</strong></span> <span class='ocrx_word' id='word_1_197' title='bbox 640 1407 785 1438; x_wconf 86' lang='lat' dir='ltr'><strong>propterea</strong></span> <span class='ocrx_word' id='word_1_198' title='bbox 801 1404 872 1438; x_wconf 86' lang='lat' dir='ltr'><strong>quod</strong></span> <span class='ocrx_word' id='word_1_199' title='bbox 888 1411 903 1430; x_wconf 88' lang='lat' dir='ltr'><strong>a</strong></span> <span class='ocrx_word' id='word_1_200' title='bbox 918 1409 1014 1431; x_wconf 86' lang='lat' dir='ltr'><strong>nostro</strong></span> 
     </span>
    </p>
   </div>
   <div class='ocr_carea' id='block_1_30' title="bbox 222 1446 1013 1485">
    <p class='ocr_par' dir='ltr' id='par_1_30' title="bbox 222 1446 1013 1485">
     <span class='ocr_line' id='line_1_30' title="bbox 222 1446 1013 1485; baseline 0.005 -11"><span class='ocrx_word' id='word_1_201' title='bbox 222 1446 340 1482; x_wconf 71' lang='lat' dir='ltr'><strong>praeside</strong></span> <span class='ocrx_word' id='word_1_202' title='bbox 355 1447 383 1474; x_wconf 90' lang='lat' dir='ltr'><strong>in</strong></span> <span class='ocrx_word' id='word_1_203' title='bbox 405 1447 554 1475; x_wconf 88' lang='lat' dir='ltr'><strong>crastinum</strong></span> <span class='ocrx_word' id='word_1_204' title='bbox 569 1448 641 1475; x_wconf 89' lang='lat' dir='ltr'><strong>diem</strong></span> <span class='ocrx_word' id='word_1_205' title='bbox 666 1453 730 1477; x_wconf 82' lang='lat' dir='ltr'><strong>sunt</strong></span> <span class='ocrx_word' id='word_1_206' title='bbox 745 1455 849 1483; x_wconf 83' lang='lat' dir='ltr'><strong>parata,</strong></span> <span class='ocrx_word' id='word_1_207' title='bbox 864 1455 892 1478; x_wconf 89' lang='lat' dir='ltr'><strong>et</strong></span> <span class='ocrx_word' id='word_1_208' title='bbox 906 1451 1013 1485; x_wconf 84' lang='lat' dir='ltr'><strong>publice</strong></span> 
     </span>
    </p>
   </div>
   <div class='ocr_carea' id='block_1_31' title="bbox 223 1492 1013 1527">
    <p class='ocr_par' dir='ltr' id='par_1_31' title="bbox 223 1492 1013 1527">
     <span class='ocr_line' id='line_1_31' title="bbox 223 1492 1013 1527; baseline 0.006 -8"><span class='ocrx_word' id='word_1_209' title='bbox 223 1492 402 1527; x_wconf 82' lang='lat' dir='ltr'><strong>producenda</strong></span> <span class='ocrx_word' id='word_1_210' title='bbox 422 1494 513 1521; x_wconf 83' lang='lat' dir='ltr'><strong>omnia</strong></span> <span class='ocrx_word' id='word_1_211' title='bbox 536 1498 734 1522; x_wconf 89' lang='lat' dir='ltr'><strong>tormentorum</strong></span> <span class='ocrx_word' id='word_1_212' title='bbox 761 1496 940 1524; x_wconf 84' lang='lat' dir='ltr'><strong>instrumenta</strong></span> <span class='ocrx_word' id='word_1_213' title='bbox 964 1497 1013 1524; x_wconf 87' lang='lat' dir='ltr'><strong>ad-</strong></span> 
     </span>
    </p>
   </div>
   <div class='ocr_carea' id='block_1_32' title="bbox 1059 253 1849 292">
    <p class='ocr_par' dir='ltr' id='par_1_32' title="bbox 1059 253 1849 292">
     <span class='ocr_line' id='line_1_32' title="bbox 1059 253 1849 292; baseline -0.005 -9"><span class='ocrx_word' id='word_1_214' title='bbox 1059 257 1247 292; x_wconf 74' lang='grc' dir='ltr'>πρεσὸύτερον</span> <span class='ocrx_word' id='word_1_215' title='bbox 1260 256 1298 290; x_wconf 83' lang='grc' dir='ltr'>τῷ</span> <span class='ocrx_word' id='word_1_216' title='bbox 1318 256 1377 282; x_wconf 78' lang='grc' dir='ltr'>τότε</span> <span class='ocrx_word' id='word_1_217' title='bbox 1399 255 1488 290; x_wconf 65' lang='grc' dir='ltr'>χρόνῳ</span> <span class='ocrx_word' id='word_1_218' title='bbox 1507 254 1666 289; x_wconf 79' lang='grc' dir='ltr'>ὑπάρχοντα</span> <span class='ocrx_word' id='word_1_219' title='bbox 1684 254 1734 287; x_wconf 78' lang='grc' dir='ltr'><strong>τῆς</strong></span> <span class='ocrx_word' id='word_1_220' title='bbox 1751 253 1849 289; x_wconf 80' lang='grc' dir='ltr'>ἐκκλη-</span> 
     </span>
    </p>
   </div>
   <div class='ocr_carea' id='block_1_33' title="bbox 1061 301 1849 338">
    <p class='ocr_par' dir='ltr' id='par_1_33' title="bbox 1061 301 1849 338">
     <span class='ocr_line' id='line_1_33' title="bbox 1061 301 1849 338; baseline -0.003 -10"><span class='ocrx_word' id='word_1_221' title='bbox 1061 304 1121 335; x_wconf 83' lang='grc' dir='ltr'>σίας</span> <span class='ocrx_word' id='word_1_222' title='bbox 1136 303 1249 338; x_wconf 75' lang='grc' dir='ltr'>ταύτης,</span> <span class='ocrx_word' id='word_1_223' title='bbox 1267 302 1424 328; x_wconf 70' lang='grc' dir='ltr'><strong>εἰσελθόντα</strong></span> <span class='ocrx_word' id='word_1_224' title='bbox 1433 301 1481 328; x_wconf 82' lang='grc' dir='ltr'>τοῦ</span> <span class='ocrx_word' id='word_1_225' title='bbox 1499 301 1628 332; x_wconf 71' lang='grc' dir='ltr'>εὔξασθαι</span> <span class='ocrx_word' id='word_1_226' title='bbox 1644 301 1784 334; x_wconf 73' lang='grc' dir='ltr'><strong>ἐπάραντα</strong></span> <span class='ocrx_word' id='word_1_227' title='bbox 1799 301 1849 326; x_wconf 84' lang='grc' dir='ltr'><strong>αὐ-</strong></span> 
     </span>
    </p>
   </div>
   <div class='ocr_carea' id='block_1_34' title="bbox 1059 347 1850 383">
    <p class='ocr_par' dir='ltr' id='par_1_34' title="bbox 1059 347 1850 383">
     <span class='ocr_line' id='line_1_34' title="bbox 1059 347 1850 383; baseline -0.005 -8"><span class='ocrx_word' id='word_1_228' title='bbox 1059 350 1120 383; x_wconf 80' lang='grc' dir='ltr'>τὴν,</span> <span class='ocrx_word' id='word_1_229' title='bbox 1139 350 1219 375; x_wconf 72' lang='grc' dir='ltr'>ἐᾶσαι</span> <span class='ocrx_word' id='word_1_230' title='bbox 1243 348 1316 383; x_wconf 73' lang='grc' dir='ltr'>ἔχειν</span> <span class='ocrx_word' id='word_1_231' title='bbox 1335 349 1384 382; x_wconf 83' lang='grc' dir='ltr'><strong>τὴν</strong></span> <span class='ocrx_word' id='word_1_232' title='bbox 1406 348 1493 383; x_wconf 76' lang='grc' dir='ltr'>ζώνην</span> <span class='ocrx_word' id='word_1_233' title='bbox 1517 347 1563 374; x_wconf 76' lang='grc' dir='ltr'><strong>καὶ</strong></span> <span class='ocrx_word' id='word_1_234' title='bbox 1580 347 1762 381; x_wconf 72' lang='grc' dir='ltr'><strong>ἀναστρέφειν</strong></span> <span class='ocrx_word' id='word_1_235' title='bbox 1781 347 1850 381; x_wconf 64' lang='grc' dir='ltr'>πρδς</span> 
     </span>
    </p>
   </div>
   <div class='ocr_carea' id='block_1_35' title="bbox 1059 392 1849 428">
    <p class='ocr_par' dir='ltr' id='par_1_35' title="bbox 1059 392 1849 428">
     <span class='ocr_line' id='line_1_35' title="bbox 1059 392 1849 428; baseline -0.005 -7"><span class='ocrx_word' id='word_1_236' title='bbox 1059 395 1141 421; x_wconf 74' lang='grc' dir='ltr'>αὐτόν</span> <span class='ocrx_word' id='word_1_237' title='bbox 1152 403 1159 410; x_wconf 90' lang='grc'>·</span> <span class='ocrx_word' id='word_1_238' title='bbox 1175 395 1199 420; x_wconf 84' lang='grc' dir='ltr'>εἰ</span> <span class='ocrx_word' id='word_1_239' title='bbox 1212 395 1240 421; x_wconf 78' lang='grc' dir='ltr'>δὲ</span> <span class='ocrx_word' id='word_1_240' title='bbox 1255 394 1348 428; x_wconf 72' lang='grc' dir='ltr'>ἕτερός</span> <span class='ocrx_word' id='word_1_241' title='bbox 1360 402 1403 425; x_wconf 86' lang='grc' dir='ltr'><strong>τις</strong></span> <span class='ocrx_word' id='word_1_242' title='bbox 1416 393 1495 419; x_wconf 83' lang='grc' dir='ltr'>τοῦτο</span> <span class='ocrx_word' id='word_1_243' title='bbox 1509 395 1590 425; x_wconf 83' lang='grc' dir='ltr'>ποιεῖ,</span> <span class='ocrx_word' id='word_1_244' title='bbox 1601 392 1731 427; x_wconf 68' lang='grc' dir='ltr'>μηδαμῶς</span> <span class='ocrx_word' id='word_1_245' title='bbox 1742 400 1849 426; x_wconf 84' lang='grc' dir='ltr'>συγχω-</span> 
     </span>
    </p>
   </div>
   <div class='ocr_carea' id='block_1_36' title="bbox 1062 436 1849 477">
    <p class='ocr_par' dir='ltr' id='par_1_36' title="bbox 1062 436 1849 477">
     <span class='ocr_line' id='line_1_36' title="bbox 1062 436 1849 477; baseline -0.006 -9"><span class='ocrx_word' id='word_1_246' title='bbox 1062 443 1118 477; x_wconf 85' lang='grc' dir='ltr'>ρεῖν</span> <span class='ocrx_word' id='word_1_247' title='bbox 1146 441 1232 474; x_wconf 82' lang='grc' dir='ltr'>αὐτῷ,</span> <span class='ocrx_word' id='word_1_248' title='bbox 1260 441 1328 467; x_wconf 74' lang='grc' dir='ltr'>ἀλλὰ</span> <span class='ocrx_word' id='word_1_249' title='bbox 1344 440 1564 466; x_wconf 78' lang='grc' dir='ltr'><strong>ἀνακαλέσασθαι</strong></span> <span class='ocrx_word' id='word_1_250' title='bbox 1589 438 1663 472; x_wconf 70' lang='grc' dir='ltr'>αὐτῷ</span> <span class='ocrx_word' id='word_1_251' title='bbox 1690 438 1740 472; x_wconf 71' lang='grc' dir='ltr'>τὴν</span> <span class='ocrx_word' id='word_1_252' title='bbox 1763 436 1849 472; x_wconf 75' lang='grc' dir='ltr'>αὐτὴν</span> 
     </span>
    </p>
   </div>
   <div class='ocr_carea' id='block_1_37' title="bbox 1060 483 1848 522">
    <p class='ocr_par' dir='ltr' id='par_1_37' title="bbox 1060 483 1848 522">
     <span class='ocr_line' id='line_1_37' title="bbox 1060 483 1848 522; baseline -0.006 -9"><span class='ocrx_word' id='word_1_253' title='bbox 1060 488 1161 522; x_wconf 74' lang='grc' dir='ltr'>ζώνην,</span> <span class='ocrx_word' id='word_1_254' title='bbox 1179 487 1259 513; x_wconf 72' lang='grc' dir='ltr'>τοῦτο</span> <span class='ocrx_word' id='word_1_255' title='bbox 1276 487 1372 521; x_wconf 80' lang='grc' dir='ltr'>κρίνας</span> <span class='ocrx_word' id='word_1_256' title='bbox 1385 487 1413 511; x_wconf 77' lang='grc' dir='ltr'>ἐν</span> <span class='ocrx_word' id='word_1_257' title='bbox 1428 487 1462 520; x_wconf 77' lang='grc' dir='ltr'>τῇ</span> <span class='ocrx_word' id='word_1_258' title='bbox 1482 486 1587 519; x_wconf 77' lang='grc' dir='ltr'><strong>διανοίᾳ</strong></span> <span class='ocrx_word' id='word_1_259' title='bbox 1600 485 1647 515; x_wconf 76' lang='grc' dir='ltr'><strong>ὡς,</strong></span> <span class='ocrx_word' id='word_1_260' title='bbox 1665 485 1689 509; x_wconf 78' lang='grc' dir='ltr'><strong>εί</strong></span> <span class='ocrx_word' id='word_1_261' title='bbox 1700 485 1713 509; x_wconf 87' lang='grc' dir='ltr'>ὸ</span> <span class='ocrx_word' id='word_1_262' title='bbox 1727 483 1848 518; x_wconf 77' lang='grc' dir='ltr'>πρεσῦύ-</span> 
     </span>
    </p>
   </div>
   <div class='ocr_carea' id='block_1_38' title="bbox 1059 531 1850 568">
    <p class='ocr_par' dir='ltr' id='par_1_38' title="bbox 1059 531 1850 568">
     <span class='ocr_line' id='line_1_38' title="bbox 1059 531 1850 568; baseline -0.005 -8"><span class='ocrx_word' id='word_1_263' title='bbox 1059 543 1138 568; x_wconf 76' lang='grc' dir='ltr'>τερος</span> <span class='ocrx_word' id='word_1_264' title='bbox 1160 534 1340 567; x_wconf 77' lang='grc' dir='ltr'>ἁπενέγκοιτο</span> <span class='ocrx_word' id='word_1_265' title='bbox 1363 533 1412 567; x_wconf 81' lang='grc' dir='ltr'>τὴν</span> <span class='ocrx_word' id='word_1_266' title='bbox 1437 532 1535 566; x_wconf 82' lang='grc' dir='ltr'>ζώνην,</span> <span class='ocrx_word' id='word_1_267' title='bbox 1558 531 1715 565; x_wconf 68' lang='grc' dir='ltr'><strong>οἰκονομίαν</strong></span> <span class='ocrx_word' id='word_1_268' title='bbox 1737 531 1850 556; x_wconf 78' lang='grc' dir='ltr'>ἔσεσθαι</span> 
     </span>
    </p>
   </div>
   <div class='ocr_carea' id='block_1_39' title="bbox 1061 577 1850 615">
    <p class='ocr_par' dir='ltr' id='par_1_39' title="bbox 1061 577 1850 615">
     <span class='ocr_line' id='line_1_39' title="bbox 1061 577 1850 615; baseline -0.005 -9"><span class='ocrx_word' id='word_1_269' title='bbox 1061 580 1155 615; x_wconf 76' lang='grc' dir='ltr'>θεῖκὴν</span> <span class='ocrx_word' id='word_1_270' title='bbox 1170 579 1381 614; x_wconf 76' lang='grc' dir='ltr'><strong>προμηνύουσαν</strong></span> <span class='ocrx_word' id='word_1_271' title='bbox 1404 578 1478 613; x_wconf 79' lang='grc' dir='ltr'><strong>αὑτῷ</strong></span> <span class='ocrx_word' id='word_1_272' title='bbox 1498 578 1547 608; x_wconf 80' lang='grc' dir='ltr'><strong>τὴν</strong></span> <span class='ocrx_word' id='word_1_273' title='bbox 1566 577 1613 603; x_wconf 72' lang='grc' dir='ltr'>τοῦ</span> <span class='ocrx_word' id='word_1_274' title='bbox 1629 577 1850 611; x_wconf 73' lang='grc' dir='ltr'>ὲπιθυμουμένου</span> 
     </span>
    </p>
   </div>
   <div class='ocr_carea' id='block_1_40' title="bbox 1061 623 1850 661">
    <p class='ocr_par' dir='ltr' id='par_1_40' title="bbox 1061 623 1850 661">
     <span class='ocr_line' id='line_1_40' title="bbox 1061 623 1850 661; baseline -0.006 -9"><span class='ocrx_word' id='word_1_275' title='bbox 1061 626 1133 661; x_wconf 74' lang='grc' dir='ltr'>αὐτῷ</span> <span class='ocrx_word' id='word_1_276' title='bbox 1152 626 1302 660; x_wconf 75' lang='grc' dir='ltr'>μαρτυρίου</span> <span class='ocrx_word' id='word_1_277' title='bbox 1326 625 1469 659; x_wconf 69' lang='grc' dir='ltr'>ἐπιτυχίαν</span> <span class='ocrx_word' id='word_1_278' title='bbox 1484 633 1490 640; x_wconf 89' lang='grc'>·</span> <span class='ocrx_word' id='word_1_279' title='bbox 1523 625 1546 650; x_wconf 85' lang='grc' dir='ltr'><strong>εί</strong></span> <span class='ocrx_word' id='word_1_280' title='bbox 1571 624 1599 650; x_wconf 75' lang='grc' dir='ltr'>δὲ</span> <span class='ocrx_word' id='word_1_281' title='bbox 1631 623 1668 658; x_wconf 83' lang='grc' dir='ltr'><strong>μὴ</strong></span> <span class='ocrx_word' id='word_1_282' title='bbox 1697 623 1850 656; x_wconf 85' lang='grc' dir='ltr'>ὰπαντήσοι</span> 
     </span>
    </p>
   </div>
   <div class='ocr_carea' id='block_1_41' title="bbox 1060 669 1850 707">
    <p class='ocr_par' dir='ltr' id='par_1_41' title="bbox 1060 669 1850 707">
     <span class='ocr_line' id='line_1_41' title="bbox 1060 669 1850 707; baseline -0.005 -9"><span class='ocrx_word' id='word_1_283' title='bbox 1060 672 1150 704; x_wconf 74' lang='grc' dir='ltr'>τοῦτο,</span> <span class='ocrx_word' id='word_1_284' title='bbox 1177 671 1248 698; x_wconf 81' lang='grc' dir='ltr'>εἶναι</span> <span class='ocrx_word' id='word_1_285' title='bbox 1277 672 1358 698; x_wconf 80' lang='grc' dir='ltr'>αὑτὸν</span> <span class='ocrx_word' id='word_1_286' title='bbox 1378 672 1407 698; x_wconf 75' lang='grc' dir='ltr'>ἐν</span> <span class='ocrx_word' id='word_1_287' title='bbox 1434 671 1473 707; x_wconf 79' lang='grc' dir='ltr'>τῷ</span> <span class='ocrx_word' id='word_1_288' title='bbox 1488 670 1611 705; x_wconf 73' lang='grc' dir='ltr'>λεληθότι</span> <span class='ocrx_word' id='word_1_289' title='bbox 1640 671 1688 696; x_wconf 77' lang='grc' dir='ltr'>καὶ</span> <span class='ocrx_word' id='word_1_290' title='bbox 1717 669 1850 704; x_wconf 80' lang='grc' dir='ltr'>μηδαμῶς</span> 
     </span>
    </p>
   </div>
   <div class='ocr_carea' id='block_1_42' title="bbox 1060 718 1422 754">
    <p class='ocr_par' dir='ltr' id='par_1_42' title="bbox 1060 718 1422 754">
     <span class='ocr_line' id='line_1_42' title="bbox 1060 718 1422 754; baseline -0.006 -9"><span class='ocrx_word' id='word_1_291' title='bbox 1060 719 1162 754; x_wconf 65' lang='grc' dir='ltr'>τολμᾷν</span> <span class='ocrx_word' id='word_1_292' title='bbox 1174 718 1422 753; x_wconf 73' lang='grc' dir='ltr'>παρρησιάζεσθαι.</span> 
     </span>
    </p>
   </div>
   <div class='ocr_carea' id='block_1_43' title="bbox 1099 759 1852 797">
    <p class='ocr_par' dir='ltr' id='par_1_43' title="bbox 1099 759 1852 797">
     <span class='ocr_line' id='line_1_43' title="bbox 1099 759 1852 797; baseline -0.005 -8"><span class='ocrx_word' id='word_1_293' title='bbox 1099 763 1136 789; x_wconf 83' lang='grc' dir='ltr'><strong>Ε’.</strong></span> <span class='ocrx_word' id='word_1_294' title='bbox 1166 763 1316 797; x_wconf 72' lang='grc' dir='ltr'>Γενομένου</span> <span class='ocrx_word' id='word_1_295' title='bbox 1344 761 1390 788; x_wconf 73' lang='grc' dir='ltr'><strong>οὖν</strong></span> <span class='ocrx_word' id='word_1_296' title='bbox 1412 761 1509 788; x_wconf 77' lang='grc' dir='ltr'>τούτου</span> <span class='ocrx_word' id='word_1_297' title='bbox 1532 761 1579 788; x_wconf 70' lang='grc' dir='ltr'><strong>καὶ</strong></span> <span class='ocrx_word' id='word_1_298' title='bbox 1601 761 1648 787; x_wconf 82' lang='grc' dir='ltr'>τοῦ</span> <span class='ocrx_word' id='word_1_299' title='bbox 1673 760 1767 790; x_wconf 79' lang='grc' dir='ltr'>παιδὸς</span> <span class='ocrx_word' id='word_1_300' title='bbox 1792 759 1852 794; x_wconf 83' lang='grc' dir='ltr'>μετ’</span> 
     </span>
    </p>
   </div>
   <div class='ocr_carea' id='block_1_44' title="bbox 1062 804 1853 842">
    <p class='ocr_par' dir='ltr' id='par_1_44' title="bbox 1062 804 1853 842">
     <span class='ocr_line' id='line_1_44' title="bbox 1062 804 1853 842; baseline -0.005 -7"><span class='ocrx_word' id='word_1_301' title='bbox 1062 808 1155 842; x_wconf 78' lang='grc' dir='ltr'><strong>ὀλίγας</strong></span> <span class='ocrx_word' id='word_1_302' title='bbox 1182 807 1290 842; x_wconf 80' lang='grc' dir='ltr'>ἡμέρας</span> <span class='ocrx_word' id='word_1_303' title='bbox 1316 807 1538 841; x_wconf 52' lang='grc' dir='ltr'>ὑποστρέᾠαντος</span> <span class='ocrx_word' id='word_1_304' title='bbox 1574 807 1622 832; x_wconf 73' lang='grc' dir='ltr'>καὶ</span> <span class='ocrx_word' id='word_1_305' title='bbox 1649 806 1791 840; x_wconf 76' lang='grc' dir='ltr'>εἰρηκότος</span> <span class='ocrx_word' id='word_1_306' title='bbox 1814 804 1853 834; x_wconf 82' lang='grc' dir='ltr'>ὡς</span> 
     </span>
    </p>
   </div>
   <div class='ocr_carea' id='block_1_45' title="bbox 1061 849 1853 888">
    <p class='ocr_par' dir='ltr' id='par_1_45' title="bbox 1061 849 1853 888">
     <span class='ocr_line' id='line_1_45' title="bbox 1061 849 1853 888; baseline -0.006 -8"><span class='ocrx_word' id='word_1_307' title='bbox 1061 854 1123 881; x_wconf 80' lang='grc' dir='ltr'>κατ’</span> <span class='ocrx_word' id='word_1_308' title='bbox 1133 853 1217 888; x_wconf 72' lang='grc' dir='ltr'>αὐτὴν</span> <span class='ocrx_word' id='word_1_309' title='bbox 1228 853 1276 888; x_wconf 81' lang='grc' dir='ltr'><strong>τὴν</strong></span> <span class='ocrx_word' id='word_1_310' title='bbox 1288 852 1361 888; x_wconf 80' lang='grc' dir='ltr'>ὤραν</span> <span class='ocrx_word' id='word_1_311' title='bbox 1375 853 1422 878; x_wconf 83' lang='grc' dir='ltr'>τοῦ</span> <span class='ocrx_word' id='word_1_312' title='bbox 1438 852 1519 879; x_wconf 76' lang='grc' dir='ltr'>αὑτὸν</span> <span class='ocrx_word' id='word_1_313' title='bbox 1533 852 1683 878; x_wconf 76' lang='grc' dir='ltr'>τεθεικέναι</span> <span class='ocrx_word' id='word_1_314' title='bbox 1699 851 1747 884; x_wconf 76' lang='grc' dir='ltr'>τὴν</span> <span class='ocrx_word' id='word_1_315' title='bbox 1765 849 1853 884; x_wconf 81' lang='grc' dir='ltr'>ζώνην</span> 
     </span>
    </p>
   </div>
   <div class='ocr_carea' id='block_1_46' title="bbox 1063 897 1855 935">
    <p class='ocr_par' dir='ltr' id='par_1_46' title="bbox 1063 897 1855 935">
     <span class='ocr_line' id='line_1_46' title="bbox 1063 897 1855 935; baseline -0.006 -8"><span class='ocrx_word' id='word_1_316' title='bbox 1063 903 1091 928; x_wconf 83' lang='grc' dir='ltr'>ὲν</span> <span class='ocrx_word' id='word_1_317' title='bbox 1102 901 1141 935; x_wconf 82' lang='grc' dir='ltr'>τῷ</span> <span class='ocrx_word' id='word_1_318' title='bbox 1157 899 1357 934; x_wconf 74' lang='grc' dir='ltr'>θυσιαστηρίῳ,</span> <span class='ocrx_word' id='word_1_319' title='bbox 1371 899 1463 930; x_wconf 85' lang='grc' dir='ltr'>καθὼς</span> <span class='ocrx_word' id='word_1_320' title='bbox 1482 899 1695 933; x_wconf 80' lang='grc' dir='ltr'>προσετέτακτο,</span> <span class='ocrx_word' id='word_1_321' title='bbox 1713 897 1759 923; x_wconf 79' lang='grc' dir='ltr'>τὸν</span> <span class='ocrx_word' id='word_1_322' title='bbox 1771 905 1855 932; x_wconf 86' lang='grc' dir='ltr'>πρεσ-</span> 
     </span>
    </p>
   </div>
   <div class='ocr_carea' id='block_1_47' title="bbox 1063 941 1854 978">
    <p class='ocr_par' dir='ltr' id='par_1_47' title="bbox 1063 941 1854 978">
     <span class='ocr_line' id='line_1_47' title="bbox 1063 941 1854 978; baseline -0.004 -8"><span class='ocrx_word' id='word_1_323' title='bbox 1063 944 1177 978; x_wconf 76' lang='grc' dir='ltr'>ϐύτερον</span> <span class='ocrx_word' id='word_1_324' title='bbox 1190 943 1347 976; x_wconf 77' lang='grc' dir='ltr'>Λύξέντιον,</span> <span class='ocrx_word' id='word_1_325' title='bbox 1367 944 1462 978; x_wconf 76' lang='grc' dir='ltr'>ὥσπερ</span> <span class='ocrx_word' id='word_1_326' title='bbox 1479 943 1508 976; x_wconf 74' lang='grc' dir='ltr'>ἐξ</span> <span class='ocrx_word' id='word_1_327' title='bbox 1525 942 1678 976; x_wconf 77' lang='grc' dir='ltr'>ἀποστολῆς</span> <span class='ocrx_word' id='word_1_328' title='bbox 1693 950 1767 973; x_wconf 83' lang='grc' dir='ltr'>τινος</span> <span class='ocrx_word' id='word_1_329' title='bbox 1797 941 1854 967; x_wconf 79' lang='grc' dir='ltr'>εισ-</span> 
     </span>
    </p>
   </div>
   <div class='ocr_carea' id='block_1_48' title="bbox 1062 987 1855 1024">
    <p class='ocr_par' dir='ltr' id='par_1_48' title="bbox 1062 987 1855 1024">
     <span class='ocr_line' id='line_1_48' title="bbox 1062 987 1855 1024; baseline -0.005 -7"><span class='ocrx_word' id='word_1_330' title='bbox 1062 989 1222 1024; x_wconf 80' lang='grc' dir='ltr'>εληλυθὲναι</span> <span class='ocrx_word' id='word_1_331' title='bbox 1252 990 1291 1021; x_wconf 85' lang='grc' dir='ltr'><strong>είς</strong></span> <span class='ocrx_word' id='word_1_332' title='bbox 1307 991 1360 1024; x_wconf 80' lang='grc' dir='ltr'><strong>τὴν</strong></span> <span class='ocrx_word' id='word_1_333' title='bbox 1387 989 1536 1023; x_wconf 68' lang='grc' dir='ltr'>ἐκκλησίαν</span> <span class='ocrx_word' id='word_1_334' title='bbox 1563 990 1610 1015; x_wconf 69' lang='grc' dir='ltr'>καὶ</span> <span class='ocrx_word' id='word_1_335' title='bbox 1635 989 1776 1022; x_wconf 72' lang='grc' dir='ltr'>είληφέναι</span> <span class='ocrx_word' id='word_1_336' title='bbox 1804 987 1855 1023; x_wconf 82' lang='grc' dir='ltr'>τὴν</span> 
     </span>
    </p>
   </div>
   <div class='ocr_carea' id='block_1_49' title="bbox 1068 1031 1854 1070">
    <p class='ocr_par' dir='ltr' id='par_1_49' title="bbox 1068 1031 1854 1070">
     <span class='ocr_line' id='line_1_49' title="bbox 1068 1031 1854 1070; baseline -0.003 -8"><span class='ocrx_word' id='word_1_337' title='bbox 1068 1036 1167 1070; x_wconf 82' lang='grc' dir='ltr'>ζώνην,</span> <span class='ocrx_word' id='word_1_338' title='bbox 1199 1036 1320 1066; x_wconf 81' lang='grc' dir='ltr'>ἀκούσας</span> <span class='ocrx_word' id='word_1_339' title='bbox 1356 1035 1443 1062; x_wconf 81' lang='grc' dir='ltr'>ταῦτα</span> <span class='ocrx_word' id='word_1_340' title='bbox 1471 1036 1555 1070; x_wconf 77' lang='grc' dir='ltr'>ἐχάρη</span> <span class='ocrx_word' id='word_1_341' title='bbox 1584 1036 1598 1061; x_wconf 83' lang='grc' dir='ltr'><strong><em>ὁ</em></strong></span> <span class='ocrx_word' id='word_1_342' title='bbox 1622 1035 1754 1068; x_wconf 71' lang='grc' dir='ltr'>θεοσεϐὴς</span> <span class='ocrx_word' id='word_1_343' title='bbox 1777 1031 1854 1065; x_wconf 73' lang='grc' dir='ltr'>οὗτος</span> 
     </span>
    </p>
   </div>
   <div class='ocr_carea' id='block_1_50' title="bbox 1063 1081 1855 1118">
    <p class='ocr_par' dir='ltr' id='par_1_50' title="bbox 1063 1081 1855 1118">
     <span class='ocr_line' id='line_1_50' title="bbox 1063 1081 1855 1118; baseline -0.004 -9"><span class='ocrx_word' id='word_1_344' title='bbox 1063 1083 1142 1118; x_wconf 85' lang='grc' dir='ltr'>ἀνὴρ,</span> <span class='ocrx_word' id='word_1_345' title='bbox 1162 1083 1210 1109; x_wconf 74' lang='grc' dir='ltr'><strong>καὶ</strong></span> <span class='ocrx_word' id='word_1_346' title='bbox 1235 1082 1327 1109; x_wconf 79' lang='grc' dir='ltr'>λαϐὼν</span> <span class='ocrx_word' id='word_1_347' title='bbox 1347 1082 1401 1108; x_wconf 80' lang='grc' dir='ltr'>ἀπὸ</span> <span class='ocrx_word' id='word_1_348' title='bbox 1418 1082 1464 1109; x_wconf 79' lang='grc' dir='ltr'>τοῦ</span> <span class='ocrx_word' id='word_1_349' title='bbox 1481 1082 1654 1117; x_wconf 82' lang='grc' dir='ltr'>Πραιτωρίου</span> <span class='ocrx_word' id='word_1_350' title='bbox 1672 1082 1777 1112; x_wconf 79' lang='grc' dir='ltr'>πάντας</span> <span class='ocrx_word' id='word_1_351' title='bbox 1792 1081 1855 1112; x_wconf 64' lang='grc' dir='ltr'>τοὺς</span> 
     </span>
    </p>
   </div>
   <div class='ocr_carea' id='block_1_51' title="bbox 1064 1126 1855 1164">
    <p class='ocr_par' dir='ltr' id='par_1_51' title="bbox 1064 1126 1855 1164">
     <span class='ocr_line' id='line_1_51' title="bbox 1064 1126 1855 1164; baseline -0.004 -8"><span class='ocrx_word' id='word_1_352' title='bbox 1064 1129 1159 1163; x_wconf 77' lang='grc' dir='ltr'>φίλους</span> <span class='ocrx_word' id='word_1_353' title='bbox 1173 1129 1255 1155; x_wconf 79' lang='grc' dir='ltr'>αὐτοῦ</span> <span class='ocrx_word' id='word_1_354' title='bbox 1268 1131 1297 1156; x_wconf 80' lang='grc' dir='ltr'>ὲν</span> <span class='ocrx_word' id='word_1_355' title='bbox 1309 1131 1342 1164; x_wconf 87' lang='grc' dir='ltr'>τῇ</span> <span class='ocrx_word' id='word_1_356' title='bbox 1358 1129 1417 1164; x_wconf 82' lang='grc' dir='ltr'>ὥρᾳ</span> <span class='ocrx_word' id='word_1_357' title='bbox 1430 1129 1477 1155; x_wconf 82' lang='grc' dir='ltr'><strong>τοῦ</strong></span> <span class='ocrx_word' id='word_1_358' title='bbox 1499 1129 1624 1164; x_wconf 81' lang='grc' dir='ltr'>ἀρίστου,</span> <span class='ocrx_word' id='word_1_359' title='bbox 1639 1126 1722 1162; x_wconf 67' lang='grc' dir='ltr'><strong>⁴ἦλθεν</strong></span> <span class='ocrx_word' id='word_1_360' title='bbox 1740 1128 1855 1161; x_wconf 67' lang='grc' dir='ltr'>εὐφραι-</span> 
     </span>
    </p>
   </div>
   <div class='ocr_carea' id='block_1_52' title="bbox 1063 1173 1856 1211">
    <p class='ocr_par' dir='ltr' id='par_1_52' title="bbox 1063 1173 1856 1211">
     <span class='ocr_line' id='line_1_52' title="bbox 1063 1173 1856 1211; baseline -0.001 -10"><span class='ocrx_word' id='word_1_361' title='bbox 1063 1175 1186 1209; x_wconf 69' lang='grc' dir='ltr'>νόμενος,</span> <span class='ocrx_word' id='word_1_362' title='bbox 1212 1176 1259 1201; x_wconf 83' lang='grc' dir='ltr'><strong>καὶ</strong></span> <span class='ocrx_word' id='word_1_363' title='bbox 1285 1175 1388 1211; x_wconf 71' lang='grc' dir='ltr'>πολλὴν</span> <span class='ocrx_word' id='word_1_364' title='bbox 1414 1184 1475 1202; x_wconf 72' lang='grc' dir='ltr'>τινα</span> <span class='ocrx_word' id='word_1_365' title='bbox 1497 1174 1536 1207; x_wconf 82' lang='grc' dir='ltr'>τῷ</span> <span class='ocrx_word' id='word_1_366' title='bbox 1556 1174 1695 1209; x_wconf 77' lang='grc' dir='ltr'>προσώπῳ</span> <span class='ocrx_word' id='word_1_367' title='bbox 1713 1173 1796 1201; x_wconf 78' lang='grc' dir='ltr'>αὐτοῦ</span> <span class='ocrx_word' id='word_1_368' title='bbox 1817 1174 1856 1205; x_wconf 83' lang='grc' dir='ltr'>ὡς</span> 
     </span>
    </p>
   </div>
   <div class='ocr_carea' id='block_1_53' title="bbox 1065 1220 1856 1256">
    <p class='ocr_par' dir='ltr' id='par_1_53' title="bbox 1065 1220 1856 1256">
     <span class='ocr_line' id='line_1_53' title="bbox 1065 1220 1856 1256; baseline -0.001 -10"><span class='ocrx_word' id='word_1_369' title='bbox 1065 1221 1094 1246; x_wconf 78' lang='grc' dir='ltr'>οὐ</span> <span class='ocrx_word' id='word_1_370' title='bbox 1112 1221 1222 1246; x_wconf 82' lang='grc' dir='ltr'>πώποτε</span> <span class='ocrx_word' id='word_1_371' title='bbox 1236 1221 1331 1248; x_wconf 75' lang='grc' dir='ltr'>ἄλλοτε</span> <span class='ocrx_word' id='word_1_372' title='bbox 1346 1221 1396 1256; x_wconf 71' lang='grc' dir='ltr'>τὴν</span> <span class='ocrx_word' id='word_1_373' title='bbox 1412 1222 1578 1256; x_wconf 66' lang='grc' dir='ltr'>φαιδρότητα</span> <span class='ocrx_word' id='word_1_374' title='bbox 1589 1220 1810 1255; x_wconf 77' lang='grc' dir='ltr'>ἐπιδεικνύμενος</span> <span class='ocrx_word' id='word_1_375' title='bbox 1827 1220 1856 1246; x_wconf 76' lang='grc' dir='ltr'>ὲν</span> 
     </span>
    </p>
   </div>
   <div class='ocr_carea' id='block_1_54' title="bbox 1064 1266 1856 1302">
    <p class='ocr_par' dir='ltr' id='par_1_54' title="bbox 1064 1266 1856 1302">
     <span class='ocr_line' id='line_1_54' title="bbox 1064 1266 1856 1302; baseline -0.001 -9"><span class='ocrx_word' id='word_1_376' title='bbox 1064 1267 1103 1302; x_wconf 86' lang='grc' dir='ltr'>τῷ</span> <span class='ocrx_word' id='word_1_377' title='bbox 1119 1268 1274 1302; x_wconf 76' lang='grc' dir='ltr'><strong>συμποσίῳ,</strong></span> <span class='ocrx_word' id='word_1_378' title='bbox 1288 1267 1357 1294; x_wconf 83' lang='grc' dir='ltr'>ὥστε</span> <span class='ocrx_word' id='word_1_379' title='bbox 1375 1268 1422 1294; x_wconf 78' lang='grc' dir='ltr'>ἐπὶ</span> <span class='ocrx_word' id='word_1_380' title='bbox 1433 1267 1472 1301; x_wconf 79' lang='grc' dir='ltr'><strong>τῷ</strong></span> <span class='ocrx_word' id='word_1_381' title='bbox 1489 1267 1621 1302; x_wconf 77' lang='grc' dir='ltr'>ἀσυνήθει</span> <span class='ocrx_word' id='word_1_382' title='bbox 1636 1268 1724 1302; x_wconf 81' lang='grc' dir='ltr'>τούτῳ</span> <span class='ocrx_word' id='word_1_383' title='bbox 1738 1266 1856 1300; x_wconf 84' lang='grc' dir='ltr'>θεάματι</span> 
     </span>
    </p>
   </div>
   <div class='ocr_carea' id='block_1_55' title="bbox 1063 1311 1856 1347">
    <p class='ocr_par' dir='ltr' id='par_1_55' title="bbox 1063 1311 1856 1347">
     <span class='ocr_line' id='line_1_55' title="bbox 1063 1311 1856 1347; baseline -0.001 -9"><span class='ocrx_word' id='word_1_384' title='bbox 1063 1313 1111 1338; x_wconf 80' lang='grc' dir='ltr'>τοῦ</span> <span class='ocrx_word' id='word_1_385' title='bbox 1138 1313 1234 1347; x_wconf 80' lang='grc' dir='ltr'>ἀνδρὸς</span> <span class='ocrx_word' id='word_1_386' title='bbox 1267 1313 1419 1345; x_wconf 75' lang='grc' dir='ltr'>ξενίζεσθαι</span> <span class='ocrx_word' id='word_1_387' title='bbox 1448 1314 1554 1344; x_wconf 78' lang='grc' dir='ltr'>πάντας</span> <span class='ocrx_word' id='word_1_388' title='bbox 1591 1313 1638 1339; x_wconf 70' lang='grc' dir='ltr'><strong>καὶ</strong></span> <span class='ocrx_word' id='word_1_389' title='bbox 1664 1313 1730 1347; x_wconf 76' lang='grc' dir='ltr'>περὶ</span> <span class='ocrx_word' id='word_1_390' title='bbox 1757 1311 1856 1338; x_wconf 79' lang='grc' dir='ltr'>πολλοῦ</span> 
     </span>
    </p>
   </div>
   <div class='ocr_carea' id='block_1_56' title="bbox 1065 1357 1856 1394">
    <p class='ocr_par' dir='ltr' id='par_1_56' title="bbox 1065 1357 1856 1394">
     <span class='ocr_line' id='line_1_56' title="bbox 1065 1357 1856 1394; baseline -0.001 -9"><span class='ocrx_word' id='word_1_391' title='bbox 1065 1359 1202 1385; x_wconf 84' lang='grc' dir='ltr'>ποιεῖσθαι</span> <span class='ocrx_word' id='word_1_392' title='bbox 1228 1359 1373 1394; x_wconf 75' lang='grc' dir='ltr'>μανθάνειν</span> <span class='ocrx_word' id='word_1_393' title='bbox 1400 1361 1450 1394; x_wconf 84' lang='grc' dir='ltr'><strong>τὴν</strong></span> <span class='ocrx_word' id='word_1_394' title='bbox 1477 1360 1581 1386; x_wconf 77' lang='grc' dir='ltr'>αἰτίαν.</span> <span class='ocrx_word' id='word_1_395' title='bbox 1609 1357 1656 1389; x_wconf 70' lang='grc' dir='ltr'><strong>Εἷς</strong></span> <span class='ocrx_word' id='word_1_396' title='bbox 1675 1359 1704 1385; x_wconf 83' lang='grc' dir='ltr'><em>δέ</em></span> <span class='ocrx_word' id='word_1_397' title='bbox 1733 1367 1776 1390; x_wconf 87' lang='grc' dir='ltr'><strong>τις</strong></span> <span class='ocrx_word' id='word_1_398' title='bbox 1801 1358 1856 1384; x_wconf 82' lang='grc' dir='ltr'><strong>τῶν</strong></span> 
     </span>
    </p>
   </div>
   <div class='ocr_carea' id='block_1_57' title="bbox 1066 1403 1854 1438">
    <p class='ocr_par' dir='ltr' id='par_1_57' title="bbox 1066 1403 1854 1438">
     <span class='ocr_line' id='line_1_57' title="bbox 1066 1403 1854 1438; baseline 0.001 -11"><span class='ocrx_word' id='word_1_399' title='bbox 1066 1403 1320 1437; x_wconf 78' lang='grc' dir='ltr'>συνανακειμένων,</span> <span class='ocrx_word' id='word_1_400' title='bbox 1344 1404 1479 1438; x_wconf 82' lang='grc' dir='ltr'>νεώτερος</span> <span class='ocrx_word' id='word_1_401' title='bbox 1504 1403 1553 1438; x_wconf 76' lang='grc' dir='ltr'>τὴν</span> <span class='ocrx_word' id='word_1_402' title='bbox 1579 1403 1688 1438; x_wconf 79' lang='grc' dir='ltr'>ἡλικίαν</span> <span class='ocrx_word' id='word_1_403' title='bbox 1713 1404 1854 1438; x_wconf 79' lang='grc' dir='ltr'>ὑπάρχων,</span> 
     </span>
    </p>
   </div>
   <div class='ocr_carea' id='block_1_58' title="bbox 1065 1448 1909 1484">
    <p class='ocr_par' dir='ltr' id='par_1_58' title="bbox 1065 1448 1909 1484">
     <span class='ocr_line' id='line_1_58' title="bbox 1065 1448 1909 1484; baseline 0.004 -11"><span class='ocrx_word' id='word_1_404' title='bbox 1065 1449 1137 1474; x_wconf 76' lang='grc' dir='ltr'>πάνυ</span> <span class='ocrx_word' id='word_1_405' title='bbox 1155 1449 1231 1482; x_wconf 80' lang='grc' dir='ltr'>φίλος</span> <span class='ocrx_word' id='word_1_406' title='bbox 1257 1448 1340 1475; x_wconf 73' lang='grc' dir='ltr'>αὑτοῦ</span> <span class='ocrx_word' id='word_1_407' title='bbox 1365 1450 1413 1474; x_wconf 69' lang='grc' dir='ltr'>καὶ</span> <span class='ocrx_word' id='word_1_408' title='bbox 1438 1449 1618 1484; x_wconf 81' lang='grc' dir='ltr'>συμπολίτης,</span> <span class='ocrx_word' id='word_1_409' title='bbox 1646 1449 1774 1482; x_wconf 77' lang='grc' dir='ltr'>Εὑγένιος</span> <span class='ocrx_word' id='word_1_410' title='bbox 1793 1448 1862 1477; x_wconf 51' lang='grc' dir='ltr'>τοῦ(</span> <span class='ocrx_word' id='word_1_411' title='bbox 1904 1450 1909 1451; x_wconf 53' lang='grc'><strong><em>⁷</em></strong></span> 
     </span>
    </p>
   </div>
   <div class='ocr_carea' id='block_1_59' title="bbox 1065 1493 1856 1531">
    <p class='ocr_par' dir='ltr' id='par_1_59' title="bbox 1065 1493 1856 1531">
     <span class='ocr_line' id='line_1_59' title="bbox 1065 1493 1856 1531; baseline 0.004 -12"><span class='ocrx_word' id='word_1_412' title='bbox 1065 1501 1146 1528; x_wconf 82' lang='grc' dir='ltr'>νομα,</span> <span class='ocrx_word' id='word_1_413' title='bbox 1165 1493 1306 1529; x_wconf 67' lang='grc' dir='ltr'>θαρρήσας</span> <span class='ocrx_word' id='word_1_414' title='bbox 1319 1495 1486 1521; x_wconf 71' lang='grc' dir='ltr'>πυνθάνεται</span> <span class='ocrx_word' id='word_1_415' title='bbox 1501 1496 1566 1531; x_wconf 77' lang='grc' dir='ltr'>παρ’</span> <span class='ocrx_word' id='word_1_416' title='bbox 1584 1495 1668 1522; x_wconf 78' lang='grc' dir='ltr'>αὑτοῦ</span> <span class='ocrx_word' id='word_1_417' title='bbox 1685 1496 1772 1529; x_wconf 83' lang='grc' dir='ltr'>λέγων</span> <span class='ocrx_word' id='word_1_418' title='bbox 1786 1503 1792 1510; x_wconf 94' lang='grc'><strong>·</strong></span> <span class='ocrx_word' id='word_1_419' title='bbox 1811 1495 1856 1530; x_wconf 83' lang='grc' dir='ltr'><strong>Μή</strong></span> 
     </span>
    </p>
   </div>
   <div class='ocr_carea' id='block_1_60' title="bbox 222 1539 1012 1583">
    <p class='ocr_par' dir='ltr' id='par_1_60' title="bbox 222 1539 1009 1576">
     <span class='ocr_line' id='line_1_60' title="bbox 222 1539 1009 1576; baseline 0.006 -11"><span class='ocrx_word' id='word_1_420' title='bbox 222 1545 322 1566; x_wconf 77' lang='lat' dir='ltr'><strong>versus</strong></span> <span class='ocrx_word' id='word_1_421' title='bbox 335 1539 517 1572; x_wconf 86' lang='lat' dir='ltr'><strong>Christianos,</strong></span> <span class='ocrx_word' id='word_1_422' title='bbox 531 1540 648 1568; x_wconf 81' lang='lat' dir='ltr'><strong>accessit</strong></span> <span class='ocrx_word' id='word_1_423' title='bbox 664 1541 711 1568; x_wconf 88' lang='lat' dir='ltr'><strong>tibi</strong></span> <span class='ocrx_word' id='word_1_424' title='bbox 729 1541 855 1575; x_wconf 79' lang='lat' dir='ltr'><strong>profusus</strong></span> <span class='ocrx_word' id='word_1_425' title='bbox 871 1542 915 1570; x_wconf 85' lang='lat' dir='ltr'><strong>hic</strong></span> <span class='ocrx_word' id='word_1_426' title='bbox 928 1543 1009 1576; x_wconf 75' lang='lat' dir='ltr'><strong>risus,</strong></span> 
     </span>
    </p>
   </div>
   <div class='ocr_carea' id='block_1_61' title="bbox 1063 1539 1857 1583">
    <p class='ocr_par' dir='ltr' id='par_1_61' title="bbox 1065 1539 1857 1576">
     <span class='ocr_line' id='line_1_61' title="bbox 1065 1539 1857 1576; baseline 0.005 -13"><span class='ocrx_word' id='word_1_427' title='bbox 1065 1546 1101 1570; x_wconf 78' lang='grc' dir='ltr'>τι,</span> <span class='ocrx_word' id='word_1_428' title='bbox 1124 1539 1235 1572; x_wconf 78' lang='grc' dir='ltr'>μέγιστε</span> <span class='ocrx_word' id='word_1_429' title='bbox 1255 1539 1416 1574; x_wconf 77' lang='grc' dir='ltr'>Εὑστράτιε,</span> <span class='ocrx_word' id='word_1_430' title='bbox 1448 1541 1491 1567; x_wconf 74' lang='grc' dir='ltr'><strong>δια</strong></span> <span class='ocrx_word' id='word_1_431' title='bbox 1522 1541 1552 1567; x_wconf 64' lang='grc' dir='ltr'>τὸ</span> <span class='ocrx_word' id='word_1_432' title='bbox 1577 1541 1779 1576; x_wconf 80' lang='grc' dir='ltr'>προστετάχθαι</span> <span class='ocrx_word' id='word_1_433' title='bbox 1804 1541 1857 1567; x_wconf 79' lang='grc' dir='ltr'><strong>ὑπὸ</strong></span> 
     </span>
    </p>
   </div>
   <div class='ocr_carea' id='block_1_62' title="bbox 224 1584 1012 1620">
    <p class='ocr_par' dir='ltr' id='par_1_62' title="bbox 224 1584 1012 1620">
     <span class='ocr_line' id='line_1_62' title="bbox 224 1584 1012 1620; baseline 0.005 -9"><span class='ocrx_word' id='word_1_434' title='bbox 224 1588 257 1611; x_wconf 86' lang='lat' dir='ltr'><strong>ut</strong></span> <span class='ocrx_word' id='word_1_435' title='bbox 270 1584 317 1619; x_wconf 88' lang='lat' dir='ltr'><strong>qui</strong></span> <span class='ocrx_word' id='word_1_436' title='bbox 331 1592 363 1612; x_wconf 83' lang='lat' dir='ltr'><strong>ex</strong></span> <span class='ocrx_word' id='word_1_437' title='bbox 378 1593 411 1612; x_wconf 90' lang='lat' dir='ltr'><strong>eo</strong></span> <span class='ocrx_word' id='word_1_438' title='bbox 424 1592 517 1620; x_wconf 84' lang='lat' dir='ltr'><strong>speres</strong></span> <span class='ocrx_word' id='word_1_439' title='bbox 528 1585 631 1620; x_wconf 87' lang='lat' dir='ltr'><strong>aliquid</strong></span> <span class='ocrx_word' id='word_1_440' title='bbox 645 1586 766 1614; x_wconf 88' lang='lat' dir='ltr'><strong>lucrari?</strong></span> <span class='ocrx_word' id='word_1_441' title='bbox 779 1587 836 1614; x_wconf 83' lang='lat' dir='ltr'><strong>lloc</strong></span> <span class='ocrx_word' id='word_1_442' title='bbox 852 1596 916 1615; x_wconf 89' lang='lat' dir='ltr'><strong>vero</strong></span> <span class='ocrx_word' id='word_1_443' title='bbox 932 1589 1012 1620; x_wconf 80' lang='lat' dir='ltr'><strong>dixit,</strong></span> 
     </span>
    </p>
   </div>
   <div class='ocr_carea' id='block_1_63' title="bbox 223 1631 1014 1668">
    <p class='ocr_par' dir='ltr' id='par_1_63' title="bbox 223 1631 1014 1668">
     <span class='ocr_line' id='line_1_63' title="bbox 223 1631 1014 1668; baseline 0.005 -10"><span class='ocrx_word' id='word_1_444' title='bbox 223 1635 372 1666; x_wconf 80' lang='lat' dir='ltr'><strong>propterea</strong></span> <span class='ocrx_word' id='word_1_445' title='bbox 390 1631 461 1667; x_wconf 84' lang='lat' dir='ltr'><strong>quod</strong></span> <span class='ocrx_word' id='word_1_446' title='bbox 486 1632 513 1659; x_wconf 88' lang='lat' dir='ltr'><strong>in</strong></span> <span class='ocrx_word' id='word_1_447' title='bbox 535 1631 612 1660; x_wconf 89' lang='lat' dir='ltr'><strong>illum</strong></span> <span class='ocrx_word' id='word_1_448' title='bbox 635 1640 736 1660; x_wconf 91' lang='lat' dir='ltr'><strong>annum</strong></span> <span class='ocrx_word' id='word_1_449' title='bbox 760 1639 833 1661; x_wconf 86' lang='lat' dir='ltr'><strong>esset</strong></span> <span class='ocrx_word' id='word_1_450' title='bbox 851 1634 907 1668; x_wconf 87' lang='lat' dir='ltr'><strong>ipse</strong></span> <span class='ocrx_word' id='word_1_451' title='bbox 931 1634 1014 1662; x_wconf 90' lang='lat' dir='ltr'><strong>Com-</strong></span> 
     </span>
    </p>
   </div>
   <div class='ocr_carea' id='block_1_64' title="bbox 223 1678 1013 1715">
    <p class='ocr_par' dir='ltr' id='par_1_64' title="bbox 223 1678 1013 1715">
     <span class='ocr_line' id='line_1_64' title="bbox 223 1678 1013 1715; baseline 0.005 -11"><span class='ocrx_word' id='word_1_452' title='bbox 223 1678 433 1706; x_wconf 76' lang='lat' dir='ltr'><strong>mentariensis.</strong></span> <span class='ocrx_word' id='word_1_453' title='bbox 446 1679 563 1707; x_wconf 85' lang='lat' dir='ltr'><strong>Sanctus</strong></span> <span class='ocrx_word' id='word_1_454' title='bbox 576 1684 667 1707; x_wconf 90' lang='lat' dir='ltr'><strong>autem</strong></span> <span class='ocrx_word' id='word_1_455' title='bbox 680 1680 822 1715; x_wconf 75' lang='lat' dir='ltr'><strong>respondit</strong></span> <span class='ocrx_word' id='word_1_456' title='bbox 836 1681 992 1708; x_wconf 84' lang='lat' dir='ltr'><strong>Eustratius</strong></span> <span class='ocrx_word' id='word_1_457' title='bbox 1004 1689 1013 1708; x_wconf 85' lang='lat'>:</span> 
     </span>
    </p>
   </div>
   <div class='ocr_carea' id='block_1_65' title="bbox 224 1721 1014 1761">
    <p class='ocr_par' dir='ltr' id='par_1_65' title="bbox 224 1721 1014 1761">
     <span class='ocr_line' id='line_1_65' title="bbox 224 1721 1014 1761; baseline 0.006 -13"><span class='ocrx_word' id='word_1_458' title='bbox 224 1721 311 1749; x_wconf 76' lang='lat' dir='ltr'><strong>Recte</strong></span> <span class='ocrx_word' id='word_1_459' title='bbox 325 1722 498 1756; x_wconf 81' lang='lat' dir='ltr'><strong>existimasti,</strong></span> <span class='ocrx_word' id='word_1_460' title='bbox 513 1732 528 1750; x_wconf 87' lang='grc' dir='ltr'><strong>ο</strong></span> <span class='ocrx_word' id='word_1_461' title='bbox 542 1724 640 1752; x_wconf 88' lang='lat' dir='ltr'><strong>amice.</strong></span> <span class='ocrx_word' id='word_1_462' title='bbox 657 1724 743 1760; x_wconf 88' lang='lat' dir='ltr'><strong>Spero</strong></span> <span class='ocrx_word' id='word_1_463' title='bbox 756 1725 828 1752; x_wconf 89' lang='lat' dir='ltr'><strong>enim</strong></span> <span class='ocrx_word' id='word_1_464' title='bbox 843 1734 892 1761; x_wconf 81' lang='lat' dir='ltr'><strong>ego</strong></span> <span class='ocrx_word' id='word_1_465' title='bbox 905 1734 1014 1761; x_wconf 89' lang='lat' dir='ltr'><strong>quoque</strong></span> 
     </span>
    </p>
   </div>
   <div class='ocr_carea' id='block_1_66' title="bbox 225 1767 1013 1807">
    <p class='ocr_par' dir='ltr' id='par_1_66' title="bbox 225 1767 1013 1807">
     <span class='ocr_line' id='line_1_66' title="bbox 225 1767 1013 1807; baseline 0.008 -13"><span class='ocrx_word' id='word_1_466' title='bbox 225 1767 272 1795; x_wconf 83' lang='lat' dir='ltr'><strong>die</strong></span> <span class='ocrx_word' id='word_1_467' title='bbox 288 1768 414 1802; x_wconf 89' lang='lat' dir='ltr'><strong>sequenti</strong></span> <span class='ocrx_word' id='word_1_468' title='bbox 438 1777 472 1796; x_wconf 86' lang='lat' dir='ltr'><strong>ex</strong></span> <span class='ocrx_word' id='word_1_469' title='bbox 495 1769 546 1797; x_wconf 88' lang='lat' dir='ltr'><strong>hac</strong></span> <span class='ocrx_word' id='word_1_470' title='bbox 559 1777 590 1797; x_wconf 89' lang='lat' dir='ltr'><strong>re</strong></span> <span class='ocrx_word' id='word_1_471' title='bbox 611 1771 741 1805; x_wconf 86' lang='lat' dir='ltr'><strong>consequi</strong></span> <span class='ocrx_word' id='word_1_472' title='bbox 777 1772 948 1803; x_wconf 70' lang='lat' dir='ltr'><strong>thesaurum,</strong></span> <span class='ocrx_word' id='word_1_473' title='bbox 966 1773 1013 1807; x_wconf 86' lang='lat' dir='ltr'><strong>qui</strong></span> 
     </span>
    </p>
   </div>
   <div class='ocr_carea' id='block_1_67' title="bbox 229 1813 1013 1853">
    <p class='ocr_par' dir='ltr' id='par_1_67' title="bbox 229 1813 1013 1853">
     <span class='ocr_line' id='line_1_67' title="bbox 229 1813 1013 1853; baseline 0.008 -13"><span class='ocrx_word' id='word_1_474' title='bbox 229 1813 333 1841; x_wconf 82' lang='lat' dir='ltr'><strong>auferri</strong></span> <span class='ocrx_word' id='word_1_475' title='bbox 356 1821 412 1840; x_wconf 88' lang='lat' dir='ltr'><strong>non</strong></span> <span class='ocrx_word' id='word_1_476' title='bbox 434 1819 533 1849; x_wconf 76' lang='lat' dir='ltr'><strong>potest.</strong></span> <span class='ocrx_word' id='word_1_477' title='bbox 552 1816 682 1850; x_wconf 86' lang='lat' dir='ltr'><strong>Sequenti</strong></span> <span class='ocrx_word' id='word_1_478' title='bbox 707 1824 771 1843; x_wconf 81' lang='lat' dir='ltr'><strong>vero</strong></span> <span class='ocrx_word' id='word_1_479' title='bbox 796 1817 839 1844; x_wconf 90' lang='lat' dir='ltr'><strong>die</strong></span> <span class='ocrx_word' id='word_1_480' title='bbox 862 1817 968 1853; x_wconf 52' lang='lat' dir='ltr'><strong>Lysias,</strong></span> <span class='ocrx_word' id='word_1_481' title='bbox 988 1818 1013 1845; x_wconf 86' lang='lat' dir='ltr'><strong>ei</strong></span> 
     </span>
    </p>
   </div>
   <div class='ocr_carea' id='block_1_68' title="bbox 225 1860 1014 1897">
    <p class='ocr_par' dir='ltr' id='par_1_68' title="bbox 225 1860 1014 1897">
     <span class='ocr_line' id='line_1_68' title="bbox 225 1860 1014 1897; baseline 0.006 -12"><span class='ocrx_word' id='word_1_482' title='bbox 225 1863 320 1886; x_wconf 83' lang='lat' dir='ltr'><strong>erecto</strong></span> <span class='ocrx_word' id='word_1_483' title='bbox 334 1860 442 1887; x_wconf 84' lang='lat' dir='ltr'><strong>excelso</strong></span> <span class='ocrx_word' id='word_1_484' title='bbox 459 1860 588 1887; x_wconf 81' lang='lat' dir='ltr'><strong>tribunali</strong></span> <span class='ocrx_word' id='word_1_485' title='bbox 604 1861 632 1888; x_wconf 92' lang='lat' dir='ltr'><strong>in</strong></span> <span class='ocrx_word' id='word_1_486' title='bbox 648 1861 736 1888; x_wconf 88' lang='lat' dir='ltr'><strong>media</strong></span> <span class='ocrx_word' id='word_1_487' title='bbox 754 1862 863 1889; x_wconf 80' lang='lat' dir='ltr'><strong>civitate</strong></span> <span class='ocrx_word' id='word_1_488' title='bbox 880 1863 906 1889; x_wconf 91' lang='lat' dir='ltr'><strong>in</strong></span> <span class='ocrx_word' id='word_1_489' title='bbox 922 1863 1014 1897; x_wconf 81' lang='lat' dir='ltr'><strong>signo-</strong></span> 
     </span>
    </p>
   </div>
   <div class='ocr_carea' id='block_1_69' title="bbox 227 1905 1012 1943">
    <p class='ocr_par' dir='ltr' id='par_1_69' title="bbox 227 1905 1012 1943">
     <span class='ocr_line' id='line_1_69' title="bbox 227 1905 1012 1943; baseline 0.006 -12"><span class='ocrx_word' id='word_1_490' title='bbox 227 1905 321 1937; x_wconf 84' lang='lat' dir='ltr'><strong>stasio,</strong></span> <span class='ocrx_word' id='word_1_491' title='bbox 334 1906 416 1940; x_wconf 85' lang='lat' dir='ltr'><strong>jussit</strong></span> <span class='ocrx_word' id='word_1_492' title='bbox 431 1913 537 1938; x_wconf 86' lang='lat' dir='ltr'><strong>omnes,</strong></span> <span class='ocrx_word' id='word_1_493' title='bbox 550 1907 598 1942; x_wconf 88' lang='lat' dir='ltr'><strong>qui</strong></span> <span class='ocrx_word' id='word_1_494' title='bbox 612 1912 690 1934; x_wconf 86' lang='lat' dir='ltr'><strong>erant</strong></span> <span class='ocrx_word' id='word_1_495' title='bbox 705 1907 733 1935; x_wconf 91' lang='lat' dir='ltr'><strong>in</strong></span> <span class='ocrx_word' id='word_1_496' title='bbox 749 1909 882 1940; x_wconf 86' lang='lat' dir='ltr'><strong>custodia,</strong></span> <span class='ocrx_word' id='word_1_497' title='bbox 899 1909 1012 1943; x_wconf 76' lang='lat' dir='ltr'><strong>produci</strong></span> 
     </span>
    </p>
   </div>
   <div class='ocr_carea' id='block_1_70' title="bbox 225 1952 1014 1989">
    <p class='ocr_par' dir='ltr' id='par_1_70' title="bbox 225 1952 1014 1989">
     <span class='ocr_line' id='line_1_70' title="bbox 225 1952 1014 1989; baseline 0.004 -10"><span class='ocrx_word' id='word_1_498' title='bbox 225 1958 257 1980; x_wconf 89' lang='lat' dir='ltr'><strong>ut</strong></span> <span class='ocrx_word' id='word_1_499' title='bbox 271 1952 518 1988; x_wconf 76' lang='lat' dir='ltr'><strong>interrogarentur.</strong></span> <span class='ocrx_word' id='word_1_500' title='bbox 534 1952 652 1982; x_wconf 87' lang='lat' dir='ltr'><strong>Sanctus</strong></span> <span class='ocrx_word' id='word_1_501' title='bbox 666 1957 758 1981; x_wconf 80' lang='lat' dir='ltr'><strong>autent</strong></span> <span class='ocrx_word' id='word_1_502' title='bbox 777 1954 932 1982; x_wconf 83' lang='lat' dir='ltr'><strong>Eustratius</strong></span> <span class='ocrx_word' id='word_1_503' title='bbox 949 1963 1014 1989; x_wconf 82' lang='lat' dir='ltr'><strong>pro—</strong></span> 
     </span>
    </p>
   </div>
   <div class='ocr_carea' id='block_1_71' title="bbox 224 1999 1013 2035">
    <p class='ocr_par' dir='ltr' id='par_1_71' title="bbox 224 1999 1013 2035">
     <span class='ocr_line' id='line_1_71' title="bbox 224 1999 1013 2035; baseline 0.003 -10"><span class='ocrx_word' id='word_1_504' title='bbox 224 1999 313 2026; x_wconf 78' lang='lat' dir='ltr'><strong>fectus</strong></span> <span class='ocrx_word' id='word_1_505' title='bbox 326 1999 356 2026; x_wconf 85' lang='lat' dir='ltr'><strong>in</strong></span> <span class='ocrx_word' id='word_1_506' title='bbox 376 2006 527 2033; x_wconf 83' lang='lat' dir='ltr'><strong>carcerem,</strong></span> <span class='ocrx_word' id='word_1_507' title='bbox 544 2001 650 2035; x_wconf 78' lang='lat' dir='ltr'><strong>rogavit</strong></span> <span class='ocrx_word' id='word_1_508' title='bbox 666 2007 761 2028; x_wconf 85' lang='lat' dir='ltr'><strong>omnes</strong></span> <span class='ocrx_word' id='word_1_509' title='bbox 781 2005 898 2034; x_wconf 84' lang='lat' dir='ltr'><strong>sanctos,</strong></span> <span class='ocrx_word' id='word_1_510' title='bbox 917 2005 946 2028; x_wconf 89' lang='lat' dir='ltr'><strong>ut</strong></span> <span class='ocrx_word' id='word_1_511' title='bbox 964 2008 1013 2035; x_wconf 86' lang='lat' dir='ltr'><strong>pro</strong></span> 
     </span>
    </p>
   </div>
   <div class='ocr_carea' id='block_1_72' title="bbox 223 2045 1013 2082">
    <p class='ocr_par' dir='ltr' id='par_1_72' title="bbox 223 2045 1013 2082">
     <span class='ocr_line' id='line_1_72' title="bbox 223 2045 1013 2082; baseline 0.004 -10"><span class='ocrx_word' id='word_1_512' title='bbox 223 2052 257 2072; x_wconf 84' lang='lat' dir='ltr'><strong>eo</strong></span> <span class='ocrx_word' id='word_1_513' title='bbox 277 2049 399 2072; x_wconf 86' lang='lat' dir='ltr'><strong>orarent.</strong></span> <span class='ocrx_word' id='word_1_514' title='bbox 422 2045 495 2073; x_wconf 83' lang='lat' dir='ltr'><strong>Dixit</strong></span> <span class='ocrx_word' id='word_1_515' title='bbox 516 2047 601 2078; x_wconf 87' lang='lat' dir='ltr'><strong>enim,</strong></span> <span class='ocrx_word' id='word_1_516' title='bbox 619 2054 648 2074; x_wconf 79' lang='lat' dir='ltr'><strong>se</strong></span> <span class='ocrx_word' id='word_1_517' title='bbox 670 2047 717 2075; x_wconf 90' lang='lat' dir='ltr'><strong>illo</strong></span> <span class='ocrx_word' id='word_1_518' title='bbox 733 2047 778 2074; x_wconf 87' lang='lat' dir='ltr'><strong>die</strong></span> <span class='ocrx_word' id='word_1_519' title='bbox 794 2047 916 2075; x_wconf 76' lang='lat' dir='ltr'><strong>futurum</strong></span> <span class='ocrx_word' id='word_1_520' title='bbox 940 2048 1013 2082; x_wconf 87' lang='lat' dir='ltr'><strong>paris</strong></span> 
     </span>
    </p>
   </div>
   <div class='ocr_carea' id='block_1_73' title="bbox 224 2090 1011 2126">
    <p class='ocr_par' dir='ltr' id='par_1_73' title="bbox 224 2090 1011 2126">
     <span class='ocr_line' id='line_1_73' title="bbox 224 2090 1011 2126; baseline 0.004 -9"><span class='ocrx_word' id='word_1_521' title='bbox 224 2090 329 2118; x_wconf 77' lang='lat' dir='ltr'><strong>socium</strong></span> <span class='ocrx_word' id='word_1_522' title='bbox 356 2091 526 2119; x_wconf 82' lang='lat' dir='ltr'><strong>certaminis.</strong></span> <span class='ocrx_word' id='word_1_523' title='bbox 550 2091 619 2120; x_wconf 88' lang='lat' dir='ltr'><strong>Cum</strong></span> <span class='ocrx_word' id='word_1_524' title='bbox 641 2100 737 2120; x_wconf 84' lang='lat' dir='ltr'><strong>omnes</strong></span> <span class='ocrx_word' id='word_1_525' title='bbox 760 2097 851 2120; x_wconf 87' lang='lat' dir='ltr'><strong>autem</strong></span> <span class='ocrx_word' id='word_1_526' title='bbox 876 2098 1011 2126; x_wconf 86' lang='lat' dir='ltr'><strong>orassent,</strong></span> 
     </span>
    </p>
   </div>
   <div class='ocr_carea' id='block_1_74' title="bbox 223 2137 1012 2172">
    <p class='ocr_par' dir='ltr' id='par_1_74' title="bbox 223 2137 1012 2172">
     <span class='ocr_line' id='line_1_74' title="bbox 223 2137 1012 2172; baseline 0.004 -8"><span class='ocrx_word' id='word_1_527' title='bbox 223 2141 252 2164; x_wconf 84' lang='lat' dir='ltr'><strong>et</strong></span> <span class='ocrx_word' id='word_1_528' title='bbox 263 2145 352 2172; x_wconf 77' lang='lat' dir='ltr'><strong>genua</strong></span> <span class='ocrx_word' id='word_1_529' title='bbox 374 2137 526 2171; x_wconf 77' lang='lat' dir='ltr'><strong>ﬂexissent,</strong></span> <span class='ocrx_word' id='word_1_530' title='bbox 545 2142 574 2166; x_wconf 90' lang='lat' dir='ltr'><strong>et</strong></span> <span class='ocrx_word' id='word_1_531' title='bbox 588 2143 742 2166; x_wconf 75' lang='lat' dir='ltr'><strong>extremm</strong></span> <span class='ocrx_word' id='word_1_532' title='bbox 761 2139 845 2166; x_wconf 80' lang='lat' dir='ltr'><strong>Amen</strong></span> <span class='ocrx_word' id='word_1_533' title='bbox 868 2139 1012 2172; x_wconf 84' lang='lat' dir='ltr'><strong>dixissent,</strong></span> 
     </span>
    </p>
   </div>
   <div class='ocr_carea' id='block_1_75' title="bbox 224 2185 1013 2218">
    <p class='ocr_par' dir='ltr' id='par_1_75' title="bbox 224 2185 1013 2218">
     <span class='ocr_line' id='line_1_75' title="bbox 224 2185 1013 2218; baseline 0.004 -8"><span class='ocrx_word' id='word_1_534' title='bbox 224 2185 312 2211; x_wconf 85' lang='lat' dir='ltr'><strong>secuti</strong></span> <span class='ocrx_word' id='word_1_535' title='bbox 326 2189 391 2212; x_wconf 86' lang='lat' dir='ltr'><strong>sunt</strong></span> <span class='ocrx_word' id='word_1_536' title='bbox 404 2191 532 2213; x_wconf 78' lang='lat' dir='ltr'><strong>sanctum</strong></span> <span class='ocrx_word' id='word_1_537' title='bbox 548 2185 729 2218; x_wconf 84' lang='lat' dir='ltr'><strong>Eustratium,</strong></span> <span class='ocrx_word' id='word_1_538' title='bbox 745 2192 808 2213; x_wconf 90' lang='lat' dir='ltr'><strong>cum</strong></span> <span class='ocrx_word' id='word_1_539' title='bbox 823 2193 872 2213; x_wconf 79' lang='lat' dir='ltr'><strong>eos</strong></span> <span class='ocrx_word' id='word_1_540' title='bbox 887 2189 1013 2213; x_wconf 85' lang='lat' dir='ltr'><strong>tenerent</strong></span> 
     </span>
    </p>
   </div>
   <div class='ocr_carea' id='block_1_76' title="bbox 225 2229 340 2258">
    <p class='ocr_par' dir='ltr' id='par_1_76' title="bbox 225 2229 340 2258">
     <span class='ocr_line' id='line_1_76' title="bbox 225 2229 340 2258; baseline 0.026 -3"><span class='ocrx_word' id='word_1_541' title='bbox 225 2229 340 2258; x_wconf 85' lang='lat' dir='ltr'><strong>milites.</strong></span> 
     </span>
    </p>
   </div>
   <div class='ocr_carea' id='block_1_77' title="bbox 1064 1584 1857 1624">
    <p class='ocr_par' dir='ltr' id='par_1_77' title="bbox 1064 1584 1857 1624">
     <span class='ocr_line' id='line_1_77' title="bbox 1064 1584 1857 1624; baseline 0.005 -14"><span class='ocrx_word' id='word_1_542' title='bbox 1064 1584 1112 1610; x_wconf 83' lang='grc' dir='ltr'>τοῦ</span> <span class='ocrx_word' id='word_1_543' title='bbox 1136 1585 1265 1620; x_wconf 78' lang='grc' dir='ltr'>ἄρχοντος</span> <span class='ocrx_word' id='word_1_544' title='bbox 1290 1586 1368 1621; x_wconf 84' lang='grc' dir='ltr'>ἡμῶν</span> <span class='ocrx_word' id='word_1_545' title='bbox 1383 1587 1597 1622; x_wconf 78' lang='grc' dir='ltr'>εὐτρεπισθῆναι</span> <span class='ocrx_word' id='word_1_546' title='bbox 1623 1589 1663 1620; x_wconf 81' lang='grc' dir='ltr'><strong>είς</strong></span> <span class='ocrx_word' id='word_1_547' title='bbox 1689 1589 1740 1624; x_wconf 83' lang='grc' dir='ltr'>τὴν</span> <span class='ocrx_word' id='word_1_548' title='bbox 1761 1588 1857 1621; x_wconf 73' lang='grc' dir='ltr'>αὔριον</span> 
     </span>
    </p>
   </div>
   <div class='ocr_carea' id='block_1_78' title="bbox 1064 1631 1857 1670">
    <p class='ocr_par' dir='ltr' id='par_1_78' title="bbox 1064 1631 1857 1670">
     <span class='ocr_line' id='line_1_78' title="bbox 1064 1631 1857 1670; baseline 0.006 -14"><span class='ocrx_word' id='word_1_549' title='bbox 1064 1631 1198 1665; x_wconf 72' lang='grc' dir='ltr'>δημοσίαν</span> <span class='ocrx_word' id='word_1_550' title='bbox 1228 1633 1342 1667; x_wconf 71' lang='grc' dir='ltr'>πρόοδον</span> <span class='ocrx_word' id='word_1_551' title='bbox 1368 1633 1457 1660; x_wconf 80' lang='grc' dir='ltr'>πάντα</span> <span class='ocrx_word' id='word_1_552' title='bbox 1490 1636 1524 1660; x_wconf 84' lang='grc' dir='ltr'>τὰ</span> <span class='ocrx_word' id='word_1_553' title='bbox 1555 1635 1608 1662; x_wconf 77' lang='grc' dir='ltr'><strong>τῶν</strong></span> <span class='ocrx_word' id='word_1_554' title='bbox 1636 1635 1857 1670; x_wconf 80' lang='grc' dir='ltr'>βασανιστηρίων</span> 
     </span>
    </p>
   </div>
   <div class='ocr_carea' id='block_1_79' title="bbox 1064 1678 1856 1716">
    <p class='ocr_par' dir='ltr' id='par_1_79' title="bbox 1064 1678 1856 1716">
     <span class='ocr_line' id='line_1_79' title="bbox 1064 1678 1856 1716; baseline 0.005 -12"><span class='ocrx_word' id='word_1_555' title='bbox 1064 1678 1168 1713; x_wconf 72' lang='grc' dir='ltr'>δργανα</span> <span class='ocrx_word' id='word_1_556' title='bbox 1181 1680 1254 1706; x_wconf 78' lang='grc' dir='ltr'>κατὰ</span> <span class='ocrx_word' id='word_1_557' title='bbox 1263 1680 1318 1706; x_wconf 80' lang='grc' dir='ltr'>τῶν</span> <span class='ocrx_word' id='word_1_558' title='bbox 1330 1681 1513 1716; x_wconf 83' lang='grc' dir='ltr'>Χριστιανῶν,</span> <span class='ocrx_word' id='word_1_559' title='bbox 1532 1682 1548 1716; x_wconf 79' lang='grc' dir='ltr'>ἠ</span> <span class='ocrx_word' id='word_1_560' title='bbox 1561 1681 1673 1716; x_wconf 83' lang='grc' dir='ltr'>τοιαύτη</span> <span class='ocrx_word' id='word_1_561' title='bbox 1686 1681 1733 1708; x_wconf 84' lang='grc' dir='ltr'>τοῦ</span> <span class='ocrx_word' id='word_1_562' title='bbox 1751 1681 1856 1715; x_wconf 82' lang='grc' dir='ltr'>μειδιά-</span> 
     </span>
    </p>
   </div>
   <div class='ocr_carea' id='block_1_80' title="bbox 1066 1725 1858 1762">
    <p class='ocr_par' dir='ltr' id='par_1_80' title="bbox 1066 1725 1858 1762">
     <span class='ocr_line' id='line_1_80' title="bbox 1066 1725 1858 1762; baseline 0.004 -12"><span class='ocrx_word' id='word_1_563' title='bbox 1066 1733 1150 1758; x_wconf 85' lang='grc' dir='ltr'>ματος</span> <span class='ocrx_word' id='word_1_564' title='bbox 1164 1725 1307 1760; x_wconf 78' lang='grc' dir='ltr'>φιλοτιμία</span> <span class='ocrx_word' id='word_1_565' title='bbox 1324 1727 1476 1762; x_wconf 81' lang='grc' dir='ltr'>προσετέθη</span> <span class='ocrx_word' id='word_1_566' title='bbox 1493 1735 1544 1758; x_wconf 83' lang='grc' dir='ltr'>σοι,</span> <span class='ocrx_word' id='word_1_567' title='bbox 1560 1728 1714 1762; x_wconf 78' lang='grc' dir='ltr'>κερδαίνειν</span> <span class='ocrx_word' id='word_1_568' title='bbox 1729 1735 1756 1753; x_wconf 86' lang='grc' dir='ltr'><strong>τι</strong></span> <span class='ocrx_word' id='word_1_569' title='bbox 1774 1735 1858 1762; x_wconf 81' lang='grc' dir='ltr'>προσ-</span> 
     </span>
    </p>
   </div>
   <div class='ocr_carea' id='block_1_81' title="bbox 1064 1763 1857 1803">
    <p class='ocr_par' dir='ltr' id='par_1_81' title="bbox 1064 1767 1857 1803">
     <span class='ocr_line' id='line_1_81' title="bbox 1064 1767 1857 1803; baseline 0.001 -8"><span class='ocrx_word' id='word_1_570' title='bbox 1064 1769 1177 1796; x_wconf 70' lang='grc' dir='ltr'>δοκῶντι</span> <span class='ocrx_word' id='word_1_571' title='bbox 1194 1777 1201 1800; x_wconf 85' lang='grc'>;</span> <span class='ocrx_word' id='word_1_572' title='bbox 1218 1768 1285 1796; x_wconf 61' lang='lat' dir='ltr'><strong>Eia-ta</strong></span> <span class='ocrx_word' id='word_1_573' title='bbox 1305 1771 1332 1797; x_wconf 77' lang='grc' dir='ltr'><strong>δὲ</strong></span> <span class='ocrx_word' id='word_1_574' title='bbox 1354 1770 1434 1797; x_wconf 76' lang='grc' dir='ltr'>τοῦτο</span> <span class='ocrx_word' id='word_1_575' title='bbox 1448 1771 1492 1798; x_wconf 72' lang='grc' dir='ltr'>διὰ</span> <span class='ocrx_word' id='word_1_576' title='bbox 1514 1772 1544 1798; x_wconf 74' lang='grc' dir='ltr'>τὸ</span> <span class='ocrx_word' id='word_1_577' title='bbox 1565 1773 1606 1803; x_wconf 80' lang='grc' dir='ltr'><strong>είς</strong></span> <span class='ocrx_word' id='word_1_578' title='bbox 1622 1773 1726 1798; x_wconf 84' lang='grc' dir='ltr'>ἐκεῖνον</span> <span class='ocrx_word' id='word_1_579' title='bbox 1739 1771 1784 1798; x_wconf 79' lang='grc' dir='ltr'>τὸν</span> <span class='ocrx_word' id='word_1_580' title='bbox 1801 1767 1857 1798; x_wconf 52' lang='grc' dir='ltr'>ξιιμ</span> 
     </span>
    </p>
   </div>
   <div class='ocr_carea' id='block_1_82' title="bbox 1065 1815 1857 1854">
    <p class='ocr_par' dir='ltr' id='par_1_82' title="bbox 1065 1815 1857 1854">
     <span class='ocr_line' id='line_1_82' title="bbox 1065 1815 1857 1854; baseline 0.004 -14"><span class='ocrx_word' id='word_1_581' title='bbox 1065 1815 1148 1841; x_wconf 81' lang='grc' dir='ltr'>αυτὸν</span> <span class='ocrx_word' id='word_1_582' title='bbox 1162 1818 1380 1851; x_wconf 79' lang='grc' dir='ltr'>κομενταρήσιον</span> <span class='ocrx_word' id='word_1_583' title='bbox 1398 1818 1478 1844; x_wconf 79' lang='grc' dir='ltr'>αὑτὸν</span> <span class='ocrx_word' id='word_1_584' title='bbox 1508 1818 1654 1854; x_wconf 77' lang='grc' dir='ltr'>ὑπάρχειν.</span> <span class='ocrx_word' id='word_1_585' title='bbox 1680 1819 1710 1845; x_wconf 90' lang='lat'><strong>&#39;0</strong></span> <span class='ocrx_word' id='word_1_586' title='bbox 1731 1818 1760 1844; x_wconf 78' lang='grc' dir='ltr'>δὲ</span> <span class='ocrx_word' id='word_1_587' title='bbox 1779 1819 1857 1851; x_wconf 73' lang='grc' dir='ltr'>ἅγιος</span> 
     </span>
    </p>
   </div>
   <div class='ocr_carea' id='block_1_83' title="bbox 1064 1861 1856 1897">
    <p class='ocr_par' dir='ltr' id='par_1_83' title="bbox 1064 1861 1856 1897">
     <span class='ocr_line' id='line_1_83' title="bbox 1064 1861 1856 1897; baseline 0.004 -11"><span class='ocrx_word' id='word_1_588' title='bbox 1064 1861 1232 1896; x_wconf 70' lang='grc' dir='ltr'>Εὑστρατιος</span> <span class='ocrx_word' id='word_1_589' title='bbox 1259 1862 1449 1897; x_wconf 78' lang='grc' dir='ltr'>ἀπεκρίνατο·</span> <span class='ocrx_word' id='word_1_590' title='bbox 1478 1864 1578 1894; x_wconf 67' lang='grc' dir='ltr'>Καλῶς</span> <span class='ocrx_word' id='word_1_591' title='bbox 1609 1863 1756 1895; x_wconf 77' lang='grc' dir='ltr'>ὑπέλαϐες,</span> <span class='ocrx_word' id='word_1_592' title='bbox 1783 1862 1856 1897; x_wconf 73' lang='grc' dir='ltr'>φίλε.</span> 
     </span>
    </p>
   </div>
   <div class='ocr_carea' id='block_1_84' title="bbox 1065 1907 1857 1944">
    <p class='ocr_par' dir='ltr' id='par_1_84' title="bbox 1065 1907 1857 1944">
     <span class='ocr_line' id='line_1_84' title="bbox 1065 1907 1857 1944; baseline 0.005 -12"><span class='ocrx_word' id='word_1_593' title='bbox 1065 1907 1120 1933; x_wconf 80' lang='grc' dir='ltr'><strong>Καὶ</strong></span> <span class='ocrx_word' id='word_1_594' title='bbox 1135 1907 1190 1941; x_wconf 78' lang='grc' dir='ltr'>γὰρ</span> <span class='ocrx_word' id='word_1_595' title='bbox 1220 1908 1371 1943; x_wconf 71' lang='grc' dir='ltr'>ἐκδέχομαι</span> <span class='ocrx_word' id='word_1_596' title='bbox 1392 1909 1578 1944; x_wconf 75' lang='grc' dir='ltr'>ἀναφαίρετον</span> <span class='ocrx_word' id='word_1_597' title='bbox 1601 1909 1740 1944; x_wconf 70' lang='grc' dir='ltr'>θησαυρὸν</span> <span class='ocrx_word' id='word_1_598' title='bbox 1759 1910 1791 1936; x_wconf 77' lang='grc' dir='ltr'>ὲκ</span> <span class='ocrx_word' id='word_1_599' title='bbox 1805 1911 1857 1944; x_wconf 86' lang='grc' dir='ltr'>τῆς</span> 
     </span>
    </p>
   </div>
   <div class='ocr_carea' id='block_1_85' title="bbox 1064 1952 1856 1991">
    <p class='ocr_par' dir='ltr' id='par_1_85' title="bbox 1064 1952 1856 1991">
     <span class='ocr_line' id='line_1_85' title="bbox 1064 1952 1856 1991; baseline 0.006 -13"><span class='ocrx_word' id='word_1_600' title='bbox 1064 1952 1191 1988; x_wconf 71' lang='grc' dir='ltr'>τοιαύτης</span> <span class='ocrx_word' id='word_1_601' title='bbox 1219 1954 1314 1987; x_wconf 78' lang='grc' dir='ltr'>χρείας</span> <span class='ocrx_word' id='word_1_602' title='bbox 1335 1954 1414 1987; x_wconf 61' lang='grc' dir='ltr'><strong>κάγὼ</strong></span> <span class='ocrx_word' id='word_1_603' title='bbox 1430 1956 1463 1990; x_wconf 86' lang='grc' dir='ltr'>τῇ</span> <span class='ocrx_word' id='word_1_604' title='bbox 1483 1956 1547 1990; x_wconf 77' lang='grc' dir='ltr'><strong>ἑξῆς</strong></span> <span class='ocrx_word' id='word_1_605' title='bbox 1569 1956 1745 1990; x_wconf 82' lang='grc' dir='ltr'>πορίσασθαι.</span> <span class='ocrx_word' id='word_1_606' title='bbox 1771 1957 1810 1991; x_wconf 84' lang='grc' dir='ltr'>Τῇ</span> <span class='ocrx_word' id='word_1_607' title='bbox 1827 1957 1856 1983; x_wconf 82' lang='grc' dir='ltr'>δὲ</span> 
     </span>
    </p>
   </div>
   <div class='ocr_carea' id='block_1_86' title="bbox 1064 1998 1855 2037">
    <p class='ocr_par' dir='ltr' id='par_1_86' title="bbox 1064 1998 1855 2037">
     <span class='ocr_line' id='line_1_86' title="bbox 1064 1998 1855 2037; baseline 0.004 -11"><span class='ocrx_word' id='word_1_608' title='bbox 1064 1999 1196 2034; x_wconf 78' lang='grc' dir='ltr'>ἐπαύριον</span> <span class='ocrx_word' id='word_1_609' title='bbox 1211 2001 1225 2026; x_wconf 80' lang='grc' dir='ltr'>ὀ</span> <span class='ocrx_word' id='word_1_610' title='bbox 1241 2001 1355 2032; x_wconf 78' lang='grc' dir='ltr'>Λυσίας,</span> <span class='ocrx_word' id='word_1_611' title='bbox 1371 2000 1494 2035; x_wconf 78' lang='grc' dir='ltr'>βήματος</span> <span class='ocrx_word' id='word_1_612' title='bbox 1514 2002 1588 2037; x_wconf 64' lang='grc' dir='ltr'>αὐτῷ</span> <span class='ocrx_word' id='word_1_613' title='bbox 1604 2003 1734 2036; x_wconf 74' lang='grc' dir='ltr'>ἀρθέντος</span> <span class='ocrx_word' id='word_1_614' title='bbox 1753 1998 1855 2037; x_wconf 73' lang='grc' dir='ltr'>ὑψηλοῦ</span> 
     </span>
    </p>
   </div>
   <div class='ocr_carea' id='block_1_87' title="bbox 1063 2046 1856 2085">
    <p class='ocr_par' dir='ltr' id='par_1_87' title="bbox 1063 2046 1856 2085">
     <span class='ocr_line' id='line_1_87' title="bbox 1063 2046 1856 2085; baseline 0.005 -14"><span class='ocrx_word' id='word_1_615' title='bbox 1063 2046 1092 2072; x_wconf 80' lang='grc' dir='ltr'>ὲν</span> <span class='ocrx_word' id='word_1_616' title='bbox 1108 2046 1183 2081; x_wconf 76' lang='grc' dir='ltr'>μέσῳ</span> <span class='ocrx_word' id='word_1_617' title='bbox 1201 2048 1250 2080; x_wconf 75' lang='grc' dir='ltr'>τῆς</span> <span class='ocrx_word' id='word_1_618' title='bbox 1269 2047 1373 2078; x_wconf 68' lang='grc' dir='ltr'>πόλεως</span> <span class='ocrx_word' id='word_1_619' title='bbox 1387 2048 1417 2073; x_wconf 75' lang='grc' dir='ltr'>ὲν</span> <span class='ocrx_word' id='word_1_620' title='bbox 1433 2048 1472 2081; x_wconf 82' lang='grc' dir='ltr'><strong>τῷ</strong></span> <span class='ocrx_word' id='word_1_621' title='bbox 1493 2049 1683 2083; x_wconf 75' lang='grc' dir='ltr'>σιγνοστασίῳ,</span> <span class='ocrx_word' id='word_1_622' title='bbox 1706 2049 1856 2085; x_wconf 77' lang='grc' dir='ltr'>προσέταξε</span> 
     </span>
    </p>
   </div>
   <div class='ocr_carea' id='block_1_88' title="bbox 1063 2093 1857 2131">
    <p class='ocr_par' dir='ltr' id='par_1_88' title="bbox 1063 2093 1857 2131">
     <span class='ocr_line' id='line_1_88' title="bbox 1063 2093 1857 2131; baseline 0.004 -13"><span class='ocrx_word' id='word_1_623' title='bbox 1063 2093 1127 2123; x_wconf 59' lang='grc' dir='ltr'>τοὺς</span> <span class='ocrx_word' id='word_1_624' title='bbox 1139 2094 1168 2118; x_wconf 81' lang='grc' dir='ltr'>ἐν</span> <span class='ocrx_word' id='word_1_625' title='bbox 1184 2093 1217 2126; x_wconf 83' lang='grc' dir='ltr'>τῇ</span> <span class='ocrx_word' id='word_1_626' title='bbox 1236 2094 1345 2128; x_wconf 85' lang='grc' dir='ltr'>φρουρᾷ</span> <span class='ocrx_word' id='word_1_627' title='bbox 1357 2093 1481 2126; x_wconf 75' lang='grc' dir='ltr'>ἅπαντας</span> <span class='ocrx_word' id='word_1_628' title='bbox 1498 2095 1615 2129; x_wconf 72' lang='grc' dir='ltr'>ἀχθῆναι</span> <span class='ocrx_word' id='word_1_629' title='bbox 1632 2095 1700 2129; x_wconf 76' lang='grc' dir='ltr'>πρὸς</span> <span class='ocrx_word' id='word_1_630' title='bbox 1714 2095 1765 2131; x_wconf 85' lang='grc' dir='ltr'>τὴν</span> <span class='ocrx_word' id='word_1_631' title='bbox 1787 2095 1857 2130; x_wconf 77' lang='grc' dir='ltr'><strong>ἐρώ-</strong></span> 
     </span>
    </p>
   </div>
   <div class='ocr_carea' id='block_1_89' title="bbox 1063 2139 1855 2177">
    <p class='ocr_par' dir='ltr' id='par_1_89' title="bbox 1063 2139 1855 2177">
     <span class='ocr_line' id='line_1_89' title="bbox 1063 2139 1855 2177; baseline 0.004 -13"><span class='ocrx_word' id='word_1_632' title='bbox 1063 2146 1154 2173; x_wconf 76' lang='grc' dir='ltr'>τησιν.</span> <span class='ocrx_word' id='word_1_633' title='bbox 1180 2139 1211 2165; x_wconf 87' lang='lat' dir='ltr'><strong>&#39;U</strong></span> <span class='ocrx_word' id='word_1_634' title='bbox 1233 2139 1261 2165; x_wconf 69' lang='grc' dir='ltr'>δὲ</span> <span class='ocrx_word' id='word_1_635' title='bbox 1286 2139 1453 2175; x_wconf 76' lang='grc' dir='ltr'>Εὑστράτιος</span> <span class='ocrx_word' id='word_1_636' title='bbox 1482 2140 1609 2168; x_wconf 82' lang='grc' dir='ltr'>ἀπελθὼν</span> <span class='ocrx_word' id='word_1_637' title='bbox 1634 2142 1664 2167; x_wconf 74' lang='grc' dir='ltr'>ἐν</span> <span class='ocrx_word' id='word_1_638' title='bbox 1688 2142 1721 2176; x_wconf 82' lang='grc' dir='ltr'>τῇ</span> <span class='ocrx_word' id='word_1_639' title='bbox 1747 2141 1855 2177; x_wconf 81' lang='grc' dir='ltr'>φυλακῇ</span> 
     </span>
    </p>
   </div>
   <div class='ocr_carea' id='block_1_90' title="bbox 1064 2185 1854 2222">
    <p class='ocr_par' dir='ltr' id='par_1_90' title="bbox 1064 2185 1854 2222">
     <span class='ocr_line' id='line_1_90' title="bbox 1064 2185 1854 2222; baseline 0.005 -12"><span class='ocrx_word' id='word_1_640' title='bbox 1064 2185 1218 2219; x_wconf 77' lang='grc' dir='ltr'>παρεκάλει</span> <span class='ocrx_word' id='word_1_641' title='bbox 1234 2185 1338 2217; x_wconf 78' lang='grc' dir='ltr'>πάντας</span> <span class='ocrx_word' id='word_1_642' title='bbox 1350 2186 1414 2218; x_wconf 76' lang='grc' dir='ltr'>τοὺς</span> <span class='ocrx_word' id='word_1_643' title='bbox 1426 2186 1521 2220; x_wconf 84' lang='grc' dir='ltr'>ἁγίους</span> <span class='ocrx_word' id='word_1_644' title='bbox 1533 2186 1660 2222; x_wconf 78' lang='grc' dir='ltr'>εὔχεσθαι</span> <span class='ocrx_word' id='word_1_645' title='bbox 1673 2187 1744 2222; x_wconf 72' lang='grc' dir='ltr'>ὑπὲρ</span> <span class='ocrx_word' id='word_1_646' title='bbox 1760 2187 1854 2214; x_wconf 83' lang='grc' dir='ltr'>αὑτοῦ.</span> 
     </span>
    </p>
   </div>
   <div class='ocr_carea' id='block_1_91' title="bbox 1033 2227 1856 2269">
    <p class='ocr_par' dir='ltr' id='par_1_91' title="bbox 1033 2227 1856 2269">
     <span class='ocr_line' id='line_1_91' title="bbox 1033 2227 1856 2269; baseline 0.002 -11"><span class='ocrx_word' id='word_1_647' title='bbox 1033 2227 1055 2254; x_wconf 79' lang='grc' dir='ltr'><strong>Ι)</strong></span> <span class='ocrx_word' id='word_1_648' title='bbox 1071 2231 1176 2266; x_wconf 81' lang='grc' dir='ltr'>Ἔφησε</span> <span class='ocrx_word' id='word_1_649' title='bbox 1194 2231 1249 2267; x_wconf 87' lang='grc' dir='ltr'>γὰρ</span> <span class='ocrx_word' id='word_1_650' title='bbox 1274 2233 1321 2258; x_wconf 75' lang='grc' dir='ltr'><strong>καὶ</strong></span> <span class='ocrx_word' id='word_1_651' title='bbox 1343 2232 1423 2264; x_wconf 77' lang='grc' dir='ltr'>αὐτὸς</span> <span class='ocrx_word' id='word_1_652' title='bbox 1448 2233 1510 2259; x_wconf 78' lang='grc' dir='ltr'>κατ’</span> <span class='ocrx_word' id='word_1_653' title='bbox 1538 2233 1647 2268; x_wconf 74' lang='grc' dir='ltr'>ἐκείνην</span> <span class='ocrx_word' id='word_1_654' title='bbox 1673 2233 1722 2269; x_wconf 81' lang='grc' dir='ltr'><strong>τὴν</strong></span> <span class='ocrx_word' id='word_1_655' title='bbox 1749 2234 1856 2268; x_wconf 77' lang='grc' dir='ltr'>ἡμέραν</span> 
     </span>
    </p>
   </div>
   <div class='ocr_carea' id='block_1_92' title="bbox 226 2270 1857 2314">
    <p class='ocr_par' dir='ltr' id='par_1_92' title="bbox 226 2270 1857 2314">
     <span class='ocr_line' id='line_1_92' title="bbox 226 2270 1857 2314; baseline 0.002 -11"><span class='ocrx_word' id='word_1_656' title='bbox 226 2277 353 2312; x_wconf 76' lang='grc' dir='ltr'>μετέχειν</span> <span class='ocrx_word' id='word_1_657' title='bbox 376 2278 423 2304; x_wconf 82' lang='grc' dir='ltr'>τοῦ</span> <span class='ocrx_word' id='word_1_658' title='bbox 449 2279 508 2305; x_wconf 66' lang='lat' dir='ltr'><strong>[seu</strong></span> <span class='ocrx_word' id='word_1_659' title='bbox 539 2278 633 2309; x_wconf 79' lang='grc' dir='ltr'>αὐτοῖς</span> <span class='ocrx_word' id='word_1_660' title='bbox 655 2270 772 2312; x_wconf 79' lang='grc' dir='ltr'>ἀγῶνος.</span> <span class='ocrx_word' id='word_1_661' title='bbox 796 2277 852 2305; x_wconf 77' lang='grc' dir='ltr'><strong>Καὶ</strong></span> <span class='ocrx_word' id='word_1_662' title='bbox 873 2276 1016 2312; x_wconf 76' lang='grc' dir='ltr'>εὐξάμενοι</span> <span class='ocrx_word' id='word_1_663' title='bbox 1037 2278 1149 2310; x_wconf 83' lang='grc' dir='ltr'>πάντες,</span> <span class='ocrx_word' id='word_1_664' title='bbox 1179 2278 1228 2304; x_wconf 78' lang='grc' dir='ltr'>καὶ</span> <span class='ocrx_word' id='word_1_665' title='bbox 1243 2279 1409 2314; x_wconf 80' lang='grc' dir='ltr'>ποιήσαντες</span> <span class='ocrx_word' id='word_1_666' title='bbox 1438 2279 1622 2313; x_wconf 84' lang='grc' dir='ltr'>γονυκλισίαν,</span> <span class='ocrx_word' id='word_1_667' title='bbox 1636 2279 1684 2307; x_wconf 79' lang='grc' dir='ltr'><strong>καὶ</strong></span> <span class='ocrx_word' id='word_1_668' title='bbox 1698 2279 1857 2312; x_wconf 79' lang='grc' dir='ltr'>τελέσαντες</span> 
     </span>
    </p>
   </div>
   <div class='ocr_carea' id='block_1_93' title="bbox 225 2323 1445 2361">
    <p class='ocr_par' dir='ltr' id='par_1_93' title="bbox 225 2323 1445 2361">
     <span class='ocr_line' id='line_1_93' title="bbox 225 2323 1445 2361; baseline 0.002 -11"><span class='ocrx_word' id='word_1_669' title='bbox 225 2323 256 2350; x_wconf 80' lang='grc' dir='ltr'>τὺ</span> <span class='ocrx_word' id='word_1_670' title='bbox 281 2323 379 2359; x_wconf 77' lang='grc' dir='ltr'>Ἀμὴν,</span> <span class='ocrx_word' id='word_1_671' title='bbox 391 2324 580 2360; x_wconf 79' lang='grc' dir='ltr'>ἠκολούθησαν</span> <span class='ocrx_word' id='word_1_672' title='bbox 591 2324 630 2359; x_wconf 84' lang='grc' dir='ltr'>τῷ</span> <span class='ocrx_word' id='word_1_673' title='bbox 645 2323 715 2358; x_wconf 85' lang='grc' dir='ltr'>ἁγίῳ</span> <span class='ocrx_word' id='word_1_674' title='bbox 732 2323 902 2359; x_wconf 77' lang='grc' dir='ltr'>Εὑστρατίῳ,</span> <span class='ocrx_word' id='word_1_675' title='bbox 925 2324 1105 2361; x_wconf 83' lang='grc' dir='ltr'>κατεχόμενοι</span> <span class='ocrx_word' id='word_1_676' title='bbox 1123 2324 1175 2351; x_wconf 77' lang='grc' dir='ltr'>ὑπὸ</span> <span class='ocrx_word' id='word_1_677' title='bbox 1191 2324 1246 2352; x_wconf 83' lang='grc' dir='ltr'>τὼν</span> <span class='ocrx_word' id='word_1_678' title='bbox 1259 2326 1445 2360; x_wconf 81' lang='grc' dir='ltr'>στρατιωτῶν.</span> 
     </span>
    </p>
   </div>
   <div class='ocr_carea' id='block_1_94' title="bbox 261 2371 1015 2404">
    <p class='ocr_par' dir='ltr' id='par_1_94' title="bbox 261 2371 1015 2404">
     <span class='ocr_line' id='line_1_94' title="bbox 261 2371 1015 2404; baseline -0.003 -4"><span class='ocrx_word' id='word_1_679' title='bbox 261 2372 306 2400; x_wconf 80' lang='lat' dir='ltr'><strong>Vl.</strong></span> <span class='ocrx_word' id='word_1_680' title='bbox 323 2373 391 2400; x_wconf 88' lang='lat' dir='ltr'><strong>Cum</strong></span> <span class='ocrx_word' id='word_1_681' title='bbox 415 2378 506 2400; x_wconf 76' lang='lat' dir='ltr'><strong>autem</strong></span> <span class='ocrx_word' id='word_1_682' title='bbox 531 2371 640 2402; x_wconf 84' lang='lat' dir='ltr'><strong>cohors.</strong></span> <span class='ocrx_word' id='word_1_683' title='bbox 660 2376 689 2399; x_wconf 89' lang='lat' dir='ltr'><strong>ut</strong></span> <span class='ocrx_word' id='word_1_684' title='bbox 709 2375 902 2404; x_wconf 88' lang='lat' dir='ltr'><strong>consueverat,</strong></span> <span class='ocrx_word' id='word_1_685' title='bbox 926 2371 1015 2399; x_wconf 88' lang='lat' dir='ltr'><strong>adsti-</strong></span> 
     </span>
    </p>
   </div>
   <div class='ocr_carea' id='block_1_95' title="bbox 225 2417 1013 2453">
    <p class='ocr_par' dir='ltr' id='par_1_95' title="bbox 225 2417 1013 2453">
     <span class='ocr_line' id='line_1_95' title="bbox 225 2417 1013 2453; baseline -0.003 -6"><span class='ocrx_word' id='word_1_686' title='bbox 225 2421 305 2447; x_wconf 89' lang='lat' dir='ltr'><strong>tisset</strong></span> <span class='ocrx_word' id='word_1_687' title='bbox 320 2423 384 2446; x_wconf 89' lang='lat' dir='ltr'><strong>ante</strong></span> <span class='ocrx_word' id='word_1_688' title='bbox 398 2419 533 2453; x_wconf 80' lang='lat' dir='ltr'><strong>judicem,</strong></span> <span class='ocrx_word' id='word_1_689' title='bbox 548 2417 631 2453; x_wconf 85' lang='lat' dir='ltr'><strong>jussit</strong></span> <span class='ocrx_word' id='word_1_690' title='bbox 647 2417 740 2452; x_wconf 87' lang='lat' dir='ltr'><strong>Lysias</strong></span> <span class='ocrx_word' id='word_1_691' title='bbox 757 2418 897 2452; x_wconf 78' lang='lat' dir='ltr'><strong>sigillatim</strong></span> <span class='ocrx_word' id='word_1_692' title='bbox 913 2418 1013 2446; x_wconf 87' lang='lat' dir='ltr'><strong>adduci</strong></span> 
     </span>
    </p>
   </div>
   <div class='ocr_carea' id='block_1_96' title="bbox 224 2463 1013 2500">
    <p class='ocr_par' dir='ltr' id='par_1_96' title="bbox 224 2463 1013 2500">
     <span class='ocr_line' id='line_1_96' title="bbox 224 2463 1013 2500; baseline 0 -7"><span class='ocrx_word' id='word_1_693' title='bbox 224 2466 258 2493; x_wconf 88' lang='lat' dir='ltr'><strong>ad</strong></span> <span class='ocrx_word' id='word_1_694' title='bbox 273 2473 353 2493; x_wconf 79' lang='lat' dir='ltr'><strong>Suum</strong></span> <span class='ocrx_word' id='word_1_695' title='bbox 368 2464 488 2491; x_wconf 85' lang='lat' dir='ltr'><strong>tribunal</strong></span> <span class='ocrx_word' id='word_1_696' title='bbox 498 2471 556 2495; x_wconf 84' lang='lat' dir='ltr'><strong>eos,</strong></span> <span class='ocrx_word' id='word_1_697' title='bbox 570 2465 616 2498; x_wconf 92' lang='lat' dir='ltr'><strong>qui</strong></span> <span class='ocrx_word' id='word_1_698' title='bbox 631 2463 706 2498; x_wconf 82' lang='lat' dir='ltr'><strong>prius</strong></span> <span class='ocrx_word' id='word_1_699' title='bbox 722 2464 828 2491; x_wconf 77' lang='lat' dir='ltr'><strong>fuerant</strong></span> <span class='ocrx_word' id='word_1_700' title='bbox 842 2465 1013 2500; x_wconf 78' lang='lat' dir='ltr'><strong>interrogati.</strong></span> 
     </span>
    </p>
   </div>
   <div class='ocr_carea' id='block_1_97' title="bbox 225 2510 1014 2546">
    <p class='ocr_par' dir='ltr' id='par_1_97' title="bbox 225 2510 1014 2546">
     <span class='ocr_line' id='line_1_97' title="bbox 225 2510 1014 2546; baseline 0.001 -7"><span class='ocrx_word' id='word_1_701' title='bbox 225 2513 380 2540; x_wconf 78' lang='lat' dir='ltr'><strong>Eustratius</strong></span> <span class='ocrx_word' id='word_1_702' title='bbox 402 2510 471 2538; x_wconf 89' lang='lat' dir='ltr'><strong>dixit</strong></span> <span class='ocrx_word' id='word_1_703' title='bbox 487 2510 749 2537; x_wconf 75' lang='lat' dir='ltr'><strong>Commentariensis</strong></span> <span class='ocrx_word' id='word_1_704' title='bbox 771 2519 777 2536; x_wconf 89' lang='lat'><strong><em>:</em></strong></span> <span class='ocrx_word' id='word_1_705' title='bbox 798 2510 910 2538; x_wconf 73' lang='lat' dir='ltr'><strong>Litteris</strong></span> <span class='ocrx_word' id='word_1_706' title='bbox 928 2511 1014 2546; x_wconf 87' lang='lat' dir='ltr'><strong>impe-</strong></span> 
     </span>
    </p>
   </div>
   <div class='ocr_carea' id='block_1_98' title="bbox 225 2556 1014 2592">
    <p class='ocr_par' dir='ltr' id='par_1_98' title="bbox 225 2556 1014 2592">
     <span class='ocr_line' id='line_1_98' title="bbox 225 2556 1014 2592; baseline -0.001 -6"><span class='ocrx_word' id='word_1_707' title='bbox 225 2559 336 2586; x_wconf 83' lang='lat' dir='ltr'><strong>ratoriis</strong></span> <span class='ocrx_word' id='word_1_708' title='bbox 359 2558 445 2592; x_wconf 87' lang='lat' dir='ltr'><strong>pridie</strong></span> <span class='ocrx_word' id='word_1_709' title='bbox 460 2563 556 2583; x_wconf 84' lang='lat' dir='ltr'><strong>rursus</strong></span> <span class='ocrx_word' id='word_1_710' title='bbox 572 2556 650 2583; x_wconf 83' lang='lat' dir='ltr'><strong>lectis</strong></span> <span class='ocrx_word' id='word_1_711' title='bbox 666 2557 692 2583; x_wconf 92' lang='lat' dir='ltr'><strong>in</strong></span> <span class='ocrx_word' id='word_1_712' title='bbox 715 2557 832 2592; x_wconf 85' lang='lat' dir='ltr'><strong>judicio,</strong></span> <span class='ocrx_word' id='word_1_713' title='bbox 845 2565 905 2592; x_wconf 70' lang='lat' dir='ltr'><strong>qua:</strong></span> <span class='ocrx_word' id='word_1_714' title='bbox 920 2558 1014 2585; x_wconf 86' lang='lat' dir='ltr'><strong>decer-</strong></span> 
     </span>
    </p>
   </div>
   <div class='ocr_carea' id='block_1_99' title="bbox 228 2602 1015 2638">
    <p class='ocr_par' dir='ltr' id='par_1_99' title="bbox 228 2602 1015 2638">
     <span class='ocr_line' id='line_1_99' title="bbox 228 2602 1015 2638; baseline 0 -7"><span class='ocrx_word' id='word_1_715' title='bbox 228 2605 342 2635; x_wconf 83' lang='lat' dir='ltr'><strong>nebant,</strong></span> <span class='ocrx_word' id='word_1_716' title='bbox 357 2609 386 2630; x_wconf 94' lang='lat' dir='ltr'><strong>ut</strong></span> <span class='ocrx_word' id='word_1_717' title='bbox 414 2610 510 2630; x_wconf 81' lang='lat' dir='ltr'><strong>omnes</strong></span> <span class='ocrx_word' id='word_1_718' title='bbox 524 2603 570 2637; x_wconf 91' lang='lat' dir='ltr'><strong>qui</strong></span> <span class='ocrx_word' id='word_1_719' title='bbox 588 2602 689 2638; x_wconf 78' lang='lat' dir='ltr'><strong>ubique</strong></span> <span class='ocrx_word' id='word_1_720' title='bbox 709 2603 919 2631; x_wconf 83' lang='lat' dir='ltr'><strong>inveniebantur</strong></span> <span class='ocrx_word' id='word_1_721' title='bbox 934 2604 1015 2632; x_wconf 70' lang='lat' dir='ltr'><strong>Chri~</strong></span> 
     </span>
    </p>
   </div>
   <div class='ocr_carea' id='block_1_100' title="bbox 226 2649 1013 2685">
    <p class='ocr_par' dir='ltr' id='par_1_100' title="bbox 226 2649 1013 2685">
     <span class='ocr_line' id='line_1_100' title="bbox 226 2649 1013 2685; baseline 0 -8"><span class='ocrx_word' id='word_1_722' title='bbox 226 2650 320 2681; x_wconf 78' lang='lat' dir='ltr'><strong>stani,</strong></span> <span class='ocrx_word' id='word_1_723' title='bbox 338 2649 528 2683; x_wconf 82' lang='lat' dir='ltr'><strong>cujuscunque</strong></span> <span class='ocrx_word' id='word_1_724' title='bbox 551 2654 645 2676; x_wconf 85' lang='lat' dir='ltr'><strong>essent</strong></span> <span class='ocrx_word' id='word_1_725' title='bbox 667 2649 818 2683; x_wconf 68' lang='lat' dir='ltr'><strong>dignitatis,</strong></span> <span class='ocrx_word' id='word_1_726' title='bbox 836 2650 942 2685; x_wconf 81' lang='lat' dir='ltr'><strong>judicio</strong></span> <span class='ocrx_word' id='word_1_727' title='bbox 967 2654 1013 2677; x_wconf 86' lang='lat' dir='ltr'><strong>tuo</strong></span> 
     </span>
    </p>
   </div>
   <div class='ocr_carea' id='block_1_101' title="bbox 226 2695 1014 2732">
    <p class='ocr_par' dir='ltr' id='par_1_101' title="bbox 226 2695 1014 2732">
     <span class='ocr_line' id='line_1_101' title="bbox 226 2695 1014 2732; baseline 0 -9"><span class='ocrx_word' id='word_1_728' title='bbox 226 2696 440 2731; x_wconf 80' lang='lat' dir='ltr'><strong>subjicerentur.</strong></span> <span class='ocrx_word' id='word_1_729' title='bbox 465 2695 633 2728; x_wconf 78' lang='lat' dir='ltr'><strong>Ansentius,</strong></span> <span class='ocrx_word' id='word_1_730' title='bbox 659 2696 705 2732; x_wconf 91' lang='lat' dir='ltr'><strong>qui</strong></span> <span class='ocrx_word' id='word_1_731' title='bbox 733 2697 796 2724; x_wconf 89' lang='lat' dir='ltr'><strong>olim</strong></span> <span class='ocrx_word' id='word_1_732' title='bbox 823 2696 934 2731; x_wconf 88' lang='lat' dir='ltr'><strong>quidem</strong></span> <span class='ocrx_word' id='word_1_733' title='bbox 964 2696 1014 2723; x_wconf 83' lang='lat' dir='ltr'><strong>fuit</strong></span> 
     </span>
    </p>
   </div>
   <div class='ocr_carea' id='block_1_102' title="bbox 225 2741 1014 2778">
    <p class='ocr_par' dir='ltr' id='par_1_102' title="bbox 225 2741 1014 2778">
     <span class='ocr_line' id='line_1_102' title="bbox 225 2741 1014 2778; baseline 0 -10"><span class='ocrx_word' id='word_1_734' title='bbox 225 2742 324 2776; x_wconf 84' lang='lat' dir='ltr'><strong>opibus</strong></span> <span class='ocrx_word' id='word_1_735' title='bbox 345 2747 373 2768; x_wconf 90' lang='lat' dir='ltr'><strong>et</strong></span> <span class='ocrx_word' id='word_1_736' title='bbox 396 2741 450 2769; x_wconf 79' lang='lat' dir='ltr'><strong>vita</strong></span> <span class='ocrx_word' id='word_1_737' title='bbox 474 2747 534 2770; x_wconf 84' lang='lat' dir='ltr'><strong>acta</strong></span> <span class='ocrx_word' id='word_1_738' title='bbox 558 2742 682 2778; x_wconf 79' lang='lat' dir='ltr'><strong>insignis,</strong></span> <span class='ocrx_word' id='word_1_739' title='bbox 709 2741 848 2777; x_wconf 76' lang='lat' dir='ltr'><strong>probator</strong></span> <span class='ocrx_word' id='word_1_740' title='bbox 875 2745 967 2769; x_wconf 86' lang='lat' dir='ltr'><strong>autem</strong></span> <span class='ocrx_word' id='word_1_741' title='bbox 987 2747 1014 2768; x_wconf 89' lang='lat' dir='ltr'><strong>et</strong></span> 
     </span>
    </p>
   </div>
   <div class='ocr_carea' id='block_1_103' title="bbox 225 2788 1014 2823">
    <p class='ocr_par' dir='ltr' id='par_1_103' title="bbox 225 2788 1014 2823">
     <span class='ocr_line' id='line_1_103' title="bbox 225 2788 1014 2823; baseline 0 -9"><span class='ocrx_word' id='word_1_742' title='bbox 225 2788 349 2816; x_wconf 85' lang='lat' dir='ltr'><strong>ornatior</strong></span> <span class='ocrx_word' id='word_1_743' title='bbox 368 2796 400 2815; x_wconf 86' lang='lat' dir='ltr'><strong>ex</strong></span> <span class='ocrx_word' id='word_1_744' title='bbox 416 2796 447 2816; x_wconf 85' lang='lat' dir='ltr'><strong>ea</strong></span> <span class='ocrx_word' id='word_1_745' title='bbox 465 2796 526 2823; x_wconf 69' lang='lat' dir='ltr'><strong>quae</strong></span> <span class='ocrx_word' id='word_1_746' title='bbox 545 2797 619 2816; x_wconf 91' lang='lat' dir='ltr'><strong>nunc</strong></span> <span class='ocrx_word' id='word_1_747' title='bbox 643 2789 667 2816; x_wconf 89' lang='lat' dir='ltr'><strong>ei</strong></span> <span class='ocrx_word' id='word_1_748' title='bbox 686 2789 796 2816; x_wconf 71' lang='lat' dir='ltr'><strong>inventa</strong></span> <span class='ocrx_word' id='word_1_749' title='bbox 813 2793 854 2815; x_wconf 86' lang='lat' dir='ltr'><strong>est</strong></span> <span class='ocrx_word' id='word_1_750' title='bbox 873 2788 1014 2823; x_wconf 74' lang='lat' dir='ltr'><strong>generosi-</strong></span> 
     </span>
    </p>
   </div>
   <div class='ocr_carea' id='block_1_104' title="bbox 227 2833 1013 2869">
    <p class='ocr_par' dir='ltr' id='par_1_104' title="bbox 227 2833 1013 2869">
     <span class='ocr_line' id='line_1_104' title="bbox 227 2833 1013 2869; baseline 0.001 -10"><span class='ocrx_word' id='word_1_751' title='bbox 227 2839 282 2860; x_wconf 84' lang='lat' dir='ltr'><strong>tate</strong></span> <span class='ocrx_word' id='word_1_752' title='bbox 295 2838 322 2860; x_wconf 85' lang='lat' dir='ltr'><strong>ct</strong></span> <span class='ocrx_word' id='word_1_753' title='bbox 341 2834 422 2861; x_wconf 88' lang='lat' dir='ltr'><strong>animi</strong></span> <span class='ocrx_word' id='word_1_754' title='bbox 441 2834 614 2865; x_wconf 75' lang='lat' dir='ltr'><strong>fortitudine.</strong></span> <span class='ocrx_word' id='word_1_755' title='bbox 629 2840 659 2862; x_wconf 91' lang='lat' dir='ltr'><strong>ut</strong></span> <span class='ocrx_word' id='word_1_756' title='bbox 675 2835 721 2869; x_wconf 90' lang='lat' dir='ltr'><strong>qui</strong></span> <span class='ocrx_word' id='word_1_757' title='bbox 739 2834 774 2861; x_wconf 67' lang='lat' dir='ltr'><strong>sit</strong></span> <span class='ocrx_word' id='word_1_758' title='bbox 795 2841 892 2861; x_wconf 82' lang='lat' dir='ltr'><strong>servus</strong></span> <span class='ocrx_word' id='word_1_759' title='bbox 913 2833 1013 2860; x_wconf 76' lang='lat' dir='ltr'><strong>Christi</strong></span> 
     </span>
    </p>
   </div>
   <div class='ocr_carea' id='block_1_105' title="bbox 227 2880 1012 2916">
    <p class='ocr_par' dir='ltr' id='par_1_105' title="bbox 227 2880 1012 2916">
     <span class='ocr_line' id='line_1_105' title="bbox 227 2880 1012 2916; baseline -0.004 -8"><span class='ocrx_word' id='word_1_760' title='bbox 227 2880 307 2915; x_wconf 68' lang='lat' dir='ltr'><strong>Regis</strong></span> <span class='ocrx_word' id='word_1_761' title='bbox 323 2881 449 2914; x_wconf 61' lang='lat' dir='ltr'><strong>calcatis,</strong></span> <span class='ocrx_word' id='word_1_762' title='bbox 467 2881 562 2916; x_wconf 82' lang='lat' dir='ltr'><strong>paucis</strong></span> <span class='ocrx_word' id='word_1_763' title='bbox 581 2881 622 2908; x_wconf 85' lang='lat' dir='ltr'><strong>his</strong></span> <span class='ocrx_word' id='word_1_764' title='bbox 637 2886 699 2910; x_wconf 79' lang='lat' dir='ltr'><strong>ante</strong></span> <span class='ocrx_word' id='word_1_765' title='bbox 720 2882 816 2908; x_wconf 57' lang='lat' dir='ltr'><strong>diebus</strong></span> <span class='ocrx_word' id='word_1_766' title='bbox 838 2881 968 2908; x_wconf 77' lang='lat' dir='ltr'><strong>assistens</strong></span> <span class='ocrx_word' id='word_1_767' title='bbox 986 2881 1012 2906; x_wconf 78' lang='lat' dir='ltr'><strong>in</strong></span> 
     </span>
    </p>
   </div>
   <div class='ocr_carea' id='block_1_106' title="bbox 1105 2371 1856 2407">
    <p class='ocr_par' dir='ltr' id='par_1_106' title="bbox 1105 2371 1856 2407">
     <span class='ocr_line' id='line_1_106' title="bbox 1105 2371 1856 2407; baseline 0.003 -9"><span class='ocrx_word' id='word_1_768' title='bbox 1105 2372 1152 2405; x_wconf 74' lang='grc' dir='ltr'><strong>ς’.</strong></span> <span class='ocrx_word' id='word_1_769' title='bbox 1171 2371 1229 2406; x_wconf 81' lang='grc' dir='ltr'><strong>Τῆς</strong></span> <span class='ocrx_word' id='word_1_770' title='bbox 1243 2372 1271 2398; x_wconf 78' lang='grc' dir='ltr'>δὲ</span> <span class='ocrx_word' id='word_1_771' title='bbox 1287 2372 1389 2404; x_wconf 82' lang='grc' dir='ltr'>τάξεως</span> <span class='ocrx_word' id='word_1_772' title='bbox 1400 2373 1472 2400; x_wconf 83' lang='grc' dir='ltr'>κατὰ</span> <span class='ocrx_word' id='word_1_773' title='bbox 1486 2373 1535 2407; x_wconf 85' lang='grc' dir='ltr'><strong>τὴν</strong></span> <span class='ocrx_word' id='word_1_774' title='bbox 1551 2374 1680 2401; x_wconf 80' lang='grc' dir='ltr'>εἰωθυῖαν</span> <span class='ocrx_word' id='word_1_775' title='bbox 1696 2374 1856 2401; x_wconf 76' lang='grc' dir='ltr'>ἀκολουθίαν</span> 
     </span>
    </p>
   </div>
   <div class='ocr_carea' id='block_1_107' title="bbox 1069 2416 1856 2453">
    <p class='ocr_par' dir='ltr' id='par_1_107' title="bbox 1069 2416 1856 2453">
     <span class='ocr_line' id='line_1_107' title="bbox 1069 2416 1856 2453; baseline -0.003 -9"><span class='ocrx_word' id='word_1_776' title='bbox 1069 2418 1251 2452; x_wconf 71' lang='grc' dir='ltr'>παραστάτης</span> <span class='ocrx_word' id='word_1_777' title='bbox 1271 2417 1311 2451; x_wconf 84' lang='grc' dir='ltr'>τῷ</span> <span class='ocrx_word' id='word_1_778' title='bbox 1335 2416 1483 2449; x_wconf 82' lang='grc' dir='ltr'>δικάζοντι,</span> <span class='ocrx_word' id='word_1_779' title='bbox 1501 2418 1515 2443; x_wconf 89' lang='grc' dir='ltr'>ὁ</span> <span class='ocrx_word' id='word_1_780' title='bbox 1529 2417 1632 2449; x_wconf 84' lang='grc' dir='ltr'>Λυσίας</span> <span class='ocrx_word' id='word_1_781' title='bbox 1655 2418 1782 2453; x_wconf 79' lang='grc' dir='ltr'>πρώτους</span> <span class='ocrx_word' id='word_1_782' title='bbox 1804 2418 1856 2452; x_wconf 68' lang='grc' dir='ltr'>ἤδη</span> 
     </span>
    </p>
   </div>
   <div class='ocr_carea' id='block_1_108' title="bbox 1069 2462 1857 2498">
    <p class='ocr_par' dir='ltr' id='par_1_108' title="bbox 1069 2462 1857 2498">
     <span class='ocr_line' id='line_1_108' title="bbox 1069 2462 1857 2498; baseline 0 -9"><span class='ocrx_word' id='word_1_783' title='bbox 1069 2463 1116 2489; x_wconf 72' lang='grc' dir='ltr'>καὶ</span> <span class='ocrx_word' id='word_1_784' title='bbox 1130 2462 1242 2497; x_wconf 82' lang='grc' dir='ltr'>πρώτην</span> <span class='ocrx_word' id='word_1_785' title='bbox 1266 2462 1401 2497; x_wconf 78' lang='grc' dir='ltr'>ἐρώτησιν</span> <span class='ocrx_word' id='word_1_786' title='bbox 1421 2462 1596 2497; x_wconf 79' lang='grc' dir='ltr'>δεξαμένους.</span> <span class='ocrx_word' id='word_1_787' title='bbox 1619 2464 1787 2498; x_wconf 79' lang='grc' dir='ltr'>Εὐστράτιος</span> <span class='ocrx_word' id='word_1_788' title='bbox 1803 2463 1857 2490; x_wconf 84' lang='lat' dir='ltr'><strong>Ko-</strong></span> 
     </span>
    </p>
   </div>
   <div class='ocr_carea' id='block_1_109' title="bbox 1070 2508 1856 2546">
    <p class='ocr_par' dir='ltr' id='par_1_109' title="bbox 1070 2508 1856 2546">
     <span class='ocr_line' id='line_1_109' title="bbox 1070 2508 1856 2546; baseline -0.001 -10"><span class='ocrx_word' id='word_1_789' title='bbox 1070 2511 1250 2546; x_wconf 76' lang='grc' dir='ltr'>μινταρήσιος</span> <span class='ocrx_word' id='word_1_790' title='bbox 1263 2508 1341 2536; x_wconf 81' lang='grc' dir='ltr'>εἶπεν</span> <span class='ocrx_word' id='word_1_791' title='bbox 1355 2516 1362 2524; x_wconf 96' lang='grc'><strong>·</strong></span> <span class='ocrx_word' id='word_1_792' title='bbox 1380 2509 1523 2536; x_wconf 77' lang='grc' dir='ltr'>Συλλαὸὦν</span> <span class='ocrx_word' id='word_1_793' title='bbox 1540 2510 1689 2545; x_wconf 80' lang='grc' dir='ltr'>βασιλικῶν</span> <span class='ocrx_word' id='word_1_794' title='bbox 1702 2508 1782 2541; x_wconf 85' lang='grc' dir='ltr'>αὖθις</span> <span class='ocrx_word' id='word_1_795' title='bbox 1792 2510 1856 2536; x_wconf 81' lang='grc' dir='ltr'>ἁνα-</span> 
     </span>
    </p>
   </div>
   <div class='ocr_carea' id='block_1_110' title="bbox 1069 2555 1855 2591">
    <p class='ocr_par' dir='ltr' id='par_1_110' title="bbox 1069 2555 1855 2591">
     <span class='ocr_line' id='line_1_110' title="bbox 1069 2555 1855 2591; baseline -0.001 -9"><span class='ocrx_word' id='word_1_796' title='bbox 1069 2556 1243 2589; x_wconf 83' lang='grc' dir='ltr'>γνωσθεισῶν</span> <span class='ocrx_word' id='word_1_797' title='bbox 1254 2557 1286 2591; x_wconf 85' lang='grc' dir='ltr'>τῇ</span> <span class='ocrx_word' id='word_1_798' title='bbox 1300 2556 1452 2591; x_wconf 74' lang='grc' dir='ltr'>προτεραίᾳ</span> <span class='ocrx_word' id='word_1_799' title='bbox 1467 2556 1512 2582; x_wconf 73' lang='grc' dir='ltr'><strong>ἐπὶ</strong></span> <span class='ocrx_word' id='word_1_800' title='bbox 1529 2556 1575 2582; x_wconf 79' lang='grc' dir='ltr'>τοῦ</span> <span class='ocrx_word' id='word_1_801' title='bbox 1593 2556 1785 2591; x_wconf 78' lang='grc' dir='ltr'>δεκαστηρίου,</span> <span class='ocrx_word' id='word_1_802' title='bbox 1801 2555 1855 2581; x_wconf 75' lang='grc' dir='ltr'>τῶν</span> 
     </span>
    </p>
   </div>
   <div class='ocr_carea' id='block_1_111' title="bbox 1069 2602 1854 2637">
    <p class='ocr_par' dir='ltr' id='par_1_111' title="bbox 1069 2602 1854 2637">
     <span class='ocr_line' id='line_1_111' title="bbox 1069 2602 1854 2637; baseline -0.001 -9"><span class='ocrx_word' id='word_1_803' title='bbox 1069 2602 1256 2634; x_wconf 74' lang='grc' dir='ltr'>θεσπιζουσῶν</span> <span class='ocrx_word' id='word_1_804' title='bbox 1265 2603 1329 2633; x_wconf 79' lang='grc' dir='ltr'>τοὺς</span> <span class='ocrx_word' id='word_1_805' title='bbox 1339 2603 1481 2637; x_wconf 77' lang='grc' dir='ltr'>ἅπανταχῆ</span> <span class='ocrx_word' id='word_1_806' title='bbox 1497 2603 1707 2637; x_wconf 75' lang='grc' dir='ltr'>εὑρισκομένους</span> <span class='ocrx_word' id='word_1_807' title='bbox 1723 2603 1854 2637; x_wconf 75' lang='grc' dir='ltr'>Χριστια-</span> 
     </span>
    </p>
   </div>
   <div class='ocr_carea' id='block_1_112' title="bbox 1069 2649 1856 2684">
    <p class='ocr_par' dir='ltr' id='par_1_112' title="bbox 1069 2649 1856 2684">
     <span class='ocr_line' id='line_1_112' title="bbox 1069 2649 1856 2684; baseline 0.01 -9"><span class='ocrx_word' id='word_1_808' title='bbox 1069 2649 1131 2680; x_wconf 81' lang='grc' dir='ltr'>νοὺς</span> <span class='ocrx_word' id='word_1_809' title='bbox 1145 2649 1250 2680; x_wconf 80' lang='grc' dir='ltr'>πάντας</span> <span class='ocrx_word' id='word_1_810' title='bbox 1263 2649 1322 2680; x_wconf 76' lang='grc' dir='ltr'>οἵας</span> <span class='ocrx_word' id='word_1_811' title='bbox 1343 2649 1479 2684; x_wconf 76' lang='grc' dir='ltr'>δηποτοῦν</span> <span class='ocrx_word' id='word_1_812' title='bbox 1501 2649 1579 2682; x_wconf 75' lang='grc' dir='ltr'>ἀξίας</span> <span class='ocrx_word' id='word_1_813' title='bbox 1598 2649 1773 2684; x_wconf 75' lang='grc' dir='ltr'>ὑπάρχοντας</span> <span class='ocrx_word' id='word_1_814' title='bbox 1793 2650 1856 2676; x_wconf 79' lang='grc' dir='ltr'><strong>συλ-</strong></span> 
     </span>
    </p>
   </div>
   <div class='ocr_carea' id='block_1_113' title="bbox 1067 2695 1853 2730">
    <p class='ocr_par' dir='ltr' id='par_1_113' title="bbox 1067 2695 1853 2730">
     <span class='ocr_line' id='line_1_113' title="bbox 1067 2695 1853 2730; baseline 0.001 -9"><span class='ocrx_word' id='word_1_815' title='bbox 1067 2695 1218 2730; x_wconf 78' lang='grc' dir='ltr'>ληφθέντας</span> <span class='ocrx_word' id='word_1_816' title='bbox 1244 2696 1276 2730; x_wconf 81' lang='grc' dir='ltr'>τῇ</span> <span class='ocrx_word' id='word_1_817' title='bbox 1302 2697 1334 2730; x_wconf 80' lang='grc' dir='ltr'>σῇ</span> <span class='ocrx_word' id='word_1_818' title='bbox 1365 2695 1522 2730; x_wconf 75' lang='grc' dir='ltr'>ὑπαχθῆναι</span> <span class='ocrx_word' id='word_1_819' title='bbox 1546 2695 1646 2729; x_wconf 83' lang='grc' dir='ltr'>κρίσει,</span> <span class='ocrx_word' id='word_1_820' title='bbox 1674 2695 1819 2727; x_wconf 77' lang='grc' dir='ltr'>Λὺξέιιτιος</span> <span class='ocrx_word' id='word_1_821' title='bbox 1839 2697 1853 2722; x_wconf 86' lang='grc' dir='ltr'><strong>ό</strong></span> 
     </span>
    </p>
   </div>
   <div class='ocr_carea' id='block_1_114' title="bbox 1067 2741 1852 2777">
    <p class='ocr_par' dir='ltr' id='par_1_114' title="bbox 1067 2741 1852 2777">
     <span class='ocr_line' id='line_1_114' title="bbox 1067 2741 1852 2777; baseline 0 -9"><span class='ocrx_word' id='word_1_822' title='bbox 1067 2742 1150 2769; x_wconf 81' lang='grc' dir='ltr'>πάλαι</span> <span class='ocrx_word' id='word_1_823' title='bbox 1171 2742 1220 2777; x_wconf 77' lang='grc' dir='ltr'><strong>μὲν</strong></span> <span class='ocrx_word' id='word_1_824' title='bbox 1234 2741 1386 2776; x_wconf 64' lang='grc' dir='ltr'>περιφανὴς</span> <span class='ocrx_word' id='word_1_825' title='bbox 1399 2741 1468 2777; x_wconf 82' lang='grc' dir='ltr'>τύχῃ</span> <span class='ocrx_word' id='word_1_826' title='bbox 1485 2743 1532 2768; x_wconf 69' lang='grc' dir='ltr'><strong>καὶ</strong></span> <span class='ocrx_word' id='word_1_827' title='bbox 1548 2741 1681 2776; x_wconf 69' lang='grc' dir='ltr'>πολιτείᾳ,</span> <span class='ocrx_word' id='word_1_828' title='bbox 1701 2742 1852 2777; x_wconf 79' lang='grc' dir='ltr'>εὐδοκιμώ-</span> 
     </span>
    </p>
   </div>
   <div class='ocr_carea' id='block_1_115' title="bbox 1066 2787 1853 2824">
    <p class='ocr_par' dir='ltr' id='par_1_115' title="bbox 1066 2787 1853 2824">
     <span class='ocr_line' id='line_1_115' title="bbox 1066 2787 1853 2824; baseline 0.001 -10"><span class='ocrx_word' id='word_1_829' title='bbox 1066 2788 1145 2823; x_wconf 83' lang='grc' dir='ltr'>τερὸς</span> <span class='ocrx_word' id='word_1_830' title='bbox 1164 2797 1194 2814; x_wconf 84' lang='grc' dir='ltr'><strong>τε</strong></span> <span class='ocrx_word' id='word_1_831' title='bbox 1218 2789 1265 2814; x_wconf 83' lang='grc' dir='ltr'>καί</span> <span class='ocrx_word' id='word_1_832' title='bbox 1289 2787 1474 2823; x_wconf 83' lang='grc' dir='ltr'>κοσμιώτερος</span> <span class='ocrx_word' id='word_1_833' title='bbox 1496 2789 1528 2814; x_wconf 83' lang='grc' dir='ltr'>ὲκ</span> <span class='ocrx_word' id='word_1_834' title='bbox 1552 2788 1602 2823; x_wconf 77' lang='grc' dir='ltr'><strong>τῆς</strong></span> <span class='ocrx_word' id='word_1_835' title='bbox 1618 2788 1677 2814; x_wconf 83' lang='grc' dir='ltr'>νυνὶ</span> <span class='ocrx_word' id='word_1_836' title='bbox 1694 2787 1853 2824; x_wconf 78' lang='grc' dir='ltr'>εὑρεθείσης</span> 
     </span>
    </p>
   </div>
   <div class='ocr_carea' id='block_1_116' title="bbox 1067 2834 1852 2870">
    <p class='ocr_par' dir='ltr' id='par_1_116' title="bbox 1067 2834 1852 2870">
     <span class='ocr_line' id='line_1_116' title="bbox 1067 2834 1852 2870; baseline 0 -9"><span class='ocrx_word' id='word_1_837' title='bbox 1067 2835 1140 2869; x_wconf 71' lang='grc' dir='ltr'>αὐτῷ</span> <span class='ocrx_word' id='word_1_838' title='bbox 1166 2835 1366 2870; x_wconf 71' lang='grc' dir='ltr'>γενναιότητος,</span> <span class='ocrx_word' id='word_1_839' title='bbox 1394 2835 1442 2861; x_wconf 83' lang='grc' dir='ltr'><strong>ἆτε</strong></span> <span class='ocrx_word' id='word_1_840' title='bbox 1466 2834 1512 2860; x_wconf 86' lang='grc' dir='ltr'>τοῦ</span> <span class='ocrx_word' id='word_1_841' title='bbox 1533 2834 1695 2869; x_wconf 75' lang='grc' dir='ltr'>ἐπουρανίου</span> <span class='ocrx_word' id='word_1_842' title='bbox 1718 2834 1852 2869; x_wconf 76' lang='grc' dir='ltr'>βασιλέως</span> 
     </span>
    </p>
   </div>
   <div class='ocr_carea' id='block_1_117' title="bbox 1068 2879 1851 2915">
    <p class='ocr_par' dir='ltr' id='par_1_117' title="bbox 1068 2879 1851 2915">
     <span class='ocr_line' id='line_1_117' title="bbox 1068 2879 1851 2915; baseline 0 -10"><span class='ocrx_word' id='word_1_843' title='bbox 1068 2881 1185 2915; x_wconf 67' lang='grc' dir='ltr'>Χριστοῦ</span> <span class='ocrx_word' id='word_1_844' title='bbox 1209 2881 1300 2912; x_wconf 71' lang='grc' dir='ltr'>δοῦλος</span> <span class='ocrx_word' id='word_1_845' title='bbox 1323 2880 1464 2915; x_wconf 70' lang='grc' dir='ltr'>ὑπάρχω-ι,</span> <span class='ocrx_word' id='word_1_846' title='bbox 1481 2880 1534 2915; x_wconf 65' lang='grc' dir='ltr'>πρὸ</span> <span class='ocrx_word' id='word_1_847' title='bbox 1547 2879 1647 2914; x_wconf 82' lang='grc' dir='ltr'>ὀλίγων</span> <span class='ocrx_word' id='word_1_848' title='bbox 1661 2880 1765 2906; x_wconf 74' lang='grc' dir='ltr'>τούτων</span> <span class='ocrx_word' id='word_1_849' title='bbox 1781 2880 1851 2913; x_wconf 73' lang='grc' dir='ltr'>ἠμε-</span> 
     </span>
    </p>
   </div>
  </div>
