2086 3153
261 167 313 197 487

882 165 1024 195 MENSIS
1045 163 1171 194 DECEM
1178 164 1263 194 BER.

1830 162 1885 192 LE3

261 228 323 248 tuos
335 220 428 248 oculos
441 219 565 253 sopierit,
580 220 669 247 donee
681 219 810 248 en‘ectum
826 220 909 247 fuerit
925 220 964 252 id,
977 219 1049 254 quod

1108 219 1221 254 Ξιστέρας
1235 220 1259 245 οί
1273 219 1362 252 ὕπνοι,
1392 219 1407 254 ἢ
1426 219 1459 245 τὰ
1480 219 1513 245 σὰ
1527 219 1638 254 ὗμματα
1653 220 1807 254 ὲκοίμισαν,
1823 220 1886 254 πρὶν

259 268 354 295 studes
386 266 419 292 ad
450 266 595 293 utilitatetn
628 266 830 298 universorum,
856 272 885 294 et
912 271 941 293 ut
965 266 1050 293 semel

259 314 361 344 dicam,
372 320 434 338 cum
446 312 517 346 apttd
531 317 556 338 te
568 313 656 339 solum
668 321 802 340 summam
816 314 906 340 inesse
917 313 1051 340 vidissent

261 366 482 393 unamquamque
507 362 622 392 partem,
649 358 748 385 nterito
768 359 859 393 hujus,
878 366 960 393 quam
978 365 1052 385 nunc

260 404 380 435 obtines,
398 403 655 435 administrationis,
671 412 732 437 quae
748 404 817 431 nihil
848 405 931 432 habet
957 410 1051 431 conte-

263 449 434 481 mnendum,
455 449 613 483 dignitatem
630 450 823 483 permiserunt.
849 450 982 482 Quocirca
1004 458 1054 485 ego

263 504 373 530 quoque
394 496 472 522 testis
498 500 551 522 tam
570 496 737 528 multarum,
763 504 823 531 quae
849 498 876 523 in
901 501 927 523 te
946 496 1051 528 insunt,

264 548 356 567 rerum
375 541 548 574 praestantiae,
565 540 638 567 hunc
656 540 690 566 ad
715 546 739 567 te
755 541 876 567 vinctum
899 542 977 569 mitto
1000 542 1054 568 Eu-

270 587 470 621 stratium,qni
490 594 584 613 eorum
609 586 656 620 qui
680 587 810 614 dicuntur
836 587 1055 614 Christianorum

265 640 363 666 magno
380 633 476 658 morbo
494 632 599 658 laborat
615 640 622 658 :
640 632 759 658 maxime
783 639 846 658 cum
865 632 932 659 nihil
952 633 1051 666 possim

266 679 402 709 invenire,
427 677 500 712 quod
525 677 641 704 suliieiat
661 677 694 704 ad
738 678 918 705 avertendum
942 678 1057 705 audacia

266 724 327 758 ejus
345 728 443 758 empta.
460 723 506 750 sed
521 725 573 750 etsi
587 724 657 758 ejus,
674 731 734 758 qua:
752 723 819 750 ntihi
840 724 936 755 servit,
955 725 1057 751 militiae

268 770 401 797 honorem
424 773 496 796 esset
516 774 670 802 assecutus,
696 770 792 804 majori
819 770 947 804 superbia
965 770 1057 797 animo

267 822 384 846 erectus,
399 815 481 842 desiit
494 816 520 842 in
536 816 738 842 contumeliam.
757 816 834 848 Quod
851 816 872 842 si
888 817 1055 843 inte-utaretn

267 867 391 892 metum,
415 869 463 888 sua
489 862 645 895 arrogantia
670 862 886 896 circumscripsit
912 862 1056 895 futurum,

268 907 323 933 Vim
347 915 402 933 sum
425 907 628 941 superstitionis
650 907 767 934 reddens
792 908 973 941 potentiorem
1000 916 1007 935 :
1030 912 1057 935 et

269 952 335 979 licet
350 953 455 979 videret
475 952 543 979 alios
556 952 659 979 eisdem
674 952 788 980 aﬂ‘cctos
803 953 955 988 suppliciis,
969 961 1057 988 neque

270 1004 382 1032 propter
401 997 500 1029 minas,
525 1005 584 1031 quae
609 998 636 1025 in
657 1006 705 1025 eos
730 998 953 1032 intendebantur,
979 1007 1056 1026 suam

268 1043 400 1076 repressit
427 1042 580 1075 audaciam,
608 1044 655 1070 sed
683 1043 756 1077 quod
784 1048 932 1075 evenerat,
961 1045 1056 1071 existi-

269 1088 361 1114 mabat
376 1095 437 1115 esse
458 1088 548 1122 potius
564 1089 682 1116 fortuna;
697 1089 839 1121 insultum,
854 1098 934 1124 quam
950 1090 1056 1125 suppli-

269 1134 353 1161 cium.
372 1133 439 1161 Eum
462 1142 537 1169 ergo,
551 1138 578 1161 et
597 1135 644 1169 qui
669 1142 730 1162 cum
748 1144 781 1162 eo
797 1140 840 1163 est
862 1135 993 1169 Orestem,
1010 1137 1057 1171 qui

269 1185 311 1206 est
330 1179 454 1213 e;usdem
477 1180 630 1212 sententiae,
644 1180 678 1207 ad
696 1185 768 1207 tuam
785 1181 864 1208 mitto
884 1182 1056 1216 sapientiam,

270 1233 389 1260 sequens
411 1227 501 1253 edicta
520 1226 706 1260 imperatoria.
731 1237 739 1252 ι
766 1227 834 1254 Cum
852 1227 902 1254 has
923 1235 988 1262 ergo
1012 1228 1058 1255 lit-

273 1278 343 1299 teras
363 1273 532 1307 accepissent
552 1273 664 1304 milites,
679 1278 706 1299 et
722 1278 832 1300 sanctos
850 1274 984 1301 haberent.
999 1274 1058 1301 vin-

272 1322 347 1349 ctos,
373 1318 443 1345 viam
472 1319 716 1353 persequebantur.
744 1319 861 1347 Sanctus
885 1325 976 1347 autent
1002 1320 1058 1347 Eu-

272 1365 385 1392 stratius
414 1366 494 1392 simul
522 1373 584 1392 cum
614 1365 710 1392 Oreste
728 1366 768 1392 sic
790 1365 905 1392 canebat
932 1367 959 1392 in
985 1367 1028 1393 via
1050 1374 1057 1392 :

276 1420 285 1436 (
305 1411 380 1438 Viam
399 1411 625 1446 jnstilicationum
655 1416 760 1437 tuarum
780 1411 860 1446 elegi,
885 1412 988 1439 instrue
1006 1419 1058 1444 me,

274 1461 301 1483 et
315 1456 417 1483 discant
434 1459 559 1483 mandata
577 1460 623 1483 tua
637 1457 660 1483 '.
682 1465 691 1482 ›

309 1557 366 1584 KX.
389 1558 509 1592 lmpletis
527 1567 591 1586 vero
609 1559 747 1593 precibus,
770 1559 857 1586 dixit:
877 1561 973 1588 Frater
989 1561 1059 1589 Ore-

275 1607 339 1632 stes.
355 1612 434 1630 narra
449 1605 526 1633 mihi,
540 1612 592 1638 qua
605 1605 688 1631 animi
703 1605 842 1633 alacritate
853 1612 1058 1634 consumtnatus

275 1650 326 1676 l'nit
343 1656 455 1676 sanctus
481 1650 644 1681 Auxentius,
670 1652 743 1678 etin
769 1659 823 1685 quo
847 1652 918 1679 loco.
943 1653 1064 1681 Sanctus

273 1702 339 1721 vero
355 1695 465 1722 Orestes
483 1696 571 1722 dixit:
591 1697 735 1731 Postquam
752 1697 805 1724 dux
829 1699 1016 1732 pronuntiavit
1033 1700 1059 1727 in

274 1748 337 1766 cum
354 1741 529 1773 sententiam,
549 1744 655 1776 rogavit
671 1742 781 1775 milites,
797 1746 844 1778 qui
862 1752 925 1771 eum
942 1745 1061 1772 abduce-

276 1786 351 1817 bant,
369 1791 397 1812 ut
410 1787 513 1814 veniret
527 1788 559 1814 ad
577 1789 721 1815 videndam
740 1796 812 1816 tuam
834 1790 973 1822 virtutem,
989 1796 1016 1818 et
1033 1796 1058 1818 te

273 1832 382 1866 juberet
399 1833 497 1859 valere.
515 1833 601 1861 Nemo
623 1842 688 1862 \‘ero
705 1843 766 1862 eum
790 1836 886 1863 audire
904 1837 1057 1872 sustinuit;

275 1883 334 1905 erat
349 1880 422 1905 enitn
438 1884 543 1914 tempus
560 1881 678 1915 prandii,
694 1887 721 1908 et
748 1883 914 1911 festinabant
930 1885 978 1917 illi,
993 1893 1058 1912 ven-

276 1926 310 1953 tri
324 1927 484 1959 servientes,
502 1928 614 1963 implere
633 1930 658 1956 id
673 1931 745 1964 quod
762 1931 802 1958 eis
818 1931 981 1966 ituperatttnt
1001 1933 1060 1961 lue-

274 1978 327 2007 rat,
346 1980 373 2002 et
393 1975 530 2002 duxerunt
557 1984 619 2002 eum
637 1977 663 2003 itt
684 1978 830 2011 quamdam
853 1979 962 2010 vallem,
978 1988 1059 2015 quam

273 2029 324 2048 nos
339 2029 467 2048 vocamus
483 2021 619 2048 Ororiant.
636 2023 754 2050 Veniens
769 2030 872 2056 autem,
897 2027 924 2052 in
944 2027 987 2053 via
1013 2035 1059 2054 ca-

273 2067 357 2093 nebat
369 2072 479 2093 sauctus
493 2068 595 2094 :tBt-ati
609 2068 774 2095 immaculati
790 2070 816 2096 in
834 2071 887 2103 via,
904 2071 951 2105 qui
964 2072 1060 2099 ambu-

274 2113 331 2140 lant
349 2114 375 2139 in
393 2114 451 2148 lege
467 2113 576 2140 Domini
589 2114 610 2146 ‘,
630 2124 638 2139 ι
657 2119 684 2141 et
700 2123 786 2149 usque
810 2116 843 2142 ad
865 2116 952 2151 ipsum
967 2118 1058 2145 locum

275 2158 549 2193 implevitpsalntum,
564 2164 589 2185 et
602 2159 677 2186 ﬂexis
688 2161 804 2194 genibus
817 2162 950 2189 intensius
961 2163 1058 2189 oravit.
1075 2169 1100 2198 ι)

273 2203 341 2230 Cum
357 2211 454 2230 manus
469 2212 535 2231 vero
557 2206 723 2238 sustulisset,
739 2207 844 2241 accepit
857 2212 984 2242 tanquam
1009 2209 1060 2235 0i)-

274 2249 416 2280 lationem,
431 2254 458 2277 et
473 2251 541 2277 dixit
554 2251 666 2283 'Amen,
685 2257 713 2278 et
728 2260 789 2279 cum
808 2253 1058 2288 circumspexisset,

275 2296 343 2322 vidit
358 2304 402 2322 tne
418 2304 501 2331 prope
516 2305 579 2323 cum
595 2303 723 2330 stantem,
738 2304 764 2325 ct
780 2307 840 2326 cum
863 2307 906 2327 me
921 2306 1055 2333 vocasset,

274 2341 343 2367 dixit
359 2342 424 2367 mihi
440 2342 541 2369 acriter
555 2351 561 2368 :
577 2342 673 2369 Frater
686 2343 807 2377 Orestes,
823 2345 961 2380 alloquere
975 2346 1061 2373 donti-

275 2396 340 2415 nutn
358 2388 537 2420 Eustratium,
558 2393 587 2415 et
603 2389 646 2415 dic
663 2389 687 2416 ei
705 2394 735 2416 ut
753 2396 813 2417 oret
826 2399 875 2425 pro
890 2400 943 2423 me,
957 2396 983 2419 et
999 2401 1060 2419 eum

275 2435 330 2461 cito
344 2435 377 2461 ad
398 2442 440 2460 tne
457 2439 612 2467 venturum,
628 2442 691 2461 eum
714 2436 786 2462 enim
811 2442 958 2472 exspecto;
982 2443 1009 2465 et
1023 2440 1062 2466 sic

275 2480 327 2507 fuit
342 2480 367 2507 ei
393 2484 475 2513 caput
491 2483 674 2513 amputatum,
692 2482 828 2514 omnibus,
844 2491 913 2518 quos
941 2485 1062 2519 suspicio

274 2532 334 2554 erat
345 2534 405 2553 esse
418 2525 600 2557 Christianos,
614 2527 701 2560 passis
711 2529 942 2561 persecutionem.
956 2529 1062 2558 Sancta:

273 2578 365 2600 autent
390 2572 450 2606 ejus
469 2571 591 2605 reliquia:
616 2578 698 2598 noctu
723 2573 797 2599 furto
821 2574 934 2601 sublatae
956 2582 1021 2602 sunt
1046 2584 1061 2603 a

273 2618 450 2653 presbyteris,
465 2617 512 2650 qui
526 2622 606 2643 erant
629 2618 656 2643 in
672 2619 828 2646 Arauraeis.
847 2619 909 2655 Ejus
925 2628 990 2648 vero
1008 2628 1054 2648 ca-

273 2670 329 2700 p:te
346 2672 399 2690 non
418 2664 538 2696 invento,
557 2669 702 2698 ceperunt
715 2664 782 2692 ﬂere
803 2670 830 2692 et
846 2666 931 2693 Deum
953 2674 1059 2700 rogare,

275 2716 303 2736 ut
315 2711 355 2736 eis
368 2710 487 2744 aperiret
509 2715 632 2737 sanctum
651 2715 733 2746 caput
749 2713 887 2747 martyris.
904 2712 951 2739 Dei
970 2717 1060 2740 autent

273 2756 445 2791 providentia
468 2761 543 2783 stans
558 2757 654 2783 cornix
680 2764 764 2791 super
779 2766 884 2785 ratttum
902 2758 1019 2791 arboris,
1034 2759 1061 2786 in

274 2811 324 2837 qua
352 2807 410 2830 erat
428 2807 520 2837 caput,
541 2805 624 2838 coepit
641 2803 772 2830 clamare.
795 2801 864 2831 Cum
891 2805 1061 2840 aspexissent

325 2897 335 2912 ⁸
362 2897 430 2924 l‘sal.
448 2906 544 2930 cum,
557 2899 600 2926 75.
650 2898 660 2914 ⁸
679 2898 752 2926 Psal.
782 2905 876 2930 cxvnt,
892 2898 918 2925 1.

1103 266 1119 301 ἢ
1145 266 1176 292 τὸ
1199 266 1410 301 φροντιξόμενόν
1427 274 1467 292 σοι
1487 265 1534 291 ἐπὶ
1561 265 1712 300 λυσιτελεία
1735 266 1781 291 τοῦ
1798 265 1888 292 κοινοῦ

1103 311 1302 347 ἐπιτελεσθείη,
1317 312 1365 338 καὶ
1382 311 1474 342 ἁπλῶς
1489 311 1605 337 ἕκαστον
1622 312 1723 347 ἀρετῆς
1736 312 1889 345 ἀκρότατον

1105 357 1186 392 μέρος
1197 357 1273 392 παρὰ
1291 358 1331 383 σοὶ
1350 358 1422 392 μόνῳ
1440 357 1603 391 ἑωρακότες,
1621 357 1743 389 εἰκότως,
1754 359 1804 392 τῆς
1812 357 1890 392 παρὰ

1105 404 1150 429 σοῦ
1177 404 1223 429 νῦν
1240 403 1399 438 ίθυνομένης
1429 403 1516 438 ἀρχῆς
1547 403 1622 430 οὐδὲν
1651 403 1890 437 εὐκαταφρόνητον

1105 449 1229 484 uetiam,
1239 449 1288 484 τὴν
1301 449 1425 481 ἐξουσίαν
1441 449 1603 483 ἐπέτρεψαν.
1619 449 1664 475 Διὸ
1681 449 1769 483 κάγὼ,
1783 451 1890 484 μάρτυς

1104 495 1141 521 ὣν
1157 495 1212 521 τῶν
1228 495 1357 521 τοιούτων
1372 504 1419 521 σου
1437 496 1696 529 πλεονεκτημάτων,
1722 495 1891 529 Εὐστράτιον

1105 542 1202 568 τοῦτον
1228 542 1362 577 πέπομφά
1378 550 1419 568 σοι
1436 542 1555 575 δέσμιον,
1571 541 1661 576 πολλῷ
1676 542 1811 577 νοσήματι
1836 541 1892 567 τῶν

1105 586 1260 621 λεγομένων
1284 586 1459 620 Χριστιανῶν
1483 586 1701 621 κεκρατημένον,
1719 586 1758 620 τῷ
1773 585 1893 619 μάλιστα

1106 633 1255 668 εὑρηκέναι
1271 633 1347 659 οὐδὲν
1379 632 1514 667 αὔταρκες
1528 634 1561 668 τῇ
1593 633 1700 667 πονηρᾷ
1714 631 1797 658 αὑτοῦ
1812 631 1893 664 φύσει

1108 681 1176 714 πρὸς
1193 679 1353 714 ἀποτροπὴν
1368 679 1416 705 τοῦ
1432 680 1534 705 ἀτόπου
1550 679 1736 714 τολμήματος,
1753 677 1823 704 ἀλλὰ
1838 678 1892 704 XLV

1107 727 1252 760 στρατείας
1266 726 1316 759 τῆς
1329 725 1583 760 ἐξυπηρετουμένης
1600 733 1644 759 μοι
1670 725 1716 750 καὶ
1731 725 1813 758 τιμῆς
1830 723 1893 750 ἐτυ-

1107 781 1164 806 χεν,
1183 772 1318 806 ὑπεροψία
1334 772 1438 806 μείζονι
1455 772 1504 805 τὴν
1514 771 1627 805 γνώμην
1639 770 1744 805 ἀρθεὶς,
1761 771 1801 800 εἰς
1814 769 1893 804 ὓδρν

1107 819 1218 851 ἐξέπεσε
1228 826 1234 833 ·
1249 818 1300 844 κᾶν
1316 818 1396 852 φὸὸον
1411 818 1439 844 δὲ
1453 817 1577 851 ἤλπισεν,
1593 817 1707 852 ἀπονοίᾳ
1729 817 1808 842 πάλιν
1822 824 1894 850 παρ-

1074 869 1095 896 Β
1109 865 1247 899 εγράψατο
1267 865 1297 890 τὸ
1324 864 1429 899 μέλλον,
1457 864 1506 899 τὴν
1530 863 1672 898 παροῦσαν
1689 863 1777 898 ὁρμὴν
1794 863 1843 897 τῆς
1862 863 1893 888 ὲν

1109 911 1183 944 αὑτῴ
1197 910 1409 945 δεισιδαιμονίας
1423 911 1596 945 κυριωτέραν
1614 910 1809 944 nomadas/or
1833 909 1884 935 xiv

1110 958 1220 994 ἐτέρους
1244 957 1314 984 εἶδεν
1342 958 1389 983 ἐπὶ
1402 958 1459 988 τοῖς
1483 957 1574 987 αὐτοῖς
1598 957 1790 988 κολασθέντας,
1811 957 1840 982 οὐ
1859 957 1893 990 τῇ

1109 1005 1241 1039 ἐμπειρίᾳ
1257 1004 1305 1039 τὴν
1316 1004 1422 1038 τόλμαν
1437 1003 1485 1038 τῆς
1500 1005 1529 1030 ὲν
1542 1003 1619 1037 αὐτῷ
1633 1003 1782 1038 θρησκείας
1795 1002 1891 1028 ἐκόλα-

1110 1059 1164 1076 σεν.
1186 1049 1266 1076 Ἀλλὰ
1284 1050 1315 1075 τὸ
1327 1049 1435 1083 συμϐὰν
1450 1049 1573 1083 ἡγήσατο
1592 1049 1677 1083 τύχης
1693 1049 1826 1082 ἐπήρειαν
1846 1055 1895 1081 γε⁴

1109 1096 1241 1130 γενῆσθαι
1262 1095 1372 1130 μᾶλλον,
1407 1095 1456 1121 οὐκ
1492 1095 1602 1121 ἀδικίαν
1634 1095 1682 1121 τοῦ
1700 1094 1893 1125 κολασθέντος.

1109 1142 1208 1168 Τοῦτον
1221 1142 1366 1176 δεξάμενος
1382 1142 1431 1168 καὶ
1461 1141 1506 1167 τὸν
1524 1142 1572 1167 σὺν
1601 1141 1675 1175 αὐτῷ
1694 1141 1825 1175 Ὀρέστην
1844 1139 1893 1166 τοῦ

1110 1187 1193 1214 αὐτοῦ
1211 1188 1386 1223 φρονήματος
1402 1187 1478 1218 ὄντα,
1502 1188 1535 1222 τῇ
1555 1189 1586 1221 σῇ
1605 1188 1749 1221 σοφωτάτῃ
1768 1186 1894 1220 ὑπάγαγε

1112 1235 1212 1269 κρίσει,
1233 1235 1288 1264 τοῖς
1315 1233 1465 1268 βασιλικοῖς
1483 1232 1671 1264 ὲξακολουθῶν
1698 1232 1893 1266 Θεσπίσμασιν.

1112 1281 1265 1315 Ἐρρωςοδ
1280 1281 1412 1311 Λαόοντες
1421 1280 1511 1305 τοίνυν
1521 1280 1545 1305 οἱ
1560 1279 1725 1313 στρατιῶται
1736 1279 1770 1305 τὰ
1784 1278 1896 1304 τοιαῦτα

1111 1326 1278 1360 γράμματα,
1299 1324 1504 1359 παραλαϐόντες
1524 1325 1551 1350 δὲ
1567 1325 1612 1350 καὶ
1632 1326 1696 1355 τοὺς
1712 1324 1806 1357 ἁγίους
1821 1323 1895 1349 δεδε-

1113 1370 1220 1404 μένους,
1256 1371 1359 1403 εἴχοντο
1374 1370 1422 1404 τῆς
1437 1369 1508 1396 ὁδοῦ.
1531 1369 1559 1396 '0
1580 1369 1609 1395 δὲ
1635 1370 1709 1403 ἅγιος
1728 1370 1895 1405 Εὐστράτιος

1112 1416 1170 1450 ἅμα
1183 1416 1221 1450 τῷ
1246 1416 1357 1451 Ὀρέστῃ
1372 1415 1469 1450 ἔψαλλε
1485 1416 1554 1441 κατὰ
1569 1417 1619 1450 τὴν
1634 1417 1703 1443 ὀδόν·
1725 1425 1735 1441 ‹
1758 1416 1832 1442 Ὀδὸν
1853 1416 1895 1441 δι-

1111 1463 1277 1497 καιωμάτων
1310 1470 1356 1488 σου
1373 1463 1556 1497 ῄρετισάμην.
1592 1463 1735 1488 Συνέτισὸν
1764 1471 1832 1503 pe,‘
1846 1461 1895 1488 καὶ

1113 1509 1270 1543 μαθήσομαι
1288 1508 1337 1539 τὰς
1353 1509 1462 1540 ἐντολάς
1478 1518 1537 1537 σου.
1555 1517 1565 1535 ι

1147 1554 1188 1581 K’.
1210 1556 1264 1581 Καὶ
1281 1556 1429 1591 πληρώσας
1444 1556 1494 1591 τὴν
1517 1556 1609 1591 εὐχὴν,
1626 1555 1720 1591 ἠρώτα
1743 1557 1788 1583 τὸν
1803 1557 1895 1591 μακά-

1112 1610 1168 1637 ριον
1187 1600 1318 1636 Ὀρέστην
1342 1601 1445 1635 λέγων’
1473 1601 1583 1635 Ἀδελφὲ
1610 1603 1740 1636 Ὀρέστα,
1762 1602 1894 1637 διήγησαι

1114 1655 1157 1682 μοι
1170 1648 1199 1673 ὲν
1211 1647 1275 1682 ποίᾳ
1291 1648 1431 1682 προθυμία
1449 1648 1595 1682 ἐτελειώθη
1614 1650 1627 1674 ὁ
1638 1650 1715 1682 ἅγιος
1729 1649 1889 1680 Αὑξέντιος,

1111 1694 1158 1720 καὶ
1176 1695 1204 1720 ὲν
1238 1695 1306 1728 ποίῳ
1322 1695 1408 1730 τόπῳ.
1431 1694 1461 1721 '0
1493 1695 1520 1721 δὲ
1542 1696 1619 1728 am;
1640 1696 1768 1730 Ὀρέστης
1796 1693 1895 1721 εἶπεν·

1111 1739 1188 1765 Μετὰ
1201 1739 1230 1765 τὸ
1246 1740 1439 1775 ἀποφήνασθαι
1452 1741 1498 1765 τὸν
1512 1740 1596 1766 δοῦκα
1613 1741 1673 1766 κατ’
1691 1741 1784 1772 αὑτοῦ,
1807 1739 1903 1766 πολλὰ¹

1112 1786 1284 1820 παρεκάλεσε
1300 1788 1364 1817 τοὺς
1377 1787 1534 1820 ἀπάγοντας
1551 1787 1633 1813 αὑτὸν
1656 1787 1836 1822 στρατιώτας,
1850 1787 1896 1813 ἵνα

1111 1832 1195 1858 ἐλθὼν
1211 1833 1252 1867 ίδῃ
1271 1833 1319 1867 τὴν
1341 1834 1390 1867 σὴν
1407 1833 1508 1868 ἀρετὴν
1525 1835 1570 1859 καὶ
1588 1833 1752 1868 συντάξηταί
1772 1842 1822 1860 σοι.
1842 1834 1897 1860 Καὶ

1112 1878 1200 1909 οὐδεὶς
1233 1878 1362 1912 ἠνέσχετο
1392 1879 1508 1905 ἀκοῦσαι
1527 1880 1621 1911 αὑτοῦ,
1661 1881 1675 1913 ἦ
1714 1881 1894 1915 συγχωρῆσαι

1111 1924 1191 1949 τοῦτο
1221 1924 1334 1959 πρᾶξαι.
1353 1925 1423 1950 Ἀλλ’
1439 1925 1534 1961 ἐπειδὴ
1557 1925 1616 1960 ὥρα
1641 1924 1675 1960 ἦν
1702 1925 1749 1952 τοῦ
1780 1926 1893 1959 ἀρίστου

1112 1970 1243 1997 ἔσπευδον
1260 1972 1284 1996 ei
1301 1971 1476 1997 κοιλιόδουλοι
1494 1972 1638 2007 πληρῶσαι
1668 1973 1698 1998 τὸ
1713 1972 1895 2008 προσταχθέν.

1111 2017 1167 2042 Καὶ
1183 2017 1263 2048 εὐθὺς
1276 2017 1379 2052 ἤγαγον
1395 2018 1475 2044 αὑτὸν
1489 2019 1528 2049 είς
1539 2018 1588 2053 τὴν
1603 2019 1745 2053 φάραγγα,
1763 2019 1796 2054 ἦν
1814 2021 1895 2053 ἡμεῖς

1112 2062 1248 2097 καλοῦμεν
1270 2063 1428 2097 Ὀρώρειαν.
1455 2065 1616 2098 Ἐρχομενος
1633 2064 1661 2090 δὲ
1684 2066 1697 2090 ὀ
1722 2066 1800 2098 ἅγιος
1825 2065 1897 2092 κατὰ

1111 2109 1161 2144 τὴν
1176 2110 1234 2135 ὁδὸν
1251 2109 1364 2143 ἔψαλλε·
1384 2119 1393 2134 ‹
1413 2110 1554 2145 Μακάριοι
1570 2111 1593 2136 at
1610 2111 1723 2144 ἄμωμοι
1739 2112 1767 2137 ὲν
1782 2111 1843 2145 ὁδῷ,
1865 2112 1890 2137 οί

1113 2156 1295 2190 πορευόμενοι
1309 2156 1336 2180 ἐν
1351 2156 1427 2190 νόμῳ
1440 2156 1555 2190 Κυρίου.
1574 2165 1584 2181 ι
1608 2156 1664 2182 Καὶ
1680 2155 1732 2187 ἕως
1747 2156 1831 2182 αὑτοῦ
1847 2156 1897 2183 τοῦ

1115 2200 1199 2225 τόπου
1216 2200 1357 2234 ἐπλήρωσε
1373 2201 1418 2226 τὸν
1434 2200 1551 2235 ψαλμὸν,
1566 2202 1612 2227 καὶ
1628 2201 1722 2233 κλίνας
1741 2204 1774 2227 τὰ
1784 2203 1896 2236 γόνατα,

1114 2246 1289 2281 προσηύξατο
1323 2247 1371 2273 ἐπὶ
1404 2247 1470 2273 πολύ
1481 2255 1489 2263 ·
1504 2249 1550 2274 καὶ
1584 2248 1715 2279 ἀπλώσας
1731 2249 1781 2280 τὰς
1798 2251 1897 2284 χεῖρας

1112 2292 1208 2325 αὐτοῦ,
1227 2293 1321 2327 ὥσπερ
1339 2294 1496 2329 προσφορὰν
1519 2294 1676 2329 δεχόμενος,
1690 2295 1755 2330 ἔστη
1774 2296 1819 2321 καὶ
1835 2294 1897 2322 εἶπε

1111 2338 1141 2364 τὸ
1164 2338 1260 2373 Ἀμὴν,
1277 2339 1323 2365 καὶ
1357 2340 1604 2374 περιὸλεψὰμενος,
1638 2339 1691 2366 εἶδέ
1718 2350 1752 2375 με
1779 2342 1897 2376 πλησίον

1112 2385 1194 2410 αὑτοῦ
1209 2385 1326 2416 ἑστῶτα,
1344 2387 1392 2411 καὶ
1406 2386 1533 2418 καλέσας,
1551 2384 1612 2413 εἶπέ
1627 2395 1673 2421 μοι
1688 2389 1717 2415 ὲν
1735 2390 1894 2426 μυστηρίῳ·

1118 2431 1227 2465 Ἀδελφὲ
1250 2432 1375 2466 Ὀρέστα,
1401 2433 1626 2468 προσαγόρευσον
1651 2433 1697 2459 τὸν
1723 2434 1819 2470 κύριον
1844 2436 1898 2462 Εὑ-

1113 2479 1249 2512 στράτιον,
1278 2479 1324 2505 καὶ
1342 2476 1404 2505 εἷπε
1423 2479 1500 2514 αὐτῷ
1517 2479 1561 2506 ἵνα
1590 2479 1702 2515 εὔξηται
1737 2482 1807 2517 ὑπὲρ
1824 2482 1893 2517 ὲμοῦ

1114 2525 1161 2551 καὶ
1181 2524 1289 2558 ταχέως
1306 2533 1340 2558 με
1358 2524 1465 2560 φθάσῃ·
1484 2525 1630 2560 ἐκδέχομαι
1652 2527 1706 2561 γὰρ
1729 2528 1823 2555 αὐτόν.
1839 2529 1896 2554 Καὶ

1115 2570 1203 2601 οὕτως
1223 2570 1445 2605 ἁπεκεφαλίσθη,
1472 2572 1582 2599 πάντων
1604 2573 1659 2599 τῶν
1684 2575 1895 2610 ὑπονοουμένων

1114 2617 1287 2652 Χριστιανῶν
1302 2617 1518 2652 ἐκδιωχθέντων,
1536 2620 1582 2646 καὶ
1608 2620 1722 2655 μηδενὸς
1742 2621 1835 2647 ίκανοῦ
1849 2621 1895 2647 δν-

1112 2673 1157 2695 τος
1172 2664 1307 2698 τολμῆσαι
1326 2666 1509 2699 προσεγγίσαι
1530 2666 1569 2700 τῷ
1587 2667 1672 2701 τόπῳ.
1702 2667 1781 2702 Παρὰ
1798 2668 1825 2694 δὲ
1839 2667 1896 2693 τῶν

1113 2708 1143 2734 ὲν
1166 2708 1349 2743 ’Δραυρὰκοις
1366 2710 1560 2745 πρεσευτέρων
1583 2711 1614 2737 τὸ
1636 2712 1714 2745 ἅγιον
1736 2712 1819 2739 αὑτοῦ
1841 2712 1897 2739 λεί-

1111 2754 1196 2790 ψανον
1211 2757 1240 2781 ὲν
1254 2759 1331 2783 νυκτὶ
1347 2757 1464 2792 ὲκλὰπη,
1489 2758 1519 2791 ἐξ
1534 2756 1563 2786 οὗ
1581 2759 1628 2785 καὶ
1654 2760 1705 2793 τῆς
1720 2760 1842 2794 κεφαλῆς
1857 2759 1896 2795 μὴ

1112 2802 1285 2837 εὑρεθείσης,
1309 2803 1428 2838 ἢρξαντο
1445 2804 1546 2837 πάντες
1574 2805 1691 2833 κλαίειν.
1722 2805 1820 2841 Καιδὴ
1848 2813 1896 2832 κο-
