2086 3153
222 159 272 191 471

829 160 969 191 ΜΕΝΞῘΞ
988 160 1207 191 DECEMBER.

1794 155 1845 186 472

221 209 421 251 testimoniumI
436 217 482 253 qui
498 225 532 245 eo
547 221 670 254 tempore
687 222 748 247 erat
763 219 907 254 presbyter
926 219 1007 253 hujus

1063 217 1137 250 Θεοῦ,
1166 215 1414 252 μεμαρτυρημένον
1440 215 1496 245 τοῖς
1522 214 1605 240 πᾶσιν
1634 213 1677 239 ἐπ’
1704 212 1843 248 εὐλαϐείᾳ,

222 265 358 296 ecclesias,
379 265 532 299 ingressum
556 265 588 292 ad
604 265 751 296 orandum,
772 273 832 292 eam
853 265 1005 296 sustulisse,

221 314 251 338 ut
268 310 368 338 habeat
386 318 495 343 zonam,
517 311 618 342 sinere,
636 316 664 339 et
687 312 720 339 ad
739 312 827 346 ipsum
850 312 962 339 reverti.
979 311 1006 338 Si

220 355 320 391 aliquis
339 360 430 384 autem
447 357 517 384 alius
533 357 585 384 hoc
599 357 691 390 iaciat,
715 365 886 392 nequaquam
902 357 927 383 ei
946 365 1008 391 per-

221 400 341 434 mittere,
366 402 413 429 sed
432 410 492 430 eam
511 411 606 430 zonam
631 408 765 438 repetere,
790 403 842 429 hoc
866 403 892 429 in
918 407 1007 429 mente

218 447 357 482 judicans,
375 448 448 483 quod
466 448 489 475 si
508 449 652 484 presbyter
668 457 763 476 zonam
789 449 944 480 abstulerit,
964 448 1006 475 [ιι-

221 498 312 520 turum
327 493 363 520 sit
375 493 401 520 id
418 493 541 520 (livinqu
555 494 698 521 consilium
712 499 739 521 et
753 494 935 528 providentia,
947 501 1007 528 qua;

220 539 356 574 signiﬁcet
379 539 485 566 felicem
504 547 659 567 successum
681 540 813 575 martyrii,
839 540 910 574 quod
934 540 1008 566 desi-

223 585 312 612 derat.
338 585 386 612 Sin
411 593 476 612 vero
501 585 554 612 hoc
578 593 632 612 non
658 586 794 617 evenerit,
821 586 920 612 debere
944 593 1007 612 eum

222 632 320 663 latere,
337 639 389 659 nec
408 631 510 659 audere
526 632 565 660 uti
581 632 679 659 ﬁducia
695 637 723 660 et
739 633 848 660 dicendi
871 632 1007 660 libertate.

258 762 290 790 V.
301 762 370 790 Cum
389 763 441 791 hoc
452 771 517 798 ergo
530 764 630 792 factum
649 771 732 798 esset,
744 771 772 793 et
784 767 901 795 famulus
918 768 1009 802 paucis

222 813 285 843 post
307 809 405 836 diebus
424 810 591 842 revertisset,
618 815 645 838 et
668 811 782 839 dixisset
806 812 879 847 quod
903 820 934 840 ea
952 814 1009 847 ipsa

222 855 309 888 bora,
334 863 388 890 qua
410 864 505 883 zonam
530 857 556 883 in
582 864 628 884 ara
654 863 802 892 posuerat,
825 859 897 886 sicut
917 860 1010 894 jussus

223 901 330 932 fuerat.
355 900 499 936 presbyter
519 891 683 935 Auxentiuis,
709 908 837 938 tanquam
861 903 895 930 ab
917 891 1009 938 aliquo
1026 891 1048 921 Β

223 949 335 982 missus,
359 949 499 984 ingressus
516 949 551 977 sit
573 950 731 982 ecclesiam,
755 955 783 978 ct
807 959 903 978 zonam
930 959 1010 979 acce-

224 994 303 1026 perit.
322 994 370 1022 llis
386 995 497 1028 auditis,
517 995 623 1024 laetatus
643 1001 685 1024 est
699 997 741 1024 vir
759 998 830 1031 pius.
848 1001 876 1024 et
892 1005 924 1024 ex
940 1005 1010 1032 prae<

224 1039 296 1067 torio
317 1041 454 1075 accipiens
473 1048 568 1068 omnes
589 1050 655 1070 suos
678 1043 781 1070 amicos
804 1043 870 1070 bora
888 1043 1008 1077 prandii,

221 1086 298 1114 venit
317 1086 407 1120 lactus,
425 1091 452 1114 et
471 1095 595 1123 magnam
613 1089 705 1117 vultus
724 1090 904 1122 alacritatem,
925 1098 1011 1124 quan-

222 1136 278 1159 tam
295 1140 434 1168 nunquam
452 1139 544 1166 antea,
562 1136 710 1163 ostendens
730 1136 756 1162 in
774 1136 901 1163 convivio
917 1145 924 1164 :
942 1137 1011 1163 adeo

223 1182 254 1204 ut
267 1183 381 1213 propter
394 1179 530 1206 insuetum
545 1180 596 1207 ltoc
609 1181 796 1215 spectaculum
809 1182 1013 1208 adducerentur

223 1231 320 1251 omnes
334 1224 360 1250 in
374 1224 594 1256 admirationem,
609 1229 635 1252 et
651 1226 722 1252 scire
741 1234 850 1253 causam
865 1227 955 1260 magni
973 1227 1013 1253 fa-

223 1274 327 1298 cerent.
342 1270 417 1298 Unus
433 1275 524 1298 autem
539 1279 573 1298 ex
589 1271 624 1298 iis
641 1273 687 1306 qui
704 1272 784 1299 simul
800 1272 1011 1305 accumbebaut,

222 1318 302 1341 :etate
318 1314 421 1349 junior.
438 1316 498 1350 ejus
515 1316 616 1343 cliarus
632 1316 737 1343 amicus
758 1320 786 1342 et
809 1317 887 1348 civis,
903 1317 1013 1344 nomine

223 1360 371 1395 Eugenius,
382 1360 498 1388 fidenter
511 1362 789 1396 eum'percunclatur,
805 1362 898 1389 dicens
915 1371 921 1388 :
937 1362 1013 1389 Nun-

224 1406 303 1441 quid,
319 1414 336 1434 ο
350 1407 468 1435 maxime
488 1408 621 1441 Eustrati,
639 1413 785 1443 propterea
800 1410 872 1444 quod
888 1417 903 1436 a
918 1415 1013 1437 nostro

222 1453 339 1487 preside
355 1453 382 1480 in
404 1453 554 1481 crastinum
569 1454 641 1482 diem
666 1459 730 1483 sunt
744 1461 848 1490 parata,
863 1462 891 1484 et
906 1456 1013 1490 publice

223 1499 401 1533 producenda
421 1500 512 1527 omnia
536 1504 734 1528 tormentorum
761 1502 940 1530 instrumenta
964 1503 1013 1530 ad-

1058 263 1246 298 πρεσῦὑτερον
1259 262 1298 296 τῷ
1317 262 1376 288 τότε
1399 261 1486 296 χρόνῳ
1505 260 1665 295 ὑπάρχοντα
1683 259 1732 293 τῆς
1749 259 1848 294 ἐκκλη-

1061 310 1120 341 σίας
1135 309 1248 344 ταύτης,
1267 308 1423 335 εἰσελθόντα
1433 307 1480 334 τοῦ
1498 306 1627 338 εὔξασθαι
1643 306 1782 340 ἐπάραντα
1797 306 1847 331 αὐ-

1058 356 1119 390 τὴν,
1137 356 1218 381 ἐᾶσαι
1243 354 1315 389 ἔχειν
1335 354 1383 388 τὴν
1405 353 1492 388 ζώνην
1516 353 1562 379 καὶ
1579 353 1760 387 ἀναστρέφειν
1780 352 1848 386 πρὸς

1058 401 1140 427 αὐτόν
1151 409 1158 416 ·
1174 401 1198 426 εί
1211 400 1239 426 δὲ
1254 400 1347 434 ἕτερός
1359 408 1402 430 τις
1416 399 1494 425 τοῦτο
1508 400 1589 430 ποιεῖ,
1600 398 1730 432 μηδαμῶς
1741 405 1848 432 συγχω-

1061 449 1118 482 ρεῖν
1145 447 1230 480 αὐτῷ,
1259 446 1327 473 ἀλλὰ
1343 446 1564 472 ἀνακαλέσασθαι
1588 443 1662 478 αὐτῷ
1689 444 1738 477 τὴν
1762 442 1847 478 αὐτὴν

1059 493 1160 528 ζώνην,
1178 493 1257 519 τοῦτο
1275 493 1372 527 κρίνας
1384 493 1413 517 ἐν
1428 493 1460 526 τῇ
1481 491 1586 525 διανοίᾳ
1599 491 1646 521 ὡς.
1664 490 1688 515 ει
1699 490 1712 515 ὸ
1726 489 1846 524 πρεσῦύ-

1058 548 1138 575 τερος
1160 540 1339 572 ἁπενέγκοιτο
1362 538 1412 573 τὴν
1436 538 1534 572 ζώνην,
1557 536 1713 570 οἰκονομίαν
1736 536 1848 562 ἔσεσθαι

1061 586 1154 620 θεῐκὴν
1169 585 1380 620 προμηνύουσαν
1403 584 1478 618 αὑτῷ
1497 584 1546 614 τὴν
1565 583 1612 608 τοῦ
1628 582 1849 617 ὲπιθυμονμένου

1060 632 1132 666 αὐτῷ
1151 631 1301 667 μαρτυρίου
1325 630 1490 665 ἐπιτυχίαν·
1522 630 1545 655 εί
1571 629 1598 655 δὲ
1630 628 1667 663 μὴ
1696 629 1849 662 ἁπαντήσοι

1059 678 1149 709 τοῦτο,
1177 677 1247 704 εἶναι
1276 678 1357 704 αὐτὸν
1377 678 1407 704 ἐν
1433 677 1472 713 τῷ
1487 676 1611 710 λεληθότι
1639 676 1687 702 καὶ
1716 674 1849 710 μηδαμῶς

1060 725 1161 760 τολμᾷν
1173 724 1422 759 παρρησιάζεσθαι.

1098 769 1135 796 E’.
1165 768 1315 802 Γενομένου
1343 767 1390 793 οὖν
1411 767 1508 793 τούτου
1532 766 1579 793 καὶ
1601 767 1647 793 τοῦ
1672 765 1767 796 παιδὸς
1791 765 1851 799 μετ’

1062 814 1154 848 ὀλίγας
1181 813 1289 847 ἡμέρας
1316 813 1537 847 ὑποστρέψαντος
1573 812 1622 838 καὶ
1648 811 1790 845 εἰρηκότος
1813 810 1852 840 ὼς

1061 860 1122 886 κατ’
1132 860 1216 894 αὐτὴν
1227 859 1275 894 τὴν
1287 858 1361 893 ὥραν
1374 858 1421 884 τοῦ
1437 858 1518 884 αὑτὸν
1532 857 1683 884 τεθεικέναι
1698 857 1747 890 τὴν
1764 855 1852 889 ζώνην

1063 909 1091 934 ὲν
1102 907 1140 942 τῷ
1157 905 1357 940 θυσιαστηρίῳ,
1370 904 1463 935 καθὼς
1481 904 1694 939 προσετέτακτο,
1712 903 1758 929 τὸν
1771 910 1854 937 πρεσ-

1062 950 1176 984 ϐύτερον
1189 949 1347 982 Αὑξέντιον,
1367 949 1461 984 ὥσπερ
1479 949 1507 982 ἐξ
1524 948 1677 981 ἀποστολῆς
1693 955 1766 979 τινος
1796 947 1853 973 εἰσ·

1062 995 1221 1030 εληλυθέναι
1252 995 1290 1026 είς
1306 996 1360 1030 τὴν
1387 995 1536 1029 ἐκκλησίαν
1562 995 1610 1020 καὶ
1635 994 1775 1028 εἰληφέναι
1803 993 1854 1028 τὴν

1067 1042 1167 1076 ζώνην,
1199 1041 1319 1072 ἀκούσας
1356 1041 1442 1068 ταῦτα
1470 1041 1555 1075 ἐχάρη
1583 1041 1597 1067 ὁ
1621 1040 1753 1074 θεοσεὸὴς
1777 1037 1854 1071 οὗτος

1062 1089 1141 1124 ἀνὴρ,
1162 1089 1210 1115 καὶ.
1234 1088 1326 1114 λαϐὼν
1347 1088 1400 1114 ἀπὸ
1417 1087 1463 1114 τοῦ
1480 1088 1653 1123 Πραιτωριου
1672 1087 1777 1118 πάντας
1791 1087 1855 1117 τοὺς

1063 1136 1158 1169 φίλους
1173 1134 1255 1161 αὐτοῦ
1268 1136 1296 1161 ὲν
1308 1137 1342 1170 τῇ
1357 1135 1417 1170 ὥρα
1429 1134 1477 1161 τοῦ
1499 1135 1623 1170 ἀρίστου,
1639 1132 1722 1168 ἦλθεν
1739 1133 1855 1167 εὐφραι-

1063 1181 1185 1215 νόμενος,
1211 1182 1258 1207 καὶ
1285 1181 1388 1216 πολλήν
1414 1190 1475 1207 τινα
1496 1180 1535 1213 τῷ
1555 1180 1695 1215 προσώπῳ
1713 1179 1796 1206 αὑτοῦ
1817 1179 1855 1211 ὡς

1064 1227 1094 1252 οὐ
1111 1227 1222 1252 πώποτε
1235 1227 1331 1253 ἄλλοτε
1345 1227 1395 1262 τὴν
1412 1227 1577 1262 φαιδρότητα
1589 1225 1810 1260 ἐπιδεικνύμενος
1827 1226 1855 1251 ὲν

1064 1273 1102 1307 τῷ
1118 1273 1274 1308 συμποσίῳ,
1288 1273 1357 1299 ὥστε
1375 1273 1422 1299 ἐπὶ
1432 1273 1471 1307 τῷ
1489 1273 1620 1308 ἀσυνήθει
1635 1273 1724 1307 τούτῳ
1738 1272 1855 1306 θεάματι

1063 1319 1111 1344 τοῦ
1137 1318 1233 1352 ἀνδρὸς
1266 1318 1419 1351 ξενίζεσθαι
1448 1319 1553 1350 πάντας
1591 1319 1638 1345 καὶ
1664 1318 1729 1352 περὶ
1756 1317 1855 1344 πολλοῦ

1064 1365 1201 1391 ποιεῖσθαι
1227 1365 1373 1399 μανθάνειν
1400 1366 1450 1400 τὴν
1477 1366 1580 1391 αἰτίαν.
1609 1362 1656 1394 Εἷς
1674 1365 1704 1391 δέ
1733 1373 1775 1395 τις
1801 1364 1856 1390 τῶν

1066 1409 1319 1443 συνανακειμένων,
1344 1409 1478 1443 νεώτερος
1503 1409 1553 1443 τὴν
1579 1409 1688 1444 ἡλικίαν
1713 1409 1854 1444 ὑπάρχων,

1065 1455 1136 1480 πάνυ
1155 1454 1231 1488 φίλος
1257 1454 1340 1480 αὐτοῦ
1365 1455 1412 1480 καὶ
1438 1455 1618 1490 συμπολίτης,
1646 1455 1774 1488 Εὺγένιος
1793 1454 1866 1483 τοὺςῖ
1900 1454 1908 1457 “

1065 1507 1145 1533 νομα,
1165 1499 1306 1534 θαρρήσας
1319 1500 1486 1527 πυνθάνεται
1501 1502 1566 1536 παρ’
1584 1501 1668 1528 αὑτοῦ
1684 1501 1772 1534 λέγων
1785 1509 1792 1516 ·
1810 1501 1856 1536 Μή

222 1552 322 1572 versus
335 1545 517 1578 Christianos,
531 1546 647 1573 accessit
664 1547 711 1574 tibi
728 1547 855 1581 profusus
871 1548 914 1576 hic
928 1549 1009 1581 risus,

1065 1552 1101 1576 τι,
1124 1544 1234 1578 μέγιστε
1255 1544 1416 1580 Εὐστράτιε,
1447 1546 1490 1572 διὰ
1521 1546 1552 1572 τὺ
1577 1547 1779 1582 προστετάχθαι
1804 1546 1856 1573 ὑπὸ

225 1594 257 1618 ut
270 1591 316 1626 qui
331 1599 363 1618 ex
378 1599 410 1618 eo
423 1599 516 1626 speres
528 1592 631 1626 aliquid
645 1592 766 1620 lucrari?
779 1593 836 1620 lioc
851 1602 916 1621 vero
932 1594 1012 1627 dixit,

222 1642 371 1672 propterea
390 1638 460 1673 quo-.l
485 1638 512 1665 in
535 1638 612 1666 illum
635 1646 736 1666 annum
760 1645 832 1667 esset
851 1641 907 1675 ipse
930 1641 1013 1668 Com-

224 1685 432 1713 mentariensis.
446 1685 563 1713 Sanctus
576 1690 667 1713 autem
680 1686 822 1721 respondit
836 1687 992 1714 Eustratius
1004 1695 1012 1714 :

225 1728 311 1756 Recte
325 1729 497 1762 existimasti,
512 1738 528 1756 ο
542 1731 640 1758 amice.
657 1730 743 1766 Spero
756 1732 829 1758 enim
843 1740 892 1767 ego
905 1740 1013 1767 quoque

225 1774 271 1802 die
288 1775 414 1809 sequenti
437 1783 471 1802 ex
495 1775 546 1803 bac
559 1784 589 1804 re
611 1777 741 1811 consequi
779 1778 948 1808 thesaurum.
966 1778 1013 1812 qui

229 1820 333 1847 auferri
356 1827 411 1847 non
433 1825 532 1855 potest.
552 1822 681 1856 Sequenti
707 1831 771 1850 vero
796 1823 838 1850 die
863 1823 967 1858 Lysias,
988 1823 1013 1851 ei

226 1869 320 1893 erecto
333 1866 441 1893 excelso
458 1866 587 1893 tribunali
604 1867 631 1894 in
648 1867 736 1894 media
753 1868 863 1895 civitate
880 1869 906 1895 in
922 1869 1014 1903 signo-

227 1911 321 1944 stasio,
334 1911 416 1947 jussit
430 1919 536 1944 omnes,
550 1913 598 1948 qui
612 1918 690 1941 erant
705 1913 732 1941 in
748 1915 883 1946 custodia,
900 1915 1012 1949 produci

226 1964 257 1986 ut
272 1958 518 1994 interrogarentur.
534 1958 651 1988 Sanctus
666 1962 758 1987 autem
777 1959 931 1988 Eustratius
949 1969 1013 1995 pro-

224 2005 314 2033 fectus
326 2005 356 2032 in
376 2012 526 2039 carcerem,
543 2007 649 2042 rogavit
665 2013 761 2034 omnes
782 2011 898 2039 sanctos,
917 2011 946 2034 ut
964 2014 1013 2041 pro

224 2059 257 2078 co
277 2055 399 2078 orarent.
423 2051 496 2079 Dixit
516 2053 601 2085 enim,
619 2060 648 2081 se
670 2053 717 2080 illo
733 2053 778 2081 die
794 2053 916 2081 futurum
939 2053 1013 2088 paris

224 2097 329 2124 socium
356 2098 526 2125 certaminis.
550 2098 618 2126 Cum
641 2106 737 2127 omnes
760 2104 851 2126 autem
877 2104 1011 2131 orassent,

223 2148 252 2170 et
263 2151 352 2178 genua
375 2143 526 2178 ﬂexissent,
545 2148 574 2172 et
589 2149 742 2172 extremum
760 2145 845 2172 Amen
868 2145 1011 2178 dixissent,

224 2191 312 2218 secuti
326 2196 391 2218 sunt
405 2196 532 2219 sanctum
547 2186 728 2224 Eustratium,
745 2199 808 2219 cum
823 2199 872 2219 eos
887 2195 1013 2219 tenerent

226 2235 340 2265 milites.

1064 1590 1112 1616 τοῦ
1136 1591 1265 1626 ἄρχοντος
1290 1592 1368 1626 ἡμῶν
1382 1592 1596 1628 εὐτρεπισθῆναι
1622 1595 1663 1625 είς
1689 1593 1739 1629 τὴν
1761 1593 1857 1627 αὔριον

1064 1636 1198 1671 δημοσίαν
1227 1638 1341 1673 πρόοδον
1367 1639 1457 1665 πάντα
1490 1641 1523 1666 τὰ
1555 1641 1608 1667 τῶν
1635 1640 1857 1675 βασανιστηρίων

1065 1684 1168 1719 ὄργανα
1181 1685 1253 1711 κατὰ
1262 1685 1317 1711 τῶν
1329 1686 1512 1721 Χριστιανῶν,
1531 1687 1547 1721 ἡ
1561 1687 1673 1722 τοιαύτη
1686 1686 1733 1713 τοῦ
1751 1686 1856 1721 μειδιά-

1066 1739 1149 1764 ματος
1164 1731 1306 1766 φιλοτιμία
1323 1732 1475 1767 προσετέθη
1492 1741 1544 1764 σοι,
1560 1733 1714 1768 κερδαίνειν
1728 1741 1756 1758 τι
1774 1740 1858 1768 προσ-

1064 1774 1177 1801 δοκῶντι
1194 1783 1200 1806 ;
1218 1773 1284 1802 Eine
1304 1776 1332 1802 δὲ
1354 1776 1433 1802 τοῦτο
1448 1777 1492 1804 διὰ
1513 1777 1543 1803 τὸ
1565 1778 1605 1809 εἰς
1621 1779 1726 1804 ἐκεῖνον
1738 1777 1784 1804 τὸν
1800 1772 1857 1804 tut-

1065 1821 1148 1846 αυτὸν
1162 1823 1379 1856 κομενταρήσιον
1398 1823 1478 1849 αὑτὸν
1509 1823 1654 1859 ὑπάρχειν.
1680 1824 1710 1850 '0
1731 1824 1760 1850 δὲ
1779 1824 1856 1857 ἅγιος

1065 1866 1231 1902 Εὑστρατιος
1259 1868 1449 1902 ἁπεκρίνατο·
1478 1869 1578 1899 Καλῶς
1609 1869 1756 1900 ὑπέλαϐες,
1782 1868 1856 1902 φίλε.

1065 1913 1120 1938 Καὶ
1135 1913 1190 1947 γὰρ
1220 1913 1371 1948 ἐκδέχομαι
1392 1914 1577 1950 ἀναφαίρετον
1601 1915 1740 1949 θησαυρὸν
1759 1916 1791 1942 ὲκ
1805 1916 1857 1950 τῆς

1064 1958 1192 1993 τοιαύτης
1218 1959 1314 1993 χρείας
1335 1960 1413 1992 κάγὼ
1429 1962 1462 1995 τῇ
1483 1961 1547 1995 ἑξῆς
1569 1962 1745 1996 πορίσασθαι.
1771 1962 1810 1996 Τῇ
1827 1962 1856 1988 δὲ

1065 2005 1196 2040 ἐπαύριον
1211 2006 1225 2032 ὁ
1241 2006 1355 2037 Λυσίας,
1371 2006 1495 2041 βήματος
1514 2008 1588 2041 αὐτῷ
1604 2008 1734 2041 ἀρθέντος
1753 2004 1855 2043 ὑψηλοῦ

1063 2051 1091 2077 ὲν
1108 2051 1183 2086 μέσῳ
1200 2053 1250 2086 τῆς
1269 2052 1373 2084 πόλεως
1387 2054 1416 2078 ἐν
1432 2053 1472 2087 τῷ
1493 2054 1683 2088 σιγνοστασίῳ,
1705 2055 1856 2090 προσέταξε

1063 2098 1127 2128 τοὺς
1139 2099 1168 2124 ἐν
1184 2099 1216 2132 τῇ
1236 2099 1345 2133 φρουρᾷ
1357 2099 1481 2131 ἅπαντας
1497 2100 1615 2134 ἀχθῆναι
1632 2101 1700 2135 πρὸς
1714 2101 1765 2136 τὴν
1787 2100 1857 2136 ἐρώ-

1063 2152 1154 2179 τησιν.
1179 2144 1211 2171 Ὀ
1233 2144 1261 2170 δὲ
1286 2145 1453 2180 Εὐστράτιος
1482 2146 1609 2173 ἀπελθὼν
1633 2147 1663 2173 ὲν
1688 2148 1721 2181 τῇ
1747 2146 1855 2182 φυλακῇ

1064 2190 1218 2225 παρεκάλει
1233 2191 1338 2223 πάντας
1350 2191 1414 2223 τοὺς
1426 2191 1521 2225 ἁγίους
1533 2192 1660 2228 εὔχεσθαι
1674 2192 1744 2227 ὑπὲρ
1760 2192 1854 2220 αὐτοῦ.

1033 2232 1055 2260 Ι)
1071 2237 1176 2272 Ἕφησε
1194 2237 1249 2272 γὰρ
1274 2239 1321 2264 καὶ
1343 2238 1423 2270 αὐτὸς
1448 2239 1509 2265 κατ’
1538 2238 1647 2273 ἐκείνην
1673 2239 1722 2274 τὴν
1749 2239 1856 2274 ἡμέραν

227 2283 354 2318 μετέχειν
377 2284 424 2311 τοῦ
450 2285 508 2312 ῐσου
539 2284 634 2316 αὐτοῖς
654 2277 772 2318 ἀγῶνος.
796 2283 852 2311 Καὶ
873 2282 1016 2318 εὐξάμενοι
1036 2284 1149 2316 πάντες,
1179 2283 1228 2310 καὶ
1243 2285 1408 2319 ποιήσαντες
1437 2284 1622 2319 γονυκλισίαν,
1636 2285 1684 2312 καί
1698 2285 1856 2318 τελέσαντες

226 2329 257 2356 τὸ
281 2329 379 2366 Ἀμὴν,
391 2331 580 2366 ἠκολούθησαν
591 2329 630 2365 τῷ
645 2330 715 2364 ἁγίῳ
732 2329 901 2365 Εὑστρατιῳ,
925 2330 1105 2366 κατεχόμενοι
1123 2330 1175 2357 ὑπὸ
1191 2330 1246 2357 τὼν
1259 2331 1445 2366 στρατιωτῶν.

261 2379 305 2406 Vl.
324 2379 391 2406 Cum
416 2384 507 2406 autem
531 2378 640 2409 cohors,
660 2382 689 2405 ut
709 2381 902 2409 consueverat,
926 2377 1014 2405 adsti-

225 2427 305 2453 tisset
321 2429 384 2453 ante
398 2425 532 2460 judicem,
548 2424 631 2459 jussit
647 2423 740 2459 Lysias
757 2423 897 2458 sigillatim
913 2424 1012 2452 adduci

225 2473 258 2500 ad
274 2479 353 2499 suum
368 2471 488 2498 tribunal
499 2477 556 2502 eos,
570 2471 616 2504 qui
630 2469 706 2504 prius
722 2470 827 2497 fuerant
842 2470 1012 2506 interrogati.

226 2520 381 2546 i'lttstratius
402 2517 472 2545 dixit
487 2516 748 2544 Commentariensis
770 2525 777 2542 :
798 2517 910 2544 Litteris
927 2518 1014 2552 impe-

226 2565 337 2593 ratoriis
359 2565 446 2599 pridie
460 2570 556 2590 rursus
573 2562 650 2590 lcetis
666 2563 692 2589 in
715 2563 832 2598 judicio,
845 2571 906 2598 quae
920 2564 1014 2592 decer-

228 2611 342 2641 nebant,
357 2616 386 2637 ut
415 2617 510 2637 omnes
524 2609 569 2643 qui
588 2608 689 2644 ubique
709 2610 919 2638 inveniebantur
934 2610 1015 2638 ειη-ἰ»

226 2663 251 2684 at
265 2657 321 2688 sui,
338 2656 528 2690 cujuscunque
551 2660 645 2683 essent
667 2656 818 2689 dignitatis,
836 2656 942 2691 judicio
967 2660 1013 2683 tuo

226 2703 440 2738 subjicerentur,
465 2702 634 2735 Auxentius,
659 2703 705 2738 qui
733 2703 796 2730 olim
823 2702 933 2737 quidem
963 2702 1014 2729 fuit

226 2748 324 2783 opibus
346 2753 373 2775 et
396 2748 450 2775 vita
474 2753 534 2776 acta
558 2748 681 2784 insignis,
708 2748 848 2783 probator
875 2751 967 2775 autem
987 2753 1015 2774 et

226 2795 350 2822 ornatior
368 2802 401 2822 ex
417 2802 447 2822 ea
466 2802 526 2830 quae
546 2803 619 2823 nunc
643 2795 667 2823 ei
686 2795 795 2822 inventa
813 2799 855 2822 est
873 2794 1013 2829 generosi—

227 2846 282 2867 tate
296 2845 322 2867 ct
341 2840 423 2867 animi
442 2840 614 2872 fortitudine,
628 2846 659 2868 ut
675 2841 721 2875 qui
739 2841 774 2868 sit
795 2848 892 2868 servus
912 2839 1013 2867 Christi

228 2887 307 2923 Regis
323 2887 450 2920 caelestis,
467 2887 562 2923 paucis
580 2888 622 2914 liis
637 2894 699 2916 ante
720 2888 816 2915 diebus
839 2888 968 2914 assistens
986 2887 1012 2913 in

1104 2378 1152 2411 q'.
1172 2376 1229 2411 Τῆς
1244 2378 1271 2404 δὲ
1286 2378 1390 2409 τάξεως
1401 2378 1472 2405 κατὰ
1486 2378 1535 2413 τὴν
1551 2379 1680 2406 εἰωθυῖαν
1696 2379 1856 2406 ἀκολουθίαν

1068 2423 1252 2458 παραστὰσης
1271 2423 1311 2457 τῷ
1336 2421 1483 2455 δικάζοντι,
1501 2424 1515 2449 ὁ
1529 2423 1632 2454 Λυσίας
1655 2423 1782 2458 πρώτους
1804 2423 1855 2458 ἤδη

1068 2469 1116 2495 καὶ
1130 2468 1241 2504 πρώτην
1266 2468 1401 2503 ἐρώτησιν
1422 2467 1596 2502 δεξαμένους.
1620 2469 1786 2504 Εὑστράτιος
1803 2469 1857 2496 Κο-

1070 2517 1251 2551 μινταρήσιος
1263 2513 1340 2542 εἶπεν
1355 2521 1362 2530 ⁸
1379 2515 1523 2542 Συλλαϐῶν
1540 2515 1688 2550 βασιλικῶν
1702 2514 1781 2547 αὖθις
1792 2516 1856 2541 ἀνα-

1069 2562 1242 2595 γνωσθεισῶν
1253 2563 1286 2596 τῇ
1301 2561 1452 2597 προτεραίᾳ,
1467 2562 1512 2588 ἐπὶ
1529 2562 1575 2588 τοῦ
1593 2562 1785 2596 δεκαστηρίου,
1801 2561 1855 2587 τῶν

1069 2607 1256 2640 θεσπιζουσῶν
1265 2609 1328 2639 τοὺς
1339 2609 1481 2643 ἁπανταχῇ
1497 2609 1707 2643 εὑρισκομένους
1723 2609 1854 2642 Χριστια-

1069 2655 1131 2686 νοὺς
1145 2655 1250 2686 πάντας
1263 2655 1323 2686 οἵας
1343 2655 1479 2690 δηποτοῡν
1501 2655 1579 2688 ἀξίας
1598 2655 1772 2690 ὑπάρχοντας
1793 2655 1856 2682 συλ-

1067 2701 1219 2737 ληφθέντας
1243 2702 1276 2736 τῇ
1302 2703 1334 2736 σῇ
1366 2701 1522 2735 ὑπαχθῆναι
1546 2701 1646 2736 κρίσει,
1674 2702 1819 2733 Abiit-ivno:
1838 2703 1853 2728 6

1067 2749 1150 2775 πάλαι
1170 2748 1220 2783 μὲν
1234 2747 1386 2782 περιφανὴς
1399 2747 1468 2782 τύχῃ
1485 2749 1532 2774 καὶ
1548 2747 1681 2782 πολιτεία,
1700 2748 1852 2783 εὐδοκιμώ-

1066 2794 1145 2829 τερός
1164 2803 1194 2820 τε.
1217 2795 1265 2821 καὶ
1290 2793 1474 2829 κοσμιώτερος
1497 2795 1528 2820 ὲκ
1553 2794 1602 2829 τῆς
1618 2794 1677 2820 νυνὶ
1694 2793 1853 2829 εὑρεθείσης

1067 2841 1140 2875 αὐτῷ
1165 2842 1366 2876 γενναιότητος,
1394 2841 1442 2867 ἅτε
1466 2841 1513 2867 τοῦ
1533 2840 1695 2876 ἐπουρανίου
1719 2840 1851 2876 βασιλξως

1068 2888 1185 2922 Χριστοῦ
1209 2887 1300 2918 δοῦλος
1323 2886 1465 2921 ὑπάρχων,
1482 2886 1534 2921 πρὸ
1547 2885 1647 2920 ὀλίγων
1661 2886 1765 2913 τούτων
1781 2886 1851 2919 ἡμε-
