2086 3153
174 159 226 191 Ui

584 165 818 197 MARTYRIUM
838 168 868 197 S.
889 168 1098 200 EUSTRATII
1121 171 1169 200 ET
1187 171 1394 203 SUClORUM.

1742 174 1794 208 474

176 216 232 250 ρῶν
255 215 402 252 παραστὰς
423 216 472 242 ἐπὶ
490 216 536 243 τοῦ
562 217 686 253 βήματος
709 220 817 253 τούτου,
840 222 887 248 τὸν
910 223 959 258 τῆς

1011 225 1063 251 hoc
1086 225 1226 257 tribunali,
1252 228 1383 261 transegit
1408 232 1546 255 certamen
1571 228 1793 262 immortalitatis,

174 261 326 293 ἀθανασίας
350 261 492 296 διήθλησεν
510 263 615 296 ἀγῶνα,
634 264 683 299 τήν
705 265 764 300 σὴν,
787 264 810 293 ὦ
833 268 957 301 δικαστὰ,

174 307 308 342 ἀθεότητα
322 308 444 340 ἐλέγξας,
461 310 541 345 σοφία
552 310 648 346 λόγων,
661 313 709 338 καὶ
721 314 843 349 ὑπομονῇ
859 314 958 350 ἔργων,

174 354 223 380 καὶ
249 354 364 389 ἐπείπερ
390 355 445 381 ἀπὺ
470 355 519 390 τῆς
543 358 604 384 τότε
630 359 737 393 ἡμέρας
764 361 958 395 κατειρχθέντςι

175 398 255 425 αὐτὸν
268 400 296 424 ὲν
313 399 432 434 δημοσίᾳ
449 400 556 436 φυλακῇ
574 403 743 437 προσέταξας
757 405 877 439 τήμερον
900 406 959 440 ἅμα

174 444 205 478 τῇ
224 444 340 480 συνούσῃ
351 445 423 479 αὐτῷ
440 446 505 481 ἁγίᾳ
522 448 630 483 συνοδίᾳ
645 447 722 480 αὖθις
738 450 784 475 ἐπὶ
801 451 850 485 τὴν
865 450 959 481 ἐξέτα-

176 498 216 516 σιν
237 491 362 524 ἀχθῆναι,
378 492 525 526 ἑστήκασιν
538 494 656 526 ἅπαντες
672 496 730 529 ἅμα
754 497 827 530 ἐμοὶ,
842 497 958 532 ἀνδρείῳ

174 536 220 562 καὶ
239 536 445 573 ρωμαλεωτέρῳ
464 538 503 571 τῷ
529 541 683 575 φρονήματι
697 541 744 572 τὰς
761 542 811 572 σὰς
835 543 959 577 μηχανὰς

153 589 159 630 ᾖ
174 581 222 612 τὰς
234 581 287 607 ὑπὸ
300 582 346 608 τοῦ
354 584 527 630 ξατρόςλσου
541 585 587 611 τοῦ
599 586 721 613 διαϐόλου
736 587 958 623 ὐποεαλλομένας

175 633 214 650 σοι
235 626 413 660 καταισχῦναι
437 628 484 654 καὶ
503 629 650 665 ἀφανισμῷ
672 632 767 667 τελείῳ
792 633 958 667 πιραδοῧνιι

173 671 336 705 ὀᾳεῐλοντες.
354 673 446 700 Ταῦτα
462 675 580 707 ἀκούσας
596 677 610 702 ὁ
622 678 733 710 Λυσίας,
746 680 792 705 καὶ
807 681 838 713 τῇ
854 680 958 714 ἀπροσ-

158 715 279 769 ὶδοκήτῳ
296 717 382 769 tati-1!}
404 721 545 756 παρρησίᾳ
571 722 618 748 τοῦ
645 723 741 757 άνδρὶς
763 724 958 759 ἐκθαμϐηθεῖς,

159 763 256 797 τφοιιίῳ
271 772 299 789 τε
318 764 357 798 τῷ
371 765 474 799 ὄμματι
491 767 590 801 βλέψας
605 769 645 799 είς
668 769 750 795 αὑτὸν
772 770 820 796 καὶ
840 771 895 796 ἀπὸ
911 780 961 797 κα-

173 809 294 835 τωτάτου
317 811 431 845 στήθους
447 813 599 847 στεναγμὸν
623 815 654 841 ἐκ
679 815 728 850 τῆς
751 816 858 849 ὀργίλου
875 816 958 843 αὐτοῦ

174 855 260 890 ψυχῆς
274 857 449 892 ἀναπέμψας,
464 859 609 895 ἐϐρόντησε
621 863 653 895 τῇ
667 863 741 895 φωνῇ
756 862 842 895 λέγων
854 863 938 894 οὕτως
950 871 956 878 ·

174 902 285 936 Φαιδρόν
301 912 344 937 μοι
362 904 410 939 τὴν
424 906 544 941 τήμερον
559 907 597 938 ὡς
612 907 642 933 οὺ
658 908 766 934 πώποτε
782 909 812 935 τὸ
828 909 958 944 δικαστή-
973 899 996 928 Β

176 957 232 983 ρεον
247 950 378 985 κατέστη,
396 952 444 977 καὶ
458 953 508 986 τῆς
533 953 662 989 πατρῴας
685 955 844 989 Ἑλληνικῆς
860 957 960 990 αὐστη-

176 994 234 1028 ρίας
248 995 477 1031 πεπληρωμένον,
495 999 608 1034 ῥήτοράς
625 1008 669 1034 μοι
684 1000 731 1026 τοῦ
755 1001 851 1034 δημίου
866 1001 959 1027 τούτου

174 1040 220 1066 καὶ
237 1040 379 1076 ἀλιτηρίου
398 1045 593 1078 προκειμένου.
617 1046 742 1080 Ἀρθήτω
763 1047 827 1079 γοῦν
848 1048 862 1073 ὁ
876 1048 962 1078 ἑστὼς

174 1087 221 1122 τῆς
235 1090 427 1124 περικτιμένης
442 1090 517 1124 αὐτῷ
540 1091 653 1125 χλαίνης
668 1092 714 1118 καὶ
738 1092 835 1126 ζώνης,
861 1093 909 1119 καὶ
929 1094 960 1120 ὲκ

174 1134 275 1162 τούτων
301 1136 355 1161 τῶν
380 1137 502 1170 σημεῖων
524 1138 655 1164 δεικνύτω
684 1139 779 1164 ὲαυτδν
808 1139 881 1170 ξένον
905 1141 960 1171 τοῖς

174 1182 241 1208 πᾶσι
255 1182 304 1216 τῆς
317 1183 472 1217 προσούσης
487 1184 558 1217 αὑτῷ
575 1184 638 1218 ἄχρι
653 1185 703 1219 τῆς
716 1185 796 1219 δεῦρο
807 1186 961 1218 στρατείας,

173 1228 267 1262 χεῖρας
287 1228 333 1253 καὶ
348 1229 430 1259 πόδας
447 1229 608 1263 ἠπλωμὲνος
622 1230 650 1256 ἐν
668 1232 701 1266 τῇ
717 1232 763 1266 γῇ,
787 1231 891 1266 ὲχέτθω
908 1232 955 1266 τῆς

210 1271 247 1299 Ζ’.
267 1273 367 1300 Τούτου
383 1275 409 1300 δὲ
425 1276 494 1309 μετὰ
513 1276 612 1302 πολλοῦ
628 1278 675 1302 τοῦ
690 1277 787 1312 τάχους
802 1278 958 1312 γενομένου,

174 1318 188 1344 ὁ
204 1318 266 1351 δοὺξ
286 1317 362 1345 εἶπεν
374 1328 381 1335 ⁸
397 1321 499 1354 Μηδείς
516 1330 556 1348 σοι
584 1323 747 1357 μετάμελος,
763 1322 785 1351 ὦ
799 1325 959 1360 Εὑστράτιε,

173 1365 219 1390 ἐπὶ
243 1367 300 1396 τοῖς
316 1366 446 1401 ὀλεθρίως
470 1376 511 1394 σοι
533 1369 715 1403 ἐναρχθεῖσιν,
738 1370 780 1397 ἵνα
796 1371 870 1404 ἅπαξ
891 1371 961 1397 ἁπο-

176 1410 263 1446 φὺγῃς
278 1414 311 1447 τῇ
328 1413 466 1449 προσούσῃ
480 1423 525 1447 μοι
539 1415 732 1451 φιλανθρωπίᾳ
743 1417 792 1452 τήν
808 1417 958 1451 τιμωρίαν;

174 1457 243 1484 ἀλλὰ
269 1459 449 1493 προοιμιάζου
469 1462 516 1487 καὶ
532 1462 596 1496 λέγε
612 1463 663 1498 πρὸ
688 1464 741 1489 τῶν
767 1464 892 1498 βασάνων
912 1465 960 1491 σὺν

175 1504 211 1536 cf:
229 1504 349 1539 πατρῴῳ
364 1506 476 1540 ὀνόματι
495 1508 540 1533 καὶ
568 1507 616 1542 τὴν
640 1509 838 1543 ἑνεγκαμὲνην,
856 1512 903 1536 καὶ
916 1510 960 1536 τὸν

176 1551 321 1584 καινιπμὶν
336 1552 385 1586 τῆς
406 1552 593 1588 λανθανούσης
616 1555 645 1580 ὲν
664 1556 703 1581 σοὶ
722 1556 872 1590 θρησκείας
887 1557 959 1591 μάλα

176 1597 326 1631 σαφήνισον
344 1599 418 1632 ἡμῖν.
450 1599 480 1625 Ὀ
503 1599 581 1633 ἂγιος
603 1601 768 1635 Εὐστρὰτιος
790 1600 885 1629 είπεν⁶
916 1587 996 1629 ‘Ezc

175 1643 224 1678 τῆς
246 1644 458 1679 Ἀραυρακηνῶν
480 1645 615 1680 ὥρμημαι
635 1647 773 1682 πολίχνης,
797 1647 963 1682 Εὑστράτιος

176 1689 314 1724 τοῦνομα,
340 1690 492 1725 Κυρισίκης
521 1692 571 1726 τὴν
598 1693 765 1727 ἐπωνυμίαν,
788 1695 820 1729 τῇ
850 1694 963 1729 πατρῴᾳ.

174 1736 318 1771 διαλέκτῳ,
340 1736 430 1768 δοῦλος
444 1737 471 1763 δὲ
488 1738 604 1773 ὑπάρχω
619 1739 665 1765 τοῦ
680 1740 816 1767 Δεσπότου
829 1741 882 1767 τῶν
895 1741 963 1767 ὅλων

176 1783 255 1816 Θεοῦ,
274 1784 321 1810 καὶ
340 1785 386 1810 τ,ὗ
401 1785 589 1820 προσκυνητοῦ
605 1786 669 1813 Υίοῦ
687 1787 770 1814 αὑτοῦ
789 1788 876 1823 Ἰησοῦ
897 1789 963 1823 Χρι-

176 1829 253 1862 στοῦ,
285 1830 331 1856 καὶ
358 1830 403 1856 τοῦ
429 1831 506 1864 ἁγίου
531 1831 708 1865 Πνεύματος·
737 1833 770 1860 ὲκ
799 1834 963 1869 σπαργάνων

178 1876 319 1910 μητρικῶν
342 1877 421 1903 τοῦτο
435 1877 465 1903 τὸ
489 1878 568 1910 σέϐας
586 1878 720 1913 διδαχθεὶς
744 1881 901 1915 προσκυνῶ.
933 1881 963 1907 ’0

175 1921 237 1954 ἱοὶιξ
254 1919 330 1948 εἶπεν
347 1931 353 1938 ’
372 1923 567 1951 Κατατιθέσθω
582 1925 598 1959 ὴ
624 1925 710 1957 τάξις,
728 1926 812 1952 πόσον
831 1925 889 1957 ῐτος
905 1926 964 1953 δια-

177 1967 234 1993 νύει
255 1964 331 1998 οὗτος
350 1969 378 1993 ἐν
397 1970 429 2003 τῇ
447 1970 575 2003 στρατείᾳ
588 1970 694 2006 ταύτῃ;
715 1971 748 1996 Ἣ
769 1971 846 2002 τάξις
866 1969 962 1998 εἶπεν

176 2014 305 2040 Εἱκοστὸν
324 2014 439 2048 ἕϐδομον
464 2015 523 2045 ἔτος
554 2015 703 2050 πληροῦται
728 2018 757 2043 ἐν
785 2017 823 2051 τῷ
849 2018 962 2052 παρόντι

176 2059 303 2094 ἐνιαυτῷ,
321 2061 368 2093 ἀφ’
384 2056 414 2086 οὗ
437 2061 535 2096 χρόνον
557 2062 653 2095 μικρὸς
668 2061 705 2088 ὢν
720 2062 760 2088 ἔτι
777 2062 826 2098 τὴν
843 2063 963 2098 ἡλικίαν,

175 2105 225 2140 τὴν
251 2106 297 2132 τοῦ
327 2106 511 2140 ὲκσκέπτορος
535 2107 679 2142 ἐπλήρωσε
710 2109 814 2143 χρείαν.
846 2108 875 2135 ’0
901 2109 963 2142 δοὺξ

175 2149 272 2177 εἶπεν·
295 2151 352 2177 Νῦν
373 2152 453 2186 ὁρῶν,
480 2149 502 2178 ὦ
526 2152 686 2187 Εὐστράτιε.
706 2154 752 2181 τὸν
774 2154 964 2189 ἐπηρτημένον

176 2195 207 2228 ἐξ
233 2196 375 2228 ἀπειθείας
403 2206 444 2224 σοι
462 2198 592 2231 κίνδυνον,
615 2199 662 2225 καὶ
677 2199 836 2234 ἀνασφήλας
859 2201 891 2227 sx
914 2201 964 2235 τῆς

176 2242 383 2276 προσπεσοὺνης
414 2251 455 2269 σοι
484 2243 591 2277 μανίας,
624 2243 743 2279 σώφρονι
771 2244 811 2280 τῷ
841 2245 962 2281 λογισμῷ
978 2263 1001 2291 D

176 2288 360 2322 χρησάμενος,
376 2288 413 2324 μὴ
428 2289 580 2325 καταλίπῃς
602 2289 652 2324 τὴν
674 2291 703 2316 ἐν
717 2291 853 2322 τοσούτοις
870 2291 961 2319 ἔτεσιν

176 2332 314 2363 εὐτάκτως
330 2341 370 2359 σοι
387 2333 568 2368 συναχθεῖσαν
584 2334 739 2369 στρατείαν,
756 2334 823 2369 τὴν.
830 2335 893 2363 ἵλεω
907 2337 961 2364 τῶν

176 2377 247 2405 θεῶν
271 2378 387 2413 δύναμιν
410 2380 645 2415 ἐπικαλεσάμενος
673 2383 720 2408 καὶ
746 2381 795 2417 τὴν
819 2383 962 2417 εὐμένειαν

174 2424 229 2452 τῶν
252 2426 436 2460 κρατούντων,
462 2428 510 2454 καὶ
535 2428 584 2463 τὴν
599 2428 646 2455 τοῦ
663 2428 838 2463 δικαστηρίου
869 2430 963 2463 φιλαν-

175 2472 310 2507 θρωπίαν.
351 2473 380 2499 Ὀ
407 2474 483 2507 ἅγιος
516 2475 679 2510 Εὑστράτιος
704 2474 802 2502 εἷπενθ
829 2477 961 2511 Δαῖμοτιν

174 2518 326 2552 ἁλιτηρίτις
339 2519 385 2544 καὶ
398 2521 501 2553 κωφοῖς
515 2520 620 2553 ξράνοις
636 2522 688 2548 ὑπὸ
703 2522 855 2557 ἀνθρώπων
876 2532 960 2550 κατα-

175 2564 368 2591 σκευασθεῖσιν
394 2564 482 2596 οὐδεὶς
512 2565 622 2592 πώποτε
648 2567 799 2602 ἀνθρώπων
830 2569 959 2603 λογισμοῦ

175 2610 270 2643 κύριος
282 2610 320 2636 ὢν
334 2612 498 2644 προσκυνεῖν
520 2611 690 2646 προστάττει.
707 2614 821 2649 Είρηται
840 2616 893 2649 γάρ
907 2624 958 2642 που

175 2654 206 2681 ιν
219 2656 278 2685 ταῖς
293 2656 358 2690 παρ’
378 2656 443 2690 ἡμῖν
462 2655 546 2687 θείαις
569 2656 691 2690 Γραφαῖς
707 2666 714 2673 “
738 2668 747 2685 ι
763 2660 835 2691 Θεοί,
864 2661 889 2687 οἳ
915 2660 961 2688 τὸν

175 2700 290 2735 οὐρανὸν
309 2702 357 2728 καὶ
369 2702 419 2737 τὴν
434 2703 484 2737 γῆν
499 2703 547 2729 οὐκ
561 2704 701 2738 ἐποίησιν,
724 2705 927 2735 ἁπολέσθωσαν.
949 2717 958 2733 ι

182 2746 212 2772 ’0
227 2747 290 2779 δοίιξ
308 2745 386 2775 εἶπεν
397 2756 404 2763 ’
432 2748 512 2775 Ἀλλὰ
531 2749 657 2784 ἀνέχεται
673 2750 813 2784 ἄνθρωπος
828 2751 960 2787 λογισμοῦ

178 2792 272 2828 κύριος
309 2794 509 2831 ὲσταυρωμένῳ
547 2795 725 2831 προσανέχειν
755 2796 834 2831 θεῷ,
867 2797 961 2833 ὥσπερ

217 2884 224 2900 ³
241 2884 343 2913 Jercm.
364 2893 391 2917 x.
406 2885 447 2913 ll.

1012 275 1096 302 tuam,
1112 279 1129 297 ο
1144 272 1237 305 judex.
1254 280 1372 307 arguens
1394 274 1570 308 impietatem,
1590 276 1736 303 verborum
1752 284 1794 303 sa~

1011 316 1113 351 pientis
1135 321 1162 343 et
1185 325 1299 350 operum
1320 318 1463 345 tolerantia
1485 323 1533 345 :et
1554 321 1682 353 quoniam
1698 321 1732 348 ab
1747 322 1794 348 illo

1010 362 1054 388 die
1065 370 1126 389 eum
1141 362 1275 389 inclusum
1289 362 1315 389 in
1326 363 1432 397 publica
1443 364 1565 391 custodia
1576 365 1679 399 jussisti
1693 367 1791 394 adduci

1011 408 1092 435 hodie
1115 408 1325 435 examinandum
1342 416 1404 436 cum
1426 414 1509 440 cmtu.
1527 410 1573 444 qui
1597 418 1659 437 cum
1675 419 1707 438 eo
1723 418 1793 444 erat.

1010 460 1083 481 stant
1106 462 1212 482 mecum
1234 463 1330 482 omnes
1352 455 1415 482 lorti
1438 461 1465 482 et
1488 456 1602 484 robusto
1615 457 1718 489 animo.
1735 462 1795 486 tuas

1011 501 1162 531 machinas,
1182 509 1241 535 qua:
1256 509 1270 527 a
1287 506 1362 535 patre
1385 507 1433 529 tuo
1451 502 1559 529 diabolo
1584 507 1649 531 sunt
1666 503 1714 530 tibi
1729 511 1794 538 sug-

1010 551 1101 582 gesta.
1117 547 1251 574 dedecore
1265 547 1402 578 aﬂ‘ecturi,
1426 553 1454 575 et
1468 549 1581 576 omnino
1599 550 1727 577 deleturi.
1747 550 1794 577 llis

1011 592 1112 618 auditis
1137 590 1250 627 Lysias,
1275 592 1345 619 hanc
1371 592 1536 628 inopinatam
1564 594 1615 621 viri
1643 595 1794 622 admiratus

1011 638 1177 671 libertatem,
1199 643 1227 665 et
1249 639 1350 666 caedem
1372 641 1539 675 spirantibus
1560 642 1647 668 oculis
1669 649 1730 669 eum
1750 642 1794 669 in-

1013 683 1114 716 tuitus,
1140 692 1174 710 cx
1197 684 1253 712 imo
1277 690 1386 719 pectore
1409 692 1437 713 et
1463 687 1594 714 iracundo
1620 687 1678 722 ejus
1702 688 1794 715 animo

1010 730 1111 757 emisso
1126 730 1254 764 suspirio,
1277 738 1344 758 voce
1362 732 1491 763 intonuit,
1513 733 1553 759 sic
1583 733 1677 760 dicens
1691 742 1698 760 :
1711 733 1795 760 Acer-

1012 774 1074 801 bius
1098 775 1176 805 mihi,
1197 784 1279 810 qualn
1293 784 1413 811 unquam
1428 782 1519 809 antea,
1533 778 1636 805 exstitit
1656 778 1707 806 hoc
1722 779 1796 813 judi-

1011 819 1096 850 cium.
1108 825 1135 847 ct
1146 820 1237 847 Grzeca
1252 822 1338 855 patria
1350 823 1511 850 austeritate
1525 825 1670 858 repletum,
1684 829 1794 852 oratore

1013 864 1079 891 mihi
1096 866 1235 899 proposito
1253 867 1385 893 scelerato
1403 868 1454 894 hoc
1471 868 1609 895 carniﬁce.
1625 869 1665 896 Ab
1680 877 1714 896 eo
1729 877 1794 905 ergo

1010 914 1098 937 stante
1124 912 1245 945 tollatur,
1259 920 1312 947 qua
1330 913 1442 940 indutus
1467 918 1518 947 est,
1535 915 1601 942 lrcna
1618 920 1643 942 et
1660 923 1727 942 zona
1746 925 1752 943 :
1768 921 1796 944 et

1009 964 1041 983 ex
1055 957 1097 983 his
1121 958 1205 993 signis
1227 959 1353 985 ostendat
1377 960 1516 993 omnibus,
1534 969 1563 988 se
1577 961 1696 988 alienum
1714 962 1749 989 ab
1764 969 1795 989 ea

1009 1010 1070 1036 qua:
1083 1002 1115 1029 ad
1131 1003 1218 1036 ipsum
1232 1004 1387 1037 pertinebat
1404 1005 1556 1039 hucusque,
1571 1007 1680 1033 militia.
1693 1007 1796 1034 Deinde

1010 1049 1101 1076 nudus
1121 1052 1253 1083 corpore'.
1280 1051 1446 1087 funibusque
1470 1053 1597 1087 expansis
1621 1054 1748 1081 manibus
1768 1057 1796 1081 et

1010 1095 1136 1128 pedibus,
1153 1097 1227 1123 humi
1244 1102 1383 1131 extensus,
1407 1103 1501 1133 pergat
1523 1099 1636 1134 exsequi
1656 1107 1727 1132 eam,
1742 1106 1797 1134 qua

1011 1148 1040 1167 se
1056 1140 1187 1173 defendit,
1206 1143 1377 1170 concionem.

979 1184 1030 1212 εἴθ’
1051 1187 1134 1220 οὕτω,
1169 1188 1272 1222 γυμνὸς
1296 1189 1336 1223 τῷ
1359 1189 1476 1224 σώματι,
1515 1190 1641 1224 σχοινίοις
1660 1191 1796 1223 διαταοεὶς

976 1232 1180 1267 δορυφορούσης
1191 1234 1272 1260 αὑτὸν
1286 1235 1466 1270 δημηγορίας.

1047 1279 1104 1307 ἫΙ.
1131 1279 1187 1306 Hoc
1209 1286 1299 1306 autem
1325 1280 1398 1308 facto
1421 1282 1538 1308 maxima
1562 1282 1712 1315 celeritate,
1729 1284 1798 1312 dixit

1010 1326 1065 1353 dux
1083 1336 1089 1353 :
1105 1326 1196 1359 Nulla,
1212 1335 1229 1353 ο
1246 1327 1378 1359 Eustrati,
1396 1327 1505 1354 duceris
1524 1329 1684 1362 poenitentia
1702 1329 1737 1356 ob
1752 1337 1796 1362 ea,

1010 1381 1071 1408 quae
1086 1381 1101 1400 a
1116 1379 1141 1400 te
1157 1378 1221 1400 sunt
1236 1373 1361 1400 inchoata
1370 1373 1532 1407 perniciose.
1546 1379 1577 1400 ut
1591 1382 1652 1409 qua:
1667 1375 1734 1401 mihi
1751 1375 1794 1401 in-

1011 1424 1052 1447 est
1067 1420 1226 1451 clementia,
1249 1420 1364 1454 elIugias
1384 1420 1569 1455 supplicium?
1588 1422 1635 1448 sed
1659 1420 1797 1453 exordire,

1013 1470 1042 1493 et
1064 1466 1108 1493 (lic
1131 1470 1195 1493 ante
1213 1471 1360 1498 tormenta.
1383 1473 1446 1493 cum
1471 1470 1517 1492 tuo
1541 1466 1662 1497 nomine,
1680 1466 1797 1500 patriam

1013 1520 1122 1546 quoque
1135 1520 1194 1546 quae
1208 1517 1232 1538 te
1246 1512 1309 1539 tulit
1325 1522 1332 1539 :
1347 1517 1374 1539 et
1389 1513 1462 1546 aperi
1480 1512 1560 1539 nobis
1573 1513 1723 1539 novitatem
1739 1514 1798 1547 ejus

1013 1565 1073 1592 qum
1089 1558 1115 1584 in
1136 1562 1161 1584 te
1180 1557 1281 1584 latebat
1297 1558 1446 1592 religionis.
1468 1558 1540 1584 Dixit
1559 1563 1670 1585 sanctus
1687 1558 1799 1585 Eustra—

1014 1602 1067 1629 tius
1090 1611 1098 1630 :
1114 1602 1198 1629 Natus
1217 1610 1276 1629 sum
1296 1603 1323 1630 in
1339 1603 1469 1638 oppidulo
1484 1603 1736 1635 Arauracenorum,
1747 1611 1797 1630 no-

1013 1648 1087 1675 mine
1104 1649 1266 1680 liustratius,
1284 1649 1444 1683 cognomine
1460 1649 1596 1683 Cyrisices
1613 1654 1724 1684 paterno
1740 1656 1799 1676 ser—

1014 1702 1103 1722 mone.
1118 1695 1182 1720 Sum
1195 1700 1284 1721 autem
1298 1702 1392 1722 servus
1403 1694 1461 1725 Dei,
1474 1695 1580 1721 Domini
1593 1695 1797 1726 universorum.

1013 1743 1040 1765 et
1050 1739 1181 1766 adorandi
1193 1740 1253 1774 ejus
1264 1740 1324 1766 Filii
1335 1739 1398 1766 Jesu
1408 1739 1524 1771 Christi,
1533 1744 1561 1766 et
1570 1740 1656 1766 sancti
1667 1738 1797 1775 Spiritus.

1012 1785 1051 1812 Ex
1066 1785 1199 1812 maternis
1215 1785 1306 1812 fasciis
1324 1785 1420 1815 didici.
1438 1793 1520 1820 quam
1535 1785 1608 1818 colo,
1624 1785 1797 1820 religionem.

1013 1831 1071 1858 Dux
1085 1831 1153 1857 dixit
1168 1838 1174 1856 :
1196 1831 1318 1865 Deponat
1342 1831 1461 1864 cohors,
1480 1835 1547 1865 quot
1563 1839 1650 1858 annos
1667 1831 1798 1866 transegit

1012 1877 1040 1903 in
1058 1876 1109 1903 hac
1125 1876 1241 1903 militia?
1259 1876 1365 1904 Cohors
1382 1877 1450 1904 dixit
1467 1885 1474 1904 :
1492 1877 1643 1905 Vicesimus
1665 1878 1798 1912 septimus

1012 1930 1101 1950 annus
1110 1922 1263 1956 completur
1274 1923 1326 1950 hoc
1336 1931 1420 1955 anno,
1429 1930 1462 1950 cx
1472 1930 1538 1957 quo,
1550 1931 1612 1950 cum
1624 1927 1696 1950 esset
1707 1923 1798 1950 adhuc

1012 1976 1114 2003 parrus
1130 1973 1220 2001 mtate,
1237 1969 1348 1996 functus
1364 1974 1406 1996 est
1425 1976 1539 1996 munere
1556 1968 1721 2003 cxceptoris.
1740 1969 1798 1995 Dux

1013 2015 1101 2041 dixit:
1118 2014 1205 2045 Nunc,
1224 2023 1240 2040 ο
1255 2015 1385 2045 Eustrati.
1402 2015 1498 2042 videns
1521 2015 1593 2049 quod
1619 2022 1650 2041 ex
1676 2018 1721 2041 tua
1737 2014 1799 2041 ino-

1013 2061 1150 2089 bedientia
1166 2061 1214 2087 tibi
1229 2061 1351 2087 imminet
1367 2061 1529 2095 periculum,
1542 2065 1569 2086 et
1584 2060 1750 2094 resipiscens
1764 2067 1797 2086 ex

1012 2115 1056 2140 eo,
1080 2108 1126 2142 qui
1151 2107 1199 2135 tibi
1223 2107 1323 2134 accidit
1346 2107 1452 2139 furore,
1475 2106 1591 2142 sapienti
1615 2113 1695 2133 utens
1714 2107 1798 2134 ratio-

1014 2154 1164 2187 cinatione,
1181 2162 1216 2181 ne
1241 2154 1381 2188 relinquas
1399 2161 1459 2181 eam
1484 2161 1545 2188 quae
1569 2161 1583 2180 a
1607 2158 1633 2179 te
1655 2157 1695 2180 tot
1718 2153 1798 2180 annis

1013 2205 1087 2228 recte
1109 2204 1137 2227 et
1158 2200 1256 2227 ordine
1273 2204 1349 2235 gesta
1362 2203 1404 2227 est
1418 2199 1553 2231 militiam,
1570 2198 1716 2234 propitiam
1732 2198 1798 2226 deo-

1013 2254 1073 2274 rum
1094 2238 1226 2275 invocans
1247 2246 1409 2282 potentiam,
1426 2250 1454 2273 et
1470 2245 1665 2280 imperatorum
1680 2245 1799 2272 benevo-

1013 2293 1144 2326 lentiam,
1172 2298 1201 2321 et
1227 2293 1325 2328 judicii
1361 2292 1547 2320 clementiam.
1578 2291 1652 2319 Dixit
1688 2295 1799 2319 sanctus

1013 2340 1168 2367 Eustratius
1184 2347 1191 2366 :
1206 2339 1396 2366 Exsecrandos
1412 2339 1561 2370 daemones,
1575 2342 1603 2366 et
1616 2338 1698 2366 surda
1713 2337 1799 2365 simu.

1011 2386 1085 2413 lacra
1110 2386 1144 2412 ab
1168 2385 1328 2412 hominibus
1354 2389 1536 2416 constructa.
1562 2385 1653 2411 nullus
1678 2391 1797 2418 unquam

1012 2432 1107 2463 homo,
1122 2431 1170 2465 qui
1185 2437 1297 2465 compos
1310 2434 1384 2458 esset
1398 2430 1510 2462 mentis,
1525 2430 1632 2457 censuit
1647 2428 1796 2456 adoranda.

1013 2477 1121 2504 Dictum
1133 2481 1176 2504 est
1189 2476 1264 2504 enim
1277 2475 1379 2504 alicubi
1395 2476 1423 2502 in
1436 2474 1694 2508 nostrisScripluris
1706 2483 1729 2502 ιι
1746 2474 1797 2503 Dii.

1013 2523 1060 2558 qui
1085 2522 1183 2550 calum
1206 2526 1235 2549 ct
1257 2526 1358 2549 terram
1374 2529 1429 2548 non
1452 2520 1587 2551 fecerunt,
1611 2523 1726 2554 pereant
1745 2520 1765 2546 '.
1786 2528 1796 2544 1

1013 2570 1073 2597 Dux
1092 2569 1160 2596 dixit
1175 2577 1184 2595 :
1202 2568 1256 2596 Sed
1273 2573 1351 2596 estne
1365 2568 1388 2595 is
1401 2575 1513 2602 compos
1529 2566 1638 2599 mentis,
1652 2566 1699 2600 qui
1713 2565 1797 2592 Deum

1013 2615 1109 2642 adorat
1130 2614 1302 2646 cruciﬁxum,
1328 2614 1401 2641 sicut
1420 2620 1470 2640 vos
1490 2612 1563 2646 pleni
1586 2610 1799 2645 superstitione?

1015 2660 1132 2687 Sanctus
1146 2659 1303 2687 Eustratius
1316 2659 1384 2686 dixit
1399 2668 1405 2685 :
1418 2658 1446 2685 Si
1458 2658 1507 2684 tibi
1523 2665 1577 2683 non
1593 2661 1686 2683 essent
1701 2655 1797 2682 mutati

1015 2712 1112 2732 sensus
1126 2705 1234 2736 mentis,
1246 2709 1273 2731 ct
1285 2704 1521 2739 perturbationum
1535 2702 1730 2735 conspersione
1743 2708 1796 2727 non

1014 2756 1087 2779 esset
1110 2752 1143 2778 ad
1169 2759 1213 2779 res
1237 2755 1360 2778 terrenas
1385 2751 1433 2778 tibi
1458 2752 1656 2777 trausmutatus
1679 2747 1796 2777 animus.

1015 2799 1187 2826 ostenderem
1205 2799 1253 2826 tibi
1269 2798 1342 2825 hunc
1355 2795 1534 2828 Cruciﬂxum.
1550 2802 1643 2823 verum
1659 2801 1720 2822 esse
1736 2793 1798 2821 Ser-
