2086 3153
278 176 332 209 455

896 167 1040 198 MENSIS
1058 165 1276 197 DECEMBER.

1848 157 1906 189 ’155

274 237 317 261 est
335 231 466 259 malorum
482 229 607 257 omnium
636 232 800 260 extremum,
817 233 879 253 cum
894 232 928 252 ne
945 224 984 252 sie
1006 223 1068 259 qui-

1136 231 1233 257 σχατον
1249 222 1289 248 ὅτι
1305 221 1373 257 μηδὲ
1387 219 1457 247 οὕτω
1470 217 1636 253 πειθομένην
1648 216 1756 250 ὑφεῖναι
1772 215 1822 249 τῆς
1834 215 1908 261 ,ἀπο-

275 279 336 306 dem
351 277 502 312 quidquam
518 276 552 303 de
570 282 619 302 sua
638 274 794 302 remitteret
816 271 984 308 pervicacia,
1001 277 1062 297 eam

274 322 466 350 transmittunt
480 321 513 348 ad
530 325 645 348 mortem
659 319 777 346 maxime
790 316 1066 349 miserabilem.Ejus

276 367 441 396 calamitatis
467 367 538 394 alius
572 367 684 401 quidem
712 366 902 396 misereretur,
927 370 977 397 ego
1000 369 1066 389 vero

276 414 355 441 malae
371 413 483 445 mentis,
498 417 526 440 et
541 413 584 439 cui
600 420 654 439 non
676 411 765 447 potuit
780 411 866 438 ullum
882 408 1008 436 adhiberi
1025 416 1067 435 re-

278 460 410 487 medium.
425 458 608 492 Quamobrem
624 458 718 485 dicunt
738 462 863 484 sanctum
878 462 1006 490 magnum
1019 454 1068 481 do—

278 507 337 534 lore
354 506 504 541 accepisse,
529 510 556 532 et
579 505 714 540 lacrymas
738 503 864 531 emisisse
881 510 914 529 ex
928 501 1026 534 oculis,
1041 506 1069 528 et

279 552 433 588 adjecisse:
453 551 513 579 Non
541 551 658 585 amplius
684 549 813 585 judicabo
837 549 909 575 inter
933 547 1068 578 homines,

281 607 343 625 cum
358 603 411 625 tam
431 597 486 625 cito
508 604 556 624 eos
574 596 686 623 invadat
712 595 818 630 prolata
836 593 985 622 sententia.
1009 593 1071 620 Haec

281 652 342 678 quae
354 644 412 671 visa
426 648 453 670 et
468 642 560 670 audita
577 642 696 673 fuerant,
712 641 864 668 eﬁeceruut
878 644 907 666 ut
924 643 997 666 esset
1017 646 1073 664 ma-

281 697 334 724 gna
354 689 382 716 in
407 693 531 716 sanctum
549 687 723 715 reverentia:
747 691 774 713 ct
789 686 850 713 ideo
878 686 921 719 pic
944 690 972 712 et
992 688 1071 712 caute

283 743 348 762 eum
366 735 554 766 attendebant,
570 738 598 761 et
621 741 685 760 cum
703 733 800 759 timore
824 732 856 758 ad
879 739 942 758 eum
960 730 1074 764 aspicie-

286 782 361 814 bant,
374 782 444 808 sicut
457 782 539 808 etiam
554 781 619 808 oliui
632 780 665 807 ad
679 779 829 815 apostolos,
841 778 887 813 qui
903 779 930 804 in
942 777 1074 804 Ananiam

282 833 311 856 et
327 828 471 863 Saphiram
487 827 570 854 modo
583 826 706 853 fecerant
725 825 887 852 miraculum
902 824 934 850 “.

1119 268 1203 299 νοίας,
1218 267 1327 302 ἐλεεινῷ
1345 266 1453 301 θανάτῳ
1468 265 1691 300 παραπέμπουσι
1709 262 1756 288 καὶ
1767 260 1908 295 οἰκτίστῳ.

1119 314 1229 348 Ταύτην
1246 313 1326 344 ἄλλος
1352 312 1401 348 μὲν
1414 312 1447 339 ἄν
1461 320 1504 342 τις
1533 310 1582 343 τῆς
1596 309 1738 344 συμφορᾶς
1752 307 1886 343 ᾠκτειρεν
1901 315 1908 323 ·

1121 359 1212 393 ἐγὼδὲ
1226 361 1276 394 τῆς
1285 358 1398 393 γνώμης
1423 357 1474 393 τῆς
1498 357 1619 392 πονηρᾶς
1635 355 1683 381 καὶ
1706 354 1910 388 ἁθεραπεύτου,

1123 407 1166 440 ὲφ*
1180 403 1201 440 ᾦ
1219 406 1267 433 καὶ
1290 406 1336 432 τὸν
1353 405 1443 439 ἅγιον,
1454 403 1533 438 φασὶ,
1552 403 1654 438 μᾶλλον
1669 401 1911 437 περιπαθήσαντα,

1121 452 1239 487 δάκρυόν
1253 459 1283 477 τε
1306 451 1414 485 ἀφεῖναι
1430 450 1483 476 τῶν
1500 449 1649 483 ὀφθαλμῶν
1678 449 1724 474 καὶ
1749 446 1912 481 προσθέντα,

1123 499 1181 524 υὺκ
1194 498 1235 523 ἔτι
1250 497 1297 524 τοῦ
1309 496 1414 528 λοιποῦ,
1441 495 1532 529 φάναι,
1559 494 1662 521 δικάσω
1678 494 1731 520 τινὶ
1745 492 1909 528 ἀνθρώπων,

1123 543 1210 575 οὕτως
1235 542 1319 575 ὀξέως
1346 540 1659 575 ὲπικαταλαμῦανούσης
1672 539 1723 573 τῆς
1740 538 1914 572 ἀποφάσεως.

1125 589 1218 616 Ταῦτα
1230 589 1303 620 ὅσοις
1322 587 1409 622 ὁρατά
1422 595 1451 613 τε
1473 587 1520 612 καὶ
1544 584 1667 611 ἀκουστὰ
1686 584 1795 618 γέγονε,
1814 583 1917 617 πολλὴν

1125 636 1218 666 αὐτοῖς
1232 635 1314 669 ἐνῆκε
1339 634 1388 668 τὴν
1417 633 1485 668 πρὸς
1512 632 1557 658 τὸν
1589 631 1677 665 μέγαν
1706 629 1785 662 αἰδῶ,
1815 630 1917 656 καὶδιὰ

1126 681 1204 708 τοῦτο
1217 680 1341 710 εὐλαὸῶς
1354 687 1383 705 τε
1402 679 1546 714 προσεῖχον
1567 677 1653 712 αὐτῷ,
1667 677 1714 703 καὶ
1729 675 1805 711 φόϐῳ
1829 684 1917 710 προσε

1128 727 1253 758 ἔϐλεπον,
1275 725 1348 753 καοᾶ
1377 726 1424 752 καὶ
1451 725 1536 751 πάλαι
1565 724 1621 754 τοῖς
1646 722 1821 754 ἀποστόλοις,
1853 721 1918 756 ἄρτι

1127 782 1157 799 τε
1182 771 1452 807 Θαυματουργηκόσι,
1479 771 1514 797 τὰ
1544 770 1609 805 περὶ
1629 768 1757 795 Ἀνανίαν
1781 768 1828 794 καὶ
1843 768 1919 794 Σαπ-

1129 828 1238 854 φειραν.

320 861 428 901 XXXII.
449 873 502 900 Sed
524 873 583 900 haec
609 872 721 907 quidem
743 876 785 898 est
805 871 926 898 narratio
945 870 1076 904 improba:

1165 864 1227 892 AB’.
1251 865 1331 892 Ἀλλὰ
1345 864 1424 891 τοῦτο
1441 863 1489 898 μὲν
1504 864 1628 898 πονηρᾶς
1642 862 1690 890 καὶ
1706 861 1812 896 φαύλης
1825 869 1922 896 γυναι-

286 920 449 956 etscelestaz
476 919 612 946 mulieris.
644 918 797 953 Adjiciatur
829 922 920 944 autem
955 916 1076 943 narratio

286 975 396 1001 quoque
420 967 454 993 de
479 974 510 993 ea
528 973 589 1001 quae
610 970 686 992 recte
710 969 738 992 et
756 968 785 991 ut
807 967 941 999 oporteat,
971 963 1078 990 amabat

289 1015 427 1041 maritum.
447 1013 545 1041 Mulier
568 1013 692 1048 quaedam
710 1012 822 1039 nomine
836 1011 1001 1046 Sophronia,
1018 1018 1078 1045 qua:

288 1059 413 1086 moribus
426 1064 485 1086 erat
499 1058 640 1086 moderata
659 1063 687 1085 et
704 1058 758 1093 pia,
780 1065 833 1084 non
851 1056 968 1084 habebat
996 1056 1079 1083 mari-

290 1109 359 1136 tum,
374 1105 421 1139 qui
433 1108 506 1132 esset
520 1104 644 1140 ejusdem
657 1104 735 1139 cujus
748 1104 803 1138 ipsa
817 1104 844 1130 in
858 1103 910 1130 ﬁde
924 1103 1078 1136 sententiae,

290 1150 337 1176 sed
355 1150 400 1177 ille
415 1157 538 1177 errorem
558 1150 670 1177 tenebat
689 1149 844 1184 gentilium.
871 1149 917 1175 llla
933 1156 999 1174 vero
1023 1156 1078 1175 non

290 1196 489 1223 intermittebat
506 1196 540 1223 ad
556 1200 681 1223 sanctum
709 1195 855 1226 ventitare,
873 1200 902 1222 et
920 1202 982 1221 eum
998 1195 1080 1222 vehe-

289 1246 398 1268 menter
415 1249 523 1275 rogare,
541 1246 572 1268 ut
590 1241 718 1267 maritum
745 1240 877 1267 liberaret
897 1239 930 1266 ab
958 1239 1078 1266 insania.

287 1287 342 1313 Sed
359 1294 412 1314 nec
422 1288 481 1322 ejus
492 1287 610 1314 maritus
623 1285 799 1321 prohibebat,
812 1286 959 1320 quominus
975 1285 1082 1312 veniret

291 1335 326 1361 a'd
345 1339 470 1361 sanctum
483 1342 489 1359 :
504 1333 603 1367 partim
617 1332 739 1366 quidem,
755 1336 785 1358 ut
796 1332 842 1366 qui
859 1331 996 1366 ignoraret
1013 1339 1082 1365 qua-

294 1377 424 1407 nam'de
441 1386 522 1405 causa
554 1378 588 1405 ad
609 1386 671 1404 eum
701 1377 856 1409 accederet,
882 1377 979 1411 partiti]
1007 1385 1082 1410 vero,

290 1425 365 1460 quod
377 1424 449 1459 apud
465 1432 527 1451 eum
540 1431 649 1458 quoque
663 1429 775 1451 sanctus
792 1424 819 1450 in
843 1430 940 1457 magna
965 1423 1084 1451 habere-

292 1476 338 1497 tur
346 1470 511 1498 reverentia.
523 1470 590 1496 Nam
604 1470 660 1504 ipse
670 1477 777 1504 quoque
789 1469 822 1496 ad
835 1470 911 1496 illum
921 1469 1082 1502 ventitabat,

292 1521 322 1544 et
338 1524 371 1543 eo
385 1521 512 1551 tanquam
529 1516 618 1543 amico
635 1516 773 1547 utebatur,
793 1520 820 1543 et
840 1516 916 1542 illum
935 1517 1083 1548 honorare,

1131 910 1178 941 κὸς
1193 910 1224 936 τὸ
1238 909 1371 944 διήγημα·
1388 908 1543 944 προκείσθω
1563 908 1591 934 δὲ
1621 908 1666 934 καὶ
1682 906 1778 942 καλῆς.
1793 907 1863 942 Γυνή
1878 914 1921 937 τις

1131 955 1251 989 τοῦνομα
1263 955 1417 989 Σωφρονία,
1432 954 1480 980 καὶ
1493 952 1539 980 τδν
1564 953 1666 988 τρόπον
1683 952 1711 979 δὲ
1726 951 1843 986 σώφρων
1853 949 1922 978 οὖσα

1131 1000 1178 1026 καὶ
1193 999 1375 1035 εὐσεϐὴς,οὖκ
1390 997 1446 1033 εἶχε
1463 998 1508 1026 τὶν
1522 998 1606 1032 ἄνδρα
1623 998 1672 1024 καὶ
1683 998 1746 1032 περὶ
1762 997 1812 1032 τὴν
1828 997 1923 1022 πίστιν

1131 1046 1269 1082 ὁμόδοξον,
1284 1046 1352 1072 ἀλλὰ
1376 1045 1484 1080 πλάνης
1504 1043 1538 1080 ἦν
1568 1045 1671 1076 ἐκεῖνος
1691 1044 1740 1078 τῆς
1754 1043 1808 1069 τῶν
1829 1043 1924 1077 Ἑλλή-

1132 1100 1185 1118 νων
1201 1090 1450 1126 μεταποιούμενος.
1474 1090 1506 1116 Ἠ
1526 1090 1554 1116 δὲ
1574 1090 1625 1116 οὐκ
1641 1089 1710 1116 ἀνίει
1724 1089 1763 1124 τῷ
1775 1089 1847 1124 ἁγίῳ
1865 1098 1925 1122 φοι-

1132 1137 1207 1164 τῶσαι
1232 1138 1278 1164 καὶ
1304 1137 1418 1172 δεομένη
1440 1136 1550 1171 Θερμώς
1572 1136 1623 1170 τῆς
1655 1135 1753 1170 μανίας
1769 1134 1923 1165 ἀπαλλάξαι

1132 1184 1178 1210 τὸν
1195 1182 1289 1217 ἄνδρα.
1310 1182 1348 1208 Οὐ
1379 1183 1433 1216 μὴν
1467 1182 1527 1208 οὐδὲ
1543 1182 1557 1208 ὁ
1574 1181 1676 1217 ταύτης
1703 1181 1773 1216 ἀνὴρ
1786 1181 1834 1212 τὰς
1856 1181 1926 1215 πρὸς

1133 1230 1179 1254 τὸν
1195 1227 1272 1261 ἅγιον
1288 1227 1395 1262 ἀφίξεις
1410 1227 1544 1261 ἀπεῖργεν
1560 1226 1641 1261 αὐτῇ,
1654 1225 1733 1252 τοῦτο
1749 1225 1798 1260 μὲν
1827 1227 1874 1252 καὶ
1888 1226 1927 1257 ὡς

1134 1274 1244 1307 ἄγνοιαν
1268 1273 1348 1307 ἔχων,
1364 1269 1394 1299 οὗ
1412 1273 1492 1307 χάριν
1503 1272 1577 1307 αὐτῷ
1595 1272 1777 1306 παραϐάλλοι,
1794 1271 1876 1298 τοῦτο
1897 1271 1928 1297 δὲ

1136 1319 1228 1350 καὶῶς
1240 1319 1286 1345 τὸν
1302 1319 1387 1353 μέγαν
1402 1319 1447 1345 διὰ
1467 1318 1569 1352 πολλῆς
1583 1319 1649 1352 ὅσης
1662 1316 1753 1349 αἰδοῦς
1768 1318 1925 1352 τιθέμενος·

1137 1367 1198 1392 ἐπεὶ
1215 1365 1262 1392 καὶ
1276 1365 1357 1396 αὐτὸς
1395 1362 1471 1396 οὗτος
1490 1364 1555 1399 παρ’
1579 1365 1682 1390 ἐκεῖνον
1698 1365 1810 1398 ἐφοίτα,
1828 1364 1875 1390 καὶ
1889 1363 1929 1394 ὡς

1138 1411 1207 1446 φίλῳ
1224 1411 1257 1438 τὰ
1282 1410 1367 1437 πολλὰ
1384 1411 1495 1445 ὲχρῆτο.
1511 1410 1559 1437 καὶ
1575 1410 1657 1444 τιμὴν
1690 1410 1758 1436 ἰδίαν
1784 1410 1876 1444 ἡγεῖτο
1894 1409 1928 1436 τὸ

1138 1458 1242 1484 ἐκεῖνον
1264 1457 1360 1492 τιμᾷν’
1378 1457 1436 1483 ἐστι
1453 1456 1481 1483 δὲ
1496 1456 1539 1483 ὅτε
1557 1457 1605 1482 καὶ
1624 1457 1637 1482 ό
1650 1455 1735 1490 μέγας
1753 1455 1819 1490 παρ’
1846 1456 1930 1482 αὑτὸν

1138 1505 1290 1538 ἀφικνεῖτο.
1313 1503 1357 1535 Ὠς
1387 1502 1435 1529 οὖν
1460 1502 1546 1534 οὕτως
1574 1502 1694 1535 ἐξένιζον
1721 1502 1855 1537 ἀλλήλους
1882 1502 1931 1528 καὶ

295 1563 435 1597 proprium
450 1570 529 1589 suum
547 1562 667 1588 ducebat
684 1562 827 1589 honorem.
842 1562 979 1590 Praeterea
991 1567 1082 1589 autem

1137 1549 1288 1582 ἐξενίζοντο
1313 1549 1526 1583 συνεστιώμενοί
1538 1557 1604 1575 ποτε
1629 1548 1677 1574 καὶ
1692 1548 1927 1580 συνδειπνοῦντες,

295 1613 409 1641 magnus
436 1613 546 1641 quoque
570 1605 699 1641 Spiridon
715 1606 748 1633 ad
768 1614 832 1634 eum
855 1607 994 1634 veniebat.
1015 1607 1085 1634 Cum

292 1660 359 1687 ergo
375 1653 414 1679 sic
427 1660 456 1680 se
487 1653 606 1679 invicem
631 1652 751 1687 hospitio
765 1654 921 1688 acciperent
936 1658 964 1680 et
979 1653 1087 1688 accipe-

294 1703 402 1728 rentur,
439 1698 598 1725 convivium
632 1697 798 1732 quandoque
835 1699 915 1725 simul
949 1698 1086 1731 ineuntes,

295 1750 408 1770 sanctus
433 1747 588 1777 opportune
610 1742 709 1775 volens,
729 1747 840 1776 captare
865 1742 982 1769 amicum
1007 1749 1087 1769 suum

297 1789 438 1823 gentilem,
460 1796 622 1820 conversus,
644 1788 684 1815 eis
695 1788 882 1821 audientibus,
898 1787 965 1815 dicit
981 1788 1087 1814 cuidam

298 1833 379 1860 exiis
393 1833 439 1868 qui
453 1833 667 1860 ministrabant:
683 1833 763 1865 Puer,
789 1834 888 1868 inquit,
912 1841 1021 1868 parvus,
1042 1834 1088 1868 qui

300 1885 368 1905 mea:
392 1877 456 1905 ﬁdei
485 1878 536 1905 fuit
567 1878 742 1910 commissus,
762 1883 791 1905 ut
818 1886 926 1913 gregem
954 1883 1088 1913 pasceret.

299 1924 418 1961 graviori
431 1932 529 1952 somno
542 1932 702 1960 oppressus,
716 1925 835 1959 peduces
845 1924 1012 1959 perdiderat.
1021 1923 1089 1951 Cum

298 1978 362 1998 eum
375 1975 466 1998 autem
480 1971 632 1999 dimisisset
646 1979 770 2004 somnus,
783 1971 927 2006 diligenter
941 1974 1088 2004 scrutatus,

300 2017 405 2045 invenit
413 2025 510 2045 omnes
519 2018 600 2046 simul
623 2019 770 2046 absconsas
781 2018 808 2045 in
822 2019 937 2054 quadam
947 2019 1088 2054 spelunca.

300 2063 464 2098 Priusquam
479 2071 544 2090 vero
559 2071 605 2091 eas
623 2064 785 2096 invenisset,
802 2063 836 2091 ad
854 2071 904 2091 nos
929 2064 1002 2091 misit
1018 2071 1090 2090 nun-

300 2108 380 2138 tium,
397 2108 445 2142 qui
463 2107 631 2144 signiﬁcaret
654 2109 727 2144 quod
751 2115 891 2136 evenerat.
920 2109 968 2136 llle
997 2114 1090 2136 autem

299 2154 426 2186 accessit,
438 2159 466 2182 et
481 2159 535 2182 stat
551 2163 599 2190 pro
619 2154 734 2182 foribus.
751 2154 791 2182 Tu
809 2163 874 2182 vero
889 2154 1038 2187 descende,
1063 2158 1091 2182 et

300 2201 326 2228 ei
340 2201 436 2227 nuntio
457 2201 590 2236 signiﬁca,
618 2208 715 2228 omnes
738 2209 799 2227 esse
827 2201 962 2232 inventas,
987 2204 1014 2227 et
1040 2207 1091 2227 nec

1137 1598 1150 1623 ό
1182 1597 1259 1628 ἅγιος
1284 1596 1448 1630 εὐαφόρμως
1477 1596 1524 1621 τὸν
1556 1595 1675 1630 Ἕλληνα
1699 1595 1775 1629 φίλον
1808 1595 1930 1630 θηρᾶσαι

1137 1641 1310 1677 βουλόμενος,
1340 1642 1471 1677 στραφεὶς
1502 1642 1542 1671 είς
1572 1642 1689 1675 ἐπήκοον
1703 1642 1793 1668 αὐτῶν
1807 1650 1861 1668 τινι
1875 1642 1930 1668 τῶν

1138 1687 1356 1722 ὑπηρετούντων,
1374 1686 1402 1713 '0
1415 1687 1479 1717 παῖς
1489 1687 1503 1712 ὁ
1520 1685 1631 1721 μικρδς,
1646 1686 1711 1721 ἔφη,
1723 1687 1736 1713 ὁ
1751 1686 1781 1713 τὸ
1804 1687 1931 1722 ποίμνιον

1137 1733 1231 1767 νέμειν
1248 1741 1293 1767 μοι
1309 1732 1477 1764 πιστευθεὶς,
1500 1731 1576 1767 ὕπνῳ
1594 1731 1735 1767 βαθυτέρῳ
1751 1733 1932 1768 κατασχεθεὶς

1137 1778 1307 1804 ἀπολωλέκει
1335 1779 1369 1804 τὰ
1399 1777 1556 1813 θρέμματα.
1587 1778 1640 1804 Τοῦ
1672 1778 1757 1804 ὕπνου
1774 1778 1803 1805 at
1821 1779 1932 1810 avem;

1142 1823 1223 1850 αὑτὸν
1249 1824 1323 1850 πάνυ
1342 1823 1443 1858 σφόδρα
1476 1824 1638 1858 ὲρευνήσας,
1670 1821 1748 1859 εὗρεν
1760 1825 1790 1851 ἐν
1807 1825 1934 1859 τπηλαιῳ

1138 1872 1192 1897 τινί
1214 1871 1303 1897 πάντα
1329 1871 1398 1905 ὁμοῦ
1429 1872 1608 1906 κρυπτόμενα
1622 1879 1630 1887 ·
1662 1871 1760 1905 φθάνοι
1781 1871 1808 1897 δὲ
1825 1873 1890 1907 πρὶν
1915 1873 1932 1907 ἢ

1139 1916 1227 1943 ταῦτα
1241 1917 1340 1952 εὑρεῖν,
1373 1917 1490 1951 ἄγγελον
1515 1917 1552 1949 ὡς
1572 1917 1645 1952 ἡμᾶς
1662 1917 1836 1944 ἀποστέλλων
1847 1918 1930 1952 δῆλον

1140 1963 1170 1989 τδ
1185 1962 1288 1997 συρδάν
1303 1963 1494 1997 ποιησόμενον.
1508 1963 1562 1989 Καὶ
1573 1963 1613 1996 ὃς,
1627 1963 1677 1998 ήδη
1692 1965 1901 1998 παραγενόμενα
1908 1973 1930 1996 ξ,

1139 2009 1193 2044 πρὸ
1207 2009 1260 2034 τῶν
1284 2009 1375 2035 πυλῶν
1394 2009 1513 2036 ἵσταται.
1532 2009 1612 2035 Ἀλλὰ
1631 2010 1663 2036 σὺ
1681 2009 1831 2043 κατελθὼν,
1844 2007 1868 2036 ὦ
1885 2008 1935 2038 οὗ·

1140 2063 1198 2087 τος,
1213 2055 1349 2089 γνώρισον
1367 2055 1442 2089 αὐτῷ
1456 2055 1487 2090 δὴ
1498 2055 1537 2090 τῷ
1547 2055 1657 2090 ἀγγέλῳ
1671 2055 1712 2082 ὅτι
1728 2055 1842 2091 εὓρηται
1854 2058 1936 2091 ἀκρι-

1141 2101 1197 2132 εώς
1212 2102 1312 2134 πάντα,
1337 2102 1385 2128 καὶ
1402 2101 1463 2128 οὐδὲ
1485 2101 1514 2128 ἓν
1535 2101 1604 2127 ἐνδιί
1620 2101 1658 2136 τῷ
1681 2102 1811 2137 ποιμνίῳ.
1831 2102 1936 2129 Ἤκου-

1143 2156 1188 2174 σεν
1203 2149 1217 2174 ὁ
1241 2147 1386 2183 ὑπηρετῶν
1410 2146 1509 2180 ταῦτα,
1541 2147 1589 2174 καὶ
1606 2147 1732 2174 ἀπελθὼν
1746 2150 1814 2182 πρὶς
1838 2148 1935 2182 τάχος,

1141 2194 1181 2229 τῷ
1198 2195 1250 2230 πρὸ
1265 2194 1319 2220 τῶν
1340 2194 1432 2220 πυλῶν
1445 2194 1620 2228 διεσάφησεν.
1630 2193 1714 2220 Οῠπω
1728 2195 1777 2229 τῆς
1792 2194 1935 2229 τραπέζης

302 2255 384 2274 uuam
398 2231 509 2282 quidem
523 2231 618 2274 deesse
629 2248 714 2282 gregi.
725 2246 839 2274 Audivit
854 2231 988 2278 minister,
1002 2250 1029 2273 et
1042 2246 1082 2272 ab-

1147 2241 1288 2276 ὰρϐεἰσης,
1321 2240 1414 2276 ἕτερος
1444 2239 1522 2272 αὖθις
1548 2240 1664 2274 ἄγγελος
1680 2241 1824 2276 παρελθὼν
1844 2241 1936 2268 πάντα

301 2293 364 2320 iens
387 2294 505 2321 maxima
524 2294 676 2325 celeritate,
701 2293 727 2320 ci
743 2292 918 2328 signiﬁcavit,
938 2292 984 2326 qui
1000 2293 1091 2318 stabat

304 2346 354 2373 pro
370 2339 486 2366 foribus.
510 2339 603 2367 Mensa
628 2339 750 2366 nondum
766 2338 886 2370 sublata.
912 2338 983 2365 alius
996 2345 1092 2365 rursus

303 2384 417 2411 vcuicns
431 2384 555 2415 nuntius,
574 2385 715 2410 renuntiat
735 2384 826 2410 omnia
843 2383 981 2416 similiter,
997 2383 1093 2410 iuven-

305 2434 347 2455 tas
361 2429 493 2464 peduces,
511 2433 539 2455 et
553 2428 654 2461 locum,
669 2432 698 2455 et
721 2436 756 2455 ne
771 2436 853 2454 unam
870 2428 981 2462 quidem
995 2428 1091 2455 deesse

305 2482 432 2501 numero.
446 2473 508 2501 llaec
522 2474 594 2501 dicta
610 2473 644 2500 iis
655 2481 716 2508 qu;e
727 2480 838 2500 sanctus
851 2473 967 2504 dixerat,
981 2473 1093 2500 omnino

305 2521 512 2553 convenientia,
543 2527 671 2554 maguum
699 2525 839 2554 stuporem
873 2520 1027 2554 iujecerunt
1055 2519 1092 2546 illi

308 2566 470 2596 idololatrae,
489 2569 517 2592 et
528 2570 653 2593 sanctum
668 2572 717 2600 pro
733 2565 788 2592 Deo
804 2565 931 2597 habebat,
949 2569 978 2591 et
1001 2564 1095 2591 obser-

306 2614 405 2640 vahat:
428 2617 456 2639 et
479 2611 590 2638 volebat
609 2611 705 2638 eadem
733 2611 832 2644 facere,
860 2620 921 2646 quae
955 2611 1093 2646 Lycaones

308 2657 455 2692 aliquando
478 2656 617 2684 faciebant
632 2657 763 2684 Barnabas
791 2661 819 2684 et
833 2656 917 2684 Paulo
937 2657 969 2690 ",
995 2664 1094 2692 nempe

308 2703 333 2729 ei
360 2707 456 2731 tauros
469 2703 635 2735 sacriﬁcare,
651 2708 679 2730 et
696 2703 724 2731 in
747 2702 882 2730 vestibulo
897 2710 1014 2730 coronas
1033 2710 1095 2730 sus-

309 2748 440 2782 pendere.
458 2749 506 2778 llle
518 2757 584 2778 vero
598 2751 669 2778 sicut
682 2750 732 2780 illi.
750 2750 775 2777 ei
794 2749 880 2776 dixit:
896 2749 955 2777 Non
973 2756 1023 2784 ego
1034 2756 1095 2776 sum

307 2793 392 2826 Deus,
409 2795 456 2823 sed
474 2803 572 2822 servus
587 2796 634 2823 Dei
651 2796 752 2830 potius,
770 2794 854 2822 homo
870 2794 918 2829 qui
930 2801 993 2821 sum
1009 2793 1096 2822 obuo-

973 2862 1013 2890 rt”

346 2889 365 2904 "
381 2889 442 2917 Act.
460 2897 487 2923 v,
505 2889 515 2915 l
535 2896 611 2923 seqq.
651 2889 672 2904 "
690 2888 750 2916 Act.
763 2895 816 2914 xn'.

1142 2287 1243 2322 ὁμοίως
1271 2287 1424 2321 ἀπήγγειλε
1453 2286 1503 2322 τὴν
1530 2286 1641 2322 εὕρεσιν
1658 2287 1704 2313 καὶ
1719 2287 1764 2313 τὸν
1775 2287 1869 2319 τόπον,
1885 2287 1938 2314 καὶ

1143 2334 1185 2361 ὅτι
1218 2334 1301 2369 μηδὲν
1334 2334 1491 2361 ἐλλείπωνό
1508 2333 1626 2368 ἀριθμὸς
1641 2332 1686 2368 ἦν.
1711 2333 1804 2360 Ταῦτα
1828 2334 1938 2367 συνῳδί

1144 2380 1304 2407 παντάπασι
1318 2379 1356 2414 τῷ
1369 2380 1439 2415 ἁγίῳ
1451 2380 1579 2414 ῥηθέντα,
1607 2379 1708 2415 πολλὴν
1736 2378 1868 2415 ἔκπληξιν
1883 2381 1938 2415 ιμ-

1146 2425 1264 2460 6ἐ6ληκε
1278 2425 1317 2460 τῷ
1350 2425 1543 2461 εἱδωλολάτρῃ,
1581 2425 1629 2451 καὶ
1653 2425 1690 2456 ὡς
1707 2425 1767 2460 Θεῷ
1784 2425 1823 2460 τῷ
1836 2425 1937 2460 δικαίῳ

1148 2473 1290 2507 προσέχων
1306 2469 1352 2506 ἧν,
1362 2471 1451 2498 καὶτὰ
1461 2472 1532 2498 αὐτὰ
1542 2473 1629 2497 ποιεῖν
1638 2471 1778 2506 ἠϐούλετο,
1792 2471 1810 2498 ἃ
1822 2472 1853 2505 δή
1870 2480 1941 2498 ποτε

1148 2516 1194 2542 καὶ
1211 2516 1350 2547 Λυκάονες
1367 2516 1434 2550 πρὸς
1447 2515 1592 2551 Βαρνάΰαν
1619 2517 1667 2543 καὶ
1693 2516 1800 2542 Παῦλον
1817 2515 1938 2548 ιποίουν,

1148 2562 1222 2589 θύειν
1248 2562 1322 2596 αὐτῷ
1357 2562 1483 2596 ταύρους,
1504 2564 1550 2589 καὶ
1570 2562 1620 2589 τοῦ
1646 2562 1767 2594 πυλῶνος
1791 2563 1940 2598 στέμματα

1148 2608 1276 2643 ὲξαρτᾷν.
1298 2608 1327 2634 '0
1344 2607 1382 2641 δὲ,
1401 2608 1497 2643 ὥσπερ
1525 2610 1660 2642 κάκεῖνοι,
1678 2609 1746 2644 πρὸς
1771 2608 1864 2641 αὐτὸν,
1880 2609 1941 2635 Οὐκ

1147 2655 1202 2689 εγὼ
1215 2654 1291 2686 Θεὸς,
1310 2652 1397 2687 εἶπεν,
1411 2654 1479 2681 ἀλλὰ
1495 2655 1590 2686 δοῦλος
1607 2654 1676 2681 Θεοῦ
1696 2654 1811 2690 μᾶλλον,
1829 2654 1942 2688 ἄνθρω-

1148 2709 1198 2733 πος
1214 2702 1257 2728 σοὶ
1269 2701 1449 2736 ὁμοιοπαθής.
1477 2701 1513 2727 Τὸ
1532 2701 1559 2727 δὲ
1572 2701 1661 2733 καλῶς
1677 2701 1778 2727 ειδέναι
1795 2700 1841 2726 τὸν
1855 2699 1940 2736 μόνον

1148 2747 1216 2774 Θεὸν
1232 2748 1313 2774 τοῦτό
1343 2757 1390 2782 μοι
1420 2748 1468 2775 καὶ
1494 2748 1524 2774 τὸ
1539 2748 1624 2775 ταῦτα
1658 2748 1757 2774 ειδέναι
1782 2747 1939 2782 χαρίζεται.

1152 2795 1201 2821 Ὃν
1216 2795 1240 2821 εἰ
1254 2794 1300 2821 καὶ
1330 2795 1361 2820 σὺ
1377 2794 1516 2828 Δεσπότην
1551 2794 1740 2830 ὁμολογήσεις,
1756 2794 1817 2829 εἴσῃ
1829 2793 1942 2825 πάντως
