2086 3153
236 195 290 226 463

235 250 385 281 nescimus,
407 248 537 283 quidnam
553 247 607 276 Deo
621 255 670 284 per
698 247 756 276 haec
771 247 953 283 signiﬁcante.
982 247 1029 274 Ille
1043 251 1068 278 Α

234 300 328 322 autem
363 302 438 327 cutn,
459 298 489 321 ut
516 293 636 326 videtur,
662 293 860 329 cognovisset:
878 292 986 325 Sciatis,
1009 300 1026 320 o

235 342 330 372 amici,
351 341 420 368 dixit
442 338 637 376 praesentibus,
656 339 730 374 quod
761 347 811 374 ego
831 340 942 373 quidem
970 340 1026 374 jam

233 390 338 417 excedo
353 395 368 415 e
385 394 518 422 corpore;
539 394 635 421 magna
648 394 714 413 vero
736 385 819 420 gloria
832 385 964 412 Dominus
974 385 1026 412 tnei

235 441 367 462 excessus
388 431 573 459 circumdabit
589 431 761 462 memoriam,
779 434 807 458 et
820 430 914 457 multis
934 430 1025 457 homi-

235 480 320 508 nibus
338 479 397 507 dies
418 478 472 506 mei
499 478 634 505 adventus
651 480 703 505 erit
727 477 789 504 festi
816 483 1025 512 argumentum:

237 526 320 562 idque
335 525 425 553 omnis
446 530 510 552 anas
532 529 644 559 peraget
660 524 801 558 splendide
826 528 854 551 et
871 523 1026 558 magniﬁce,

238 579 292 602 tam
307 581 455 610 puerorum
485 580 565 607 quam
577 573 708 607 juvenum
721 577 748 599 et
764 579 871 599 senum.
882 571 951 599 Cum
969 572 1028 600 haec

230 626 265 649 et
286 622 371 648 multa
389 620 441 647 alia
458 619 573 646 dixisset
595 622 622 646 et
645 618 824 654 praedixisset,
849 624 875 646 et
892 619 944 646 alia
966 626 1026 653 quas

238 666 383 702 oportebat
405 665 602 698 admonuisset,
626 670 654 692 et
676 665 809 700 quidquid
835 670 894 692 erat
924 666 1026 692 bonum

232 717 265 740 et
296 712 414 739 salutare
445 711 516 746 apud
545 719 593 738 eos
620 710 667 746 qui
692 711 817 743 aderant,
839 711 974 742 oratione,
998 716 1027 738 ut

237 758 323 786 semel
346 757 448 787 dicam,
473 761 545 784 esset
560 762 723 790 perseeutth
747 764 774 784 et
796 757 913 784 maxime
934 757 968 784 de
982 765 1028 792 ge—

238 804 325 832 nerali
348 809 376 832 et
399 803 524 831 omnium
544 803 661 830 aliarum
678 804 812 831 virtutum
838 804 966 836 maxima,
993 803 1027 830 de

239 851 383 883 eharitate,
411 850 533 885 inquam,
552 849 580 877 in
607 850 694 878 Deum
719 855 747 877 et
768 851 923 885 proximum
941 850 1029 878 disse-

239 897 353 929 ruisset,
371 904 425 923 non
441 896 528 923 multo
545 901 616 931 post,
644 901 675 924 ut
701 897 818 930 dixerat,
835 902 937 924 castam
952 897 1026 924 illam

237 948 266 971 et
290 951 396 970 sacram
415 943 508 970 emisit
532 944 666 976 animam,
691 944 718 971 in
740 945 898 978 angelorum
917 944 1029 978 quidem
1046 947 1068 976 ιι

237 991 355 1019 chorum
373 990 472 1018 merito
499 990 654 1018 admissus:
682 998 771 1026 neque
800 995 889 1018 tamen
915 991 1028 1019 omnino

237 1036 382 1065 discedens
400 1036 434 1064 ab
450 1036 618 1070 hominibus,
632 1037 680 1064 seJ
706 1045 782 1065 nunc
805 1045 915 1072 quoque
941 1038 1028 1064 maxi-

237 1091 309 1110 mam
321 1090 415 1109 curam
432 1090 540 1117 gerens,
558 1082 668 1117 quando
681 1087 708 1109 et
717 1083 771 1110 Dcu
783 1088 824 1110 est
837 1083 1027 1118 propinquior,

236 1133 265 1156 et
277 1129 372 1164 majOri
389 1128 462 1163 apud
476 1135 539 1155 eum
555 1128 656 1156 ﬁducia
679 1129 765 1156 utitur
776 1133 804 1155 et
827 1129 963 1156 libertate.
982 1130 1030 1155 At—

237 1182 291 1210 que
310 1175 395 1201 multa
412 1174 523 1209 quidem
552 1179 614 1209 post
640 1175 699 1210 ejus
738 1175 881 1202 decessum
905 1181 933 1202 et
959 1175 1029 1202 facta

237 1225 303 1248 sunt
327 1221 362 1248 ab
385 1221 443 1254 illo,
462 1225 489 1248 et
507 1221 598 1248 adhuc
612 1220 692 1247 fiunt.
727 1220 782 1247 Nos
808 1226 912 1253 autem,
935 1229 969 1248 nc
1001 1227 1028 1248 et

238 1265 293 1293 line
316 1267 380 1293 vitae
406 1266 532 1301 protinus
556 1268 639 1292 etiam
664 1267 924 1293 cireutnseribamus
947 1268 1030 1293 miras

237 1313 310 1345 cuia,
341 1320 430 1347 neque
445 1319 542 1339 rursus
554 1312 732 1346 scriptiouem
769 1313 883 1339 nimium
899 1314 1030 1340 extendu-

238 1366 310 1388 tuus.
325 1365 388 1386 cum
414 1358 496 1385 unius
515 1361 561 1384 aut
588 1357 705 1384 duorum
731 1359 947 1390 meminerimus,
975 1359 1031 1386 Dcn

239 1405 361 1436 volente,
384 1404 464 1431 finem
490 1403 664 1438 imponemus
686 1405 814 1432 orationi.

277 1450 411 1477 XXXVII.
430 1449 629 1484 Dixitquidam
648 1458 681 1477 ex
704 1450 738 1477 iis
767 1451 813 1486 qui
842 1455 906 1478 sunt
929 1451 1032 1479 (11111Λὶ

238 1502 373 1527 amantes,
403 1499 432 1523 et
459 1500 584 1522 sanctum
613 1496 723 1530 quidem
762 1496 892 1524 ardenter
926 1503 1030 1530 annuit,

240 1546 334 1569 amant
347 1546 438 1569 autent
461 1542 642 1569 nihilominus
667 1543 749 1569 etiam
773 1543 933 1575 veritatem,
958 1543 1031 1578 quod

239 1597 301 1616 cum
316 1589 375 1624 ejus
385 1588 443 1615 dies
454 1589 540 1616 festus
551 1588 738 1616 celebraretur
760 1589 926 1624 (celebratur
940 1595 1031 1617 autem

236 1635 400 1663 duodecimo
415 1635 517 1662 mensis
543 1635 731 1669 Decembris),
753 1635 869 1662 accessit
891 1636 948 1670 ipse
964 1645 1033 1671 quo—

237 1689 290 1716 que
307 1683 339 1707 ad
361 1680 529 1715 sepulcrum,
545 1685 673 1715 tanquam
686 1681 776 1708 vivum
785 1681 963 1713 allocuturus,
977 1691 1033 1709 ma-

236 1734 318 1762 gnam
344 1726 372 1752 in
392 1734 455 1753 eutn
475 1726 553 1752 vultu
569 1727 727 1761 signiﬁcans
743 1727 923 1754 reverentiam
941 1733 968 1754 et
985 1737 1032 1755 vc-

236 1772 424 1800 nerationem.
441 1771 508 1798 Cum
528 1777 619 1798 autem
636 1780 722 1807 prope
748 1772 857 1805 fuisset,
884 1779 912 1800 et
937 1773 1032 1800 oculos

240 1823 315 1845 esset
339 1817 513 1849 admoturus,
531 1817 641 1844 dicebat
655 1826 684 1845 se
701 1822 802 1845 tantam
823 1819 943 1846 divinam
969 1827 1032 1847 sen-

240 1873 310 1893 stsse
334 1865 522 1892 visitationem
548 1865 624 1892 intus
649 1871 820 1900 operantem,
850 1871 877 1894 et
893 1875 942 1894 eor
971 1868 1030 1903 ejus

237 1912 307 1952 adeo
321 1915 491 1946 penetrasse,
510 1915 539 1938 ut
564 1912 682 1939 sublime
697 1912 807 1946 quidem
832 1913 917 1940 fuerit
935 1919 1030 1948 raptus

237 1957 347 1992 spiritu,
373 1962 402 1984 et
417 1957 499 1990 solas,
517 1965 579 1992 qua:
593 1957 648 1984 illic
662 1962 736 1991 sunt,
757 1959 861 1987 visione
876 1962 1030 1995 perciperet

235 2003 472 2038 pulchritudines:
497 2003 600 2030 oblitus
614 2004 725 2038 quidem
750 2005 874 2032 omnium
901 2011 1027 2034 terreno-

236 2058 310 2083 rum;
328 2050 431 2077 oblitus
445 2058 511 2078 vero
525 2050 610 2085 ipsius
624 2059 733 2085 quoque
747 2053 882 2087 corporis,
898 2054 1027 2088 vocisque

234 2099 263 2122 et
279 2097 417 2124 sermonis
434 2105 517 2132 prope
540 2105 656 2131 expers:
669 2097 780 2132 jejunus
794 2106 914 2134 quoque,
935 2105 962 2126 et
976 2107 1027 2127 nc-

234 2149 288 2176 que
303 2143 375 2177 apud
396 2142 481 2169 ullum
498 2150 592 2170 vocem
606 2143 745 2176 emitteus,
763 2151 852 2178 neque.
868 2144 959 2171 cibum
979 2149 1024 2172 aut

235 2191 329 2222 potum
360 2192 417 2215 toto
447 2188 493 2215 illo
521 2188 563 2215 die
584 2189 744 2222 admittens,
767 2190 819 2217 nisi
840 2191 928 2217 solum
951 2191 1025 2225 quod

235 2233 352 2267 sumpsit
365 2233 489 2261 divinum
503 2242 603 2269 corpus
619 2239 646 2261 et
662 2235 824 2270 sanguinem
841 2235 1023 2262 Dominicum.

234 2279 321 2306 Porro
347 2282 439 2307 autem
469 2280 537 2307 alias
566 2289 675 2315 quoque
694 2281 720 2308 ei
737 2281 841 2308 exstitit
862 2272 1024 2308 miraculum
1037 2291 1065 2321 Ι)

233 2325 402 2359 evidentius;
419 2331 462 2353 est
476 2334 540 2354 vero
553 2327 652 2354 modus
670 2327 704 2355 ad
729 2328 899 2354 narrandum
921 2328 1024 2363 jucun-

235 2371 376 2399 dissimus.
395 2372 442 2399 ille
457 2372 582 2407 quidem,
605 2377 636 2400 ut
656 2373 733 2406 dixit,
751 2381 813 2401 cum
839 2382 902 2402 eum
930 2383 1028 2403 rursus

233 2419 295 2454 ejus
308 2419 366 2447 dies
379 2419 467 2446 festus
479 2419 618 2449 invitaret.
634 2421 749 2448 accessit
764 2421 1026 2456 Trimmythuntem,

236 2471 264 2493 et
292 2473 414 2501 capsam,
435 2473 496 2500 quae
512 2465 600 2493 sancti
627 2467 783 2495 continebat
817 2468 957 2502 reliquias.
980 2468 1028 2495 ad—

234 2519 318 2539 orans
342 2516 369 2539 et
393 2511 573 2545 amplectens,
589 2511 718 2539 similiter
734 2513 843 2547 quidem
871 2514 966 2541 habuit
981 2522 1028 2541 cor

234 2558 371 2593 repletum
394 2557 517 2590 lumine;
543 2557 672 2592 impletus
694 2563 736 2586 est
757 2565 848 2587 autem
870 2561 895 2587 ei
918 2568 1027 2595 quoque

234 2603 345 2630 animus
378 2602 529 2637 voluptate,
558 2608 587 2630 et
611 2611 734 2637 quaenam
766 2605 837 2632 bona
869 2609 1028 2640 exspectant

220 2652 356 2687 sanctos,
381 2655 430 2682 per
443 2648 589 2683 praesentia
604 2669 611 2682 ,
637 2649 726 2684 quoad
751 2650 812 2686 ejus
841 2651 901 2678 tieri
925 2652 1026 2686 potuit,

232 2694 366 2729 coniecit.
379 2694 485 2722 Deinde
500 2695 549 2723 ivit
563 2695 598 2723 ad
615 2696 765 2730 nundinas,
777 2701 809 2724 ut
828 2698 1025 2732 supellectilem

232 2741 382 2777 quamdam
405 2747 522 2775 emeret,
549 2747 577 2770 et
593 2743 770 2777 vestimenta,
798 2748 827 2770 ut
845 2744 879 2771 iis
901 2744 1028 2772 indueret

231 2793 369 2823 pauperes
386 2793 415 2816 et
435 2796 548 2824 egenos,
573 2793 668 2824 utpote
681 2788 756 2824 quod
780 2794 888 2825 tempus
907 2790 971 2817 anni
994 2789 1027 2817 ad

232 2831 262 2860 id
275 2838 398 2867 vocaret,
413 2837 556 2863 erateuim
570 2834 669 2870 frigus.
686 2835 754 2863 Cum
767 2843 799 2863 ea
815 2844 881 2871 ergo
895 2836 1027 2864 adornas-

220 2885 285 2913 ~set,
306 2885 333 2908 et
360 2881 472 2910 domum
497 2881 620 2909 eundum
637 2887 720 2914 esset,
749 2890 799 2910 usu
821 2882 858 2909 ita
884 2889 1024 2918 poscente,

221 2933 288 2971 erat
316 2928 428 2972 quidem
455 2929 571 2964 nubimn
602 2936 766 2962 concursus,
785 2934 814 2959 ut
836 2930 903 2956 seiet
920 2929 1025 2962 hieme;

835 193 978 224 MENSIS
998 193 1214 224 DECEMBER.

1083 248 1185 279 λαιναι,
1201 249 1249 274 καὶ
1268 247 1364 275 λευκαὶ
1381 247 1490 282 σύναμα
1506 247 1654 282 ἐπήνθουν,
1674 248 1725 274 οὐχ
1739 246 1798 274 οἴδα
1820 249 1870 282 μὲν

1079 292 1093 318 ὅ
1107 299 1134 318 τι
1146 293 1193 319 τοῦ
1208 291 1277 319 Θεοῦ
1301 293 1345 319 διὰ
1367 292 1473 318 τούτων
1488 291 1576 326 ὑποση
1583 292 1725 324 μαίνοντος
1742 299 1749 306 ·
1765 292 1870 324 ἐκεῖνος

1077 337 1120 371 δὲ,
1132 338 1169 369 ὼς
1185 338 1270 369 ἔοικε,
1287 339 1381 372 γνοὺς,
1397 339 1481 370 Ἰστε,
1501 337 1584 372 φίλοι,
1605 337 1672 372 πρὸς
1684 337 1750 369 τοὺς
1766 339 1870 372 παρόν-

1077 391 1128 415 τας
1146 382 1235 415 εἷπεν,
1249 384 1288 416 ὡς
1304 384 1361 417 ἐγὼ
1382 384 1431 419 μὲν
1454 383 1504 419 ἤδη
1531 383 1578 410 τοῦ
1602 383 1729 418 σώματος
1743 383 1868 418 ἐπιδημῶ,

1079 430 1164 465 πολλῇ
1194 430 1223 457 δὲ
1241 430 1306 467 δόξῃ
1322 431 1337 457 ὁ
1354 431 1457 466 Κύριος
1480 429 1529 464 τὴν
1550 429 1621 465 ἐμὴν
1644 430 1693 464 τῆς
1716 429 1871 464 ἀποδημίας

1081 478 1193 512 μνήμην
1205 477 1354 513 περιδαλεῖ
1367 477 1413 503 καὶ
1430 476 1537 508 πολλοῖς
1552 476 1607 502 τῶν
1623 474 1776 510 ἀνθρώπων
1787 476 1804 510 ἡ
1820 475 1872 510 τῆς

1078 522 1210 557 τελευτῆς
1222 524 1272 558 τῆς
1290 523 1360 557 ἐμῆς
1385 522 1478 558 ἡμέρα
1501 521 1631 552 ὑπόθεσις
1657 521 1757 555 ἑορτῆς
1782 521 1870 554 ἔσται,

1081 567 1128 594 καὶ
1143 569 1295 603 φιλοτίμως
1315 568 1419 604 ταύτην
1433 567 1526 604 ἡλικία
1541 568 1617 594 πᾶσα
1633 567 1787 594 ὲπιτελὲσει
1801 567 1872 593 νέων

1078 623 1108 640 τε
1121 615 1170 641 καὶ
1186 614 1277 648 μέσων
1294 615 1341 640 καὶ
1363 614 1498 641 παλαιῶν.
1516 614 1609 641 Ταῦτα
1627 615 1674 640 καὶ
1688 613 1774 640 πολλὰ
1788 614 1871 648 ἕτερα

1082 661 1168 686 εἰπών
1184 669 1214 686 τε
1230 663 1276 687 καὶ
1296 661 1508 696 προαγορεύπας
1521 679 1530 693 ,
1548 660 1616 687 ἀλλὰ
1633 660 1681 687 καὶ
1700 653 1883 696 παραινέσαςξ

1079 708 1114 735 τὰ
1126 708 1232 740 δέοντα,
1248 709 1294 735 καὶ
1309 710 1363 735 πᾶν
1374 709 1456 735 καλὸν
1470 709 1516 734 καὶ
1533 709 1667 742 σωτήριον
1686 708 1715 734 ἐν
1731 696 1884 753 κεφαλαίῳῗ

1080 755 1150 789 πρὸς
1167 756 1229 787 τοὺς
1245 756 1384 790 παρόντας
1405 755 1562 787 διεξελθὼν,
1589 756 1635 781 καὶ
1654 755 1745 789 πολλῷ
1773 754 1874 789 μᾶλλον

1084 803 1149 835 περὶ
1163 801 1215 836 τῆς
1231 802 1420 837 γενικωτάτης
1434 802 1481 829 καὶ
1499 802 1594 828 πασῶν
1607 801 1662 828 τῶν
1673 801 1762 828 ἄλλων
1780 800 1874 835 μειζο-

1080 856 1125 880 νος
1143 848 1255 883 ἀρετῆς,
1272 850 1321 884 τῆς
1337 849 1378 879 εἰς
1403 848 1450 875 τὸν
1471 847 1539 874 Θεὸν
1567 848 1690 882 ἀγάπης,
1712 848 1795 881 λέγω,
1823 848 1872 874 καὶ

1079 894 1126 921 τοῦ
1157 894 1281 930 πλησίον,
1300 895 1359 929 μετ’
1373 894 1403 921 οὖ
1421 894 1501 926 πολὺ,
1517 894 1612 929 ὥσπερ
1634 894 1666 929 δὴ
1685 895 1731 920 καὶ
1747 894 1810 928 ἔφη,
1825 894 1875 929 τὴν

1084 940 1171 975 ἁγνὴν
1189 940 1299 974 ἐκείνην
1323 940 1371 966 καὶ
1407 940 1484 975 ἱερὰν
1503 939 1592 975 ἀφῆκε
1620 939 1718 974 ψυχὴν,
1747 940 1875 973 ἀγγέλοις

1084 986 1134 1021 μὲν
1156 986 1231 1019 ἄξιος
1259 985 1443 1022 συγχορεντὴς
1473 986 1632 1020 γενόμενος,
1663 986 1693 1012 οὐ
1729 986 1783 1020 μὴν
1811 986 1873 1012 οὐδὲ

1082 1033 1175 1058 τέλεον
1205 1033 1390 1067 ἀφιστάμενος
1414 1033 1468 1059 τῶν
1493 1032 1657 1068 ἀνθρώπων,
1671 1032 1801 1059 ἀλλὰκαὶ
1820 1033 1874 1068 μά-

1083 1078 1161 1105 λιςτα
1175 1077 1223 1104 νῦν
1238 1078 1451 1113 προϊῖτάμενον,
1466 1079 1511 1105 ὅτε
1528 1079 1576 1105 καὶ
1603 1080 1800 1114 πλησιέστερός
1815 1080 1874 1106 ἐστι

1081 1125 1120 1158 τῷ
1135 1124 1206 1158 Θεῷ,
1220 1125 1268 1151 καὶ
1285 1125 1389 1159 μείζονι
1413 1126 1447 1161 τῇ
1468 1126 1538 1160 πρὶς
1559 1125 1642 1152 αὑτὸν
1655 1127 1789 1162 κέχρηται
1805 1128 1876 1163 παρ-

1083 1172 1177 1208 ρησίᾳ.
1193 1172 1284 1198 Πολλὰ
1301 1172 1350 1207 μὲν
1364 1169 1410 1199 οὖν
1427 1172 1474 1198 καὶ
1486 1173 1522 1198 τὰ
1538 1173 1606 1207 μετὰ
1621 1172 1671 1207 τὴν
1686 1172 1814 1208 τελευτὴν
1830 1173 1876 1199 ὑπ’

1081 1219 1190 1244 ἐκείνου
1206 1219 1339 1252 γεγονότα
1355 1227 1385 1245 τε
1407 1219 1454 1245 καὶ
1479 1220 1521 1250 εὶς
1545 1219 1585 1245 ἔτι
1611 1220 1752 1254 γινόμενα.
1778 1219 1875 1254 Ἡμεῖς

1081 1264 1110 1291 δὲ
1131 1264 1176 1291 ἵνα
1196 1265 1266 1300 μήτε
1291 1265 1329 1299 τῷ
1353 1265 1424 1291 τέλει
1442 1265 1489 1292 τοῦ
1517 1266 1576 1301 βίου
1601 1266 1875 1302 συμπεριγρὰψωμεν

1083 1311 1163 1342 εὐθὺς
1177 1312 1225 1337 καὶ
1237 1311 1269 1337 τὰ
1287 1311 1416 1345 θαύματα
1433 1332 1440 1344 ,
1462 1313 1530 1347 μήτε
1556 1313 1638 1339 πάλιν
1660 1313 1708 1339 ἐπὶ
1733 1313 1801 1339 πολὺ
1826 1313 1876 1348 τὴν

1084 1358 1194 1393 γραφὴν
1207 1358 1382 1393 ἐκτεένωμεν,
1402 1359 1489 1395 ὲνδςῆ
1512 1359 1559 1385 δύο
1586 1360 1815 1395 ἐπιμνησθέντες,
1831 1360 1876 1387 τὸν

1084 1403 1163 1437 λόγον
1179 1405 1207 1430 ἐν
1223 1403 1284 1438 Θεῷ
1299 1404 1526 1437 καταπαύσομεν.

1120 1449 1181 1478 AZ’.
1202 1449 1305 1485 Εἴρηκὲ
1318 1459 1361 1481 τις
1373 1450 1427 1476 τῶν
1444 1451 1638 1486 φιλοχρίστων,
1660 1453 1707 1479 καὶ
1723 1454 1874 1486 φιλούντων

1087 1495 1136 1530 μὲν
1149 1495 1290 1531 διαπύρως
1301 1497 1346 1522 τὸν
1358 1496 1445 1530 ἆγιον,
1465 1497 1617 1532 φιλούντων
1633 1499 1660 1526 δὲ
1672 1500 1720 1534 οὐχ
1733 1498 1813 1536 ἦττον
1829 1501 1877 1527 καὶ

1084 1541 1134 1576 τὴν
1155 1541 1296 1577 ἀλήθειαν,
1321 1543 1362 1569 ὅτι
1393 1543 1443 1578 τῆς
1470 1544 1572 1578 ἑορτῆς
1600 1545 1685 1572 αὑτοῦ
1708 1547 1877 1582 τελουμένης

1086 1587 1216 1619 (τελεῖται
1256 1588 1285 1614 δὲ
1317 1588 1473 1624 δωδεκάτην
1507 1590 1553 1616 τοῦ
1582 1592 1753 1627 Δεκεμϐρίου
1789 1593 1876 1628 μηνὸς

1084 1633 1208 1668 ἄγοντος)
1234 1634 1349 1669 προςῄει
1377 1635 1425 1661 καὶ
1453 1632 1532 1666 οὗτος
1560 1636 1600 1671 τῷ
1629 1640 1720 1673 τάφῳ,
1748 1639 1875 1676 καθάπερ

1085 1679 1165 1710 ζῶντι
1179 1680 1284 1714 μέλλων
1298 1683 1468 1716 περιτυχεῖν,
1486 1682 1587 1717 πολλὴν
1599 1683 1652 1709 ἀπὸ
1666 1684 1713 1710 τοῦ
1729 1687 1876 1720 προσώπου

1085 1727 1228 1761 σημαίνων
1245 1727 1295 1762 τὴν
1309 1728 1377 1763 πρὸς
1394 1729 1478 1755 αὐτὸν
1492 1729 1559 1755 αἱδὼ
1574 1731 1620 1755 καὶ
1634 1731 1788 1758 εὐλάϐειαν.
1798 1732 1877 1759 Ἐπεὶ

1083 1772 1111 1798 δὲ
1147 1773 1195 1799 καὶ
1221 1773 1339 1808 πλησίον
1369 1772 1425 1809 ἦν,
1459 1776 1506 1801 καὶ
1535 1776 1700 1810 παραθεῖναι
1728 1778 1777 1810 τὰς
1799 1779 1877 1814 ὄψεις

1084 1818 1193 1852 ἔμελλε,
1212 1819 1365 1854 Τοσαύτης,
1380 1822 1484 1852 ἐκεῖνος
1502 1821 1604 1856 ἔλεγεν,
1625 1824 1777 1858 ἐπισκοπῆς
1799 1824 1877 1856 θείας

1083 1864 1210 1900 ᾐσθόμην
1229 1865 1305 1893 ἔνδον
1317 1867 1532 1902 ἐνεργουμένης,
1547 1870 1594 1895 καὶ
1611 1869 1698 1902 οὕτως
1714 1871 1800 1906 αὐτὴν
1822 1880 1876 1906 μου

1083 1911 1225 1946 διελήλυθε
1241 1912 1292 1948 τὴν
1318 1913 1445 1948 καρδίαν,
1467 1914 1506 1946 ὡς
1527 1915 1666 1950 μετέωρόν
1688 1926 1721 1952 με
1747 1918 1878 1951 γενέσθαι

1081 1956 1119 1990 τῷ
1144 1957 1293 1992 πνεύματι,
1328 1959 1375 1986 καὶ
1403 1961 1474 1995 μόνα
1497 1961 1532 1988 τὰ
1552 1962 1658 1989 ἐκεῖθεν
1691 1965 1875 1997 φαντάζεσθαι

1081 2002 1187 2037 κάλλη,
1220 2004 1414 2039 ἐπιλαθόμενον
1447 2007 1497 2042 μὲν
1525 2008 1579 2034 τῶν
1621 2009 1723 2044 γηΐνων
1753 2011 1876 2045 πάντων,

1079 2048 1280 2084 ἐπιλαθόμενον
1309 2050 1337 2077 δὲ
1365 2051 1413 2077 καὶ
1439 2053 1521 2079 αὑτοῦ
1552 2054 1690 2089 σώματος,
1707 2057 1755 2082 καὶ
1781 2058 1875 2092 σχεδὸν

1080 2094 1188 2128 ἄφωνόν
1213 2104 1243 2122 τε
1270 2097 1317 2122 καὶ
1339 2098 1488 2133 ἄφθογγον,
1513 2100 1550 2130 ὡς
1571 2101 1599 2127 δὲ
1625 2103 1672 2128 καὶ
1690 2103 1782 2130 ἄσιτον
1797 2105 1873 2136 οντα,

1079 2141 1126 2166 καὶ
1141 2142 1210 2176 μήτε
1227 2142 1297 2177 πρός
1313 2151 1374 2169 τινα
1387 2145 1479 2178 φωνὴν
1497 2146 1671 2181 προϊέμενον,
1689 2149 1757 2184 μήτε
1771 2151 1875 2186 τροφὴν

1078 2186 1093 2222 ἢ
1113 2187 1194 2214 πόσιν
1210 2189 1276 2224 παρ’
1288 2189 1354 2224 ὅλην
1369 2191 1477 2225 ἐκείνην
1494 2193 1544 2227 τὴν
1563 2194 1672 2229 ἡμέραν
1689 2198 1874 2230 προσιέμενον

1077 2233 1159 2266 ὅλως,
1184 2234 1225 2260 ὃτι
1246 2236 1283 2270 μὴ
1303 2236 1385 2270 μόνον
1413 2238 1602 2273 μεταλαχόντα
1629 2241 1676 2267 τοῦ
1702 2243 1874 2270 Δεσποτιχοῦ

1078 2281 1125 2305 καὶ
1141 2280 1215 2306 θείου
1237 2281 1366 2317 σώματός
1383 2291 1412 2309 τε
1428 2283 1476 2310 καὶ
1492 2284 1620 2320 αἵματος.
1646 2287 1760 2314 Ἀλλοτε
1778 2291 1874 2323 μέντοι

1079 2327 1126 2352 καὶ
1141 2328 1341 2362 ἐναργέστερον
1361 2329 1437 2364 αὐτῷ
1453 2331 1484 2357 τὸ
1509 2332 1603 2366 θαῦμα
1628 2334 1762 2369 κατέστη.
1786 2337 1835 2362 καὶ
1858 2336 1874 2362 ὁ

1078 2371 1178 2406 τρόπος
1207 2372 1353 2404 διεξελθεῖν
1380 2374 1569 2409 χαριέστατος.
1609 2376 1637 2403 Ὀ
1665 2379 1725 2412 μὲν,
1743 2379 1782 2409 ὡς
1806 2380 1874 2415 ἔφη,

1082 2417 1130 2450 τῆς
1150 2418 1250 2453 ἑορτῆς
1268 2419 1350 2445 αὑτὸν
1366 2420 1443 2451 αὖθις
1459 2422 1692 2458 παρακαλούσης,
1710 2426 1750 2456 εἰς
1771 2426 1873 2461 Τριμι-

1080 2462 1178 2490 θοῦντα
1198 2464 1359 2500 γενόμενος,
1385 2467 1431 2492 καὶ
1457 2467 1507 2502 τὴν
1531 2468 1610 2504 σορὸν
1632 2469 1649 2504 ἢ
1667 2471 1701 2496 τὰ
1715 2471 1764 2497 τοῦ
1791 2473 1873 2506 ἁγίου

1081 2509 1196 2544 λείψανα
1217 2512 1351 2546 περιεῖχε,
1372 2513 1536 2546 προσκυνῶν
1551 2522 1580 2540 τε
1604 2517 1652 2541 καὶ
1667 2516 1871 2551 ἀσπαζόμενος,

1080 2556 1227 2591 ἐπληρώθη
1248 2557 1297 2591 μὲν
1315 2558 1415 2592 ὁμοίως
1432 2559 1481 2595 τὴν
1499 2560 1613 2595 καρδίαν
1631 2564 1731 2596 φωτὸς,
1747 2564 1873 2600 ἐπλήσθη

1079 2603 1107 2628 δὲ
1124 2603 1174 2638 τὴν
1191 2603 1280 2638 ψυχὴν
1296 2604 1404 2639 ἡδονῆς,
1421 2606 1468 2632 καὶ
1483 2605 1528 2634 οἶα
1542 2607 1576 2633 τὰ
1598 2609 1661 2640 τοὺς
1678 2609 1772 2641 ἁγίους
1796 2619 1873 2646 περι-

1082 2649 1201 2684 μένοντα
1214 2650 1306 2684 ἀγαθὰ
1322 2651 1367 2678 διὰ
1380 2651 1435 2678 τῶν
1450 2655 1594 2688 παρόντων
1611 2655 1648 2686 ὡς
1660 2656 1721 2682 ἐνὸν
1739 2658 1871 2692 ἐτεκμαί-

1081 2704 1164 2731 ρετο·
1182 2696 1281 2724 ἔπειτα
1308 2699 1356 2724 καὶ
1382 2699 1424 2731 εἰς
1446 2700 1496 2735 τὴν
1518 2703 1675 2737 πανήγυριν
1693 2703 1748 2738 ᾔει,
1765 2703 1871 2730 ἔπιπλα

1079 2742 1110 2777 δή
1123 2751 1184 2770 τινα
1196 2743 1354 2778 ὠνήσασθαι
1371 2747 1419 2773 καὶ
1435 2746 1592 2785 ἐσθήματα¹
1608 2749 1706 2784 πένησι
1723 2750 1772 2777 καὶ
1798 2751 1870 2776 ἀπό-

1080 2798 1138 2826 ροις
1168 2789 1329 2826 περισολὴν,
1355 2793 1403 2820 ἅτε
1429 2793 1462 2828 δὴ
1490 2794 1539 2821 καὶ
1560 2796 1608 2830 τῆς
1625 2794 1700 2830 ὥρας
1722 2797 1763 2827 εις
1791 2796 1870 2823 τοῦτο

1080 2837 1230 2872 καλούσης,
1249 2837 1336 2872 ψῦχος
1350 2839 1405 2874 γὰρ
1420 2837 1465 2874 ἦν.
1490 2841 1567 2867 Ἐπεὶ
1588 2839 1636 2868 οὖν
1656 2843 1868 2876 ὲνεσκευάσατο,

1079 2883 1127 2909 καὶ
1145 2884 1199 2910 East
1215 2886 1313 2920 φοιτᾷν
1335 2885 1429 2913 οἴκαδε
1447 2887 1543 2922 χρείας
1565 2887 1743 2924 ἐπειγούσης,
1756 2889 1870 2924 συνδρο-

1081 2930 1119 2966 μὴ
1133 2931 1192 2966 μὲν,
1210 2928 1255 2958 ι-ἷα
1271 2931 1419 2966 χειμῶνος,
1437 2933 1525 2969 νεφῶν
1548 2931 1592 2969 ἦν,
1612 2933 1719 2969 ὄμϐρου
1734 2934 1762 2961 δὲ
1783 2943 1870 2961 κατα-
